3934 6420
552 391 693 449 1015

1093 390 1436 450 HUCBALDI
1476 393 1639 451 MON.
1682 391 1740 450 S.
1779 388 2043 448 AMANDI
2078 385 2226 443 OPP.
2264 385 2444 443 PARS
2481 385 2543 444 Ii.
2582 419 2654 431 -—~
2690 391 3189 454 MISCELLANEA.

3634 401 3725 457 1016

550 507 734 572 tritus,
759 507 825 562 ad
849 507 1077 564 XLVIII.
1097 510 1414 581 subduplus,
1441 511 1509 567 ad
1529 510 1742 566 XXXII.
1767 507 2143 579 subepitritus,
2173 508 2222 570 Α
2252 509 2519 565 intervalli
2549 510 2886 567 dimensione
2912 511 3178 567 discedit:
3212 510 3574 567 velutiXXiiii.
3596 528 3725 573 contra

554 600 623 656 ad
652 597 892 657 XXXVI.
933 601 1360 674 subsescupiaris
1392 620 1405 656 :
1449 604 1525 658 ita
1569 601 1793 672 quilibet
1830 601 2139 672 phthongus

553 692 623 749 ad
651 692 815 747 alium
841 694 1057 764 quidem
1084 694 1343 766 diapason
1371 703 1552 761 sonat,
1584 694 1652 750 ad
1687 693 1851 747 alium
1884 693 2139 761 diapason

555 790 611 838 et
630 783 902 853 diapente,
926 784 995 839 ad
1015 783 1181 838 alium
1205 783 1653 854 disdiapason,ad
1677 782 1841 836 alium
1867 781 2138 850 diapente,

559 876 628 931 ad
675 876 838 931 alium
881 876 1250 945 diatessaron,
1301 880 1369 935 ad
1418 880 1583 936 alium
1635 879 2024 950 subdiapason,
2074 876 2144 933 ad

557 964 723 1019 alium
768 966 1229 1035 subdiatessarou,
1261 969 1327 1024 ad
1375 969 1539 1025 alium
1587 970 1972 1039 subdi‘apente;
2001 967 2145 1037 quod

556 1042 866 1119 non‘iieret,
897 1056 1002 1112 nisi
1028 1058 1095 1112 ad
1126 1060 1393 1115 rationem
1434 1059 1750 1130 multiplicis
1783 1067 1836 1114 et
1861 1072 2149 1129 superpar-

558 1144 805 1202 ticuiaris
854 1148 1187 1205 italiitudinis
1236 1165 1333 1206 sua
1383 1159 1569 1207 essent
1617 1150 2148 1207 commensnralitate

559 1239 792 1309 cognati,
820 1242 962 1296 unde
987 1243 1212 1308 seiatur,
1241 1244 1537 1299 secundum
1561 1259 1723 1315 quam
1745 1245 2148 1316 proportionem

558 1327 814 1398 quaelibet
839 1328 1106 1386 formetur
1134 1333 1479 1403 symphonia.

631 1417 703 1471 D.
734 1417 870 1474 Cum
900 1421 1034 1477 satis
1061 1431 1422 1479 monstratum
1469 1424 1575 1493 sit,
1621 1424 1766 1494 quod
1804 1438 2152 1480 commensu-

561 1508 795 1565 ralitatis
843 1512 985 1567 ratio
1034 1514 1271 1570 musicas
1319 1531 1482 1572 voces
1531 1516 1833 1571 adinvicem
1884 1516 2151 1581 associet,

468 1676 473 1679 _
563 1602 705 1657 unde
733 1612 911 1659 tamen
938 1605 1069 1661 sciri
1092 1607 1256 1674 valet,
1280 1610 1374 1664 cui
1393 1598 1728 1679 proportioni
1757 1623 1985 1680 quaeque
2010 1623 2158 1679 sym-

562 1696 763 1765 phonia
805 1697 1103 1768 deputanda
1155 1701 1268 1756 sit?
1315 1701 1392 1756 Ex
1440 1717 1551 1772 quo
1594 1704 1737 1757 enim
1782 1700 2152 1771 cognoscitur,

564 1787 821 1858 diapason
851 1789 1023 1859 duplae
1050 1791 1357 1847 iiabitudini
1397 1792 1726 1863 deputanda,
1764 1791 2014 1861 diapente
2039 1805 2155 1846 ses-

562 1893 767 1949 cnptae,
812 1880 1149 1937 diatessaron
1198 1860 1481 1952 epitrita;,
1502 1882 1757 1953 diapente
1789 1860 1868 1939 ac,
1897 1881 2155 1951 diapason
2186 1860 2231 1920 Β
2261 1878 2536 1945 habuerit,
2566 1877 2816 1947 diapente
2845 1877 2905 1932 Iit
2925 1876 3301 1933 consonantia.
3334 1874 3391 1931 Si
3428 1874 3566 1930 tertia
3593 1873 3739 1928 minoris

528 1986 529 1989 η
566 1970 758 2048 tripla},
792 1972 1133 2044 disdiapason
1159 1976 1517 2046 quadrupite?

638 2060 717 2115 Μ.
744 2061 839 2116 Est
866 2063 1039 2132 prima
1080 2064 1241 2135 hujus
1282 2065 1362 2120 rei
1405 2065 1686 2136 probatio,
1732 2065 1876 2135 quod
1903 2064 2164 2136 quemad-

566 2151 787 2207 modum
813 2167 1029 2224 semper
1058 2169 1223 2208 unum
1252 2153 1470 2224 duplum
1499 2153 1857 2226 sesquialtero
1876 2161 1931 2209 et
1955 2153 2162 2222 sesqui-

560 2241 698 2297 trito
728 2242 1051 2309 completur,
1081 2252 1140 2298 ut
1166 2243 1327 2297 modo
1352 2243 1557 2298 dictum
1599 2251 1681 2298 est
1701 2285 1716 2308 ,
1753 2242 1828 2298 ita
1858 2256 2023 2297 unum
2048 2241 2164 2295 dia-

562 2347 758 2404 pason,
807 2336 951 2405 quod
995 2344 1120 2391 octo
1164 2336 1387 2392 voculas
1433 2337 1705 2400 continet,
1759 2335 1879 2391 duae
1924 2335 2164 2390 minores

565 2426 920 2496 symphonia,
953 2427 1005 2481 id
1031 2435 1134 2492 est,
1174 2427 1426 2498 diapente
1454 2436 1618 2497 atque
1656 2426 1989 2482 diatessaron
2016 2439 2166 2479 com—

572 2514 741 2586 plent.
773 2514 900 2571 Sive
930 2517 1074 2572 enim
1114 2532 1144 2571 a
1176 2519 1449 2589 graviore,
1480 2518 1598 2573 sive
1622 2519 1690 2571 ab
1720 2517 1959 2573 acutiore
1985 2524 2165 2586 parte,

570 2605 656 2660 vei
708 2615 958 2678 quartam
1004 2606 1251 2662 voculam
1304 2608 1581 2674 metiaris,
1622 2622 1653 2662 a
1683 2596 1876 2678 quarta
1920 2606 2166 2661 metiaris

571 2699 851 2768 quintam,
884 2698 977 2754 vel
1011 2700 1197 2768 quinta
1237 2701 1490 2755 metiatur
1524 2715 1645 2755 cum
1675 2709 1893 2771 quarta,
1922 2699 1998 2754 ita
2020 2713 2165 2755 com-

570 2786 756 2856 pletur
778 2802 993 2858 semper
1020 2789 1229 2846 duabus
1258 2790 1592 2862 symplioniis
1621 2805 1753 2844 una.

825 2879 1273 2957 Sesquiaiterum.
1497 2879 1937 2952 Sesquitertium.

763 2952 2094 3047 ‘1t-.Pt.[’s./t.f’_t.Jt.Js.5t.

825 3064 1264 3139 Sesquiterq'um.
1480 3065 1929 3135 Sesquialterum.

644 3155 800 3223 Quod
825 3171 929 3211 non
946 3157 1119 3222 ﬁeret,
1147 3159 1189 3213 si
1205 3167 1390 3214 essent
1412 3158 1496 3213 vel
1520 3159 1639 3214 alia:
1667 3174 1789 3229 quae
1812 3157 2164 3229 complerent,

572 3248 661 3330 vel
690 3247 808 3303 alia:
834 3264 957 3319 quae
987 3251 1408 3320 complerentur.
1449 3251 1525 3307 De
1554 3252 1641 3307 bis
1674 3266 1888 3322 quoque
1917 3251 2163 3317 Boetius,

575 3341 730 3396 inter
759 3357 984 3408 omnes,
1035 3342 1238 3414 inquit,
1272 3359 1409 3414 quas
1437 3344 1742 3410 retulimus,
1789 3343 2173 3400 consonantias

575 3419 885 3487 habendum
909 3432 1172 3502 judicium
1204 3445 1285 3489 cst
1308 3476 1324 3500 ,
1371 3445 1429 3490 et
1470 3435 1523 3490 in
1567 3451 1717 3501 aure,
1758 3444 1814 3491 et
1847 3436 1900 3490 in
1930 3435 2171 3501 ratione,

577 3536 747 3590 quam
780 3523 971 3578 harum
1002 3525 1281 3580 meliorem
1318 3535 1571 3598 oporteat
1600 3526 1876 3582 arbitrari.
1908 3526 1987 3581 Eo
2024 3540 2175 3580 nam‘

578 3627 695 3683 que
716 3615 875 3671 modo
900 3617 1050 3672 auris
1078 3616 1309 3672 aiiicitur
1351 3619 1532 3695 sonis,
1582 3618 1666 3674 vel
1709 3618 1897 3674 oculus
1924 3625 2172 3689 aspectu,

582 3722 692 3777 quo
722 3708 887 3762 animi
907 3708 1171 3778 judicium
1199 3727 1445 3777 numero,
1470 3712 1554 3768 vel
1576 3712 1830 3767 continua
1853 3711 2174 3782 quantitate.

580 3799 867 3868 Proposito
897 3801 1043 3856 enim
1085 3818 1310 3859 numero
1340 3804 1421 3858 vel
1461 3804 1622 3868 linea,
1659 3804 1797 3859 nihil
1820 3814 1903 3859 est
1933 3803 2175 3868 facilius,

579 3904 748 3958 quam
795 3889 912 3960 ejus
956 3891 1175 3962 duplum
1222 3894 1378 3949 oculo
1406 3895 1497 3949 vel
1526 3896 1710 3950 animo
1745 3894 1982 3949 intueri:
2013 3893 2178 3949 veluti

579 3978 696 4037 ΧΗ.
727 3990 917 4037 contra
943 3981 1030 4038 Vi.
1064 3984 1197 4039 item
1221 3995 1344 4055 post
1363 3985 1506 4057 dupli
1530 3986 1790 4057 judicium
1823 3986 2071 4056 sequitur
2093 3984 2174 4041 di-

584 4075 757 4142 midii,
790 4087 909 4146 post
939 4078 1219 4135 dimidium
1248 4080 1411 4152 tripli,
1450 4071 1573 4150 post
1599 4081 1816 4153 triplnm
1859 4080 2030 4151 partis
2068 4089 2178 4134 ter-

581 4169 705 4234 tia};
731 4179 896 4239 atque
927 4170 1049 4226 ideo
1071 4172 1324 4244 quoniam
1354 4173 1563 4228 facilior
1586 4183 1670 4229 est
1690 4172 1833 4244 dupli
1864 4172 2177 4242 descriptio.

582 4260 661 4314 illi
690 4264 1064 4319 consonantia:
1094 4265 1289 4320 merito
1321 4266 1641 4336 deputatur,
1680 4282 1801 4335 qum
1829 4265 2040 4321 facilior
2065 4272 2177 4329 est,

583 4369 858 4424 quamque
887 4370 1078 4413 sensus
1100 4356 1338 4426 apertior
1362 4357 1796 4428 comprehendit.
1839 4356 1912 4411 Ea
1943 4372 2072 4427 ergo
2096 4365 2180 4411 est

486 4448 493 4453 ‘
582 4447 784 4516 prima,
824 4450 1113 4520 suavisque
1160 4450 1547 4517 consonantia,
1597 4465 1716 4521 qum
1755 4458 1944 4506 octava
1991 4451 2052 4506 iit
2094 4463 2181 4503 re-

2245 602 2331 657 Ἦ.
2358 602 2436 659 Ac
2465 611 2574 657 stat
2609 602 2863 671 deinceps
2885 603 3353 659 concinentiamm
3375 602 3563 667 modos,
3581 606 3650 673 qui
3668 624 3729 661 ne-

2242 710 2348 764 que
2388 694 2530 749 ultra
2575 694 2931 766 quadruplum
2973 695 3147 764 possit
3183 694 3431 760 extendi,
3465 710 3617 765 neque
3637 697 3726 753 inira

2243 795 2451 857 partem
2486 787 2701 842 tertiam
2728 788 3014 843 coarctari.
3043 786 3240 857 Sicque
3265 786 3405 842 hunc
3428 787 3731 843 ordiuemcoa-

2246 880 2506 934 sonantia:
2536 889 2904 950 sumpserunt,
2933 893 3095 950 quem
3137 879 3269 933 dant
3304 878 3357 932 in
3385 878 3593 932 numeris
3612 878 3731 932 multi-

2244 972 2457 1042 plicatis
2484 981 2794 1044 augmenta,
2836 980 2891 1028 et
2915 988 2947 1028 e
2972 973 3189 1043 regione
3230 971 3733 1042 superparticuiaiitatis

2248 1063 2600 1117 detrimenta.
2634 1063 2805 1117 Datur
2840 1078 3057 1133 quoque
3083 1072 3138 1119 et
3164 1062 3311 1116 aliud
3341 1062 3531 1117 idonea:
3544 1060 3735 1131 probatio-

2248 1151 2332 1206 nis
2360 1159 2757 1222 argumentum,
2788 1153 2931 1222 quod
2961 1168 3064 1209 non
3096 1153 3283 1208 auditu
3313 1152 3485 1217 modo,
3508 1152 3647 1207 sedet
3662 1154 3734 1208 visa

2249 1243 2409 1299 fidem
2432 1244 2703 1315 praedictae
2729 1255 2939 1301 astruat
2979 1245 3194 1300 rationi.

2319 1333 2575 1390 Fidicuiae
2601 1335 2717 1390 sive
2749 1334 2962 1401 (ιειυιαξ,
2988 1335 3033 1391 si
3064 1334 3287 1406 aequalis
3310 1333 3643 1405 grossitudinis
3664 1334 3735 1390 iue-

2249 1425 2382 1491 rint,
2407 1433 2463 1479 et
2490 1424 2664 1496 major
2688 1426 2953 1482 minorem
2981 1426 3035 1481 in
3056 1441 3155 1481 sua
3174 1425 3500 1495 longitudine
3519 1424 3589 1480 bis
3602 1424 3735 1481 babae

2254 1517 2344 1580 rit,
2377 1517 2634 1587 diapason
2656 1559 2671 1582 ,
2697 1524 2759 1571 ut
2784 1532 2946 1588 supra
2974 1518 3177 1573 dictum
3216 1526 3331 1581 est,
3359 1516 3423 1571 ad
3452 1517 3642 1571 invicem
3662 1533 3737 1571 con-

2254 1608 2523 1663 sonabunt
2548 1626 2562 1663 :
2600 1607 2651 1663 si
2675 1614 2759 1662 ter
2784 1607 3054 1673 habuerit,
3080 1607 3343 1677 diapason
3381 1615 3433 1662 et
3468 1606 3667 1676 diapente
3690 1620 3738 1659 rc-

2257 1697 2557 1768 spondent:
2582 1698 2624 1753 si
2656 1706 2851 1769 quater
2874 1696 3148 1761 habuerit,
3172 1695 3738 1766 disdiapasonconsom

2260 1788 2391 1842 tiam
2419 1786 2641 1843 facient.
2678 1786 2736 1842 Si
2774 1785 2948 1856 major
2979 1787 3202 1844 dimidia
3250 1784 3471 1841 minoris
3497 1792 3624 1852 parte
3643 1799 3741 1852 sape

2260 1979 2412 2038 parte
2439 1968 2812 2038 praeceiiuerit,
2848 1969 3189 2025 diatessaron
3215 1968 3344 2023 erit.
3370 1966 3426 2022 Si
3453 1975 3614 2021 octava
3634 1964 3744 2018 mino-

2262 2061 2337 2116 ris
2367 2068 2521 2130 parte
2553 2061 2979 2132 supergreditur,
3017 2069 3164 2114 tomo
3193 2046 3532 2115 concordant.

2331 2150 2400 2206 D.
2451 2152 2630 2219 Quare
2678 2166 2785 2207 non
2831 2150 3015 2221 plures
3062 2150 3480 2220 multiplicitatis
3518 2149 3677 2220 species
3703 2145 3743 2199 ad

2262 2243 2526 2299 musicam
2558 2243 2888 2314 pertineant,
2925 2259 3108 2314 quam.
3129 2242 3289 2299 tres:
3327 2257 3429 2298 non
3454 2240 3609 2312 plures
3626 2254 3741 2310 super-

2261 2335 2735 2406 particularitatis,
2763 2349 2925 2404 quam
2953 2343 3097 2402 tres,
3133 2342 3291 2404 patet
3324 2332 3432 2403 jam
3468 2332 3601 2388 uberi
3631 2346 3740 2385 asset-

2265 2426 2410 2481 tione
2437 2426 2763 2497 probatum:
2798 2440 2906 2481 non
2950 2424 3211 2481 solumut
3238 2440 3306 2480 ex
3338 2419 3740 2480 connumeratisrei

2265 2519 2719 2575 commensuratis
2749 2519 2991 2575 numeris
3020 2519 3231 2575 musica
3262 2518 3526 2590 gignatur:
3551 2516 3624 2571 sed
3644 2515 3744 2569 etiam

2265 2610 2461 2680 quibus
2489 2624 2716 2679 quicque
2739 2609 3077 2681 symphonia:
3113 2615 3601 2665 connumeratorum
3622 2618 3739 2659 nume-

2263 2717 2451 2757 rorum
2482 2701 2765 2771 speciebus
2794 2700 3098 2769 adjaeeant.
3123 2700 3324 2756 Mirum
3351 2713 3492 2765 vero,
3516 2697 3619 2769 quid
3632 2709 3739 2751 causa

2266 2791 2357 2856 sit,
2385 2790 2528 2861 quod
2560 2806 2664 2845 non
2695 2790 2796 2845 nisi
2834 2799 2947 2846 tres
2977 2790 3412 2860 multiplicitatis,
3454 2803 3543 2843 nec
3577 2785 3654 2841 nisi
3679 2794 3739 2838 tres

2267 2881 2691 2951 superparticula
2702 2882 2878 2936 ritatis
2900 2881 3085 2936 ﬁrmae
3099 2882 3167 2937 ad
3194 2883 3451 2936 musicam
3471 2878 3738 2935 admittantur,

2268 2964 2361 3031 Sed
2408 2973 2521 3030 soia
2555 2974 2715 3045 dupla
2735 3015 2749 3040 ,
2785 2975 2942 3045 tripla
2962 3016 2977 3041 ,
3008 2984 3063 3029 et
3090 2974 3391 3045 quadrupia
3421 2970 3657 3033 habitudo,
3677 2964 3743 3021 salt

2270 3067 2626 3137 sesquialtera
2657 3076 2712 3123 et
2734 3068 3076 3138 sesquitertia
3102 3083 3230 3123 cum
3261 3067 3600 3138 sesquioctava
3623 3076 3739 3118 conss

2272 3161 2490 3214 nantias
2513 3159 2856 3215 modulentur
2878 3159 2904 3213 ?

2345 3252 2423 3307 Μ.
2457 3252 2581 3308 ideo
2607 3251 2749 3307 ultra
2781 3252 3158 3324 disdiapason,
3207 3255 3265 3311 id
3291 3263 3403 3321 est,
3436 3253 3560 3308 ultra
3589 3249 3739 3320 quadra.

2270 3345 2420 3413 plum
2460 3360 2567 3400 non
2598 3345 2941 3412 extenditur,
2972 3348 3098 3417 quia
3138 3349 3289 3403 hunc
3320 3347 3521 3403 modum
3553 3343 3663 3400 sonis
3687 3355 3739 3394 ων

2274 3445 2394 3490 tura
2427 3435 2651 3491 tribuit:
2686 3445 2747 3489 ut
2770 3437 2821 3490 si'
2845 3453 2941 3506 per
2966 3437 3173 3507 singula
3206 3438 3547 3508 septenarium
3569 3435 3611 3489 in
3633 3433 3739 3500 diapa

2275 3545 2372 3584 son
2416 3532 2609 3585 vocum
2660 3529 2970 3585 discrimina
3014 3531 3245 3600 singula:
3284 3531 3592 3601 disdiapason
3624 3537 3740 3580 conso-

2277 3620 2475 3674 nantiae
2501 3619 2875 3690 disponantur,
2903 3620 3014 3687 jam
3048 3621 3188 3675 ultra
3229 3622 3468 3695 progredi
3499 3618 3635 3688 dupla
3656 3629 3741 3683 synt-

2276 3710 2487 3779 pltonim
2514 3725 2620 3766 non
2649 3711 2877 3781 possint.
2908 3709 3037 3766 ideo
3061 3726 3191 3767 vero
3224 3712 3363 3767 intra
3385 3719 3567 3781 partem
3588 3704 3738 3760 tertiam.

2277 3801 2381 3856 hoc
2409 3809 2510 3867 est,
2546 3800 2686 3856 infra
2729 3801 3007 3872 epitritum
3045 3802 3450 3857 intervalla‘non
3473 3801 3740 3856 coarctantor.

2278 3893 2541 3962 quoniam
2579 3908 2703 3948 cum
2732 3895 2917 3949 minor
2944 3895 3017 3949 sit
3050 3879 3187 3964 pars
3210 3888 3366 3951 tertia
3403 3908 3544 3965 quam
3577 3883 3739 3943 dimidia.

2280 3990 2473 4053 quarta
2492 3997 2655 4054 quam
2679 3985 2858 4049 tertia,
2887 3985 3077 4055 quinta
3101 3999 3265 4055 quam
3289 3984 3485 4056 quarta,
3508 3987 3627 4035 sexta
3642 3983 3739 4044 (1⁸³⁸³

2280 4074 2499 4144 quinta,
2533 4081 2587 4130 et
2617 4074 2909 4146 deinceps;
2959 4090 3191 4146 eumque
3232 4073 3626 4146 sesquialterum,
3657 4059 3739 4132 quod

2282 4165 2586 4221 medietatis
2630 4174 2713 4221 est
2757 4165 3124 4232 intervallum,
3174 4177 3288 4223 tres
3319 4177 3462 4221 tonos
3501 4159 3641 4229 capiat
3668 4163 3737 4206 cun
3828 4154 3829 4232 ᾗ

2282 4258 2589 4326 εθιηίιοηῐο,
2627 4258 2907 4329 epitritum
2930 4272 3082 4324 vero,
3108 4259 3262 4328 quod
3281 4257 3440 4328 partis
3467 4252 3609 4309 tertize
3636 4247 3737 4300 intcr-
3828 4256 3829 4291 γ

2283 4349 2479 4403 vallum
2511 4356 2613 4414 cst,
2636 4348 2772 4403 duos
2795 4358 2952 4404 tonos
2979 4365 3100 4404 cum
3127 4349 3408 4405 semitonio
3426 4345 3596 4416 capiat;
3614 4333 3736 4393 evenit.
3828 4374 3829 4379 η

2282 4452 2339 4496 ιιι
2366 4441 2575 4495 minora
2605 4439 2859 4511 deinceps
2903 4439 3181 4494 intervalla
3225 4456 3319 4494 nec
3355 4438 3554 4492 duomm
3578 4436 3735 4484 tonorum

584 4545 766 4610 gione,
794 4549 848 4595 et
869 4542 1128 4611 diapason
1158 4541 1358 4598 dicitur
1382 4562 1401 4597 :7
1434 4553 1558 4614 post
1587 4544 1804 4614 duplum
1837 4544 2053 4617 inquam
2084 4557 2178 4597 ειε-
2206 4569 2256 4629 D
2284 4549 2348 4588 ac
2373 4530 2641 4587 semilonii
2681 4530 2890 4600 possint
2932 4545 3053 4585 esse
3086 4531 3336 4601 capacia.
3378 4537 3588 4629 necflf"

587 4635 715 4689 stat,
752 4630 894 4698 quod
931 4630 1101 4685 vincit
1128 4633 1423 4689 medietate
1450 4634 1729 4703 subdupli,
1772 4633 1825 4687 id
1851 4642 1965 4699 est,
1997 4648 2180 4689 sescu-

585 4720 768 4790 plum;
802 4720 965 4776 veluti
998 4722 1157 4779 Villi.
1186 4734 1373 4780 contra
1402 4725 1491 4782 Vi.
1521 4737 1577 4780 et
1598 4726 1750 4791 illud,
1776 4726 1918 4796 quod
1944 4727 2065 4781 bina
2093 4742 2181 4782 su-

583 4822 741 4882 perat
766 4812 1094 4882 quantitate,
1123 4814 1226 4869 hoc
1259 4825 1364 4882 est,
1389 4815 1630 4885 tripium,
1656 4816 1817 4869 veluti
1843 4815 2025 4871 XVIII.
2052 4833 2180 4887 con-

588 4916 671 4959 tra
705 4903 789 4958 Π.
815 4904 956 4976 Ergo
979 4920 1099 4961 cum
1124 4906 1207 4961 ita:
1234 4906 1352 4961 duae
1375 4907 1752 4980 proportiones
1774 4909 2034 4975 proximae
2061 4918 2182 4979 post

592 4996 837 5067 duplum,
866 4997 1140 5052 contraria
1172 4997 1300 5053 licet
1338 4998 1602 5054 divisione
1622 5036 1636 5063 ,
1667 5007 1989 5070 sequantur,
2034 5006 2181 5053 recte

588 5084 700 5142 illis
749 5087 1085 5159 symphonia:
1130 5086 1509 5154 ascribuntur,
1552 5102 1687 5158 quas
1733 5102 1865 5143 aure
1916 5088 2180 5144 sentimus

587 5186 713 5250 post
742 5179 999 5248 diapason
1031 5194 1151 5235 esse
1179 5180 1467 5245 secundas,
1498 5179 1550 5235 id
1574 5187 1676 5244 est,
1708 5180 1987 5253 diapente,
2024 5181 2179 5238 item-

589 5284 695 5338 que
721 5269 978 5339 diapason
1007 5280 1062 5325 et
1091 5271 1360 5342 diapente.
1394 5272 1533 5326 Dum
1563 5271 1842 5327 minimum
1883 5289 2012 5328 vero
2053 5288 2181 5328 eon-

591 5372 851 5414 sonantes
875 5360 984 5416 sint
1009 5361 1148 5428 soni,
1174 5361 1302 5431 quia
1330 5360 1666 5416 diatessaron
1702 5362 1937 5435 Spatium
1963 5369 2177 5429 tenent,

593 5453 644 5507 ei
692 5454 1029 5523 proportioni
1071 5455 1212 5511 itane
1244 5456 1345 5510 rite
1383 5454 1782 5512 concinentiam
1819 5455 2047 5520 damus,
2090 5454 2182 5509 ubi

590 5544 769 5614 major
798 5560 1058 5601 numerus
1088 5547 1248 5602 tertia
1273 5547 1498 5604 minoris
1516 5553 1669 5616 parte
1689 5545 2040 5610 transcendit,
2065 5560 2186 5615 quae

595 5646 677 5691 est
705 5637 955 5709 epitrita;
983 5639 1149 5694 veluti
1177 5641 1307 5697 Vili.
1332 5649 1522 5696 contra
1540 5639 1624 5694 Vi.
1651 5639 1789 5709 Quia
1811 5638 2044 5694 maxime
2057 5653 2185 5694 vero

596 5728 799 5782 distant
828 5728 969 5796 soni,
997 5731 1090 5800 qui
1117 5731 1457 5803 disdiapason
1480 5731 1879 5787 concinentiam
1905 5738 2180 5795 resonant,

596 5819 643 5871 ci
692 5820 885 5878 merito
931 5822 1264 5893 proportioni
1314 5825 1675 5896 assignamus,
1724 5838 1845 5895 quae
1886 5821 2182 5895 quadrupla

2286 4623 2426 4678 tonis
2455 4622 2572 4677 sive
2620 4635 2728 4674 uno
2773 4635 2837 4674 ac
2863 4620 3085 4674 dimidio
3115 4611 3592 4674 commensurabiiia.
3621 4600 3735 4657 Solum

2284 4714 2724 4785 sesquioctavum
2777 4710 3152 4776 intervallum,
3204 4711 3324 4780 quia
3374 4715 3534 4761 ιοηιιηι
3571 4692 3734 4752 metitur,

2283 4805 2607 4862 admittitur.
3690 4868 3698 4877 ἢ

2357 4898 2423 4953 ι).
2454 4898 2633 4964 Quare
2673 4904 2782 4951 tota
2819 4909 3073 4951 mensura
3106 4894 3159 4949 in
3186 4895 3324 4949 hanc
3357 4888 3505 4947 solam
3532 4879 3734 4955 ριόΡ⁰η¹⁰“

2285 5005 2405 5044 nem
2436 4988 2626 5043 cadit?

2360 5079 2437 5134 Μ.
2470 5078 2605 5146 Quia
2638 5079 2753 5133 inec
2781 5078 3060 5148 proportio
3096 5076 3261 5131 solius
3297 5060 3582 5141 scsquiaiteri
3604 5068 3648 5110 ac
3664 5061 3731 5104 ξεί·

2283 5171 2524 5242 quitertii
2550 5171 2956 5240 comparatione
2980 5178 3310 5239 procreatur.

2352 5265 2422 5320 Β·
2452 5264 2734 5333 Ωυοηῖοάο
2779 5270 2843 5319 ex
2895 5262 3222 5334 comparatis
3264 5244 3727 5328 sesquialterisacst‘r

2282 5360 2552 5431 quitertiis
2577 5358 2864 5414 nascitur?

2361 5452 2438 5507 Ill.
2468 5451 2659 5506 Nonne
2702 5451 2859 5506 facile
2910 5450 3258 5519 intelligitur,
3302 5454 3356 5500 ut
3401 5442 3603 5496 numerus

2289 5544 2457 5615 gratia
2491 5544 2739 5601 senarius
2774 5543 2854 5597 sui
2898 5542 3185 5597 medietate
3211 5542 3261 5595 iu
3303 5546 3438 5593 suum
3472 5516 3721 5615 cnsui“:

2289 5636 2635 5706 (ἰυῖδιιθΐυῐη,
2670 5634 2721 5689 id
2746 5645 2847 5697 est,
2876 5630 3270 5689 novenarium?
3305 5626 3379 5684 sui
3412 5602 3719 5737 parte-terga;

2885 5727 2897 5737 ⁸
2962 5728 2972 5737 ·
3150 5727 3162 5737 ι
3187 5726 3199 5737 ·
3290 5732 3300 5737 -
3359 5712 3630 5737 —----n-an

2289 5747 2445 5786 suum
2477 5738 2791 5786 concrescat
2815 5727 3116 5799 epi‘tritum,
3149 5726 3200 5781 id
3230 5732 3325 5787 est,
3352 5712 3698 5799 οειοηθΐίυωῖ

2291 5821 2617 5879 novenarius
2642 5822 2779 5878 sicut
2810 5789 3137 5891 sesquialter
3175 5826 3252 5875 est
3287 5806 3489 5871 senario.
3515 5789 3716 5851 mima"

3635 5409 3724 5472 veriti
