3934 6456
197 418 368 476 ’1017

1495 413 1751 471 MUSICA
1790 413 2238 472 ENCHIRIADIS.

3349 415 3490 470 IOI8

205 547 454 592 octavus
481 545 566 590 est
602 535 836 604 epitrito.
869 533 997 588 Item
1024 531 1388 587 duodenarius
1415 532 1496 585 sui
1527 533 1816 587 medietate
1844 536 1891 596 Α
1923 540 2025 597 ιιιε,
2059 533 2119 587 ﬁt
2149 534 2213 586 ad
2241 532 2447 588 XXIIII.
2479 531 2720 602 scscupla
2766 533 2972 587 ratione
3004 539 3488 588 commensuratus.

205 643 388 682 suum
433 621 654 680 metitur
679 623 1128 692 sesquialterum,
1158 622 1250 690 qui
1289 630 1371 676 est
1401 629 1624 674 octavus
1664 621 1810 675 deci-

205 734 391 782 mus;
433 717 514 771 sui
547 716 704 770 tertia
735 722 890 784 parte
933 727 1090 766 suum
1120 711 1342 764 metitur
1381 710 1654 778 epitritum
1677 750 1691 776 ,
1721 711 1814 779 qui

209 819 314 868 est
332 819 516 865 sex-tus
541 808 799 863 decimus.
819 804 922 860 Sed
940 801 1122 858 XVIII.
1145 817 1402 856 numerus
1426 801 1566 854 sicut
1594 801 1658 854 ad
1683 801 1815 855 duo-

214 903 498 958 decimum
546 898 866 968 sesquialter
906 906 1023 962 est,
1071 899 1150 952 sic
1189 895 1255 950 ad
1296 894 1570 964 epitritum
1609 892 1816 961 sesqui—

215 1003 460 1048 octavus
487 989 736 1045 efﬁcitur.

303 1083 668 1152 Illnwﬂmo.

306 1173 384 1226 M.
415 1172 752 1241 Quapmpter
778 1161 936 1224 simul
973 1167 1238 1238 intellige,
1278 1167 1417 1236 quod
1451 1167 1591 1220 inter
1624 1179 1814 1218 sonum

219 1269 286 1316 et
321 1275 512 1316 sonum
543 1275 640 1313 nec
673 1259 848 1312 minus
883 1273 982 1312 nec
1021 1257 1195 1327 majus
1237 1257 1348 1310 toni
1397 1255 1588 1325 integri
1621 1253 1820 1322 poterit

221 1368 354 1408 esse
383 1349 738 1414 intervallum,
769 1365 926 1419 quam
954 1350 1096 1418 quod
1143 1347 1306 1403 semel
1344 1345 1520 1400 fuerat
1551 1343 1816 1412 sesquial—

221 1442 338 1496 tcri
391 1456 455 1496 ac
505 1439 837 1508 sesquitertii
891 1437 1196 1492 diﬁ’erentia
1239 1449 1604 1506 permensum.
1657 1432 1820 1501 Igitur

225 1533 366 1589 solis
403 1531 792 1600 sesquioctavis
843 1528 1154 1583 intervallis
1181 1543 1304 1582 cum
1353 1524 1726 1596 sesquialteris
1755 1538 1818 1577 ac

225 1621 596 1690 sesquitertiis
629 1619 1141 1696 commensuralitas
1181 1625 1302 1670 est:
1341 1631 1568 1686 quorum
1616 1613 1820 1694 scilicet

227 1714 519 1780 intervalla
558 1713 668 1766 toni
715 1727 836 1766 eum
871 1709 1187 1775 semitonio,
1219 1718 1278 1763 ut
1305 1708 1506 1762 dictum
1537 1715 1639 1770 est,
1671 1719 1820 1760 com-

225 1787 672 1857 mensurabiliter
696 1800 985 1869 complent.
1017 1798 1140 1853 Sola
1169 1811 1356 1851 rursus
1378 1794 1732 1864 sesquialtera
1753 1807 1818 1848 ac

1915 624 2031 677 XV.
2049 637 2178 678 vero
2201 639 2477 689 numerus,
2494 624 2584 694 qui
2607 632 2689 680 est
2715 625 2782 680 ad
2801 623 2914 678 XII.
2931 623 3356 692 sesquiquartus,
3370 637 3491 676 cum

1914 711 2120 768 XXIIII.
2139 721 2605 768 eommensuratus
2633 729 2736 767 non
2757 713 2860 778 est,
2873 713 2965 768 sed
2991 713 3494 784 supertripartiente

1917 803 2088 869 ﬁgura
2117 802 2463 857 inconsonus.
2496 803 2624 856 Item
2657 801 2864 856 XXIIII.
2897 817 3153 856 numerus
3171 803 3252 856 sui
3280 801 3495 871 quanti-

1917 900 2028 944 tate
2053 891 2278 945 XLVIII.
2305 894 2544 958 metitur,
2583 901 2735 962 parte
2765 893 2845 946 sui
2874 893 3092 948 dimidia
3125 891 3366 947 XXXVI.
3393 909 3494 947 nu-

1917 999 2144 1044 merum,
2181 993 2333 1050 parte
2359 983 2438 1037 sui
2473 984 2626 1036 tertia
2649 982 2863 1038 XXXII.
2893 998 3196 1049 numerum,
3233 991 3386 1052 parte
3411 982 3496 1037 sui

1917 1081 2106 1141 quarta
2146 1071 2316 1128 XXX.
2347 1087 2650 1126 numerum.
2683 1071 2788 1128 Sed
2814 1072 3053 1128 XXXVI.
3079 1089 3369 1138 numerus,
3401 1073 3496 1146 qui

1917 1173 2000 1218 est
2029 1165 2094 1218 ad
2125 1163 2332 1218 XXIIII.
2364 1163 2706 1234 sescuplaris,
2735 1163 2793 1218 ﬁt
2817 1165 2882 1218 ad
2907 1165 3134 1220 XLVIII.
3165 1166 3380 1236 epitrita
3407 1181 3500 1220 ra-

1919 1259 2066 1314 tione
2103 1260 2626 1344 commensurabilis.
2659 1260 2826 1315 Porro
2854 1258 3066 1315 XXXII.
3099 1273 3374 1324 numerus,
3403 1257 3498 1327 qui

1919 1361 2002 1406 est
2023 1353 2088 1405 ad
2109 1351 2314 1405 XXIIII.
2332 1352 2598 1420 epitritus,
2618 1353 2676 1406 Iit
2699 1353 2762 1408 ad
2783 1351 3008 1407 XLVIII.
3027 1350 3266 1419 sescupla
3289 1349 3498 1403 ratione

1919 1451 2402 1498 commensuratus.
2453 1441 2623 1496 XXX.
2673 1456 2801 1496 vero
2855 1455 3131 1504 numerus,
3163 1441 3255 1508 qui
3302 1447 3386 1493 est
3429 1438 3499 1490 ad

1919 1532 2125 1586 XXIIII.
2167 1534 2598 1602 sesqniquartus,
2624 1531 3051 1588 commensurari
3097 1545 3220 1584 cum
3267 1528 3494 1584 XLVIII.

1918 1637 2024 1676 non
2047 1630 2244 1692 potest.
2277 1622 2438 1678 Vides
2463 1637 2614 1692 ergo,
2645 1623 2768 1692 quia
2799 1637 2924 1676 mox
2953 1629 3012 1674 ut
3037 1621 3178 1674 intra
3211 1619 3500 1688 sesquiter—

1921 1713 2051 1765 tium
2081 1712 2362 1766 intervalla
2383 1712 2650 1766 coarctari
2672 1711 2950 1780 incipiunt,
2968 1708 3502 1765 connumerationem

1922 1804 2444 1874 superparticulares
2473 1820 2595 1858 cum
2629 1805 2805 1874 duplis
2831 1819 2934 1860 non
2965 1805 3183 1869 habent,
3215 1810 3270 1856 et
3297 1801 3504 1858 idcirco

224 1891 582 1960 sesquitertia
613 1889 889 1944 intervalla
918 1903 1038 1942 cum
1065 1887 1242 1956 duplis
1263 1895 1316 1940 et
1336 1884 1650 1956 quadruplis
1673 1899 1818 1938 com-
1846 1887 1894 1945 B
1922 1911 2020 1950 nec
2046 1911 2340 1950 consonam
2373 1896 2826 1952 commistionem

227 1992 548 2040 mensurata
599 1991 740 2044 sunt,
774 1981 968 2050 quibus
1011 1979 1260 2034 similiter
1305 1993 1489 2033 eorum
1537 1974 1818 2031 intervalla

230 2075 595 2146 complentur.
645 2073 1048 2142 Sesquiquartis
1076 2087 1204 2126 vero
1245 2087 1309 2126 ac
1353 2069 1741 2139 sesquiquintis
1767 2073 1822 2122 et

229 2165 466 2235 reliquis
503 2163 940 2219 decrescentibus
977 2161 1276 2216 intervallis
1321 2175 1422 2214 nec
1461 2174 1582 2212 cum
1623 2155 1818 2224 duplo,

233 2271 344 2312 nec
364 2269 484 2310 cum
516 2253 694 2323 triplo,
723 2268 822 2307 nec
851 2267 971 2306 cum
1004 2251 1322 2328 quadruplo,
1353 2242 1462 2303 nec
1488 2263 1608 2302 cum
1643 2261 1822 2300 sescu-

227 2347 328 2417 plo
353 2346 644 2416 quidquam
674 2341 1214 2399 commensurationis
1253 2351 1358 2406 est,
1388 2348 1442 2392 et
1467 2338 1672 2392 idcirco
1693 2351 1820 2405 pros

231 2447 360 2508 pter
384 2438 644 2492 musicam
681 2443 1032 2505 seponuutur.
1071 2433 1268 2499 Quodsi
1297 2431 1460 2486 etiam
1498 2430 1821 2485 chordarum

235 2537 296 2584 et
335 2529 636 2582 ﬁstularum
667 2521 1092 2581 dimensionibus
1129 2523 1474 2594 prmfatarum
1514 2515 1821 2597 preportioe

239 2635 398 2684 num,
427 2635 546 2689 quae
573 2619 638 2671 ad
669 2617 928 2672 musicam
956 2617 1641 2685 udrnittuutur,'cognatam
1675 2628 1821 2667 com-

239 2707 761 2764 mensurabilitatem
793 2705 1144 2780 comprobare
1185 2705 1336 2768 libet,
1377 2704 1540 2758 facies
1569 2703 1826 2758 chordam

239 2799 310 2852 ad
338 2798 617 2862 chordam,
645 2787 1000 2851 seuﬁstular‘u
1027 2799 1094 2849 ad
1123 2795 1354 2849 ﬁstulam
1385 2793 1630 2864 sescuplo
1659 2794 1828 2862 majo-

243 2905 398 2954 rem;
426 2887 718 2958 sescuplari
764 2901 1001 2956 appones
1047 2887 1338 2956 epitritam,
1387 2895 1442 2940 et
1483 2886 1560 2940 sic
1603 2882 1826 2939 eﬁ‘ecisti

243 2981 480 3049 duplam.
513 2980 666 3039 Nam-
688 2995 807 3049 qua:
835 2980 902 3032 ad
943 2979 1234 3052 secundam
1259 2977 1472 3050 epitrita
1506 2985 1623 3042 est,
1668 2975 1826 3044 duplo

243 3079 416 3126 exstat
451 3071 516 3124 ad
547 3053 782 3139 primam
819 3068 1048 3138 longior.
1071 3054 1293 3121 Rursus
1331 3067 1632 3121 conversim
1663 3066 1826 3120 chor-

246 3160 364 3213 dam
401 3158 464 3212 ad
495 3159 784 3224 chordam,
813 3157 1047 3211 ﬁstulam
1079 3156 1144 3209 ad
1181 3155 1416 3224 ﬁstulam
1445 3155 1686 3208 metiaris
1715 3153 1829 3222 epi-

1993 1985 2056 2038 D.
2086 1985 2200 2052 Qua
2231 1985 2445 2040 ratione
2472 1987 2686 2051 evenit,
2734 1995 2792 2041 ut
2835 1986 2888 2040 in
2933 2001 3188 2042 sonorum
3229 1984 3370 2040 serie
3408 1998 3506 2054 per

1921 2085 2112 2148 quarta
2143 2077 2260 2132 loca
2287 2091 2449 2132 voces
2489 2078 2598 2132 sint
2625 2077 2874 2147 epitrilte,
2907 2091 3003 2147 per
3027 2079 3211 2147 quinta
3242 2074 3506 2146 sesquial-

1923 2177 2070 2231 terae,
2101 2181 2198 2236 per
2231 2174 2424 2221 octava
2455 2165 2648 2237 duplae,
2681 2174 2736 2220 et
2765 2166 2882 2220 aliae
2913 2167 3024 2220 suis
3047 2167 3220 2220 locis?

1993 2259 2070 2312 M.
2112 2257 2244 2312 Cum
2272 2265 2500 2320 constet,
2539 2257 2620 2311 vel
2652 2256 2868 2326 epitrito
2897 2255 2980 2310 vel
3026 2255 3376 2324 sesquialtcro
3419 2255 3506 2312 vel

1923 2349 2131 2403 duobus
2157 2347 2391 2416 epitritis
2421 2346 2600 2401 medio
2627 2347 2868 2416 epogdoo
2907 2345 3244 2400 intervallum
3285 2346 3502 2415 duplum

1923 2439 2204 2510 compleri,
2233 2439 2484 2510 epogdois
2507 2453 2694 2494 rursus
2723 2438 2836 2506 ipsa
2857 2437 3198 2509 epitritorum
3222 2436 3505 2491 intervalla

1923 2531 2282 2601 complentur.
2313 2529 2589 2599 Siquidem
2612 2530 2729 2584 duae
2751 2529 2940 2583 medim
2965 2529 3018 2582 in
3049 2514 3308 2598 diapason
3337 2526 3510 2581 inter-

1921 2623 2062 2677 vallo
2089 2621 2310 2686 voculae,
2355 2621 2406 2674 id
2446 2629 2548 2685 est,
2595 2629 2788 2689 quarta
2816 2629 2872 2674 et
2896 2619 3102 2688 quinta,
3131 2618 3256 2672 dum
3284 2617 3507 2687 singula:

1926 2715 1991 2768 ad
2037 2712 2177 2766 aliud
2226 2712 2364 2766 latus
2407 2711 2764 2772 diatessaron,
2810 2710 2876 2763 ad
2909 2709 3052 2762 aliud
3095 2716 3351 2763 resonent
3392 2707 3508 2760 dia-

1924 2813 2084 2872 pente
2107 2843 2120 2867 ,
2165 2809 2404 2869 utrmque
2430 2801 2496 2854 ad
2531 2815 2684 2854 suum
2717 2800 2857 2854 latus
2885 2797 3104 2867 cpitrito
3143 2798 3360 2852 distant.
3400 2795 3506 2850 Sed

1925 2901 2215 2960 utrumque
2257 2905 2443 2945 rursus
2481 2889 2756 2958 epitritum
2787 2904 2852 2944 ea
2897 2888 3106 2942 ratione
3149 2887 3375 2958 epogdoi
3411 2885 3508 2938 sti-

1923 2995 2078 3056 pant,
2125 2993 2184 3038 ut
2229 2986 2282 3038 in
2334 2992 2566 3052 quatuor
2615 2982 2930 3036 scindantur
2957 2980 3176 3036 voculas
3224 2977 3507 3034 intervalla

1928 3077 2066 3130 tria:
2097 3085 2156 3128 ut
2186 3075 2390 3130 scilicet
2431 3072 2639 3144 singula
2679 3065 2784 3128 duo
2815 3071 3094 3127 intervalla
3135 3070 3372 3141 singulos
3411 3083 3508 3123 ca-

1928 3167 2077 3235 piant
2116 3165 2418 3236 epogdoos,
2463 3164 2514 3218 id
2549 3171 2662 3230 εει,
2705 3147 3148 3228 ιοιιοεζιετιίυῐῐι
3177 3160 3512 3229 compleatur

245 3252 453 3313 tritam,
482 3249 714 3319 epitrit‘ae
739 3263 974 3318 apponcs
1011 3245 1414 3315 sesquialteram
1439 3285 1452 3309 ,
1477 3255 1530 3298 et
1559 3243 1714 3313 dupla
1744 3242 1821 3297 ef-

1936 3257 2194 3322 limmate,
2246 3255 2388 3326 quod
2435 3266 2518 3311 est
2568 3254 2934 3310 semitouium.
2983 3251 3072 3306 Sic
3109 3250 3404 3321 contingit,
3449 3257 3508 3302 ut

245 3341 384 3397 fecta
411 3351 510 3396 est.
540 3339 650 3394 I-Ias
674 3355 840 3409 pones
865 3341 918 3393 in
942 3339 1148 3404 ordine,
1175 3337 1338 3392 veluti
1379 3337 1466 3390 VI.
1499 3335 1632 3390 VIII.
1665 3335 1818 3390 VIIII.

247 3435 360 3489 XII.
405 3434 752 3501 inveniesque
779 3432 919 3485 inter
957 3431 1090 3485 duas
1129 3429 1335 3484 medias
1377 3428 1676 3498 epogdoum
1722 3427 1823 3481 rite

245 3525 566 3588 dimensum,
595 3523 646 3576 id
677 3529 781 3587 est,
811 3521 1108 3591 longiorem
1152 3519 1410 3574 chordam
1449 3525 1543 3571 aut
1587 3515 1822 3570 ﬁstulam

247 3625 438 3672 octava
483 3613 709 3668 minoris
755 3621 908 3683 parte
950 3612 1277 3681 praecellere.
1325 3611 1454 3666 Item
1503 3609 1608 3664 alio
1645 3609 1820 3663 modo.

245 3707 482 3762 lletieris
522 3705 754 3760 ﬁstulam
800 3705 867 3758 ad
903 3703 1134 3758 ﬁstulam
1181 3702 1341 3772 duplo
1390 3701 1704 3768 longiorem.
1742 3699 1824 3754 Ad

245 3805 464 3857 brevem
491 3801 719 3856 ﬁstulam
751 3799 990 3855 metieris
1025 3799 1320 3868 cpitritam,
1342 3799 1408 3852 ad
1436 3797 1650 3867 longam
1677 3794 1825 3848 ﬁstu-

245 3895 353 3949 lam
385 3895 625 3949 metieris
651 3893 1040 3962 subepitrilam,
1070 3906 1348 3962 pouesque
1383 3890 1438 3944 in
1477 3889 1666 3944 ordine
1693 3888 1823 3942 sub-

247 3986 460 4054 duplam
489 3985 786 4054 epitritam,
809 3981 1178 4051 subepitritam
1204 3981 1439 4050 duplam.
1465 3987 1470 3992 '

497 4073 768 4145 Subdupla
969 4143 972 4145 ,
1246 4070 1574 4141 Suhepitrita

391 4163 500 4219 xu.
627 4165 637 4236 ι
756 4164 896 4220 va
1017 4163 1028 4234 ι
1131 4160 1311 4217 XVHL
1415 4160 1426 4230 ι
1511 4159 1716 4218 xxnu.

893 4252 1164 4324 epogdous

657 4389 664 4396 .
741 4343 910 4412 Dupla
939 4345 976 4398 I.
1012 4343 1300 4412 Diapason.

319 4435 514 4504 Sicque
563 4434 702 4488 inter
747 4435 882 4488 duas
933 4435 1139 4490 medias
1192 4433 1463 4504 epogdous
1509 4431 1829 4487 naturaliter

249 4530 412 4586 cadit.
442 4527 606 4594 Cujus
627 4527 908 4582 intervallo
937 4537 1162 4596 utraque
1189 4527 1250 4580 Iit
1273 4526 1513 4580 ulteriori
1541 4539 1638 4580 suo
1669 4523 1824 4578 lateri

248 4621 603 4690 sescuplaris,
643 4630 874 4690 utraque
918 4620 1231 4690 proximiori
1270 4619 1372 4674 sibi
1401 4619 1558 4673 lateri
1589 4619 1824 4688 cpitrita.

247 4713 315 4767 Et
353 4713 614 4787 amplius,
657 4712 702 4766 si
748 4711 1019 4780 cpitritam
1065 4719 1120 4766 et
1162 4710 1462 4780 sescuplum
1508 4710 1830 4778 duplamque

247 4799 508 4868 duplices,
539 4799 702 4854 simul
745 4801 887 4855 aliud
929 4801 1182 4871 diapason
1221 4801 1450 4870 spatium
1495 4799 1682 4854 eodem
1723 4813 1829 4868 quo

247 4893 398 4960 prius
421 4892 610 4946 ordine
639 4891 886 4948 ell‘ecisti.

317 4981 386 5036 D.
417 4983 534 5049 Quo
559 4992 716 5052 pacto
759 4993 966 5038 caetera:
1001 4982 1516 5053 superparticulares
1561 4981 1834 5035 habitudi-

250 5087 346 5128 nes
371 5089 493 5128 cum
523 5074 684 5144 duplo
713 5083 766 5129 et
789 5075 1088 5144 quadruplo
1113 5073 1698 5128 connuensumlitatem
1721 5089 1824 5126 non

251 5163 486 5218 habent?

318 5250 399 5305 Μ.
430 5252 500 5307 Ut
523 5261 580 5308 et
605 5254 707 5308 hoc
737 5255 829 5310 tibi
859 5253 1096 5324 pateﬁat,
1123 5269 1150 5306 a
1177 5251 1509 5306 duodenario
1531 5291 1548 5315 ,
1576 5266 1684 5321 quo
1725 5251 1827 5303 mi-

251 5341 396 5396 nimo
425 5357 652 5398 riumero
681 5353 858 5413 potest
885 5343 1264 5413 exempliﬁcari
1284 5383 1300 5408 ,
1341 5343 1612 5411 incipiam.
1657 5341 1705 5395 Is
1731 5357 1828 5394 nu-

247 5448 431 5488 merus
457 5435 599 5488 enim
622 5435 828 5494 XXIIII.
849 5451 1126 5490 numerum
1149 5436 1228 5489 sui
1258 5435 1558 5504 quantitate
1585 5434 1822 5498 metitur,

249 5533 401 5592 parte
427 5525 506 5578 sui
531 5525 768 5589 dimidia,
796 5525 980 5580 XVIII.
1011 5535 1160 5594 parte
1183 5525 1262 5578 sui
1293 5523 1472 5586 tertia,
1503 5522 1641 5576 XVI.
1673 5532 1827 5590 parte

249 5615 328 5667 sui
360 5626 549 5684 quarta
577 5617 690 5672 XV.
725 5617 830 5672 Sed
861 5617 1042 5670 XVIII.
1067 5630 1344 5678 numerus,
1375 5615 1464 5683 qui
1496 5624 1580 5668 εει
1617 5614 1682 5668 ad
1715 5613 1823 5666 XII.

251 5707 587 5772 Sesquialter,
607 5709 664 5761 Iit
693 5710 756 5761 ad
780 5707 986 5760 XXIIII.
1016 5707 1228 5775 epitrita
1255 5705 1462 5758 ratione
1493 5717 1826 5756 commensu-

253 5797 458 5856 i‘abilis.
491 5799 655 5856 I’orro
686 5799 822 5854 XVI.
857 5814 1142 5864 numerus,
1181 5797 1268 5867 qui
1297 5805 1380 5852 est.
1407 5795 1476 5852 ad
1505 5793 1616 5848 XII.
1647 5795 1862 5868 epitri-,

1925 3349 2138 3418 quartis
2159 3349 2290 3402 locis
2313 3363 2478 3404 voces
2503 3348 2890 3417 scsquilertim,
2929 3344 3130 3415 quintis
3170 3342 3510 3398 inveniantur

1925 3439 2320 3507 sesquialterte,
2367 3449 2590 3494 octavos
2631 3439 2778 3494 locos
2806 3439 3104 3494 sortiantur
3131 3434 3320 3505 (ωριτε,
3353 3433 3511 3502 quin--
3603 3459 3624 3472 ε-

1925 3527 2162 3582 decimus
2183 3529 2268 3582 bis
2293 3529 2466 3598 dupla:
2494 3528 2732 3597 capiant,
2769 3526 3116 3581 duodecimos
3147 3524 3336 3592 triplm.

1997 3619 2064 3673 D.
2096 3618 2288 3686 Qumso
2315 3635 2418 3688 qua
2452 3620 2662 3672 ratione
2685 3617 2769 3672 vel
2793 3617 2982 3671 ordine
3005 3615 3060 3669 in
3085 3629 3341 3669 sonorum
3368 3613 3509 3668 serie

1927 3712 2038 3767 toni
2067 3727 2188 3767 cum
2219 3711 2520 3766 semitoniis
2549 3708 2946 3764 contexuntur?

1997 3803 2074 3857 Μ.
2123 3803 2178 3856 Id
2216 3803 2452 3872 apertius
2498 3801 2740 3857 contueri
2787 3798 3020 3868 poteris,
3067 3797 3112 3852 si
3157 3797 3338 3868 prius,
3391 3809 3510 3863 quae

1927 3895 2264 3950 arithmetica
2291 3895 2573 3958 medietas,
2599 3907 2720 3962 quae
2743 3891 3094 3963 geometrica,
3125 3904 3352 3960 qua‘que
3377 3888 3506 3942 bar-

1927 3989 2140 4044 mOnica
2173 3988 2265 4048 sit,
2289 3987 2544 4056 pandam.

1997 4079 2066 4133 Ι).
2098 4077 2278 4132 Pande
2308 4095 2460 4149 rogo.

1999 4166 2076 4221 Μ.
2107 4166 2236 4220 Post
2281 4167 2659 4237 proportiones
2693 4162 3224 4235 proportionalitates
3269 4163 3508 4218 conside-

1927 4268 2138 4314 rantur.
2177 4257 2314 4313 Nam
2357 4259 2634 4329 proportio
2661 4267 2743 4312 est
2773 4258 3000 4312 duorum
3031 4257 3386 4311 terminorum
3415 4255 3509 4307 ha-

1929 4353 2137 4418 bitudo,
2167 4352 2639 4422 proportionalitas
2661 4367 2792 4406 vero
2811 4367 2915 4404 non
2939 4351 3118 4404 minus
3137 4363 3296 4418 quam
3321 4346 3507 4399 trium.

1933 4443 2068 4512 Ergo
2093 4443 2566 4512 proportioualitas
2585 4449 2678 4494 aut
2704 4441 3041 4494 arithmetica
3071 4439 3360 4494 medietate
3381 4451 3510 4490 con—

1927 4533 2200 4604 jungitur,
2245 4545 2336 4586 aut
2363 4535 2724 4603 geometrica,
2755 4539 2846 4584 aut
2887 4529 3218 4585 harmonica.
3257 4527 3509 4582 Mediola-

1935 4631 2041 4676 tem
2075 4631 2252 4675 autem
2295 4621 2550 4682 dicimus,
2597 4619 2684 4673 ubi
2731 4620 2848 4673 dua:
2876 4618 3248 4672 extremitates
3280 4619 3506 4670 duorum

1933 4712 2016 4764 vel
2059 4711 2238 4765 minus
2279 4710 2466 4764 limitis
2509 4723 2648 4762 nexu
2690 4708 2744 4762 in
2791 4707 3134 4762 concordiam
3179 4705 3506 4760 vinciuntur.

1931 4803 2154 4858 Limites
2207 4811 2386 4856 autem
2437 4817 2528 4856 seu
2583 4799 2842 4856 terminos
2889 4799 3116 4852 dicimus
3161 4809 3506 4849 numerorum

1935 4908 2194 4947 summas.
2223 4892 2390 4962 Igitur
2417 4890 2754 4944 arithmetica
2783 4886 3042 4942 medietas
3078 4893 3184 4948 est,
3211 4883 3298 4936 ubi
3325 4897 3508 4950 aequa-

1933 4987 2009 5039 lcs
2063 4991 2222 5039 erunt
2263 4981 2534 5037 distantiae
2583 4983 2722 5034 inter
2770 4978 3046 5038 terminos,
3097 4977 3189 5030 sed
3239 4990 3348 5028 non
3387 4983 3506 5028 sunt

1928 5075 2168 5144 ejusdem
2219 5072 2584 5143 proportionis
2637 5071 2736 5142 ipsi
2783 5069 3030 5134 termini,
3059 5067 3198 5122 sicut
3237 5067 3432 5121 cernis.
3465 5063 3506 5118 Ι.

1925 5165 1988 5219 II.
2029 5163 2112 5217 Ill.

1997 5254 2064 5306 1).
2099 5253 2280 5314 Cerno.
2304 5252 2633 5323 equidem,l.
2656 5251 2721 5306 ad
2744 5251 2808 5305 ll.
2839 5243 3155 5320 duplum,II.
3188 5249 3255 5302 ad
3283 5246 3368 5302 Ill.
3397 5261 3509 5302 ses-

1929 5343 2274 5414 quialterum.

2003 5433 2082 5487 Μ.
2133 5434 2260 5488 Item
2305 5433 2630 5503 geometrica
2676 5429 2935 5485 medietas
2977 5437 3092 5494 est,
3145 5429 3196 5482 in
3247 5443 3354 5496 qua
3401 5441 3508 5480 non

1933 5523 2164 5594 arquales
2211 5522 2546 5586 dili‘erentize,
2579 5521 2670 5576 sed
2709 5519 2944 5588 aequales
2971 5519 3352 5589 proportiones
3380 5531 3510 5570 con-

1933 5614 2258 5676 siderantur,
2291 5613 2364 5666 uti
2395 5612 2544 5665 vides
2569 5610 2609 5664 l.
2640 5610 2698 5665 II.
2735 5609 2839 5663 IIII.

2007 5705 2072 5758 D.
2102 5704 2268 5760 Video
2293 5703 2476 5772 utique
2509 5703 2648 5757 sicut
2687 5703 2752 5756 ad
2777 5699 2816 5756 I.
2857 5699 2918 5754 ll.
2959 5699 3176 5769 duplum
3199 5739 3213 5764 ,
3254 5698 3329 5752 sic
3357 5696 3420 5750 ad
3445 5693 3505 5747 II.

1933 5795 2038 5850 llII.
