3934 6450
509 390 650 448 1019
1076 382 1422 443 HUCBALDI
1460 380 1625 439 MON.
1668 382 1727 437 S.
1764 378 2030 443 AMANDI
2067 378 2219 436 OPP.
2259 375 2440 433 PARS
2476 377 2538 432 Il.
2568 407 2638 417 —
2662 375 3164 433 MISCELLANEA.
3599 382 3699 439 1010

586 501 662 558 Μ.
688 501 762 556 At
789 498 1099 556 harmonica
1127 496 1391 552 medietas
1418 504 1522 559 est,
1552 494 1605 548 in
1634 509 1737 564 qua
1774 509 1873 549 nec
1896 492 2097 548 eaedem
2127 494 2174 570 ᾼ
2204 490 2424 544 mitonia
2447 489 2824 559 disponantur,
2876 488 3099 545 deberet
3124 496 3357 559 quartus
3377 487 3518 547 limes
3541 498 3699 564 apponi,

510 589 889 663 proportiones
916 596 1246 657 quaeruntur,
1284 600 1385 639 nec
1414 585 1614 639 eaedem
1644 581 1975 646 dilferentite,
1999 580 2097 637 sed
2198 578 2288 648 qui
2315 586 2461 633 esset
2480 578 2730 648 epitritus
2751 578 2819 633 ad
2840 578 3095 649 primum.
3118 578 3272 633 Inter
3291 593 3445 648 quem
3469 586 3702 640 actertitua

512 684 654 739 sicut
684 681 753 735 ab
790 678 1019 734 invicem
1067 685 1192 732 sunt
1238 676 1467 731 extremi
1508 675 1737 739 limites,
1775 674 1846 728 ita
1877 689 2096 729 corum-
2196 668 2423 723 limitem
2468 668 2813 723 semitonium
2859 667 3243 723 collocaretur.
3279 666 3384 721 Sed
3428 683 3541 723 cum
3565 669 3706 761 LXllll.‘

513 773 634 828 dem
669 769 899 824 limitum
927 766 1266 830 dill‘erentize,
1297 766 1438 825 sicut
1458 765 1636 820 cernis
1662 763 1746 818 III.
1778 763 1885 817 IIII.
1915 761 2003 816 VI.
2198 777 2457 817 numerus
2487 777 2591 815 non
2616 761 2788 830 possit
2819 760 2870 827 in
2896 760 2997 814 tria
3035 775 3186 837 aequa
3214 759 3427 829 partiri,
3454 759 3705 830 epitritusei

584 859 652 915 D.
696 858 873 914 Cerno
917 858 1120 914 scilicet
1150 866 1206 911 et
1232 864 1505 910 extremos
1533 854 1769 919 limites,
1805 866 2100 922 eorumque
2200 869 2309 908 non
2369 838 2700 923 adjungi'tur.
2743 854 2981 907 Ducatur
3022 867 3150 921 ergo
3200 868 3305 923 per
3332 852 3453 917 tria,
3497 863 3545 907 et
3563 871 3656 910 mox
3675 860 3706 913 ei

515 950 849 1006 ditl‘erentias
875 949 1037 1019 duplo
1062 948 1346 1002 distantes.
2201 944 2461 1014 epitritus
2487 944 2713 1000 accedit.
2749 944 2856 1000 Ter
2886 945 3072 1017 itaque
3092 943 3289 999 LXIIII.
3320 959 3475 1015 quem
3495 962 3709 1004 numerum

588 1044 668 1099 Μ.
700 1043 826 1100 Βςεε
871 1045 1056 1113 itaque
1092 1041 1349 1112 praemitti
1394 1039 1634 1110 oportuit
1677 1038 1744 1094 ad
1789 1037 2100 1102 videndum,
2204 1037 2494 1093 reddunt?

519 1137 813 1191 secundum
853 1149 1013 1205 quam
1046 1134 1390 1188 medietatem
1433 1146 1553 1186 sese
1592 1131 1825 1185 habeant
1856 1139 2103 1184 tonorum
2274 1124 2345 1180 D.
2386 1123 2580 1180 CXCII.

520 1238 825 1286 mensurze;
880 1224 1005 1277 dum
1064 1220 1288 1292 singulae
1334 1220 1479 1275 enim
1526 1219 1842 1274 medietates
1881 1217 2106 1288 singulis
2277 1218 2354 1273 Μ.
2397 1218 2595 1273 Etiam.
2622 1217 2704 1274 Ab
2735 1219 2840 1274 hoc
2857 1233 2989 1288 ergo
3010 1217 3564 1289 numeroprincipium
3589 1234 3714 1272 suma-

521 1312 629 1367 sint
656 1312 888 1381 proprire
909 1352 924 1376 ,
956 1320 1133 1365 tamen
1163 1326 1229 1364 ex
1257 1308 1508 1364 omnibus
1547 1308 1749 1363 musica
1785 1307 1997 1361 videtur
2026 1306 2105 1361 in-
2209 1325 2348 1375 mus,
2381 1310 2448 1364 ad
2472 1325 2557 1371 ea.
2587 1325 2709 1379 quze
2739 1310 3008 1383 cepimus,
3048 1310 3398 1381 explicanda.
3427 1310 3572 1367 Dabis
3586 1311 3713 1382 itaque

525 1412 693 1458 texta.
723 1402 965 1473 Namque
991 1402 1319 1474 geometrica
1354 1400 1616 1455 medietas
1644 1414 1835 1454 omnes
1872 1399 1937 1452 ad
1969 1397 2108 1451 invi-
2211 1404 2341 1459 mihi
2378 1403 2597 1474 duplum
2636 1401 2898 1471 ejusdem.

523 1511 642 1550 com
675 1495 961 1564 duplorum
993 1494 1251 1548 terminos
1290 1493 1477 1559 nectit,
1509 1501 1568 1546 ut
1601 1492 1740 1547 sicut
1771 1490 1839 1547 ad
1873 1489 1958 1545 Vl.
1984 1495 2111 1544 sunt
2280 1494 2353 1551 υ,
2392 1494 2482 1550 Bis
2505 1493 2700 1550 CXCII.
2742 1494 2880 1550 (ium
2904 1494 3337 1557 CCCLXXXII“.

524 1584 638 1639 XII.
673 1584 751 1638 sic
775 1584 840 1637 ad
870 1582 981 1636 X'Il.
1013 1584 1121 1637 sint
1148 1581 1351 1637 XXIIII.
1398 1582 1463 1636 Et
1500 1596 1687 1637 rursus
1727 1581 1867 1636 sicut
1905 1579 1971 1634 ad
1996 1577 2108 1633 XII.
2284 1587 2363 1643 Μ,
2406 1588 2602 1658 Utique
2634 1605 2649 1642 ε
2685 1589 2853 1644 habes
2880 1602 3009 1644 ecce
3029 1588 3164 1643 duos
3197 1590 3300 1643 hos
3330 1603 3567 1644 numeros
3588 1588 3713 1644 ῑιιιίι.

523 1672 723 1727 XXIIII.
750 1673 827 1727 sic
854 1672 919 1726 ad
947 1671 1141 1726 XXIIII.
1171 1672 1281 1729 sint
1315 1670 1532 1725 XLVIII.
1560 1670 1685 1726 Haec
1711 1669 1902 1725 deinde
1926 1668 2113 1739 duplo-
2212 1679 2336 1752 ριίεί
2374 1680 2656 1735 intervallo
2679 1680 2872 1736 cxcu,
2928 1679 3360 1737 CCCLXXXII",
3392 1679 3497 1735 Hoc
3525 1696 3636 1736 ηυηε
3651 1682 3712 1735 ἀει.

527 1781 647 1821 rum
680 1765 959 1820 intervalla
1000 1765 1209 1821 duobus
1246 1765 1371 1820 dum
1417 1764 1790 1835 compleantur
1833 1762 2112 1826 terminis,
2200 1772 2362 1843 'plum
2414 1772 2758 1828 intervallum
2816 1771 3023 1826 duobus
3051 1780 3273 1842 oportet
3319 1770 3715 1840 epitriusimpln-

528 1858 667 1912 alius
694 1872 761 1911 ex
791 1858 873 1912 his
897 1856 1262 1922 arithmetica,
1303 1857 1443 1912 alius
1472 1857 1761 1912 medietate
1802 1856 2115 1911 harmonica
2151 1849 2197 1911 Β
2224 1878 2362 1917 mus.
2395 1861 2469 1915 Da
2494 1876 2623 1932 ergo
2649 1860 2843 1916 CXCII.
2880 1861 3090 1916 numeri
3113 1861 3419 1930 epitritum.

530 1952 663 2004 duas
692 1950 792 2005 sibi
835 1949 1213 2004 extremitates
1255 1948 1487 2019 copulat.
1531 1948 1648 2015 Quo
1693 1947 1836 2003 enim
1887 1961 2114 2001 numero
2289 1951 2357 2005 Ι).
2398 1950 2594 2006 CXCII.
2646 1950 2856 2006 numeri
2900 1966 3027 2020 pars
3068 1952 3254 2014 tertia,
3301 1951 3477 2015 idest,
3508 1948 3718 2004 LXllll.eio

532 2041 674 2096 VIIII.
702 2041 966 2111 praecellit
992 2039 1071 2093 Vl.
1100 2041 1358 2105 limitem,
1390 2056 1455 2095 eo
1489 2040 1815 2109 pratcellitnr
1843 2055 1872 2094 a
1906 2038 2013 2093 XII.
2051 2039 2113 2093 Ii‘
2218 2040 2341 2095 dem
2373 2039 2556 2094 addita
2591 2039 2809 2096 CCLVI.
2840 2041 3035 2096 reddit.
3064 2040 3167 2106 Qui
3218 2055 3475 2095 numerus
3494 2054 3596 2095 cum
3614 2040 3716 2095 sitat

535 2134 688 2187 mite.
720 2132 944 2203 Quoque
975 2133 1101 2187 item
1127 2132 1711 2187 numeroXVlIl.limes
1735 2130 2112 2202 praecellitXlI.
2219 2131 2544 2201 snbduplum
2598 2131 2891 2186 terminum
2945 2130 3225 2201 epitritus,
3272 2136 3452 2186 exstat
3473 2131 3536 2185 ad
3566 2128 3717 2199 dupltn

506 2225 779 2289 'limitem,
811 2240 876 2279 eo
898 2224 1223 2295 prmeellitur
1254 2240 1281 2278 a
1308 2223 1501 2278 XXIIII.
1544 2224 1742 2289 limite,
1774 2223 2118 2278 arithmetica
2219 2224 2560 2293 sesquialter.

532 2318 796 2373 duntaxat
835 2318 1138 2372 medietate.
1195 2316 1406 2371 Ilursus
1446 2324 1608 2386 quota
1642 2326 1794 2386 parte
1836 2314 1922 2370 VI.
1965 2315 2118 2368 limes
2291 2316 2369 2373 M.
2413 2318 2486 2371 Da
2514 2314 2753 2385 ejusdem
2780 2315 2977 2372 CXCII.
3017 2331 3311 2371 numerum
3348 2314 3673 2385 seseuplarem.

533 2406 656 2461 VIII.
689 2406 963 2477 prtecellit,
982 2416 1090 2460 tota
1120 2416 1271 2475 parte
1297 2407 1379 2461 sui
1403 2426 1431 2459 ες
1455 2405 1560 2461 XII.
1595 2406 1935 2476 prtecellitur.
1958 2404 2121 2461 Vides
2291 2407 2361 2462 Ι).
2400 2407 2592 2462 CXCII.
2619 2422 2744 2476 pars
2764 2407 3007 2471 dimidia,
3032 2406 3086 2460 id
3114 2414 3203 2461 est
3226 2404 3409 2461 XCVI.
3433 2402 3715 2460 eidemaddita

534 2498 701 2561 enim,
733 2498 858 2567 quia
891 2498 1047 2553 tertia
1081 2506 1234 2567 parte
1260 2495 1343 2550 Vl.
1372 2498 1581 2553 numeri
1612 2496 1786 2567 major
1824 2504 1905 2552 est
1941 2511 2123 2551 nume-
2222 2496 2654 2552 CCLXXXVIIII.
2710 2497 3014 2567 perﬁciunt.
3045 2495 3151 2562 Qui
3206 2510 3462 2554 numerus
3484 2510 3587 2549 cum
3608 2492 3715 2548 sitad

536 2607 629 2646 rus
654 2591 770 2645 VIII.
797 2600 850 2646 et
876 2592 1035 2647 tertia
1067 2599 1222 2660 parte
1261 2592 1342 2647 sui
1381 2593 1553 2663 major
1578 2603 1663 2647 est
1690 2593 1757 2647 ab
1784 2591 1906 2647 Vill.
1938 2608 2123 2649 nume.
2224 2588 2548 2657 subduplum
2574 2588 2866 2643 terminum
2897 2587 3246 2658 sescuplaris,
3274 2581 3716 2656 exstatepitrittual

537 2698 628 2739 rus
654 2681 760 2735 XII.
789 2682 1051 2736 Similiter
1075 2697 1134 2736 se
1166 2683 1329 2739 habet
1356 2682 1465 2738 XII.
1496 2683 1564 2737 ad
1586 2682 1723 2738 XVI.
1757 2691 1813 2739 et
1835 2682 1970 2738 XVI.
2002 2700 2124 2739 rur-
2224 2679 2463 2749 duplum.

537 2791 631 2830 sus
654 2776 720 2829 ad
749 2774 941 2828 XXIIII.
970 2776 1285 2830 harmonica
1315 2777 1563 2832 videlicet
1587 2777 1895 2831 medietate.
2297 2769 2373 2823 Μ.
2412 2769 2489 2823 Ita
2521 2767 2764 2838 profecto
2794 2776 2896 2823 est.
2931 2768 3053 2822 Sint
3075 2783 3224 2821 nunc
3249 2767 3303 2821 in
3340 2766 3516 2822 ordine
3539 2762 3707 2832 dispositi

608 2865 677 2920 Β.
719 2866 892 2920 Etiam
919 2866 1096 2931 video,
1119 2868 1246 2937 quia
1271 2869 1397 2923 dum
1421 2878 1583 2937 quota
1610 2876 1765 2938 parte
1792 2867 1880 2921 VI.
1908 2869 2121 2923 numeri
2225 2868 2460 2928 quatuor
2504 2861 2555 2915 hi
2603 2860 2818 2915 termini
2865 2859 3062 2915 CXCII.
3109 2852 3334 2914 CCLVL
3400 2855 3710 2912 CCLXXXVI]-

538 2955 718 3010 dil’fert
753 2955 881 3011 Vlll.
912 2964 1024 3010 tota
1065 2966 1217 3027 parte
1244 2958 1327 3013 sui
1360 2957 1471 3013 Xll.
1513 2960 1584 3012 ab
1606 2957 1736 3012 VIII.
1768 2957 1970 3023 dill'ert,
1997 2973 2122 3013 eve-
2226 2950 2646 3007 CCCLXXXII".
2680 2950 2814 3006 Cum
2843 2952 2915 3006 sit
2952 2951 3116 3022 igitur
3160 2952 3308 3006 inter
3343 2950 3553 3021 primum
3591 2962 3639 3001 ac
3663 2961 3713 2999 se-

539 3045 637 3105 nit,
664 3056 722 3099 ut
748 3045 799 3099 in
826 3060 887 3100 ea
915 3043 1609 3117 proportione'diﬂ'erentim
1636 3048 1763 3113 sint,
1794 3063 1899 3118 qua
1932 3048 2031 3117 ipsi
2057 3046 2123 3100 ad
2226 3042 2460 3099 cundum
2496 3042 2783 3098 terminum
2826 3042 3170 3096 intervallum
3222 3041 3517 3110 epitritum,
3544 3036 3715 3091 similiter

542 3134 774 3190 invicem
807 3137 1038 3190 extremi
1088 3132 1213 3191 s'unt
1244 3138 1479 3192 termini.
1514 3137 1581 3193 Ut
1615 3139 1759 3191 enim
1783 3136 1871 3191 VI.
1905 3138 1969 3191 ad
2009 3136 2122 3190 XII.
2227 3135 2370 3189 inter
2392 3134 2609 3188 tertium
2628 3132 3355 3202 quartumqueintervallum
3372 3128 3715 3201 epitritumzipsa

542 3224 614 3279 ita
657 3225 720 3279 II.
768 3228 835 3281 ad
862 3225 970 3280 IIII.
1000 3226 1145 3280 Inter
1170 3226 1257 3283 VI.
1286 3227 1428 3281 enim
1455 3237 1511 3282 et
1543 3225 1675 3281 VIII.
1712 3227 1955 3283 binarius
1976 3226 2126 3282 dill‘e-
2154 3234 2199 3295 C
2232 3245 2375 3285 nunc
2402 3230 2743 3295 epitritorum
2777 3228 3061 3283 intervalla
3093 3229 3241 3283 tonis
3260 3242 3325 3282 ac
3346 3224 3712 3281 semitoaiiseon-

546 3314 719 3367 rentia
743 3324 844 3377 est,
881 3314 1023 3369 inter
1050 3312 1180 3369 VIII.
1207 3330 1335 3370 vero
1359 3324 1413 3370 et
1439 3315 1549 3370 XII.
1577 3316 1980 3386 quaternarius.
2232 3322 2491 3393 pleamun.
2543 3320 2763 3374 Sumam
2809 3328 3058 3375 octavam
3119 3328 3332 3389 partem
3356 3316 3531 3373 CXCII.
3557 3309 3712 3370 numeri,

617 3403 697 3459 Η.
742 3405 910 3461 Recte
932 3422 1158 3476 prorsus
1181 3406 1455 3479 intelligis.
1484 3408 1718 3463 Atnunc
1738 3409 2125 3478 attende,qua-
2228 3428 2349 3483 qua:
2399 3421 2484 3467 est
2535 3410 2731 3464 XXIIII.
2783 3419 2838 3465 et
2887 3410 2948 3465 ﬁt
2994 3426 3093 3480 per
3133 3411 3277 3465 hanc
3328 3409 3432 3465 toni
3475 3405 3711 3461 additionem

544 3500 673 3554 liter
721 3500 822 3571 ipsi
851 3502 986 3564 toni,
1031 3501 1123 3572 qui
1152 3502 1529 3572 praedictorum
1564 3503 1919 3557 terminorum
1956 3502 2125 3557 inter-
2230 3503 2454 3559 CCXVI.
2490 3517 2766 3566 numerus,
2814 3501 3084 3556 secundus
3119 3509 3302 3557 tonus.
3343 3498 3540 3554 Sumam
3561 3490 3711 3549 CCXVI.

545 3592 683 3646 valla
730 3593 1022 3663 complent,
1071 3610 1178 3649 non
1227 3594 1566 3655 arithmetica
1617 3595 1928 3660 medietate,
1986 3595 2130 3649 velut
2232 3593 2443 3649 numeri
2481 3601 2691 3663 partem
2745 3600 3016 3651 octavam.
3068 3607 3191 3661 qua:
3220 3600 3303 3647 est
3332 3587 3514 3644 XXVII.
3538 3584 3713 3675 θεωρεῖ

546 3685 659 3740 dies
685 3686 752 3739 ad
780 3686 897 3741 dies
943 3686 1114 3757 :equis
1144 3686 1208 3741 ad
1259 3686 1488 3741 invicem
1525 3686 1770 3756 partibus
1813 3685 2129 3740 minuuntur
2234 3686 2375 3741 hanc
2405 3685 2518 3740 toni
2539 3684 2870 3738 additionem
2898 3681 3159 3738 CCXLIII.
3206 3695 3471 3742 numerus,
3498 3682 3711 3732 souuster.

545 3786 601 3830 et
629 3786 881 3831 crescunt
913 3791 1050 3833 :nec
1078 3778 1145 3831 ad
1173 3777 1542 3832 harmonicam
1588 3776 1930 3839 medietatem
1969 3776 2131 3831 dissi-
2235 3778 2361 3833 tius.
2402 3777 2629 3833 Sumere
2667 3792 2773 3832 non
2801 3791 3022 3846 possum
3067 3775 3330 3832 CCXLIII.
3372 3770 3554 3827 numeri
3574 3776 3710 3837 partem

546 3867 754 3921 milium
785 3869 1194 3937 proportionum
1215 3877 1361 3931 sunt,
1393 3866 1488 3924 sed
1503 3867 1829 3937 geometrica
1857 3866 2127 3936 permensi
2233 3878 2505 3932 octavam,
2528 3867 2652 3937 quia
2683 3867 2826 3921 inter
2856 3867 2998 3921 hunc
3026 3876 3081 3921 et
3105 3877 3358 3937 quartum
3386 3850 3710 3919 terminum,qui

548 3959 840 4013 medietate
884 3960 1101 4028 epitrita
1146 3966 1203 4013 et
1250 3958 1392 4028 (698)
1438 3958 1794 4029 sesquialtera
1848 3956 2131 4012 intervalla
2234 3970 2318 4017 est
2350 3958 2567 4016 CCLVI.
2597 3958 2798 4029 quique
2837 3967 2925 4013 est
2968 3958 3221 4027 epitritus
3256 3958 3324 4011 ad
3356 3954 3572 4026 primum,
3594 3944 3708 3998 trede-

549 4048 839 4119 complent.
893 4048 1044 4104 Sicut
1095 4048 1238 4104 enim
1283 4048 1554 4105 secundus
1604 4049 2016 4119 sesquioctavus
2047 4057 2131 4103 est
2234 4053 2339 4109 cim
2372 4060 2578 4106 tantum
2629 4052 2865 4105 unitates
2909 4049 3279 4109 inveniuntur,
3303 4061 3417 4118 qua:
3439 4038 3709 4098 distantiaesl

549 4139 616 4193 ad
646 4140 879 4206 priorem
911 4152 992 4204 se,
1017 4140 1096 4195 sic
1116 4148 1293 4194 exstat
1322 4140 1511 4196 tertius
1537 4140 1603 4194 ad
1629 4140 1948 4195 secundum.
1980 4138 2133 4194 Siout
2234 4144 2289 4199 in
2316 4143 2588 4200 semitonii
2623 4143 2851 4197 ratione,
2882 4141 2948 4195 Et
2979 4140 3129 4196 ﬁnita
3160 4150 3245 4196 εει
3270 4123 3708 4194 diatessarontuodu-

552 4228 619 4284 ad
646 4228 850 4284 LXIlIl.
879 4231 1290 4299 sesquioctaVus
1316 4241 1399 4286 est
1422 4248 1683 4286 numerus
1713 4230 1923 4286 LXXII.
1955 4230 2036 4286 sic
2063 4230 2132 4285 ad
2235 4234 2367 4289 latio
2423 4234 2634 4289 duobus
2697 4233 2839 4287 tonis
2870 4247 2934 4287 ac
2962 4221 3253 4287 semitonio
3278 4234 3549 4299 supputata.
3574 4218 3707 4272 limus

549 4317 758 4373 LXXII.
788 4318 1192 4387 sesquioctavus
1214 4327 1296 4375 est
1327 4333 1585 4375 numerus
1611 4319 1847 4375 LXXXI.
2236 4323 2489 4395 quoniam
2516 4321 2795 4392 sescuplus
2817 4331 2903 4377 est
2922 4323 3161 4393 epogdoa
3191 4322 3390 4375 ratione
3410 4314 3568 4383 major.
3590 4304 3706 4361 tollam

623 4410 692 4463 D.
732 4411 1013 4481 Cognosce
1043 4411 1260 4481 quidem
1289 4427 1452 4478 nunc,
1475 4413 1711 4481 qualiter
1730 4415 1922 4469 horum
1947 4429 2136 4470 nume-
2239 4417 2307 4471 de
2355 4431 2491 4471 sono
2548 4424 2764 4485 quarto,
2818 4417 2870 4469 id
2914 4425 3015 4478 est,
3057 4415 3274 4470 CCLVI.
3316 4422 3516 4467 numero
3536 4404 3702 4485 octavam

555 4515 741 4556 rerum
797 4502 956 4555 modo
1007 4500 1117 4555 toui
1164 4501 1506 4556 metiantura
1538 4503 1698 4557 tonis.
1744 4503 1852 4558 Sed
1876 4504 1993 4570 dic,
2026 4520 2133 4575 qua
2242 4521 2418 4571 suam,
2448 4483 2673 4574 qttzevest
2695 4503 2904 4560 XXXII.
2934 4514 2989 4559 et
3016 4504 3077 4558 ﬁt
3114 4519 3214 4574 per
3236 4501 3384 4570 hujus
3413 4495 3507 4551 toni
3530 4483 3705 4555 ειιῆθοίίθ·

555 4605 721 4647 causa
748 4593 846 4646 hos
876 4607 1131 4647 numeros
1157 4607 1255 4661 pro
1281 4593 1531 4663 exemplo
1560 4594 1810 4665 elegeris.
2160 4591 2212 4650 D
2239 4611 2359 4650 nem
2381 4593 2790 4650 CCLXXXVIII.
2816 4610 3095 4660 numerus,
3124 4609 3289 4649 sonus
3311 4589 3522 4661 quintus.
3545 4581 3697 4665 Destino

552 4694 558 4700 ‘
627 4679 707 4735 Μ.
746 4678 1013 4747 Quoniam
1067 4681 1119 4734 id
1166 4682 1361 4736 minori
1411 4664 1979 4740 numeroimonstrari
2029 4701 2134 4741 non
2237 4687 2426 4756 quinto
2471 4686 2715 4740 auferam
2743 4694 2991 4740 octavam
3031 4701 3206 4750 suam,
3233 4697 3347 4755 quae
3378 4688 3452 4735 est
3475 4664 3650 4745 XXXVI-
3669 4666 3701 4713 εί

555 4776 753 4847 potuit,
797 4790 960 4845 quam
1015 4775 1294 4830 octonario
1332 4776 1502 4830 octies
1544 4778 1726 4832 ducto.
1771 4779 1819 4832 Is
1849 4790 2029 4835 autem
2056 4789 2139 4836 est
2241 4778 2302 4832 Iit
2325 4793 2423 4849 per
2450 4776 2755 4848 hujusmodi
2787 4775 3144 4845 adjectionem
3175 4766 3473 4831 CCCX-XIIII.
3507 4763 3695 4816 utth

556 4869 747 4925 LXIIII.
780 4869 867 4924 hic
901 4868 1045 4923 enim
1075 4867 1202 4938 quia
1220 4868 1488 4923 secundus
1513 4877 1598 4923 est
1622 4870 1891 4939 octuplus,
1923 4872 2141 4943 sesqui-
2241 4884 2407 4924 sonus
2436 4878 2643 4923 sextus.
2672 4869 2747 4924 De
2771 4883 2906 4923 sono
2937 4879 3091 4925 sexto
3111 4867 3344 4924 auferam
3363 4856 3696 4946 octavam-sunto.

556 4973 778 5019 octavos
803 4963 940 5017 duos
961 4976 1027 5015 ex
1057 4976 1118 5015 se
1144 4960 1411 5031 producit.
1438 4960 1568 5015 Nam
1597 4972 1789 5017 octava
1816 4962 2010 5018 LXIIII.
2040 4942 2139 5019 nu-
2242 4979 2361 5034 quae
2388 4972 2472 5019 est
2500 4963 2613 5018 XL.
2640 4970 2695 5018 et
2721 4963 2907 5023 semis.
2940 4963 3106 5034 ﬁtque
3134 4977 3232 5034 per
3260 4963 3385 5016 banc
3409 4950 3499 5008 toni
3521 4942 3694 5009 atliecllo'

559 5055 695 5109 meri
730 5055 907 5110 eidem
955 5052 1136 5107 addita
1166 5050 1369 5106 LXXII.
1410 5068 1691 5108 numerum
1740 5055 1935 5110 reddit.
1971 5053 2139 5111 Porro
2242 5071 2365 5110 nem
2410 5055 2732 5111 CCCLXIIII.
2783 5070 3061 5122 numerus,
3094 5071 3259 5111 sonus
3301 5036 3695 5125 septimus.A50"_°

561 5155 752 5201 octava
798 5161 924 5215 pars
978 5141 1182 5197 LXXII.
1236 5143 1411 5199 eidem
1462 5144 1640 5199 addita
1690 5146 1869 5201 reddit
1904 5145 2139 5202 LXXXI.
2235 5155 2417 5200 autem
2474 5145 2704 5215 septimo
2758 5145 3018 5201 adversus
3082 5136 3470 5202 CCCLXXXII".
3513 5128 3691 5224 et

561 5237 629 5293 Et
652 5241 725 5291 ita
751 5235 1264 5305 ﬁuntsesquioctavi
1287 5235 1413 5301 duo,
1446 5234 1635 5290 LXIIII.
1667 5237 1874 5294 LXXII.
1900 5238 2137 5295 LXXXI.
2237 5251 2548 5299 numerum,
2571 5237 2661 5304 qui
2685 5245 2907 5292 octavus
2927 5244 3010 5291 est
3033 5251 3219 5300 sonus,
3245 5236 3429 5291 restant
3448 5220 3689 5313 inseruit?!"

562 5329 762 5386 Verum
800 5301 1055 5400 quoniam
1089 5329 1422 5399 propositum
1465 5327 1584 5389 fuit.
1616 5330 1828 5399 plenius
1850 5333 2140 5403 explicare,
2236 5329 2448 5384 ratione
2494 5301 2667 5384 XVIII.
2703 5330 2962 5395 unitates,
2987 5339 3042 5384 et
3084 5330 3233 5385 rlaita
3271 5334 3346 5383 est
3371 5309 3599 5377 modulatio
3615 5301 3686 5356 dia-

562 5419 797 5490 qualiter
820 5429 875 5474 et
898 5419 950 5473 in
981 5419 1199 5487 epitrito
1230 5417 1514 5475 intervallo
1544 5421 1649 5475 duo
1688 5422 1800 5475 toni
1830 5438 1953 5478 cum
1980 5425 2145 5479 semi-
2238 5430 2400 5493 pente
2434 5422 2605 5478 tribus
2638 5422 2780 5479 tonis
2806 5438 2870 5479 ac
2896 5422 3186 5480 semitonio
3210 5419 3476 5491 Sttpputala-

562 5512 738 5579 tonio,
766 5526 866 5567 nec
888 5525 995 5567 non
1031 5512 1084 5565 in
1128 5520 1238 5565 tota
1271 5526 1526 5568 sonorum
1569 5511 1710 5568 serie
1737 5527 1860 5569 cum
1891 5513 2034 5568 tonis
2064 5526 2150 5568 se-
2313 5514 2517 5571 Horum
2560 5516 2870 5586 descriptio.

639 5714 786 5786 (698)
828 5711 1100 5782 Saletuit.,
1125 5712 1381 5783 sescnpla.
