3934 6428
267 488 283 619 1
399 544 602 601 To'nus.
726 558 736 619 ι
852 546 1063 602 Tonus.
1182 522 1642 619 [Semitoniu1n.l
1755 544 1957 599 Tonns.
2074 600 2083 619 ι
2197 543 2400 599 Tenus.
2517 505 2529 619 Ι
2644 539 2845 594 Tonus.
2968 480 3433 619 lSemitouiuunl

270 512 283 627 |
399 544 602 601 To'nus.
726 558 736 627 ι
852 546 1063 602 Tenus.
1182 522 1194 627 Ι

798 1392 1110 1462 Epitritum.
1621 1347 1634 1503 ‘

796 1557 1114 1628 Sescnplare

1481 370 1735 428 HUSICA
1776 369 2230 427 ENClllRIADlS.

1755 544 1957 599 Tonus.

1632 524 1642 645 ρ
1755 544 1957 599 Tonus.
2074 601 2076 643 Ι

1629 680 1639 797 ί
1775 707 1938 763 χχιι.

1629 850 1638 1073 !

1723 1016 2024 1087 Epogdous.

1727 1716 1979 1786 Duplum.

3353 358 3488 417 1022

399 544 602 639 'l‘o'uus.
852 546 1063 602 Tonus.
1219 512 1642 645 Semitonium.’
1755 544 1957 599 Tonns.
2074 600 2083 649 Ι
2197 543 2400 599 Tenus.
2644 539 2845 594 Tonus.
3010 537 3387 592 Semitouium.

398 710 608 766 xxnu.
724 558 736 981 ἱ
843 706 1058 762 xxvu.
1180 522 1190 981 Ι
1338 709 1474 765 xm.
1629 680 1639 797 Ι
1775 707 1938 763 xxn.
2075 678 2083 813 Ι
2177 703 2420 759 xxxvu.
2698 706 2809 761 XL.
3118 702 3281 758 xvu.

333 988 348 1003 .
785 981 797 987 -
1195 981 1249 997 ..
1629 981 1635 1001 ,
1685 981 1698 987 -

273 981 675 1122 Ιῗιῖρθςειοιιε.
818 1014 1127 1086 Epogdous.
1182 981 1499 1122 l.imma.

2197 543 2400 599 Tenus.
2517 537 2529 599 Ι
2644 539 2845 594 Tonus.
2970 537 3387 599 ISemitouium.

2075 656 2502 813 ,π
2518 656 2809 813 ΓΕ

2075 838 2087 1070 ι

2542 1011 2596 1077 εξ

2543 1084 2596 1124 γε

2088 968 2147 1107 Ξ
2170 1012 2474 1086 Epogdous.

271 981 675 1357 lz'Epogdous.
818 1014 1127 1086 Epogdous.
1195 981 1499 1085 gldmma.
1723 1016 2024 1087 Epogdous.
2170 1012 2474 1086 Epogdous.
2522 981 2917 1335 \iEpogdous.
2993 990 3295 1077 iLimma.
3425 981 3442 1357 ι

294 1097 350 1145 κ
746 1098 798 1173 p'
1644 1108 1699 1149 εὖ
2092 1113 2146 1164 >4

309 1155 351 1188 ³
751 1163 798 1202 δ
1181 981 1250 1346 lo
1433 1210 1441 1217 -
1626 1078 1700 1345 l"

2092 1253 2148 1295 υ
3018 1266 3023 1271 .

269 1355 282 1522 ¹
798 1392 1110 1462 Epitritntn.
1621 1355 1634 1503 Ι
2070 1355 2083 1522 Ι
2592 1389 2905 1457 Epitritttm.
3431 1355 3443 1522 Ι

796 1557 1114 1628 Sescuplare
1619 1522 1630 1672 ι
2070 1522 2080 1663 Ι
2584 1553 2838 1625 Sescupla
2848 1570 2907 1610 re
3008 1584 3013 1589 ι

288 1668 3433 1691 __________________________________________________

1727 1716 1979 1786 Duplum.

283 1820 3442 1840 _______________._____________.________.________________.

2542 1013 2597 1077 εξ
2614 1013 2917 1084 Epogdons.

3067 1009 3295 1065 Limma.
3424 899 3439 1176 1

2996 1129 3050 1170 υ

2544 1197 2598 1258 ζ’)

2592 1389 2905 1457 Epitritum.

2584 1553 2838 1625 Sescupla
2848 1570 2907 1610 re
3008 1584 3013 1589 ι

288 1931 405 1986 Atsi
457 1929 794 1985 mensionum
827 1944 1041 2001 quoque
1087 1929 1461 2000 prohationem
1506 1929 1801 1994 desideras,
1833 1933 1880 1990 Α
1907 1927 2279 1997 disponamus.
2312 1927 2468 1982 Enim
2492 1942 2617 1983 vero
2657 1944 2795 1982 nona
2824 1939 2976 1999 parte
3001 1931 3182 1986 demta
3212 1948 3263 1986 a.
3297 1947 3349 1985 z.
3379 1944 3499 1998 spa-

190 2076 195 2081 .
223 2024 402 2080 facies
436 2022 692 2077 chordam
736 2022 801 2076 ad
828 2022 1110 2085 chordam,
1138 2021 1252 2075 sive
1280 2020 1514 2076 ﬁstulam
1557 2021 1622 2075 ad
1658 2022 1780 2076 ﬁstu

221 2113 339 2168 lam
363 2112 582 2182 epitrito
610 2110 891 2178 majorem,
911 2128 1031 2181 qute
1059 2121 1253 2181 quarto
1285 2111 1402 2166 loco
1447 2113 1690 2182 ponenda
1718 2113 1811 2167 sit.

211 2205 413 2261 Facies
448 2213 503 2258 et
564 2204 925 2273 sesquialtero
952 2204 1269 2274 longiorem,
1312 2219 1432 2273 quae
1472 2203 1592 2258 loco
1623 2204 1812 2273 quinto

208 2297 446 2352 locetur.
508 2294 698 2350 Facies
756 2296 916 2365 duplo
969 2296 1285 2366 longiorem.
1340 2312 1499 2366 quam
1560 2306 1808 2350 octavam

212 2404 411 2458 pones.
437 2386 566 2443 llem
609 2387 796 2458 prima?
816 2387 1034 2441 chordae
1059 2403 1152 2442 seu
1190 2387 1381 2441 ﬁstula:
1409 2397 1657 2442 octavam
1690 2402 1812 2456 par-

214 2489 330 2534 tem
381 2492 599 2531 sumens
642 2492 882 2547 apponcs
928 2477 1195 2532 secundae.
1248 2476 1504 2531 Octavam
1560 2478 1810 2531 Secundae

214 2586 444 2625 smuens
467 2585 706 2639 appones
730 2571 933 2633 tertite;
960 2580 1206 2625 octavam
1240 2569 1410 2624 tertia:
1455 2584 1669 2623 sumere
1701 2584 1807 2622 non

212 2660 423 2731 poteris
452 2659 515 2712 ad
550 2659 912 2714 emetiendum
954 2670 1229 2730 quartam,
1260 2675 1379 2729 qua:
1417 2658 1529 2727 jam
1581 2676 1806 2713 mensu-

215 2770 336 2809 ram
364 2755 574 2821 accepit
601 2770 627 2806 a
661 2754 856 2822 prima,
892 2762 1080 2813 contra
1112 2768 1271 2822 quam
1302 2753 1510 2807 scilicet
1540 2752 1680 2806 facta
1722 2761 1810 2807 est

213 2847 457 2914 epitrita.
483 2843 748 2900 Similiter
773 2862 877 2899 non
903 2861 1038 2914 opus
1064 2856 1167 2904 est.
1198 2844 1439 2914 quintam
1471 2845 1664 2900 iterato
1697 2860 1808 2900 me-

215 2933 309 2986 tiri
342 2949 436 3003 per
463 2945 733 3003 quartam.
773 2936 896 3005 quia
944 2936 1069 2989 dum
1118 2935 1188 2990 sit
1241 2935 1563 3006 sescuplaris
1595 2936 1803 3005 primae,

217 3029 592 3098 sesquioctava
627 3029 858 3085 ellicitur
883 3030 1135 3100 epitritm.
1166 3029 1380 3096 Quintae
1428 3044 1616 3084 rursus
1658 3037 1810 3085 octa-

218 3133 344 3172 vam
380 3120 572 3175 tollens
601 3121 846 3176 metieris
872 3130 1114 3195 sextam,
1150 3131 1315 3176 sexta:
1338 3131 1585 3177 octavam
1615 3121 1808 3176 tollens

217 3210 461 3265 metieris
508 3211 813 3280 septimam.
865 3212 965 3267 Per
1000 3212 1282 3281 septimam
1331 3222 1577 3267 octavam
1627 3211 1804 3267 metiri

220 3316 330 3355 non
361 3302 581 3371 poteris,
610 3304 734 3372 quia
768 3304 893 3357 dum
930 3313 1119 3359 octava
1160 3313 1348 3359 contra
1380 3305 1624 3374 quintam
1663 3304 1802 3358 facta
1837 3284 1881 3342 Β

217 3392 293 3449 sit
338 3396 579 3465 epitrita,
627 3397 871 3468 septimae
915 3408 971 3451 et
1025 3405 1233 3451 octavae
1276 3398 1531 3452 distantia
1583 3398 1806 3453 semito-

221 3486 372 3539 nium
432 3488 554 3542 erit.
598 3487 777 3557 Atque
825 3488 928 3542 hoc
982 3488 1388 3543 intervallorum
1438 3490 1598 3544 modo
1648 3504 1808 3546 voces

224 3577 454 3631 diversa:
489 3578 638 3633 suavi
661 3579 916 3645 junctum
948 3579 1302 3634 conveniunt.

292 3668 361 3721 D.
406 3667 598 3725 Mirum
629 3677 797 3733 certe,
825 3684 929 3723 non
957 3684 1117 3739 posse
1140 3669 1299 3725 aliter
1324 3687 1482 3727 voces
1513 3674 1811 3728 concorda-

224 3773 303 3821 re,
339 3759 441 3813 nisi
489 3774 632 3814 nunc
658 3760 796 3814 intra
823 3761 1124 3829 epitritum,
1155 3778 1298 3817 nunc
1323 3763 1461 3817 intra
1493 3765 1813 3833 sesquialte-

222 3865 340 3903 rum
366 3849 598 3919 spatium
630 3850 1042 3905 semitoniorum
1087 3852 1366 3906 intervalla
1420 3865 1808 3922 coarctentnr;

224 3940 297 3993 ita
343 3948 403 3993 ut
454 3954 554 3995 nec
582 3940 651 3994 ad
707 3940 1050 3997 medietatem
1078 3944 1433 4013 praecedentis
1459 3946 1569 4000 toni
1615 3962 1805 4017 perve-

224 4029 398 4083 aiant.

296 4138 371 4193 Μ.
413 4140 552 4195 Vere
582 4140 721 4197 mira
750 4149 805 4196 et
841 4141 1032 4197 deiliea
1075 4145 1177 4199 hoc.
1222 4147 1401 4201 evenit
1436 4148 1665 4202 ratione.
1706 4148 1812 4203 Sed

221 4240 284 4284 ut
310 4230 378 4284 ad
403 4230 659 4299 liquidum
692 4243 886 4287 cuncta
910 4234 1213 4304 dignoscas,
1239 4245 1508 4292 tentemns
1533 4250 1587 4291 et
1622 4256 1813 4295 mono-

232 4322 422 4377 chordi
452 4324 769 4380 divisionem
794 4341 892 4395 per
932 4327 1148 4381 easdem
1189 4329 1405 4399 regulas
1433 4344 1666 4385 sumere.
1704 4331 1814 4387 Hoc

226 4429 362 4483 ergo
403 4415 554 4484 prius
596 4418 835 4487 cognito,
869 4420 1009 4486 quod
1050 4420 1423 4487 productiores
1454 4423 1670 4477 chordae
1718 4438 1814 4478 seu

222 4506 416 4562 ﬁstulm
463 4524 625 4564 sonos
654 4510 930 4579 graviores
953 4511 1117 4565 edunt
1140 4553 1154 4573 ,
1204 4520 1261 4567 et
1289 4527 1355 4568 eo
1410 4515 1679 4569 acutiores
1704 4530 1813 4583 quo

221 4596 428 4653 fuerint
481 4601 790 4666 breviores;
855 4610 915 4656 ιιι
977 4604 1252 4659 contrario
1317 4606 1477 4659 modo
1549 4607 1885 4694 medietasc

130 4750 143 4758 ο
222 4689 445 4758 duplum
494 4699 669 4755 sonet,
718 4700 908 4761 quarta
939 4708 1066 4762 pars
1105 4693 1487 4763 quadruplum.
1541 4693 1625 4748 Sit
1681 4706 1811 4764 ergo

222 4782 425 4835 chorda
464 4782 699 4847 intensa,
725 4783 887 4839 veluti
933 4784 999 4837 ah
1033 4800 1083 4838 a.
1107 4786 1179 4839 .in
1219 4801 1268 4839 z.
1308 4785 1488 4839 tollam
1539 4785 1699 4853 hujus
1729 4785 1808 4839 di-

223 4871 448 4926 midium
507 4873 693 4942 spatii,
722 4875 886 4929 veluti
934 4876 1000 4927 ah
1025 4876 1077 4930 h.
1119 4877 1172 4930 iu
1204 4892 1253 4929 ι.
1283 4885 1340 4931 et
1362 4876 1510 4945 pulsa
1546 4878 1813 4931 medietas
1853 4946 1859 4954 ι

224 4961 485 5029 diapason
509 4971 729 5017 resonat
748 4964 815 5017 ad
850 4971 1037 5019 totum.
1057 4963 1263 5018 Tollam
1287 4965 1631 5020 medietatem
1656 4966 1814 5019 dini-

226 5048 322 5115 dii,
353 5049 519 5104 veluti
544 5051 613 5105 ab
653 5052 707 5106 h.
743 5051 795 5106 in
839 5068 892 5122 p.
938 5060 993 5106 et
1021 5062 1235 5107 resonat
1282 5054 1649 5124 disdiapason.
1680 5054 1813 5110 Item

224 5135 284 5195 in
349 5147 581 5209 utroque
634 5140 891 5211 diapason
948 5140 1122 5210 spatio
1185 5143 1428 5197 minores
1484 5143 1817 5213 symphonia:

228 5229 604 5299 disponantur,
634 5231 687 5285 id
727 5239 831 5295 est,
867 5232 939 5285 al)
969 5248 1020 5285 a.
1059 5247 1110 5285 z.
1142 5232 1194 5286 in
1237 5248 1291 5285 a.
1322 5233 1377 5287 h.
1418 5241 1471 5287 et
1522 5249 1711 5288 rursus
1744 5233 1814 5289 ab

227 5325 284 5376 ιι.
318 5336 368 5374 z.
397 5321 449 5374 in
478 5321 534 5375 h.
568 5337 621 5392 p.
647 5320 852 5377 Tollam
881 5330 1128 5392 quartam
1164 5332 1374 5395 partem
1406 5338 1435 5377 a
1464 5340 1513 5378 κ.
1542 5324 1726 5393 spatii,
1758 5333 1813 5379 et

226 5412 517 5481 respondet
545 5413 598 5467 d.
644 5428 693 5467 ι.
728 5415 1084 5469 diatessaron.
1116 5414 1322 5469 Tollam
1354 5415 1569 5470 tertiam
1601 5423 1809 5485 partem

229 5518 280 5557 a.
310 5520 361 5557 z.
391 5512 446 5559 et
476 5506 766 5574 respondet
791 5522 841 5559 ο.
879 5522 928 5561 z.
965 5506 1233 5575 diapente.
1285 5506 1550 5562 Similiter
1575 5508 1628 5561 in
1658 5507 1713 5561 h.
1754 5522 1809 5577 p.

231 5595 407 5664 spatio
443 5594 653 5650 sublata
701 5604 893 5666 quarta
932 5604 1087 5664 parte
1135 5596 1470 5653 diatessaron
1499 5607 1690 5660 sonat;
1724 5610 1817 5651 su—

229 5688 371 5743 blata
401 5698 554 5759 parte
584 5690 739 5746 tertia
774 5691 1024 5759 diapente
1053 5690 1179 5747 erit.

302 5801 455 5860 Nunc
519 5802 853 5860 diatessaron
908 5812 964 5858 et
1017 5802 1267 5874 diapente
1328 5798 1500 5871 spatia
1557 5796 1814 5871 epogdois

2524 3024 2867 3094 Bisdiapason

2175 3178 2459 3250 Diapason.
2957 3177 3242 3248 Diapason.

2101 3285 2526 3346 ABCDEFG
2705 3140 2716 3409 ι
2856 3283 3346 3343 HIKLMNOP

2018 3473 2057 3514 ι.
2102 3469 2139 3512 l.
2182 3474 2225 3512 S.
2308 3415 2320 3572 Ι
2367 3467 2403 3511 Ι..
2449 3469 2489 3513 ι.
2535 3470 2573 3512 ι.
2615 3476 2659 3513 S.
2704 3419 2714 3565 Ι
2807 3473 2846 3515 ι.
2893 3471 2930 3514 ι.
2971 3477 3016 3514 s.
3159 3470 3194 3513 Ι..
3242 3468 3280 3514 ι.
3325 3469 3360 3513 ι.
3394 3477 3439 3514 5.

2016 3627 2226 3681 Diales-
2306 3576 2316 3764 Ι
2394 3626 2623 3693 Diapen-
2699 3592 2708 3767 Ι
2804 3627 3009 3679 Diates-
3093 3438 3110 3769 Ι
3188 3624 3411 3691 Diapen—
3478 3584 3479 3587 Ἴ

2038 3713 2199 3750 saron
2464 3706 2537 3749 te.
2806 3712 2990 3750 saron.
3264 3703 3335 3747 te.

1919 2020 1998 2083 tii,
2030 2020 2134 2074 erit
2159 2020 2211 2074 ι».
2237 2037 2286 2074 z.
2320 2029 2496 2075 tonus.
2528 2020 2714 2075 Demta
2759 2038 2900 2075 nona
2938 2031 3091 2089 parte
3137 2024 3189 2078 b.
3227 2039 3276 2076 z.
3318 2020 3499 2091 Spatii,

1913 2110 2021 2165 erit
2055 2126 2105 2165 c.
2154 2128 2201 2164 7..
2243 2119 2420 2173 tonus,
2468 2121 2522 2165 et
2571 2111 2624 2166 (Ι.
2680 2129 2727 2166 z.
2773 2113 3140 2167 semitonium.
3187 2111 3321 2168 Cum
3372 2124 3502 2165 vero

1916 2203 2254 2258 diatessaron
2296 2212 2350 2257 et
2407 2204 2660 2274 diapente
2708 2204 3005 2260 dill‘ereutia
3048 2207 3119 2259 sit
3169 2215 3350 2270 tonus,
3397 2204 3504 2258 erit

1912 2307 2125 2361 quoque
2155 2292 2206 2345 d.
2242 2309 2292 2346 z.
2323 2294 2389 2347 ad
2419 2307 2467 2346 e.
2497 2310 2547 2348 ι.
2582 2303 2762 2356 tonus,
2791 2295 2967 2348 demta
3009 2309 3147 2349 nona
3174 2303 3323 2363 parte
3363 2308 3413 2347 e.
3449 2309 3498 2346 ι.

1912 2384 2092 2452 Spatii,
2126 2383 2230 2436 erit
2252 2382 2289 2436 f.
2317 2401 2365 2437 z.
2392 2392 2581 2448 tonus;
2613 2384 2788 2439 demta
2816 2401 2956 2439 nona
2985 2394 3139 2454 parte
3168 2384 3202 2438 l.
3234 2402 3281 2438 z.
3314 2385 3496 2453 spatii,

1911 2475 2017 2528 erit.
2047 2491 2096 2545 g.
2131 2491 2179 2527 z.
2214 2484 2391 2538 tonus,
2416 2485 2470 2530 et
2498 2476 2551 2529 h.
2581 2494 2629 2530 z.
2678 2478 3047 2540 semitonium,
3085 2486 3141 2531 et
3185 2478 3391 2531 [initum
3420 2487 3505 2534 est

1910 2566 2166 2634 diapason
2199 2567 2564 2622 intervallum.
2599 2567 2799 2621 Eodem
2827 2567 2984 2622 modo
3014 2568 3065 2621 in
3091 2567 3195 2621 alia
3223 2567 3503 2636 diapason,

1909 2655 2087 2722 idest,
2127 2657 2195 2711 ab
2225 2658 2279 2712 1ι.
2311 2674 2360 2712 z.
2390 2659 2440 2711 in
2487 2659 2542 2712 1ι.
2584 2674 2635 2729 p.
2673 2658 2903 2727 spatium
2947 2673 3046 2728 per
3082 2658 3416 2712 diatessaron
3450 2666 3507 2711 et

1907 2744 2158 2815 diapente
2206 2748 2491 2803 intervalla
2535 2757 2690 2803 tonos
2721 2766 2842 2803 cmn
2882 2750 3186 2805 semitoniis
3229 2748 3508 2804 ordinabis

1908 2837 2172 2894 diaconici
2199 2841 2579 2896 modulamiuis
2612 2843 2842 2897 ratione.

2524 3024 2867 3094 Bisdiapason

2957 3177 3242 3248 Diapason.

2856 3283 3346 3343 HIKLMNOP

2175 3178 2459 3250 Diapason.

2101 3285 2526 3346 ABCDEFG

2018 3469 2225 3514 t.t.s.
2309 3468 2713 3514 lt.t.t.s.l
2807 3471 3016 3514 t.t.s.
3100 3468 3439 3514 lt.t.t.s.

2367 3467 2403 3511 Ι..
2449 3469 2489 3513 ι.
2535 3470 2573 3512 ι.
2615 3419 2714 3565 8.,
2807 3473 2846 3515 ι.
2893 3471 2930 3514 ι.
2971 3477 3016 3514 S.

2306 3576 2316 3764 Ι
2394 3626 2489 3680 Dia
2499 3641 2623 3693 pen-

2464 3706 2537 3749 ιο.

2464 3706 2537 3749 ιο.

2804 3627 3009 3679 Diates-

2806 3712 2862 3750 εει
2873 3712 2990 3749 ιὀιι.

2016 3627 2226 3681 Diales-

2038 3713 2199 3750 831⁸01]

3188 3624 3411 3691 Diapen-

3264 3703 3314 3747 te

1984 3869 2053 3923 D.
2078 3868 2210 3925 Cum
2243 3868 2351 3924 sint
2379 3879 2611 3939 quatuor
2642 3868 3110 3924 tetrachordorum
3142 3867 3350 3935 species
3376 3865 3508 3917 silui-

1913 3971 2025 4016 met
2056 3961 2431 4021 succedentes,
2464 3961 2735 4029 quomodo
2776 3968 3001 4029 possunt
3045 3958 3270 4027 singulm
3316 3960 3505 4011 eadem

1915 4064 2173 4125 tonorum,
2196 4069 2257 4107 ac
2284 4053 2691 4107 semitoniormu
2725 4052 2992 4120 positione
3020 4049 3312 4105 constare?

1987 4143 2063 4197 Μ.
2108 4142 2327 4196 Minime
2377 4152 2623 4212 possunt.
2678 4141 2810 4195 Nam
2865 4157 2986 4194 cum
3031 4156 3194 4192 unum
3247 4140 3312 4191 sit
3344 4147 3506 4191 tetra-

1914 4235 2200 4297 chordum,
2229 4235 2372 4303 quod
2404 4249 2499 4303 per
2537 4234 2673 4288 duos
2719 4243 2875 4287 tonos
2917 4241 2968 4286 et
3007 4231 3349 4286 semitonium
3379 4244 3507 4282 cou-

1916 4334 2042 4389 stat,
2097 4326 2239 4395 quod
2290 4325 2595 4395 proximum
2627 4331 2682 4377 et
2711 4338 2817 4376 uno
2845 4332 2972 4375 tono
3003 4323 3061 4375 lit
3105 4321 3287 4383 altius,
3326 4319 3509 4373 evenit

1915 4427 2167 4471 constare
2215 4424 2364 4479 tono,
2402 4415 2712 4476 semitouio,
2759 4423 2920 4480 atque
2970 4424 3117 4465 tono.
3170 4410 3322 4477 Quod
3378 4410 3505 4464 huic

1919 4510 2078 4561 tertio
2117 4506 2235 4560 loco
2262 4508 2527 4574 sequitur,
2554 4514 2608 4559 et
2650 4504 2937 4558 semitouio
2967 4503 3127 4556 altius
3165 4512 3266 4565 est,
3294 4507 3508 4553 constat

1916 4599 2227 4653 necessario
2290 4597 2577 4651 semitouio
2627 4605 2788 4664 atque
2834 4595 3042 4649 duobus
3097 4594 3256 4649 tonis.
3305 4590 3508 4646 Deinde

1921 4691 2060 4761 quod
2116 4700 2309 4761 quarta
2344 4690 2462 4744 vice
2497 4689 2761 4754 succedit,
2812 4697 2867 4742 et
2911 4704 3019 4741 uno
3070 4696 3198 4740 touo
3244 4701 3271 4737 a
3325 4684 3507 4752 priore

1922 4788 2107 4848 distat,
2143 4785 2406 4856 contingit
2436 4799 2557 4839 esse
2603 4798 2859 4837 sonorum
2904 4783 3087 4835 trium.
3114 4778 3322 4832 Rursus
3362 4775 3504 4843 quod

1921 4878 2114 4949 quinto
2161 4877 2280 4931 loco
2314 4876 2496 4939 fuerit,
2534 4876 2709 4944 primo
2749 4874 2938 4928 ordine
2980 4872 3236 4926 redeunte
3275 4869 3503 4922 duorum

1920 4978 2171 5024 tonorum
2208 4967 2311 5020 erit
2335 4975 2498 5034 atque
2525 4964 2818 5019 semitouii.
3476 5014 3485 5029 τ

1996 5061 2061 5115 D.
2105 5058 2500 5128 Numquidnam
2536 5059 2618 5112 lue
2668 5054 2891 5125 singulze
2932 5052 3228 5121 positiones
3277 5048 3506 5119 singulis

1923 5152 2389 5209 tetrachordorum
2426 5151 2709 5220 speciehus
2742 5156 2868 5202 sunt
2905 5144 3177 5216 propriae?

1996 5243 2071 5298 Μ.
2124 5241 2262 5297 Sunt
2292 5252 2460 5297 certe.
2492 5241 2699 5295 Idcirco
2742 5253 2975 5305 namque
3020 5250 3117 5305 per
3162 5235 3346 5303 quinta
3388 5233 3503 5286 loca

1920 5337 2107 5391 eadem
2162 5335 2317 5397 redit,
2369 5333 2635 5388 cantionis
2684 5330 2959 5398 qualitas,
3029 5329 3155 5399 quia
3220 5327 3505 5397 positionis

1918 5425 2158 5495 ejusdem
2193 5426 2327 5479 ordo
2349 5422 2754 5491 circumagitur.

1987 5519 2058 5572 D.
2100 5518 2213 5584 Qua
2244 5531 2374 5585 ergo
2406 5515 2612 5569 ratione
2647 5512 2990 5567 semitonium
3020 5511 3159 5565 inter
3183 5524 3319 5579 qttos
3344 5521 3505 5561 sonos

1917 5610 2105 5666 cadit?

1997 5702 2074 5758 Μ.
2116 5699 2394 5770 Superiori
2439 5696 2667 5758 formam
2719 5696 2783 5750 da
2823 5695 2955 5757 triti,
2995 5690 3237 5747 inferiori
3276 5688 3501 5743 formam

1923 5795 2152 5862 deuteri,
2187 5791 2408 5863 reliquis
2441 5804 2588 5856 vero,
2632 5796 2790 5860 prout
2815 5788 2936 5851 quis
2967 5803 2995 5841 a
3029 5782 3315 5841 semitouio
3345 5790 3503 5837 tonus
