3934 6404
236 378 376 436 i025

1100 374 1652 438 COMMEMORATIO
1687 380 1936 438 BREVIS
1977 383 2062 439 DE
2103 383 2325 452 TONIS,
2369 387 2518 442 ETC.

3331 401 3336 406 ”
3352 399 3488 455 1026

304 490 373 543 D.
413 485 654 544 Ubertim
696 487 875 542 omnia
902 497 1152 544 constant
1194 492 1460 558 exposita,
1498 492 1581 546 vel
1616 493 1809 562 quibus
1839 502 1886 557 Α
1917 512 2060 551 mum
2116 498 2306 553 dividit
2360 510 2521 569 atque
2572 501 2970 557 duodecimum.
3014 502 3119 560 Sed
3166 507 3483 576 sciendum;

229 578 414 634 causis
451 576 538 630 vel
592 587 723 645 quot
785 577 960 632 modis
998 579 1294 647 positiones
1344 583 1810 638 tetrachordorum

227 673 544 727 varientur:
571 670 656 725 vel
682 671 949 739 quomodo
979 670 1204 742 singulis
1227 673 1552 741 positionum
1584 676 1814 730 varieta-

232 764 376 818 tibus
403 762 684 816 modorum
732 761 844 816 sive
891 769 1167 831 troporum
1205 763 1415 832 species
1463 773 1806 833 generentur.

227 853 406 908 l.ocus
436 861 610 907 tamen
645 852 819 906 adhuc
847 852 1182 922 inquisitioni
1215 862 1390 908 vacat.
1420 855 1613 909 Dixisti
1643 856 1810 924 siqui-

226 944 369 1006 dem,
411 942 616 997 idcirco
637 956 734 1011 per
751 942 966 1010 quintas
1005 941 1248 1012 regiones
1268 943 1512 998 eumdem
1539 945 1675 1013 tropi
1698 959 1810 1000 tuo-

225 1035 358 1088 dum
396 1033 596 1100 redire,
641 1033 894 1103 quoniam
932 1032 1074 1088 idem
1113 1034 1398 1104 positionis
1447 1034 1582 1090 ordo
1626 1049 1809 1090 rever-

223 1126 380 1180 titur.

298 1215 378 1271 Μ.
421 1217 537 1271 Dixi
568 1214 727 1286 plane
766 1223 821 1271 et
850 1225 1070 1286 propter
1096 1216 1504 1286 sesquialteram
1535 1217 1805 1272 habitudi-

222 1321 349 1361 nem
382 1321 478 1376 per
502 1306 720 1375 quintas
768 1306 1015 1376 regiones
1061 1319 1358 1360 consonare
1404 1307 1802 1377 symphoniam,

219 1409 278 1454 et
301 1397 539 1466 ejusdem
569 1398 710 1452 modi
739 1407 952 1468 tropum
979 1399 1048 1453 ob
1082 1399 1321 1468 ejusdem
1351 1399 1560 1453 ordinis
1581 1399 1804 1468 positio-

218 1507 347 1545 nem
377 1490 597 1546 reverti.
634 1489 814 1559 Atque
847 1489 1050 1544 idcirco
1088 1490 1213 1544 dum
1241 1490 1294 1544 in
1320 1490 1494 1544 alieno
1532 1489 1650 1545 loco
1675 1491 1804 1560 quid

217 1582 476 1646 sumitur,
503 1590 598 1635 aut
625 1581 762 1650 tropi
803 1581 1118 1650 qualitatem
1147 1581 1387 1636 retinens
1435 1581 1708 1650 discrepat
1735 1580 1804 1634 ab

216 1690 290 1729 eo
325 1675 467 1744 quod
492 1674 769 1744 praecedit,
799 1674 926 1729 dum
961 1675 1044 1729 sui
1077 1675 1283 1730 ordinis
1328 1674 1647 1745 positionem
1693 1691 1800 1728 non

217 1767 456 1827 invenit;
489 1773 582 1818 aut
621 1764 798 1820 alieno
841 1765 1042 1822 cedens
1073 1766 1248 1820 ordini
1295 1765 1432 1834 tropi
1479 1765 1796 1835 qualitatem

216 1857 640 1926 transpositione
691 1858 978 1913 convertit.
1032 1856 1139 1912 Sed
1191 1858 1333 1928 quod
1381 1859 1655 1929 inquirere
1703 1873 1801 1928 po-
1834 1841 1876 1898 Β

219 1949 414 2012 tueris,
442 1948 637 2017 pande.
705 1944 710 1947 “

297 2046 366 2096 1).
400 2041 597 2109 Quaero
624 2042 895 2112 equidem,
923 2058 1045 2098 cum
1074 2057 1179 2097 non
1208 2042 1351 2097 aliud
1379 2043 1626 2097 videatur
1653 2041 1798 2112 ejus-

212 2132 340 2186 dem
392 2133 530 2202 tropi
563 2133 772 2196 modus,
816 2148 978 2202 quam
1028 2133 1080 2187 in
1127 2132 1316 2187 eodem
1367 2132 1508 2186 melo
1550 2141 1797 2186 tonorum

214 2232 340 2275 cum
373 2222 674 2277 semitoniis
713 2223 853 2276 idem
877 2222 1042 2286 ordo;
1076 2228 1305 2291 cumque
1331 2221 1570 2289 ejusdem
1591 2221 1797 2276 ordinis

212 2313 411 2381 positio
437 2328 532 2382 per
570 2323 791 2369 octavas
838 2328 944 2367 non
986 2313 1172 2367 redeat
1205 2313 1469 2380 regiones,
1500 2325 1670 2380 quare
1702 2326 1794 2365 vo-

214 2417 307 2458 ces
328 2412 518 2459 octava
560 2405 777 2474 regione
819 2404 1081 2460 distantes
1127 2404 1317 2459 eodem
1368 2411 1520 2472 tropo
1567 2416 1795 2456 concor-

215 2492 380 2547 dent?

289 2583 366 2637 Μ.
412 2583 605 2638 Verum
629 2585 843 2654 quidem
863 2593 966 2651 est,
1001 2586 1142 2654 quod
1164 2581 1616 2653 quemadmodum
1643 2581 1798 2650 quin-

215 2683 305 2738 tae,
334 2675 407 2727 ita
447 2690 599 2728 nonae
649 2675 714 2728 sit
761 2675 996 2746 regionis
1041 2672 1220 2744 potius
1264 2687 1424 2741 quam
1480 2679 1706 2734 octavm,
1743 2670 1794 2724 in

214 2766 400 2818 eadem
454 2779 710 2819 sonorum
760 2765 1141 2819 constitutione
1194 2763 1436 2817 eamdem
1475 2760 1795 2830 positionem

217 2854 419 2910 referre
444 2873 456 2908 ε
494 2865 547 2910 ut
575 2858 712 2912 sicut
736 2856 942 2926 primus
968 2871 1031 2909 ac
1062 2855 1330 2909 secundus
1359 2863 1486 2906 tono
1513 2851 1798 2920 distingui-

218 2953 304 2998 tur
345 2945 422 3001 ita
452 2954 610 3001 tonus
659 2946 731 3000 sit
770 2945 1109 3016 inter(699)
1163 2959 1360 2998 nonum
1411 2958 1475 2998 ac
1529 2942 1796 2996 decimum

215 3051 444 3090 sonum:
487 3038 628 3092 sicut
673 3038 813 3093 inter
841 3038 1136 3092 secundum
1165 3051 1228 3090 ac
1275 3035 1514 3099 tertium,
1561 3035 1631 3088 ita
1657 3036 1796 3086 inter

219 3126 379 3198 (700)
428 3127 698 3182 decimum
771 3138 933 3198 atque
1007 3127 1380 3191 undecimum,
1446 3125 1790 3180 semitonium

215 3193 391 3272 autem
429 3220 567 3275 sicut
597 3221 813 3276 tertium
843 3193 894 3275 et
927 3229 1203 3290 quartum,
1238 3220 1309 3274 ita
1347 3219 1518 3290 (701)
1573 3218 1792 3272 undeci-
1821 3193 1864 3255 Ο

283 3374 452 3444 (699)
491 3375 547 3430 S.
576 3383 825 3428 octavum
851 3389 912 3428 ac
937 3389 1134 3427 nonum
1163 3393 1175 3428 :

285 3459 298 3509 t
327 3447 458 3516 700)
489 3449 546 3500 S.
580 3461 776 3500 nonum
810 3455 863 3499 et
889 3447 1174 3500 decitntnn.

1915 586 2058 655 quod
2083 587 2135 640 in
2164 587 2266 642 hac
2289 589 2522 643 maxima
2557 591 2875 660 symphonia
2902 607 3025 657 vox,
3051 610 3169 662 quae
3200 595 3268 649 ad
3303 611 3489 652 vocem

1913 675 2158 745 superior
2177 678 2497 748 graviorque
2526 681 2730 735 octavis
2763 680 2894 736 locis
2911 683 3220 748 accesserit,
3253 700 3360 740 non
3401 701 3492 741 se-

1913 765 2098 833 quitur
2126 767 2207 820 sui
2239 767 2342 822 loci
2385 768 2650 835 ordinem,
2698 770 2789 824 sed
2817 769 2954 837 ejus,
2994 773 3081 827 cui
3124 784 3490 830 consonanter

1913 858 2264 924 responderit.
2302 858 2411 914 Nec
2451 862 2594 915 enim
2641 863 3046 917 consonantiam
3096 874 3397 933 praestaret,
3441 868 3486 921 si

1910 946 1994 999 vel
2023 956 2180 1000 tonus
2207 948 2259 1001 in
2288 949 2652 1015 semitonium,
2699 951 2782 1004 vel
2811 953 3154 1008 semitonium
3187 970 3217 1008 e
3267 955 3488 1024 regione

1909 1034 2205 1090 offenderet
2235 1037 2287 1090 in
2321 1045 2528 1092 tonum.

1980 1142 2046 1196 ι).
2087 1142 2364 1210 Quomodo
2393 1146 2503 1200 toni
2529 1146 2582 1199 in
2606 1147 2888 1203 semitonia
2917 1149 3286 1208 offenderent?

1978 1260 2055 1314 Μ.
2094 1261 2150 1316 Si
2179 1262 2486 1332 plithongos
2531 1273 2718 1318 octava
2769 1267 2988 1334 regione
3038 1269 3322 1333 distantes,
3352 1272 3478 1329 illos

1905 1351 2247 1406 semitonium
2271 1353 2639 1423 distingueret,
2674 1355 2769 1408 hos
2806 1364 2981 1420 tonus,
3013 1361 3241 1429 exempli
3277 1363 3470 1432 gratia,

1905 1443 1947 1496 si
1978 1443 2103 1496 dum
2133 1443 2200 1497 sit
2248 1452 2404 1497 tonus
2435 1445 2574 1498 inter
2601 1445 2830 1513 primum
2870 1462 2932 1501 ac
2968 1451 3261 1503 secundum
3296 1462 3483 1506 contra

1904 1542 2151 1586 octavum
2190 1542 2349 1602 atque
2376 1549 2574 1588 nonum
2600 1551 2814 1600 sonum,
2837 1537 2908 1591 sit
2935 1546 3093 1593 tonus
3124 1539 3262 1593 inter
3291 1557 3485 1596 secun-

1903 1623 2028 1677 dum
2058 1640 2121 1678 ac
2173 1625 2387 1678 tertium
2423 1635 2610 1679 cont-ra
2659 1642 2856 1680 nonum
2890 1639 3050 1697 atque
3097 1629 3386 1694 decimum,
3419 1633 3488 1686 sit

1903 1702 2032 1769 vero
2061 1715 2406 1769 semitonium
2438 1716 2578 1770 inter
2614 1719 2831 1772 tertium
2883 1728 2938 1772 et
2985 1729 3238 1788 quartum
3271 1736 3484 1784 sonum,

1908 1814 2066 1859 tonus
2096 1820 2126 1860 e
2149 1806 2424 1862 contrario
2448 1807 2588 1862 inter
2619 1808 2883 1863 decimum
2913 1818 3074 1878 atque
3108 1809 3482 1873 undecimum;

1908 1908 2064 1951 tonus
2093 1898 2220 1952 item
2265 1898 2406 1952 inter
2453 1908 2703 1968 quartum
2750 1910 2800 1954 et
2848 1901 3114 1970 quintum,
3149 1917 3178 1956 e
3213 1903 3486 1956 contrario

1903 1988 2245 2043 semitonium
2292 1989 2433 2043 inter
2491 1989 2834 2044 undecimum
2883 1998 3043 2058 atque
3105 1991 3480 2045 duodecimum

1901 2094 2126 2134 sonum:
2157 2076 2247 2132 Sic
2271 2078 2512 2148 profecto
2543 2079 2844 2134 semitoniis
2875 2090 3065 2134 contra
3099 2090 3252 2134 tonos
3275 2081 3486 2134 dissen-

1901 2169 2158 2224 tientibus
2195 2184 2292 2224 nec
2332 2169 2471 2223 inter
2527 2178 2778 2237 quartum
2830 2184 3020 2224 sonum
3071 2178 3234 2238 atque
3264 2170 3486 2224 undecia

1900 2275 2070 2323 mum,
2121 2273 2220 2313 nec
2273 2259 2414 2312 inter
2475 2259 2720 2327 quintum
2767 2269 2929 2328 atque
2981 2259 3354 2313 duodecimum
3396 2258 3483 2314 vel

1900 2351 2040 2420 dupli
2093 2350 2352 2406 habitudo
2380 2365 2498 2404 esse
2522 2360 2718 2420 posset,
2752 2349 2835 2403 vel
2867 2351 3216 2404 consonantia
3243 2361 3335 2403 aut
3372 2359 3479 2404 tro-

1897 2463 1996 2518 pus
2023 2447 2184 2502 idem.
2231 2446 2382 2502 Nunc
2412 2463 2538 2502 vero
2580 2463 2704 2501 eum
2749 2449 2820 2500 sit
2851 2457 3006 2502 tonus
3049 2447 3190 2502 inter
3231 2457 3479 2502 octavum

1901 2551 1954 2595 θι
1985 2556 2184 2594 1101111111
2211 2556 2401 2596 sonum
2426 2549 2613 2595 contra
2636 2540 2867 2608 primum
2883 2555 2947 2594 ac
2972 2542 3291 2606 secundum,
3317 2551 3476 2595 lOﬂUS

1901 2633 2042 2688 inter
2068 2648 2269 2688 nonum
2308 2648 2374 2687 ac
2403 2633 2673 2688 decimum
2705 2642 2893 2686 contra
2946 2634 3242 2686 secundum
3273 2648 3336 2686 ac
3374 2643 3480 2686 ter-

1900 2723 2054 2788 tium,
2103 2723 2446 2778 semitonium
2496 2739 2624 2778 vero
2678 2725 2819 2778 inter
2855 2724 3120 2778 decimum
3161 2731 3215 2777 et
3261 2725 3480 2778 undeci-

1900 2832 2068 2881 mum,
2119 2817 2386 2884 quomodo
2444 2815 2587 2870 inter
2634 2816 2850 2869 tertium
2905 2823 2961 2868 et
3019 2824 3322 2883 quartum:
3380 2830 3478 2884 per

1899 2907 2200 2976 bujusmodi
2235 2915 2484 2960 tonorum
2519 2915 2572 2960 et
2599 2906 3004 2960 scmitoniorutn
3033 2921 3062 2958 e
3091 2907 3308 2976 regione
3335 2923 3468 2959 con-

1899 2997 2138 3051 cordiam
2191 2995 2349 3064 dupla
2405 2996 2682 3065 proportio
2727 3005 2781 3050 et
2840 2995 3214 3066 symphoniam
3270 3003 3474 3060 servat,

1900 3088 2146 3158 tropique
2177 3087 2368 3140 retinet
2392 3085 2628 3140 modum.

2195 3196 2444 3252 Scholica
2481 3195 2822 3251 Enehiriadis
2846 3194 2965 3249 linit
2990 3194 3009 3265 (
3024 3193 3126 3247 702
3149 3192 3191 3265 ).

1968 3374 2103 3439 (701
2130 3374 2148 3442 )
2182 3374 2240 3427 S.
2270 3373 2537 3442 decimum
2562 3373 2753 3427 dividit
2780 3381 2940 3442 atque
2979 3372 3342 3426 undecimum.

1963 3441 2279 3514 (702)00d.
2305 3443 2433 3514 Teg.
2468 3441 2610 3495 Finit
2677 3443 2807 3496 liber
2841 3441 3052 3496 musica:
3077 3444 3226 3494 artis.

220 3645 3462 3674 ΜΨ

1625 3824 2084 3916 INCIPIT

327 4059 1105 4164 ΟΟΜΜΕΜΟΒΛΤΙΟ
1152 4059 1496 4160 BBEVIS
1553 4058 1679 4155 DE
1737 4057 2015 4158 TONIS
2072 4056 2195 4152 ET
2259 4052 2658 4150 PSALMIS
2711 4053 3361 4151 MODULANDIS.

1657 4319 2031 4338 ————.

282 4501 533 4556 Debitum
562 4497 839 4554 servitutis
865 4501 1078 4558 nostrae,
1117 4493 1208 4562 qui
1231 4493 1296 4547 ad
1330 4491 1690 4547 ministerium
1724 4488 2050 4544 laudationis
2088 4489 2431 4558 deputamur,
2464 4503 2568 4542 non
2625 4486 2798 4541 solum
2849 4497 3116 4556 mtegrum
3161 4488 3322 4545 debet
3361 4506 3479 4547 esse

211 4572 266 4648 et
299 4591 652 4662 plenum,sed
681 4587 889 4643 decenti
918 4601 1132 4655 quoque
1182 4584 1554 4638 convenientia
1602 4582 1922 4649 jucundum,
1973 4590 2134 4649 atque
2173 4595 2354 4634 suave.
2393 4580 2458 4634 Et
2512 4578 2631 4633 ideo
2661 4578 2864 4648 peritos
2911 4593 3008 4633 nos
3054 4593 3176 4635 esse
3228 4583 3479 4636 convenit

213 4688 375 4743 ofﬁcii
433 4695 624 4748 nOSll‘l,
676 4693 737 4737 ut
779 4682 1014 4737 scienter
1067 4687 1122 4733 et
1179 4686 1368 4732 ornate
1415 4675 1776 4731 conﬁteantur
1827 4673 2040 4727 Nemini
2071 4681 2260 4727 sancto
2302 4671 2438 4740 ejus,
2463 4681 2518 4724 et
2553 4669 2846 4741 gloriemur
2877 4670 2929 4723 in
2970 4671 3302 4726 carminibus
3323 4673 3476 4745 suis:

213 4787 478 4847 quatenus
504 4785 557 4830 et
585 4774 696 4828 Deo
734 4780 917 4827 nostro
936 4769 1170 4840 jucunda
1204 4767 1272 4822 sit
1300 4765 1604 4834 decoraque
1636 4763 1889 4827 laudatio,
1915 4772 1970 4817 et
1998 4762 2280 4816 audientes
2311 4761 2364 4815 in
2400 4775 2626 4830 operum
2659 4758 2750 4811 Dei
2780 4759 2993 4813 laudem
3035 4769 3090 4814 et
3118 4761 3476 4814 reverentiam

213 4871 583 4926 exardescant.
615 4867 868 4934 Quamvis
891 4864 1033 4920 enim
1063 4863 1172 4916 Deo
1205 4861 1375 4931 magis
1414 4860 1644 4928 placeat,
1673 4859 1763 4928 qui
1787 4859 1968 4922 corde,
1995 4873 2154 4925 quam
2183 4857 2274 4925 qui
2316 4872 2450 4911 voce
2491 4857 2670 4920 canit;
2716 4863 3003 4920 utrumque
3040 4862 3218 4905 tamen
3265 4868 3332 4906 ex
3362 4852 3480 4921 ipso

212 4971 319 5026 est,
355 4971 408 5014 et
437 4959 721 5028 dupliciter
745 4956 983 5025 prodest,
1020 4957 1063 5009 si
1097 4963 1384 5022 utrumque
1405 4952 1523 5016 ﬁat,
1557 4953 1602 5007 si
1633 4953 1845 5008 scilicet
1891 4962 1947 5008 et
1994 4953 2177 5006 animo
2225 4953 2366 5021 apud
2407 4953 2573 5006 Deum
2601 4949 2830 5005 dulciter
2878 4947 3112 5009 canitur,
3154 4955 3208 4999 et
3237 4946 3480 4999 homines

213 5049 429 5106 canoris
460 5046 683 5102 dulcedo
718 5053 905 5099 sancto
935 5043 1126 5097 alfectu
1166 5052 1492 5097 commovet.
1527 5041 1678 5097 Licet
1713 5058 1928 5111 quoque
1953 5041 2246 5096 multorum
2268 5043 2488 5096 devotio
2519 5043 2628 5096 Deo
2666 5041 2818 5095 valde
2860 5039 3059 5108 placet,
3109 5038 3200 5106 qui
3253 5038 3304 5091 in
3337 5039 3480 5106 psal-

214 5143 393 5198 modia
419 5156 521 5196 nec
552 5141 668 5210 ipsa
703 5138 866 5192 verba
894 5137 994 5190 rite
1016 5134 1166 5190 ell'ari
1195 5143 1425 5203 queant;
1459 5148 1800 5203 nequaquam
1833 5142 2011 5188 tamen
2042 5133 2265 5203 integrae
2292 5141 2376 5186 est
2415 5132 2502 5186 ille
2527 5132 2848 5202 devotioais,
2879 5134 2997 5204 qui,
3033 5133 3178 5204 quod
3225 5135 3480 5190 exhibere

214 5235 392 5300 debet,
419 5247 580 5303 quam
615 5231 812 5299 optime
835 5236 890 5281 et
913 5241 1071 5296 quam
1102 5223 1536 5279 reverentissime
1558 5222 1610 5276 id
1638 5222 1825 5291 possit,
1862 5222 1972 5276 Deo
2000 5238 2105 5276 non
2135 5222 2376 5276 exhibet.

225 5361 229 5365 -
284 5329 604 5386 Citharoedae
632 5334 687 5380 et
715 5321 984 5388 tibicines,
1013 5326 1069 5372 et
1097 5316 1285 5391 reliqui
1321 5315 1647 5369 musicorum
1675 5329 1800 5368 vasa
1833 5313 2088 5378 ferentes,
2129 5313 2214 5368 vel
2259 5314 2420 5369 etiam
2473 5322 2725 5370 cantores
2777 5325 2834 5371 et
2882 5318 3152 5372 cantrices
3191 5318 3480 5374 smculares

215 5421 360 5478 omni
389 5420 604 5476 student
631 5425 846 5478 conatu,
869 5410 1011 5482 quod
1034 5409 1246 5464 canitur
1267 5407 1379 5461 sive
1405 5407 1780 5471 citltarizatur,
1811 5406 1877 5461 ad
1930 5406 2278 5462 delectandos
2305 5407 2586 5460 audientes
2623 5408 2757 5462 artis
2784 5412 2990 5465 ratione
3023 5420 3342 5480 temperare.
3374 5409 3480 5465 Nos

214 5531 368 5579 vero,
398 5513 489 5584 qui
521 5509 815 5566 meruimus
844 5505 1006 5560 verba
1032 5500 1328 5569 majestatis
1358 5501 1409 5554 in
1440 5517 1499 5554 us
1530 5515 1766 5565 sumere,
1798 5515 1967 5556 nosne
1998 5501 2114 5555 sine
2144 5511 2261 5554 arte
2295 5509 2348 5554 et
2377 5499 2711 5570 negligenter
2747 5502 3068 5574 proferimus
3103 5503 3311 5555 cantica
3359 5517 3482 5556 san-

215 5605 442 5670 ctitatis,
464 5619 528 5658 ac
564 5616 669 5657 non
698 5599 868 5668 magis
890 5595 1024 5650 artis
1049 5594 1298 5648 decorem
1334 5591 1385 5646 in
1414 5591 1586 5646 sacris
1618 5591 1959 5658 assumimus,
1984 5607 2091 5662 quo
2117 5591 2192 5645 illi
2224 5592 2518 5645 abutuntur
2549 5593 2600 5646 in
2653 5593 2843 5664 nugis?
2875 5592 3214 5661 Quapmpter
3255 5605 3480 5660 parvam

218 5697 343 5750 hinc
382 5694 626 5750 notitiam
653 5690 903 5749 exercitis
926 5685 1126 5742 vestris
1155 5697 1221 5738 ex
1253 5697 1338 5738 me
1365 5683 1689 5738 destinatam
1729 5682 2008 5752 suscipite,
2054 5689 2112 5735 ut
2140 5695 2207 5735 ex
2246 5695 2537 5750 parvorum
2567 5683 2796 5738 scientia
2834 5681 2976 5738 [latis
3023 5680 3339 5752 capaciores
3368 5695 3484 5736 ma-

209 5783 406 5853 jorum.
1311 5795 1338 5826 ο
