  <div class='ocr_page' id='page_1' title='image "/cluster/home/n/w/nwhite01/storage/ocr_20150623/132/hvd.32044015471733/525.png"; bbox 0 0 3934 6392; ppageno 0'>
   <div class='ocr_carea' id='block_1_1' title="bbox 2163 387 2344 402">
    <p class='ocr_par' dir='ltr' id='par_1_1' title="bbox 2163 387 2344 402">
     <span class='ocr_line' id='line_1_1' title="bbox 2163 387 2344 402; baseline 0 -3"><span class='ocrx_word' id='word_1_1' title='bbox 2163 387 2344 402; x_wconf 48' lang='grc' dir='ltr'><strong>ουκ-α</strong></span> 
     </span>
    </p>
   </div>
   <div class='ocr_carea' id='block_1_2' title="bbox 597 389 2150 459">
    <p class='ocr_par' dir='ltr' id='par_1_2' title="bbox 597 391 2150 456">
     <span class='ocr_line' id='line_1_2' title="bbox 597 391 2150 456; baseline 0.005 -7"><span class='ocrx_word' id='word_1_2' title='bbox 597 397 733 452; x_wconf 68' lang='lat'><strong>5059</strong></span> <span class='ocrx_word' id='word_1_3' title='bbox 1127 393 1474 453; x_wconf 74' lang='lat' dir='ltr'><strong>HUCBALDI</strong></span> <span class='ocrx_word' id='word_1_4' title='bbox 1512 397 1678 452; x_wconf 80' lang='grc' dir='ltr'><strong>ΜΟΝ.</strong></span> <span class='ocrx_word' id='word_1_5' title='bbox 1720 396 1778 454; x_wconf 87' lang='lat' dir='ltr'><strong>S.</strong></span> <span class='ocrx_word' id='word_1_6' title='bbox 1815 392 2080 454; x_wconf 59' lang='grc' dir='ltr'><strong>ΑΜΑἷῆὒῘ</strong></span> <span class='ocrx_word' id='word_1_7' title='bbox 2117 391 2150 456; x_wconf 71' lang='grc' dir='ltr'>ὗ</span> 
     </span>
    </p>
   </div>
   <div class='ocr_carea' id='block_1_3' title="bbox 2221 389 3774 459">
    <p class='ocr_par' dir='ltr' id='par_1_3' title="bbox 2221 389 3774 459">
     <span class='ocr_line' id='line_1_3' title="bbox 2221 389 3774 459; baseline 0.002 -5"><span class='ocrx_word' id='word_1_8' title='bbox 2221 389 2268 454; x_wconf 67' lang='grc' dir='ltr'><strong>Ρ.</strong></span> <span class='ocrx_word' id='word_1_9' title='bbox 2305 389 2490 458; x_wconf 68' lang='lat' dir='ltr'><strong>PARS</strong></span> <span class='ocrx_word' id='word_1_10' title='bbox 2523 391 2590 459; x_wconf 80' lang='lat' dir='ltr'><strong>ii.</strong></span> <span class='ocrx_word' id='word_1_11' title='bbox 2630 433 2700 444; x_wconf 82' lang='lat'><strong><em>—</em></strong></span> <span class='ocrx_word' id='word_1_12' title='bbox 2739 391 3236 456; x_wconf 66' lang='lat' dir='ltr'><strong>MISCELLANEA.</strong></span> <span class='ocrx_word' id='word_1_13' title='bbox 3680 395 3774 457; x_wconf 78' lang='lat' dir='ltr'><strong>unt</strong></span> 
     </span>
    </p>
   </div>
   <div class='ocr_carea' id='block_1_4' title="bbox 669 508 3778 587">
    <p class='ocr_par' dir='ltr' id='par_1_4' title="bbox 669 508 3778 587">
     <span class='ocr_line' id='line_1_4' title="bbox 669 508 3778 587; baseline 0.001 -25"><span class='ocrx_word' id='word_1_14' title='bbox 669 508 793 566; x_wconf 77' lang='lat' dir='ltr'><strong>llzec</strong></span> <span class='ocrx_word' id='word_1_15' title='bbox 827 513 1006 581; x_wconf 80' lang='lat' dir='ltr'><strong>itaque</strong></span> <span class='ocrx_word' id='word_1_16' title='bbox 1026 520 1244 582; x_wconf 81' lang='lat' dir='ltr'><strong>propter</strong></span> <span class='ocrx_word' id='word_1_17' title='bbox 1275 511 1542 566; x_wconf 89' lang='lat' dir='ltr'><strong>tardiores</strong></span> <span class='ocrx_word' id='word_1_18' title='bbox 1583 510 1780 568; x_wconf 78' lang='lat' dir='ltr'><strong>fratres</strong></span> <span class='ocrx_word' id='word_1_19' title='bbox 1805 513 2036 584; x_wconf 79' lang='lat' dir='ltr'><strong>exempli</strong></span> <span class='ocrx_word' id='word_1_20' title='bbox 2066 529 2228 570; x_wconf 89' lang='lat' dir='ltr'><strong>causa</strong></span> <span class='ocrx_word' id='word_1_21' title='bbox 2268 526 2520 587; x_wconf 87' lang='lat' dir='ltr'><strong>congesta</strong></span> <span class='ocrx_word' id='word_1_22' title='bbox 2555 526 2703 585; x_wconf 86' lang='lat' dir='ltr'><strong>sunt,</strong></span> <span class='ocrx_word' id='word_1_23' title='bbox 2747 513 3138 570; x_wconf 88' lang='lat' dir='ltr'><strong>abundantiere</strong></span> <span class='ocrx_word' id='word_1_24' title='bbox 3184 510 3412 564; x_wconf 80' lang='lat' dir='ltr'><strong>fortasse</strong></span> <span class='ocrx_word' id='word_1_25' title='bbox 3462 508 3630 580; x_wconf 79' lang='lat' dir='ltr'><strong>copia,</strong></span> <span class='ocrx_word' id='word_1_26' title='bbox 3666 525 3778 579; x_wconf 75' lang='lat' dir='ltr'><strong>quasi</strong></span> 
     </span>
    </p>
   </div>
   <div class='ocr_carea' id='block_1_5' title="bbox 591 599 3777 680">
    <p class='ocr_par' dir='ltr' id='par_1_5' title="bbox 591 599 3777 680">
     <span class='ocr_line' id='line_1_5' title="bbox 591 599 3777 680; baseline 0 -25"><span class='ocrx_word' id='word_1_27' title='bbox 591 599 857 657; x_wconf 86' lang='lat' dir='ltr'><strong>decuerit.</strong></span> <span class='ocrx_word' id='word_1_28' title='bbox 885 604 999 660; x_wconf 87' lang='lat' dir='ltr'><strong>Non</strong></span> <span class='ocrx_word' id='word_1_29' title='bbox 1026 603 1227 659; x_wconf 81' lang='lat' dir='ltr'><strong>frustra</strong></span> <span class='ocrx_word' id='word_1_30' title='bbox 1259 613 1435 659; x_wconf 91' lang='lat' dir='ltr'><strong>tamen</strong></span> <span class='ocrx_word' id='word_1_31' title='bbox 1463 645 1477 670; x_wconf 95' lang='lat'><strong>,</strong></span> <span class='ocrx_word' id='word_1_32' title='bbox 1508 605 1552 660; x_wconf 91' lang='lat' dir='ltr'><strong>si</strong></span> <span class='ocrx_word' id='word_1_33' title='bbox 1579 605 1701 674; x_wconf 89' lang='lat' dir='ltr'><strong>quis</strong></span> <span class='ocrx_word' id='word_1_34' title='bbox 1733 606 1847 660; x_wconf 58' lang='lat' dir='ltr'><strong>hate</strong></span> <span class='ocrx_word' id='word_1_35' title='bbox 1885 615 2082 672; x_wconf 91' lang='lat' dir='ltr'><strong>curat,</strong></span> <span class='ocrx_word' id='word_1_36' title='bbox 2118 623 2220 662; x_wconf 92' lang='lat' dir='ltr'><strong>nec</strong></span> <span class='ocrx_word' id='word_1_37' title='bbox 2264 625 2612 678; x_wconf 64' lang='lat' dir='ltr'><strong>supervacuae</strong></span> <span class='ocrx_word' id='word_1_38' title='bbox 2652 609 2946 680; x_wconf 75' lang='lat' dir='ltr'><strong>diligentia:</strong></span> <span class='ocrx_word' id='word_1_39' title='bbox 2999 605 3272 675; x_wconf 74' lang='lat' dir='ltr'><strong>obiurgat.</strong></span> <span class='ocrx_word' id='word_1_40' title='bbox 3332 603 3442 658; x_wconf 86' lang='lat' dir='ltr'><strong>[loc</strong></span> <span class='ocrx_word' id='word_1_41' title='bbox 3490 618 3610 657; x_wconf 89' lang='lat' dir='ltr'><strong>vero</strong></span> <span class='ocrx_word' id='word_1_42' title='bbox 3649 604 3777 657; x_wconf 79' lang='lat' dir='ltr'><strong>adme-</strong></span> 
     </span>
    </p>
   </div>
   <div class='ocr_carea' id='block_1_6' title="bbox 591 691 3778 766">
    <p class='ocr_par' dir='ltr' id='par_1_6' title="bbox 591 691 3778 766">
     <span class='ocr_line' id='line_1_6' title="bbox 591 691 3778 766; baseline 0.003 -24"><span class='ocrx_word' id='word_1_43' title='bbox 591 691 826 746; x_wconf 82' lang='lat' dir='ltr'><strong>nendum</strong></span> <span class='ocrx_word' id='word_1_44' title='bbox 855 733 870 758; x_wconf 91' lang='lat'><strong>,</strong></span> <span class='ocrx_word' id='word_1_45' title='bbox 923 693 1047 762; x_wconf 85' lang='lat' dir='ltr'><strong>quia</strong></span> <span class='ocrx_word' id='word_1_46' title='bbox 1094 694 1341 764; x_wconf 65' lang='lat' dir='ltr'><strong>quaedam</strong></span> <span class='ocrx_word' id='word_1_47' title='bbox 1382 710 1487 749; x_wconf 90' lang='lat' dir='ltr'><strong>non</strong></span> <span class='ocrx_word' id='word_1_48' title='bbox 1539 693 1781 764; x_wconf 85' lang='lat' dir='ltr'><strong>ejusdem</strong></span> <span class='ocrx_word' id='word_1_49' title='bbox 1816 695 1925 750; x_wconf 91' lang='lat' dir='ltr'><strong>toni</strong></span> <span class='ocrx_word' id='word_1_50' title='bbox 1953 695 2263 766; x_wconf 78' lang='lat' dir='ltr'><strong>antiphente</strong></span> <span class='ocrx_word' id='word_1_51' title='bbox 2295 698 2646 754; x_wconf 90' lang='lat' dir='ltr'><strong>indiscretam</strong></span> <span class='ocrx_word' id='word_1_52' title='bbox 2698 698 2975 754; x_wconf 88' lang='lat' dir='ltr'><strong>initiorum</strong></span> <span class='ocrx_word' id='word_1_53' title='bbox 3005 695 3415 752; x_wconf 84' lang='lat' dir='ltr'><strong>similitudinem</strong></span> <span class='ocrx_word' id='word_1_54' title='bbox 3443 694 3778 756; x_wconf 84' lang='lat' dir='ltr'><strong>habent,uti</strong></span> 
     </span>
    </p>
   </div>
   <div class='ocr_carea' id='block_1_7' title="bbox 590 781 3784 857">
    <p class='ocr_par' dir='ltr' id='par_1_7' title="bbox 590 781 3784 857">
     <span class='ocr_line' id='line_1_7' title="bbox 590 781 3784 857; baseline 0 -21"><span class='ocrx_word' id='word_1_55' title='bbox 590 783 887 850; x_wconf 86' lang='lat' dir='ltr'><strong>sequentiis</strong></span> <span class='ocrx_word' id='word_1_56' title='bbox 907 823 921 850; x_wconf 89' lang='lat'><strong>,</strong></span> <span class='ocrx_word' id='word_1_57' title='bbox 949 784 1034 838; x_wconf 89' lang='lat' dir='ltr'><strong>cui</strong></span> <span class='ocrx_word' id='word_1_58' title='bbox 1061 784 1200 839; x_wconf 93' lang='lat' dir='ltr'><strong>mele</strong></span> <span class='ocrx_word' id='word_1_59' title='bbox 1228 799 1455 856; x_wconf 70' lang='lat' dir='ltr'><strong>qumque</strong></span> <span class='ocrx_word' id='word_1_60' title='bbox 1499 786 1732 855; x_wconf 87' lang='lat' dir='ltr'><strong>aptanda</strong></span> <span class='ocrx_word' id='word_1_61' title='bbox 1772 785 1880 849; x_wconf 92' lang='lat' dir='ltr'><strong>sit,</strong></span> <span class='ocrx_word' id='word_1_62' title='bbox 1920 785 2207 851; x_wconf 89' lang='lat' dir='ltr'><strong>videatur;</strong></span> <span class='ocrx_word' id='word_1_63' title='bbox 2250 795 2305 841; x_wconf 92' lang='lat' dir='ltr'><strong>et</strong></span> <span class='ocrx_word' id='word_1_64' title='bbox 2341 788 2576 842; x_wconf 81' lang='lat' dir='ltr'><strong>maxime</strong></span> <span class='ocrx_word' id='word_1_65' title='bbox 2609 786 2872 857; x_wconf 86' lang='lat' dir='ltr'><strong>cujusque</strong></span> <span class='ocrx_word' id='word_1_66' title='bbox 2898 795 3090 842; x_wconf 86' lang='lat' dir='ltr'><strong>cantus</strong></span> <span class='ocrx_word' id='word_1_67' title='bbox 3123 783 3437 840; x_wconf 82' lang='lat' dir='ltr'><strong>attendatur</strong></span> <span class='ocrx_word' id='word_1_68' title='bbox 3469 781 3587 837; x_wconf 90' lang='lat' dir='ltr'><strong>linis</strong></span> <span class='ocrx_word' id='word_1_69' title='bbox 3609 823 3623 842; x_wconf 92' lang='lat'><strong>.</strong></span> <span class='ocrx_word' id='word_1_70' title='bbox 3653 783 3694 836; x_wconf 92' lang='lat' dir='ltr'><strong>in</strong></span> <span class='ocrx_word' id='word_1_71' title='bbox 3715 800 3784 852; x_wconf 84' lang='lat' dir='ltr'><strong>quo</strong></span> 
     </span>
    </p>
   </div>
   <div class='ocr_carea' id='block_1_8' title="bbox 596 873 2291 944">
    <p class='ocr_par' dir='ltr' id='par_1_8' title="bbox 596 873 2291 944">
     <span class='ocr_line' id='line_1_8' title="bbox 596 873 2291 944; baseline 0.002 -16"><span class='ocrx_word' id='word_1_72' title='bbox 596 873 860 944; x_wconf 85' lang='lat' dir='ltr'><strong>cujusque</strong></span> <span class='ocrx_word' id='word_1_73' title='bbox 889 873 1000 928; x_wconf 89' lang='lat' dir='ltr'><strong>toni</strong></span> <span class='ocrx_word' id='word_1_74' title='bbox 1029 875 1332 944; x_wconf 83' lang='lat' dir='ltr'><strong>proprietas</strong></span> <span class='ocrx_word' id='word_1_75' title='bbox 1359 875 1663 930; x_wconf 77' lang='lat' dir='ltr'><strong>evidentius</strong></span> <span class='ocrx_word' id='word_1_76' title='bbox 1688 875 1887 939; x_wconf 89' lang='lat' dir='ltr'><strong>claret,</strong></span> <span class='ocrx_word' id='word_1_77' title='bbox 1924 877 2074 931; x_wconf 81' lang='lat' dir='ltr'><strong>verbi</strong></span> <span class='ocrx_word' id='word_1_78' title='bbox 2107 893 2291 932; x_wconf 90' lang='lat' dir='ltr'><strong>causa.</strong></span> 
     </span>
    </p>
   </div>
   <div class='ocr_carea' id='block_1_9' title="bbox 676 960 3723 1038">
    <p class='ocr_par' dir='ltr' id='par_1_9' title="bbox 676 960 3723 1038">
     <span class='ocr_line' id='line_1_9' title="bbox 676 960 3723 1038; baseline -0.001 0"><span class='ocrx_word' id='word_1_79' title='bbox 676 965 920 1038; x_wconf 63' lang='lat' dir='ltr'><strong>PF/l‘</strong></span> <span class='ocrx_word' id='word_1_80' title='bbox 1000 965 1061 1038; x_wconf 67' lang='grc' dir='ltr'><em>Γ</em></span> <span class='ocrx_word' id='word_1_81' title='bbox 1147 964 1274 1038; x_wconf 66' lang='lat' dir='ltr'><em>FF</em></span> <span class='ocrx_word' id='word_1_82' title='bbox 1376 963 1847 1038; x_wconf 62' lang='lat' dir='ltr'><strong>/[‘PP&#39;P/P</strong></span> <span class='ocrx_word' id='word_1_83' title='bbox 1907 964 2077 1038; x_wconf 67' lang='grc' dir='ltr'><strong>[ΓΡ</strong></span> <span class='ocrx_word' id='word_1_84' title='bbox 2162 965 2315 1038; x_wconf 74' lang='lat' dir='ltr'><strong>P/f&#39;</strong></span> <span class='ocrx_word' id='word_1_85' title='bbox 2371 963 2604 1038; x_wconf 63' lang='grc' dir='ltr'><strong>ΧΡῗῖ</strong></span> <span class='ocrx_word' id='word_1_86' title='bbox 2693 963 2925 1037; x_wconf 74' lang='lat' dir='ltr'><strong>P/F/</strong></span> <span class='ocrx_word' id='word_1_87' title='bbox 2992 960 3284 1036; x_wconf 74' lang='lat' dir='ltr'><strong>&#39;iII&#39;PP</strong></span> <span class='ocrx_word' id='word_1_88' title='bbox 3465 961 3723 1035; x_wconf 64' lang='grc' dir='ltr'><strong>ΡΝνῖ</strong></span> 
     </span>
    </p>
   </div>
   <div class='ocr_carea' id='block_1_10' title="bbox 660 1052 3782 1124">
    <p class='ocr_par' dir='ltr' id='par_1_10' title="bbox 660 1052 3782 1124">
     <span class='ocr_line' id='line_1_10' title="bbox 660 1052 3782 1124; baseline -0.001 -15"><span class='ocrx_word' id='word_1_89' title='bbox 660 1057 706 1109; x_wconf 80' lang='grc' dir='ltr'><strong>Α</strong></span> <span class='ocrx_word' id='word_1_90' title='bbox 771 1055 824 1108; x_wconf 90' lang='lat' dir='ltr'><strong>bi</strong></span> <span class='ocrx_word' id='word_1_91' title='bbox 857 1071 942 1108; x_wconf 89' lang='lat' dir='ltr'><strong>ma</strong></span> <span class='ocrx_word' id='word_1_92' title='bbox 974 1063 1030 1108; x_wconf 92' lang='lat' dir='ltr'><strong>tu</strong></span> <span class='ocrx_word' id='word_1_93' title='bbox 1161 1062 1214 1108; x_wconf 88' lang='lat' dir='ltr'><strong>et</strong></span> <span class='ocrx_word' id='word_1_94' title='bbox 1384 1053 1559 1124; x_wconf 80' lang='lat' dir='ltr'><strong>in_l&#39;ra</strong></span> <span class='ocrx_word' id='word_1_95' title='bbox 1663 1054 1861 1108; x_wconf 81' lang='lat' dir='ltr'><strong>occidit</strong></span> <span class='ocrx_word' id='word_1_96' title='bbox 1897 1055 2095 1108; x_wconf 90' lang='lat' dir='ltr'><strong>multos</strong></span> <span class='ocrx_word' id='word_1_97' title='bbox 2133 1071 2330 1124; x_wconf 85' lang='lat' dir='ltr'><strong>pueros</strong></span> <span class='ocrx_word' id='word_1_98' title='bbox 2369 1055 2610 1109; x_wconf 82' lang='lat' dir='ltr'><strong>Heredes</strong></span> <span class='ocrx_word' id='word_1_99' title='bbox 2673 1063 2892 1123; x_wconf 86' lang='lat' dir='ltr'><strong>propter</strong></span> <span class='ocrx_word' id='word_1_100' title='bbox 2970 1053 3277 1106; x_wconf 89' lang='lat' dir='ltr'><strong>Dominum.</strong></span> <span class='ocrx_word' id='word_1_101' title='bbox 3438 1053 3538 1105; x_wconf 80' lang='lat' dir='ltr'><strong>Am</strong></span> <span class='ocrx_word' id='word_1_102' title='bbox 3562 1052 3782 1106; x_wconf 77' lang='lat' dir='ltr'><strong>bulnbunt</strong></span> 
     </span>
    </p>
   </div>
   <div class='ocr_carea' id='block_1_11' title="bbox 593 1116 2146 1219">
    <p class='ocr_par' dir='ltr' id='par_1_11' title="bbox 593 1116 2146 1219">
     <span class='ocr_line' id='line_1_11' title="bbox 593 1116 2146 1219; baseline -0.002 0"><span class='ocrx_word' id='word_1_103' title='bbox 593 1145 648 1219; x_wconf 62' lang='grc' dir='ltr'><strong><em>ρ</em></strong></span> <span class='ocrx_word' id='word_1_104' title='bbox 728 1116 1586 1218; x_wconf 69' lang='lat' dir='ltr'><strong>FF/I’FP/F/F’d</strong></span> <span class='ocrx_word' id='word_1_105' title='bbox 1667 1145 1727 1218; x_wconf 57' lang='grc' dir='ltr'><em>Γ</em></span> <span class='ocrx_word' id='word_1_106' title='bbox 1793 1145 1854 1217; x_wconf 69' lang='lat' dir='ltr'><strong>r</strong></span> <span class='ocrx_word' id='word_1_107' title='bbox 1913 1143 1973 1216; x_wconf 86' lang='lat' dir='ltr'><em>J</em></span> <span class='ocrx_word' id='word_1_108' title='bbox 2042 1116 2146 1217; x_wconf 55' lang='grc' dir='ltr'><strong>δι’</strong></span> 
     </span>
    </p>
   </div>
   <div class='ocr_carea' id='block_1_12' title="bbox 1678 1116 3231 1219">
    <p class='ocr_par' dir='ltr' id='par_1_12' title="bbox 1678 1116 3231 1218">
     <span class='ocr_line' id='line_1_12' title="bbox 1678 1116 3231 1218; baseline -0.003 0"><span class='ocrx_word' id='word_1_109' title='bbox 1678 1145 1727 1218; x_wconf 70' lang='lat' dir='ltr'><strong>r</strong></span> <span class='ocrx_word' id='word_1_110' title='bbox 1793 1145 1854 1217; x_wconf 58' lang='grc' dir='ltr'><em>Γ</em></span> <span class='ocrx_word' id='word_1_111' title='bbox 1913 1143 1973 1216; x_wconf 87' lang='lat' dir='ltr'><em>J</em></span> <span class='ocrx_word' id='word_1_112' title='bbox 2042 1116 2210 1217; x_wconf 52' lang='lat' dir='ltr'><strong>Sir</strong></span> <span class='ocrx_word' id='word_1_113' title='bbox 2258 1143 2440 1216; x_wconf 60' lang='grc' dir='ltr'>ςιρά</span> <span class='ocrx_word' id='word_1_114' title='bbox 2506 1116 2838 1218; x_wconf 69' lang='lat' dir='ltr'><strong>Pr/r&#39;r</strong></span> <span class='ocrx_word' id='word_1_115' title='bbox 2890 1141 3055 1216; x_wconf 57' lang='grc' dir='ltr'><strong>[νιν</strong></span> <span class='ocrx_word' id='word_1_116' title='bbox 3103 1141 3231 1214; x_wconf 65' lang='lat'><strong>{&#39;1‘</strong></span> 
     </span>
    </p>
   </div>
   <div class='ocr_carea' id='block_1_13' title="bbox 585 1236 3226 1306">
    <p class='ocr_par' dir='ltr' id='par_1_13' title="bbox 585 1236 3226 1306">
     <span class='ocr_line' id='line_1_13' title="bbox 585 1236 3226 1306; baseline -0 -13"><span class='ocrx_word' id='word_1_117' title='bbox 585 1253 798 1294; x_wconf 90' lang='lat' dir='ltr'><strong>mecum</strong></span> <span class='ocrx_word' id='word_1_118' title='bbox 858 1238 912 1292; x_wconf 91' lang='lat' dir='ltr'><strong>in</strong></span> <span class='ocrx_word' id='word_1_119' title='bbox 978 1238 1153 1302; x_wconf 85' lang='lat' dir='ltr'><strong>albis,</strong></span> <span class='ocrx_word' id='word_1_120' title='bbox 1193 1237 1447 1306; x_wconf 90' lang='lat' dir='ltr'><strong>quoniam</strong></span> <span class='ocrx_word' id='word_1_121' title='bbox 1469 1237 1613 1306; x_wconf 90' lang='lat' dir='ltr'><strong>digni</strong></span> <span class='ocrx_word' id='word_1_122' title='bbox 1637 1246 1784 1303; x_wconf 89' lang='lat' dir='ltr'><strong>sunt,</strong></span> <span class='ocrx_word' id='word_1_123' title='bbox 1811 1247 1994 1292; x_wconf 89' lang='lat' dir='ltr'><strong>etnon</strong></span> <span class='ocrx_word' id='word_1_124' title='bbox 2019 1236 2208 1292; x_wconf 86' lang='lat' dir='ltr'><strong>delebo</strong></span> <span class='ocrx_word' id='word_1_125' title='bbox 2257 1237 2474 1291; x_wconf 88' lang='lat' dir='ltr'><strong>nomina</strong></span> <span class='ocrx_word' id='word_1_126' title='bbox 2505 1251 2692 1290; x_wconf 91' lang='lat' dir='ltr'><strong>eorum</strong></span> <span class='ocrx_word' id='word_1_127' title='bbox 2759 1237 2828 1292; x_wconf 91' lang='lat' dir='ltr'><strong>de</strong></span> <span class='ocrx_word' id='word_1_128' title='bbox 2883 1237 3023 1292; x_wconf 94' lang='lat' dir='ltr'><strong>libro</strong></span> <span class='ocrx_word' id='word_1_129' title='bbox 3061 1236 3111 1290; x_wconf 90' lang='lat' dir='ltr'><strong>vi</strong></span> <span class='ocrx_word' id='word_1_130' title='bbox 3143 1245 3226 1292; x_wconf 69' lang='lat' dir='ltr'><strong>lae.</strong></span> 
     </span>
    </p>
   </div>
   <div class='ocr_carea' id='block_1_14' title="bbox 657 1327 3784 1401">
    <p class='ocr_par' dir='ltr' id='par_1_14' title="bbox 657 1327 3784 1401">
     <span class='ocr_line' id='line_1_14' title="bbox 657 1327 3784 1401; baseline -0.001 -15"><span class='ocrx_word' id='word_1_131' title='bbox 657 1333 751 1387; x_wconf 65' lang='lat' dir='ltr'><strong>ilte</strong></span> <span class='ocrx_word' id='word_1_132' title='bbox 786 1331 1002 1401; x_wconf 86' lang='lat' dir='ltr'><strong>quidem</strong></span> <span class='ocrx_word' id='word_1_133' title='bbox 1048 1330 1356 1400; x_wconf 81' lang='lat' dir='ltr'><strong>antiphona:</strong></span> <span class='ocrx_word' id='word_1_134' title='bbox 1396 1331 1556 1385; x_wconf 88' lang='lat' dir='ltr'><strong>simili</strong></span> <span class='ocrx_word' id='word_1_135' title='bbox 1603 1330 1870 1400; x_wconf 90' lang='lat' dir='ltr'><strong>principio</strong></span> <span class='ocrx_word' id='word_1_136' title='bbox 1899 1331 2186 1384; x_wconf 85' lang='lat' dir='ltr'><strong>ordiuntur</strong></span> <span class='ocrx_word' id='word_1_137' title='bbox 2211 1369 2225 1394; x_wconf 94' lang='lat'><strong>,</strong></span> <span class='ocrx_word' id='word_1_138' title='bbox 2258 1327 2352 1384; x_wconf 84' lang='lat' dir='ltr'><strong>sed</strong></span> <span class='ocrx_word' id='word_1_139' title='bbox 2381 1344 2504 1383; x_wconf 73' lang='lat' dir='ltr'><strong>mox</strong></span> <span class='ocrx_word' id='word_1_140' title='bbox 2531 1330 2583 1383; x_wconf 91' lang='lat' dir='ltr'><strong>in</strong></span> <span class='ocrx_word' id='word_1_141' title='bbox 2615 1342 2872 1398; x_wconf 85' lang='lat' dir='ltr'><strong>processu</strong></span> <span class='ocrx_word' id='word_1_142' title='bbox 2902 1329 3210 1398; x_wconf 85' lang='lat' dir='ltr'><strong>discrepant</strong></span> <span class='ocrx_word' id='word_1_143' title='bbox 3236 1368 3250 1394; x_wconf 93' lang='lat'><strong>,</strong></span> <span class='ocrx_word' id='word_1_144' title='bbox 3282 1337 3337 1383; x_wconf 90' lang='lat' dir='ltr'><strong>et</strong></span> <span class='ocrx_word' id='word_1_145' title='bbox 3367 1339 3477 1382; x_wconf 86' lang='lat' dir='ltr'><strong>una</strong></span> <span class='ocrx_word' id='word_1_146' title='bbox 3504 1329 3784 1393; x_wconf 82' lang='lat' dir='ltr'><strong>secundi,:l-</strong></span> 
     </span>
    </p>
   </div>
   <div class='ocr_carea' id='block_1_15' title="bbox 585 1417 3785 1490">
    <p class='ocr_par' dir='ltr' id='par_1_15' title="bbox 585 1417 3785 1490">
     <span class='ocr_line' id='line_1_15' title="bbox 585 1417 3785 1490; baseline -0 -14"><span class='ocrx_word' id='word_1_147' title='bbox 585 1431 708 1478; x_wconf 89' lang='lat' dir='ltr'><strong>tera</strong></span> <span class='ocrx_word' id='word_1_148' title='bbox 751 1419 928 1490; x_wconf 84' lang='lat' dir='ltr'><strong>quarti</strong></span> <span class='ocrx_word' id='word_1_149' title='bbox 977 1419 1088 1472; x_wconf 92' lang='lat' dir='ltr'><strong>toni</strong></span> <span class='ocrx_word' id='word_1_150' title='bbox 1142 1419 1282 1475; x_wconf 90' lang='lat' dir='ltr'><strong>mcle</strong></span> <span class='ocrx_word' id='word_1_151' title='bbox 1331 1421 1635 1490; x_wconf 86' lang='lat' dir='ltr'><strong>deputanda</strong></span> <span class='ocrx_word' id='word_1_152' title='bbox 1693 1425 1938 1490; x_wconf 78' lang='lat' dir='ltr'><strong>apparet.</strong></span> <span class='ocrx_word' id='word_1_153' title='bbox 1992 1418 2257 1472; x_wconf 89' lang='lat' dir='ltr'><strong>Similiter</strong></span> <span class='ocrx_word' id='word_1_154' title='bbox 2278 1419 2330 1472; x_wconf 90' lang='lat' dir='ltr'><strong>in</strong></span> <span class='ocrx_word' id='word_1_155' title='bbox 2360 1417 2564 1472; x_wconf 90' lang='lat' dir='ltr'><strong>multis.</strong></span> <span class='ocrx_word' id='word_1_156' title='bbox 2592 1418 2731 1472; x_wconf 89' lang='lat' dir='ltr'><strong>Sunt</strong></span> <span class='ocrx_word' id='word_1_157' title='bbox 2753 1418 2919 1474; x_wconf 86' lang='lat' dir='ltr'><strong>etiam</strong></span> <span class='ocrx_word' id='word_1_158' title='bbox 2946 1458 2961 1483; x_wconf 89' lang='lat'><strong>,</strong></span> <span class='ocrx_word' id='word_1_159' title='bbox 2995 1418 3062 1472; x_wconf 90' lang='lat' dir='ltr'><strong>ad</strong></span> <span class='ocrx_word' id='word_1_160' title='bbox 3087 1433 3224 1487; x_wconf 88' lang='lat' dir='ltr'><strong>quas</strong></span> <span class='ocrx_word' id='word_1_161' title='bbox 3246 1420 3480 1474; x_wconf 88' lang='lat' dir='ltr'><strong>canendi</strong></span> <span class='ocrx_word' id='word_1_162' title='bbox 3507 1428 3623 1473; x_wconf 86' lang='lat' dir='ltr'><strong>sunt</strong></span> <span class='ocrx_word' id='word_1_163' title='bbox 3652 1422 3785 1488; x_wconf 65' lang='lat' dir='ltr'><strong>psalmi</strong></span> 
     </span>
    </p>
   </div>
   <div class='ocr_carea' id='block_1_16' title="bbox 579 1507 3788 1583">
    <p class='ocr_par' dir='ltr' id='par_1_16' title="bbox 579 1507 3788 1583">
     <span class='ocr_line' id='line_1_16' title="bbox 579 1507 3788 1583; baseline -0 -17"><span class='ocrx_word' id='word_1_164' title='bbox 579 1513 734 1583; x_wconf 74' lang='lat' dir='ltr'><strong>juxta</strong></span> <span class='ocrx_word' id='word_1_165' title='bbox 763 1507 1077 1580; x_wconf 88' lang='lat' dir='ltr'><strong>principalis</strong></span> <span class='ocrx_word' id='word_1_166' title='bbox 1105 1509 1386 1564; x_wconf 88' lang='lat' dir='ltr'><strong>melodiam</strong></span> <span class='ocrx_word' id='word_1_167' title='bbox 1413 1550 1426 1575; x_wconf 93' lang='lat'><strong>,</strong></span> <span class='ocrx_word' id='word_1_168' title='bbox 1456 1525 1580 1564; x_wconf 89' lang='lat' dir='ltr'><strong>cum</strong></span> <span class='ocrx_word' id='word_1_169' title='bbox 1614 1507 1906 1579; x_wconf 83' lang='lat' dir='ltr'><strong>snbjngalis</strong></span> <span class='ocrx_word' id='word_1_170' title='bbox 1941 1509 2179 1564; x_wconf 80' lang='lat' dir='ltr'><strong>habeant</strong></span> <span class='ocrx_word' id='word_1_171' title='bbox 2205 1509 2366 1562; x_wconf 82' lang='lat' dir='ltr'><strong>finem</strong></span> <span class='ocrx_word' id='word_1_172' title='bbox 2401 1527 2413 1561; x_wconf 91' lang='lat'>:</span> <span class='ocrx_word' id='word_1_173' title='bbox 2448 1518 2542 1562; x_wconf 88' lang='lat' dir='ltr'><strong>aut</strong></span> <span class='ocrx_word' id='word_1_174' title='bbox 2566 1507 2720 1577; x_wconf 79' lang='lat' dir='ltr'><strong>juxta</strong></span> <span class='ocrx_word' id='word_1_175' title='bbox 2762 1507 3096 1578; x_wconf 88' lang='lat' dir='ltr'><strong>snbjugalem</strong></span> <span class='ocrx_word' id='word_1_176' title='bbox 3135 1509 3484 1564; x_wconf 88' lang='lat' dir='ltr'><strong>medulentur</strong></span> <span class='ocrx_word' id='word_1_177' title='bbox 3510 1551 3524 1574; x_wconf 90' lang='lat'><strong>,</strong></span> <span class='ocrx_word' id='word_1_178' title='bbox 3560 1521 3610 1565; x_wconf 91' lang='lat' dir='ltr'><strong>et</strong></span> <span class='ocrx_word' id='word_1_179' title='bbox 3631 1512 3672 1564; x_wconf 87' lang='lat' dir='ltr'><strong>in</strong></span> <span class='ocrx_word' id='word_1_180' title='bbox 3691 1514 3788 1580; x_wconf 70' lang='lat' dir='ltr'><strong>prin-</strong></span> 
     </span>
    </p>
   </div>
   <div class='ocr_carea' id='block_1_17' title="bbox 581 1603 3788 1677">
    <p class='ocr_par' dir='ltr' id='par_1_17' title="bbox 581 1603 3788 1677">
     <span class='ocr_line' id='line_1_17' title="bbox 581 1603 3788 1677; baseline 0 -17"><span class='ocrx_word' id='word_1_181' title='bbox 581 1606 819 1677; x_wconf 83' lang='lat' dir='ltr'><strong>cipalem</strong></span> <span class='ocrx_word' id='word_1_182' title='bbox 853 1603 1126 1658; x_wconf 85' lang='lat' dir='ltr'><strong>desinant.</strong></span> <span class='ocrx_word' id='word_1_183' title='bbox 1166 1604 1304 1660; x_wconf 89' lang='lat' dir='ltr'><strong>Sunt</strong></span> <span class='ocrx_word' id='word_1_184' title='bbox 1327 1645 1342 1672; x_wconf 97' lang='lat'><strong>,</strong></span> <span class='ocrx_word' id='word_1_185' title='bbox 1372 1606 1462 1675; x_wconf 90' lang='lat' dir='ltr'><strong>qui</strong></span> <span class='ocrx_word' id='word_1_186' title='bbox 1500 1620 1605 1659; x_wconf 89' lang='lat' dir='ltr'><strong>non</strong></span> <span class='ocrx_word' id='word_1_187' title='bbox 1634 1605 1686 1658; x_wconf 91' lang='lat' dir='ltr'><strong>in</strong></span> <span class='ocrx_word' id='word_1_188' title='bbox 1719 1603 1934 1659; x_wconf 81' lang='lat' dir='ltr'><strong>finalem</strong></span> <span class='ocrx_word' id='word_1_189' title='bbox 1967 1618 2158 1658; x_wconf 91' lang='lat' dir='ltr'><strong>sonum</strong></span> <span class='ocrx_word' id='word_1_190' title='bbox 2185 1603 2575 1669; x_wconf 90' lang='lat' dir='ltr'><strong>terminantur,</strong></span> <span class='ocrx_word' id='word_1_191' title='bbox 2607 1603 2701 1658; x_wconf 92' lang='lat' dir='ltr'><strong>sed</strong></span> <span class='ocrx_word' id='word_1_192' title='bbox 2733 1604 2784 1657; x_wconf 94' lang='lat' dir='ltr'><strong>in</strong></span> <span class='ocrx_word' id='word_1_193' title='bbox 2809 1605 3147 1675; x_wconf 78' lang='lat' dir='ltr'><strong>graviorem,</strong></span> <span class='ocrx_word' id='word_1_194' title='bbox 3181 1605 3272 1674; x_wconf 88' lang='lat' dir='ltr'><strong>qui</strong></span> <span class='ocrx_word' id='word_1_195' title='bbox 3299 1606 3405 1660; x_wconf 87' lang='lat' dir='ltr'><strong>sub</strong></span> <span class='ocrx_word' id='word_1_196' title='bbox 3430 1621 3491 1660; x_wconf 87' lang='lat' dir='ltr'><strong>se</strong></span> <span class='ocrx_word' id='word_1_197' title='bbox 3515 1614 3612 1660; x_wconf 89' lang='lat' dir='ltr'><strong>est.</strong></span> <span class='ocrx_word' id='word_1_198' title='bbox 3630 1604 3788 1676; x_wconf 78' lang='lat' dir='ltr'><strong>Repetit</strong></span> 
     </span>
    </p>
   </div>
   <div class='ocr_carea' id='block_1_18' title="bbox 589 1698 2826 1772">
    <p class='ocr_par' dir='ltr' id='par_1_18' title="bbox 589 1698 2826 1772">
     <span class='ocr_line' id='line_1_18' title="bbox 589 1698 2826 1772; baseline -0.003 -13"><span class='ocrx_word' id='word_1_199' title='bbox 589 1714 772 1759; x_wconf 87' lang='lat' dir='ltr'><strong>autem</strong></span> <span class='ocrx_word' id='word_1_200' title='bbox 801 1717 998 1756; x_wconf 90' lang='lat' dir='ltr'><strong>neuma</strong></span> <span class='ocrx_word' id='word_1_201' title='bbox 1023 1701 1199 1756; x_wconf 82' lang='lat' dir='ltr'><strong>ﬁnalis</strong></span> <span class='ocrx_word' id='word_1_202' title='bbox 1225 1701 1372 1756; x_wconf 91' lang='lat' dir='ltr'><strong>illum</strong></span> <span class='ocrx_word' id='word_1_203' title='bbox 1401 1741 1415 1767; x_wconf 93' lang='lat'><strong>,</strong></span> <span class='ocrx_word' id='word_1_204' title='bbox 1448 1701 1501 1755; x_wconf 89' lang='lat' dir='ltr'><strong>in</strong></span> <span class='ocrx_word' id='word_1_205' title='bbox 1525 1715 1631 1770; x_wconf 87' lang='lat' dir='ltr'><strong>quo</strong></span> <span class='ocrx_word' id='word_1_206' title='bbox 1654 1700 1894 1772; x_wconf 79' lang='lat' dir='ltr'><strong>legitime</strong></span> <span class='ocrx_word' id='word_1_207' title='bbox 1924 1707 2116 1754; x_wconf 88' lang='lat' dir='ltr'><strong>cantus</strong></span> <span class='ocrx_word' id='word_1_208' title='bbox 2139 1699 2388 1753; x_wconf 89' lang='lat' dir='ltr'><strong>consistit</strong></span> <span class='ocrx_word' id='word_1_209' title='bbox 2411 1739 2427 1763; x_wconf 91' lang='lat'><strong>,</strong></span> <span class='ocrx_word' id='word_1_210' title='bbox 2455 1707 2509 1752; x_wconf 91' lang='lat' dir='ltr'><strong>et</strong></span> <span class='ocrx_word' id='word_1_211' title='bbox 2531 1698 2651 1753; x_wconf 84' lang='lat' dir='ltr'><strong>linit</strong></span> <span class='ocrx_word' id='word_1_212' title='bbox 2675 1737 2692 1763; x_wconf 93' lang='lat'><strong>,</strong></span> <span class='ocrx_word' id='word_1_213' title='bbox 2723 1708 2782 1753; x_wconf 92' lang='lat' dir='ltr'><strong>ut</strong></span> <span class='ocrx_word' id='word_1_214' title='bbox 2813 1716 2826 1752; x_wconf 90' lang='lat'><strong>:</strong></span> 
     </span>
    </p>
   </div>
   <div class='ocr_carea' id='block_1_19' title="bbox 652 1780 3793 1874">
    <p class='ocr_par' dir='ltr' id='par_1_19' title="bbox 652 1780 3793 1874">
     <span class='ocr_line' id='line_1_19' title="bbox 652 1780 3793 1874; baseline -0.003 1"><span class='ocrx_word' id='word_1_215' title='bbox 652 1799 812 1874; x_wconf 66' lang='lat' dir='ltr'><strong>Hd</strong></span> <span class='ocrx_word' id='word_1_216' title='bbox 977 1795 1180 1871; x_wconf 62' lang='lat' dir='ltr'><strong>JH</strong></span> <span class='ocrx_word' id='word_1_217' title='bbox 1278 1793 1668 1867; x_wconf 66' lang='lat' dir='ltr'><strong>FP/F/F</strong></span> <span class='ocrx_word' id='word_1_218' title='bbox 1753 1792 1902 1866; x_wconf 71' lang='lat' dir='ltr'><strong>PF</strong></span> <span class='ocrx_word' id='word_1_219' title='bbox 1977 1790 3077 1866; x_wconf 62' lang='lat' dir='ltr'><strong>/JFJ/FP7&#39;1J&#39;1PP&#39;1&#39;1&#39;1</strong></span> <span class='ocrx_word' id='word_1_220' title='bbox 3147 1793 3330 1866; x_wconf 74' lang='grc' dir='ltr'><strong>⁸1Ρῖ</strong></span> <span class='ocrx_word' id='word_1_221' title='bbox 3438 1780 3472 1855; x_wconf 75' lang='lat'><strong>‘7</strong></span> <span class='ocrx_word' id='word_1_222' title='bbox 3575 1795 3793 1868; x_wconf 69' lang='lat' dir='ltr'><strong>P/lf</strong></span> 
     </span>
    </p>
   </div>
   <div class='ocr_carea' id='block_1_20' title="bbox 655 1886 3792 1962">
    <p class='ocr_par' dir='ltr' id='par_1_20' title="bbox 655 1886 3792 1962">
     <span class='ocr_line' id='line_1_20' title="bbox 655 1886 3792 1962; baseline -0.003 -10"><span class='ocrx_word' id='word_1_223' title='bbox 655 1897 893 1952; x_wconf 82' lang='lat' dir='ltr'><strong>Scimus</strong></span> <span class='ocrx_word' id='word_1_224' title='bbox 959 1891 1213 1962; x_wconf 85' lang='lat' dir='ltr'><strong>quoniam</strong></span> <span class='ocrx_word' id='word_1_225' title='bbox 1276 1887 1704 1958; x_wconf 87' lang='lat' dir='ltr'><strong>diligentibus</strong></span> <span class='ocrx_word' id='word_1_226' title='bbox 1759 1887 1929 1962; x_wconf 73' lang='lat' dir='ltr'><strong>peum</strong></span> <span class='ocrx_word' id='word_1_227' title='bbox 1985 1886 2184 1941; x_wconf 88' lang='lat' dir='ltr'><strong>omnia</strong></span> <span class='ocrx_word' id='word_1_228' title='bbox 2269 1899 2480 1954; x_wconf 90' lang='lat' dir='ltr'><strong>coepe</strong></span> <span class='ocrx_word' id='word_1_229' title='bbox 2502 1898 2708 1942; x_wconf 85' lang='lat' dir='ltr'><strong>rantur</strong></span> <span class='ocrx_word' id='word_1_230' title='bbox 2775 1888 2828 1942; x_wconf 90' lang='lat' dir='ltr'><strong>in</strong></span> <span class='ocrx_word' id='word_1_231' title='bbox 2891 1889 3093 1943; x_wconf 91' lang='lat' dir='ltr'><strong>bonum</strong></span> <span class='ocrx_word' id='word_1_232' title='bbox 3154 1887 3322 1953; x_wconf 89' lang='lat' dir='ltr'><strong>bis,</strong></span> <span class='ocrx_word' id='word_1_233' title='bbox 3391 1889 3488 1958; x_wconf 90' lang='lat' dir='ltr'><strong>qui</strong></span> <span class='ocrx_word' id='word_1_234' title='bbox 3564 1891 3792 1944; x_wconf 69' lang='lat' dir='ltr'><strong>secundum</strong></span> 
     </span>
    </p>
   </div>
   <div class='ocr_carea' id='block_1_21' title="bbox 579 1957 2132 2063">
    <p class='ocr_par' dir='ltr' id='par_1_21' title="bbox 579 1957 2132 2063">
     <span class='ocr_line' id='line_1_21' title="bbox 579 1957 2132 2063; baseline -0.01 0"><span class='ocrx_word' id='word_1_235' title='bbox 579 1957 993 2063; x_wconf 49' lang='lat' dir='ltr'><strong>nam&quot;</strong></span> <span class='ocrx_word' id='word_1_236' title='bbox 1019 1967 1158 2056; x_wconf 57' lang='grc' dir='ltr'><strong>διν</strong></span> <span class='ocrx_word' id='word_1_237' title='bbox 1235 1978 1296 2052; x_wconf 67' lang='grc' dir='ltr'><em>Γ</em></span> <span class='ocrx_word' id='word_1_238' title='bbox 1375 1957 1592 2050; x_wconf 58' lang='lat' dir='ltr'><strong>rm</strong></span> <span class='ocrx_word' id='word_1_239' title='bbox 1619 1957 2132 2050; x_wconf 59' lang='lat' dir='ltr'><strong>J-FJF/F/I</strong></span> 
     </span>
    </p>
   </div>
   <div class='ocr_carea' id='block_1_22' title="bbox 979 1957 2532 2063">
    <p class='ocr_par' dir='ltr' id='par_1_22' title="bbox 979 1957 2532 2056">
     <span class='ocr_line' id='line_1_22' title="bbox 979 1957 2532 2056; baseline -0.003 -1"><span class='ocrx_word' id='word_1_240' title='bbox 979 1957 1158 2056; x_wconf 54' lang='grc' dir='ltr'><strong>’ΒΗ</strong></span> <span class='ocrx_word' id='word_1_241' title='bbox 1235 1978 1296 2052; x_wconf 69' lang='grc' dir='ltr'><em>Γ</em></span> <span class='ocrx_word' id='word_1_242' title='bbox 1375 1957 1592 2050; x_wconf 63' lang='grc' dir='ltr'><strong>Ἰξίίῖ</strong></span> <span class='ocrx_word' id='word_1_243' title='bbox 1619 1957 2532 2050; x_wconf 41' lang='lat' dir='ltr'><strong>datr/mrumst</strong></span> 
     </span>
    </p>
   </div>
   <div class='ocr_carea' id='block_1_23' title="bbox 582 2071 1582 2156">
    <p class='ocr_par' dir='ltr' id='par_1_23' title="bbox 582 2071 1582 2156">
     <span class='ocr_line' id='line_1_23' title="bbox 582 2071 1582 2156; baseline -0.018 -17"><span class='ocrx_word' id='word_1_244' title='bbox 582 2097 755 2156; x_wconf 91' lang='lat' dir='ltr'><strong>prope</strong></span> <span class='ocrx_word' id='word_1_245' title='bbox 777 2080 820 2134; x_wconf 93' lang='lat' dir='ltr'><strong>si</strong></span> <span class='ocrx_word' id='word_1_246' title='bbox 855 2087 966 2132; x_wconf 88' lang='lat' dir='ltr'><strong>tttm</strong></span> <span class='ocrx_word' id='word_1_247' title='bbox 1007 2071 1184 2128; x_wconf 88' lang='lat' dir='ltr'><strong>vocati</strong></span> <span class='ocrx_word' id='word_1_248' title='bbox 1225 2081 1351 2125; x_wconf 90' lang='lat' dir='ltr'><strong>sunt</strong></span> <span class='ocrx_word' id='word_1_249' title='bbox 1388 2071 1582 2124; x_wconf 89' lang='lat' dir='ltr'><strong>sancti.</strong></span> 
     </span>
    </p>
   </div>
   <div class='ocr_carea' id='block_1_24' title="bbox 654 2159 3792 2240">
    <p class='ocr_par' dir='ltr' id='par_1_24' title="bbox 654 2159 3792 2240">
     <span class='ocr_line' id='line_1_24' title="bbox 654 2159 3792 2240; baseline -0.003 -12"><span class='ocrx_word' id='word_1_250' title='bbox 654 2171 794 2228; x_wconf 88' lang='lat' dir='ltr'><strong>Sunt</strong></span> <span class='ocrx_word' id='word_1_251' title='bbox 817 2167 1064 2240; x_wconf 65' lang='lat' dir='ltr'><strong>quaedam</strong></span> <span class='ocrx_word' id='word_1_252' title='bbox 1089 2171 1228 2217; x_wconf 75' lang='lat' dir='ltr'><strong>netcc</strong></span> <span class='ocrx_word' id='word_1_253' title='bbox 1247 2201 1261 2227; x_wconf 90' lang='lat'><strong>,</strong></span> <span class='ocrx_word' id='word_1_254' title='bbox 1291 2161 1356 2215; x_wconf 87' lang='lat' dir='ltr'><strong>ad</strong></span> <span class='ocrx_word' id='word_1_255' title='bbox 1379 2176 1513 2230; x_wconf 90' lang='lat' dir='ltr'><strong>quas</strong></span> <span class='ocrx_word' id='word_1_256' title='bbox 1543 2159 1734 2230; x_wconf 90' lang='lat' dir='ltr'><strong>psalmi</strong></span> <span class='ocrx_word' id='word_1_257' title='bbox 1758 2160 1977 2230; x_wconf 90' lang='lat' dir='ltr'><strong>preprio</strong></span> <span class='ocrx_word' id='word_1_258' title='bbox 2002 2159 2162 2214; x_wconf 90' lang='lat' dir='ltr'><strong>modo</strong></span> <span class='ocrx_word' id='word_1_259' title='bbox 2187 2175 2291 2214; x_wconf 93' lang='lat' dir='ltr'><strong>non</strong></span> <span class='ocrx_word' id='word_1_260' title='bbox 2317 2167 2572 2231; x_wconf 87' lang='lat' dir='ltr'><strong>aptantur</strong></span> <span class='ocrx_word' id='word_1_261' title='bbox 2593 2203 2608 2227; x_wconf 92' lang='lat'><strong>,</strong></span> <span class='ocrx_word' id='word_1_262' title='bbox 2631 2177 2750 2231; x_wconf 71' lang='lat' dir='ltr'><strong>quae</strong></span> <span class='ocrx_word' id='word_1_263' title='bbox 2773 2161 3101 2220; x_wconf 85' lang='lat' dir='ltr'><strong>conferendo</strong></span> <span class='ocrx_word' id='word_1_264' title='bbox 3126 2165 3300 2236; x_wconf 87' lang='lat' dir='ltr'><strong>magis</strong></span> <span class='ocrx_word' id='word_1_265' title='bbox 3322 2165 3586 2220; x_wconf 84' lang='lat' dir='ltr'><strong>insinuari</strong></span> <span class='ocrx_word' id='word_1_266' title='bbox 3609 2175 3792 2235; x_wconf 81' lang='lat' dir='ltr'><strong>possunt.</strong></span> 
     </span>
    </p>
   </div>
   <div class='ocr_carea' id='block_1_25' title="bbox 581 2253 3791 2331">
    <p class='ocr_par' dir='ltr' id='par_1_25' title="bbox 581 2253 3791 2331">
     <span class='ocr_line' id='line_1_25' title="bbox 581 2253 3791 2331; baseline -0.003 -6"><span class='ocrx_word' id='word_1_267' title='bbox 581 2268 658 2324; x_wconf 85' lang='lat' dir='ltr'><strong>De</strong></span> <span class='ocrx_word' id='word_1_268' title='bbox 686 2275 887 2323; x_wconf 63' lang='lat' dir='ltr'><strong>caetero</strong></span> <span class='ocrx_word' id='word_1_269' title='bbox 916 2272 1042 2317; x_wconf 81' lang='lat' dir='ltr'><strong>ante</strong></span> <span class='ocrx_word' id='word_1_270' title='bbox 1071 2256 1252 2312; x_wconf 86' lang='lat' dir='ltr'><strong>omnia</strong></span> <span class='ocrx_word' id='word_1_271' title='bbox 1291 2254 1575 2310; x_wconf 91' lang='lat' dir='ltr'><strong>sollicitius</strong></span> <span class='ocrx_word' id='word_1_272' title='bbox 1612 2253 2010 2310; x_wconf 82' lang='lat' dir='ltr'><strong>observandum</strong></span> <span class='ocrx_word' id='word_1_273' title='bbox 2039 2295 2053 2321; x_wconf 91' lang='lat'><strong>,</strong></span> <span class='ocrx_word' id='word_1_274' title='bbox 2087 2263 2146 2309; x_wconf 89' lang='lat' dir='ltr'><strong>ut</strong></span> <span class='ocrx_word' id='word_1_275' title='bbox 2181 2254 2492 2325; x_wconf 67' lang='lat' dir='ltr'><strong>aequalitate</strong></span> <span class='ocrx_word' id='word_1_276' title='bbox 2522 2257 2764 2329; x_wconf 88' lang='lat' dir='ltr'><strong>diligenti</strong></span> <span class='ocrx_word' id='word_1_277' title='bbox 2805 2258 3075 2314; x_wconf 89' lang='lat' dir='ltr'><strong>cantilena</strong></span> <span class='ocrx_word' id='word_1_278' title='bbox 3108 2269 3438 2329; x_wconf 89' lang='lat' dir='ltr'><strong>promatur;</strong></span> <span class='ocrx_word' id='word_1_279' title='bbox 3475 2277 3577 2331; x_wconf 90' lang='lat' dir='ltr'><strong>qua</strong></span> <span class='ocrx_word' id='word_1_280' title='bbox 3601 2262 3746 2331; x_wconf 87' lang='lat' dir='ltr'><strong>utique</strong></span> <span class='ocrx_word' id='word_1_281' title='bbox 3761 2265 3791 2314; x_wconf 81' lang='lat' dir='ltr'><strong>si</strong></span> 
     </span>
    </p>
   </div>
   <div class='ocr_carea' id='block_1_26' title="bbox 581 2351 3794 2432">
    <p class='ocr_par' dir='ltr' id='par_1_26' title="bbox 581 2351 3794 2432">
     <span class='ocr_line' id='line_1_26' title="bbox 581 2351 3794 2432; baseline -0.004 -11"><span class='ocrx_word' id='word_1_282' title='bbox 581 2373 808 2429; x_wconf 85' lang='lat' dir='ltr'><strong>careat,</strong></span> <span class='ocrx_word' id='word_1_283' title='bbox 838 2359 1114 2432; x_wconf 84' lang='lat' dir='ltr'><strong>praecipuo</strong></span> <span class='ocrx_word' id='word_1_284' title='bbox 1161 2369 1261 2410; x_wconf 90' lang='lat' dir='ltr'><strong>suo</strong></span> <span class='ocrx_word' id='word_1_285' title='bbox 1288 2354 1531 2424; x_wconf 82' lang='lat' dir='ltr'><strong>privatur</strong></span> <span class='ocrx_word' id='word_1_286' title='bbox 1553 2351 1712 2422; x_wconf 87' lang='lat' dir='ltr'><strong>jure,</strong></span> <span class='ocrx_word' id='word_1_287' title='bbox 1756 2361 1810 2406; x_wconf 89' lang='lat' dir='ltr'><strong>et</strong></span> <span class='ocrx_word' id='word_1_288' title='bbox 1852 2351 2089 2420; x_wconf 84' lang='lat' dir='ltr'><strong>legitima</strong></span> <span class='ocrx_word' id='word_1_289' title='bbox 2121 2351 2451 2421; x_wconf 86' lang='lat' dir='ltr'><strong>perfectione</strong></span> <span class='ocrx_word' id='word_1_290' title='bbox 2488 2352 2792 2408; x_wconf 79' lang='lat' dir='ltr'><strong>fraudetur.</strong></span> <span class='ocrx_word' id='word_1_291' title='bbox 2827 2354 2958 2410; x_wconf 88' lang='lat' dir='ltr'><strong>Sine</strong></span> <span class='ocrx_word' id='word_1_292' title='bbox 2992 2357 3093 2411; x_wconf 88' lang='lat' dir='ltr'><strong>hac</strong></span> <span class='ocrx_word' id='word_1_293' title='bbox 3127 2357 3326 2426; x_wconf 88' lang='lat' dir='ltr'><strong>quippe</strong></span> <span class='ocrx_word' id='word_1_294' title='bbox 3357 2358 3558 2412; x_wconf 87' lang='lat' dir='ltr'><strong>chorus</strong></span> <span class='ocrx_word' id='word_1_295' title='bbox 3596 2369 3794 2412; x_wconf 73' lang='lat' dir='ltr'><strong>concentu</strong></span> 
     </span>
    </p>
   </div>
   <div class='ocr_carea' id='block_1_27' title="bbox 580 2448 3794 2522">
    <p class='ocr_par' dir='ltr' id='par_1_27' title="bbox 580 2448 3794 2522">
     <span class='ocr_line' id='line_1_27' title="bbox 580 2448 3794 2522; baseline -0.004 -5"><span class='ocrx_word' id='word_1_296' title='bbox 580 2459 932 2518; x_wconf 84' lang='lat' dir='ltr'><strong>confunditur</strong></span> <span class='ocrx_word' id='word_1_297' title='bbox 979 2455 1198 2509; x_wconf 87' lang='lat' dir='ltr'><strong>dissono</strong></span> <span class='ocrx_word' id='word_1_298' title='bbox 1224 2492 1240 2518; x_wconf 93' lang='lat'><strong>,</strong></span> <span class='ocrx_word' id='word_1_299' title='bbox 1299 2466 1400 2506; x_wconf 91' lang='lat' dir='ltr'><strong>nec</strong></span> <span class='ocrx_word' id='word_1_300' title='bbox 1436 2466 1563 2506; x_wconf 91' lang='lat' dir='ltr'><strong>cum</strong></span> <span class='ocrx_word' id='word_1_301' title='bbox 1603 2448 1722 2503; x_wconf 90' lang='lat' dir='ltr'><strong>aliis</strong></span> <span class='ocrx_word' id='word_1_302' title='bbox 1759 2448 2104 2503; x_wconf 86' lang='lat' dir='ltr'><strong>concorditer</strong></span> <span class='ocrx_word' id='word_1_303' title='bbox 2133 2448 2360 2518; x_wconf 89' lang='lat' dir='ltr'><strong>quilibet</strong></span> <span class='ocrx_word' id='word_1_304' title='bbox 2387 2457 2610 2503; x_wconf 87' lang='lat' dir='ltr'><strong>cantare</strong></span> <span class='ocrx_word' id='word_1_305' title='bbox 2636 2459 2814 2518; x_wconf 92' lang='lat' dir='ltr'><strong>potest</strong></span> <span class='ocrx_word' id='word_1_306' title='bbox 2839 2466 2988 2516; x_wconf 90' lang='lat' dir='ltr'><strong>,_nec</strong></span> <span class='ocrx_word' id='word_1_307' title='bbox 3021 2451 3167 2506; x_wconf 93' lang='lat' dir='ltr'><strong>solus</strong></span> <span class='ocrx_word' id='word_1_308' title='bbox 3190 2451 3370 2506; x_wconf 88' lang='lat' dir='ltr'><strong>docte.</strong></span> <span class='ocrx_word' id='word_1_309' title='bbox 3403 2451 3666 2522; x_wconf 60' lang='lat' dir='ltr'><strong>Equitate</strong></span> <span class='ocrx_word' id='word_1_310' title='bbox 3688 2450 3794 2521; x_wconf 78' lang='lat' dir='ltr'><strong>plant</strong></span> 
     </span>
    </p>
   </div>
   <div class='ocr_carea' id='block_1_28' title="bbox 580 2544 3793 2626">
    <p class='ocr_par' dir='ltr' id='par_1_28' title="bbox 580 2544 3793 2626">
     <span class='ocr_line' id='line_1_28' title="bbox 580 2544 3793 2626; baseline -0.004 -15"><span class='ocrx_word' id='word_1_311' title='bbox 580 2551 1040 2626; x_wconf 82' lang='lat' dir='ltr'><strong>pulchritudinem</strong></span> <span class='ocrx_word' id='word_1_312' title='bbox 1082 2561 1299 2602; x_wconf 83' lang='lat' dir='ltr'><strong>omnem</strong></span> <span class='ocrx_word' id='word_1_313' title='bbox 1332 2561 1431 2601; x_wconf 90' lang='lat' dir='ltr'><strong>nec</strong></span> <span class='ocrx_word' id='word_1_314' title='bbox 1469 2545 1648 2599; x_wconf 83' lang='lat' dir='ltr'><strong>minus</strong></span> <span class='ocrx_word' id='word_1_315' title='bbox 1675 2559 1793 2614; x_wconf 76' lang='lat' dir='ltr'><strong>qua:</strong></span> <span class='ocrx_word' id='word_1_316' title='bbox 1827 2544 2014 2597; x_wconf 90' lang='lat' dir='ltr'><strong>auditu</strong></span> <span class='ocrx_word' id='word_1_317' title='bbox 2041 2583 2056 2609; x_wconf 94' lang='lat'><strong>,</strong></span> <span class='ocrx_word' id='word_1_318' title='bbox 2090 2559 2252 2614; x_wconf 89' lang='lat' dir='ltr'><strong>quam</strong></span> <span class='ocrx_word' id='word_1_319' title='bbox 2281 2559 2401 2613; x_wconf 75' lang='lat' dir='ltr'><strong>qua:</strong></span> <span class='ocrx_word' id='word_1_320' title='bbox 2423 2544 2537 2599; x_wconf 87' lang='lat' dir='ltr'><strong>visu</strong></span> <span class='ocrx_word' id='word_1_321' title='bbox 2566 2545 2864 2615; x_wconf 89' lang='lat' dir='ltr'><strong>percipitur</strong></span> <span class='ocrx_word' id='word_1_322' title='bbox 2883 2585 2904 2614; x_wconf 87' lang='lat'><strong>,</strong></span> <span class='ocrx_word' id='word_1_323' title='bbox 2933 2547 3077 2602; x_wconf 88' lang='lat' dir='ltr'><strong>Deus</strong></span> <span class='ocrx_word' id='word_1_324' title='bbox 3109 2557 3300 2602; x_wconf 88' lang='lat' dir='ltr'><strong>auctor</strong></span> <span class='ocrx_word' id='word_1_325' title='bbox 3328 2557 3583 2603; x_wconf 84' lang='lat' dir='ltr'><strong>constare</strong></span> <span class='ocrx_word' id='word_1_326' title='bbox 3606 2549 3793 2608; x_wconf 83' lang='lat' dir='ltr'><strong>instituit,</strong></span> 
     </span>
    </p>
   </div>
   <div class='ocr_carea' id='block_1_29' title="bbox 582 2639 2356 2722">
    <p class='ocr_par' dir='ltr' id='par_1_29' title="bbox 582 2639 2356 2722">
     <span class='ocr_line' id='line_1_29' title="bbox 582 2639 2356 2722; baseline -0.007 -16"><span class='ocrx_word' id='word_1_327' title='bbox 582 2651 707 2722; x_wconf 91' lang='lat' dir='ltr'><strong>quia</strong></span> <span class='ocrx_word' id='word_1_328' title='bbox 749 2649 801 2703; x_wconf 92' lang='lat' dir='ltr'><strong>in</strong></span> <span class='ocrx_word' id='word_1_329' title='bbox 843 2657 1093 2701; x_wconf 89' lang='lat' dir='ltr'><strong>mensura</strong></span> <span class='ocrx_word' id='word_1_330' title='bbox 1119 2652 1175 2697; x_wconf 93' lang='lat' dir='ltr'><strong>et</strong></span> <span class='ocrx_word' id='word_1_331' title='bbox 1202 2643 1467 2712; x_wconf 87' lang='lat' dir='ltr'><strong>pendere,</strong></span> <span class='ocrx_word' id='word_1_332' title='bbox 1503 2642 1556 2696; x_wconf 92' lang='lat' dir='ltr'><strong>in</strong></span> <span class='ocrx_word' id='word_1_333' title='bbox 1592 2655 1818 2695; x_wconf 92' lang='lat' dir='ltr'><strong>numero</strong></span> <span class='ocrx_word' id='word_1_334' title='bbox 1848 2650 2046 2696; x_wconf 85' lang='lat' dir='ltr'><strong>cuncta</strong></span> <span class='ocrx_word' id='word_1_335' title='bbox 2069 2639 2356 2711; x_wconf 87' lang='lat' dir='ltr'><strong>disposuit.</strong></span> 
     </span>
    </p>
   </div>
   <div class='ocr_carea' id='block_1_30' title="bbox 645 2737 3792 2814">
    <p class='ocr_par' dir='ltr' id='par_1_30' title="bbox 645 2737 3792 2814">
     <span class='ocr_line' id='line_1_30' title="bbox 645 2737 3792 2814; baseline -0.003 -14"><span class='ocrx_word' id='word_1_336' title='bbox 645 2741 996 2814; x_wconf 68' lang='lat' dir='ltr'><strong>lnaequalitas</strong></span> <span class='ocrx_word' id='word_1_337' title='bbox 1040 2754 1169 2813; x_wconf 88' lang='lat' dir='ltr'><strong>ergo</strong></span> <span class='ocrx_word' id='word_1_338' title='bbox 1211 2740 1479 2795; x_wconf 85' lang='lat' dir='ltr'><strong>cantionis</strong></span> <span class='ocrx_word' id='word_1_339' title='bbox 1519 2738 1730 2794; x_wconf 87' lang='lat' dir='ltr'><strong>cantica</strong></span> <span class='ocrx_word' id='word_1_340' title='bbox 1771 2753 1926 2796; x_wconf 88' lang='lat' dir='ltr'><strong>sacra</strong></span> <span class='ocrx_word' id='word_1_341' title='bbox 1967 2754 2072 2793; x_wconf 93' lang='lat' dir='ltr'><strong>non</strong></span> <span class='ocrx_word' id='word_1_342' title='bbox 2112 2739 2299 2804; x_wconf 91' lang='lat' dir='ltr'><strong>vitiet,</strong></span> <span class='ocrx_word' id='word_1_343' title='bbox 2341 2752 2448 2792; x_wconf 86' lang='lat' dir='ltr'><strong>non</strong></span> <span class='ocrx_word' id='word_1_344' title='bbox 2477 2753 2578 2807; x_wconf 84' lang='lat' dir='ltr'><strong>per</strong></span> <span class='ocrx_word' id='word_1_345' title='bbox 2602 2745 3096 2802; x_wconf 64' lang='lat' dir='ltr'><strong>mementameuma</strong></span> <span class='ocrx_word' id='word_1_346' title='bbox 3123 2737 3382 2810; x_wconf 64' lang='lat' dir='ltr'><strong>qualibet</strong></span> <span class='ocrx_word' id='word_1_347' title='bbox 3405 2750 3500 2795; x_wconf 86' lang='lat' dir='ltr'><strong>aut</strong></span> <span class='ocrx_word' id='word_1_348' title='bbox 3525 2755 3674 2795; x_wconf 88' lang='lat' dir='ltr'><strong>sonus</strong></span> <span class='ocrx_word' id='word_1_349' title='bbox 3695 2739 3792 2792; x_wconf 80' lang='lat' dir='ltr'><strong>inde-</strong></span> 
     </span>
    </p>
   </div>
   <div class='ocr_carea' id='block_1_31' title="bbox 583 2833 3792 2910">
    <p class='ocr_par' dir='ltr' id='par_1_31' title="bbox 583 2833 3792 2910">
     <span class='ocr_line' id='line_1_31' title="bbox 583 2833 3792 2910; baseline -0.003 -11"><span class='ocrx_word' id='word_1_350' title='bbox 583 2851 774 2900; x_wconf 88' lang='lat' dir='ltr'><strong>center</strong></span> <span class='ocrx_word' id='word_1_351' title='bbox 807 2837 1168 2910; x_wconf 86' lang='lat' dir='ltr'><strong>protendatur</strong></span> <span class='ocrx_word' id='word_1_352' title='bbox 1211 2844 1304 2890; x_wconf 88' lang='lat' dir='ltr'><strong>aut</strong></span> <span class='ocrx_word' id='word_1_353' title='bbox 1345 2836 1702 2890; x_wconf 81' lang='lat' dir='ltr'><strong>contrahatur</strong></span> <span class='ocrx_word' id='word_1_354' title='bbox 1729 2874 1744 2899; x_wconf 95' lang='lat'><strong>,</strong></span> <span class='ocrx_word' id='word_1_355' title='bbox 1776 2849 1882 2888; x_wconf 93' lang='lat' dir='ltr'><strong>non</strong></span> <span class='ocrx_word' id='word_1_356' title='bbox 1919 2849 2012 2904; x_wconf 93' lang='lat' dir='ltr'><strong>per</strong></span> <span class='ocrx_word' id='word_1_357' title='bbox 2039 2835 2306 2888; x_wconf 89' lang='lat' dir='ltr'><strong>incuriam</strong></span> <span class='ocrx_word' id='word_1_358' title='bbox 2342 2833 2395 2887; x_wconf 90' lang='lat' dir='ltr'><strong>in</strong></span> <span class='ocrx_word' id='word_1_359' title='bbox 2431 2849 2538 2888; x_wconf 91' lang='lat' dir='ltr'><strong>uno</strong></span> <span class='ocrx_word' id='word_1_360' title='bbox 2560 2843 2722 2888; x_wconf 89' lang='lat' dir='ltr'><strong>cantu</strong></span> <span class='ocrx_word' id='word_1_361' title='bbox 2753 2875 2768 2898; x_wconf 88' lang='lat'><strong>,</strong></span> <span class='ocrx_word' id='word_1_362' title='bbox 2800 2835 2950 2890; x_wconf 90' lang='lat' dir='ltr'><strong>verbi</strong></span> <span class='ocrx_word' id='word_1_363' title='bbox 2980 2835 3153 2903; x_wconf 84' lang='lat' dir='ltr'><strong>gratia</strong></span> <span class='ocrx_word' id='word_1_364' title='bbox 3177 2876 3192 2900; x_wconf 90' lang='lat'><strong>,</strong></span> <span class='ocrx_word' id='word_1_365' title='bbox 3229 2836 3563 2905; x_wconf 90' lang='lat' dir='ltr'><strong>responsorii</strong></span> <span class='ocrx_word' id='word_1_366' title='bbox 3591 2835 3663 2890; x_wconf 89' lang='lat' dir='ltr'><strong>vel</strong></span> <span class='ocrx_word' id='word_1_367' title='bbox 3688 2843 3792 2888; x_wconf 63' lang='lat' dir='ltr'><strong>cate</strong></span> 
     </span>
    </p>
   </div>
   <div class='ocr_carea' id='block_1_32' title="bbox 581 2931 3791 3007">
    <p class='ocr_par' dir='ltr' id='par_1_32' title="bbox 581 2931 3791 3007">
     <span class='ocr_line' id='line_1_32' title="bbox 581 2931 3791 3007; baseline -0.004 -12"><span class='ocrx_word' id='word_1_368' title='bbox 581 2955 770 2996; x_wconf 88' lang='lat' dir='ltr'><strong>rerum</strong></span> <span class='ocrx_word' id='word_1_369' title='bbox 796 2978 813 3006; x_wconf 94' lang='lat'><strong>,</strong></span> <span class='ocrx_word' id='word_1_370' title='bbox 853 2936 1072 3007; x_wconf 87' lang='lat' dir='ltr'><strong>segnius</strong></span> <span class='ocrx_word' id='word_1_371' title='bbox 1110 2948 1271 3002; x_wconf 85' lang='lat' dir='ltr'><strong>quam</strong></span> <span class='ocrx_word' id='word_1_372' title='bbox 1308 2931 1460 3002; x_wconf 91' lang='lat' dir='ltr'><strong>prius</strong></span> <span class='ocrx_word' id='word_1_373' title='bbox 1492 2931 1740 3000; x_wconf 88' lang='lat' dir='ltr'><strong>protrahi</strong></span> <span class='ocrx_word' id='word_1_374' title='bbox 1778 2931 2088 3002; x_wconf 78' lang='lat' dir='ltr'><strong>incipiatur.</strong></span> <span class='ocrx_word' id='word_1_375' title='bbox 2132 2931 2264 2986; x_wconf 88' lang='lat' dir='ltr'><strong>ltem</strong></span> <span class='ocrx_word' id='word_1_376' title='bbox 2303 2932 2488 2986; x_wconf 86' lang='lat' dir='ltr'><strong>brevia</strong></span> <span class='ocrx_word' id='word_1_377' title='bbox 2517 2948 2746 3002; x_wconf 65' lang='lat' dir='ltr'><strong>quaeque</strong></span> <span class='ocrx_word' id='word_1_378' title='bbox 2775 2933 3200 3003; x_wconf 88' lang='lat' dir='ltr'><strong>impeditiosiora</strong></span> <span class='ocrx_word' id='word_1_379' title='bbox 3236 2950 3346 2989; x_wconf 92' lang='lat' dir='ltr'><strong>non</strong></span> <span class='ocrx_word' id='word_1_380' title='bbox 3376 2936 3486 2989; x_wconf 90' lang='lat' dir='ltr'><strong>sint</strong></span> <span class='ocrx_word' id='word_1_381' title='bbox 3510 2975 3524 2998; x_wconf 89' lang='lat'><strong>,</strong></span> <span class='ocrx_word' id='word_1_382' title='bbox 3551 2949 3691 3004; x_wconf 87' lang='lat' dir='ltr'><strong>quam</strong></span> <span class='ocrx_word' id='word_1_383' title='bbox 3711 2946 3791 2983; x_wconf 82' lang='lat' dir='ltr'><strong>con-</strong></span> 
     </span>
    </p>
   </div>
   <div class='ocr_carea' id='block_1_33' title="bbox 582 3025 3789 3099">
    <p class='ocr_par' dir='ltr' id='par_1_33' title="bbox 582 3025 3789 3099">
     <span class='ocr_line' id='line_1_33' title="bbox 582 3025 3789 3099; baseline -0.003 -6"><span class='ocrx_word' id='word_1_384' title='bbox 582 3038 765 3093; x_wconf 85' lang='lat' dir='ltr'><strong>veniat</strong></span> <span class='ocrx_word' id='word_1_385' title='bbox 807 3033 1084 3091; x_wconf 84' lang='lat' dir='ltr'><strong>brevibus.</strong></span> <span class='ocrx_word' id='word_1_386' title='bbox 1134 3028 1333 3083; x_wconf 80' lang='lat' dir='ltr'><strong>Verum</strong></span> <span class='ocrx_word' id='word_1_387' title='bbox 1380 3028 1562 3082; x_wconf 91' lang='lat' dir='ltr'><strong>omnia</strong></span> <span class='ocrx_word' id='word_1_388' title='bbox 1597 3026 1755 3096; x_wconf 84' lang='lat' dir='ltr'><strong>longa</strong></span> <span class='ocrx_word' id='word_1_389' title='bbox 1783 3027 2064 3096; x_wconf 62' lang='lat' dir='ltr'><strong>aequaliter</strong></span> <span class='ocrx_word' id='word_1_390' title='bbox 2095 3027 2252 3098; x_wconf 85' lang='lat' dir='ltr'><strong>longa</strong></span> <span class='ocrx_word' id='word_1_391' title='bbox 2276 3068 2290 3092; x_wconf 94' lang='lat'><strong>,</strong></span> <span class='ocrx_word' id='word_1_392' title='bbox 2322 3027 2566 3082; x_wconf 88' lang='lat' dir='ltr'><strong>brevium</strong></span> <span class='ocrx_word' id='word_1_393' title='bbox 2601 3028 2672 3082; x_wconf 89' lang='lat' dir='ltr'><strong>sit</strong></span> <span class='ocrx_word' id='word_1_394' title='bbox 2701 3045 2800 3097; x_wconf 87' lang='lat' dir='ltr'><strong>par</strong></span> <span class='ocrx_word' id='word_1_395' title='bbox 2823 3029 3060 3083; x_wconf 86' lang='lat' dir='ltr'><strong>brevitas</strong></span> <span class='ocrx_word' id='word_1_396' title='bbox 3087 3069 3100 3093; x_wconf 85' lang='lat'><strong>,</strong></span> <span class='ocrx_word' id='word_1_397' title='bbox 3129 3031 3376 3099; x_wconf 80' lang='lat' dir='ltr'><strong>exceptis</strong></span> <span class='ocrx_word' id='word_1_398' title='bbox 3403 3025 3789 3083; x_wconf 78' lang='lat' dir='ltr'><strong>distinctionibus.</strong></span> 
     </span>
    </p>
   </div>
   <div class='ocr_carea' id='block_1_34' title="bbox 582 3118 3791 3206">
    <p class='ocr_par' dir='ltr' id='par_1_34' title="bbox 582 3118 3791 3206">
     <span class='ocr_line' id='line_1_34' title="bbox 582 3118 3791 3206; baseline -0.005 -16"><span class='ocrx_word' id='word_1_399' title='bbox 582 3151 704 3206; x_wconf 79' lang='lat' dir='ltr'><strong>qme</strong></span> <span class='ocrx_word' id='word_1_400' title='bbox 740 3132 902 3189; x_wconf 92' lang='lat' dir='ltr'><strong>simili</strong></span> <span class='ocrx_word' id='word_1_401' title='bbox 942 3125 1152 3185; x_wconf 87' lang='lat' dir='ltr'><strong>cautela</strong></span> <span class='ocrx_word' id='word_1_402' title='bbox 1192 3126 1243 3178; x_wconf 92' lang='lat' dir='ltr'><strong>in</strong></span> <span class='ocrx_word' id='word_1_403' title='bbox 1277 3135 1440 3180; x_wconf 92' lang='lat' dir='ltr'><strong>cantu</strong></span> <span class='ocrx_word' id='word_1_404' title='bbox 1487 3125 1838 3180; x_wconf 64' lang='lat' dir='ltr'><strong>observandae</strong></span> <span class='ocrx_word' id='word_1_405' title='bbox 1882 3133 2024 3180; x_wconf 88' lang='lat' dir='ltr'><strong>sunt.</strong></span> <span class='ocrx_word' id='word_1_406' title='bbox 2071 3118 2264 3179; x_wconf 85' lang='lat' dir='ltr'><strong>Omnia</strong></span> <span class='ocrx_word' id='word_1_407' title='bbox 2293 3165 2308 3190; x_wconf 96' lang='lat'><strong>,</strong></span> <span class='ocrx_word' id='word_1_408' title='bbox 2338 3141 2456 3194; x_wconf 84' lang='lat' dir='ltr'><strong>quae</strong></span> <span class='ocrx_word' id='word_1_409' title='bbox 2492 3127 2579 3180; x_wconf 91' lang='lat' dir='ltr'><strong>diu</strong></span> <span class='ocrx_word' id='word_1_410' title='bbox 2607 3167 2622 3191; x_wconf 92' lang='lat'><strong>,</strong></span> <span class='ocrx_word' id='word_1_411' title='bbox 2667 3126 2732 3179; x_wconf 87' lang='lat' dir='ltr'><strong>ad</strong></span> <span class='ocrx_word' id='word_1_412' title='bbox 2767 3142 2829 3181; x_wconf 88' lang='lat' dir='ltr'><strong>ea</strong></span> <span class='ocrx_word' id='word_1_413' title='bbox 2851 3165 2866 3190; x_wconf 96' lang='lat'><strong>,</strong></span> <span class='ocrx_word' id='word_1_414' title='bbox 2909 3142 3028 3196; x_wconf 73' lang='lat' dir='ltr'><strong>qua:</strong></span> <span class='ocrx_word' id='word_1_415' title='bbox 3055 3142 3159 3181; x_wconf 89' lang='lat' dir='ltr'><strong>non</strong></span> <span class='ocrx_word' id='word_1_416' title='bbox 3188 3127 3276 3181; x_wconf 91' lang='lat' dir='ltr'><strong>diu</strong></span> <span class='ocrx_word' id='word_1_417' title='bbox 3303 3166 3321 3192; x_wconf 88' lang='lat'><strong>,</strong></span> <span class='ocrx_word' id='word_1_418' title='bbox 3354 3126 3608 3198; x_wconf 81' lang='lat' dir='ltr'><strong>legitimis</strong></span> <span class='ocrx_word' id='word_1_419' title='bbox 3630 3127 3791 3179; x_wconf 79' lang='lat' dir='ltr'><strong>interse</strong></span> 
     </span>
    </p>
   </div>
   <div class='ocr_carea' id='block_1_35' title="bbox 584 3222 3865 3294">
    <p class='ocr_par' dir='ltr' id='par_1_35' title="bbox 584 3222 3865 3294">
     <span class='ocr_line' id='line_1_35' title="bbox 584 3222 3865 3294; baseline -0.003 -7"><span class='ocrx_word' id='word_1_420' title='bbox 584 3230 812 3286; x_wconf 91' lang='lat' dir='ltr'><strong>merulis</strong></span> <span class='ocrx_word' id='word_1_421' title='bbox 849 3238 1136 3282; x_wconf 89' lang='lat' dir='ltr'><strong>numerose</strong></span> <span class='ocrx_word' id='word_1_422' title='bbox 1168 3229 1496 3276; x_wconf 89' lang='lat' dir='ltr'><strong>concurrant</strong></span> <span class='ocrx_word' id='word_1_423' title='bbox 1519 3260 1534 3284; x_wconf 91' lang='lat'><strong>,</strong></span> <span class='ocrx_word' id='word_1_424' title='bbox 1573 3231 1628 3274; x_wconf 91' lang='lat' dir='ltr'><strong>et</strong></span> <span class='ocrx_word' id='word_1_425' title='bbox 1655 3231 1846 3276; x_wconf 90' lang='lat' dir='ltr'><strong>cantus</strong></span> <span class='ocrx_word' id='word_1_426' title='bbox 1871 3222 2096 3290; x_wconf 89' lang='lat' dir='ltr'><strong>quilibet</strong></span> <span class='ocrx_word' id='word_1_427' title='bbox 2121 3231 2261 3276; x_wconf 90' lang='lat' dir='ltr'><strong>totus</strong></span> <span class='ocrx_word' id='word_1_428' title='bbox 2293 3223 2478 3276; x_wconf 84' lang='lat' dir='ltr'><strong>eodem</strong></span> <span class='ocrx_word' id='word_1_429' title='bbox 2512 3223 2810 3278; x_wconf 88' lang='lat' dir='ltr'><strong>celeritatis</strong></span> <span class='ocrx_word' id='word_1_430' title='bbox 2837 3233 3022 3278; x_wconf 87' lang='lat' dir='ltr'><strong>tenore</strong></span> <span class='ocrx_word' id='word_1_431' title='bbox 3044 3240 3074 3278; x_wconf 89' lang='lat' dir='ltr'><strong>a</strong></span> <span class='ocrx_word' id='word_1_432' title='bbox 3098 3223 3203 3280; x_wconf 85' lang='lat' dir='ltr'><strong>line</strong></span> <span class='ocrx_word' id='word_1_433' title='bbox 3229 3241 3408 3294; x_wconf 86' lang='lat' dir='ltr'><strong>usque</strong></span> <span class='ocrx_word' id='word_1_434' title='bbox 3432 3225 3504 3279; x_wconf 86' lang='lat' dir='ltr'><strong>ad</strong></span> <span class='ocrx_word' id='word_1_435' title='bbox 3547 3225 3686 3279; x_wconf 85' lang='lat' dir='ltr'><strong>ﬁnem</strong></span> <span class='ocrx_word' id='word_1_436' title='bbox 3706 3235 3785 3291; x_wconf 66' lang='grc' dir='ltr'><strong>ρπ-</strong></span> <span class='ocrx_word' id='word_1_437' title='bbox 3863 3233 3865 3272; x_wconf 77' lang='grc' dir='ltr'><strong>ε</strong></span> 
     </span>
    </p>
   </div>
   <div class='ocr_carea' id='block_1_36' title="bbox 587 3317 3788 3396">
    <p class='ocr_par' dir='ltr' id='par_1_36' title="bbox 587 3317 3788 3396">
     <span class='ocr_line' id='line_1_36' title="bbox 587 3317 3788 3396; baseline -0.004 -15"><span class='ocrx_word' id='word_1_438' title='bbox 587 3335 796 3396; x_wconf 82' lang='lat' dir='ltr'><strong>agatur.</strong></span> <span class='ocrx_word' id='word_1_439' title='bbox 848 3321 963 3377; x_wconf 84' lang='lat' dir='ltr'><strong>Hac</strong></span> <span class='ocrx_word' id='word_1_440' title='bbox 1001 3329 1182 3374; x_wconf 79' lang='lat' dir='ltr'><strong>tamen</strong></span> <span class='ocrx_word' id='word_1_441' title='bbox 1226 3317 1437 3370; x_wconf 88' lang='lat' dir='ltr'><strong>ratione</strong></span> <span class='ocrx_word' id='word_1_442' title='bbox 1470 3326 1716 3381; x_wconf 80' lang='lat' dir='ltr'><strong>servata,</strong></span> <span class='ocrx_word' id='word_1_443' title='bbox 1761 3318 1886 3371; x_wconf 90' lang='lat' dir='ltr'><strong>dum</strong></span> <span class='ocrx_word' id='word_1_444' title='bbox 1919 3318 1970 3372; x_wconf 93' lang='lat' dir='ltr'><strong>in</strong></span> <span class='ocrx_word' id='word_1_445' title='bbox 2001 3327 2163 3372; x_wconf 84' lang='lat' dir='ltr'><strong>cantu</strong></span> <span class='ocrx_word' id='word_1_446' title='bbox 2195 3320 2285 3389; x_wconf 93' lang='lat' dir='ltr'><strong>qni</strong></span> <span class='ocrx_word' id='word_1_447' title='bbox 2321 3321 2516 3388; x_wconf 82' lang='lat' dir='ltr'><strong>raptim</strong></span> <span class='ocrx_word' id='word_1_448' title='bbox 2557 3321 2776 3374; x_wconf 88' lang='lat' dir='ltr'><strong>canitur</strong></span> <span class='ocrx_word' id='word_1_449' title='bbox 2801 3361 2816 3386; x_wconf 93' lang='lat'><strong>,</strong></span> <span class='ocrx_word' id='word_1_450' title='bbox 2846 3322 2992 3376; x_wconf 91' lang='lat' dir='ltr'><strong>circa</strong></span> <span class='ocrx_word' id='word_1_451' title='bbox 3027 3321 3187 3376; x_wconf 85' lang='lat' dir='ltr'><strong>linem</strong></span> <span class='ocrx_word' id='word_1_452' title='bbox 3220 3361 3236 3386; x_wconf 91' lang='lat'><strong>,</strong></span> <span class='ocrx_word' id='word_1_453' title='bbox 3280 3333 3380 3376; x_wconf 87' lang='lat' dir='ltr'><strong>aut</strong></span> <span class='ocrx_word' id='word_1_454' title='bbox 3410 3321 3679 3392; x_wconf 81' lang='lat' dir='ltr'><strong>aliquando</strong></span> <span class='ocrx_word' id='word_1_455' title='bbox 3696 3319 3788 3372; x_wconf 80' lang='lat' dir='ltr'><strong>clm</strong></span> 
     </span>
    </p>
   </div>
   <div class='ocr_carea' id='block_1_37' title="bbox 582 3411 3787 3488">
    <p class='ocr_par' dir='ltr' id='par_1_37' title="bbox 582 3411 3787 3488">
     <span class='ocr_line' id='line_1_37' title="bbox 582 3411 3787 3488; baseline -0.002 -13"><span class='ocrx_word' id='word_1_456' title='bbox 582 3422 796 3476; x_wconf 89' lang='lat' dir='ltr'><strong>initium</strong></span> <span class='ocrx_word' id='word_1_457' title='bbox 844 3415 1070 3488; x_wconf 81' lang='lat' dir='ltr'><strong>longiori</strong></span> <span class='ocrx_word' id='word_1_458' title='bbox 1123 3427 1273 3466; x_wconf 91' lang='lat' dir='ltr'><strong>mera</strong></span> <span class='ocrx_word' id='word_1_459' title='bbox 1323 3411 1492 3466; x_wconf 83' lang='lat' dir='ltr'><strong>melos</strong></span> <span class='ocrx_word' id='word_1_460' title='bbox 1531 3415 1955 3481; x_wconf 88' lang='lat' dir='ltr'><strong>pretendendum</strong></span> <span class='ocrx_word' id='word_1_461' title='bbox 1999 3422 2120 3479; x_wconf 92' lang='lat' dir='ltr'><strong>est,</strong></span> <span class='ocrx_word' id='word_1_462' title='bbox 2177 3424 2271 3468; x_wconf 90' lang='lat' dir='ltr'><strong>aut</strong></span> <span class='ocrx_word' id='word_1_463' title='bbox 2315 3426 2548 3482; x_wconf 92' lang='lat' dir='ltr'><strong>cantus,</strong></span> <span class='ocrx_word' id='word_1_464' title='bbox 2598 3417 2688 3486; x_wconf 88' lang='lat' dir='ltr'><strong>qui</strong></span> <span class='ocrx_word' id='word_1_465' title='bbox 2732 3432 2946 3473; x_wconf 92' lang='lat' dir='ltr'><strong>morose</strong></span> <span class='ocrx_word' id='word_1_466' title='bbox 2987 3417 3240 3485; x_wconf 78' lang='lat' dir='ltr'><strong>canitur,</strong></span> <span class='ocrx_word' id='word_1_467' title='bbox 3294 3420 3475 3474; x_wconf 91' lang='lat' dir='ltr'><strong>modis</strong></span> <span class='ocrx_word' id='word_1_468' title='bbox 3503 3416 3787 3475; x_wconf 73' lang='lat' dir='ltr'><strong>celerioribus</strong></span> 
     </span>
    </p>
   </div>
   <div class='ocr_carea' id='block_1_38' title="bbox 581 3508 3787 3587">
    <p class='ocr_par' dir='ltr' id='par_1_38' title="bbox 581 3508 3787 3587">
     <span class='ocr_line' id='line_1_38' title="bbox 581 3508 3787 3587; baseline -0.003 -15"><span class='ocrx_word' id='word_1_469' title='bbox 581 3515 894 3578; x_wconf 82' lang='lat' dir='ltr'><strong>ﬁniendus;</strong></span> <span class='ocrx_word' id='word_1_470' title='bbox 947 3520 1007 3565; x_wconf 92' lang='lat' dir='ltr'><strong>ut</strong></span> <span class='ocrx_word' id='word_1_471' title='bbox 1064 3523 1162 3579; x_wconf 90' lang='lat' dir='ltr'><strong>pro</strong></span> <span class='ocrx_word' id='word_1_472' title='bbox 1218 3510 1379 3566; x_wconf 89' lang='lat' dir='ltr'><strong>modo</strong></span> <span class='ocrx_word' id='word_1_473' title='bbox 1432 3508 1712 3564; x_wconf 88' lang='lat' dir='ltr'><strong>brevitatis</strong></span> <span class='ocrx_word' id='word_1_474' title='bbox 1761 3510 2045 3579; x_wconf 79' lang='lat' dir='ltr'><strong>prolixitas</strong></span> <span class='ocrx_word' id='word_1_475' title='bbox 2099 3513 2486 3582; x_wconf 85' lang='lat' dir='ltr'><strong>prolengetnr,</strong></span> <span class='ocrx_word' id='word_1_476' title='bbox 2532 3523 2586 3568; x_wconf 88' lang='lat' dir='ltr'><strong>et</strong></span> <span class='ocrx_word' id='word_1_477' title='bbox 2622 3515 2918 3569; x_wconf 89' lang='lat' dir='ltr'><strong>secundum</strong></span> <span class='ocrx_word' id='word_1_478' title='bbox 2961 3530 3144 3570; x_wconf 91' lang='lat' dir='ltr'><strong>meras</strong></span> <span class='ocrx_word' id='word_1_479' title='bbox 3183 3516 3542 3587; x_wconf 87' lang='lat' dir='ltr'><strong>longitudinis</strong></span> <span class='ocrx_word' id='word_1_480' title='bbox 3584 3523 3787 3570; x_wconf 75' lang='lat' dir='ltr'><strong>momenta</strong></span> 
     </span>
    </p>
   </div>
   <div class='ocr_carea' id='block_1_39' title="bbox 584 3605 3787 3683">
    <p class='ocr_par' dir='ltr' id='par_1_39' title="bbox 584 3605 3787 3683">
     <span class='ocr_line' id='line_1_39' title="bbox 584 3605 3787 3683; baseline -0.002 -17"><span class='ocrx_word' id='word_1_481' title='bbox 584 3613 882 3666; x_wconf 82' lang='lat' dir='ltr'><strong>formentur</strong></span> <span class='ocrx_word' id='word_1_482' title='bbox 931 3607 1114 3662; x_wconf 86' lang='lat' dir='ltr'><strong>brevia</strong></span> <span class='ocrx_word' id='word_1_483' title='bbox 1140 3649 1155 3673; x_wconf 95' lang='lat'><strong>,</strong></span> <span class='ocrx_word' id='word_1_484' title='bbox 1214 3616 1272 3662; x_wconf 94' lang='lat' dir='ltr'><strong>ut</strong></span> <span class='ocrx_word' id='word_1_485' title='bbox 1321 3623 1421 3663; x_wconf 91' lang='lat' dir='ltr'><strong>nec</strong></span> <span class='ocrx_word' id='word_1_486' title='bbox 1461 3605 1665 3675; x_wconf 87' lang='lat' dir='ltr'><strong>majore</strong></span> <span class='ocrx_word' id='word_1_487' title='bbox 1697 3649 1711 3670; x_wconf 92' lang='lat'><strong>,</strong></span> <span class='ocrx_word' id='word_1_488' title='bbox 1745 3624 1843 3662; x_wconf 93' lang='lat' dir='ltr'><strong>nec</strong></span> <span class='ocrx_word' id='word_1_489' title='bbox 1865 3608 2074 3663; x_wconf 90' lang='lat' dir='ltr'><strong>minore</strong></span> <span class='ocrx_word' id='word_1_490' title='bbox 2107 3649 2121 3672; x_wconf 92' lang='lat'><strong>,</strong></span> <span class='ocrx_word' id='word_1_491' title='bbox 2172 3609 2266 3664; x_wconf 88' lang='lat' dir='ltr'><strong>sed</strong></span> <span class='ocrx_word' id='word_1_492' title='bbox 2289 3625 2504 3680; x_wconf 91' lang='lat' dir='ltr'><strong>semper</strong></span> <span class='ocrx_word' id='word_1_493' title='bbox 2534 3626 2700 3664; x_wconf 92' lang='lat' dir='ltr'><strong>unum</strong></span> <span class='ocrx_word' id='word_1_494' title='bbox 2736 3611 2966 3666; x_wconf 90' lang='lat' dir='ltr'><strong>alterum</strong></span> <span class='ocrx_word' id='word_1_495' title='bbox 2997 3612 3156 3682; x_wconf 86' lang='lat' dir='ltr'><strong>dtlplu</strong></span> <span class='ocrx_word' id='word_1_496' title='bbox 3185 3623 3410 3683; x_wconf 91' lang='lat' dir='ltr'><strong>superet</strong></span> <span class='ocrx_word' id='word_1_497' title='bbox 3443 3632 3456 3668; x_wconf 91' lang='lat'><strong>:</strong></span> <span class='ocrx_word' id='word_1_498' title='bbox 3485 3613 3603 3667; x_wconf 89' lang='lat' dir='ltr'><strong>dum</strong></span> <span class='ocrx_word' id='word_1_499' title='bbox 3629 3617 3787 3666; x_wconf 79' lang='lat' dir='ltr'><strong>canente</strong></span> 
     </span>
    </p>
   </div>
   <div class='ocr_carea' id='block_1_40' title="bbox 583 3701 3786 3778">
    <p class='ocr_par' dir='ltr' id='par_1_40' title="bbox 583 3701 3786 3778">
     <span class='ocr_line' id='line_1_40' title="bbox 583 3701 3786 3778; baseline -0.003 -17"><span class='ocrx_word' id='word_1_500' title='bbox 583 3706 824 3777; x_wconf 90' lang='lat' dir='ltr'><strong>quolibet</strong></span> <span class='ocrx_word' id='word_1_501' title='bbox 863 3703 1220 3774; x_wconf 85' lang='lat' dir='ltr'><strong>respondetur</strong></span> <span class='ocrx_word' id='word_1_502' title='bbox 1241 3701 1309 3757; x_wconf 88' lang='lat' dir='ltr'><strong>ab</strong></span> <span class='ocrx_word' id='word_1_503' title='bbox 1342 3701 1450 3758; x_wconf 86' lang='lat' dir='ltr'><strong>alio</strong></span> <span class='ocrx_word' id='word_1_504' title='bbox 1480 3718 1646 3758; x_wconf 91' lang='lat' dir='ltr'><strong>unum</strong></span> <span class='ocrx_word' id='word_1_505' title='bbox 1686 3704 1959 3758; x_wconf 90' lang='lat' dir='ltr'><strong>morosius</strong></span> <span class='ocrx_word' id='word_1_506' title='bbox 1983 3745 1997 3765; x_wconf 89' lang='lat'><strong>,</strong></span> <span class='ocrx_word' id='word_1_507' title='bbox 2040 3713 2260 3758; x_wconf 87' lang='lat' dir='ltr'><strong>servent</strong></span> <span class='ocrx_word' id='word_1_508' title='bbox 2288 3705 2504 3775; x_wconf 91' lang='lat' dir='ltr'><strong>utrique</strong></span> <span class='ocrx_word' id='word_1_509' title='bbox 2539 3706 2756 3760; x_wconf 90' lang='lat' dir='ltr'><strong>modum</strong></span> <span class='ocrx_word' id='word_1_510' title='bbox 2786 3745 2802 3771; x_wconf 91' lang='lat'><strong>,</strong></span> <span class='ocrx_word' id='word_1_511' title='bbox 2840 3722 2942 3761; x_wconf 86' lang='lat' dir='ltr'><strong>nec</strong></span> <span class='ocrx_word' id='word_1_512' title='bbox 2970 3722 3109 3761; x_wconf 91' lang='lat' dir='ltr'><strong>unus</strong></span> <span class='ocrx_word' id='word_1_513' title='bbox 3140 3705 3315 3762; x_wconf 90' lang='lat' dir='ltr'><strong>altero</strong></span> <span class='ocrx_word' id='word_1_514' title='bbox 3346 3704 3786 3778; x_wconf 78' lang='lat' dir='ltr'><strong>impeditiesiusaut</strong></span> 
     </span>
    </p>
   </div>
   <div class='ocr_carea' id='block_1_41' title="bbox 582 3799 3782 3873">
    <p class='ocr_par' dir='ltr' id='par_1_41' title="bbox 582 3799 3782 3873">
     <span class='ocr_line' id='line_1_41' title="bbox 582 3799 3782 3873; baseline -0.001 -14"><span class='ocrx_word' id='word_1_515' title='bbox 582 3800 815 3859; x_wconf 88' lang='lat' dir='ltr'><strong>celerids</strong></span> <span class='ocrx_word' id='word_1_516' title='bbox 872 3809 1051 3855; x_wconf 89' lang='lat' dir='ltr'><strong>canat.</strong></span> <span class='ocrx_word' id='word_1_517' title='bbox 1107 3802 1219 3858; x_wconf 90' lang='lat' dir='ltr'><strong>Ilac</strong></span> <span class='ocrx_word' id='word_1_518' title='bbox 1261 3802 1466 3872; x_wconf 83' lang='lat' dir='ltr'><strong>pariter</strong></span> <span class='ocrx_word' id='word_1_519' title='bbox 1507 3799 1783 3870; x_wconf 81' lang='lat' dir='ltr'><strong>diligentia</strong></span> <span class='ocrx_word' id='word_1_520' title='bbox 1828 3801 2096 3856; x_wconf 89' lang='lat' dir='ltr'><strong>custodita</strong></span> <span class='ocrx_word' id='word_1_521' title='bbox 2122 3841 2137 3866; x_wconf 97' lang='lat'><strong>,</strong></span> <span class='ocrx_word' id='word_1_522' title='bbox 2180 3810 2237 3855; x_wconf 92' lang='lat' dir='ltr'><strong>ut</strong></span> <span class='ocrx_word' id='word_1_523' title='bbox 2277 3816 2439 3856; x_wconf 89' lang='lat' dir='ltr'><strong>voces</strong></span> <span class='ocrx_word' id='word_1_524' title='bbox 2469 3800 2523 3856; x_wconf 88' lang='lat' dir='ltr'><strong>in</strong></span> <span class='ocrx_word' id='word_1_525' title='bbox 2552 3817 2718 3856; x_wconf 92' lang='lat' dir='ltr'><strong>unum</strong></span> <span class='ocrx_word' id='word_1_526' title='bbox 2748 3801 3029 3857; x_wconf 90' lang='lat' dir='ltr'><strong>amborum</strong></span> <span class='ocrx_word' id='word_1_527' title='bbox 3060 3812 3254 3858; x_wconf 88' lang='lat' dir='ltr'><strong>coeant</strong></span> <span class='ocrx_word' id='word_1_528' title='bbox 3280 3843 3296 3868; x_wconf 94' lang='lat'><strong>,</strong></span> <span class='ocrx_word' id='word_1_529' title='bbox 3332 3819 3437 3859; x_wconf 90' lang='lat' dir='ltr'><strong>nec</strong></span> <span class='ocrx_word' id='word_1_530' title='bbox 3465 3803 3553 3873; x_wconf 93' lang='lat' dir='ltr'><strong>qui</strong></span> <span class='ocrx_word' id='word_1_531' title='bbox 3588 3799 3782 3856; x_wconf 84' lang='lat' dir='ltr'><strong>succinit.</strong></span> 
     </span>
    </p>
   </div>
   <div class='ocr_carea' id='block_1_42' title="bbox 582 3894 3781 3968">
    <p class='ocr_par' dir='ltr' id='par_1_42' title="bbox 582 3894 3781 3968">
     <span class='ocr_line' id='line_1_42' title="bbox 582 3894 3781 3968; baseline -0.004 -13"><span class='ocrx_word' id='word_1_532' title='bbox 582 3897 842 3955; x_wconf 86' lang='lat' dir='ltr'><strong>humilius</strong></span> <span class='ocrx_word' id='word_1_533' title='bbox 886 3895 968 3950; x_wconf 86' lang='lat' dir='ltr'><strong>vel</strong></span> <span class='ocrx_word' id='word_1_534' title='bbox 1015 3899 1214 3954; x_wconf 80' lang='lat' dir='ltr'><strong>celsius</strong></span> <span class='ocrx_word' id='word_1_535' title='bbox 1263 3898 1624 3968; x_wconf 91' lang='lat' dir='ltr'><strong>respondeat,</strong></span> <span class='ocrx_word' id='word_1_536' title='bbox 1674 3912 1836 3968; x_wconf 89' lang='lat' dir='ltr'><strong>quam</strong></span> <span class='ocrx_word' id='word_1_537' title='bbox 1900 3896 1987 3951; x_wconf 94' lang='lat' dir='ltr'><strong>ille</strong></span> <span class='ocrx_word' id='word_1_538' title='bbox 2047 3897 2139 3967; x_wconf 92' lang='lat' dir='ltr'><strong>qni</strong></span> <span class='ocrx_word' id='word_1_539' title='bbox 2186 3897 2466 3967; x_wconf 74' lang='lat' dir='ltr'><strong>prrecinit,</strong></span> <span class='ocrx_word' id='word_1_540' title='bbox 2511 3897 2604 3952; x_wconf 78' lang='lat' dir='ltr'><strong>sed</strong></span> <span class='ocrx_word' id='word_1_541' title='bbox 2652 3905 2913 3967; x_wconf 91' lang='lat' dir='ltr'><strong>quantum</strong></span> <span class='ocrx_word' id='word_1_542' title='bbox 2962 3898 3077 3953; x_wconf 81' lang='lat' dir='ltr'><strong>fieri</strong></span> <span class='ocrx_word' id='word_1_543' title='bbox 3115 3898 3297 3963; x_wconf 87' lang='lat' dir='ltr'><strong>valet,</strong></span> <span class='ocrx_word' id='word_1_544' title='bbox 3353 3901 3471 3954; x_wconf 60' lang='lat' dir='ltr'><strong>haec</strong></span> <span class='ocrx_word' id='word_1_545' title='bbox 3519 3894 3781 3952; x_wconf 69' lang='lat' dir='ltr'><strong>dissonantia</strong></span> 
     </span>
    </p>
   </div>
   <div class='ocr_carea' id='block_1_43' title="bbox 583 3989 3782 4068">
    <p class='ocr_par' dir='ltr' id='par_1_43' title="bbox 583 3989 3782 4068">
     <span class='ocr_line' id='line_1_43' title="bbox 583 3989 3782 4068; baseline -0.003 -16"><span class='ocrx_word' id='word_1_546' title='bbox 583 4003 863 4053; x_wconf 85' lang='lat' dir='ltr'><strong>caveatur.</strong></span> <span class='ocrx_word' id='word_1_547' title='bbox 909 3991 1033 4048; x_wconf 86' lang='lat' dir='ltr'><strong>Sive</strong></span> <span class='ocrx_word' id='word_1_548' title='bbox 1071 3997 1311 4068; x_wconf 83' lang='lat' dir='ltr'><strong>ejusdem</strong></span> <span class='ocrx_word' id='word_1_549' title='bbox 1353 3997 1457 4050; x_wconf 92' lang='lat' dir='ltr'><strong>sint</strong></span> <span class='ocrx_word' id='word_1_550' title='bbox 1505 3995 1647 4050; x_wconf 83' lang='lat' dir='ltr'><strong>medi</strong></span> <span class='ocrx_word' id='word_1_551' title='bbox 1687 4008 1848 4050; x_wconf 87' lang='lat' dir='ltr'><strong>voces</strong></span> <span class='ocrx_word' id='word_1_552' title='bbox 1886 3994 2057 4050; x_wconf 75' lang='lat' dir='ltr'><strong>amba:</strong></span> <span class='ocrx_word' id='word_1_553' title='bbox 2085 4036 2100 4060; x_wconf 96' lang='lat'><strong>,</strong></span> <span class='ocrx_word' id='word_1_554' title='bbox 2144 4011 2238 4049; x_wconf 88' lang='lat' dir='ltr'><strong>seu</strong></span> <span class='ocrx_word' id='word_1_555' title='bbox 2270 3995 2372 4050; x_wconf 91' lang='lat' dir='ltr'><strong>alia</strong></span> <span class='ocrx_word' id='word_1_556' title='bbox 2411 4011 2507 4066; x_wconf 91' lang='lat' dir='ltr'><strong>pro</strong></span> <span class='ocrx_word' id='word_1_557' title='bbox 2537 3995 2908 4050; x_wconf 91' lang='lat' dir='ltr'><strong>convenientia</strong></span> <span class='ocrx_word' id='word_1_558' title='bbox 2937 4005 3031 4049; x_wconf 88' lang='lat' dir='ltr'><strong>aut</strong></span> <span class='ocrx_word' id='word_1_559' title='bbox 3061 3996 3389 4051; x_wconf 88' lang='lat' dir='ltr'><strong>necessitate</strong></span> <span class='ocrx_word' id='word_1_560' title='bbox 3427 3989 3782 4053; x_wconf 75' lang='lat' dir='ltr'><strong>mutanda,stttt</strong></span> 
     </span>
    </p>
   </div>
   <div class='ocr_carea' id='block_1_44' title="bbox 582 4088 3782 4162">
    <p class='ocr_par' dir='ltr' id='par_1_44' title="bbox 582 4088 3782 4162">
     <span class='ocr_line' id='line_1_44' title="bbox 582 4088 3782 4162; baseline -0.004 -13"><span class='ocrx_word' id='word_1_561' title='bbox 582 4104 766 4149; x_wconf 90' lang='lat' dir='ltr'><strong>tamen</strong></span> <span class='ocrx_word' id='word_1_562' title='bbox 795 4133 810 4159; x_wconf 93' lang='lat'><strong>,</strong></span> <span class='ocrx_word' id='word_1_563' title='bbox 860 4099 1019 4162; x_wconf 92' lang='lat' dir='ltr'><strong>prout</strong></span> <span class='ocrx_word' id='word_1_564' title='bbox 1061 4091 1264 4147; x_wconf 87' lang='lat' dir='ltr'><strong>servari</strong></span> <span class='ocrx_word' id='word_1_565' title='bbox 1314 4099 1528 4161; x_wconf 89' lang='lat' dir='ltr'><strong>potest,</strong></span> <span class='ocrx_word' id='word_1_566' title='bbox 1584 4089 1756 4146; x_wconf 65' lang='lat' dir='ltr'><strong>ambae</strong></span> <span class='ocrx_word' id='word_1_567' title='bbox 1803 4089 2112 4160; x_wconf 61' lang='lat' dir='ltr'><strong>atquisonze.</strong></span> <span class='ocrx_word' id='word_1_568' title='bbox 2159 4090 2374 4145; x_wconf 83' lang='lat' dir='ltr'><strong>Modum</strong></span> <span class='ocrx_word' id='word_1_569' title='bbox 2437 4101 2618 4146; x_wconf 88' lang='lat' dir='ltr'><strong>autem</strong></span> <span class='ocrx_word' id='word_1_570' title='bbox 2667 4092 2917 4148; x_wconf 90' lang='lat' dir='ltr'><strong>eumdem</strong></span> <span class='ocrx_word' id='word_1_571' title='bbox 2962 4092 3112 4148; x_wconf 79' lang='lat' dir='ltr'><strong>vocis</strong></span> <span class='ocrx_word' id='word_1_572' title='bbox 3150 4091 3270 4147; x_wconf 87' lang='lat' dir='ltr'><strong>dico</strong></span> <span class='ocrx_word' id='word_1_573' title='bbox 3297 4131 3313 4158; x_wconf 91' lang='lat'><strong>,</strong></span> <span class='ocrx_word' id='word_1_574' title='bbox 3342 4091 3520 4147; x_wconf 83' lang='lat' dir='ltr'><strong>donec</strong></span> <span class='ocrx_word' id='word_1_575' title='bbox 3547 4092 3598 4145; x_wconf 88' lang='lat' dir='ltr'><strong>in</strong></span> <span class='ocrx_word' id='word_1_576' title='bbox 3622 4088 3782 4142; x_wconf 76' lang='lat' dir='ltr'><strong>alteram</strong></span> 
     </span>
    </p>
   </div>
   <div class='ocr_carea' id='block_1_45' title="bbox 587 4169 3838 4254">
    <p class='ocr_par' dir='ltr' id='par_1_45' title="bbox 587 4169 3838 4254">
     <span class='ocr_line' id='line_1_45' title="bbox 587 4169 3838 4254; baseline -0.003 -10"><span class='ocrx_word' id='word_1_577' title='bbox 587 4169 831 4244; x_wconf 73' lang='lat' dir='ltr'><strong>transeat</strong></span> <span class='ocrx_word' id='word_1_578' title='bbox 861 4226 876 4254; x_wconf 92' lang='lat'><strong>,</strong></span> <span class='ocrx_word' id='word_1_579' title='bbox 916 4195 971 4241; x_wconf 91' lang='lat' dir='ltr'><strong>et</strong></span> <span class='ocrx_word' id='word_1_580' title='bbox 1000 4186 1050 4240; x_wconf 92' lang='lat' dir='ltr'><strong>in</strong></span> <span class='ocrx_word' id='word_1_581' title='bbox 1086 4201 1279 4240; x_wconf 87' lang='lat' dir='ltr'><strong>novam</strong></span> <span class='ocrx_word' id='word_1_582' title='bbox 1317 4194 1574 4241; x_wconf 87' lang='lat' dir='ltr'><strong>mutetur.</strong></span> <span class='ocrx_word' id='word_1_583' title='bbox 3836 4179 3838 4188; x_wconf 84' lang='lat'>&#39;</span> 
     </span>
    </p>
   </div>
   <div class='ocr_carea' id='block_1_46' title="bbox 653 4272 3780 4356">
    <p class='ocr_par' dir='ltr' id='par_1_46' title="bbox 653 4272 3780 4356">
     <span class='ocr_line' id='line_1_46' title="bbox 653 4272 3780 4356; baseline -0.002 -12"><span class='ocrx_word' id='word_1_584' title='bbox 653 4287 926 4344; x_wconf 81' lang='lat' dir='ltr'><strong>Praeterea</strong></span> <span class='ocrx_word' id='word_1_585' title='bbox 956 4283 1403 4354; x_wconf 88' lang='lat' dir='ltr'><strong>quemadmodum</strong></span> <span class='ocrx_word' id='word_1_586' title='bbox 1430 4282 1653 4354; x_wconf 82' lang='lat' dir='ltr'><strong>psalmi,</strong></span> <span class='ocrx_word' id='word_1_587' title='bbox 1681 4284 1765 4340; x_wconf 86' lang='lat' dir='ltr'><strong>vel</strong></span> <span class='ocrx_word' id='word_1_588' title='bbox 1792 4284 1894 4339; x_wconf 85' lang='lat' dir='ltr'><strong>alia</strong></span> <span class='ocrx_word' id='word_1_589' title='bbox 1920 4283 2170 4355; x_wconf 78' lang='lat' dir='ltr'><strong>quaelibet</strong></span> <span class='ocrx_word' id='word_1_590' title='bbox 2195 4285 2421 4341; x_wconf 85' lang='lat' dir='ltr'><strong>melodia</strong></span> <span class='ocrx_word' id='word_1_591' title='bbox 2446 4287 2512 4342; x_wconf 89' lang='lat' dir='ltr'><strong>ad</strong></span> <span class='ocrx_word' id='word_1_592' title='bbox 2536 4272 2798 4342; x_wconf 85' lang='lat' dir='ltr'><strong>rationem</strong></span> <span class='ocrx_word' id='word_1_593' title='bbox 2824 4303 3001 4343; x_wconf 70' lang='lat' dir='ltr'><strong>causa:</strong></span> <span class='ocrx_word' id='word_1_594' title='bbox 3029 4286 3113 4342; x_wconf 84' lang='lat' dir='ltr'><strong>vel</strong></span> <span class='ocrx_word' id='word_1_595' title='bbox 3148 4286 3438 4356; x_wconf 82' lang='lat' dir='ltr'><strong>temporis,</strong></span> <span class='ocrx_word' id='word_1_596' title='bbox 3462 4302 3556 4356; x_wconf 93' lang='lat' dir='ltr'><strong>pro</strong></span> <span class='ocrx_word' id='word_1_597' title='bbox 3580 4281 3780 4352; x_wconf 67' lang='lat' dir='ltr'><strong>paucitate</strong></span> 
     </span>
    </p>
   </div>
   <div class='ocr_carea' id='block_1_47' title="bbox 583 4372 3780 4450">
    <p class='ocr_par' dir='ltr' id='par_1_47' title="bbox 583 4372 3780 4450">
     <span class='ocr_line' id='line_1_47' title="bbox 583 4372 3780 4450; baseline -0.003 -12"><span class='ocrx_word' id='word_1_598' title='bbox 583 4400 713 4440; x_wconf 89' lang='lat' dir='ltr'><strong>vero</strong></span> <span class='ocrx_word' id='word_1_599' title='bbox 761 4399 853 4439; x_wconf 92' lang='lat' dir='ltr'><strong>seu</strong></span> <span class='ocrx_word' id='word_1_600' title='bbox 890 4382 1230 4437; x_wconf 87' lang='lat' dir='ltr'><strong>multitudine</strong></span> <span class='ocrx_word' id='word_1_601' title='bbox 1288 4390 1566 4436; x_wconf 91' lang='lat' dir='ltr'><strong>cantorum</strong></span> <span class='ocrx_word' id='word_1_602' title='bbox 1597 4382 1794 4438; x_wconf 91' lang='lat' dir='ltr'><strong>celsius</strong></span> <span class='ocrx_word' id='word_1_603' title='bbox 1836 4384 1915 4439; x_wconf 87' lang='lat' dir='ltr'><strong>vel</strong></span> <span class='ocrx_word' id='word_1_604' title='bbox 1950 4384 2204 4438; x_wconf 89' lang='lat' dir='ltr'><strong>humilius</strong></span> <span class='ocrx_word' id='word_1_605' title='bbox 2241 4385 2466 4439; x_wconf 75' lang='lat' dir='ltr'><strong>canendi</strong></span> <span class='ocrx_word' id='word_1_606' title='bbox 2498 4393 2666 4450; x_wconf 87' lang='lat' dir='ltr'><strong>sunt;</strong></span> <span class='ocrx_word' id='word_1_607' title='bbox 2707 4399 2807 4438; x_wconf 91' lang='lat' dir='ltr'><strong>nec</strong></span> <span class='ocrx_word' id='word_1_608' title='bbox 2830 4385 2972 4438; x_wconf 69' lang='lat' dir='ltr'><strong>enim</strong></span> <span class='ocrx_word' id='word_1_609' title='bbox 3014 4383 3339 4437; x_wconf 77' lang='lat' dir='ltr'><strong>indiiferenti</strong></span> <span class='ocrx_word' id='word_1_610' title='bbox 3370 4379 3650 4435; x_wconf 81' lang='lat' dir='ltr'><strong>altitudinis</strong></span> <span class='ocrx_word' id='word_1_611' title='bbox 3674 4372 3780 4428; x_wconf 66' lang='lat' dir='ltr'><strong>modo</strong></span> 
     </span>
    </p>
   </div>
   <div class='ocr_carea' id='block_1_48' title="bbox 585 4466 3777 4550">
    <p class='ocr_par' dir='ltr' id='par_1_48' title="bbox 585 4466 3777 4550">
     <span class='ocr_line' id='line_1_48' title="bbox 585 4466 3777 4550; baseline -0.003 -16"><span class='ocrx_word' id='word_1_612' title='bbox 585 4490 804 4534; x_wconf 89' lang='lat' dir='ltr'><strong>cantum</strong></span> <span class='ocrx_word' id='word_1_613' title='bbox 855 4480 1114 4549; x_wconf 87' lang='lat' dir='ltr'><strong>cujusque</strong></span> <span class='ocrx_word' id='word_1_614' title='bbox 1166 4479 1421 4549; x_wconf 89' lang='lat' dir='ltr'><strong>temporis</strong></span> <span class='ocrx_word' id='word_1_615' title='bbox 1472 4479 1734 4534; x_wconf 89' lang='lat' dir='ltr'><strong>modulari</strong></span> <span class='ocrx_word' id='word_1_616' title='bbox 1781 4489 1994 4550; x_wconf 72' lang='lat' dir='ltr'><strong>oportet</strong></span> <span class='ocrx_word' id='word_1_617' title='bbox 2021 4521 2036 4544; x_wconf 96' lang='lat'><strong>,</strong></span> <span class='ocrx_word' id='word_1_618' title='bbox 2085 4481 2228 4534; x_wconf 80' lang='lat' dir='ltr'><strong>verbi</strong></span> <span class='ocrx_word' id='word_1_619' title='bbox 2256 4481 2430 4550; x_wconf 85' lang='lat' dir='ltr'><strong>gratia</strong></span> <span class='ocrx_word' id='word_1_620' title='bbox 2467 4521 2482 4545; x_wconf 92' lang='lat'><strong>,</strong></span> <span class='ocrx_word' id='word_1_621' title='bbox 2512 4479 2772 4533; x_wconf 79' lang='lat' dir='ltr'><strong>matutina</strong></span> <span class='ocrx_word' id='word_1_622' title='bbox 2805 4479 2992 4532; x_wconf 72' lang='lat' dir='ltr'><strong>hetitia</strong></span> <span class='ocrx_word' id='word_1_623' title='bbox 3019 4477 3243 4532; x_wconf 87' lang='lat' dir='ltr'><strong>elatiore</strong></span> <span class='ocrx_word' id='word_1_624' title='bbox 3273 4492 3474 4531; x_wconf 90' lang='lat' dir='ltr'><strong>canere</strong></span> <span class='ocrx_word' id='word_1_625' title='bbox 3499 4466 3777 4529; x_wconf 64' lang='lat' dir='ltr'><strong>celebranda-</strong></span> 
     </span>
    </p>
   </div>
   <div class='ocr_carea' id='block_1_49' title="bbox 586 4559 3777 4647">
    <p class='ocr_par' dir='ltr' id='par_1_49' title="bbox 586 4559 3777 4647">
     <span class='ocr_line' id='line_1_49' title="bbox 586 4559 3777 4647; baseline -0.003 -24"><span class='ocrx_word' id='word_1_626' title='bbox 586 4587 748 4641; x_wconf 89' lang='lat' dir='ltr'><strong>qnam</strong></span> <span class='ocrx_word' id='word_1_627' title='bbox 780 4579 1042 4625; x_wconf 75' lang='lat' dir='ltr'><strong>nocturna</strong></span> <span class='ocrx_word' id='word_1_628' title='bbox 1070 4576 1327 4646; x_wconf 72' lang='lat' dir='ltr'><strong>synaxis;</strong></span> <span class='ocrx_word' id='word_1_629' title='bbox 1363 4583 1420 4629; x_wconf 91' lang='lat' dir='ltr'><strong>at</strong></span> <span class='ocrx_word' id='word_1_630' title='bbox 1449 4586 1714 4631; x_wconf 87' lang='lat' dir='ltr'><strong>nocturna</strong></span> <span class='ocrx_word' id='word_1_631' title='bbox 1738 4576 1955 4646; x_wconf 89' lang='lat' dir='ltr'><strong>quidem</strong></span> <span class='ocrx_word' id='word_1_632' title='bbox 1985 4577 2278 4647; x_wconf 82' lang='lat' dir='ltr'><strong>vigilanter</strong></span> <span class='ocrx_word' id='word_1_633' title='bbox 2301 4625 2315 4640; x_wconf 76' lang='lat'><strong>,</strong></span> <span class='ocrx_word' id='word_1_634' title='bbox 2337 4576 2434 4631; x_wconf 89' lang='lat' dir='ltr'><strong>sed</strong></span> <span class='ocrx_word' id='word_1_635' title='bbox 2468 4584 2783 4645; x_wconf 89' lang='lat' dir='ltr'><strong>temperate.</strong></span> <span class='ocrx_word' id='word_1_636' title='bbox 2816 4573 3016 4628; x_wconf 88' lang='lat' dir='ltr'><strong>Psalmi</strong></span> <span class='ocrx_word' id='word_1_637' title='bbox 3043 4614 3058 4636; x_wconf 94' lang='lat'><strong>,</strong></span> <span class='ocrx_word' id='word_1_638' title='bbox 3089 4573 3179 4642; x_wconf 93' lang='lat' dir='ltr'><strong>qui</strong></span> <span class='ocrx_word' id='word_1_639' title='bbox 3213 4570 3564 4627; x_wconf 88' lang='lat' dir='ltr'><strong>continuatim</strong></span> <span class='ocrx_word' id='word_1_640' title='bbox 3590 4559 3777 4620; x_wconf 71' lang='lat' dir='ltr'><strong>cumsuit</strong></span> 
     </span>
    </p>
   </div>
   <div class='ocr_carea' id='block_1_50' title="bbox 585 4654 3774 4740">
    <p class='ocr_par' dir='ltr' id='par_1_50' title="bbox 585 4654 3774 4740">
     <span class='ocr_line' id='line_1_50' title="bbox 585 4654 3774 4740; baseline -0.002 -19"><span class='ocrx_word' id='word_1_641' title='bbox 585 4665 891 4737; x_wconf 87' lang='lat' dir='ltr'><strong>antiphenis</strong></span> <span class='ocrx_word' id='word_1_642' title='bbox 918 4665 1170 4722; x_wconf 91' lang='lat' dir='ltr'><strong>dicuntur</strong></span> <span class='ocrx_word' id='word_1_643' title='bbox 1197 4669 1261 4722; x_wconf 84' lang='lat' dir='ltr'><strong>ad</strong></span> <span class='ocrx_word' id='word_1_644' title='bbox 1291 4683 1568 4740; x_wconf 78' lang='lat' dir='ltr'><strong>vesperam</strong></span> <span class='ocrx_word' id='word_1_645' title='bbox 1595 4671 1856 4724; x_wconf 77' lang='lat' dir='ltr'><strong>duntaxat</strong></span> <span class='ocrx_word' id='word_1_646' title='bbox 1887 4671 2125 4740; x_wconf 86' lang='lat' dir='ltr'><strong>quinque</strong></span> <span class='ocrx_word' id='word_1_647' title='bbox 2153 4681 2244 4724; x_wconf 89' lang='lat' dir='ltr'><strong>aut</strong></span> <span class='ocrx_word' id='word_1_648' title='bbox 2272 4682 2503 4740; x_wconf 86' lang='lat' dir='ltr'><strong>quatuor</strong></span> <span class='ocrx_word' id='word_1_649' title='bbox 2529 4713 2544 4733; x_wconf 94' lang='lat'><strong>,</strong></span> <span class='ocrx_word' id='word_1_650' title='bbox 2579 4670 2645 4724; x_wconf 84' lang='lat' dir='ltr'><strong>ad</strong></span> <span class='ocrx_word' id='word_1_651' title='bbox 2677 4679 2970 4724; x_wconf 82' lang='lat' dir='ltr'><strong>nocturnas</strong></span> <span class='ocrx_word' id='word_1_652' title='bbox 2993 4685 3088 4724; x_wconf 78' lang='lat' dir='ltr'><strong>sex</strong></span> <span class='ocrx_word' id='word_1_653' title='bbox 3128 4668 3211 4722; x_wconf 90' lang='lat' dir='ltr'><strong>vel</strong></span> <span class='ocrx_word' id='word_1_654' title='bbox 3263 4677 3374 4722; x_wconf 90' lang='lat' dir='ltr'><strong>tres</strong></span> <span class='ocrx_word' id='word_1_655' title='bbox 3397 4707 3413 4732; x_wconf 89' lang='lat'><strong>,</strong></span> <span class='ocrx_word' id='word_1_656' title='bbox 3450 4667 3520 4720; x_wconf 90' lang='lat' dir='ltr'><strong>illi</strong></span> <span class='ocrx_word' id='word_1_657' title='bbox 3551 4664 3685 4718; x_wconf 82' lang='lat' dir='ltr'><strong>etiam</strong></span> <span class='ocrx_word' id='word_1_658' title='bbox 3713 4654 3774 4723; x_wconf 79' lang='lat' dir='ltr'><strong>qui</strong></span> 
     </span>
    </p>
   </div>
   <div class='ocr_carea' id='block_1_51' title="bbox 585 4748 3774 4835">
    <p class='ocr_par' dir='ltr' id='par_1_51' title="bbox 585 4748 3774 4835">
     <span class='ocr_line' id='line_1_51' title="bbox 585 4748 3774 4835; baseline -0.004 -22"><span class='ocrx_word' id='word_1_659' title='bbox 585 4762 653 4816; x_wconf 87' lang='lat' dir='ltr'><strong>ad</strong></span> <span class='ocrx_word' id='word_1_660' title='bbox 683 4762 976 4816; x_wconf 90' lang='lat' dir='ltr'><strong>matutinas</strong></span> <span class='ocrx_word' id='word_1_661' title='bbox 1002 4761 1237 4831; x_wconf 89' lang='lat' dir='ltr'><strong>deputati</strong></span> <span class='ocrx_word' id='word_1_662' title='bbox 1267 4771 1392 4816; x_wconf 92' lang='lat' dir='ltr'><strong>sunt</strong></span> <span class='ocrx_word' id='word_1_663' title='bbox 1419 4803 1434 4826; x_wconf 94' lang='lat'><strong>,</strong></span> <span class='ocrx_word' id='word_1_664' title='bbox 1476 4764 1778 4833; x_wconf 61' lang='lat' dir='ltr'><strong>auttequali</strong></span> <span class='ocrx_word' id='word_1_665' title='bbox 1813 4764 2044 4819; x_wconf 86' lang='lat' dir='ltr'><strong>elatione</strong></span> <span class='ocrx_word' id='word_1_666' title='bbox 2071 4781 2257 4820; x_wconf 90' lang='lat' dir='ltr'><strong>omnes</strong></span> <span class='ocrx_word' id='word_1_667' title='bbox 2289 4767 2594 4835; x_wconf 88' lang='lat' dir='ltr'><strong>imponendi</strong></span> <span class='ocrx_word' id='word_1_668' title='bbox 2621 4807 2636 4831; x_wconf 90' lang='lat'><strong>,</strong></span> <span class='ocrx_word' id='word_1_669' title='bbox 2659 4775 2754 4820; x_wconf 91' lang='lat' dir='ltr'><strong>aut</strong></span> <span class='ocrx_word' id='word_1_670' title='bbox 2779 4775 2924 4820; x_wconf 87' lang='lat' dir='ltr'><strong>certe</strong></span> <span class='ocrx_word' id='word_1_671' title='bbox 2945 4783 2975 4819; x_wconf 90' lang='lat' dir='ltr'><strong>a</strong></span> <span class='ocrx_word' id='word_1_672' title='bbox 3001 4765 3177 4834; x_wconf 92' lang='lat' dir='ltr'><strong>primo</strong></span> <span class='ocrx_word' id='word_1_673' title='bbox 3206 4764 3272 4817; x_wconf 89' lang='lat' dir='ltr'><strong>ad</strong></span> <span class='ocrx_word' id='word_1_674' title='bbox 3299 4774 3590 4818; x_wconf 78' lang='lat' dir='ltr'><strong>extremum</strong></span> <span class='ocrx_word' id='word_1_675' title='bbox 3612 4748 3774 4811; x_wconf 69' lang='lat' dir='ltr'><strong>melodis</strong></span> 
     </span>
    </p>
   </div>
   <div class='ocr_carea' id='block_1_52' title="bbox 583 4849 3776 4934">
    <p class='ocr_par' dir='ltr' id='par_1_52' title="bbox 583 4849 3776 4934">
     <span class='ocr_line' id='line_1_52' title="bbox 583 4849 3776 4934; baseline -0.003 -22"><span class='ocrx_word' id='word_1_676' title='bbox 583 4861 850 4928; x_wconf 84' lang='lat' dir='ltr'><strong>gradatim</strong></span> <span class='ocrx_word' id='word_1_677' title='bbox 875 4859 1034 4914; x_wconf 90' lang='lat' dir='ltr'><strong>debet</strong></span> <span class='ocrx_word' id='word_1_678' title='bbox 1059 4870 1113 4916; x_wconf 92' lang='lat' dir='ltr'><strong>et</strong></span> <span class='ocrx_word' id='word_1_679' title='bbox 1152 4860 1430 4915; x_wconf 87' lang='lat' dir='ltr'><strong>moderate</strong></span> <span class='ocrx_word' id='word_1_680' title='bbox 1457 4861 1507 4915; x_wconf 91' lang='lat' dir='ltr'><strong>in</strong></span> <span class='ocrx_word' id='word_1_681' title='bbox 1531 4855 1696 4915; x_wconf 89' lang='lat' dir='ltr'><strong>altum</strong></span> <span class='ocrx_word' id='word_1_682' title='bbox 1723 4877 2062 4918; x_wconf 81' lang='lat' dir='ltr'><strong>excrescere.</strong></span> <span class='ocrx_word' id='word_1_683' title='bbox 2090 4863 2309 4918; x_wconf 86' lang='lat' dir='ltr'><strong>Cantica</strong></span> <span class='ocrx_word' id='word_1_684' title='bbox 2346 4880 2560 4934; x_wconf 90' lang='lat' dir='ltr'><strong>quoque</strong></span> <span class='ocrx_word' id='word_1_685' title='bbox 2584 4863 2860 4934; x_wconf 85' lang='lat' dir='ltr'><strong>Evangelii</strong></span> <span class='ocrx_word' id='word_1_686' title='bbox 2893 4863 3054 4917; x_wconf 91' lang='lat' dir='ltr'><strong>altius</strong></span> <span class='ocrx_word' id='word_1_687' title='bbox 3072 4871 3126 4916; x_wconf 91' lang='lat' dir='ltr'><strong>et</strong></span> <span class='ocrx_word' id='word_1_688' title='bbox 3151 4862 3421 4915; x_wconf 79' lang='lat' dir='ltr'><strong>morosius</strong></span> <span class='ocrx_word' id='word_1_689' title='bbox 3441 4855 3631 4912; x_wconf 69' lang='lat' dir='ltr'><strong>ueteris</strong></span> <span class='ocrx_word' id='word_1_690' title='bbox 3651 4892 3663 4914; x_wconf 92' lang='lat'><strong>,</strong></span> <span class='ocrx_word' id='word_1_691' title='bbox 3680 4849 3776 4902; x_wconf 78' lang='lat' dir='ltr'><strong>sicut</strong></span> 
     </span>
    </p>
   </div>
   <div class='ocr_carea' id='block_1_53' title="bbox 582 4945 3772 5025">
    <p class='ocr_par' dir='ltr' id='par_1_53' title="bbox 582 4945 3772 5025">
     <span class='ocr_line' id='line_1_53' title="bbox 582 4945 3772 5025; baseline -0.004 -17"><span class='ocrx_word' id='word_1_692' title='bbox 582 4954 804 5025; x_wconf 80' lang='lat' dir='ltr'><strong>inquam</strong></span> <span class='ocrx_word' id='word_1_693' title='bbox 827 4955 1050 5025; x_wconf 87' lang='lat' dir='ltr'><strong>psalmis</strong></span> <span class='ocrx_word' id='word_1_694' title='bbox 1078 4955 1320 5010; x_wconf 86' lang='lat' dir='ltr'><strong>dicendis</strong></span> <span class='ocrx_word' id='word_1_695' title='bbox 1351 4955 1402 5008; x_wconf 92' lang='lat' dir='ltr'><strong>in</strong></span> <span class='ocrx_word' id='word_1_696' title='bbox 1428 4955 1702 5013; x_wconf 78' lang='lat' dir='ltr'><strong>efferendo</strong></span> <span class='ocrx_word' id='word_1_697' title='bbox 1730 4969 1784 5012; x_wconf 92' lang='lat' dir='ltr'><strong>et</strong></span> <span class='ocrx_word' id='word_1_698' title='bbox 1814 4957 1865 5010; x_wconf 91' lang='lat' dir='ltr'><strong>in</strong></span> <span class='ocrx_word' id='word_1_699' title='bbox 1900 4957 2262 5014; x_wconf 89' lang='lat' dir='ltr'><strong>submittendo</strong></span> <span class='ocrx_word' id='word_1_700' title='bbox 2290 4960 2427 5012; x_wconf 90' lang='lat' dir='ltr'><strong>ratio</strong></span> <span class='ocrx_word' id='word_1_701' title='bbox 2449 4960 2614 5014; x_wconf 87' lang='lat' dir='ltr'><strong>dictat</strong></span> <span class='ocrx_word' id='word_1_702' title='bbox 2637 4961 2854 5014; x_wconf 84' lang='lat' dir='ltr'><strong>modum</strong></span> <span class='ocrx_word' id='word_1_703' title='bbox 2876 5000 2890 5022; x_wconf 92' lang='lat'><strong>,</strong></span> <span class='ocrx_word' id='word_1_704' title='bbox 2922 4959 2992 5012; x_wconf 86' lang='lat' dir='ltr'><strong>ita</strong></span> <span class='ocrx_word' id='word_1_705' title='bbox 3023 4957 3373 5011; x_wconf 89' lang='lat' dir='ltr'><strong>nihilominus</strong></span> <span class='ocrx_word' id='word_1_706' title='bbox 3400 4967 3552 5023; x_wconf 86' lang='lat' dir='ltr'><strong>quam</strong></span> <span class='ocrx_word' id='word_1_707' title='bbox 3582 4945 3772 5019; x_wconf 76' lang='lat' dir='ltr'><strong>producte</strong></span> 
     </span>
    </p>
   </div>
   <div class='ocr_carea' id='block_1_54' title="bbox 582 5037 3772 5117">
    <p class='ocr_par' dir='ltr' id='par_1_54' title="bbox 582 5037 3772 5117">
     <span class='ocr_line' id='line_1_54' title="bbox 582 5037 3772 5117; baseline -0.003 -19"><span class='ocrx_word' id='word_1_708' title='bbox 582 5045 668 5098; x_wconf 89' lang='lat' dir='ltr'><strong>vel</strong></span> <span class='ocrx_word' id='word_1_709' title='bbox 713 5056 962 5117; x_wconf 87' lang='lat' dir='ltr'><strong>correpte</strong></span> <span class='ocrx_word' id='word_1_710' title='bbox 1017 5046 1122 5101; x_wconf 88' lang='lat' dir='ltr'><strong>dici</strong></span> <span class='ocrx_word' id='word_1_711' title='bbox 1177 5055 1405 5114; x_wconf 88' lang='lat' dir='ltr'><strong>oportet.</strong></span> <span class='ocrx_word' id='word_1_712' title='bbox 1459 5039 1657 5100; x_wconf 80' lang='lat' dir='ltr'><strong>Verum</strong></span> <span class='ocrx_word' id='word_1_713' title='bbox 1709 5048 1824 5104; x_wconf 90' lang='lat' dir='ltr'><strong>sive</strong></span> <span class='ocrx_word' id='word_1_714' title='bbox 1873 5049 2142 5102; x_wconf 89' lang='lat' dir='ltr'><strong>morosius</strong></span> <span class='ocrx_word' id='word_1_715' title='bbox 2168 5089 2182 5112; x_wconf 91' lang='lat'><strong>,</strong></span> <span class='ocrx_word' id='word_1_716' title='bbox 2229 5049 2343 5103; x_wconf 88' lang='lat' dir='ltr'><strong>sive</strong></span> <span class='ocrx_word' id='word_1_717' title='bbox 2381 5049 2608 5104; x_wconf 88' lang='lat' dir='ltr'><strong>celerius</strong></span> <span class='ocrx_word' id='word_1_718' title='bbox 2635 5049 2887 5103; x_wconf 88' lang='lat' dir='ltr'><strong>dicantur</strong></span> <span class='ocrx_word' id='word_1_719' title='bbox 2912 5089 2927 5113; x_wconf 97' lang='lat'><strong>,</strong></span> <span class='ocrx_word' id='word_1_720' title='bbox 2961 5049 3066 5102; x_wconf 92' lang='lat' dir='ltr'><strong>hoc</strong></span> <span class='ocrx_word' id='word_1_721' title='bbox 3093 5047 3296 5101; x_wconf 88' lang='lat' dir='ltr'><strong>attendi</strong></span> <span class='ocrx_word' id='word_1_722' title='bbox 3323 5059 3528 5114; x_wconf 87' lang='lat' dir='ltr'><strong>semper</strong></span> <span class='ocrx_word' id='word_1_723' title='bbox 3559 5037 3772 5093; x_wconf 50' lang='lat' dir='ltr'><strong>debet.“</strong></span> 
     </span>
    </p>
   </div>
   <div class='ocr_carea' id='block_1_55' title="bbox 583 5130 3768 5208">
    <p class='ocr_par' dir='ltr' id='par_1_55' title="bbox 583 5130 3768 5208">
     <span class='ocr_line' id='line_1_55' title="bbox 583 5130 3768 5208; baseline -0.002 -18"><span class='ocrx_word' id='word_1_724' title='bbox 583 5135 830 5190; x_wconf 81' lang='lat' dir='ltr'><strong>honestis</strong></span> <span class='ocrx_word' id='word_1_725' title='bbox 853 5145 907 5191; x_wconf 90' lang='lat' dir='ltr'><strong>et</strong></span> <span class='ocrx_word' id='word_1_726' title='bbox 937 5137 1112 5206; x_wconf 90' lang='lat' dir='ltr'><strong>plenis</strong></span> <span class='ocrx_word' id='word_1_727' title='bbox 1143 5136 1358 5191; x_wconf 89' lang='lat' dir='ltr'><strong>neumis</strong></span> <span class='ocrx_word' id='word_1_728' title='bbox 1384 5151 1627 5207; x_wconf 81' lang='lat' dir='ltr'><strong>congrue</strong></span> <span class='ocrx_word' id='word_1_729' title='bbox 1657 5139 1952 5192; x_wconf 89' lang='lat' dir='ltr'><strong>celeritatis</strong></span> <span class='ocrx_word' id='word_1_730' title='bbox 1979 5139 2402 5208; x_wconf 80' lang='lat' dir='ltr'><strong>pronuntieutnr</strong></span> <span class='ocrx_word' id='word_1_731' title='bbox 2435 5140 2594 5194; x_wconf 89' lang='lat' dir='ltr'><strong>modo</strong></span> <span class='ocrx_word' id='word_1_732' title='bbox 2621 5178 2638 5206; x_wconf 93' lang='lat'><strong>,</strong></span> <span class='ocrx_word' id='word_1_733' title='bbox 2672 5148 2728 5192; x_wconf 89' lang='lat' dir='ltr'><strong>ut</strong></span> <span class='ocrx_word' id='word_1_734' title='bbox 2763 5153 2862 5193; x_wconf 89' lang='lat' dir='ltr'><strong>nec</strong></span> <span class='ocrx_word' id='word_1_735' title='bbox 2890 5139 3069 5192; x_wconf 63' lang='lat' dir='ltr'><strong>nimiae</strong></span> <span class='ocrx_word' id='word_1_736' title='bbox 3108 5135 3478 5207; x_wconf 87' lang='lat' dir='ltr'><strong>productionis</strong></span> <span class='ocrx_word' id='word_1_737' title='bbox 3508 5130 3682 5188; x_wconf 69' lang='lat' dir='ltr'><strong>tradeat,</strong></span> <span class='ocrx_word' id='word_1_738' title='bbox 3704 5131 3768 5174; x_wconf 68' lang='grc' dir='ltr'>ιιεε</span> 
     </span>
    </p>
   </div>
   <div class='ocr_carea' id='block_1_56' title="bbox 585 5231 2338 5303">
    <p class='ocr_par' dir='ltr' id='par_1_56' title="bbox 585 5231 2338 5303">
     <span class='ocr_line' id='line_1_56' title="bbox 585 5231 2338 5303; baseline 0.001 -19"><span class='ocrx_word' id='word_1_739' title='bbox 585 5246 680 5286; x_wconf 91' lang='lat' dir='ltr'><strong>eos</strong></span> <span class='ocrx_word' id='word_1_740' title='bbox 718 5233 1041 5288; x_wconf 89' lang='lat' dir='ltr'><strong>irreverenti</strong></span> <span class='ocrx_word' id='word_1_741' title='bbox 1071 5231 1380 5288; x_wconf 87' lang='lat' dir='ltr'><strong>festinantia</strong></span> <span class='ocrx_word' id='word_1_742' title='bbox 1417 5248 1481 5287; x_wconf 91' lang='lat' dir='ltr'><strong>es</strong></span> <span class='ocrx_word' id='word_1_743' title='bbox 1518 5233 1826 5303; x_wconf 86' lang='lat' dir='ltr'><strong>ignobiliter</strong></span> <span class='ocrx_word' id='word_1_744' title='bbox 1861 5250 2066 5289; x_wconf 89' lang='lat' dir='ltr'><strong>canens</strong></span> <span class='ocrx_word' id='word_1_745' title='bbox 2097 5233 2338 5288; x_wconf 86' lang='lat' dir='ltr'><strong>ebulliat.</strong></span> 
     </span>
    </p>
   </div>
   <div class='ocr_carea' id='block_1_57' title="bbox 658 5316 3762 5401">
    <p class='ocr_par' dir='ltr' id='par_1_57' title="bbox 658 5316 3762 5401">
     <span class='ocr_line' id='line_1_57' title="bbox 658 5316 3762 5401; baseline -0.001 -21"><span class='ocrx_word' id='word_1_746' title='bbox 658 5327 713 5380; x_wconf 95' lang='lat' dir='ltr'><strong>ln</strong></span> <span class='ocrx_word' id='word_1_747' title='bbox 741 5328 1186 5398; x_wconf 82' lang='lat' dir='ltr'><strong>pronuntiatione</strong></span> <span class='ocrx_word' id='word_1_748' title='bbox 1217 5329 1548 5400; x_wconf 88' lang='lat' dir='ltr'><strong>psalmorum</strong></span> <span class='ocrx_word' id='word_1_749' title='bbox 1572 5347 1695 5384; x_wconf 92' lang='lat' dir='ltr'><strong>cum</strong></span> <span class='ocrx_word' id='word_1_750' title='bbox 1722 5331 2032 5399; x_wconf 90' lang='lat' dir='ltr'><strong>antiphonis</strong></span> <span class='ocrx_word' id='word_1_751' title='bbox 2061 5346 2276 5401; x_wconf 89' lang='lat' dir='ltr'><strong>semper</strong></span> <span class='ocrx_word' id='word_1_752' title='bbox 2306 5330 2574 5401; x_wconf 90' lang='lat' dir='ltr'><strong>principia</strong></span> <span class='ocrx_word' id='word_1_753' title='bbox 2599 5345 2853 5385; x_wconf 83' lang='lat' dir='ltr'><strong>versuum</strong></span> <span class='ocrx_word' id='word_1_754' title='bbox 2884 5329 3303 5399; x_wconf 82' lang='lat' dir='ltr'><strong>protenduntur,</strong></span> <span class='ocrx_word' id='word_1_755' title='bbox 3335 5342 3435 5381; x_wconf 87' lang='lat' dir='ltr'><strong>una</strong></span> <span class='ocrx_word' id='word_1_756' title='bbox 3463 5323 3638 5379; x_wconf 85' lang='lat' dir='ltr'><strong>scilicet</strong></span> <span class='ocrx_word' id='word_1_757' title='bbox 3656 5316 3762 5376; x_wconf 71' lang='lat' dir='ltr'><strong>ltmt’a</strong></span> 
     </span>
    </p>
   </div>
   <div class='ocr_carea' id='block_1_58' title="bbox 584 5407 3757 5499">
    <p class='ocr_par' dir='ltr' id='par_1_58' title="bbox 584 5407 3757 5499">
     <span class='ocr_line' id='line_1_58' title="bbox 584 5407 3757 5499; baseline -0.004 -19"><span class='ocrx_word' id='word_1_758' title='bbox 584 5424 813 5498; x_wconf 78' lang='lat' dir='ltr'><strong>syllaba,</strong></span> <span class='ocrx_word' id='word_1_759' title='bbox 839 5425 998 5497; x_wconf 86' lang='lat' dir='ltr'><strong>longa</strong></span> <span class='ocrx_word' id='word_1_760' title='bbox 1029 5435 1210 5482; x_wconf 87' lang='lat' dir='ltr'><strong>autem</strong></span> <span class='ocrx_word' id='word_1_761' title='bbox 1241 5443 1337 5498; x_wconf 91' lang='lat' dir='ltr'><strong>pro</strong></span> <span class='ocrx_word' id='word_1_762' title='bbox 1370 5429 1531 5482; x_wconf 91' lang='lat' dir='ltr'><strong>modo</strong></span> <span class='ocrx_word' id='word_1_763' title='bbox 1571 5430 1952 5499; x_wconf 89' lang='lat' dir='ltr'><strong>correptionis,</strong></span> <span class='ocrx_word' id='word_1_764' title='bbox 1984 5440 2252 5498; x_wconf 90' lang='lat' dir='ltr'><strong>quatenus</strong></span> <span class='ocrx_word' id='word_1_765' title='bbox 2285 5429 2486 5484; x_wconf 85' lang='lat' dir='ltr'><strong>chorus</strong></span> <span class='ocrx_word' id='word_1_766' title='bbox 2517 5428 2697 5483; x_wconf 91' lang='lat' dir='ltr'><strong>omnis</strong></span> <span class='ocrx_word' id='word_1_767' title='bbox 2727 5428 2933 5497; x_wconf 87' lang='lat' dir='ltr'><strong>pariter</strong></span> <span class='ocrx_word' id='word_1_768' title='bbox 2965 5442 3160 5496; x_wconf 87' lang='lat' dir='ltr'><strong>capere</strong></span> <span class='ocrx_word' id='word_1_769' title='bbox 3186 5427 3340 5480; x_wconf 82' lang='lat' dir='ltr'><strong>initia</strong></span> <span class='ocrx_word' id='word_1_770' title='bbox 3371 5434 3598 5476; x_wconf 86' lang='lat' dir='ltr'><strong>versuum</strong></span> <span class='ocrx_word' id='word_1_771' title='bbox 3627 5407 3757 5481; x_wconf 68' lang='lat' dir='ltr'><strong>p065&quot;-</strong></span> 
     </span>
    </p>
   </div>
   <div class='ocr_carea' id='block_1_59' title="bbox 579 5507 3759 5595">
    <p class='ocr_par' dir='ltr' id='par_1_59' title="bbox 579 5507 3759 5595">
     <span class='ocr_line' id='line_1_59' title="bbox 579 5507 3759 5595; baseline -0.004 -18"><span class='ocrx_word' id='word_1_772' title='bbox 579 5531 640 5577; x_wconf 86' lang='lat' dir='ltr'><strong>et</strong></span> <span class='ocrx_word' id='word_1_773' title='bbox 671 5523 1015 5578; x_wconf 77' lang='lat' dir='ltr'><strong>concorditer</strong></span> <span class='ocrx_word' id='word_1_774' title='bbox 1039 5523 1358 5590; x_wconf 85' lang='lat' dir='ltr'><strong>perducere.</strong></span> <span class='ocrx_word' id='word_1_775' title='bbox 1403 5523 1668 5578; x_wconf 89' lang='lat' dir='ltr'><strong>Similiter</strong></span> <span class='ocrx_word' id='word_1_776' title='bbox 1695 5540 1950 5579; x_wconf 90' lang='lat' dir='ltr'><strong>versuum</strong></span> <span class='ocrx_word' id='word_1_777' title='bbox 1994 5525 2116 5578; x_wconf 76' lang='lat' dir='ltr'><strong>ﬁliis</strong></span> <span class='ocrx_word' id='word_1_778' title='bbox 2151 5541 2255 5580; x_wconf 91' lang='lat' dir='ltr'><strong>una</strong></span> <span class='ocrx_word' id='word_1_779' title='bbox 2285 5525 2366 5579; x_wconf 91' lang='lat' dir='ltr'><strong>vel</strong></span> <span class='ocrx_word' id='word_1_780' title='bbox 2401 5525 2610 5579; x_wconf 73' lang='lat' dir='ltr'><strong>duabus</strong></span> <span class='ocrx_word' id='word_1_781' title='bbox 2638 5525 2916 5595; x_wconf 89' lang='lat' dir='ltr'><strong>productis</strong></span> <span class='ocrx_word' id='word_1_782' title='bbox 2950 5523 3139 5578; x_wconf 79' lang='lat' dir='ltr'><strong>eadem</strong></span> <span class='ocrx_word' id='word_1_783' title='bbox 3172 5520 3494 5594; x_wconf 77' lang='lat' dir='ltr'><strong>longitudine</strong></span> <span class='ocrx_word' id='word_1_784' title='bbox 3515 5508 3702 5584; x_wconf 78' lang='lat' dir='ltr'><strong>syllabiS.</strong></span> <span class='ocrx_word' id='word_1_785' title='bbox 3722 5507 3759 5551; x_wconf 76' lang='grc' dir='ltr'>υι</span> 
     </span>
    </p>
   </div>
   <div class='ocr_carea' id='block_1_60' title="bbox 587 5604 3756 5690">
    <p class='ocr_par' dir='ltr' id='par_1_60' title="bbox 587 5604 3756 5690">
     <span class='ocr_line' id='line_1_60' title="bbox 587 5604 3756 5690; baseline -0.007 -18"><span class='ocrx_word' id='word_1_786' title='bbox 587 5634 683 5673; x_wconf 90' lang='lat' dir='ltr'><strong>nec</strong></span> <span class='ocrx_word' id='word_1_787' title='bbox 733 5619 1078 5688; x_wconf 68' lang='lat' dir='ltr'><strong>prmripiatur</strong></span> <span class='ocrx_word' id='word_1_788' title='bbox 1125 5635 1313 5674; x_wconf 85' lang='lat' dir='ltr'><strong>versus</strong></span> <span class='ocrx_word' id='word_1_789' title='bbox 1351 5635 1584 5688; x_wconf 88' lang='lat' dir='ltr'><strong>sequens</strong></span> <span class='ocrx_word' id='word_1_790' title='bbox 1637 5619 1977 5690; x_wconf 68' lang='lat' dir='ltr'><strong>praecedente</strong></span> <span class='ocrx_word' id='word_1_791' title='bbox 2027 5621 2264 5675; x_wconf 87' lang='lat' dir='ltr'><strong>nondum</strong></span> <span class='ocrx_word' id='word_1_792' title='bbox 2313 5621 2642 5684; x_wconf 88' lang='lat' dir='ltr'><strong>terminate,</strong></span> <span class='ocrx_word' id='word_1_793' title='bbox 2693 5633 2792 5672; x_wconf 91' lang='lat' dir='ltr'><strong>nec</strong></span> <span class='ocrx_word' id='word_1_794' title='bbox 2838 5633 3026 5672; x_wconf 92' lang='lat' dir='ltr'><strong>rursus</strong></span> <span class='ocrx_word' id='word_1_795' title='bbox 3055 5616 3394 5688; x_wconf 86' lang='lat' dir='ltr'><strong>intercapedo</strong></span> <span class='ocrx_word' id='word_1_796' title='bbox 3415 5613 3571 5683; x_wconf 80' lang='lat' dir='ltr'><strong>major</strong></span> <span class='ocrx_word' id='word_1_797' title='bbox 3590 5604 3756 5661; x_wconf 73' lang='lat' dir='ltr'><strong>sitinttt</strong></span> 
     </span>
    </p>
   </div>
   <div class='ocr_carea' id='block_1_61' title="bbox 587 5715 2602 5788">
    <p class='ocr_par' dir='ltr' id='par_1_61' title="bbox 587 5715 2602 5788">
     <span class='ocr_line' id='line_1_61' title="bbox 587 5715 2602 5788; baseline 0.001 -25"><span class='ocrx_word' id='word_1_798' title='bbox 587 5725 799 5767; x_wconf 87' lang='lat' dir='ltr'><strong>versum</strong></span> <span class='ocrx_word' id='word_1_799' title='bbox 831 5722 886 5768; x_wconf 88' lang='lat' dir='ltr'><strong>et</strong></span> <span class='ocrx_word' id='word_1_800' title='bbox 917 5729 1130 5769; x_wconf 91' lang='lat' dir='ltr'><strong>versum</strong></span> <span class='ocrx_word' id='word_1_801' title='bbox 1164 5755 1178 5779; x_wconf 96' lang='lat'><strong>,</strong></span> <span class='ocrx_word' id='word_1_802' title='bbox 1215 5731 1375 5784; x_wconf 90' lang='lat' dir='ltr'><strong>quam</strong></span> <span class='ocrx_word' id='word_1_803' title='bbox 1410 5715 1646 5770; x_wconf 84' lang='lat' dir='ltr'><strong>ﬁnalium</strong></span> <span class='ocrx_word' id='word_1_804' title='bbox 1677 5717 2004 5788; x_wconf 85' lang='lat' dir='ltr'><strong>syllabarum</strong></span> <span class='ocrx_word' id='word_1_805' title='bbox 2039 5715 2278 5786; x_wconf 84' lang='lat' dir='ltr'><strong>legitima</strong></span> <span class='ocrx_word' id='word_1_806' title='bbox 2303 5715 2602 5787; x_wconf 85' lang='lat' dir='ltr'><strong>longitude.</strong></span> 
     </span>
    </p>
   </div>
   <div class='ocr_carea' id='block_1_62' title="bbox 655 5790 3749 5882">
    <p class='ocr_par' dir='ltr' id='par_1_62' title="bbox 655 5790 3749 5882">
     <span class='ocr_line' id='line_1_62' title="bbox 655 5790 3749 5882; baseline -0.007 -20"><span class='ocrx_word' id='word_1_807' title='bbox 655 5807 923 5880; x_wconf 84' lang='lat' dir='ltr'><strong>Repetitio</strong></span> <span class='ocrx_word' id='word_1_808' title='bbox 977 5809 1394 5877; x_wconf 82' lang='lat' dir='ltr'><strong>antipltonarum</strong></span> <span class='ocrx_word' id='word_1_809' title='bbox 1425 5850 1438 5874; x_wconf 91' lang='lat'><strong>,</strong></span> <span class='ocrx_word' id='word_1_810' title='bbox 1494 5826 1612 5878; x_wconf 76' lang='lat' dir='ltr'><strong>qua:</strong></span> <span class='ocrx_word' id='word_1_811' title='bbox 1669 5813 1720 5865; x_wconf 92' lang='lat' dir='ltr'><strong>in</strong></span> <span class='ocrx_word' id='word_1_812' title='bbox 1771 5790 1874 5868; x_wconf 79' lang='lat' dir='ltr'><strong>fine</strong></span> <span class='ocrx_word' id='word_1_813' title='bbox 1922 5826 2175 5868; x_wconf 90' lang='lat' dir='ltr'><strong>versuum</strong></span> <span class='ocrx_word' id='word_1_814' title='bbox 2221 5811 2361 5867; x_wconf 90' lang='lat' dir='ltr'><strong>inter</strong></span> <span class='ocrx_word' id='word_1_815' title='bbox 2408 5811 2735 5866; x_wconf 76' lang='lat' dir='ltr'><strong>cantandum</strong></span> <span class='ocrx_word' id='word_1_816' title='bbox 2783 5809 2882 5876; x_wconf 84' lang='lat' dir='ltr'><strong>iit,</strong></span> <span class='ocrx_word' id='word_1_817' title='bbox 2921 5811 3109 5868; x_wconf 85' lang='lat' dir='ltr'><strong>eadem</strong></span> <span class='ocrx_word' id='word_1_818' title='bbox 3153 5827 3256 5882; x_wconf 89' lang='lat' dir='ltr'><strong>qua</strong></span> <span class='ocrx_word' id='word_1_819' title='bbox 3304 5806 3522 5880; x_wconf 83' lang='lat' dir='ltr'><strong>psalmus</strong></span> <span class='ocrx_word' id='word_1_820' title='bbox 3555 5790 3749 5854; x_wconf 70' lang='lat' dir='ltr'><strong>cclcritatc</strong></span> 
     </span>
    </p>
   </div>
  </div>
