3934 6424
179 301 326 363 1049
1198 313 1608 372 STEPHANUS
1645 313 1822 371 PAPA
1867 315 1977 371 VII.
2017 345 2088 356 —
2125 315 2418 374 NOTI’I‘IA‘.
3206 321 3362 380 1050‘

174 413 298 470 Non
329 424 582 485 reputans
617 416 765 472 illum
795 418 884 476 fas.
903 420 1121 476 demere
1156 426 1371 480 nomine
1400 426 1579 492 claro,
1782 431 1832 488 Α
1928 425 2148 496 Ingenio
2181 427 2326 496 vigili
2354 429 2592 483 carmina
2621 429 2820 500 scripta
2845 433 3016 488 brevi.

251 501 386 596 Cum
412 505 564 596 foret
589 505 835 578 insignis.
854 509 1115 580 principis
1141 513 1417 568 Ausonici.
1793 513 1802 527 '
1855 520 1986 587 Quae
2010 521 2054 575 si
2078 520 2218 576 forte
2249 530 2348 577 tuo
2367 524 2636 578 donentur
2671 539 2862 596 nempe
2898 525 3134 594 favore,

172 591 308 647 Haec
337 593 556 686 dubiam
585 598 794 654 stabilis
824 599 944 654 ﬁxit
967 609 1143 657 tamen
1177 605 1415 676 anchora
1446 615 1716 672 mentem,
1923 611 2005 665 Ad
2042 613 2206 667 decus
2232 613 2485 670 Ecclesiae
2508 613 2618 671 fers
2651 617 2738 686 pia
2767 591 2903 672 dona
2927 591 3118 676 sacrae.

248 683 329 738 Ne
355 682 516 740 ﬂeret'
533 687 745 780 titulum
775 693 968 763 pagina
997 703 1144 749 muta
1170 711 1326 750 suum
1361 715 1374 750 :
1855 700 1955 758 Ilic
1983 702 2095 767 via,
2116 703 2248 769 vita,
2291 704 2455 771 salus,
2493 706 2629 760 divis
2653 682 2740 762 hic
2768 708 2964 780 inclyta
2995 695 3154 780 gazis

170 775 316 868 Quin
347 777 465 868 vice
493 778 732 836 defuncti
757 785 980 853 supplex
1008 803 1103 841 sua
1136 789 1316 843 munia
1342 790 1654 859 complens,
1930 794 2079 849 Dona
2111 795 2202 849 Dei
2229 797 2468 862 rutilant,
2505 813 2623 868 qua:
2652 814 2812 868 super
2838 775 2983 855 astra
2997 775 3222 856 vocant.

245 865 367 936 Ipse
387 866 570 923 darem
610 869 817 927 faustus
839 874 1071 931 Caesaris
1097 878 1211 933 hzec
1239 879 1508 934 manibus.
1861 886 1978 954 Quo
2003 895 2056 941 te
2083 889 2364 943 decursum
2391 865 2639 959 post‘hoc
2654 865 2882 946 feliciter
2906 907 3079 947 aevum

168 955 436 1051 Isin—opus,
460 975 528 1015 en
560 971 795 1033 emptum
833 974 981 1022 tanto
1006 968 1108 1022 sub
1145 970 1366 1024 nomine
1388 985 1608 1026 carmen
1631 1012 1646 1036 ,
1931 977 2112 1047 Regna
2148 979 2306 1033 beata
2337 955 2524 1036 tenens
2550 981 2778 1036 collocet
2813 981 3180 1051 Omnipotens.

249 1049 490 1105 Examen
518 1061 755 1109 vestrum
777 1066 985 1126 spectat
1009 1059 1198 1116 adesse
1225 1061 1395 1130 pibm.
1856 1067 1983 1123 Haec
2004 1067 2166 1136 igitur
2194 1067 2406 1123 salebro
2434 1069 2544 1122 sint
2567 1071 2812 1138 quamvis
2837 1049 3077 1124 carmina
3104 1083 3274 1124 versu-

168 1137 294 1230 IIuc
315 1140 444 1195 ades
469 1141 695 1213 Augusti
720 1146 1003 1203 clementia
1022 1189 1037 1213 ,
1060 1165 1276 1220 semper
1309 1151 1365 1205 in
1390 1167 1580 1208 omnes
1925 1155 2188 1221 Obscura,
2225 1172 2295 1212 ne
2332 1167 2562 1223 temnas,
2586 1137 2682 1214 rex
2709 1159 2816 1229 pie,
2846 1160 2938 1215 sed
2959 1160 3199 1230 relegas-

245 1229 376 1294 ρυω
406 1231 605 1288 virtute
626 1234 792 1300 vales,
824 1245 879 1291 et
905 1239 1146 1296 bonitate
1173 1241 1340 1310 viges.
1389 1300 1393 1304 _
1855 1245 2056 1310 Caesar,
2091 1247 2207 1302 vive
2237 1257 2445 1316 potens,
2471 1248 2616 1312 felix,
2651 1250 2766 1304 sine
2801 1248 2904 1304 fine
2934 1229 3139 1315 valeto,

169 1313 498 1377 Sobrietatis
525 1321 694 1380 habes
715 1325 903 1384 laudes
939 1327 1060 1396 hic,
1088 1329 1258 1398 bella,
1285 1340 1526 1404 tmpaea,
1923 1313 2293 1410 Hucbaldique
2316 1356 2524 1397 memor
2549 1342 2644 1406 sis,
2676 1356 2808 1412 rogo
2823 1381 2846 1408 ,ν
2861 1355 3044 1411 posco,
3070 1313 3295 1411 precor.

175 1505 3362 1546 ~——————————t————————_—.—_——

1047 1811 1049 1814 ί
1135 1684 1891 1777 EPITAPHIUM
1962 1687 2476 1780 MILONIS‘

827 1870 1136 1950 MOIFACII
1175 1872 1233 1928 S.
1273 1873 1535 1931 AMANDI
1574 1876 2004 1934 ELNONENSIS
2041 1878 2384 1935 IIUCBALDI
2419 1877 2768 1945 MAGISTKI,

1411 1977 1753 2097 'AUCTORE
1790 2013 2224 2088 HUCBALDO.‘

1106 2183 1282 2254 (Apud
1309 2183 1636 2248 Fabricium,
1667 2184 1928 2240 Biblioth.
1949 2184 2092 2240 med.
2123 2193 2177 2240 et
2203 2184 2299 2238 inf.
2330 2184 2474 2255 Lat.)

1576 2338 2056 2358 *Ἥ

876 2437 1022 2504 Milo,
1049 2446 1232 2510 poeta,
1265 2443 1468 2511 sophus
1495 2441 1659 2497 cubat
1688 2442 1789 2497 hoc
1813 2444 1912 2498 sub
1937 2457 2210 2498 marmore
2231 2442 2470 2510 clausus,

875 2532 1128 2587 Carmine
1155 2523 1515 2604 dul‘cil‘oqutts,
1545 2535 1636 2604 qui
1669 2535 1865 2589 librum
1897 2534 2225 2590 Sobrietatis

877 2621 1078 2686 Edidit,
1106 2631 1185 2688 et,
1216 2633 1461 2678 sanctum
1490 2624 1715 2695 pulchre
1740 2623 1982 2693 depinxit
2013 2624 2315 2678 Amandum

875 2704 1123 2766 Floribus
1143 2727 1437 2778 exornans,
1468 2723 1642 2769 metro
1663 2727 1934 2783 prosaque
1961 2723 2278 2778 venustans,

877 2800 1034 2856 Tanti
1067 2802 1344 2873 pontificis
1364 2803 1621 2872 palmam,
1650 2812 1813 2874 caput
1847 2802 1945 2876 [αι.
1977 2801 2145 2874 capit]
2167 2812 2331 2874 atque
2355 2817 2636 2859 coronam.

177 2933 3126 2963 Ἢ

783 3007 1381 3176 HUCBALDI
1459 3063 2215 3155 EPITAPHIUM
2290 3066 2811 3158 DUPLEX.

1171 3249 1432 3322 (Histoire
1455 3249 1710 3307 littéraire
1728 3249 1793 3306 de
1813 3247 1866 3304 la
1895 3249 2123 3314 France.
2150 3261 2280 3307 tom.
2308 3251 2423 3322 VI.)

1581 3412 2026 3429 —_

939 3516 984 3571 I.
1102 3506 1105 3508 ’
1774 3527 1822 3586 Β
1851 3517 1932 3572 Tu
1957 3517 2168 3587 lampas
2197 3516 2478 3572 monachis
2503 3556 2518 3582 ,
2558 3523 2614 3570 tu
2636 3516 2735 3571 flos
2760 3524 2814 3572 et
2834 3517 2968 3571 doxa
2993 3517 3220 3585 peritis:

243 3597 448 3654 Domit
472 3597 526 3652 in
555 3597 660 3652 hac
684 3597 865 3652 tumba
905 3599 1132 3667 simplex
1161 3598 1277 3654 sine
1315 3595 1438 3653 felle
1475 3598 1746 3664 columba,
1854 3609 1930 3664 Te
1954 3608 2103 3677 plebs
2123 3616 2382 3662 ωιθηιυηι
2424 3606 2610 3676 lugens
2644 3605 2744 3659 sibi
2777 3605 2932 3660 deﬂet
2963 3607 3290 3676 ademptum.

175 3690 369 3744 Doctor
392 3729 407 3753 ,
429 3688 526 3743 llos
550 3697 606 3742 et
632 3689 803 3744 honos
826 3696 932 3743 tam
962 3689 1091 3743 cleri
1116 3704 1276 3758 quam
1307 3689 1714 3756 monachorum,
1854 3697 1987 3768 νεεδ
2010 3696 2136 3768 juge
2162 3737 2178 3763 ,
2212 3695 2447 3764 sophista
2471 3735 2485 3761 ,
2516 3694 2662 3761 vale,
2688 3694 2959 3763 theophile
3003 3695 3190 3750 chare.

183 3776 517 3841 Hucbaldus,
548 3775 746 3830 famam
776 3777 1038 3848 aliusper
1068 3777 1281 3832 Clima“!
1320 3778 1503 3833 mundi
1854 3789 2108 3845 Ediderat
2137 3788 2274 3860 stylo
2299 3788 2624 3844 examussim
2653 3794 2928 3842 certamen
2960 3787 3188 3844 honesto

178 3868 330 3922 Edita
355 3876 664 3921 sanctorum
693 3867 1050 3922 modulamina
1090 3880 1346 3938 gestaque
1390 3869 1642 3923 clamant.
1860 3878 2046 3935 Man-is
2071 3876 2246 3933 Inlita:
2265 3919 2279 3944 ,
2310 3869 2488 3949 (lyrici
2512 3875 2781 3947 prolisque
2801 3885 3039 3931 venustae
3063 3916 3080 3942 ,

177 3953 275 4008 Ilic
303 3953 480 4024 Cyrici
512 3955 751 4008 membra
778 3957 1010 4024 pretiosa
1033 3995 1050 4022 ,
1086 3965 1296 4025 reperta
1322 3957 1572 4012 Nivernis
1596 3997 1612 4024 ,

1860 3967 1968 4024 Ceu
2000 3969 2188 4023 doctor
2215 3966 2428 4022 celeber
2479 3980 2684 4036 gnavus
2710 3980 2806 4038 per
2830 3974 3023 4020 cuncta
3053 3965 3328 4034 magister.

175 4045 383 4101 Nostris
403 4046 610 4101 invexit
636 4048 749 4102 oris
773 4088 788 4114 ,
821 4047 1150 4117 scripsitque
1170 4049 1522 4117 triumphum.

1857 4057 2150 4124 Laudetur,
2179 4057 2377 4126 vigeat,
2409 4056 2550 4126 quod
2576 4070 2777 4124 quaeso,
2808 4055 3035 4124 legatur,
3060 4063 3288 4108 ametur.

925 4139 992 4197 ιι.
1862 4147 1989 4202 Haec
2015 4147 2260 4216 quisquis
2295 4145 2428 4217 legis
2451 4186 2466 4210 ,
2511 4131 2770 4214 Requi‘em
2795 4144 2882 4199 dic
2908 4143 2998 4198 det
3020 4144 3161 4198 Deus
3184 4142 3261 4196 illi

244 4227 498 4283 Praecluis
535 4237 720 4284 orator
741 4269 757 4295 ,
782 4229 983 4286 sudans
1001 4230 1346 4300 opobalsama
1377 4246 1566 4287 cosmo
1585 4273 1600 4296 ,

1861 4237 2101 4292 Palmam
2135 4253 2256 4291 cum
2287 4237 2496 4306 superis
2534 4243 2707 4306 gestet
2744 4249 2906 4305 super
2937 4242 3085 4288 astra
3107 4231 3337 4296 choreis,

177 4316 385 4372 Archas
410 4317 692 4375 mellilluus
725 4320 910 4375 rhetor
935 4337 1096 4391 super
1128 4323 1328 4376 aethera
1351 4331 1513 4378 notus
1541 4364 1556 4389 ,
1861 4327 2043 4385 Gloria
2065 4343 2266 4399 pauper
2291 4329 2407 4382 haec
2436 4327 2640 4398 peregit
2669 4333 2838 4380 metra
2865 4323 3092 4379 clienter
3113 4363 3129 4391 ,

178 4408 256 4462 Eu
304 4408 574 4466 Hucbalde
609 4412 770 4466 Pater
794 4453 810 4478 ,
851 4412 997 4468 salve
1032 4428 1132 4483 per
1171 4414 1325 4468 stecla
1349 4423 1623 4469 verenter.

206 4543 425 4555 :2:—

1375 4651 1548 4695 ANNO
1593 4632 1822 4694 bonum
1868 4650 2238 4696 Decccxxx.

445 4777 2136 5026 STEPHANUs_1_)_A_I:A
2199 4785 2472 4937 VII
2551 4822 2708 4945 al.
2771 4783 3168 4936 VIII.

1221 5089 1728 5182 NOTITIA
1797 5090 2444 5182 HISTORICA

934 5260 1112 5335 (Apud
1142 5259 1331 5326 Mansi,
1361 5259 1723 5316 Conciliorum
1756 5257 1995 5322 collect.,
2032 5265 2166 5318 tom.
2189 5257 2376 5327 XVIII,
2399 5259 2502 5316 col.
2533 5258 2680 5329 ⁸581.)

1581 5370 2005 5386 ﬂ

252 5479 600 5559 Stephanus,
634 5478 1198 5559 patriaHGermanus,‘
1220 5496 1380 5559 opera
1413 5481 1639 5559 Othonis
1671 5496 1757 5536 re-
1786 5485 1831 5546 C
1865 5481 2069 5559 talium.
2115 5481 2227 5559 llic.
2261 5495 2290 5534 a
2325 5478 2565 5559 tyrannis
2589 5492 2862 5559 ._quorut_n
2886 5477 3089 5559 odium
3121 5485 3340 5559 propter
3362 5489 3424 5556 su

181 5550 279 5632 gis
293 5593 307 5614 ,
351 5547 662 5632 posthabito
707 5551 1058 5632 cardiualium
1090 5547 1639 5632 suffragionznelectus
1670 5561 1755 5606 est
1865 5551 2180 5632 electionem
2215 5547 2694 5632 iuse'concita‘vi‘t,
2716 5547 3448 5632 cerebris.ictibussacrilegis

186 5618 224 5698 ξ
239 5618 518 5698 Romanis
538 5637 683 5698 anno
707 5620 901 5698 Christi
935 5618 1306 5698 Redemptoris
1334 5621 1436 5676 939
1464 5663 1478 5685 ,
1512 5634 1753 5698 tempore
1865 5620 2003 5698 facie
2033 5621 2365 5698 deformatus
2397 5618 2516 5672 fuit.
2540 5619 2829 5698 _All_iericus
2856 5620 3000 5698 enim
3028 5658 3043 5682 ,
3071 5618 3270 5698 quiihis
3313 5625 3448 5698 tem:

184 5689 535 5749 Constamiui.
573 5691 686 5747 γιιι
728 5699 780 5744 et
813 5692 1035 5748 Romani
1063 5732 1088 5756 ε
1131 5685 1511 5758 imperatorum
1564 5685 1757 5747 0ricn-
1865 5692 2083 5755 poribus
2125 5690 2482 5762 principatum
2539 5689 2590 5744 in
2623 5689 2766 5745 Urbe
2802 5691 3057 5759 gerebat,
3089 5685 3452 5742 existimabat
