3934 6424
529 341 663 425 tutu
1809 332 2147 390 STEPHANI

2186 332 2385 390 eam
2428 332 2521 421 vn
3029 335 3054 341 ν
3235 355 3241 360 ’
3620 338 3725 398 um

531 471 637 512 non
671 467 912 526 possese
936 447 1422 526 domintnmttrbis
1443 449 2041 526 securumnpossidere,
2063 451 2109 526 si
2137 456 2190 514 Α
2282 445 2975 526 Ιτττιηςοςιιιῐιιρνοοθιίιιιιε
3022 447 3277 526 adversus
3324 445 3731 526 L_udovicum__re-

515 541 642 585 non
667 519 883 593 gentilis
913 522 1106 590 aliquis
1153 520 1419 593 ipsiAbene
1469 529 1630 593 notus
1675 519 1931 593 Rotnanze
1961 520 2112 593 urbis

533 589 905 665 pontiﬁcatum
959 589 1190 647 teneret:
1250 589 1365 658 Qua
1417 590 1702 665 occasione
1759 589 1813 645 in
1859 590 2109 665 eumdem

538 659 872 733 Stephanum
926 676 1115 731 parum
1138 676 1324 733 aequus
1366 660 1607 733 existens
1628 700 1643 725 ,
1685 675 1825 733 eum
1855 659 2112 733 manibus

537 728 827 804 impiorum
844 728 1132 804 tantopere
1160 728 1423 804 lancinari
1454 770 1488 804 ,_
1511 739 1565 785 et
1596 730 1649 783 in
1679 728 1815 784 facie
1839 728 2114 804 deturpari

538 798 806 882 pertitisi't‘.
842 801 911 856 Et
950 798 1258 882 quanquam
1286 801 1672 882 h.:ee_._stigmata
1702 808 1921 882 propter
1949 798 2116 882 justi:

540 867 672 927 tiam
702 887 733 925 a
764 867 983 926 Satanai
1000 867 1264 926 ministris
1316 867 1521 924 inﬂicta
1565 887 1670 926 non
1704 867 1964 924 dedecori
2023 867 2117 922 sed

540 949 864 997 ornamento
914 950 1126 1011 essent,
1187 950 1364 996 tamen
1391 941 1504 1011 ipse
1531 955 1559 993 a
1590 940 1815 1011 publico
1840 938 2116 1011 hominum

541 1025 834 1080 congressu
867 1012 967 1065 hac
996 1010 1062 1065 de
1087 1025 1249 1065 causa
1276 1019 1333 1064 ut
1357 1007 1644 1080 plinrimuin
1682 1008 1960 1080 abstinuit.
2006 1007 2118 1080 lloc

543 1077 687 1135 facto
712 1080 980 1135 excitatus
1018 1089 1103 1135 est
1132 1077 1601 1135 animusOthonis
1644 1081 1710 1133 ad
1741 1077 2116 1132 vindicandum

542 1149 721 1204 scelus
770 1150 1133 1205 Romanorum
1160 1190 1176 1215 ,
1223 1160 1279 1204 et
1303 1151 1372 1203 ad
1419 1150 1771 1205 cohibendum
1820 1149 1930 1201 vim
1974 1146 2119 1200 illam

545 1219 915 1289 tyrannicam,
978 1236 1136 1289 quam
1191 1221 1450 1274 hactenus
1489 1221 1543 1273 in
1588 1218 1918 1289 prottiotione
1947 1216 2121 1289 ponti-

477 1298 509 1349 ;
543 1286 705 1367 tie-um
748 1286 1108 1367 usurparunt;
1174 1291 1390 1360 quando
1441 1286 1621 1343 autem
1660 1288 1789 1342 illud
1842 1286 2124 1359 perl’cerit,

545 1355 686 1416 intra
710 1372 808 1413 suo
824 1355 941 1414 loco
960 1361 1190 1414 dicetur.

1219 1697 2148 1812 STEPHANI

2213 536 2357 591 gem_
2373 518 2756 573 rebellantibus
2777 557 2791 581 ,
2821 532 3053 591 eumque
3082 518 3320 591 recipere
3342 518 3729 591 detrectantibus,

2213 587 2310 660 per
2331 589 2618 660 Damasum
2647 587 2934 654 quemdam
2969 587 3259 658 legationis
3297 603 3520 660 munere
3561 587 3729 660 iunges;

2216 658 2320 712 tem
2369 658 2680 723 nuntiavit,
2721 666 2782 712 ut
2811 673 2991 728 regem
3017 674 3173 714 suum
3224 658 3524 728 recipiant:
3548 658 3668 728 quod
3696 663 3729 716 si

2214 728 2393 783 facere
2422 728 2626 794 nolint,
2656 727 3172 783 excomunicationis
3196 727 3581 783 sententiamse
3599 729 3731 784 incar-

2217 813 2373 853 suros
2402 797 2671 853 noverint.
2722 797 2776 851 ln
2814 797 2963 852 Italia
3015 797 3212 852 bellum
3244 799 3384 852 inter
3412 796 3658 863 nugonem
3690 812 3730 854 et

2218 868 2527 923 Albericum
2543 907 2560 932 ,
2612 868 2841 923 antehac
2860 867 3029 923 semel
3070 882 3165 938 per
3188 867 3435 922 Odonem
3459 864 3726 922 Cluniacen-

2221 954 2333 993 setn
2364 938 2613 993 abbatem
2660 937 3270 1008 contpositnnt,’t'racta
3307 951 3465 1008 pace_
3482 938 3731 991 recruduit:

2221 1023 2327 1077 qua
2361 1008 2644 1063 occasione
2673 1004 2798 1063 Odo'
2836 1023 2867 1061 a
2895 1006 3169 1076 Stephano
3197 1004 3394 1062 iterum
3436 1004 3639 1077 Romam
3670 1021 3736 1077 vo-

2222 1075 2404 1141 catus,
2447 1093 2577 1147 pace
2605 1078 2838 1132 nondum
2863 1075 3160 1147 composita
3183 1119 3197 1142 ,
3230 1076 3430 1130 ibidem
3465 1075 3639 1147 exibac
3661 1076 3736 1129 vita

2223 1144 2475 1228 decessit.
2504 1148 2672 1228 Paulo
2693 1144 3008 1228 postetiam
3023 1146 3331 1228 Stephanus
3356 1160 3491 1215 papa
3513 1144 3736 1228 defunctus

2221 1226 2306 1272 est
2329 1258 2344 1283 ,
2368 1232 2510 1280 cum,
2556 1226 2616 1271 ut
2634 1215 2842 1277 habent
2892 1215 3131 1272 Vaticani
3168 1216 3376 1270 indices
3400 1253 3417 1278 ,
3453 1223 3740 1279 aunostres,

2224 1303 2437 1343 menses
2466 1296 2734 1365 quatuor,
2759 1294 2814 1342 et
2840 1287 2955 1343 dies
2977 1287 3215 1363 quiaque
3243 1285 3494 1349 sedisset.

2219 1694 2757 1868 rem
2833 1696 3126 1807 vn

1009 1933 1860 2053 EPISTOL/E
1980 1933 2181 2045 ET
2307 1931 3411 2115 PRIVILEGIA,

1325 2310 1365 2365 1.

564 2430 715 2506 (705)
744 2440 1101 2485 STEPHANI“!
1123 2440 1288 2480 nutu
1312 2438 1413 2477 uno
1438 2436 1777 2493 nonss'rtaato
1798 2435 1846 2476 s.
1864 2435 2138 2481 vnncssrtt

1146 2508 1565 2550 \‘ULTUBNENSIS.

1167 2627 1344 2699 (Anno
1391 2624 1541 2695 950.)

563 2762 883 2823 Honaslerio
896 2761 1059 2814 sancti
1074 2758 1329 2812 Vincentii
1347 2756 1498 2810 Vultu
1507 2756 1728 2821 mensis,
1742 2755 1954 2826 ejusque
1970 2753 2148 2808 abbati

732 2830 1045 2887 Raimbaldo
1074 2829 1249 2883 omnia
1270 2827 1399 2897 jura
1438 2836 1484 2880 et
1519 2827 1653 2880 bona
1679 2826 1973 2893 conﬁrmat.
2046 2842 2047 2845 ‘

772 2941 1095 3016 [Muratori.,
1127 2955 1229 2994 rer.
1254 2938 1369 2993 ital.
1399 2937 1593 3008 Sm‘pt.
1631 2938 1672 3003 ι,
1707 2953 1765 2997 ιι.
1797 2935 1950 3008 422.]

655 3032 974 3088 S'rtsrntta'us
1037 3030 1355 3099 episcopus,
1422 3044 1611 3084 servus
1669 3042 1952 3083 servorum
2012 3025 2148 3089 Dei,

573 3122 893 3178 ΒΑιιιιιΑιυο
925 3122 1041 3175 viro
1078 3117 1370 3175 venerabili
1398 3119 1578 3173 abbati
1609 3117 1921 3172 monasterii
1946 3115 2152 3172 Christi

569 3215 829 3285 martyris
859 3213 1146 3276 Vinecntii,
1179 3211 1324 3282 quod
1350 3211 1512 3265 situm
1534 3223 1624 3265 est
1648 3210 1700 3264 in
1730 3211 1975 3280 partibus
1999 3209 2154 3264 Sam-

570 3305 676 3360 nite
704 3304 978 3359 territorio
1027 3304 1405 3358 Beneventano
1451 3316 1613 3372 super
1651 3300 1858 3356 fontem
1904 3300 2153 3356 Vulturni

570 3394 827 3459 ﬂuminis,
871 3404 927 3449 et
969 3410 1065 3465 per
1120 3402 1171 3448 te
1219 3393 1430 3449 cunctis
1484 3394 1888 3452 successoribus
1946 3396 2053 3449 tuis
2100 3395 2154 3448 in

571 3489 761 3543 eodem
786 3486 1081 3542 venerabili
1116 3485 1449 3542 monasterio
1484 3484 1809 3554 regulariter
1828 3500 2153 3557 promoven-

575 3577 660 3637 tlis
687 3577 741 3631 in
779 3586 1125 3647 perpetuum.

645 3666 740 3721 Pia
764 3666 1125 3721 sollicitudine
1151 3679 1335 3720 curam
1361 3673 1584 3735 agentes
1618 3678 1897 3718 sacrarum
1932 3662 2026 3720 Dei
2048 3663 2154 3719 Ec—

573 3756 889 3821 clesiarum,
945 3765 1128 3825 utpote
1189 3770 1286 3825 pro
1329 3757 1505 3811 salute
1547 3757 1727 3811 ovium
1767 3772 1800 3811 a
1847 3756 1956 3811 Deo
2005 3756 2161 3811 nobis

579 3848 1017 3911 commissarum,
1067 3855 1123 3901 et
1166 3848 1400 3903 maxime
1432 3846 1542 3901 Deo
1573 3847 1946 3902 famulantium
1978 3862 2163 3901 mona-

581 3937 834 4007 chorum,
879 3926 1170 4007 satagimus
1210 3944 1268 3990 ut
1304 3937 1498 3991 divinae
1538 3937 1977 4006 contemplationi
2028 3936 2161 3992 insi-

583 4028 854 4083 stentibus
877 4043 1032 4098 opem
1058 4026 1203 4082 ferre
1228 4027 1513 4096 possimus,
1544 4036 1604 4083 ut
1636 4043 1756 4083 cum
1783 4028 1860 4082 eis
1890 4035 1946 4081 et
1968 4027 2163 4084 divinae

583 4118 1044 4174 remunerationis
1091 4119 1325 4189 gratiam
1382 4135 1798 4190 consequamur.
1850 4118 2165 4175 Petentibus

582 4209 752 4282 igitur
779 4211 954 4276 vobis,
978 4220 1037 4266 ut
1062 4212 1452 4266 monasterium
1485 4212 1627 4266 beati
1657 4210 1925 4266 Vincentii
1956 4218 2159 4282 marty-

585 4300 666 4359 ris
690 4299 891 4355 Christi
929 4316 1050 4356 cum
1090 4301 1344 4357 omnibus
1382 4300 1481 4355 sibi
1524 4300 1941 4371 pertinentibus,
1992 4300 2160 4367 cellis,

590 4393 833 4464 capellis,
870 4393 1128 4459 castellis,
1173 4401 1227 4447 et
1244 4392 1422 4455 terris,
1447 4386 1936 4460 subjurisdictione
1964 4400 2165 4447 sanctae

590 4482 847 4551 Romana:
875 4484 1131 4539 Ecclesia:
1157 4483 1327 4538 nostri
1351 4482 1616 4553 privilegii
1650 4482 1972 4538 auctoritate
1992 4483 2166 4537 muni-

584 4587 790 4637 retnus,
820 4573 1166 4628 concedimus
1195 4573 1324 4626 illud
1348 4572 1519 4637 vobis,
1559 4573 1862 4641 vestrisque
1912 4571 2165 4642 legitimis

583 4660 994 4719 Successoribus
1022 4661 1305 4716 abbatibus
1327 4661 1696 4727 detinendnm,
1722 4671 1779 4716 ιιι
1810 4661 2008 4717 nullius
2041 4661 2167 4716 alte-

585 4751 703 4807 rius
734 4750 989 4806 Ecclesia:
1018 4750 1312 4805 ditionibus
1364 4751 1733 4815 submittatur,
1775 4751 1868 4806 sed
1898 4767 2018 4807 cum
2045 4767 2163 4805 om-

583 4845 744 4901 nibus
799 4843 902 4899 sibi
946 4843 1343 4915 pertinentibus
1392 4842 1579 4909 cellis,
1636 4843 1750 4899 sive
1802 4843 2164 4908 monasteriis,

587 4934 978 5004 monasterium
1020 4933 1206 5004 utique
1233 4934 1374 4989 beati
1405 4933 1549 4989 Petri
1572 4934 1725 5004 juxta
1757 4932 1998 5001 ﬂuvium,
2031 4933 2167 4988 Sab-

586 5024 701 5079 bati
750 5026 1025 5081 territorio
1076 5026 1477 5091 Beneventano,
1533 5026 1921 5081 monasterium
1955 5026 2163 5086 Domini

589 5114 886 5183 Salvatoris
921 5118 975 5171 in
1003 5118 1170 5184 Alise,
1226 5118 1416 5174 cellam
1451 5117 1663 5174 Sanctae
1714 5117 1894 5172 Mariae
1934 5117 1987 5172 in
2034 5116 2167 5171 duas

592 5206 865 5272 basilicas,
904 5209 1094 5264 cellam
1121 5220 1323 5266 sancta:
1368 5211 1548 5267 Maria:
1576 5209 1732 5279 juxta
1782 5209 2002 5264 ﬂuvium
2044 5209 2166 5263 Tri-

591 5300 763 5374 pium,
804 5300 994 5356 cellam
1026 5312 1226 5358 sanctae
1255 5302 1435 5359 Mariae
1484 5305 1537 5359 in
1585 5303 1917 5366 Castanielo,
1978 5300 2168 5357 cellam

592 5399 795 5462 sancta:
817 5390 1000 5447 Mariae
1034 5392 1087 5446 in
1118 5393 1337 5461 Palene,
1384 5394 1579 5450 cellam
1633 5403 1834 5450 sanctae
1886 5393 2066 5449 Mariae
2115 5394 2166 5448 in

590 5478 920 5552 Apinianici,
979 5484 1168 5540 cellam
1227 5487 1402 5542 sancti
1435 5486 1582 5543 Petri
1622 5488 1676 5542 in
1725 5488 1939 5558 Vipera,
1965 5485 2169 5559 pellant

667 5658 816 5734 (705)
846 5658 987 5718 Vera
1038 5664 1387 5734 snppositane
1413 5665 1485 5720 sit
1530 5664 1673 5721 bulla
1710 5665 1823 5721 haec
1858 5664 2071 5730 mutila,
2118 5664 2174 5718 in

598 5736 749 5803 tanta
783 5731 1086 5799 litterarum
1109 5731 1314 5818 'i’nopia
1341 5736 1553 5794 diﬂicile
1584 5737 1798 5815 cognitu
1834 5742 1947 5802 est;
1975 5750 2073 5791 nec
2099 5745 2175 5790 ta-

2168 2310 2216 2370 B
2245 2305 2417 2361 sancti
2460 2303 2727 2359 Vincentii
2756 2303 2810 2360 in
2840 2303 3019 2361 Taccu
3047 2318 3172 2361 cum
3205 2302 3460 2361 omnibus
3483 2306 3763 2362 monasteriis

2241 2407 2295 2454 et
2324 2396 2496 2460 cellis,
2556 2396 2657 2452 sub
2703 2396 3014 2466 apostolica:
3067 2396 3212 2454 sedis
3246 2395 3583 2467 protectione
3602 2411 3757 2467 pernu-

2242 2496 2423 2543 neant.
2472 2487 2740 2543 Praeterea
2810 2502 3146 2559 qutecunque
3192 2503 3223 2542 a
3266 2487 3527 2558 regibus,
3570 2487 3757 2552 ducibus,

2242 2578 2595 2649 principibus,
2627 2578 2711 2633 vel
2735 2579 2958 2649 reliquis
2987 2578 3255 2646 ﬁdelibus,
3284 2580 3355 2633 ad
3387 2579 3526 2633 idem
3552 2588 3757 2633 monastec

2246 2668 2384 2723 rium
2430 2667 2622 2724 collata
2649 2676 2796 2735 sunt,
2827 2668 2908 2723 vel
2952 2668 3007 2724 in
3034 2677 3309 2739 posterum
3360 2666 3587 2723 conferri
3630 2666 3755 2721 couti-

2246 2761 2406 2835 gerit,
2434 2768 2490 2815 et
2528 2774 2649 2830 qua:
2690 2759 3150 2830 praedecessorum
3185 2766 3502 2813 nostrorum
3529 2754 3758 2827 privilegiis

2247 2848 2569 2906 confirmata
2610 2850 2806 2904 vestris
2848 2844 3339 2920 prtedeeessoribus
3386 2854 3610 2912 constat,
3650 2846 3759 2900 litata

2184 3000 2187 3003 η
2246 2943 2421 3008 vobis,
2453 2942 2755 3011 vestrisque
2806 2942 3229 3006 successoribus,
3256 2949 3312 2994 et
3360 2939 3559 2995 illibata
3604 2950 3758 3007 perma-

2249 3041 2432 3096 neant.
2458 3032 2807 3089 Decernimus
2825 3047 3059 3103 quoque,
3081 3040 3143 3087 ut
3157 3031 3286 3087 nulli
3308 3030 3530 3086 omnino
3548 3027 3757 3084 hominum

2250 3125 2408 3180 liceat
2444 3126 2758 3195 praedictum
2804 3124 3196 3179 monasterium
3238 3131 3449 3178 temere
3490 3120 3757 3191 perturbare.

2251 3227 2345 3274 aut
2368 3217 2486 3287 ejus
2510 3217 2885 3288 possessiones
2922 3215 3159 3282 auferre,
3211 3214 3296 3270 vel
3336 3214 3543 3270 ablatas
3566 3212 3758 3273 retinere,

2253 3309 2519 3373 minuere,
2557 3307 2641 3362 vel
2682 3307 2972 3362 contrariis
3014 3304 3397 3360 vexationibus
3431 3303 3664 3373 fatigare;
3697 3298 3758 3352 sed

2254 3397 2433 3453 omnia
2477 3396 2684 3467 integra
2733 3402 3146 3458 conserventur,
3189 3408 3406 3458 eorum,
3459 3406 3552 3461 pro
3593 3399 3758 3458 quorum

2255 3487 2651 3543 sustentatione
2691 3493 2744 3539 et
2768 3484 3160 3556 gubernatione
3189 3496 3451 3537 concessa
3481 3488 3613 3542 sunt,
3630 3476 3759 3532 usiha

2172 3634 2183 3643 .
2257 3578 2566 3637 omnimode
2583 3577 2885 3648 profutura.
2917 3574 3164 3632 Obeunte
3189 3589 3321 3630 vero
3346 3574 3463 3643 ejus
3491 3570 3586 3626 loci
3606 3567 3760 3627 abbate,

2183 3651 2226 3712 (ἶ
2261 3674 2348 3728 vel
2375 3687 2597 3727 suorum
2620 3683 3016 3732 successorum,
3048 3666 3228 3721 nullus
3264 3664 3340 3720 ibi
3371 3663 3594 3735 qualibet
3618 3655 3758 3714 astutia

2261 3779 2355 3819 seu
2396 3762 2649 3817 violentia
2679 3767 3040 3832 praeponatur,
3070 3757 3177 3813 nisi
3200 3771 3366 3826 quem
3390 3755 3759 3809 (raucam!-

2263 3855 2315 3909 ni
2342 3868 2632 3917 consensu,
2666 3850 2751 3904 vel
2779 3849 2983 3906 saniori
3014 3847 3240 3903 consilio
3261 3844 3522 3918 elegerint
3538 3836 3757 3897 secundum

2265 3943 2511 3998 timorem
2533 3942 2653 4004 Dei,
2683 3949 2741 3994 et
2766 3940 2909 3996 beati
2947 3937 3222 3994 Benedicti
3252 3936 3492 4008 regulam
3518 3949 3548 3987 a
3584 3930 3759 3984 Romae

2262 4034 2516 4104 pontiﬁce
2540 4031 2989 4089 consecrandum.
3045 4029 3316 4095 Chrisma,
3371 4027 3756 4083 obtunsae-tun.

2263 4126 2702 4182 consecrationes
2747 4124 3020 4187 altarium,
3075 4123 3189 4178 sive
3231 4111 3758 4179 basilicarum,ordina-

2266 4216 2443 4272 tiones
2493 4216 2906 4282 monachorum,
2967 4214 3082 4269 sive
3138 4213 3460 4268 clericorurn
3506 4199 3757 4264 monasterio

2264 4306 2670 4377 pertinentium,
2720 4320 2755 4359 a
2779 4319 2887 4375 quo
2912 4303 3214 4358 malueritis
3253 4299 3525 4372 accipietis
3563 4289 3759 4350 catholico

2266 4399 2536 4469 episcopo.
2580 4395 2962 4452 Interdicimus
3002 4396 3166 4450 etiam
3211 4408 3280 4449 ne
3319 4393 3441 4463 quis

2264 4465 2332 4544 ei;
2361 4465 2553 4544 eodem
2598 4485 2929 4541 monasterio
2968 4484 3218 4539 abbatem
3262 4482 3351 4537 vel
3398 4478 3678 4536 monachum
3711 4465 3755 4521 ad

2266 4594 2420 4634 suam
2451 4578 2715 4650 synodum
2746 4575 2943 4631 audeat
2981 4589 3280 4645 provocare
3332 4580 3425 4627 aut
3468 4556 3754 4624 excommuni-

2268 4688 2422 4738 care;
2459 4688 2557 4726 nec
2579 4670 2649 4725 ibi
2672 4668 2960 4740 cujuslibet
2988 4667 3241 4723 Ecclesiae
3267 4663 3597 4722 sacerdotem,
3618 4659 3754 4750 ρτωιξτ

2267 4764 2449 4821 sedem
2480 4763 2832 4834 apostolicam
2858 4761 3118 4818 ditionem
3141 4758 3379 4828 aliquam
3406 4755 3584 4810 habere
3599 4747 3753 4818 permﬂ‘

2273 4858 2459 4921 timus,
2479 4853 2613 4910 adeo
2651 4862 2711 4907 ut
2743 4853 2848 4908 nisi
2894 4852 2962 4906 ab
3009 4851 3205 4905 abbate
3240 4847 3403 4903 fuerit
3441 4841 3753 4921 invitatusltfc

2271 4949 2553 5011 missarum
2599 4944 2858 5002 solemnia
2880 4943 3078 4999 ibidem
3106 4941 3380 4996 celebrare
3405 4934 3664 5007 praesumat.

2268 5043 2514 5096 cerdotes
2538 5045 2593 5093 et
2621 5034 2802 5097 clerici
2826 5035 2891 5089 de
2922 5044 3242 5104 quacunque
3268 5022 3557 5090 ecclesia,si
3577 5014 3749 5073 venerint

2270 5132 2336 5185 ad
2369 5129 2719 5184 habitandum
2746 5126 2799 5180 in
2822 5123 3237 5194 congregatione
3268 5120 3503 5179 fratrum,
3527 5117 3602 5166 aut
3621 5110 3748 5158 mona‘

2271 5223 2482 5279 chicnm
2506 5218 2831 5290 suscipiendi
2854 5217 3121 5281 habitum,
3143 5214 3326 5268 statim
3342 5201 3743 5295 recipianturntftf

2273 5312 2513 5389 quolibet
2531 5281 2897 5379 prohibeatur.
2920 5305 3033 5361 Nec
3055 5310 3345 5376 prtesnmat
3381 5295 3608 5389 quispiam
3626 5281 3745 5389 eidttll

2273 5382 2625 5467 monasterio,
2641 5410 2694 5456 et
2706 5401 2875 5465 cellis,
2891 5399 2975 5454 vel
2997 5397 3432 5469 possessionibus,
3451 5388 3522 5443 vel
3536 5382 3655 5439 rebus
3667 5382 3742 5442 θιπε

2274 5493 2536 5552 violenter
2557 5493 2889 5559 incumbere,
2918 5490 2998 5545 vel
3026 5486 3318 5560 quamlibet
3343 5479 3537 5540 malitiae
3554 5471 3740 5544 iacturam

2197 4995 2244 5055 D

2280 5678 2399 5716 men
2436 5658 2672 5731 etingcre
2698 5655 3061 5731 suspicionem
3086 5661 3282 5731 potest,
3316 5664 3428 5707 cum
3456 5636 3736 5731 primum?

2437 5700 2672 5731 νηυδων
2698 5700 3061 5758 εἴητηωτι...
3088 5700 3282 5738 an",
3320 5700 3427 5751 -_.--,
3456 5717 3492 5738 ._
3614 5700 3732 5759 km.

2283 5732 2641 5795 Vulturncnse
2664 5743 2901 5786 setatnus
2935 5724 3170 5783 falsarns
3206 5740 3308 5779 non
3334 5728 3557 5777 caruisse.
