3934 6434
191 348 334 405 1055

1355 338 1712 397 ΕΡΙΞἸῸΙΑΕ
1751 337 1838 394 ΕΤ
1877 331 2286 390 PRlVlLEGlA.

3330 325 3354 380 1
3365 323 3474 379 οδε

189 461 396 530 inferre
409 457 684 524 ;sedomni
711 455 1102 528 temporeidem
1126 453 1274 509 locus
1298 468 1418 508 cum
1441 452 1782 522 pertinentiis
1810 456 1854 514 Λ
1889 456 2038 502 turas
2059 443 2332 499 faciendas
2358 479 2372 506 ,
2405 447 2497 494 aut
2529 437 2676 494 freda
2703 477 2716 503 ,
2750 435 2830 492 vel
2863 435 3058 490 tributa
3080 473 3095 499 ,
3125 440 3216 488 aut
3243 433 3468 490 obsonia

193 551 362 608 libere
377 561 430 608 et
456 552 635 620 quiete
661 549 761 604 sub
773 548 1083 618 apostolicae
1097 547 1240 603 sedis
1259 546 1592 615 profectione
1603 559 1782 598 serve-

195 653 303 698 tur.
333 643 388 696 Si
411 643 531 712 quis
563 651 743 696 autem
790 637 950 707 hujus
987 639 1154 692 nostri
1191 637 1467 706 apostolici
1513 635 1779 705 privilegii

196 734 641 792 constitutionem
693 743 956 786 temerare
1015 729 1436 798 praesumpserit.
1467 727 1570 782 nisi
1623 729 1779 794 digne

190 826 582 888 emendaverit,
597 825 815 878 honoris
828 824 908 876 sui
927 823 1242 893 dignitatem
1259 821 1488 882 amittat,
1507 829 1559 872 et
1573 819 1778 872 alienus

190 933 464 988 aaorpore
490 925 544 970 et
573 916 828 986 sanguine
857 914 1064 970 Domini
1093 913 1262 966 nostri
1290 911 1412 966 Jesu
1435 909 1632 964 Christi
1664 910 1774 972 fiat,

187 1015 246 1062 et
283 1023 408 1062 cum
438 1006 650 1060 diabolo
697 1013 750 1060 et
797 1002 915 1071 ejus
957 1003 1223 1058 ministris
1273 1010 1476 1056 aeterno
1529 999 1778 1052 inccndio

193 1095 506 1150 damnetur.
539 1095 642 1161 Qui
670 1105 850 1148 autem
875 1095 1020 1164 juste
1043 1103 1096 1148 ct
1124 1094 1208 1164 pie
1241 1093 1354 1148 haec
1383 1089 1774 1152 observaverit,

185 1186 586 1240 benedictionis
623 1185 850 1255 gratiam
895 1185 1208 1253 plenissime
1255 1199 1283 1236 a
1325 1182 1550 1236 Domino
1583 1194 1775 1236 conse-

188 1283 416 1345 quatur,
441 1283 496 1329 et
525 1285 742 1329 aeternae
771 1275 894 1328 vitm
920 1275 1189 1342 particeps
1209 1287 1330 1326 esse
1355 1279 1646 1324 mereatur.

269 1365 544 1434 Scriptum
599 1379 696 1432 per
735 1378 948 1416 ntanum
997 1361 1252 1430 Stephani
1296 1359 1587 1429 primicerii
1634 1373 1776 1411 anno

183 1457 536 1526 pontificatus
585 1457 766 1510 domni
819 1455 1080 1525 Stephani
1125 1455 1320 1508 summi
1371 1450 1646 1523 pontificis
1689 1465 1781 1504 se-

183 1548 488 1619 ptimi......

943 1637 1006 1690 Il.

183 1743 460 1802 STEPHANI
518 1760 592 1800 vn
637 1759 979 1868 PRIVILEGEJN
1019 1759 1118 1798 rno
1154 1759 1493 1798 MONASTEBIO
1531 1743 1591 1798 S.
1653 1743 1768 1800 MA-

749 1831 852 1868 nm;
923 1831 1186 1868 nostrast.

749 1831 852 1868 “LE
881 1831 1186 1869 ISItONlENSl.

731 1908 907 1977 (Auno
937 1907 1164 1962 92095!

181 1997 581 2053 Fundationem
643 1999 866 2051 abbaliw
899 1998 1200 2050 Bronieusfs
1242 1997 1610 2060 ,incomitalu
1661 1995 1776 2049 Na-

257 2070 516 2122 murcensi
540 2069 837 2138 conﬁrmat,
887 2067 1064 2120 Horme
1092 2069 1371 2128 existenle,
1413 2077 1460 2120 et
1483 2083 1663 2138 rerum
1687 2082 1776 2132 pe-

257 2149 390 2192 tente
413 2148 593 2192 sancto
623 2135 858 2192 (ἕω-αι’άο
883 2137 1067 2190 abbate
1090 2155 1151 2189 ac
1171 2141 1452 2206 laudatore
1476 2135 1770 2190 Brouiensi.

465 2253 640 2324 [Apud
680 2251 872 2318 Mansi,
905 2251 1110 2306 Concil.
1145 2259 1276 2304 toni.
1304 2251 1515 2322 XVlll.]

260 2367 316 2422 liv
373 2365 592 2421 nomine
643 2373 845 2419 sanctae
886 2373 941 2418 et
993 2363 1281 2417 individua:
1355 2361 1672 2427 Trinitatis,
1722 2371 1776 2417 et

177 2465 386 2512 sanctae
433 2455 616 2510 Mariae
663 2469 878 2524 semper
921 2454 1182 2526 virginis,
1220 2453 1576 2518 STEPHANUS,
1633 2454 1774 2508 sedis

179 2547 490 2618 apostolicae
514 2562 756 2602 summus
791 2546 1102 2615 episcopus,
1135 2561 1326 2600 servus
1345 2559 1626 2599 servormn
1655 2545 1770 2609 Dei,

183 2637 446 2694 fratribus
467 2653 528 2691 ac
555 2635 679 2690 filiis
706 2637 904 2690 nostris
927 2653 1024 2706 per
1048 2636 1358 2690 universum
1381 2635 1572 2690 orbem
1596 2645 1774 2690 terra-

185 2745 304 2783 rum
335 2728 385 2781 in
413 2728 514 2782 fide
544 2727 810 2781 catholica
841 2728 1180 2796 degentibus.

259 2817 453 2872 Notum
503 2820 748 2886 cupimus
781 2833 901 2871 esse
951 2818 1202 2872 omnibus
1263 2827 1368 2872 tam
1417 2819 1776 2888 praesentibus

180 2923 344 2978 quam
375 2907 570 2962 futuris
599 2906 830 2978 qualiter
859 2907 998 2961 filius
1037 2922 1100 2961 ac
1133 2907 1299 2962 frater
1321 2918 1506 2962 noster
1530 2948 1546 2974 ,
1593 2908 1774 2964 divina

184 3007 456 3052 annuente
487 2998 770 3052 clementia
799 3039 813 3064 ,
849 2997 1128 3053 Gerardus
1155 3000 1321 3053 abbas
1346 2999 1498 3054 nobis
1521 2993 1774 3054 innotuit

183 3089 250 3143 de
301 3089 628 3143 monasterio
675 3087 956 3142 Brouieusi
988 3130 1002 3154 ,
1057 3089 1198 3158 quod
1253 3091 1306 3142 in
1348 3089 1538 3144 melius
1599 3089 1775 3144 refor-

1882 541 2132 612 quaelibet
2154 537 2437 608 exigenda,
2461 535 2544 588 vel
2588 533 2895 588 mansiones
2936 540 3028 586 aut
3053 531 3219 586 silvas
3263 531 3347 584 vel
3373 545 3470 601 pa-

1881 632 2042 686 radas
2087 627 2360 684 iaciendas
2390 633 2482 680 aut
2513 625 2858 695 fidejussores
2885 621 3180 686 tollendos,
3234 629 3327 674 aut
3371 621 3472 676 ho-

1881 722 2055 776 mines
2085 719 2322 786 ejusdem
2366 716 2680 778 monasterii
2720 723 2828 768 tam
2860 713 3120 784 ingenuos
3156 726 3317 780 quam
3352 724 3466 766 ser-

1879 827 1975 866 vos
2041 823 2202 880 super
2271 819 2472 862 terram
2535 807 2703 876 ipsius
2781 811 3186 858 conuuauentes
3271 799 3482 870 injuste-

1880 901 2279 972 distringendos
2303 941 2317 964 ,
2359 915 2459 956 nec
2483 899 2546 952 ad
2574 899 2708 951 ullas
2735 893 3128 950 redhibitiones
3155 931 3169 958 ,
3229 897 3323 944 aut
3355 889 3468 944 illi-

1879 998 2016 1051 citas
2038 996 2351 1050 occasiones
2375 991 2731 1062 requirendas
2751 987 2965 1060 nostris
2997 993 3054 1039 et
3079 981 3278 1038 futuris
3327 987 3470 1038 tein-

1877 1088 2118 1160 poribus.

1889 1159 1898 1167 ἶ
1948 1177 2054 1232 Sed
2107 1176 2588 1230 liceatmemoralo
2651 1171 2746 1225 Dei
2773 1183 2931 1224 servo
2966 1167 3208 1223 Gerardo
3247 1164 3472 1233 suisque

1877 1267 2282 1326 successoribus
2305 1280 2392 1318 res
2419 1261 2658 1332 praedicti
2687 1257 2996 1313 monasterii
3030 1272 3151 1312 cum
3185 1252 3470 1310 monachis

1875 1361 1988 1416 suis
2016 1359 2116 1413 sub
2137 1355 2492 1411 immunitatis
2527 1363 2723 1408 nostrae
2746 1347 3256 1416 defensionequieto
3276 1344 3468 1400 ordine

1875 1451 2150 1523 possidere
2172 1489 2192 1514 ,,
2235 1457 2292 1502 et
2317 1447 2572 1502 ordinare
2602 1485 2616 1510 ,
2667 1446 2874 1512 absque
2919 1440 3206 1510 cujuslibet
3273 1435 3468 1492 arbitri

1874 1542 2254 1600 communione
2281 1580 2295 1606 ,
2329 1538 2430 1592 nisi
2463 1539 2581 1606 ipso
2611 1536 2804 1590 abbate
2847 1540 2902 1587 et
2942 1527 3362 1586 suiS'monachis
3410 1525 3466 1581 id

1873 1634 2270 1693 rationabiliter
2311 1629 2422 1684 fieri
2454 1628 2781 1698 petentibus.

1947 1727 2059 1783 Hoc
2085 1739 2298 1796 quoque
2330 1721 2535 1776 firmari
2590 1717 2812 1788 expetiit
2859 1713 3240 1775 nihilominus,
3279 1717 3342 1762 ut
3378 1721 3470 1762 ea-

1803 1799 1846 1858 B
1875 1821 1995 1876 dem
2025 1817 2315 1872 damnetur
2366 1809 2742 1866 maledictione
2802 1805 3109 1876 quicunque
3165 1799 3339 1853 locum
3389 1796 3472 1866 ip-

1875 1928 1992 1968 sum
2026 1918 2081 1964 et
2117 1909 2220 1963 loci
2249 1906 2452 1960 incolas
2504 1901 2642 1957 infra
2677 1916 2806 1956 suos
2829 1897 3092 1952 terminos
3141 1891 3324 1947 hostili
3385 1889 3468 1944 iu-

1875 1985 2218 2068 ceudio,vehl
2268 1999 2451 2062 caede,
2503 2003 2596 2049 aut
2647 1993 2823 2061 aliqua
2863 1988 3060 2056 injuste
3120 1981 3472 2055 oppressione

1873 2091 2279 2168 praesumpserit
2350 2089 2690 2158 aliquatenus
2745 2079 3059 2152 depopulari
3132 2075 3218 2132 vel
3275 2072 3482 2130 iufrin-.

1875 2201 2024 2258 gere.

1943 2274 2256 2331 Astantibus
2307 2271 2472 2342 igitur
2513 2263 2778 2337 episcopis
2809 2270 2864 2316 et
2916 2253 3478 2323 confralribushujus.

1875 2375 2076 2424 sancta:
2125 2365 2382 2418 Romanae
2435 2359 2623 2423 sedis,
2677 2366 2730 2410 ct
2775 2349 3272 2410 consentientibus,
3331 2343 3472 2414 peti-

1877 2458 2074 2511 tionem
2113 2451 2298 2506 famuli
2354 2450 2449 2504 Dei
2496 2443 2763 2503 Gerhardi
2807 2439 3099 2513 apostolica
3146 2433 3482 2489 auctoritate»

1873 2543 2080 2600 firmari
2106 2539 2466 2596 decrevimus.

1947 2634 2116 2704 Igitur
2142 2630 2467 2686 auctoritate
2493 2626 2672 2681 Patris
2695 2632 2750 2680 et
2775 2621 2920 2687 Filii,
2945 2628 2999 2674 et
3029 2617 3266 2687 Spiritus
3285 2611 3464 2670 sancti

1876 2735 1931 2783 et
1959 2733 2160 2779 sancta:
2189 2720 2370 2774 Mariae
2407 2731 2622 2785 semper
2639 2711 2899 2784 virginis,
2945 2709 3038 2764 Dei
3066 2707 3345 2778 genitricis
3369 2742 3384 2766 ,
3413 2710 3472 2758 ct

1873 2817 2118 2873 omnium
2151 2811 2458 2866 caelestium
2505 2809 2798 2868 virtutum,
2823 2809 2876 2856 et
2913 2799 3084 2854 sancti
3117 2797 3341 2853 Joannis
3371 2795 3470 2856 Ba,-

1874 2909 2086 2979 ptistae,
2127 2913 2180 2958 et
2208 2911 2518 2957 sanctorum
2570 2895 2934 2968 apostolorum
2987 2892 3134 2946 Petri
3169 2897 3223 2946 et
3270 2887 3472 2951 Pauli,

1875 2999 2050 3056 sancti
2073 2995 2296 3068 Eugenii
2338 2993 2590 3066 martyris
2621 2991 2858 3062 ejusdem
2883 2987 2982 3042 loci
3009 2985 3303 3056 patronict
3343 2997 3472 3052 pro-

1877 3089 2103 3154 visoris,
2156 3095 2466 3142 sanctorum
2513 3097 2748 3153 quorum
2806 3078 3048 3148 reliquiae
3101 3074 3236 3130 inibi
3305 3079 3466 3136 sunt,

185 3181 350 3236 mavit
385 3190 438 3237 et
464 3182 787 3236 restauravit
815 3181 866 3235 in
911 3182 1114 3236 honore
1139 3189 1340 3236 sanctae
1367 3183 1457 3236 Dei
1477 3181 1771 3237 Gcnitricis
1800 3141 1845 3202 Ο
1879 3180 2146 3248 simulque
2167 3177 2409 3231 omnium
2433 3181 2743 3238 sanctorum
2765 3183 2994 3238 quorum
3021 3165 3242 3220 nomina
3267 3162 3470 3231 scripta

183 3289 396 3343 semper
425 3275 650 3344 virginis
691 3273 874 3328 Mariae
896 3315 910 3339 ,
947 3283 1370 3344 sanctorumque
1397 3275 1768 3344 apostolorum

185 3363 328 3418 Petri
363 3373 418 3418 et
441 3363 589 3417 Pauli
615 3405 628 3429 ,
660 3373 713 3418 et
740 3365 910 3417 sancti
942 3363 1165 3418 Joannis
1194 3365 1468 3434 Baptistae.

254 3455 384 3509 Post
425 3471 552 3511 vero
596 3455 884 3509 multorum
912 3463 1220 3509 sanctorum
1249 3457 1471 3525 pignora
1491 3495 1508 3518 ,
1543 3469 1770 3526 congre-

183 3547 326 3617 gavit
351 3547 419 3601 ibi
445 3563 637 3616 corpus
667 3547 830 3602 etiam
857 3547 1030 3602 sancti
1081 3547 1304 3617 Eugenii
1336 3549 1587 3619 Illtll‘lyl'is
1611 3588 1626 3614 ,
1677 3565 1768 3603 ar-

185 3638 509 3706 chiepiscopi
551 3637 822 3692 Toletame
868 3639 1034 3703 sedis,
1085 3639 1374 3708 discipuli,
1437 3647 1492 3692 et
1536 3639 1770 3698 ordinati

187 3728 356 3781 sancti
387 3727 622 3797 Dionysii
659 3729 1074 3798 archiepiscopi,
1109 3737 1163 3783 ct
1212 3745 1334 3783 cum
1381 3743 1572 3798 magna
1620 3743 1774 3782 reve-

186 3813 358 3866 rentia
409 3821 462 3865 et
491 3815 690 3867 honore
721 3815 849 3868 inibi
889 3815 1067 3868 attulit
1095 3832 1107 3868 :
1153 3815 1524 3868 haereditatem
1557 3829 1776 3882 quoque.

183 3903 454 3973 propriam
479 3913 585 3958 tam
610 3904 660 3956 in
686 3906 830 3972 agris
860 3920 1021 3974 quam
1045 3907 1095 3958 in
1131 3905 1441 3973 mancipiis,
1475 3913 1529 3958 et
1573 3905 1623 3958 iu
1648 3919 1769 3958 out-

185 3995 341 4049 nibus
367 3993 488 4063 jure
511 3993 852 4048 haereditario
875 3995 1270 4063 adjacentihus,
1289 3995 1478 4050 devote
1502 4009 1564 4050 ac
1583 3995 1779 4060 volun-_

185 4084 320 4138 tarie
357 4085 420 4138 ad
451 4083 730 4154 praefatum
755 4085 902 4139 dedit
936 4087 1338 4142 monasterii]th

253 4173 542 4244 Postquam
573 4186 749 4227 autem
800 4175 952 4228 nobis
980 4175 1238 4230 iudicavit
1264 4218 1278 4239 ,
1311 4175 1626 4244 provolutus
1672 4191 1768 4246 pc-

183 4265 340 4319 dihus
369 4265 568 4319 nostris
598 4305 612 4330 ,
669 4263 822 4332 petiit
850 4274 1114 4333 quatenus
1160 4266 1482 4319 auctoritate
1509 4267 1771 4334 apostolo-

183 4369 300 4408 rum
332 4353 478 4410 Petii
515 4365 569 4408 et
599 4353 748 4408 Pauli
785 4353 1198 4408 malediceretur
1221 4355 1398 4409 omnis
1441 4357 1534 4426 qui
1565 4358 1630 4410 de
1672 4371 1766 4410 co-

181 4461 299 4501 rum
333 4446 660 4500 monasterio
691 4446 895 4516 aliquid
933 4457 1218 4501 conaretur
1241 4487 1255 4512 ,
1291 4457 1396 4500 tam
1428 4449 1494 4503 de
1525 4449 1770 4518 reliquiis

181 4549 493 4594 sanctorum
519 4553 679 4610 quam
702 4539 768 4593 de
799 4541 1164 4603 vestimentis,
1195 4551 1249 4595 ct
1273 4540 1460 4606 libris,
1485 4552 1538 4595 et
1569 4542 1634 4596 de
1666 4551 1770 4597 ter-

182 4629 386 4684 ritoriis
408 4629 622 4684 auferre
643 4670 658 4696 ,
691 4641 850 4700 atque
878 4631 941 4684 de
967 4631 1277 4700 mancipiis,
1310 4632 1391 4684 vel
1422 4633 1486 4686 de
1510 4631 1629 4686 aliis
1661 4633 1774 4702 qui-

179 4719 412 4776 buslibet
443 4721 602 4776 rebus
622 4737 757 4790 quas
789 4738 929 4777 nunc
961 4723 1125 4778 habet
1155 4723 1255 4777 sibi
1274 4724 1426 4778 datas
1457 4763 1473 4790 ,
1507 4724 1589 4778 vel
1633 4725 1776 4786 ultra

178 4815 349 4886 possit
371 4813 464 4869 Dei
499 4815 868 4869 misericordia
898 4815 1159 4873 obtinere.

251 4903 363 4958 Hoc
385 4919 598 4973 queque
643 4921 966 4975 magnopere
1003 4905 1256 4976 expetiit,
1305 4915 1364 4959 ut
1390 4908 1576 4962 eodem
1642 4924 1770 4964 cou-

186 4991 521 5065 stringaulur
587 4997 933 5051 anathemate
1013 4999 1320 5066 quicunque
1390 4999 1763 5069 privilegium,

177 5089 322 5158 quod
353 5089 416 5142 de
439 5089 627 5142 eodem
667 5089 782 5142 loco
808 5098 864 5142 et
893 5091 1222 5142 monasterio
1243 5090 1356 5158 jam
1383 5090 1528 5157 regia
1559 5093 1765 5162 magui-

178 5179 393 5233 ﬁcentia
425 5187 480 5233 ct
527 5179 820 5249 imperialis
879 5188 1134 5236 sanxerat
1185 5179 1480 5234 auctoritas
1509 5220 1523 5246 ,
1559 5181 1767 5250 aliqua-

180 5281 336 5327 tenus
369 5281 717 5342 praesuuteret
753 5271 1062 5344 infringere.

253 5363 500 5430 Scilicet,
533 5373 590 5418 ut
613 5364 787 5418 nullus
810 5365 1110 5436 episcopus,
1142 5366 1318 5420 nullus
1343 5383 1522 5422 comes
1547 5409 1560 5430 ,
1587 5367 1766 5424 nullus

177 5457 504 5522 advocatus,
540 5458 723 5512 nullus
759 5458 924 5528 judcx
965 5459 1249 5529 publicus,
1300 5476 1398 5516 nec
1445 5461 1670 5530 quilibet
1701 5477 1768 5516 ex

170 5547 458 5616 judiciaria
491 5558 755 5618 potestate
788 5551 838 5603 in
865 5549 1124 5615 Ecclesia,
1166 5561 1258 5604 aut
1291 5551 1404 5605 loca
1434 5591 1447 5616 ,
1481 5552 1562 5606 vel
1587 5569 1766 5624 agros,

179 5657 272 5696 seu
299 5644 534 5714 reliquas
555 5645 927 5714 possessiones
969 5645 1250 5700 memorati
1291 5646 1603 5700 monasterii
1633 5663 1768 5715 pne-

178 5747 354 5794 sumat
395 5737 632 5822 ingredi,
675 5737 855 5794 autad
891 5721 1416 5802 causas°audicmlas
1443 5749 1534 5794 aut
1575 5755 1766 5816 prcca-

1873 3280 1998 3328 sunt
2027 3271 2080 3324 in
2114 3269 2254 3323 libro
2285 3267 2431 3331 vitae,
2461 3261 3017 3322 excommunicamus,
3041 3251 3472 3309 anathematiza-

1883 3378 2034 3428 mus,
2063 3361 2383 3414 damuamus
2413 3372 2604 3412 omnes
2630 3354 2720 3424 qui
2769 3354 2961 3408 horum
2999 3346 3267 3418 quidpiam
3286 3385 3300 3410 ,
3350 3357 3472 3414 quae

1874 3451 1941 3507 de
1995 3451 2338 3505 immunitate
2379 3455 2435 3501 et
2474 3445 2725 3502 libertate
2757 3439 3067 3496 Bronicusis
3095 3435 3352 3492 Ecclesiae
3404 3440 3462 3488 et

1872 3544 1975 3598 loci
2025 3541 2298 3612 praelibata
2373 3543 2540 3601 sunt,
2593 3536 2806 3590 irritum
2853 3529 3123 3591 fecerint,
3171 3525 3256 3580 vel
3305 3522 3472 3577 infre-

1871 3633 2050 3705 gerint
2073 3674 2086 3697 ,
2115 3631 2214 3686 nisi
2243 3628 2582 3698 resipuerint,
2612 3633 2667 3682 ct
2695 3620 3078 3694 pmnituerint,
3110 3625 3164 3671 et
3192 3617 3258 3669 ab
3279 3614 3473 3668 abbate

1872 3733 1926 3780 et
1955 3721 2186 3778 fratibus
2216 3719 2332 3787 ejus
2361 3719 2572 3776 veniam
2613 3709 3013 3788 promerueriut
3039 3749 3054 3776 ,
3104 3716 3159 3762 et
3183 3706 3249 3761 de
3269 3713 3469 3760 cancro

1874 3816 2306 3882 emendaverint.

1946 3911 2014 3966 At
2065 3923 2196 3964 vero
2217 3907 2326 3978 ‘qtti
2371 3906 2693 3962 observator
2744 3901 3017 3958 exstiterit
3063 3898 3224 3966 hujus
3265 3903 3469 3950 nostrae

1869 4000 2250 4074 praeceptionis
2289 4005 2342 4052 et
2383 3997 2544 4066 regiae
2574 3993 2904 4054 sanctionis,
2964 3990 3230 4060 gratiam,
3280 3992 3334 4040 et
3365 3982 3471 4037 mi-

1874 4091 2222 4148 sericordiam
2241 4129 2258 4153 ,
2297 4087 2572 4154 vitamque
2616 4093 2873 4139 aeternam
2897 4099 2927 4136 a
2956 4075 3466 4136 misericordissimo

1873 4187 2102 4245 Domino
2133 4186 2240 4240 Deo
2267 4191 2450 4237 nostro
2475 4179 2732 4249 consequi
2762 4183 3050 4233 mercatur.

1934 4277 2048 4348 Ego
2085 4275 2365 4330 Castorius
2397 4272 2640 4326 notarius
2679 4268 3031 4339 regionarius,
3061 4273 3116 4320 et
3147 4259 3466 4318 scriniarius

1874 4375 2076 4423 sanctae
2115 4363 2374 4419 Romanae
2423 4361 2711 4426 Ecclesiae,
2749 4359 3133 4414 corroborante
3172 4350 3467 4424 apostolica

1873 4458 2228 4522 auct-ritate,
2269 4465 2324 4508 ct
2363 4461 2550 4509 sancto
2601 4467 2736 4522 papa
2780 4449 3054 4519 Stephano
3099 4451 3418 4517 suggerente
3448 4481 3466 4509 ,

1876 4547 2185 4619 recognovi.

1946 4643 2164 4714 Signum
2187 4639 2399 4696 Domini
2429 4636 2690 4706 Stephani
2731 4649 2882 4706 papae
2907 4631 3148 4702 gloriosi.

1948 4734 2080 4788 Data
2147 4731 2188 4786 γ
2237 4728 2544 4801 Κει1.⁴,Μειὶί
2573 4768 2590 4794 ,
2629 4742 2772 4782 anno
2813 4727 2883 4780 ab
2923 4721 3300 4779 incarnatione
3337 4716 3482 4774 .Do--

1875 4822 2205 4882 mini....

1942 4915 2134 4970 Actum
2169 4913 2352 4968 Romae
2385 4911 2652 4976 feliciter,
2687 4923 2868 4964 amen.

1943 5007 2052 5077 Ego
2081 5007 2191 5061 Leo
2222 5013 2422 5059 sanctae
2452 5003 2710 5056 Romanae
2739 4999 2989 5055 Ecclesiae
3003 4993 3478 5064 archipresbyter,“

1875 5107 2098 5168 rogante
2123 5096 2344 5149 domino
2375 5101 2562 5147 nostro
2585 5093 2880 5160 Stephano,
2921 5086 3210 5154 subscripsi
3239 5123 3252 5148 ,
3279 5097 3480 5154 amen,‘

1942 5187 2052 5256 Ego
2076 5185 2429 5240 Valentianus
2462 5184 2746 5254 episcopus
2779 5179 3105 5248 subscripsi,
3146 5191 3324 5230 auten.

1943 5251 2053 5347 ligo
2101 5276 2359 5347 Agapitus
2383 5251 2666 5346 episcopus
2723 5273 2838 5343 ipso
2877 5271 3102 5341 jubente
3127 5251 3484 5348 subscripsi;

1871 5383 2052 5425 amen.

1945 5461 2057 5532 Ego
2089 5459 2501 5516 Emerentianus
2529 5459 2812 5530 episc0pus
2843 5451 3173 5526 subscripsi,
3211 5467 3410 5524 ament,

1896 5545 1900 5548 ’
1945 5557 2055 5629 Ego
2085 5553 2502 5624 Simphorianus
2531 5547 2815 5622 episcopus
2837 5551 3133 5620 subscripsi
3161 5589 3175 5613 ,
3205 5559 3404 5617 amen.~

1944 5648 2056 5719 Ego
2083 5647 2336 5702 Liberius
2356 5645 2641 5715 episcopus
2669 5643 3000 5712 subscripsi,
3030 5657 3210 5698 auten.

1949 5741 2056 5812 Ego
2089 5739 2411 5794 Laurentius
2437 5738 2720 5809 cpiscopus
2746 5733 3042 5812 subscripsi
3073 5785 3078 5796 ,
3108 5749 3304 5800 autem
