3934 6400
215 407 370 490 ιιθδπ

1389 385 1758 451 EPISTULA:
1797 391 1884 448 ET
1923 381 2332 446 Pnlvthcu.

3353 385 3491 451 {058

214 518 428 574 ibidem
477 511 664 570 contra
713 511 1042 566 voluntatem
1093 507 1506 563 monachorum"
1529 505 1806 576 praelatum
1839 507 1882 564 Α
1914 501 2142 564 naliter,
2199 499 2299 553 nisi
2351 499 2670 567 resipuerit,
2731 497 3082 566 innodatum,
3137 505 3192 557 et
3237 517 3266 557 a
3327 519 3493 575 regno

224 610 307 664 eis
357 614 480 678 post
529 614 677 658 tuum
722 603 1002 658 decessum
1049 599 1304 654 ordinare
1345 605 1634 666 praesumat
1666 614 1678 648 :
1714 594 1807 649 sed

221 695 462 752 habeant
511 694 734 748 liberam
787 689 1128 752 facultatem,
1175 686 1291 740 sine
1336 684 1618 753 cujuslibet
1663 683 1809 753 prin-

225 789 365 858 cipis
439 784 720 850 consultu,
767 793 1145 851 quemcunque
1207 778 1498 832 secundum
1567 774 1806 845 regulam

223 876 401 933 sancti
437 873 713 930 Benedicti
758 869 1026 924 voluerint
1068 867 1168 922 sibi
1213 867 1493 930 ordinare;
1541 865 1640 919 nisi
1673 863 1809 917 forte

229 966 398 1038 (quod
449 963 612 1034 absit)
666 975 952 1032 personam
1016 957 1130 1013 suis
1189 959 1332 1012 vitiis
1382 955 1806 1012 censentientem

221 1055 424 1125 eligere
453 1053 460 1064 '
490 1051 779 1107 maluerint
822 1064 838 1102 :
891 1049 994 1103 hoc
1031 1046 1353 1116 quicunque
1405 1043 1636 1097 voluerit
1685 1057 1806 1096 cum

223 1145 340 1198 zelo
402 1143 498 1198 Dei
558 1141 860 1212 prohibeat.
918 1135 1238 1192 Cmnobium
1302 1134 1444 1204 quod
1507 1133 1806 1186 Romanum

223 1236 454 1299 dicitur,
505 1243 558 1288 et
597 1231 740 1302 quod
785 1237 958 1283 mater
1004 1227 1096 1282 ﬁlii
1143 1227 1318 1282 nostri
1367 1225 1628 1295 Rodulphi
1667 1224 1808 1295 regis

221 1322 548 1379 condonavit
600 1321 666 1374 ad
713 1318 1032 1388 praedictum
1075 1315 1425 1378 Cluniacnm,
1479 1315 1552 1368 ita
1601 1313 1651 1368 ei
1686 1329 1807 1368 cum

223 1411 468 1482 Vaningo
516 1409 640 1464 villa
688 1409 987 1478 subjectum
1040 1405 1144 1470 sit,
1189 1404 1328 1458 sicut
1375 1403 1463 1457 illa
1515 1417 1611 1472 per
1649 1411 1807 1455 testa-

219 1511 463 1556 mentum
515 1496 820 1553 donationis
871 1495 1132 1550 decrevit.
1178 1491 1235 1547 Si
1278 1501 1455 1546 autsm
1503 1491 1807 1546 coenobium

219 1592 437 1661 aliquod
489 1607 553 1645 ex
607 1589 884 1643 voluntate
927 1585 1174 1648 illorum,
1232 1583 1300 1637 ad
1350 1598 1580 1642 quorum
1631 1582 1808 1651 dispo-

215 1683 469 1738 sitionem
506 1681 776 1750 pertinere
830 1677 1076 1740 videtur,
1115 1675 1166 1727 in
1203 1688 1300 1727 sua
1350 1674 1551 1726 ditione
1592 1671 1657 1726 ad
1697 1687 1808 1726 me-

216 1769 521 1827 liorandum
579 1767 854 1836 suscipere
901 1763 1316 1826 consenseritis,
1364 1771 1602 1815 nostram
1643 1760 1808 1814 licen-

216 1859 348 1916 tiam
408 1875 472 1914 ex
523 1859 626 1913 hoc
671 1856 937 1912 habeatis.
999 1853 1249 1908 Decimas
1299 1867 1460 1916 vero,
1515 1865 1634 1922 qua:
1681 1841 1808 1904 olim
1842 1845 1887 1905 Β

208 1954 288 2009 ιιι
339 1962 550 2007 vestras
595 1951 827 2021 capellas
878 1947 1284 2018 pertinuerunt,
1340 1953 1396 1999 et
1439 1959 1538 2015 per
1591 1943 1805 1997 mode-r-

209 2061 342 2100 nam
389 2045 542 2114 quasi
588 2042 962 2098 auctoritatem
1007 2039 1121 2094 sive
1167 2037 1438 2092 licentiam
1487 2049 1516 2088 a
1565 2034 1810 2103 quolibet

205 2137 468 2206 episcopo
516 2136 806 2190 subtractae
855 2139 1009 2194 sunt,
1060 2129 1214 2184 vobis
1269 2142 1336 2181 ex
1391 2127 1598 2196 integro
1653 2125 1810 2178 resti-

207 2230 435 2284 tuimus.
485 2226 731 2298 Capellas
773 2233 984 2287 autem,
1017 2221 1062 2276 si
1095 2221 1290 2291 aliqua:
1329 2217 1442 2287 jam
1490 2218 1647 2272 facta:
1677 2225 1805 2270 sunt

203 2321 298 2375 vel
350 2319 610 2374 faciendae
665 2316 796 2370 inibi
854 2321 1008 2378 sunt,
1061 2312 1134 2366 ita
1185 2325 1403 2365 manere
1439 2309 1804 2364 concedimus

207 2419 275 2465 ut
325 2410 521 2464 vestris
589 2405 831 2462 ecclesiis
896 2403 1028 2458 nihil
1088 2417 1152 2455 ex
1214 2400 1437 2455 decimis
1507 2399 1802 2452 minuatur.

205 2501 328 2556 lloc
383 2514 512 2554 vero
564 2496 706 2566 quod
760 2492 988 2548 dilectus
1043 2491 1188 2545 [ilius
1241 2497 1425 2544 noster
1477 2488 1656 2542 Berno
1691 2487 1805 2557 epi-

203 2607 409 2660 scopus
445 2589 512 2644 de
555 2585 824 2657 praedictis
863 2582 1088 2652 capellis
1114 2582 1266 2637 vobis
1302 2579 1592 2644 concessit,
1627 2589 1803 2632 ratum

191 2699 332 2738 esse
373 2680 713 2735 decernimus
753 2677 804 2730 in
843 2685 1186 2745 perpetuum.
1231 2671 1498 2726 Prteterea
1543 2669 1804 2739 quidquid

192 2787 282 2827 cx
331 2771 502 2825 vineis
552 2767 636 2822 vel
687 2765 914 2821 culturis
968 2763 1036 2817 ad
1091 2771 1330 2816 vestram
1383 2759 1630 2828 pertinet
1670 2758 1802 2812 reli-

206 2862 465 2931 gionem,
519 2868 728 2930 partem
780 2869 994 2926 quoque
1045 2854 1374 2909 decimarum
1422 2852 1491 2906 ad
1537 2848 1804 2920 hospitale

206 2961 449 3008 vestrum
487 2951 772 3021 pertinere
820 2947 1092 3001 sancimus
1141 2961 1154 2996 :
1205 2941 1456 2997 similiter
1499 2949 1555 2996 et
1605 2940 1670 2994 de
1719 2939 1806 2992 his

199 3044 375 3098 rebus
419 3056 554 3110 quas
599 3037 904 3109 percepturi
958 3036 1107 3091 estis.
1141 3033 1254 3090 Hoc
1284 3033 1448 3087 etiam
1487 3031 1630 3100 quod
1655 3029 1798 3084 Leo-

209 3135 404 3188 baldus
453 3134 518 3187 ad
565 3131 881 3204 praedictum
938 3127 1330 3184 monasterium
1389 3125 1627 3178 moriens
1673 3123 1800 3178 red-

1913 593 2005 647 Dei
2073 593 2450 658 alienandum,
2509 601 2564 645 et
2613 607 2733 646 cum
2789 593 3000 647 diabolo
3053 595 3168 648 sine
3213 593 3322 650 ﬁne
3370 611 3496 650 cru—

1911 684 2181 738 ciamlum.
2214 681 2316 748 Qui
2355 697 2485 736 vero
2533 682 2690 752 hujus
2721 691 2920 737 nostrae
2961 683 3328 740 saluberrima:
3367 699 3494 739 san-

1910 771 2104 826 ctionis
2151 779 2332 826 custos
2386 779 2440 825 et
2487 772 2805 826 observator
2852 773 3150 839 exstiterit,
3196 789 3226 826 a
3275 773 3494 830 Christo

1911 860 2138 914 Domino
2168 860 2593 915 benedictionem
2612 901 2626 925 ,
2657 870 2711 915 et
2735 877 2764 914 a
2787 863 2992 918 sanctis
3020 864 3277 932 apostolis
3305 865 3496 920 mundi

1905 953 2177 1021 judicibus
2218 951 2608 1008 absolutionem
2661 953 2749 1007 hic
2797 964 2853 1009 et
2905 956 2956 1009 in
3003 955 3184 1010 futuro
3234 957 3493 1024 consequi

1910 1053 2205 1096 mereatur.

1981 1133 2250 1202 Scriptum
2279 1145 2376 1202 per
2403 1149 2620 1188 manum
2662 1135 2892 1190 Andreae
2918 1137 3186 1191 scriniarii
3221 1137 3273 1191 in
3297 1151 3493 1192 mense

1910 1223 2132 1290 Martio,
2193 1225 2484 1278 iudicdone
2533 1233 2746 1294 quartae.

2669 1337 2731 1390 ll.

1895 1445 1924 1468 ⁸
1993 1447 2207 1486 JOANNIS
2233 1445 2288 1484 XI
2316 1445 2657 1485 PRIVILEGIUI
2689 1443 2789 1482 PRO
2817 1437 2994 1483 EODEM
3033 1441 3393 1484 MONASTERIO.

2526 1529 2702 1598 (Anno
2725 1526 2875 1596 952).

1907 1617 2304 1688 Adipelilionem
2331 1615 2391 1672 S.
2436 1615 2635 1688 Odonis
2679 1627 2728 1669 et
2777 1616 3210 1688 interveutionem
3245 1611 3490 1688 H‘ugonis

1983 1683 2159 1740 Italia:
2191 1689 2322 1756 regis
2378 1687 2652 1754 conﬁrmat
2711 1687 3088 1738 monasterium
3148 1683 3494 1756 Cluniacense

1980 1774 2098 1810 cum
2122 1753 2360 1810 omnibus
2391 1753 2540 1809 rebus
2581 1765 2628 1808 et
2673 1756 3108 1824 possessionibus,
3157 1771 3290 1823 quas
3340 1753 3498 1806 habet

1985 1838 2032 1880 et
2068 1829 2120 1879 in
2159 1835 2418 1890 posterum
2455 1827 2736 1893 acquiret._
2757 1824 2824 1877 Et
2897 1825 3032 1878 inter
3080 1835 3268 1876 cwtera
3303 1838 3494 1893 monue-

1985 1898 2222 1960 sterium,
2267 1895 2406 1964 quod
2450 1891 2644 1946 dicitur
2695 1891 2867 1947 Carus
2907 1893 3076 1946 Locus
3125 1893 3178 1945 in
3231 1892 3496 1964 territorio

1983 1961 2380 2028 Matisconeitsi,
2434 1965 2540 2018 vult
2613 1972 2859 2024 perpetuo
2928 1977 3139 2015 manere
3204 1961 3498 2028 subjectum

1981 2035 2316 2088 Cluniacensi
2341 2034 2589 2086 ctenobio.

1913 2129 2087 2200 [Apud
2105 2127 2481 2197 Cocqnelines,
2512 2125 2814 2188 Bullarum,
2842 2122 3078 2194 privileg.
3131 2122 3288 2175 Rom.
3344 2131 3493 2190 post.

2490 2217 2651 2286 ampl.
2683 2216 2886 2270 collect.

1979 2307 2215 2364 krauss
2246 2307 2551 2376 episcopus,
2575 2319 2766 2359 servus
2797 2318 3078 2358 servorum
3137 2300 3256 2368 Dei,
3321 2301 3494 2357 Onom

1909 2398 2160 2469 religioso
2190 2397 2372 2452 abbati
2409 2395 2736 2450 venerabilis
2785 2394 3100 2450 monasterii
3155 2407 3494 2448 summorum

1908 2491 2272 2561 apostolorum
2296 2488 2442 2543 Petri
2482 2495 2538 2543 et
2575 2487 2728 2542 Pauli
2755 2488 2899 2556 quod
2929 2485 3128 2541 dicitur
3147 2484 3486 2545 Ciuniacum,

1907 2591 1963 2636 et
1981 2597 2078 2651 per
2104 2590 2156 2635 te
2183 2580 2292 2634 tuis
2322 2579 2730 2634 successoribus
2769 2578 2860 2648 qui
2892 2578 2944 2633 in
2976 2577 3166 2632 eodem
3190 2574 3493 2632 venerabili

1907 2669 2235 2726 monasterio
2259 2669 2565 2724 deservient
2593 2669 2646 2723 in
2675 2677 3016 2738 perpetuum.

1977 2761 2239 2816 Convenit
2289 2759 2586 2829 apostolico
2635 2759 2992 2814 moderamini
3055 2758 3152 2827 'pia
3229 2755 3494 2828 religione

1906 2851 2232 2922 pollentibus
2246 2848 2506 2905 benevola
2533 2850 2913 2919 compassione
2935 2857 3256 2903 succurrere
3279 2855 3336 2902 et
3361 2861 3490 2915 pos-

1907 2942 2144 2998 centium
2167 2941 2362 2996 animis
2382 2940 2548 2996 alacri
2569 2939 2854 2994 devotione
2875 2938 3152 3007 impertire
3166 2949 3450 2990 assensum
3473 2947 3490 2988 :

1909 3042 2036 3088 tunc
2063 3032 2208 3088 enim
2239 3031 2374 3086 lucri
2401 3025 2738 3099 potisSimum
2761 3030 3040 3098 praemium
3095 3026 3237 3095 apud
3285 3024 3488 3078 flandi-

1909 3133 2082 3180 torem
2122 3123 2362 3178 omnium
2401 3122 2682 3192 reponitur
2705 3121 2894 3186 Deum,
2917 3120 3132 3190 quando
3154 3115 3488 3174 venerabilia

199 3224 350 3280 didit
391 3233 447 3278 et
492 3189 798 3292 dereliquit.
831 3219 1179 3276 Similiter‘et
1223 3216 1356 3272 illud
1383 3215 1524 3285 quod
1557 3215 1608 3268 in
1640 3213 1802 3283 Agio-
1828 3189 1872 3251 Ο
1906 3213 2020 3266 loca
2045 3219 2344 3282 opportune
2365 3189 2613 3266 ordinata
2643 3210 2710 3264 ad
2775 3208 3054 3263 meliorem
3113 3206 3316 3261 fuerint
3367 3206 3487 3258 sine

209 3331 281 3369 na
302 3357 315 3380 ,
347 3315 432 3370 vel
480 3313 674 3368 alicubi
725 3311 885 3365 rebus
913 3325 1032 3378 qua:
1061 3308 1128 3364 ad
1161 3307 1212 3362 id
1259 3305 1648 3360 monasterium
1679 3319 1804 3372 per-

205 3405 390 3459 tinere
448 3401 679 3464 debent,
721 3407 795 3454 et
847 3397 1105 3468 capellam
1155 3395 1328 3449 sancti
1388 3392 1638 3456 Martini,
1683 3407 1802 3459 quae

203 3503 297 3548 est
340 3495 393 3548 in
443 3492 566 3546 villa
607 3489 843 3554 Maecio,
901 3497 1086 3543 nostra
1133 3483 1436 3554 apostolica
1476 3484 1800 3538 auctoritate

211 3585 368 3638 vobis
407 3582 792 3637 conﬁrmamus
838 3585 892 3632 et
937 3577 1300 3632 restituimus.
1361 3574 1626 3630 Monetam
1668 3587 1802 3642 quo-

203 3690 320 3744 que
371 3672 678 3742 propriam,
723 3671 876 3724 sicut
923 3667 1066 3722 ﬁlius
1109 3675 1293 3720 noster
1337 3664 1652 3734 Rotlulphus
1703 3679 1800 3718 rex

213 3767 544 3820 Francorum
579 3761 884 3824 concessit,
935 3759 1008 3812 ita
1055 3755 1318 3811 habeatis.
1354 3755 1422 3808 Et
1465 3755 1623 3823 quia,
1661 3755 1802 3808 sicut

207 3855 377 3910 nimis
421 3861 754 3923 compertum
803 3857 919 3914 est,
959 3847 1070 3916 jam
1111 3860 1247 3915 pene
1287 3853 1484 3900 cuncta
1531 3851 1801 3898 Inotiaste-

217 3951 299 4004 ria
337 3962 367 4000 a
419 3959 518 4000 suo
545 3941 818 4014 proposito
863 3938 1320 4009 praevaricantur,
1351 3935 1704 3991 concedimus
1743 3943 1804 3988 ut

213 4037 260 4094 si
310 4035 431 4106 quis
481 4031 778 4089 monachus
843 4043 912 4084 ex
959 4027 1202 4098 quolibet
1253 4024 1580 4081 monasterio
1617 4023 1682 4078 ad
1717 4039 1805 4077 vc-

213 4137 385 4182 stram
442 4121 910 4180 conversationem
961 4117 1076 4174 solo
1131 4117 1394 4171 duntaxat
1456 4113 1803 4170 meliorandaa

213 4217 342 4272 vitae
371 4216 548 4271 studio
581 4212 964 4282 transmigrare
990 4208 1251 4272 voluerit,
1283 4208 1368 4260 cui
1397 4205 1648 4260 videlicet
1675 4218 1804 4259 suus

215 4307 385 4363 abbas
409 4305 714 4377 regularem
744 4311 1016 4372 sumptum
1044 4301 1113 4355 ad
1154 4299 1522 4369 depellendam
1553 4297 1800 4367 proprie-

215 4407 381 4453 tatem
437 4395 668 4452 habendi
733 4395 1042 4448 ministrare
1127 4389 1456 4460 neglexerit,
1523 4400 1799 4456 suseipere

213 4489 370 4546 vobis
413 4489 604 4555 liceat;
649 4499 928 4557 quousque
978 4481 1291 4537 monasterii
1335 4480 1418 4535 sui
1461 4478 1799 4534 conversatio

215 4582 550 4638 emendetur.
609 4578 1008 4634 lmmuuitatem
1069 4587 1200 4629 vero
1249 4572 1324 4627 ita
1353 4571 1506 4627 vobis
1547 4570 1826 4626 concedi-v

217 4691 373 4740 mus,
429 4676 568 4730 sicut
621 4672 754 4728 locis
797 4670 1000 4727 sanctis
1049 4667 1252 4736 ubique
1291 4665 1591 4719 reverentia
1637 4662 1799 4715 debe-

221 4779 339 4831 tur,
387 4773 447 4819 ut
493 4763 668 4819 nullus
719 4773 902 4817 vestra
951 4759 1214 4829 mancipia
1266 4765 1360 4811 aut
1401 4769 1486 4810 res
1535 4752 1802 4823 quaslibet

217 4861 336 4916 sine
385 4867 566 4911 vestro
623 4853 868 4908 consultu
915 4852 1241 4920 distringere
1291 4857 1383 4902 aut
1407 4847 1662 4900 invadere
1693 4845 1800 4898 ullo

219 4951 380 5006 modo
429 4954 737 5018 praesumat.
799 4942 942 4996 Sane
986 4941 1054 4994 ad
1113 4936 1604 5007 recognoscendqu
1658 4935 1800 5003 quod

219 5039 532 5110 praedictum
585 5033 887 5090 coenobium
942 5039 1142 5084 sanctte
1205 5027 1510 5097 apostolica:
1558 5023 1670 5078 sedi
1729 5022 1796 5076 ad

223 5128 479 5183 tuendum
539 5133 702 5192 atque
751 5120 1038 5174 fovendum
1101 5117 1409 5188 pertineat,
1456 5113 1650 5168 dentur
1703 5127 1800 5180 per

219 5219 647 5291 quinquennium
689 5215 874 5268 decem
925 5211 1101 5264 solidi.
1151 5210 1208 5264 Si
1238 5210 1361 5278 quis
1402 5215 1580 5261 autem
1611 5213 1798 5261 contra

223 5313 362 5367 hanc
407 5309 817 5363 saluberrimam
868 5313 1106 5356 nostram
1163 5301 1606 5356 constitutionem
1661 5297 1798 5352 resi-

222 5404 414 5459 stendo
460 5401 645 5456 venire
699 5397 1016 5462 tentavcrit,
1067 5403 1159 5448 aut
1209 5394 1411 5465 aliquid
1451 5395 1640 5448 horum
1683 5405 1803 5446 cor-

225 5508 474 5564 rumpere
521 5499 744 5548 conatus
799 5489 1009 5554 l'uerit;
1075 5497 1130 5542 et
1175 5489 1356 5543 omnia
1413 5501 1532 5556 qua:
1591 5485 1644 5539 in
1701 5482 1805 5538 hoc

225 5585 502 5659 privilegio
532 5585 804 5641 sancimus
851 5598 956 5640 non
999 5582 1400 5647 observaverit,
1449 5579 1586 5634 sciat
1616 5593 1676 5634 se
1705 5577 1806 5632 sub

225 5679 389 5736 divini
413 5677 603 5748 judicii
631 5677 994 5737 obtestatione
1023 5673 1382 5734 anathematis
1411 5669 1624 5726 vinculo
1652 5678 1806 5724 teter-

1905 3304 2068 3360 dubio
2105 3313 2308 3359 statum
2341 3303 2617 3373 perducta.
2663 3301 2830 3372 Igitur
2849 3301 2972 3370 quia
3019 3298 3343 3369 supplicavit
3399 3305 3492 3350 tua

1904 3396 2099 3466 religio
2143 3405 2202 3450 et
2254 3395 2578 3450 interventio
2631 3393 2869 3464 llugonis
2915 3391 3292 3464 gloriosissimi
3348 3389 3492 3460 regis

1903 3487 2086 3540 dilecti
2161 3487 2254 3540 lilii
2317 3486 2488 3540 nostri
2539 3484 2864 3554 apostolatui
2947 3493 3156 3546 nostro,
3222 3489 3492 3550 quatenus

1903 3578 2350 3633 conﬁrmaremus
2387 3585 2570 3630 nostra
2621 3575 2916 3644 apostolica
2965 3571 3294 3627 auctoritate
3349 3583 3491 3640 prat-

1903 3667 2108 3722 dictum
2181 3665 2570 3720 monasterium
2621 3665 2794 3719 sancti
2841 3662 2993 3716 Petri
3058 3677 3182 3716 cum
3233 3661 3492 3722 omnibus

1904 3758 2065 3812 rebus
2116 3765 2176 3811 et
2211 3755 2647 3826 possessionibus
2711 3754 2846 3819 suis,
2897 3768 3033 3822 quas
3090 3767 3234 3807 nunc
3287 3751 3492 3807 habere

1903 3850 2136 3914 videtur,
2189 3857 2246 3902 et
2287 3847 2436 3916 quod
2493 3845 2749 3913 deinceps
2791 3843 2846 3898 in
2897 3844 3038 3896 idem
3099 3839 3492 3896 monasterium

1903 3939 2162 3992 oll'eretur
2219 3935 2565 4003 oblatumque
2615 3933 2798 3987 luerit.
2845 3931 2957 3986 lmo
3001 3939 3056 3986 et
3093 3929 3483 3986 conﬁrmamus

1903 4031 2076 4086 eidem
2105 4037 2292 4084 sancto
2323 4027 2440 4082 loco
2469 4026 2612 4080 aliud
2641 4023 3030 4080 monasterium
3054 4023 3196 4092 juris
3223 4019 3482 4075 Ecclesia:

1905 4120 2183 4185 Romanas,
2227 4117 2370 4188 quod
2419 4115 2620 4172 dicitur
2663 4115 2836 4170 Carus
2887 4113 3065 4168 Locus
3113 4111 3168 4164 in
3212 4107 3488 4164 territorio

1905 4211 2304 4275 Matisconensi,
2353 4216 2412 4263 ut
2452 4207 2524 4262 ibi
2579 4213 2896 4276 permaneat
2943 4204 2996 4258 in
3037 4209 3384 4271 perpetuum,
3423 4213 3492 4254 eo

1904 4303 2155 4358 videlicet
2175 4301 2386 4363 ordine,
2419 4307 2482 4352 ut
2507 4296 2685 4352 nullus
2709 4292 3065 4350 ecclesiastici
3103 4290 3332 4355 ordinis,
3386 4297 3480 4344 aut

1901 4397 2025 4453 laici
2055 4397 2108 4451 in
2140 4397 2254 4465 ipso
2283 4391 2634 4454 monasterio,
2667 4396 2760 4442 aut
2785 4387 2838 4442 in
2869 4385 3032 4440 rebus
3079 4383 3276 4438 ibidem
3317 4381 3486 4451 perti-
3535 4451 3540 4457 _

1907 4487 2163 4542 nentibus
2189 4483 2424 4552 aliquam
2456 4479 2754 4534 molestiam
2786 4475 3004 4531 inferat.
3039 4473 3098 4530 Si
3123 4487 3252 4528 vero
3305 4471 3488 4541 aliqua

1906 4589 2135 4646 persona
2167 4583 2274 4626 tam
2325 4571 2376 4625 in
2435 4567 2670 4624 clericali
2714 4565 2926 4629 ordine,
2981 4579 3144 4634 quam
3210 4563 3264 4617 in
3311 4561 3488 4616 laicali

1903 4665 2190 4722 constituta
2213 4662 2446 4732 aliquam
2477 4659 2584 4712 vim
2619 4657 2672 4711 in
2707 4656 2840 4728 ipsis
2865 4655 3026 4710 rebus
3055 4650 3316 4713 intulerit,
3369 4663 3492 4717 quae

1904 4759 1975 4813 ibi
2009 4757 2261 4825 deinceps
2293 4755 2432 4808 data:
2457 4749 2569 4804 sive
2593 4747 2788 4804 oblata:
2809 4744 3064 4812 ,l‘uerint,
3115 4751 3210 4796 aut
3257 4740 3325 4794 ab
3369 4736 3490 4808 ejus

1902 4851 2106 4906 ditione
2128 4847 2446 4902 subtrahere
2479 4841 2731 4904 voluerit,
2762 4838 2892 4908 ipsa:
2913 4851 3000 4890 res
3037 4841 3378 4888 revertantur
3415 4830 3486 4884 ad

1904 4955 2029 4997 suos
2056 4939 2344 4993 donatores
2373 4947 2610 5000 suosque
2659 4928 2922 4984 turredes.
2973 4925 3222 4976 Attamen
3261 4919 3306 4974 si
3357 4933 3482 4974 cum

1903 5031 2034 5098 ipsis
2057 5029 2218 5082 rebus
2243 5027 2296 5079 in
2321 5024 2510 5077 ordine
2533 5019 2768 5076 coanobii
2812 5013 3146 5087 pcrstiteriut
3189 5011 3303 5066 sive
3343 5018 3486 5063 tem-

1903 5137 2033 5192 pore
2059 5119 2216 5174 istius
2241 5115 2472 5178 abbatis,
2513 5114 2628 5168 sive
2669 5124 2888 5168 suorum
2933 5116 3336 5166 successorum,
3382 5099 3488 5155 hoc

1905 5188 2240 5280 privilegium
2275 5203 2646 5260 iuconvulsum
2679 5207 3014 5269 permaneat,
3066 5192 3216 5247 salva
3236 5188 3491 5245 videlicet

1907 5279 2164 5371 pensione
2185 5305 2388 5352 sanctae
2428 5293 2683 5350 Romanae
2703 5287 2980 5345 Ecclesia}.
3005 5283 3318 5338 Statuentcs
3345 5279 3489 5334 beati

1905 5368 2050 5448 Petri
2079 5388 2338 5460 principis
2376 5383 2742 5456 apostolorum
2787 5377 3134 5438 auctoritate,
3191 5368 3346 5438 cujus
3389 5384 3494 5424 nos

1909 5484 2144 5553 impares
2191 5477 2422 5538 meritis,
2473 5473 2654 5528 divina
2702 5469 2878 5540 gratia
2922 5463 3274 5534 sulfragaule,
3343 5460 3498 5513 vices

1910 5547 2170 5642 gerimus,
2217 5564 2319 5622 sub
2389 5561 2749 5616 anathematis
2791 5555 3170 5613 interdictione
3214 5557 3272 5604 et
3325 5547 3492 5604 divini

1904 5661 2092 5734 judicii
2117 5653 2500 5718 obtestatione,
2547 5651 2665 5706 haec
2691 5663 2813 5720 qua:
2841 5663 2870 5702 a
2911 5645 3069 5702 nobis
3097 5645 3318 5700 decreta
3366 5643 3494 5695 sunt.
