3934 6428
176 373 316 468 ιῡθι

1349 370 1704 429 ΕΙῚΞΤΟΙ.ᾹΞ
1749 374 1831 428 ET
1870 374 2276 430 ['R'.V.l.EGIA.

3310 381 3458 462 1062,

164 487 383 548 Christi
412 487 620 542 alienus
663 488 777 555 ﬁat,
832 495 993 556 atque
1045 496 1249 542 :eterno
1297 487 1529 542 examini
1582 488 1762 540 distri-
1791 497 1837 550 Α
1870 487 2067 539 tionem
2119 486 2169 538 in
2215 485 2395 553 aliquo
2437 499 2657 556 surgere
2702 495 3048 559 nostramque
3094 473 3448 560 apostolicam.

169 588 283 636 ctae
311 579 532 634 ultionis
585 577 879 646 subjaceat.
928 577 1148 632 Cunctis
1201 587 1378 632 autem
1429 577 1603 630 eidem
1642 576 1760 630 loco

163 666 323 741 justa
347 669 690 723 servantibus
715 669 783 722 sit
806 684 905 738 pax
940 667 1148 721 Domini
1183 669 1347 722 nostri
1372 667 1496 722 Jesu
1531 667 1753 733 Christi,

168 767 451 829 quatenus
476 765 530 810 et
558 757 648 811 hic
674 758 906 810 fructum
937 757 1091 810 boum
1114 757 1346 812 actionis
1377 757 1661 826 recipiant,
1707 766 1765 812 et

161 849 324 918 "apud
347 849 652 903 districtum
689 846 924 915 judicem
974 849 1191 917 prmmia
1232 857 1446 902 mtcrnze
1500 848 1647 918 pacis
1681 846 1764 900 ln-

171 939 428 993 veniant.

254 1027 528 1096 Scriptum
586 1042 684 1096 per
730 1043 949 1081 manum
993 1031 1223 1083 Andreze
1251 1029 1516 1082 scriniarii
1566 1037 1766 1082 sanctze

173 1117 442 1173 Romanae
477 1119 728 1173 Ecclesia
757 1119 808 1172 in
830 1134 1014 1173 mense
1049 1119 1329 1185 Januario,
1375 1120 1666 1175 indictione
1708 1120 1760 1172 6.

253 1207 453 1262 Datum
482 1223 612 1261 vero
634 1223 686 1261 γι
721 1207 844 1262 ldus
871 1206 1113 1262 Januarii
1144 1225 1241 1279 per
1267 1226 1486 1264 manum
1517 1209 1766 1280 Gregorii

175 1295 301 1351 Deo
329 1296 576 1351 amabilis
597 1296 866 1351 sacellarii
892 1305 1093 1352 sanctae
1108 1298 1250 1353 sedis
1273 1299 1602 1368 apostolicaa,
1621 1315 1766 1355 anno

173 1383 240 1450 5,
279 1386 384 1440 Deo
419 1387 672 1456 propitio,
698 1387 1043 1456 pontiﬁcatus
1081 1389 1282 1442 domini
1327 1389 1495 1444 nostri
1535 1388 1762 1444 Joannis

176 1475 382 1530 summi
407 1476 676 1545 pontiﬁcis
698 1484 752 1530 et
779 1477 1100 1530 universalis
1146 1492 1295 1546 papa:
1323 1478 1414 1542 XI,
1481 1479 1535 1531 in
1583 1494 1768 1533 sacra-

175 1567 392 1621 tissima
416 1568 543 1622 sede
567 1568 846 1622 beatorum
886 1569 1273 1637 apostolorum.

171 1780 402 1822 {OLVle
432 1783 486 1822 XI
517 1783 773 1825 EPISTOLA
804 1786 870 1824 AD
902 1787 1109 1827 CLERUil
1141 1790 1209 1828 ET
1237 1789 1477 1830 POPL'LUM
1505 1790 1768 1831 ACCUSTO‘

838 1858 1137 1898 DUNENSL’M.

805 1934 983 2004 (Anno
1019 1935 1168 2006 955.)

175 2018 444 2078 Εοοιεσὶω
472 2022 931 2148 Augustodunensli
965 2029 1149 2149 astiterit
1173 2027 1265 2097 jus
1299 2031 1592 2100 episcopum
1621 2030 1777 2086 libers

866 2114 892 2149 ι»
917 2113 1029 2149 taen
1071 2115 1107 2149 ι.

866 2113 1107 2167 ettgenat.

271 2169 286 2176 ’
369 2187 546 2259 [Apud
575 2186 784 2254 Baluz.,
817 2187 1048 2259 Capitul.
1080 2199 1208 2246 tom.
1237 2192 1299 2258 ιι,
1331 2209 1381 2262 p.
1415 2193 1598 2265 4495.1

267 2301 500 2364 Joaxxss
527 2310 830 2381 episcopus,
863 2326 1051 2365 servus
1081 2326 1358 2366 servorum
1389 2311 1504 2377 Dei,
1529 2311 1780 2368 omnibus

179 2399 318 2456 ﬁliis
344 2413 542 2456 sancta:
568 2402 860 2456 Eduensis
883 2403 1136 2458 Ecclesiae
1164 2413 1219 2458 et
1248 2419 1342 2473 per
1370 2418 1465 2458 vos
1488 2417 1773 2458 successo-

186 2481 346 2547 ribus
376 2493 571 2548 vestris
603 2492 654 2546 in
684 2502 1023 2562 perpetuum.

261 2583 517 2637 Auditum
547 2592 630 2639 est
669 2586 871 2641 nostris
907 2586 1215 2657 apostolicis
1247 2588 1469 2644 auribus
1499 2596 1551 2644 et
1581 2589 1777 2648 crebro

187 2677 504 2733 intimatum
561 2678 873 2748 frequenter
923 2681 1179 2737 Ecclesiis
1231 2682 1525 2737 Galliarum
1589 2692 1776 2737 contra

188 2768 410 2824 decreta
443 2785 711 2824 canonum
745 2770 797 2824 in
832 2771 1096 2826 electione
1138 2779 1358 2826 suorum
1398 2773 1776 2842 epise0porum

188 2859 507 2916 violentiam
547 2861 770 2916 inferre.
803 2861 954 2929 Quod
997 2874 1117 2927 nos,
1145 2865 1230 2918 cui
1265 2861 1625 2918 Ecclesiarum
1663 2879 1778 2917 om-

187 2952 341 3007 nium
377 2970 504 3009 cura
537 2955 824 3009 commissa
853 2965 936 3010 est
969 2956 1218 3025 quamvis
1253 2957 1507 3027 indignis,
1540 2957 1778 3012 viscera-

187 3041 318 3097 liter
344 3045 712 3109 condolentes,
740 3047 808 3100 ab
841 3047 1109 3100 universis
1141 3047 1393 3102 Ecclesiis
1431 3049 1570 3102 hanc
1609 3050 1779 3103 inser-

192 3141 306 3188 tam
347 3135 658 3190 violentiam
695 3137 1015 3192 auctoritate
1060 3137 1152 3192 Dei
1193 3147 1247 3192 et
1286 3138 1427 3192 beati
1458 3138 1601 3194 Petri
1640 3141 1778 3195 reei-

1868 574 2241 626 ancloritatem
2301 573 2502 628 violare
2553 575 2637 630 vel
2692 575 2969 632 inﬁrmare
3019 583 3444 652 praesumpserit,

1867 664 2003 717 sciat
2031 678 2088 717 se
2118 664 2478 719 anathematis
2506 665 2722 720 vinculo
2750 676 2951 722 sanctae
2979 668 3263 724 Trinitatis
3291 672 3448 727 invo-

1869 753 2080 806 catione
2119 761 2175 806 et
2218 754 2356 833 beati
2388 753 2531 808 Petri
2575 756 2799 824 apostoli
2840 765 3108 826 potestate
3152 773 3215 812 ac
3260 769 3449 816 nostra

1868 843 2191 896 auctoritate
2247 843 2575 898 mternaliter
2632 860 2755 899 cum
2801 846 3034 902 inimicis
3085 846 3181 902 Dei
3225 857 3280 902 et
3330 850 3449 920 ejus

1869 931 2354 987 contradictoribus
2397 949 2565 1001 usque
2615 935 2681 988 ad
2731 935 3152 992 satisfactionem
3199 939 3452 1010 profliga-

1872 1029 1982 1074 tum
2013 1036 2076 1075 ac
2106 1020 2156 1074 in
2190 1031 2508 1090 perpetuum
2539 1024 2870 1078 damnatum.
2907 1024 3332 1082 Conservatores
3361 1044 3452 1083 au-

1873 1119 1978 1164 tem
2010 1111 2168 1179 hujus
2205 1111 2373 1164 nostri
2421 1112 2621 1166 decreti
2655 1128 2757 1182 pax
2808 1123 2864 1169 et
2907 1116 3156 1184 gaudium
3194 1124 3248 1170 et
3289 1117 3454 1172 bene-

1872 1201 2036 1256 dictio
2065 1219 2092 1256 a
2127 1203 2382 1272 largitore
2406 1205 2646 1259 omnium
2677 1207 2940 1260 bonorum
2969 1207 3081 1261 Deo
3114 1222 3454 1278 consequan-

1873 1297 1962 1344 tur
1986 1299 2040 1344 et
2069 1291 2231 1344 vitam
2258 1302 2517 1346 aeternam
2550 1293 2750 1348 habere
2779 1305 3113 1351 mereantur.

1945 1378 2214 1449 Scriptum
2269 1397 2364 1450 per
2393 1398 2580 1437 manus
2619 1382 2885 1438 Theodori
2930 1387 3199 1441 scriniarii
3250 1397 3453 1441 sancta:

1875 1471 2128 1524 Romanm
2180 1470 2431 1526 Ecclesia:
2486 1472 2540 1526 in
2587 1489 2773 1528 mense
2822 1475 3002 1530 Martii
3049 1484 3108 1531 et
3160 1477 3454 1532 indictione

1872 1572 2044 1615 sexta.
2081 1561 2270 1616 Datum
2305 1602 2318 1616 .
2349 1601 2361 1615 .
2391 1601 2404 1616 .
2432 1601 2446 1617 .
2474 1602 2488 1617 .
2525 1562 2668 1619 Bene
2698 1566 2892 1622 valete.

2629 1720 2694 1775 ν.

1803 1841 1851 1900 Β
1881 1829 2025 1902 (708)
2046 1845 2260 1888 JOANNIS
2278 1847 2329 1885 Il
2355 1846 2695 1887 rnrvnmcwu
2718 1848 2816 1886 ιιιιο
2839 1847 3179 1889 ιιοιυετειιιο
3201 1847 3246 1888 s.
3274 1846 3458 1890 ιιΑιιιι

2287 1917 2356 1956 ΕΤ
2380 1917 2424 1957 S.
2455 1918 2675 1958 MARTINI
2702 1918 3049 1957 PICTAVIENSI.

2450 2011 2627 2081 (Anno
2656 2007 2897 2083 931-36.)

2038 2125 2214 2197 [Apud
2245 2125 2306 2179 D.
2335 2125 2602 2195 Bouquet,
2632 2126 2845 2180 Recueil
2867 2128 2957 2182 des
2982 2127 3303 2200 historicum]

1950 2236 2004 2290 In
2044 2237 2261 2290 nomine
2293 2237 2386 2290 Dei
2416 2236 2613 2301 Patris,
2646 2253 2744 2308 ego
2775 2237 3004 2293 Joassas
3034 2255 3169 2309 papa
3202 2239 3458 2294 notiﬁca-

1877 2343 1998 2381 mus
2034 2327 2287 2381 omnibus
2328 2336 2528 2380 sanctae
2574 2326 2668 2381 Dei
2711 2327 2964 2382 Ecclesia:
3013 2328 3279 2391 ﬁdelibus,
3308 2329 3459 2398 quod

1880 2417 2049 2498 frater
2089 2427 2276 2472 noster
2315 2417 2662 2473 Fno'rnsnws
2697 2420 3000 2489 episcopus,
3040 2419 3220 2475 missis
3258 2420 3464 2491 legato-

1877 2512 2088 2565 ‘toribus
2117 2511 2231 2564 suis
2257 2511 2324 2565 ad
2354 2526 2473 2576 nos,
2521 2509 2793 2582 [precatus
2819 2511 2928 2583 εει]
2955 2520 3006 2565 ιιι
3041 2513 3304 2582 scriptum
3348 2513 3461 2582 pri-

1877 2605 2131 2675 vilegium
2164 2604 2479 2658 monasterii
2511 2605 2616 2667 sui,
2648 2605 2793 2674 quod
2821 2616 2904 2659 est
2934 2613 3304 2659 constructum
3331 2603 3466 2659 foris

1879 2710 2064 2749 muros
2093 2693 2329 2748 Pictavis
2356 2693 2577 2748 civitate
2604 2708 2768 2763 super
2796 2691 3016 2747 ﬁuvium
3057 2692 3220 2758 Clini,
3246 2693 3468 2748 ﬁrmare

1880 2800 1944 2839 ac
1995 2785 2253 2840 roborare
2308 2784 2674 2854 dignaremur.
2726 2781 2881 2850 Quod
2935 2797 3066 2847 nos,
3117 2782 3467 2852 permittente

1880 2874 2008 2938 Deo,
2042 2873 2433 2930 benevolentiae
2473 2873 2590 2940 ejus
2635 2872 2864 2928 libenter
2907 2870 3341 2941 adimplevimus.
3373 2871 3471 2926 Est
3503 2934 3508 2939 _

1879 2976 2058 3022 autem
2094 2969 2234 3021 istud
2266 2968 2574 3021 ccenobium
2605 2965 2908 3020 dedicatum
2940 2965 2993 3017 in
3024 2963 3230 3018 honore
3263 2972 3464 3018 sancta

1880 3063 1972 3117 Dei
2001 3061 2279 3132 genitricis
2309 3059 2528 3128 virginis
2557 3057 2757 3121 Mariae,
2800 3070 3007 3112 necnon
3039 3065 3091 3110 et
3119 3054 3178 3110 S.
3218 3053 3458 3108 Martini.

1880 3151 2141 3206 Volumus
2176 3159 2359 3205 autem
2409 3157 2467 3203 ut
2511 3149 2578 3203 ab
2615 3148 2874 3202 hodierna
2918 3147 3005 3201 die
3049 3145 3202 3200 locus
3238 3145 3352 3214 ipse
3394 3144 3467 3198 sit

192 3222 324 3279 dere
372 3226 677 3294 cupientes,
722 3228 1006 3297 praecipua:
1055 3229 1239 3295 vobis,
1287 3239 1486 3284 sanctae
1529 3229 1776 3286 videlicet

1886 3251 2033 3298 tutus
2074 3243 2142 3296 ab
2185 3241 2332 3295 omni
2380 3239 2731 3302 adversitate,
2771 3247 2826 3292 et
2865 3236 3139 3301 monachi,
3166 3235 3256 3304 qui
3289 3235 3342 3288 in
3374 3248 3469 3288 eo.

198 3315 461 3372 Eduensi
489 3317 762 3384 Ecclesia‘,
797 3319 952 3388 lmjus
990 3323 1158 3375 nostri
1201 3322 1402 3376 decreti
1440 3323 1780 3392 privilegium

202 3410 444 3464 scribere
472 3411 827 3475 saneivimus,
876 3427 1028 3482 reges
1063 3412 1394 3468 Francorum
1427 3414 1658 3484 primum
1687 3416 1780 3468 ob-

202 3510 509 3555 servatores
545 3510 798 3567 orantes;
831 3503 883 3555 in
925 3518 1032 3572 quo
1070 3503 1412 3558 decernimus
1439 3515 1494 3559 et
1521 3503 1785 3574 regulari-

202 3598 286 3644 ter
310 3591 624 3646 ordinamus
652 3600 710 3645 ut
750 3593 1003 3662 deinceps
1043 3609 1198 3647 nemo
1246 3609 1430 3663 regum
1463 3595 1547 3650 vel
1576 3595 1778 3664 princi-

201 3695 328 3750 pum
366 3680 449 3736 vel
477 3681 657 3752 aliqua
687 3698 916 3752 persona
949 3684 1096 3738 vobis
1125 3699 1490 3755 superponere
1518 3687 1600 3742 vel
1638 3686 1782 3741 ordi-

204 3787 338 3828 nare
390 3782 482 3828 aut
530 3776 933 3830 successoribus
984 3779 1176 3830 vestris
1228 3785 1518 3845 praesumat
1563 3776 1667 3830 nisi
1715 3791 1783 3830 ex

205 3859 333 3916 ﬁliis
385 3863 552 3932 ipsius
602 3863 855 3918 Ecclesia:
903 3865 1197 3918 secundum
1245 3865 1444 3934 scripta
1491 3880 1780 3930 canonum,

203 3967 362 4022 quem
407 3954 584 4010 clerus
627 3956 849 4026 elegerit
897 3963 950 4011 et
990 3957 1218 4026 populus
1264 3957 1698 4027 proclamaverit,
1738 3958 1784 4012 si

206 4044 260 4097 in
295 4059 358 4100 ea
389 4047 582 4116 dignus
623 4048 848 4117 reperiri
892 4049 1145 4116 potuerit.
1177 4048 1329 4114 Quod
1365 4049 1409 4103 si
1442 4049 1494 4102 in
1531 4063 1613 4113 ea,
1642 4049 1785 4117 quod

205 4133 343 4189 forte
391 4137 636 4190 accidere
676 4152 782 4191 non
835 4136 1123 4202 credimus,
1185 4137 1434 4191 inventus
1500 4150 1604 4190 non
1672 4137 1788 4192 fue«

175 4223 308 4290 'rit,
374 4226 615 4280 unanimi
653 4242 838 4282 eorum
878 4226 1101 4280 consilio
1158 4235 1265 4280 tam
1308 4226 1436 4280 clcri
1471 4243 1631 4296 quam
1694 4242 1788 4296 po-

205 4317 314 4386 puli
361 4318 425 4371 de
467 4317 589 4373 aliis
629 4319 975 4388 dignissimus
1007 4327 1310 4388 expetatur.
1344 4317 1596 4373 Vestrum
1634 4319 1784 4372 deni-

204 4421 310 4476 que
348 4408 630 4473 honorem,
657 4424 816 4478 quem
861 4410 928 4464 de
971 4409 1186 4464 seniore
1228 4409 1404 4479 adepti
1454 4409 1687 4474 fueritis,
1720 4410 1785 4463 de

204 4499 399 4554 vestris
440 4501 688 4566 domibus
732 4509 786 4553 et
833 4500 899 4554 de
942 4499 1136 4553 vestris
1167 4499 1411 4554 canoniis
1440 4508 1494 4554 et
1524 4500 1590 4554 dc
1630 4515 1782 4555 com-

205 4593 351 4648 muni
384 4609 545 4648 causa
592 4594 818 4648 fratrum
857 4603 912 4649 et
950 4595 1015 4648 de
1057 4593 1204 4647 omni
1244 4593 1574 4664 proprietate
1603 4602 1780 4647 vestra

207 4682 260 4736 in
304 4683 609 4738 hmredibus
663 4683 916 4753 legitimis
968 4683 1269 4737 statuendis
1316 4691 1370 4737 et
1409 4682 1667 4753 eligendis
1718 4697 1786 4737 ex

210 4773 323 4842 ipsa
371 4774 530 4828 domo
575 4783 761 4829 nostra
807 4775 1100 4845 apostolica
1144 4774 1465 4828 auctoritate
1513 4773 1784 4828 licentiam

206 4861 359 4918 vobis
388 4865 735 4920 concedimus
765 4866 1050 4920 ordinandi
1083 4866 1287 4934 absque
1309 4863 1534 4933 alicujus
1560 4875 1781 4920 contro-

209 4954 384 5008 versia
414 4953 804 5025 impedimenti.
839 4957 896 5010 Si
925 4957 1046 5026 quis
1071 4973 1198 5012 vero
1230 4973 1454 5026 magnus
1475 4957 1554 5010 vel
1586 4973 1784 5027 parvus

209 5050 397 5097 contra
423 5044 527 5100 hoc
551 5054 794 5100 nostrum
823 5046 1099 5102 decretum
1133 5055 1188 5101 et
1219 5046 1588 5102 concessivam
1616 5045 1783 5116 largi-

1884 3334 2002 3388 dem
2033 3333 2154 3386 loco
2180 3330 2610 3400 permanserint,
2656 3328 2914 3382 alacriter
2952 3333 3006 3379 et
3053 3326 3173 3380 sine
3202 3323 3308 3378 ulta
3340 3314 3474 3376 con-

1883 3422 2208 3478 tradictione
2253 3421 2532 3474 servitium
2576 3419 2668 3474 Dei
2721 3417 3088 3488 adimpleant:
3117 3424 3257 3470 etut
3293 3414 3472 3469 nullus

1882 3512 2045 3565 homo
2072 3511 2141 3563 sit
2169 3511 2260 3578 qui
2294 3509 2458 3562 ullum
2497 3508 2736 3561 debitum
2776 3509 2841 3560 ad
2876 3508 3047 3575 ipsum
3076 3505 3250 3559 locum
3283 3504 3468 3572 requi-

1884 3608 1992 3664 rat,
2023 3615 2121 3653 nec
2148 3597 2403 3669 placitum
2436 3597 2488 3651 in
2519 3597 2636 3666 ipso
2667 3596 2784 3650 loco
2815 3595 3002 3660 iaciat,
3027 3604 3081 3649 et
3111 3594 3312 3648 nullam
3343 3593 3470 3648 sub-

1879 3690 2172 3758 jeclionem
2235 3687 2506 3758 requirat,
2565 3687 2666 3742 nisi
2729 3694 2934 3740 tantum
3000 3685 3228 3756 privatis
3277 3686 3467 3739 diebus

1886 3795 2048 3834 unam
2099 3779 2320 3834 missam
2371 3777 2712 3838 familiarem,
2747 3787 2802 3830 et
2834 3793 3000 3831 unum
3054 3775 3322 3846 psalmum
3371 3789 3471 3844 per

1885 3885 2077 3927 omnes
2118 3871 2282 3924 horas
2323 3878 2544 3940 propter
2587 3869 3059 3938 congregationem
3103 3866 3161 3919 S.
3199 3864 3344 3920 Petri
3384 3865 3469 3917 di-

1888 3968 2032 4012 cant.
2083 3959 2628 4014 Excommunicamus
2657 3967 2840 4012 autem
2869 3972 3059 4011 omnes
3097 3971 3163 4010 ex
3191 3964 3344 4024 parte
3375 3955 3468 4008 Dei

1888 4051 2274 4121 omnipotentis
2305 4059 2359 4105 et
2389 4049 2562 4104 sancti
2597 4047 2742 4102 Petri
2777 4047 3036 4117 principis
3079 4045 3468 4115 apostolorum,

1889 4151 1943 4196 et
1962 4143 2200 4196 omnium
2231 4149 2540 4196 sanctorum
2569 4139 2683 4204 Dei,
2712 4148 2766 4193 et
2789 4138 3028 4192 omnium
3059 4137 3463 4206 episcoporum,

1887 4240 1943 4288 et
1998 4233 2236 4286 omnium
2283 4245 2654 4286 successorum
2695 4238 3026 4294 nostrorum,
3065 4237 3124 4281 ut
3159 4227 3470 4296 quicunque

1888 4320 2032 4375 hunc
2061 4321 2323 4391 scriptum
2359 4319 2694 4391 privilegium
2727 4315 3032 4388 infregerit,
3063 4315 3131 4370 de
3159 4329 3388 4385 corpore
3416 4322 3472 4368 et

1889 4413 2151 4484 sanguine
2181 4413 2391 4468 Domini
2424 4411 2519 4484 [aL
2562 4408 2792 4481 Christi]
2824 4411 2893 4465 sit
2922 4409 3239 4464 maledictus
3266 4409 3320 4462 in
3351 4421 3475 4476 per-

1888 4514 2128 4574 petuum,
2157 4504 2202 4558 si
2244 4503 2311 4557 ad
2359 4504 2789 4559 emendationem
2833 4509 2889 4557 et
2927 4501 2997 4556 ad
3039 4500 3473 4556 satisfactionem

1894 4608 1999 4649 non
2031 4595 2256 4649 venerit.
2292 4594 2359 4648 Et
2396 4603 2455 4648 ut
2503 4595 2604 4648 hoc
2651 4593 2988 4664 privilegium
3040 4590 3394 4646 libentissime
3442 4604 3474 4642 a

1893 4684 2050 4740 nobis
2090 4683 2291 4738 factum
2333 4683 2624 4737 ﬁrmiorem
2660 4682 2902 4737 obtineat
2930 4683 3188 4753 vigorem,
3223 4678 3473 4732 manibus

1891 4776 2126 4846 propriis
2167 4773 2522 4840 ﬁrmavimus,
2555 4783 2610 4829 et
2643 4775 2695 4828 in
2725 4775 2893 4828 verbo
2926 4774 3016 4827 Dei
3042 4773 3175 4826 viris
3205 4766 3475 4837 religiosis

1891 4877 1948 4922 et
1978 4868 2288 4923 consulibus
2318 4870 2504 4924 Romze
2528 4867 2772 4922 roborari
2801 4865 3046 4922 fecimus.

1966 4961 2190 5030 Signum
2219 4960 2260 5025 ἰ·
2288 4957 2513 5016 Joannis
2559 4974 2743 5031 papae,
2795 4958 2888 5029 qui
2943 4957 3084 5011 hunc
3133 4950 3476 5024 privilegium

1898 5050 2015 5106 ﬁeri
2043 5050 2220 5120 jussit.

281 5289 433 5364 (708)
467 5289 594 5348 Haec
643 5290 788 5348 bulla
839 5307 948 5349 non
991 5299 1075 5347 est
1119 5307 1150 5347 a
1197 5270 1504 5364 suspicione
1550 5299 1778 5349 remota.
1822 5289 2004 5350 ἔπι-ε.
