3858 5578
61 404 3329 455 Μ

1281 569 1449 613 ANNO
1498 570 1724 615 DOMINI
1769 568 2113 613 DCCCGXIII.

883 734 1359 896 LEO
1444 732 2076 897 PAPA
2162 733 2503 899 VII

1066 1064 1575 1160 NOTITIA
1642 1062 2330 1157 HISTORICA.
2928 1072 2937 1142 .‘
3187 1056 3193 1068 ’
3247 1058 3293 1087 ’⁸

716 1255 895 1327 (Apud
922 1252 1113 1321 Mansi,
1143 1253 1507 1343 Conciliorum
1533 1251 1699 1342 amp].
1721 1252 1959 1319 collect.,
1988 1261 2123 1309 tom.
2153 1248 2336 1321 XVIII,
2366 1266 2490 1325 pag.
2516 1251 2667 1337 375.)

118 1476 249 1547 Leo
260 1473 423 1545 hujus
451 1473 688 1530 nominis
715 1481 977 1547 septimus
999 1472 1373 1547 pontiﬁcatan
1407 1474 1636 1547 adeptus
1664 1482 1749 1547 est
1770 1487 1913 1547 anno
1948 1473 2329 1547 Redemptoris
2349 1474 2474 1541 936,
2508 1483 2750 1547 tempore
2781 1474 3129 1547 ponstantini
3150 1460 3207 1533 Et
3226 1478 3336 1533 Ro-

47 1547 203 1603 mani
238 1542 629 1616 imperatorum
655 1542 1043 1616 orientalium;
1072 1543 1139 1599 de
1164 1558 1272 1616 quo
1297 1542 1636 1616 Flodoardus
1680 1542 1735 1599 in
1771 1542 2045 1599 Chronico
2085 1542 2519 1616 praedictoanno
2553 1542 2656 1602 ista
2686 1544 2877 1616 scribit
2902 1563 2915 1599 :
2946 1544 3162 1616 Joanne
3195 1564 3332 1616 papa

45 1618 221 1687 fratre
243 1613 470 1687 Alberici
493 1614 762 1687 de[uncto,
788 1614 891 1687 Leo
914 1613 1129 1687 quidam

1224 1616 1271 1667 ei
1307 1629 1487 1668 seruus
1530 1612 1711 1668 Romae
1749 1630 1887 1683 papa
1916 1612 2280 1669 constituitur.
2315 1614 2416 1669 Hic
2448 1614 2691 1671 Odonem
2722 1615 2973 1669 abbatem
3011 1612 3337 1671 Cluniacen-

46 1683 187 1749 sem,
215 1686 393 1741 virum
414 1683 701 1755 sanctitate
735 1683 1169 1755 celeberrimum,
1199 1684 1415 1739 vocavit
1440 1683 1691 1755 Romam,
1722 1692 1784 1738 ut
1810 1684 1954 1755 inter
1976 1683 2259 1755 Hugonem
2290 1700 2473 1755 regem
2505 1685 2693 1755 italiae,
2719 1685 2810 1755 qui
2833 1684 3061 1739 Romam
3086 1686 3337 1740 obsidere

50 1764 324 1827 coeperat,
356 1763 412 1811 et
435 1754 744 1827 Albericum
771 1755 957 1827 Romae
980 1753 1302 1827 principem,
1342 1754 1495 1827 pacis
1510 1754 1910 1827 componenda:
1932 1753 2275 1827 sequestrum
2299 1753 2507 1827 ageret.
2540 1754 2706 1827 Yenit
2733 1753 2902 1827 abbas
2927 1755 3334 1827 sanctissimus,

46 1822 260 1902 suaque
287 1825 674 1902 intercessione
698 1825 840 1895 apud
861 1822 1152 1893 utrumque
1166 1822 1277 1879 hoc
1313 1822 1551 1879 obtinuit
1579 1822 1961 1881 ut'Albericus
1984 1824 2152 1882 ﬁliam
2189 1822 2431 1896 Hugonis
2459 1824 2740 1902 conjugem
2777 1825 3071 1897 acciperet,
3102 1833 3159 1881 et
3178 1824 3335 1897 Hugo

44 1895 389 1952 obsidionem
416 1895 669 1951 solveret.

125 1966 571 2037 Hujustempore
603 1972 847 2021 mortuus
863 1972 961 2037 gest
999 1964 1266 2037 Henricus
1292 1978 1388 2020 rex
1422 1962 1771 2037 Germania,
1795 1963 1963 2037 decus
2000 1961 2653 2037 Christianm_religionis,
2680 1965 2773 2037 qui
2799 1972 2924 2034 post
2965 1964 3166 2037 multas
3186 1964 3331 2037 alias

42 2032 262 2118 gentes,
284 2036 359 2118 de
390 2032 587 2106 quibus
627 2050 807 2118 supra,
839 2036 1080 2118 Cuusum
1103 2035 1295 2118 Dama:
1323 2049 1505 2118 regem
1532 2036 1600 2090 ad
1645 2032 2054 2118 Cbristilidem
2099 2035 2390 2118 convertit,
2431 2032 3337 2118 ipsosqtie;Da_nos“abborninum

47 2102 426 2162 immolatione
468 2102 763 2177 revocavit,
804 2106 1066 2177 regnique
1102 2102 1584 2160 haeredem'lilium
1629 2118 1789 2160 suum
1819 2102 2112 2169 Othonem,
2152 2104 2357 2172 pietate
2392 2102 2805 2162 et’fortitudine
2829 2104 3049 2160 militari
3092 2107 3195 2161 sibi
3225 2121 3336 2160 non

44 2176 393 2239 dissimilem,
427 2176 669 2244 reliquit.

116 2246 323 2301 Eodem
350 2245 459 2315 hoc
482 2241 747 2315 tempore,
778 2244 849 2315 ad
877 2243 1207 2315 aﬂlctionem
1242 2250 1300 2315 et
1317 2243 1784 2315 perturbationem
1812 2242 2093 2308 Ecclesiae,
2137 2241 2415 2300 Manasses
2442 2242 2779 2315 Arelatensis
2812 2243 3099 2315 episcopus
3141 2257 3337 2315 novam

40 2315 256 2370 addidit
279 2312 822 2385 miseriam,'quando
864 2315 1028 2385 h_omo
1067 2312 1390 2385 ambitiosus
1420 2327 1519 2385 sua
1564 2313 1695 2369 sede
1724 2328 2067 2383 nequaquam
2112 2323 2422 2385 contentus,
2451 2327 2634 2385 opera
2677 2313 2920 2385 Hugonis
2959 2312 3117 2385 regis
3138 2314 3330 2385 italiae,

40 2400 155 2439 non
184 2393 394 2439 tantum
441 2382 830 2449 Veronensem,
874 2383 1272 2449 Tridentinam,
1316 2392 1371 2439 et
1418 2383 1790 2448 Mantuanam,
1816 2382 2014 2438 verum
2062 2383 2229 2438 etiam
2272 2382 3074 2440 MediolabensemEcclesiain
3106 2383 3330 2448 invasit,

40 2468 299 2509 asserens
325 2468 383 2509 se
415 2454 467 2508 id
506 2453 685 2510 facere
719 2454 967 2524 exemplo
1006 2454 1269 2524 principis
1298 2453 1686 2524 apostolorum,
1727 2454 1830 2524 qui
1863 2453 2028 2508 etiam
2061 2454 2382 2519 Romanam,
2430 2454 2848 2524 Antiochenam,
2895 2454 3326 2509 Alexandrinam

44 2524 319 2595 Ecclesias
345 2524 504 2581 simul
528 2523 893 2595 possedisset.
915 2523 1041 2595 Haec
1070 2523 1455 2593 Luitprandus,
1483 2524 1584 2595 qui
1616 2523 1710 2595 Dei
1732 2523 1792 2595 et
1819 2523 2000 2595 legum
2031 2532 2459 2595 contemptorem
2486 2523 2699 2595 peracri
2732 2525 3014 2580 invectura
3056 2524 3325 2594 perstrin-

44 2594 146 2664 git.
189 2594 300 2650 Leo
320 2610 442 2650 cum
472 2593 703 2650 sedisset
726 2594 885 2650 annis
915 2594 1089 2649 tribus
1114 2601 1170 2648 et
1194 2609 1290 2650 sex
1319 2593 1619 2661 mensibus,
1652 2593 1943 2651 defunctus
1968 2602 2054 2649 est
2078 2593 2251 2666 (709).

66 2711 3332 2752 Μ

893 2829 1540 2947 ιιιοιπιε
1595 2833 2142 2948 ΡΔΡΕ
2206 2838 2494 2951 νη

682 3038 1421 3158 ΕΡΙΞΤΟΙΛΕ
1524 3037 1707 3155 ET
1812 3043 2151 3162 PRIV
2172 3046 2692 3163 lLEGIA.

251 3435 595 3482 PRIVILEGIUI
625 3434 726 3477 PRO
759 3429 1097 3475 IONASTERIO
1130 3427 1406 3472 PULDBNSI.

650 3513 828 3586 (Anno
850 3509 1002 3581 9‘26.)

44 3628 358 3691 Monasterii
399 3625 693 3683 Saluatoris
740 3619 1025 3676 Fuldensis
1076 3618 1380 3691 privilegia,
1430 3626 1632 3691 petente

415 3696 725 3753 Hadamaro
752 3693 954 3758 abbate,
980 3690 1287 3760 conﬁrmat:

248 3791 506 3868 [Dronke,
537 3789 669 3845 Cod.
695 3786 911 3859 diplom.
938 3783 1101 3839 Fuld.
1142 3823 1159 3851 ,
1188 3798 1242 3854 p.
1268 3781 1422 3854 315.]

114 3886 229 3942 Leo
270 3884 575 3954 episcopus,
616 3894 805 3934 servus
850 3890 1131 3932 servorum
1178 3874 1296 3939 Dei,
1332 3874 1631 3929 HADAIARO

45 3977 299 4049 religioso
321 3972 502 4030 abbati
522 3968 850 4025 venerabilis
870 3964 1184 4022 monasterii
1209 3965 1419 4020 Domini
1444 3963 1632 4019 Salva-

45 4068 205 4132 toris,
238 4075 292 4121 et
325 4078 420 4135 per
453 4072 505 4117 te
535 4061 588 4115 in
617 4059 805 4115 eodem
836 4054 1128 4111 venerabili
1155 4054 1483 4110 monasterio
1509 4069 1633 4110 suc-

47 4159 461 4227 cessoribusque
492 4153 597 4209 tuis
625 4150 907 4207 abbatibus
942 4148 997 4203 in
1024 4156 1363 4219 perpetuum.

91 4304 102 4313 .
126 4252 387 4309 Summan
411 4256 660 4320 gerentes
698 4242 1117 4301 sollicitudinem
1138 4242 1379 4297 omnium
1408 4255 1636 4296 venera-

48 4344 237 4399 bilinm
260 4341 520 4403 locorum,
538 4346 796 4407 quantum
813 4333 1089 4417 ex.tlivino
1115 4330 1381 4401 adjutorio
1410 4331 1637 4403 possibi-

48 4436 173 4489 litas
199 4433 382 4496 datur,
411 4430 479 4484 de
518 4442 704 4484 eorum
734 4426 1031 4482 stabilitate
1055 4434 1303 4494 satagere
1337 4424 1635 4479 studemus.

1654 3330 1711 3390 Α
1734 3328 2102 3385 submittatur.
2147 3329 2226 3386 De
2268 3345 2375 3401 qua
2407 3346 2467 3387 re
2506 3333 2611 3401 piis
2640 3333 2925 3391 desideriis
2950 3335 3197 3392 faventes
3226 3338 3331 3394 bac

1736 3428 1921 3474 nostra
1946 3420 2241 3488 apostolica
2265 3422 2589 3479 auctoritate
2610 3423 2824 3503 id‘quod
2846 3427 3159 3497 exposcitur
3198 3426 3332 3484 επε-

1733 3510 1847 3563 ctui
1865 3510 2239 3580 mancipamus
2266 3512 2856 3585 secundum‘privilegii
2876 3516 3074 3572 seriem
3101 3519 3244 3587 quod
3268 3520 3339 3576 ab

1734 3606 2074 3655 antecessore
2095 3610 2281 3658 nostro
2300 3601 2456 3658 bona:
2473 3604 2749 3660 memoria:
2773 3605 2981 3663 Marino
3001 3608 3160 3679 hujus
3181 3610 3339 3668 alma

1732 3692 1879 3747 sedis
1908 3692 2136 3763 praesule
2169 3693 2297 3750 inibi
2324 3695 2713 3767 perpetualiter
2743 3696 2944 3753 factum
2969 3700 3127 3757 nobis
3149 3709 3338 3757 osten-

1734 3782 1865 3838 dere
1901 3785 2165 3854 sategisti.
2190 3784 2256 3841 Et
2281 3786 2403 3843 ideo
2431 3801 2646 3855 omnem
2675 3788 2962 3862 cujuslibet
2988 3791 3231 3849 ecclesia:
3249 3806 3339 3848 sa-

1735 3876 2011 3931 cerdotem
2034 3893 2089 3931 in
2112 3876 2339 3947 prafato
2382 3880 2679 3936 venerabili
2711 3883 3045 3937 monasterio
3075 3882 3337 3939 ditionem

1734 3968 2033 4039 quamlibet
2056 3971 2257 4027 habere
2284 3972 2664 4029 auctoritatem
2687 3982 2884 4044 praeter
2904 3976 3086 4031 sedem
3118 3984 3331 4045 aposto-

1734 4060 1915 4128 licam,
1942 4069 1999 4117 et
2022 4062 2333 4132 episcopum
2358 4064 2412 4118 in
2438 4062 2591 4133 cujus
2614 4065 2833 4121 dimcesi
2858 4066 2997 4122 idem
3024 4065 3340 4124 venerabile

1735 4153 2125 4209 monasterium
2169 4162 2538 4211 constructum
2576 4170 2697 4211 esse
2727 4156 3081 4228 dignoscitur,
3126 4156 3213 4212 cui
3261 4156 3332 4213 li-

1738 4244 1972 4299 centiam
2006 4245 2357 4301 concedimus
2388 4255 2597 4302 tantum
2646 4262 2767 4303 cum
2797 4247 3174 4317 opportunitas
3201 4261 3332 4303 con-

1738 4339 1985 4395 secrandi
2031 4338 2220 4395 altaris
2265 4339 2443 4396 fuerit.
2474 4341 2831 4397 Prohibemus
2878 4342 2974 4407 ita,
3016 4350 3096 4409 ut,
3130 4341 3233 4396 nisi
3263 4341 3333 4399 ab

1738 4431 1935 4486 abbate
1960 4430 2271 4486 monasterii
2298 4432 2464 4487 fuerit
2484 4432 2875 4498 invitatus,nec
2906 4432 3197 4489 missarum
3226 4431 3337 4489 ibi-

48 4526 165 4581 Hoc
192 4539 428 4594 namque
466 4521 646 4577 studio
672 4529 727 4575 et
756 4519 933 4574 divina
964 4516 1211 4589 placatur
1246 4516 1553 4582 clementia,
1583 4526 1640 4572 et
1741 4522 1864 4577 dem
1894 4520 2293 4578 solemnitatem
2317 4522 2583 4595 quispiam
2615 4532 2905 4593 praesumat
2934 4524 3156 4579 omnino
3184 4522 3328 4580 cele-

50 4620 169 4673 laus
190 4616 444 4673 Ecclesia:
469 4613 669 4670 Christi
704 4620 1049 4682 procuratur.
1076 4609 1208 4664 Nam
1237 4610 1433 4680 potiori
1459 4619 1515 4665 et
1540 4626 1640 4668 nos
1742 4616 1922 4682 brare,
1954 4622 2014 4670 ut
2040 4614 2283 4685 profecto
2318 4614 2470 4686 juxta
2502 4616 2555 4671 id
2589 4618 2732 4687 quod
2773 4611 3077 4685 subjectum
3117 4624 3337 4687 aposto-

52 4709 250 4763 ﬁducia
298 4721 397 4778 pro
445 4704 780 4776 impetranda
817 4702 975 4758 venia
1007 4702 1329 4759 delictorum
1375 4712 1638 4759 aeternam
1666 4700 1717 4762 B
1745 4706 1863 4763 lica:
1891 4707 2004 4763 sedi
2026 4707 2287 4764 ﬁrmitate
2321 4709 2586 4779 privilegii
2612 4709 2865 4765 consistit
2888 4709 3213 4765 inconcusse
3239 4708 3337 4763 do-

51 4801 309 4869 pietatem
334 4797 593 4851 audemus
626 4794 937 4864 implorare.
972 4793 1041 4849 Et
1066 4794 1185 4850 ideo
1214 4795 1517 4851 reverentia
1547 4806 1640 4852 tua

53 4890 343 4964 postulavit
371 4906 400 4943 a
441 4887 596 4942 nobis
644 4895 913 4955 quatenus
936 4886 1049 4956 jam
1084 4885 1289 4941 dictum
1331 4886 1640 4943 venerabile

56 4978 441 5035 monasterium
476 4973 689 5031 Domini
724 4973 1024 5030 Salvatoris
1065 4989 1096 5028 a
1137 4983 1327 5031 sancto
1362 4975 1640 5033 Bonifacio

56 5074 307 5144 episcOpo
349 5075 715 5124 constructum
762 5069 816 5123 in
859 5067 977 5122 loco
1016 5068 1107 5135 qui
1143 5075 1367 5122 vocatur
1405 5068 1639 5125 Boconia

58 5180 184 5237 erga
215 5164 386 5234 ripam
412 5158 649 5214 ﬂuminis
692 5158 930 5214 Fuldaba
956 5157 1222 5229 privilegii
1254 5156 1398 5211 sedis
1426 5167 1641 5226 aposto-

61 5260 175 5315 licae
218 5255 517 5313 munimine
543 5253 843 5318 decoretur,
870 5261 929 5308 ut
955 5253 1054 5308 sub
1084 5250 1467 5321 iurisdictione
1517 5268 1642 5310 san-

61 5362 154 5408 ctae
168 5357 386 5412 nostrae,
408 5346 494 5402 cui
510 5344 620 5401 Deo
640 5356 860 5403 auctore
874 5345 1224 5409 deservimus,
1244 5343 1500 5400 Ecclesia:
1511 5362 1640 5403 con-

60 5446 300 5499 stitulum
358 5438 553 5494 nullius
607 5438 832 5495 alterius
876 5437 1129 5494 Ecclesia:
1172 5436 1643 5508 iurisdictionibus

130 5555 270 5578 Iwnnt
296 5551 540 5578 Mann:|‘:l
569 5552 617 5578 2..
649 5556 787 5578 ...ι-2,.
807 5563 1103 5578 .-.ιρηιη-...κ
1130 5552 1304 5578 ..-..2.ιο
1338 5550 1631 5578 1)..11....ἓ....Δ

832 5568 1103 5578 ΑωιιΑ-..ηι
1130 5566 1278 5578 ..Α-ιιι

1747 4808 1921 4856 talum
1949 4809 2269 4871 permaneat
2293 4799 2533 4870 locisque
2546 4816 2610 4856 ac
2633 4803 2792 4857 rebus
2816 4809 2925 4853 tam
2955 4799 3035 4853 eis
3064 4813 3200 4867 quas
3220 4811 3338 4852 mo-

1746 4894 1914 4950 derno
1941 4901 2190 4964 tempore
2220 4901 2365 4950 tenet
2388 4893 2473 4949 vel
2500 4894 2739 4964 possidet
2768 4905 2934 4961 quam
2977 4904 3111 4960 quas
3142 4887 3345 4944 futuris

1748 4986 2081 5057 temporibus
2133 4993 2189 5050 in
2214 4987 2340 5061 jure
2367 4985 2533 5055 ipsius
2572 4980 2885 5041 monasterii
2939 4981 3119 5036 divina
3166 4982 3342 5051 pietas

1745 5075 1976 5131 voluerit
2005 5089 2221 5155 augere
2247 5091 2317 5132 ex
2342 5074 2493 5129 donis
2517 5084 2572 5129 ct
2608 5068 2972 5129 oblationibus
3015 5070 3349 5140 decimisque

1754 5167 1989 5224 ﬁdelium
2012 5170 2247 5255 absque
2283 5166 2441 5223 ullius
2458 5181 2699 5235 persona:
2717 5162 3149 5219 contradictione
3174 5161 3345 5217 tirmi-
3448 5226 3451 5227 ν

1752 5266 1863 5315 tate
1892 5240 2183 5333 perpetu;
2214 5258 2538 5341 perfruatur.
2570 5257 2831 5311 Ctelerum
2854 5265 2984 5307 vero
3014 5253 3121 5309 hoc
3145 5253 3347 5307 delibe-

1751 5359 1936 5407 rantes
1967 5352 2353 5427 decernimus
2384 5357 2444 5403 ut
2486 5349 2732 5419 congruis
2776 5344 3110 5413 temporibus
3160 5353 3359 5400 nostrae
3442 5343 3459 5427 ς

1752 5424 2555 5514 sollicitudinivecclesiasticte
2596 5440 2887 5496 intimetur,
2912 5434 3144 5502 qualiter
3173 5433 3366 5504 religio
3427 5424 3457 5514 ξ

1739 5552 1978 5578 ἴτε-...ΑΙΣΑ
2040 5574 2055 5578 -
2096 5570 2121 5578 ι
2188 5566 2202 5578 ο

2268 5548 2516 5578 -..ιηὶηηῖΧ
2605 5542 2987 5578 :mnnnnnﬁhun

3046 5542 3100 5578 in
3147 5543 3369 5578 npinnlc
3434 5540 3444 5563 ⁸
