3858 5446
43 541 50 584 t
1050 519 1408 580 EPISTOLIE
1446 507 1536 576 ET
1571 501 1978 577 PRNILEGIA.

3010 524 3150 582 toro
3187 499 3194 516 “

44 663 170 705 emus
217 645 304 701 tibi
364 653 563 714 tuoque
609 639 943 697 monasterio
993 646 1200 694 curtem
1248 635 1464 693 nomine
1491 641 1544 696 Α
1640 635 1982 690 Desiderium
2010 631 2154 706 quod
2181 636 2432 708 tetigioso
2457 639 2738 709 proposito
2761 647 2816 696 et
2835 650 3148 701 sanctorum

43 738 222 794 ttiolam
268 751 385 791 cum
427 733 695 797 ecclesiis,
753 733 916 796 casis,
979 732 1166 797 terris,
1232 730 1461 798 campis,

44 839 94 900 ‘s,
122 830 338 904 pascuis,
383 829 554 894 silvis,
594 827 819 891 salictis,
845 823 1130 880 arboribus
1160 822 1464 894 pomiferis,

43 925 188 980 .iferis
215 922 292 977 vel
340 918 694 978 infructiferis
752 917 952 974 diversi
1005 915 1239 988 generis,
1265 915 1465 986 puteis,

49 1018 158 1081 bus,
189 1013 310 1069 rivis
353 1027 506 1084 aqua:
535 1011 809 1078 perennis,
846 1026 909 1066 ac
961 1009 1173 1064 cunctis
1218 1005 1467 1076 adjacen-

43 1108 179 1162 tsuis
202 1105 352 1161 cultis
387 1103 471 1161 vel
519 1103 738 1158 incultis
782 1119 885 1156 una
928 1116 1048 1155 cum
1091 1097 1305 1152 famulis
1354 1110 1505 1151 ma-'

43 1213 68 1252 s
117 1206 168 1252 et
213 1195 417 1251 feminis
454 1193 655 1249 ibidem
692 1193 774 1248 vel
821 1192 1021 1262 ubique
1079 1187 1466 1253 residentibus,

49 1287 286 1345 omnibus
312 1288 378 1342 ad
429 1288 598 1358 ipsam
633 1294 838 1341 curtem
867 1282 1194 1356 generaliter
1227 1280 1356 1336 etin
1382 1281 1468 1334 in-

43 1383 459 1454 ipcrtinentibus
504 1381 662 1434 sitam
696 1381 747 1434 in
787 1379 1047 1432 comitatu
1088 1371 1469 1430 Matisconensi

43 1465 262 1541 idueusi,
300 1489 462 1546 quam
491 1473 575 1528 vir
613 1471 787 1527 bonus
816 1469 1122 1526 Gaufredus
1149 1481 1332 1522 comes
1359 1474 1468 1518 tam

49 1569 406 1638 redemptione
445 1565 638 1620 animae
683 1581 814 1629 suat,
842 1580 1003 1634 quam
1037 1571 1322 1634 parentum
1350 1575 1475 1616 suo-

59 1642 160 1729 per
185 1657 436 1714 chartula:
457 1657 651 1712 seriem
678 1656 898 1710 donavit
918 1655 1176 1726 pra-dicto
1203 1657 1473 1707 monaste-

48 1767 144 1806 nos
166 1766 289 1804 vero
313 1749 552 1803 inclinati
577 1749 681 1802 tuis
707 1747 978 1817 precibus,
1005 1745 1095 1815 qui
1119 1745 1293 1799 vicem
1345 1756 1476 1813 apo-

44 1858 142 1896 :atn
173 1839 478 1902 retinemus,
509 1848 562 1894 et
590 1838 787 1909 quibus
815 1853 942 1892 cura
975 1846 1058 1892 est
1086 1838 1326 1891 omnium
1368 1833 1475 1890 Ec-

44 1951 186 1988 ll‘lllll
209 1932 516 1996 commissa,
543 1929 775 1986 maxime
794 1930 947 1985 istius
972 1929 1306 1993 monasterii,
1329 1927 1476 1999 quod

1572 727 1814 782 locorum
1837 728 2114 783 stabilit'ati
2138 731 2410 799 pertinere
2445 743 2805 800 monstratur,
2831 736 2948 792 sine
2970 737 3153 809 aliqua

1571 828 1669 882 est,
1697 820 1806 874 Deo
1835 829 2074 886 auctore,
2101 821 2357 877 dilatione
2389 823 2776 894 perliciendum
2800 844 2815 894 ;
2852 838 2907 883 et
2935 832 3152 901 quoties

1572 913 1626 968 in
1657 915 1976 983 quibusdam
2034 915 2150 984 ejus
2199 911 2520 976 utilitatibus
2571 925 2937 982 commodisve
2965 939 3153 985 noster

1573 1013 1849 1070 assensus,
1883 1015 1938 1060 et
1990 1008 2203 1062 solitum
2241 1011 2548 1080 apostolica:
2586 1017 2928 1074 auctoritatis
2979 1035 3150 1091 expo-

1573 1098 1745 1152 scitur
1768 1099 2099 1168 praesidium,
2132 1100 2273 1154 ultro
2298 1100 2647 1174 benignitatis
2674 1105 2870 1163 intuitu
2898 1125 3000 1165 nos
3026 1127 3161 1168 con-

1572 1188 1722 1243 venit
1757 1190 2066 1256 subvenire,
2095 1201 2150 1246 et
2173 1201 2348 1247 ratum
2391 1195 2734 1269 pro.integra
2772 1201 3064 1259 securitate
3089 1219 3160 1262 ex

1574 1281 1784 1337 ratione
1823 1283 2080 1350 solidarc,
2111 1295 2169 1341 ut
2199 1301 2264 1342 cx
2306 1287 2410 1344 hoc
2436 1299 2490 1344 et
2513 1291 2682 1361 ipsius
2705 1297 3031 1354 venerabilis
3054 1298 3161 1364 loci

1576 1373 1720 1428 salus
1747 1384 1801 1430 et
1832 1376 2159 1434 indemnitas
2206 1390 2588 1450 procurentur,
2641 1394 2696 1440 et
2743 1388 2898 1443 nobis
2944 1371 3161 1460 quoque

1575 1463 1709 1519 lucri
1767 1465 2108 1536 potissimum
2166 1470 2444 1538 praamium
2494 1487 2522 1526 a
2572 1475 2855 1531 conditore
2919 1483 3163 1534 omnium

1578 1559 1690 1615 Deo
1742 1559 1796 1614 in
1832 1562 2060 1617 sidereis
2103 1563 2322 1618 arcibus
2355 1566 2766 1634 praescribatur.
2819 1567 2989 1640 Igitur
3035 1574 3164 1642 quia

1577 1651 1872 1722 postulavit
1901 1668 1934 1707 ι
1961 1653 2116 1708 nobis
2165 1663 2255 1709 tua
2306 1657 2612 1712 reverentia
2660 1667 2928 1728 quatenus
2966 1662 3169 1719 contir-

1529 1744 1544 1770 ‘
1579 1757 1876 1806 maremus,
1932 1744 2028 1799 tibi
2061 1754 2260 1816 tuoque
2309 1749 2640 1805 monasterio
2665 1761 2878 1808 curtem
2909 1769 3028 1825 quae
3069 1771 3170 1813 vo-

1582 1841 1738 1888 catur
1758 1833 1994 1890 Cavinim
2019 1850 2140 1890 cum
2167 1837 2310 1892 casis
2329 1839 2594 1905 etvineis,
2613 1855 2705 1895 seu
2737 1843 2902 1900 terris
2926 1853 2982 1900 et
2997 1845 3170 1913 silvis,

1584 1925 1811 1994 campis,
1863 1926 2052 1993 pratis,
2093 1927 2333 1994 pascuis,
2366 1928 2590 1993 salictis,
2623 1933 2912 1990 arboribus
2938 1937 3170 2006 pomife-

43 2027 322 2098 iubjectum
343 2034 446 2091 est,
474 2026 546 2081 ita
567 2023 950 2080 confirmamus
969 2024 1107 2080 sicut
1131 2024 1476 2093 supradictus
1510 1999 1554 2057 Β
1586 2015 1684 2080 ris,
1715 2015 2012 2072 fructiferis
2049 2017 2136 2072 vel
2192 2017 2550 2076 infructiferis
2570 2023 2771 2080 diversi
2811 1999 3048 2096 generis,
3071 2045 3174 2099 pus

47 2124 201 2177 redus
248 2135 429 2176 comes
483 2134 581 2192 per
610 2117 868 2174 chartula:
918 2119 1114 2172 seriem
1167 2116 1481 2186 supradicto

44 2219 228 2274 isterio
266 2217 482 2274 donavit
519 2232 532 2268 :
564 2225 623 2269 ιιι
679 2214 858 2269 nullus
897 2214 1058 2268 homo
1108 2228 1309 2282 parvus
1364 2226 1483 2264 ma-

47 2326 127 2374 vc,
163 2309 240 2363 vel
270 2305 638 2375 cujuscunque
678 2304 955 2375 dignitatis
995 2303 1190 2356 amicat
1218 2300 1302 2354 vel
1351 2315 1487 2369 prac-

44 2413 82 2456 tt
112 2411 292 2458 contra
318 2401 419 2455 hoc
444 2407 687 2454 nostrum
710 2397 1050 2470 privilegium
1076 2395 1127 2450 in
1178 2395 1487 2464 supradicta

43 2511 77 2558 ε,
109 2494 190 2548 vel
219 2495 268 2547 in
300 2492 420 2560 aliis
459 2490 622 2554 rebus
663 2489 729 2544 ad
761 2491 929 2560 ipsam
960 2498 1167 2542 curtem
1212 2487 1491 2558 pertinen-

43 2607 70 2652 ;,
102 2588 454 2650 invasionem,
484 2584 566 2639 vel
596 2585 919 2647 molestiam,
946 2592 1038 2638 aut
1061 2581 1489 2652 inquietudinem

43 2695 84 2733 'e
112 2696 125 2744 ;
156 2681 248 2734 sed
277 2667 345 2734 ab
377 2678 478 2732 ista
533 2675 786 2748 praesenti
826 2675 1034 2730 decima
1065 2674 1379 2737 indictione,
1413 2673 1494 2743 ip-

44 2783 91 2822 ss
116 2784 210 2839 per
233 2755 475 2822 nostram
496 2764 848 2834 apostolicam
877 2764 1256 2818 auctoritatem
1301 2777 1494 2816 secure

43 2861 169 2915 tiete
196 2858 578 2930 perpetualiter
619 2857 668 2911 in
702 2859 891 2913 eodem
925 2856 1257 2911 monasterio
1286 2870 1496 2925 perma-

47 2960 82 3004 t.
123 2950 226 3005 Pro
253 2965 360 3020 quo
384 2949 548 3004 etiam
580 2947 679 3003 sub
713 2949 878 3004 divini
906 2947 1096 3015 judicii
1129 2946 1493 3001 obtestatione

43 3043 313 3113 iulgantes
340 3041 701 3107 decernimus,
735 3050 794 3093 ut
850 3040 994 3093 nullo
1023 3039 1239 3108 ingenio
1271 3046 1364 3092 aut
1408 3053 1496 3091 ar-

43 3141 160 3186 ento
191 3132 408 3186 auferre
459 3132 726 3197 audeant;
789 3131 969 3200 potius
1018 3139 1196 3183 autem
1226 3127 1348 3197 jure
1376 3144 1497 3198 per-

44 3244 56 3280 ι
87 3227 149 3280 in
195 3226 386 3279 eodem
427 3223 715 3279 venerabili
768 3223 1121 3288 monasterio,
1157 3230 1215 3275 ttt
1247 3221 1498 3291 superius

44 3334 118 3371 un
150 3325 258 3378 est,
285 3315 596 3385 proficiant,
629 3324 684 3369 et
713 3316 765 3369 in
806 3324 1075 3386 potestate
1100 3323 1263 3384 atque
1292 3314 1496 3368 ditione

43 3411 104 3463 εἰς
159 3408 396 3470 abbatis,
441 3407 525 3460 vel
570 3407 812 3460 omnium
859 3420 1234 3460 successorum
1276 3420 1496 3457 suorum

43 3514 158 3558 tum
191 3518 292 3557 seu
336 3501 723 3555 monachorum
761 3500 960 3554 ibidem
995 3500 1100 3552 Deo
1146 3498 1500 3551 servientium

44 3603 265 3648 aneant
308 3592 638 3663 disponenda
686 3600 848 3662 atque
902 3590 1242 3660 possidenda.
1296 3588 1349 3642 Si
1381 3588 1502 3658 quis

46 3703 78 3739 tt
114 3685 415 3738 temerario
454 3699 586 3737 ausu
637 3692 829 3736 contra
874 3680 1031 3750 hujus
1064 3690 1261 3734 nostra:
1283 3692 1501 3749 aposto-

43 3773 441 3847 przeccptionis
496 3773 691 3827 seriem
723 3788 753 3826 a
794 3773 951 3827 nobis
994 3770 1388 3842 promulgatam
1416 3785 1506 3823 ve-

72 3870 164 3924 vel
219 3884 386 3941 agere
435 3867 746 3933 tentaverit,
803 3867 940 3922 sciat
984 3881 1042 3920 se
1091 3863 1292 3918 domini
1336 3863 1506 3916 nostri

44 3963 285 4017 olorum
361 3960 620 4030 principis
675 3959 820 4014 Petri
880 3956 1240 4011 anathematis
1293 3953 1507 4008 vinculo

45 4056 234 4109 latum
268 4093 286 4119 ,
337 4062 391 4107 et
435 4067 559 4106 cum
611 4050 827 4104 diabolo
874 4058 928 4102 et
975 4047 1090 4117 ejus
1150 4045 1509 4100 atrocissimis

43 4148 136 4212 iis,
193 4155 367 4214 atque
416 4160 538 4199 cum
595 4142 730 4198 Juda
773 4143 1048 4206 traditore
1093 4140 1304 4194 Domini
1337 4139 1428 4193 Dei
1458 4146 1512 4191 et

43 4240 217 4295 ttoris
271 4237 449 4292 nostri
489 4235 620 4291 Jesu
679 4234 880 4290 Christi
937 4235 989 4289 in
1036 4243 1299 4289 mternum
1334 4233 1512 4303 ignem

43 4329 411 4395 remandum,
471 4326 740 4398 simulque
775 4334 830 4381 et
880 4326 931 4379 in
975 4318 1514 4395 voraginenftarta-

52 4438 173 4493 que
222 4421 397 4476 chaos
440 4421 720 4474 demersus
769 4433 890 4471 cum
929 4417 1108 4485 impiis
1149 4415 1383 4468 deficiat.
1411 4411 1515 4481 Qui

75 4512 178 4583 pio
223 4509 431 4564 intuitu
480 4508 754 4573 custodes,
795 4515 848 4561 et
876 4507 1209 4568 obedientes,
1239 4513 1398 4572 atque
1421 4499 1516 4557 0b-

43 4615 199 4658 tntes
270 4600 433 4668 hujus
501 4608 701 4654 nostra:
771 4596 1061 4652 salutiferae
1138 4611 1328 4666 prtecej
1356 4594 1517 4649 tionis

1587 2109 1708 2170 teis,
1736 2110 2000 2173 fontibus,
2049 2111 2182 2166 rivis
2235 2128 2391 2184 aqua:
2429 2117 2707 2184 perennis,
2748 2133 2812 2174 ac
2839 2123 3051 2177 cunctis
3083 2123 3177 2178 ad-
3231 2148 3233 2150 ·

1581 2197 1890 2267 jacentibus
1933 2202 2048 2256 suis
2077 2202 2241 2258 cultis
2269 2203 2352 2258 vel
2383 2206 2620 2273 incultis,
2660 2224 2768 2264 una
2806 2226 2931 2266 cum
2961 2213 3190 2271 famulis.

1589 2292 1844 2346 masculis
1867 2301 1922 2345 et
1945 2291 2161 2350 feminis
2212 2295 2430 2361 ibidem,
2461 2298 2546 2352 vel
2568 2299 2766 2370 ubique
2789 2303 3194 2372 residentibus,

1591 2393 1646 2438 et
1677 2399 1798 2438 cum
1830 2385 2084 2440 erunibus
2125 2388 2192 2440 ad
2222 2391 2645 2460 suprascriptatn
2688 2402 2917 2459 certem,
2950 2411 3180 2468 genera-

1591 2475 1717 2530 }iter
1737 2485 1792 2532 et
1839 2478 1892 2530 in
1926 2478 2138 2548 integro
2188 2482 2610 2550 pertinentibus,
2642 2486 2806 2542 sitam
2831 2488 2888 2544 in
2918 2492 3181 2549 comitatu

1593 2570 2000 2638 Matisconensi,
2044 2587 2205 2644 quam
2251 2577 2354 2645 piat
2400 2580 2679 2636 memoriae
2736 2580 3053 2652 Rodulphus
3077 2599 3182 2654 pro

1595 2665 1978 2732 redemptione
2012 2667 2207 2721 animae
2249 2682 2384 2733 suae,
2429 2679 2594 2740 atque
2623 2681 2928 2741 parentum,
2957 2674 3173 2732 fratris.

1597 2769 1704 2824 que
1728 2755 1808 2809 sui
1840 2753 2104 2826 Hngonis,
2135 2771 2232 2827 per
2254 2761 2504 2828 pra-cepti
2527 2762 2778 2832 paginam
2799 2763 3021 2820 donavit
3043 2782 3185 2837 prato

1598 2849 1742 2904 dicto
1781 2850 2150 2906 monasterio:
2187 2866 2286 2907 nos
2317 2869 2445 2908 vero
2480 2855 2724 2910 inclinati
2770 2859 3027 2928 precibus
3054 2863 3183 2928 tuis,

1599 2940 1690 3008 qui
1743 2939 1917 2996 vicem
1963 2942 2318 3010 apostolicam
2361 2946 2676 3014 retinemus,
2716 2955 2772 3002 et
2823 2942 3186 3018 quibuscum

1599 3030 1842 3084 omnium
1898 3033 2252 3087 ecclesiarum
2295 3036 2586 3091 commissa
2639 3047 2726 3093 est
2767 3041 3006 3096 maxime
3026 3041 3190 3100 istius

1602 3123 1918 3176 monasterii
1946 3125 2088 3192 quod
2114 3124 2222 3192 juri
2260 3137 2465 3182 sanctae
2494 3127 2754 3186 Romana:
2778 3140 2941 3202 atque
2967 3142 3190 3203 aposto~

1602 3210 1720 3266 lica;
1747 3213 1991 3268 ecclesiae
2023 3217 2284 3287 nobisque
2323 3217 2622 3286 subjectum
2651 3230 2753 3286 est,
2797 3221 2867 3277 ita
2899 3225 3192 3280 confirma

1609 3317 1750 3366 mus,
1777 3305 1918 3359 sicut
1950 3321 2046 3375 per
2070 3318 2401 3378 praeceptum
2428 3311 2718 3380 praedictus
2744 3314 3060 3384 Rodulphus
3095 3317 3192 3375 do-o

1609 3397 1757 3448 navit
1783 3399 2092 3465 supradicto
2117 3402 2466 3465 monasterio,
2495 3411 2551 3457 ut
2584 3404 2760 3460 nullus
2794 3407 2958 3462 homo
2986 3423 3190 3478 parvus

1607 3497 1919 3554 magnusve,
1987 3487 2067 3541 vel
2114 3487 2482 3558 cujuscunque
2531 3493 2825 3562 dignitatis,
2867 3501 3065 3552 audeat
3103 3499 3193 3554 vel

1607 3584 1901 3644 praesumat
1931 3586 2122 3630 contra
2172 3579 2274 3632 hoc
2308 3589 2551 3633 nostrum
2583 3584 2940 3651 apostolicum
2968 3587 3194 3655 privile.

1610 3667 1754 3737 giutn
1787 3667 1838 3720 in
1868 3667 2176 3737 supradicta
2209 3681 2379 3728 curtc.
2407 3671 2490 3723 vel
2514 3672 2565 3724 in
2595 3671 2715 3726 aliis
2745 3674 2906 3730 rebus
2929 3677 2996 3731 ad
3022 3678 3195 3748 ipsam

1613 3766 1822 3812 cut-teni
1850 3759 2264 3827 pertinentibus,
2306 3760 2541 3830 aliquam
2590 3761 2948 3830 invasionem,
2972 3767 3057 3821 vel
3079 3783 3197 3823 mo-

1612 3849 1844 3912 lestiam,
1880 3859 1974 3903 aut
2029 3851 2458 3920 inquietudinem
2490 3851 2672 3909 facere
2699 3871 2711 3907 :
2737 3855 2834 3910 sed
2873 3855 2942 3910 ab
2971 3857 3078 3912 ista
3105 3861 3202 3914 de-

1613 3941 1754 3994 cima
1811 3941 2124 4006 indictione,
2161 3942 2281 3998 ista:
2317 3959 2406 3998 res
2441 3959 2539 4013 per
2573 3956 2816 4000 nostram
2846 3947 3203 4018 apostolicam

1615 4033 1992 4086 auctoritatem
2025 4050 2215 4089 secure
2234 4046 2288 4089 et
2309 4037 2490 4105 quiete
2513 4038 2900 4108 perpetualiter
2925 4040 2980 4095 in
3009 4043 3201 4098 eodem

1618 4127 1953 4179 monasterio
2004 4138 2359 4195 permaneant
2392 4145 2404 4180 :
2438 4142 2535 4198 pro
2570 4143 2678 4200 quo
2718 4131 2882 4185 etiam
2913 4133 3014 4188 sub
3037 4133 3206 4189 divini

1611 4217 1798 4288 judicii
1849 4219 2212 4274 obtestatione
2260 4221 2660 4290 promulgantes
2718 4223 3084 4290 decernimus,
3145 4232 3206 4279 ut

1617 4311 1763 4365 nullo
1804 4311 2018 4381 ingenio
2065 4321 2157 4366 aut
2194 4323 2511 4383 argumento
2560 4313 2779 4370 auferre
2807 4316 3077 4382 audeant;
3107 4329 3202 4387 po-

1621 4404 1726 4458 tius
1757 4413 1934 4459 autent
1958 4403 2085 4474 jure
2134 4415 2395 4476 perpetuo
2447 4409 2502 4460 in
2528 4408 2722 4461 eodem
2752 4408 3055 4463 venerabili
3091 4423 3208 4465 mo-

1623 4499 1882 4563 nasterio,
1925 4508 1983 4551 ut
2030 4501 2276 4568 superius
2323 4498 2537 4554 aﬂixum
2588 4511 2693 4567 est,
2724 4501 3016 4572 proficiant
3045 4513 3102 4560 et
3149 4502 3210 4562 in

1623 4601 1894 4662 potestate
1924 4603 2086 4664 atque
2127 4596 2332 4649 ditione
2358 4595 2562 4650 Odonis
2587 4596 2820 4659 abbatis,
2853 4597 2936 4652 vel
2965 4598 3210 4654 omnium

43 4698 252 4761 ierint,
309 4693 700 4748 benedictionis
747 4692 980 4764 gratiam
1029 4699 1085 4743 et
1136 4689 1376 4744 caelestis
1432 4703 1518 4742 re-
1547 4723 1596 4786 Ι)
1626 4699 2006 4740 successorum
2057 4702 2278 4742 suorum
2325 4689 2604 4754 abbatum,
2666 4704 2760 4745 seu
2817 4693 3214 4748 monachorum

50 4787 238 4843 tionis
261 4795 468 4842 aeterna
490 4785 683 4857 gaudia
712 4801 741 4840 a
761 4785 908 4857 justo
931 4781 1112 4855 judice
1139 4783 1364 4840 Domino
1404 4778 1516 4836 Deo
1547 4777 1588 4786 ’⁷
1626 4777 1823 4831 ibidem
1874 4777 1985 4833 Deo
2055 4780 2408 4835 servientium
2473 4791 2830 4850 permaneant
2880 4781 3217 4852 disponenda

43 4897 92 4937 'o
126 4879 411 4949 consequi
443 4863 777 4933 mereantur.
1625 4879 1788 4942 atque
1835 4873 2184 4943 possitenda.
2243 4873 2478 4944 Siquis
2528 4885 2709 4932 autem
2751 4875 3044 4929 temerario
3085 4888 3222 4930 ausu

684 5013 773 5069 Ν.
1628 4975 1820 5023 contra
1848 4967 2005 5036 hujus
2029 4980 2231 5024 nostra:
2262 4967 2572 5036 apostolicae
2615 4967 2997 5041 praeceptionis
3027 4967 3225 5024 seriem

760 5052 773 5067 ’
1628 5086 1657 5125 a
1690 5072 1844 5125 nobis
1895 5072 2293 5143 promulgatam
2346 5073 2534 5127 venire
2576 5075 2665 5129 vel
2713 5083 2882 5141 agere
2910 5067 3224 5132 tentaverit,

1632 5173 1769 5228 sciat
1799 5188 1855 5228 se
1880 5171 2100 5228 Domini
2139 5171 2314 5229 nostri
2366 5174 2738 5242 apostolorum
2791 5167 3060 5238 principis
3081 5165 3236 5222 Petri

1633 5273 1997 5332 anathematis
2035 5275 2267 5333 vinculo
2309 5273 2654 5344 innodatum,
2694 5283 2752 5331 et
2793 5283 2918 5324 cum
2951 5268 3172 5326 diabolo
3194 5270 3251 5319 et

2826 5369 2954 5408 Ϊητῖιι
2989 5381 3006 5408 Ι
3021 5373 3257 5416 maitnﬂl

149 5165 515 5210 Ριιινιιεοιωι
553 5165 657 5206 PRO
693 5166 870 5206 EODEM
910 5165 1270 5207 HONASTEBIO.

546 5265 725 5336 (Anno
759 5265 910 5336 9'57.)
