3934 6404
83 307 122 368 1
139 311 246 369 073

1273 316 1633 380 EPISTOLrE
1670 320 1760 378 ET
1798 321 2214 385 PRIVILEGIA.

3246 332 3385 391 1074

177 425 436 529 Conditor
483 425 855 486 universitatis
903 438 1067 502 alque
1105 432 1400 530 dispositor
1439 435 1967 530 ChristusAtotum
2013 450 2216 506 veteris
2265 451 2406 507 muri
2433 453 2720 522 ambitum,
2773 472 2941 530 usque
2979 459 3046 514 ad
3092 459 3233 514 viam
3263 475 3386 530 quae

85 515 388 582 Dominus,
417 532 516 588 per
551 529 955 576 sacrosanctum
999 538 1109 579 sure
1137 525 1530 585 lucarnationis
1579 543 1696 602 my-

85 609 357 678 sterium,
407 613 770 672 universalem
822 617 1118 674 Ecclesiam
1169 620 1272 676 sibi
1319 621 1575 694 copulare
1617 624 1699 681 di-

85 712 302 773 gnatus
333 716 435 772 est,
467 707 712 766 diversos
749 723 879 766 vero
928 721 1147 770 sanctos
1185 715 1238 770 in
1269 714 1462 771 eadem
1508 716 1696 774 Eccle-

85 798 188 852 sia
213 799 372 870 quasi
401 800 613 856 diversa
640 803 694 856 in
725 819 835 859 uno
864 818 1091 877 corpore
1113 808 1355 864 membra
1393 809 1694 880 disposuit:

85 899 162 945 et
200 907 665 966 unumquemque,
718 905 878 968 prout
923 899 1136 956 interno
1173 900 1291 970 ejus
1325 902 1554 958 consilio
1583 903 1700 975 pla-

86 984 241 1048 cuit,
297 985 351 1040 in
402 987 570 1058 ipsius
618 987 873 1046 Ecclesiae
920 1005 1167 1062 corpore,
1202 993 1357 1064 cujus
1386 994 1502 1064 ipse
1538 1002 1700 1066 caput

88 1073 225 1130 ﬁeri
253 1075 510 1148 dignatus
557 1088 659 1144 est,
707 1081 1031 1140 mirabiliter
1079 1084 1389 1140 ordinavit:
1437 1085 1700 1156 quosdam

90 1166 460 1225 excellentius
481 1170 769 1240 decorans,
811 1182 873 1229 ut
917 1174 1060 1231 sicut
1102 1177 1344 1232 membra
1379 1177 1434 1232 in
1470 1192 1702 1249 corpore

89 1258 353 1326 quaedam
381 1260 694 1319 honestiora
723 1273 872 1328 sunt,
910 1274 966 1321 et
993 1265 1107 1322 suis
1132 1265 1322 1323 olliciis
1351 1277 1496 1339 apta,
1550 1269 1624 1323 ita
1647 1276 1704 1325 et

91 1347 160 1402 in
221 1348 461 1406 Ecclesia
515 1353 598 1408 vel
648 1355 1026 1423 excellentior,
1077 1357 1162 1412 vel
1201 1357 1427 1415 inferior
1472 1358 1704 1431 quisque

87 1441 256 1497 vices
290 1458 418 1500 suas
445 1445 565 1516 ipso
589 1459 810 1504 auctore
838 1449 1156 1519 disponente
1197 1453 1585 1509 convenienter
1608 1469 1704 1509 ex-

89 1532 274 1602 pleat,
317 1543 374 1589 ut
421 1535 827 1610 scilicet,‘juxta
860 1540 1188 1610 apostolum,
1231 1541 1383 1597 stella
1419 1542 1634 1600 diﬁerat
1669 1562 1706 1600 a

88 1627 261 1681 stella
282 1628 336 1682 in
372 1627 836 1704 claritate'UCor.
855 1637 968 1702 xv).
1003 1635 1073 1688 At
1108 1649 1235 1690 vero
1260 1635 1401 1692 inter
1423 1651 1520 1692 eos
1565 1652 1704 1707 quos

93 1719 294 1774 divina
359 1721 693 1792 dispensatio
763 1724 1050 1782 sublimius
1119 1726 1354 1794 evexit,
1413 1727 1703 1800 praedictus

89 1811 458 1870 beatissimus
487 1815 750 1872 Martinus
784 1817 1070 1875 Turonicte
1093 1820 1238 1876 sedis
1263 1820 1704 1892 archiepiscopus
1729 1804 1781 1866 Β

96 1917 220 1958 non
283 1905 628 1962 mediocriter
687 1905 922 1979 eﬁ‘ulget,
969 1907 1123 1980 cujus
1174 1909 1425 1967 videlicet
1475 1910 1704 1982 gloriam

99 1995 441 2052 universalis
475 1997 859 2055 Christianitas
887 2007 1198 2069 attestatur,
1234 2017 1355 2073 qute
1405 2001 1575 2069 illum,
1623 2002 1707 2060 di-

100 2089 241 2144 vino
268 2089 527 2147 instinctu
558 2093 814 2163 quodam,
863 2093 1084 2165 speciali
1117 2093 1312 2152 aﬂ‘ectu
1341 2098 1707 2154 communiter

101 2194 280 2249 amat,
309 2184 383 2241 ita
407 2194 464 2241 ut
509 2202 776 2257 nusquam
807 2187 914 2242 alio
955 2195 1078 2257 post
1128 2197 1442 2245 sanctorum
1490 2200 1706 2261 aposto-
1737 2195 1739 2198 ‘

99 2272 288 2330 lorum
319 2276 504 2332 limina
544 2279 611 2334 de
653 2289 762 2333 tam
821 2279 1130 2352 longinquis
1159 2289 1214 2336 et
1254 2281 1485 2337 diversis
1533 2284 1708 2338 natio-

100 2369 272 2424 nibus
295 2371 572 2426 conﬁuant
597 2383 868 2442 oratores,
895 2375 1037 2431 sicut
1076 2375 1282 2432 faciunt
1325 2377 1392 2432 ad
1422 2377 1590 2447 ipsius
1616 2393 1708 2432 ve-

101 2461 354 2517 nerabile
397 2465 723 2535 sepulcrum.
756 2466 890 2522 Nam
932 2479 989 2524 et
1035 2469 1150 2540 ipse
1198 2485 1355 2525 sacer
1412 2469 1561 2526 locus
1616 2471 1705 2526 ubi

100 2553 368 2624 quiescit,
415 2558 468 2612 in
527 2574 720 2630 magna
775 2562 1080 2618 reverentia
1125 2563 1290 2618 etiam
1345 2564 1414 2619 ab
1468 2565 1708 2635 antiquis

101 2651 305 2708 diebus
335 2669 440 2709 non
472 2655 644 2711 solum
677 2657 820 2727 apud
860 2657 1134 2728 vulgares,
1169 2659 1266 2714 sed
1319 2668 1373 2714 et
1412 2659 1551 2728 apud
1605 2674 1706 2713 ex-

101 2742 530 2801 cellentissimos
574 2762 731 2819 reges
775 2763 840 2804 ac
889 2749 1164 2818 principes
1213 2749 1334 2816 fuit,
1375 2750 1516 2804 sicut
1573 2765 1707 2805 non-

101 2833 248 2891 nulli
273 2845 510 2893 vestrum
546 2837 782 2894 videndo
837 2838 1038 2895 sciunt.
1074 2837 1144 2894 Ut
1187 2839 1329 2894 enim
1379 2839 1702 2905 audivimus,

102 2926 249 2982 nulli
295 2943 534 2999 unquam
591 2928 807 2985 femina:
859 2930 1002 2985 intra
1056 2931 1318 2986 ambitum
1368 2932 1705 2997 monasterii,

101 3017 281 3072 etiam
319 3019 418 3075 sub
469 3029 712 3092 tempore
768 3035 1124 3092 paganorum,
1172 3021 1586 3092 permittebatur
1620 3037 1708 3078 ac-

100 3122 321 3165 cessus.
367 3109 500 3166 Cum
531 3127 663 3167 vero
711 3125 936 3168 necesse
965 3111 1068 3166 fuit
1119 3120 1176 3166 ut
1227 3120 1447 3183 propter
1494 3112 1707 3167 illorum

102 3203 482 3260 incursionem
516 3204 570 3258 in
595 3204 814 3260 civitate
843 3205 1226 3270 collocaretur,
1267 3203 1591 3276 plangebant
1621 3203 1704 3260 sui

102 3294 372 3359 cultores,
411 3295 536 3364 quia
577 3311 682 3350 non
723 3295 981 3352 valebant
1007 3310 1130 3350 eum
1158 3296 1238 3351 sic
1266 3295 1320 3349 in
1371 3303 1519 3350 tanta
1555 3310 1706 3351 reve-

101 3385 312 3449 rentia,
353 3393 414 3438 ut
452 3383 604 3450 olim,
651 3386 926 3452 venerari,
967 3399 1068 3441 nec
1100 3385 1387 3440 mulierum
1420 3385 1708 3456 prohibere

103 3475 466 3534 concursum.
519 3475 600 3534 0b
646 3477 789 3548 quod
844 3477 1009 3533 etiam
1059 3475 1213 3545 juxta
1273 3475 1389 3545 ejus
1426 3461 1706 3531 basilicam

99 3571 332 3628 fundari
387 3586 603 3627 murum
643 3571 946 3639 studuistis,
987 3579 1048 3626 ut
1096 3571 1170 3626 ita
1221 3571 1304 3626 vel
1353 3569 1423 3626 ab
1461 3571 1708 3628 incendio

106 3662 351 3729 defendi,
395 3663 480 3718 vel
530 3663 584 3718 in
613 3663 842 3735 pristina
873 3664 1167 3721 honestate
1196 3673 1379 3735 posset
1421 3663 1534 3732 ipse
1559 3661 1708 3720 locus

105 3754 328 3809 haberi.
381 3752 489 3810 Sed
534 3769 622 3810 res
665 3755 720 3810 in
755 3755 1092 3810 contrarium
1142 3769 1297 3810 versa
1324 3761 1428 3821 est,
1456 3753 1581 3823 quia
1610 3767 1708 3824 per

103 3848 457 3905 occasionem
489 3848 698 3906 castelli
723 3848 1042 3906 mulieribus
1063 3856 1118 3904 et
1138 3847 1420 3920 impudens
1455 3855 1509 3902 et
1539 3845 1707 3902 libera

105 3944 462 4000 conversatio
494 3952 598 4011 est,
633 3959 758 4000 cum
794 3952 975 4000 tamen
1005 3944 1110 4000 hoc
1136 3943 1212 3998 nil
1243 3943 1389 3998 aliud
1412 3940 1562 4006 facit,
1604 3941 1708 3998 nisi

115 4042 233 4098 sola
266 4041 591 4114 negligentia
623 4050 681 4097 et
719 4048 872 4112 tepor
899 4040 1224 4096 servitorum
1261 4039 1398 4110 ejus.
1429 4037 1708 4108 Siquidem

117 4134 306 4190 veniet
331 4133 450 4189 dics
482 4132 698 4204 judicii,
744 4141 801 4188 et
843 4132 1219 4203 unusquisque
1269 4132 1322 4186 in
1374 4145 1472 4186 suo
1516 4129 1709 4185 ordine

113 4225 383 4296 insurget,
435 4233 492 4282 et
540 4224 894 4280 manifestum
946 4225 1053 4280 erit
1099 4239 1195 4295 per
1233 4238 1369 4293 quos
1403 4222 1593 4294 religio
1640 4221 1711 4278 sit

108 4323 322 4381 erecta,
367 4315 450 4370 vel
480 4330 579 4385 per
605 4331 740 4387 quos
787 4315 1050 4386 neglecta.
1103 4313 1399 4370 Dolendum
1449 4313 1604 4369 nobis
1627 4325 1713 4370 est

117 4417 358 4478 tempora
379 4406 490 4477 jam
519 4408 826 4479 periculosa
850 4408 1082 4473 venisse,
1111 4415 1167 4463 et
1194 4409 1273 4463 sic
1320 4416 1544 4478 apparet
1582 4408 1710 4462 cha-

113 4503 336 4557 ritatem
378 4501 518 4572 apud
549 4502 746 4556 multos
777 4500 1078 4568 refrixisse,
1106 4501 1448 4572 iniquitatem
1475 4516 1603 4556 vero
1629 4501 1710 4555 ni-

108 4595 282 4652 mium
314 4594 804 4665 superabundasse.
839 4595 1040 4650 Verum
1083 4595 1208 4665 quia
1239 4603 1424 4651 sancta
1465 4595 1710 4652 Ecclesia

108 4689 275 4743 beato
316 4686 479 4744 Petro
511 4688 877 4759 apostolorum
927 4688 1157 4761 principi
1221 4689 1529 4760 specialiter
1555 4704 1708 4746 com-

111 4779 281 4835 missa
311 4788 416 4847 est,
459 4789 514 4836 et
544 4797 641 4852 per
668 4797 791 4838 eum
839 4783 1247 4838 successoribus
1297 4781 1434 4852 ejus,
1488 4797 1710 4839 necesse

1792 540 1948 611 juxta
1979 543 2119 600 latus
2166 545 2402 602 basilica:
2445 549 2759 620 aquilonare
2812 551 3007 624 vergit,
3038 551 3202 618 nulla,
3235 560 3387 622 post-

1799 652 1964 707 quam
2001 639 2139 694 hanc
2193 639 2475 711 epistolam
2528 643 2794 711 videritis,
2858 645 3057 700 femina
3111 646 3384 702 licentiam

1800 731 2002 786 habeat
2032 735 2425 800 commorandi,
2478 735 2572 791 sed
2604 751 2705 792 nec
2749 737 2984 792 intrandi
3018 738 3254 808 quidan
3282 737 3387 792 nisi

1801 823 1970 880 solius
1999 839 2160 880 causa
2217 827 2500 882 orationis.
2541 827 2598 882 Si
2638 829 2759 898 quis
2811 844 2941 884 vero
2993 828 3061 883 de
3122 825 3391 883 ministris

1802 916 1905 972 hoc
1928 917 2281 988 apostolicum
2317 918 2663 974 interdictum
2719 919 3038 988 neglexerit,
3068 927 3162 974 aut
3209 918 3391 988 aliqua

1802 1007 2001 1064 femina
2060 1009 2265 1064 intrare
2306 1011 2736 1081 pra-sumpserit,
2788 1011 2970 1064 tandiu
3018 1009 3394 1065 excommuni-

1803 1109 1960 1155 catus
1998 1101 2092 1167 sit,
2121 1116 2403 1172 quousque
2456 1102 2724 1172 promissa
2769 1101 3149 1158 emendatione
3186 1101 3392 1156 absolvi

1803 1203 2096 1250 mereatur.
2122 1195 2217 1250 Sin
2245 1204 2444 1254 autem.
2478 1195 2604 1264 quia
2631 1211 2726 1266 per
2753 1195 3032 1250 audaciam
3067 1204 3121 1250 ct
3151 1203 3395 1250 contem-

1803 1292 2041 1362 ptionem
2073 1291 2140 1346 ad
2174 1290 2279 1346 hoc
2328 1293 2832 1363 transgrediendum
2876 1293 3125 1362 pertinax
3170 1289 3394 1345 exstite-

1801 1384 1898 1449 rit,
1931 1385 2078 1439 illum
2106 1399 2350 1454 prorsus,
2382 1384 2464 1438 vel
2501 1383 2670 1451 illam.
2699 1384 3254 1440 excommunicamus.
3281 1379 3394 1436 0b-

1805 1475 2149 1531 servantibus
2174 1475 2288 1530 haec
2316 1476 2490 1547 gratia
2518 1485 2573 1530 et
2597 1491 2704 1546 pax
2727 1475 2926 1531 Christi
2968 1491 3064 1545 per
3110 1489 3239 1530 suos
3267 1487 3396 1542 apa-

1805 1565 1973 1621 stolos
2003 1574 2058 1621 et
2082 1565 2226 1621 beati
2264 1564 2479 1620 Martini
2511 1580 2702 1635 preces
2727 1565 3130 1634 multiplicetur.

1876 1655 2148 1727 Scriptum
2196 1671 2291 1726 per
2335 1671 2554 1710 manqu
2614 1656 2881 1710 Theodori
2917 1655 3112 1710 notarii
3160 1663 3220 1708 et
3264 1653 3401 1710 scri-

1806 1747 1965 1802 niarii
2003 1758 2204 1803 sancta:
2262 1747 2518 1802 “ornante
2567 1745 2825 1802 Ecclesiae
2872 1747 2925 1800 in
2962 1760 3149 1801 mense
3179 1743 3388 1800 Janua-

1807 1839 1911 1906 rio,
1941 1849 1997 1896 et
2038 1840 2336 1896 indictione
2392 1839 2701 1906 undecima,
2739 1838 3014 1896 Ludovico
3061 1837 3400 1894 Francorum

1806 1946 1932 2004 rege
1962 1933 2130 2006 (7H).

2547 2024 2653 2080 VII.

1806 2134 1995 2175 LEONIS
2030 2134 2103 2174 VII
2141 2132 2484 2174 PRIVIIJ-IGIUH
2525 2132 2626 2171 I’RO
2655 2131 2991 2172 MONASTERIO
3029 2131 3398 2172 CLUNIACENSL

1811 2208 2024 2266 Petente
2063 2209 2247 2265 Odone
2285 2210 2472 2264 abbate
2525 2209 2803 2277 con/irmat
2843 2206 3189 2264 Cluniaceuse
3222 2226 3394 2264 cama-

1879 2283 2022 2335 bium
2062 2298 2178 2334 cum
2219 2281 2459 2334 omnibus
2500 2280 2651 2334 rebus
2691 2279 2761 2332 ad
2795 2282 2963 2349 ipsum
3019 2281 3403 2346 pertinentibus

1878 2352 2095 2406 liberum
2144 2351 2208 2406 ab
2275 2351 2417 2405 omni
2467 2351 2756 2421 dominatu
2801 2349 3077 2420 cujuslibet
3126 2369 3398 2421 persoutc,

1877 2423 2215 2493 prohibetque
2271 2439 2334 2476 ne
2391 2438 2620 2491 unquam
2660 2419 2788 2485 ulli,
2839 2419 2946 2493 aut
2985 2419 3261 2493 canonico.
3303 2433 3400 2476 aut

1880 2495 2014 2547 laico
2038 2535 2051 2554 ,
2093 2492 2182 2546 aut
2223 2493 2380 2546 etiam
2421 2493 2596 2545 abbati
2634 2492 2922 2555 monacho,
2955 2493 3058 2546 nisi
3083 2492 3401 2562 regulariter

1879 2565 2068 2618 viventi
2109 2563 2515 2617 commendetur.
2561 2561 2875 2618 Libertatem
2901 2579 3104 2634 quoque
3131 2561 3404 2618 electionis

1879 2637 2043 2706 ipsius
2071 2635 2274 2688 abbatis
2312 2635 2524 2688 asserit.

1880 2726 1990 2781 Leo
2014 2725 2318 2796 episcopus,
2350 2740 2539 2781 servus
2581 2740 2864 2782 servorum
2908 2725 3026 2791 Dei,
3066 2725 3237 2781 000m
3269 2725 3403 2780 reli-

1809 2818 1959 2890 gioso
1983 2818 2164 2874 abbati
2187 2817 2560 2874 Cluniacensis
2583 2818 2813 2874 emnobii
2847 2819 2901 2874 in
2924 2819 3128 2873 honore
3159 2834 3404 2874 summo-

1811 2929 1930 2968 rum
1961 2911 2330 2983 apostolorum
2371 2910 2514 2966 Petri
2562 2920 2617 2966 ct
2657 2911 2810 2967 Pauli
2845 2911 3174 2979 consecrati,
3197 2913 3344 2982 quod
3367 2930 3401 2968 a

1811 3009 2100 3067 Guillelmo
2121 3008 2513 3078 Aquitanorum
2545 3009 2682 3064 duce
2703 3017 3075 3064 constructum
3098 3017 3202 3075 est,
3231 3015 3284 3062 et
3306 3021 3410 3077 per

1815 3109 1866 3155 te
1891 3099 1996 3155 tuis
2023 3099 2427 3156 successoribus
2453 3099 2506 3154 in
2537 3107 2874 3170 perpetuum.

1885 3193 2039 3252 Sicut
2063 3193 2252 3264 pietati
2295 3192 2532 3249 ﬁdelium
2584 3201 2750 3264 patet,
2795 3191 3120 3250 universalis
3143 3191 3402 3248 Ecclesia:

1812 3302 1941 3343 cura
1996 3285 2156 3342 beato
2200 3283 2364 3341 Petro
2409 3284 2716 3356 specialiter
2756 3286 3047 3341 commissa
3089 3295 3194 3351 est,
3230 3294 3284 3341 et
3306 3299 3408 3353 per

1813 3382 1988 3451 ipsum
2023 3381 2426 3436 successoribus
2463 3379 2601 3448 ejus.
2631 3381 2976 3452 Quapropter
3007 3390 3193 3436 nostro
3215 3383 3402 3436 mode-

1814 3477 2010 3531 ramiui
2055 3477 2328 3544 convenit,
2369 3488 2427 3531 ut
2475 3492 2594 3541 nos,
2651 3479 2742 3548 qui
2797 3478 2908 3532 Deo
2947 3486 3169 3533 auctore
3199 3486 3411 3534 sanctte

1813 3567 1926 3624 sedi
1972 3566 2232 3622 Romana:
2288 3567 2680 3636 praesidemus,
2738 3567 3070 3637 quibuslibet
3149 3568 3406 3626 ﬁdelibus

1813 3662 2109 3718 secundum
2145 3660 2461 3732 religionem
2490 3660 2792 3716 viventibus
2837 3660 2921 3716 vel
2948 3663 3406 3718 conversantibus

1813 3752 1900 3821 pia
1961 3750 2336 3806 benevolentia
2403 3750 2739 3815 subveniret,
2804 3751 2894 3806 ubi
2951 3751 3089 3805 forte
3152 3761 3402 3808 nostrum

1815 3842 2132 3914 suifragium
2165 3841 2409 3913 indigent
2464 3841 2548 3896 vel
2595 3849 2876 3910 expetunt,
2909 3841 3157 3896 certatim
3187 3852 3402 3912 sataga-

1815 3952 1956 3992 mus.
1990 3935 2056 3990 Et
2086 3935 2288 3990 idcirco
2322 3933 2638 4004 przedictum
2685 3933 3040 3994 Cluniacensc
3067 3935 3406 3998 cinnobium,

1814 4029 1991 4099 primo
2019 4027 2235 4097 quidem
2265 4040 2362 4096 pro
2390 4039 2574 4080 amore
2592 4023 2872 4079 beatorum
2895 4025 3260 4095 apostolorum
3283 4028 3408 4095 qni-

1815 4119 1917 4176 bus
1960 4128 2339 4175 consecratum
2389 4125 2493 4181 est,
2521 4132 2585 4171 ac
2629 4133 2726 4187 pro
2762 4116 3018 4187 religione
3059 4135 3183 4188 quin
3207 4119 3403 4173 ibidem

1820 4221 2058 4275 tenetur,
2084 4210 2278 4266 deinde
2305 4209 2470 4264 etiam
2497 4224 2596 4280 pro
2618 4209 2906 4265 dilectione
2931 4209 3162 4265 ﬁliorum
3188 4221 3403 4265 nostro-

1818 4321 1960 4370 rum,
2020 4301 2270 4358 videlicet
2325 4315 2510 4372 regum
2573 4300 2812 4371 Hugouis
2869 4310 3032 4372 atque
3092 4301 3184 4356 ﬁlii
3236 4305 3406 4373 ipsius

1818 4393 2083 4458 Lotbarii,
2125 4393 2215 4462 qui
2270 4392 2444 4447 locum
2493 4392 2691 4462 ipsum,
2744 4393 3150 4458 ulaudivimus,
3173 4395 3407 4447 multum

1823 4486 2022 4550 fovent,
2065 4485 2359 4540 sublimare
2412 4493 2572 4554 atque
2616 4483 2848 4539 solidare
2879 4499 2976 4554 per
3009 4493 3250 4540 nostram
3277 4502 3406 4555 apo-

1816 4581 2060 4636 stolicam
2114 4579 2492 4634 auctoritatem
2547 4577 2900 4634 decrevimus.
2942 4578 3150 4649 Itaque,
3171 4579 3407 4634 'sicutin

1815 4670 2114 4742 privilegiis
2142 4668 2558 4740 prwdecessoris
2588 4668 2757 4723 nostri
2791 4666 3016 4726 Joannis
3054 4685 3204 4741 papae
3233 4670 3410 4724 conti-

1816 4773 1978 4819 netur
2023 4762 2341 4833 praedictum
2385 4761 2692 4816 cmnobium
2733 4762 2800 4816 ab
2829 4763 2974 4817 omni
3008 4761 3283 4817 dominatu
3316 4777 3407 4816 cu.

111 4880 200 4927 est
222 4880 280 4927 ut
305 4873 534 4943 quisque
555 4881 820 4937 nostrum,
847 4882 1009 4943 prout
1036 4874 1146 4929 Deo
1169 4873 1432 4943 largiente
1454 4865 1706 4944 potuerit;

1821 4855 2033 4924 iuslibet
2055 4870 2320 4927 personae,
2343 4869 2639 4924 omnesque
2661 4870 2748 4910 res
2766 4857 2832 4911 ad
2851 4857 3022 4927 ipsum
3046 4857 3401 4926 pertinentes,

110 4963 353 5034 ejusdem
391 4964 668 5031 Ecclesiae,
699 4981 983 5036 quousque
1039 4966 1262 5036 indiget,
1291 4966 1575 5022 utilitatem
1612 4981 1711 5037 per

113 5057 354 5126 aliquam
395 5057 774 5112 auctoritatem
819 5065 1108 5112 sustentet.
1141 5057 1206 5112 Et
1256 5058 1458 5112 idcirco
1497 5057 1710 5114 videtur

115 5149 274 5205 nobis
303 5157 361 5203 ut
386 5159 622 5204 vestram
660 5147 1039 5219 negligentiam
1087 5163 1206 5218 qua:
1233 5157 1318 5204 est
1343 5163 1472 5220 erga
1499 5147 1703 5204 cultum

116 5239 262 5296 illius
291 5241 395 5297 loci
430 5241 778 5306 sanctissimi,
801 5256 899 5310 per
924 5249 1170 5297 nostrum
1194 5241 1542 5298 interdictum
1563 5256 1711 5298 com-

115 5345 450 5390 moneamus.

189 5424 374 5496 Itaque
421 5427 474 5480 in
524 5426 716 5497 primis
741 5427 1096 5484 observamus
1145 5427 1197 5480 in
1249 5424 1496 5493 Domino,
1547 5433 1606 5480 ut
1655 5433 1709 5480 tu

117 5513 286 5570 abbas
316 5515 804 5572 excellentissimus
840 5517 1012 5589 llugo,
1042 5525 1098 5572 et
1121 5517 1289 5586 ipsius
1319 5516 1551 5572 ctenobii
1575 5532 1711 5587 prte-

121 5608 300 5678 positi,
326 5623 513 5664 curam
563 5625 906 5682 summopere
955 5608 1279 5675 adhibeatis,
1306 5617 1573 5679 quatenus
1603 5625 1712 5688 per

1814 4967 1952 5021 quas
1983 4966 2127 5005 nunc
2177 4947 2260 5002 vel
2283 4947 2531 5002 monachi
2565 4957 2763 5012 tenent,
2798 4949 2881 5004 vel
2912 4947 3058 5016 juste
3084 4949 3405 5018 acquisituri

1815 5053 1963 5109 sunt,
2014 5043 2242 5098 liberum
2301 5049 2356 5096 et
2386 5039 2693 5096 absolutum
2718 5056 2837 5096 esse
2873 5041 3256 5110 praecipimus;
3292 5041 3404 5097 Ro-

1815 5148 1988 5188 manae
2020 5139 2231 5186 tantum
2279 5131 2416 5198 sedi,
2473 5131 2611 5186 sicut
2643 5132 2694 5185 in
2742 5139 3066 5186 testamento
3104 5131 3260 5188 bonae
3291 5148 3408 5188 me-

1817 5228 2003 5284 moriae
2049 5225 2319 5282 Guillelmi
2365 5226 2696 5292 continetur,
2745 5226 2819 5279 ita
2872 5225 2943 5280 sit
2991 5226 3408 5298 subjectum,ut

1817 5333 2094 5388 nunquam
2125 5325 2218 5373 aut
2246 5318 2526 5379 canonico,
2556 5324 2650 5370 aut
2695 5311 2865 5380 laico,
2906 5325 3000 5372 aut
3024 5317 3190 5372 etiam
3217 5316 3403 5372 abbati

1818 5413 2088 5470 monacho
2153 5413 2257 5468 nisi
2327 5410 2652 5482 regulariter
2706 5411 2907 5466 viventi
2971 5410 3402 5466 commendetur.

1821 5503 1986 5560 Villas
2037 5519 2169 5560 vero
2214 5519 2350 5574 quas
2397 5503 2597 5558 ibidem
2649 5504 2752 5574 pize
2782 5505 3059 5560 memoria:
3091 5503 3407 5574 Rodulphus

1819 5613 1914 5655 rex
1968 5597 2200 5657 contulit
2253 5598 2324 5652 ob
2374 5597 2475 5652 hoc
2520 5596 2586 5652 ad
2628 5597 2944 5668 praedictum
2992 5597 3298 5653 coenobium
3335 5609 3407 5650 ex

192 5779 341 5854 (7H)
370 5782 551 5839 Verba
575 5781 836 5840 Ludovico
865 5782 1200 5842 Francorum
1233 5801 1348 5857 rege
1383 5783 1527 5843 haud
1550 5784 1714 5842 dubie
1743 5783 1919 5840 aliena
1951 5786 2098 5838 sunt.
