3934 6452
580 330 740 419 ,ιοτδ

1942 333 2187 393 manus
2223 332 2427 392 PAPE
2466 335 2557 393 νυ

3691 347 3780 403 itii

605 453 717 499 toto
776 443 1143 503 conﬁrmanus
1182 462 1195 499 :
1229 445 1356 516 quia
1382 444 1525 521 licet,
1563 452 1624 515 ut
1658 444 1852 514 fertur,
1875 446 1942 507 ad
1964 446 2409 520 Lugdu-Aspes
2434 448 2592 505 nobis
2623 447 2798 516 inest,
2845 448 2975 521 quia
3005 450 3050 507 si
3079 451 3138 507 in
3165 449 3259 507 ilio
3297 450 3567 520 coenobio,
3605 457 3782 525 quodest

602 550 824 590 nensem
865 535 947 590 vel
989 534 1441 604 Matisconensem
1485 538 1768 599 ecclesiam
1798 542 2180 616 pertinuerint,

609 642 714 682 non
757 638 840 684 est
884 639 1059 686 tamen
1091 631 1286 702 aliquis
1314 641 1423 688 tant
1470 634 1724 707 longaevae
1748 637 1946 702 aetatis,
1970 638 2063 707 qui
2089 654 2184 697 un-

2226 600 2236 604 ,
2284 540 2442 610 quasi
2487 547 2650 617 caput
2684 556 2749 597 ac
2790 541 3150 613 principium,
3210 545 3556 600 observantia
3604 547 3780 620 religiosa

2286 632 2619 699 i'efloruerit,
2691 642 2888 690 caetera
2948 635 3378 707 circumquaque
3442 637 3634 707 posita,
3685 644 3783 711 quasi

601 733 763 788 quam
792 718 845 775 in
872 723 1147 792 praedictis
1194 725 1445 781 ecclesiis
1471 728 1788 785 vestituram
1817 729 1883 797 de
1913 729 2018 787 illis
2042 730 2183 789 villis

2286 725 2527 780 membra
2570 727 2969 783 convalescant.
3001 728 3074 785 Ut
3102 729 3248 784 enim
3282 729 3362 783 ait
3392 728 3672 800 Apostolus,
3698 750 3781 801 gal-

601 810 763 865 ullam
820 813 1020 869 habere
1066 815 1308 871 vidisset.
1353 817 1418 873 Et
1461 818 1584 891 quia
1617 820 1974 889 praestitutum
2009 822 2185 894 legale

602 908 813 974 tempus
856 904 923 960 ad
973 909 1369 978 recuperandas
1425 910 1728 981 hujusmodi
1784 916 2030 985 querelas
2065 930 2186 988 per-

602 997 840 1064 transiit,
889 992 1066 1056 omnis
1121 1002 1369 1073 repetitio
1408 1006 1779 1074 conquiescat.
1816 1008 2083 1067 Cieterum
2119 1010 2186 1068 de

599 1088 900 1145 ordinando
956 1091 1150 1147 abbate
1192 1101 1249 1147 et
1295 1094 1360 1153 de
1413 1095 1752 1162 iinmunitate
1796 1115 1975 1165 rerum
2015 1101 2185 1172 ipsius

599 1180 856 1245 cmnobii,
914 1183 1056 1238 sicut
1083 1182 1137 1239 in
1169 1183 1281 1256 jam
1331 1186 1487 1242 dictis
1527 1188 1820 1260 privilegiis
1854 1191 2183 1259 continetur,

600 1273 669 1327 sit
714 1276 1097 1343 perpetualiter
1158 1278 1529 1335 observatum.
1582 1281 1639 1339 Si
1680 1298 1804 1342 vero
1841 1284 1929 1339 illa
1960 1286 2180 1363 praedia,

601 1378 720 1434 quae
768 1368 1012 1437 przedicti
1071 1385 1224 1441 reges
1253 1370 1346 1425 filii
1377 1372 1548 1429 nostri
1590 1373 1765 1431 eidem
1794 1374 1912 1429 loco
1942 1375 2185 1439 contuie-

606 1466 754 1525 runt,
805 1460 891 1515 vel
939 1459 1140 1532 aliquid
1185 1461 1327 1518 aliud
1368 1463 1435 1535 de
1486 1460 1669 1533 rebus,
1718 1476 1812 1522 aut
1844 1467 1910 1523 de
1935 1468 2185 1533 omnobio

592 1550 749 1621 quod
779 1560 1004 1607 vocatur
1031 1552 1332 1621 Carilocus,
1364 1557 1506 1627 quod
1542 1566 1727 1613 noster
1753 1568 2066 1619 antecessor
2088 1574 2186 1631 per

599 1644 976 1699 auctoritatem
1034 1646 1301 1721 privilegii
1342 1649 1409 1703 ad
1450 1649 1628 1719 ipsum
1661 1650 1980 1711 Cluniacum
2012 1653 2182 1720 dedit,

603 1733 804 1804 aliquid
857 1752 1119 1809 usurpare
1173 1748 1266 1794 aut
1313 1741 1549 1815 retinere
1587 1746 2186 1815 praesumpseriuhuns

2284 816 2436 871 dante
2464 834 2569 878 imo
2613 819 2844 874 membro
2894 820 3095 891 reliqua
3139 821 3383 875 membra
3412 824 3786 891 congaudeqmic

2285 919 2509 971 econtra
2539 926 2703 968 omne
2746 922 2909 983 caput
2957 913 3267 986 languidum
3290 955 3308 981 ,
3357 924 3412 970 et
3435 929 3585 971 omne
3607 933 3681 972 cor
3702 934 3783 971 mtr-

2285 1022 2481 1066 retts...
2532 1009 2577 1062 Δ
2611 1008 2792 1080 planta
2822 1009 2969 1080 pedis
3003 1027 3164 1082 usque
3192 1011 3264 1069 ad
3306 1010 3545 1065 verticem
3572 1027 3656 1064 non
3678 1022 3727 1064 ett
3755 1014 3786 1067 in

2278 1114 2346 1152 eo
2376 1100 2645 1154 sanitas...
2677 1099 2749 1155 Ut
2779 1114 2975 1171 ergo...
3012 1100 3519 1156 conversationis...
3551 1100 3782 1157 sicutreua

2276 1189 2679 1259 verissimaque
2733 1191 2993 1247 relatione
3038 1192 3447 1261 comperimus,
3521 1193 3641 1265 quod
3697 1192 3785 1246 ﬁlius

2282 1290 2473 1337 hoster
2500 1281 2619 1337 Odb
2644 1282 2969 1338 venerabilis
2998 1283 3164 1339 abbas
3190 1284 3243 1338 in
3278 1284 3389 1338 hoc
3422 1285 3726 1347 monasterio,
3756 1297 3786 1338 et

2280 1372 2608 1428 venerabilis
2640 1373 2722 1427 vir
2750 1373 2924 1446 ﬁngo,
2956 1375 3207 1429 videlicet
3235 1375 3347 1428 dux
3380 1372 3694 1436 Francorum,
3725 1374 3785 1428 ilii-

2284 1464 2409 1521 dem
2438 1476 2610 1534 nuper
2635 1466 3017 1531 stabilierunt,
3066 1468 3307 1523 alacrius
3339 1472 3395 1521 et
3442 1465 3658 1522 securius
3680 1466 3715 1519 in
3737 1481 3785 1519 re-

2284 1556 2459 1627 gulari
2527 1556 2811 1626 disciplina
2878 1557 3166 1628 proficiat;
3242 1557 3567 1614 omnimodis
3614 1555 3707 1610 loco
3742 1555 3786 1608 ili

2288 1645 2473 1707 favere
2501 1660 2566 1702 ac
2596 1646 2878 1718 su'ﬁ‘ragari
2927 1656 3112 1704 nostra
3164 1647 3467 1719 apostolica
3499 1647 3785 1700 ammonitiom

2287 1754 2354 1794 ac
2380 1741 2674 1796 autoritate
2701 1741 2988 1811 providere
3010 1743 3376 1798 decrevimus.
3412 1741 3583 1810 itaque
3605 1756 3679 1810 per
3696 1740 3785 1793 illam

600 1826 1156 1884 excommunicamus.
1215 1828 1482 1886 Caeterum
1535 1843 1759 1890 cunctos
1784 1835 1874 1904 qui
1909 1834 2187 1904 adjutores
2216 1815 2264 1876 '
2290 1834 2673 1891 auctoritatem
2700 1845 2754 1889 et
2782 1845 3130 1905 potestatem,
3151 1851 3319 1905 quam
3350 1834 3587 1889 Christus
3611 1830 3785 1886 Demitur;

598 1914 769 1984 ipsius
810 1919 1044 1975 cmnobii
1066 1920 1150 1975 vel
1194 1921 1552 1979 fraternitatis
1584 1926 1638 1979 in
1666 1927 1808 1982 bono
1840 1926 2066 1994 fuerint,
2087 1928 2187 1997 bos

600 2020 861 2080 quantum
908 2022 1151 2083 potestas
1194 2016 1350 2071 nobis
1386 2033 1416 2073 a
1463 2016 1573 2073 Deo
1600 2035 1698 2090 per
1723 2020 1941 2074 beatum
1966 2020 2186 2075 Petrum

601 2100 798 2156 collata
825 2112 927 2170 est,
971 2104 1113 2160 sicut
1159 2116 1361 2163 sancta:
1385 2107 1638 2165 Ecclesia:
1658 2109 1843 2169 ﬁdeles
1864 2129 1894 2166 a
1924 2111 2040 2167 suis
2062 2126 2192 2183 neu-.-

599 2195 739 2250 catis
766 2197 1077 2266 praeteritis,
1117 2198 1162 2254 si
1206 2215 1263 2254 se
1292 2203 1583 2257 emendare
1633 2204 1918 2271 voluerint,
1943 2204 2182 2261 absolvio

598 2299 738 2355 mus,
769 2295 824 2342 et
854 2286 974 2345 illos
999 2289 1093 2359 qui
1113 2293 1370 2347 contrarii
1400 2293 1641 2363 quolibet
1662 2297 1821 2351 modo
1847 2296 2182 2363 exstiterint,

604 2374 706 2453 sub
735 2381 1102 2439 anathematis
1147 2385 1383 2452 vinculo,
1412 2396 1470 2441 ut
1520 2387 1630 2457 jam
1680 2389 1879 2443 dictum
1928 2398 2032 2456 est,
2083 2388 2188 2445 nisi

598 2470 947 2542 resipuerint,
979 2490 1151 2544 usque
1179 2475 1233 2531 in
1273 2479 1415 2533 diem
1452 2478 1662 2534 Domini
1701 2481 2019 2552 obligamus.
2076 2481 2189 2539 Pax

604 2568 659 2616 et
682 2563 856 2634 gratia
880 2563 1078 2623 Christi
1111 2567 1526 2626 observantibus
1548 2571 1962 2642 multiplicetur.

671 2651 944 2725 Scriptum
976 2671 1075 2727 per
1105 2673 1299 2713 manus
1325 2658 1521 2715 Leonis
1562 2662 1760 2716 notarii
1799 2670 1854 2716 et
1907 2664 2189 2720 scriniarii

599 2756 800 2810 sancta:
844 2749 1102 2809 Romanae
1142 2753 1398 2810 Ecclesia:
1442 2756 1496 2810 in
1528 2771 1716 2812 mense
1740 2757 2024 2824 Januario,
2051 2761 2191 2817 indi-

599 2840 779 2896 ctione
800 2856 877 2897 ιι.
907 2840 1183 2914 Capellam
1214 2855 1395 2902 autem
1426 2846 1793 2916 Petronnano,
1822 2867 1943 2921 quae
1971 2860 2192 2908 contra-

600 2930 681 3007 ria
724 2940 808 2989 est
861 2935 1102 2992 ecclesia;
1141 2937 1283 2994 beati
1327 2938 1475 2995 Petri
1504 2942 1570 2995 de
1596 2940 1803 3014 Lange,
1835 2944 1977 3000 sicut
2006 2954 2189 3002 actum

600 3032 681 3079 est
708 3024 763 3080 in
798 3026 1026 3085 concilio
1051 3029 1429 3102 episcoporum
1480 3034 1621 3103 apud
1646 3034 1985 3101 Cabilonem,
2011 3035 2191 3093 fundi-

600 3123 688 3172 tus
708 3122 1264 3191 cxcommunicamus,
1290 3134 1348 3181 et
1372 3126 1625 3181 omnibus
1647 3128 2019 3185 sacerdotibus
2048 3145 2188 3201 prae-

601 3207 829 3278 cipimus
855 3225 924 3275 ex
954 3211 1051 3268 Dei
1093 3222 1148 3275 et
1186 3178 1263 3275 ὃ..
1287 3214 1434 3273 Petri
1482 3217 1829 3284 auctoritate,
1861 3220 1948 3275 vel
1974 3178 2183 3289 nostra,
2212 3178 2261 3243 ϐ

604 3307 663 3357 ut
688 3299 868 3359 nullus
896 3303 952 3363 in
989 3319 1057 3369 ea
1082 3305 1327 3363 divinum
1351 3305 1592 3367 ofﬁcium
1612 3324 1775 3381 agere
1797 3322 2110 3383 praesumat.

1343 3417 1473 3477 Vili.

602 3538 791 3585 130118
825 3542 901 3584 VH
947 3540 1291 3588 PRIVILEGIUI
1345 3548 1446 3589 PRO
1501 3550 1839 3596 NONASTERIO
1876 3555 1920 3596 S.
1963 3554 2183 3599 BENEDI-

1148 3618 1239 3660 οτι
1276 3612 1638 3663 πολίω-εκεῖ.

1209 3697 1396 3770 (Anno
1435 3701 1598 3771 938.)

606 3783 915 3866 legatum
1038 3786 1308 3866 Benedicti
1339 3788 1695 3866 Floriacensis
1725 3794 2057 3866 disciplinam
2076 3838 2091 3863 ,
2121 3802 2189 3853 ab

680 3855 863 3913 Odone
891 3858 1077 3914 abbate
1096 3869 1146 3914 et
1173 3858 1416 3931 Hugone,
1447 3861 1577 3917 duce
1604 3855 1955 3931 Francorum,
1980 3855 2188 3923 restitu-

677 3936 806 3996 tam,
838 3937 886 3984 et
910 3930 1259 4000 possessiones
1287 3941 1333 3986 et
1363 3933 1630 4004 privilegia
1660 3930 1954 4005 conﬁrmat.

611 4017 804 4093 [Apud
838 4017 1041 4093 Mabill.
1073 4020 1207 4083 Acta
1250 4020 1349 4078 SS.
1383 4026 1498 4079 0rd.
1536 4022 1593 4083 S.
1621 4024 1818 4081 Bened.
1840 4067 1855 4094 ,
1902 4028 1967 4094 Υ,
2023 4028 2186 4104 907.]

676 4132 789 4191 Leo
820 4133 1138 4206 episcopus,
1163 4149 1355 4191 servus
1382 4151 1661 4193 servorum
1691 4137 1822 4203 Dei,
1861 4136 2032 4195 Onam
2064 4140 2191 4196 reli-

607 4227 756 4298 gioso
787 4227 967 4284 abbati
998 4229 1323 4285 venerabilis
1349 4231 1658 4299 monasterii
1684 4233 1858 4287 sancti
1888 4233 2187 4303 Benedicti,

609 4317 703 4388 qui
733 4325 788 4373 et
815 4316 1203 4386 Floriacensis,
1255 4320 1310 4376 in
1345 4334 1454 4391 quo
1497 4321 1611 4391 ipse
1646 4324 1941 4394 requiescit
1973 4324 2027 4380 in
2071 4340 2191 4382 cor-

611 4426 776 4481 pore,
831 4427 895 4468 ac
924 4426 1023 4483 per
1052 4421 1103 4468 te
1139 4413 1191 4468 in
1242 4413 1434 4471 eodem
1483 4417 1814 4473 monasterio
1860 4418 2188 4486 venerabili,

613 4505 827 4577 tuisque
852 4506 1257 4567 successoribus
1302 4508 1359 4564 in
1394 4518 1728 4581 perpetuum.

683 4597 945 4655 Convenit
1006 4602 1301 4672 apostolico
1357 4604 1712 4660 moderamini
1777 4605 1866 4678 pia
1930 4607 2195 4680 religione

609 4687 936 4760 pollentibus
962 4691 1193 4763 benigna
1219 4696 1592 4765 compassione
1617 4711 1934 4754 succurrere
1950 4739 1967 4765 ,
2016 4707 2071 4756 et
2095 4713 2190 4771 pov
2236 4719 2253 4727 “

612 4782 879 4843 scentium
909 4783 1105 4841 animis
1153 4786 1321 4842 alacri
1349 4788 1633 4843 devotione
1672 4803 1955 4845 assensum
1992 4792 2193 4861 imper-

612 4875 726 4932 tiri.
759 4876 840 4932 Ex
865 4877 970 4934 hoc
995 4877 1141 4934 enim
1173 4876 1309 4935 lucri
1356 4879 1696 4948 potissimum
1745 4882 2025 4951 praemium
2053 4882 2193 4953 apud

611 4967 945 5043 conditorem
966 4969 1208 5026 omnium
1232 4968 1402 5026 Deum
1429 4970 1676 5027 obtinere
1694 4972 2038 5039 conﬁdimus,
2065 4972 2194 5028 dum

614 5061 945 5133 venerabilia
980 5062 1098 5119 loca
1127 5071 1315 5120 nostro
1342 5061 1543 5120 fuerint
1571 5064 1897 5121 adminiculo
1923 5072 2191 5136 reparata.

615 5151 684 5208 Et
710 5153 765 5210 in
793 5153 899 5211 hoc
921 5142 1181 5215 debemus
1205 5170 1367 5213 omne
1409 5156 1651 5212 studium
1695 5158 1936 5213 habere:
1971 5167 2031 5212 ut
2067 5157 2197 5228 quia

617 5246 821 5317 nostris
860 5248 1095 5319 peccatis
1126 5247 1468 5320 exigentibus
1494 5263 1677 5305 rerum
1703 5250 1837 5305 ordo
1879 5249 2042 5305 nimis
2076 5258 2196 5303 tur-

616 5336 777 5409 batus
803 5349 929 5409 est;
964 5340 1145 5407 illum,
1192 5341 1509 5411 inquantum
1551 5339 1663 5396 Deo
1690 5340 1955 5412 largiente
2005 5354 2198 5411 possu-

613 5448 775 5505 mus,
806 5442 1117 5492 sustentare
1162 5451 1437 5493 curemus.
1495 5435 1626 5492 lude
1658 5450 1790 5506 ergo
1819 5435 1981 5490 valde
2025 5435 2199 5507 gavisi

618 5543 831 5596 sumus,
856 5529 983 5601 quia
1013 5529 1330 5600 praedictum
1363 5529 1667 5586 emnobium
1695 5528 1992 5589 beatissimi
2024 5528 2200 5585 Bene-

619 5623 770 5691 dicti,
801 5623 895 5694 qui
919 5631 1003 5679 est
1023 5621 1184 5679 Pater
1203 5630 1258 5679 et
1286 5622 1390 5678 dux
1421 5622 1830 5693 monachorum,
1856 5618 2203 5705 reﬂorescere

620 5716 689 5772 ad
715 5732 960 5772 normam
984 5717 1295 5772 monasticae
1318 5715 1593 5788 religionis
1617 5717 1886 5771 audimus.
1923 5715 2053 5770 Nam
2079 5729 2202 5770 cum

623 5806 717 5868 ille
743 5810 1081 5870 monasticae
1107 5808 1499 5901 ogganniam
1523 5809 1727 5888 ubique
1747 5808 1835 5877 sit
1858 5807 2199 5878 imminutus,

2289 1936 2478 1984 uoster
2506 1929 2562 1982 in
2586 1927 2749 1983 beato
2779 1926 2945 1983 Petro
2981 1926 3351 1999 apostolorum
3388 1925 3610 1995 principe
3637 1921 3786 1976 rec-tori-

2287 2020 2391 2075 bus
2440 2028 2643 2074 sanetae
2690 2018 2949 2074 Ecclesiae
2992 2018 3297 2081 concessit,
3368 2030 3464 2086 per
3508 2013 3610 2082 ejus
3645 2027 3786 2083 quoque

2290 2111 2601 2182 apostolica:
2621 2114 2822 2166 nostra:
2845 2110 3186 2165 auctoritatis
3215 2105 3565 2182 [decretum]
3588 2105 3785 2160 (πίητειίιηί-

2291 2220 2414 2260 mus
2456 2212 2621 2274 atque
2644 2204 2994 2267 ordinamus,
3045 2212 3104 2257 ut
3134 2216 3417 2271 nunquam
3445 2199 3582 2253 locus
3606 2197 3697 2259 ille,
3731 2202 3785 2249 aut
3846 2232 3847 2315 ι

2292 2309 2371 2315 κ--
2413 2293 2658 2315 ξημιξι.-.
2690 2309 2710 2315 Α
2735 2295 2752 2315 ι
2793 2294 2965 2315 2..----η
2997 2293 3335 2315 ..-...:_-.....--
3417 2289 3509 2315 -..1.
3531 2287 3704 2315 ..Ιὲιηπῖηρ
3727 2299 3769 2315 ειη

2291 2309 2383 2349 res
2407 2293 2663 2364 quaelibet
2686 2295 2753 2348 ad
2793 2294 2968 2363 ipsunt
2997 2293 3337 2363 pertinentes
3353 2333 3368 2356 ,
3417 2289 3511 2345 sub
3530 2287 3784 2382 alicujuspo-

2289 2389 2523 2447 testate,
2579 2382 2680 2437 nisi
2715 2390 2922 2436 tantum
2970 2380 3083 2451 regi
3118 2379 3502 2441 submittatur;
3548 2388 3689 2443 neque
3715 2379 3783 2441 ipse

2291 2490 2425 2540 rex,
2477 2472 2563 2529 vel
2605 2473 2801 2542 aliquis
2843 2473 3130 2542 princeps,
3189 2485 3435 2541 unquam
3480 2468 3628 2538 ipsum
3669 2464 3779 2519 local

2292 2568 2473 2625 tradat
2499 2575 2594 2620 aut
2621 2566 2895 2636 episcopo,
2925 2575 3021 2619 aut
3049 2564 3341 2629 canonico,
3373 2559 3456 2616 vel
3483 2558 3620 2613 alicui
3644 2554 3777 2620 abbati,

2291 2656 2405 2713 sive
2431 2656 2568 2712 laico
2599 2656 2829 2722 homini,
2861 2664 2955 2710 aut
2980 2655 3203 2710 cuilibet
3232 2665 3477 2724 personae
3499 2649 3559 2704 ad
3582 2648 3777 2703 demimu-
3846 2724 3847 2727 η

2291 2750 2418 2805 dum
2447 2768 2458 2803 :
2487 2749 2585 2805 sed
2614 2749 2755 2805 sicut
2783 2748 3076 2818 prodictus
3120 2746 3292 2802 Pater
3319 2742 3620 2800 Benedictus
3649 2736 3779 2793 ωειςε-

2291 2844 2418 2908 tuit,
2450 2842 2608 2898 talem
2635 2852 2759 2912 post
2786 2841 3086 2897 discessum
3117 2835 3419 2910 supradicti
3445 2826 3776 2890 abbatisOdonis

2291 2937 2544 2994 monachi
2589 2937 2863 3001 habeant,
2901 2933 3115 3004 qualem
3154 2932 3337 2987 omnis
3362 2924 3695 3000 congregatio,
3729 2918 3777 2973 vel
3846 2980 3847 2999 χ

2292 3030 2516 3085 minima
2543 3044 2670 3100 pars
2695 3027 2902 3083 seniori
2933 3026 3163 3082 consilio
3187 3023 3484 3081 secundum
3507 3022 3646 3075 Deum
3664 3014 3773 3086 clege

2294 3123 2424 3189 rint,
2456 3123 2572 3177 sive
2601 3122 2665 3176 de
2689 3122 2804 3191 ipsa
2838 3120 3266 3191 congregatione
3287 3160 3302 3184 ,
3337 3117 3450 3172 sive
3480 3115 3541 3169 de
3561 3111 3645 3166 alia
3665 3106 3774 3179 quali-

2290 3215 2383 3270 bet
2409 3213 2706 3269 monastica
2753 3212 3100 3268 fraternitate
3146 3210 3333 3267 fuerit.
3386 3207 3441 3265 Si
3488 3214 3638 3262 autem
3661 3196 3772 3271 (quod

2291 3305 2455 3377 absit)
2482 3305 2645 3361 talem
2671 3316 2957 3376 personam
2983 3302 3183 3373 eligere
3213 3299 3519 3362 maluerint,
3544 3295 3620 3366 qui
3644 3289 3775 3358 velptl'

2290 3414 2517 3466 manus,
2570 3397 2656 3453 vel
2689 3410 2787 3468 per
2812 3396 3165 3467 cupiditatem
3216 3393 3397 3451 inanis
3430 3388 3595 3464 gloria
3614 3392 3770 3481 praess

2290 3491 2555 3557 voluerit;
2585 3490 2688 3546 hoc
2718 3504 2816 3561 per
2844 3503 3043 3543 nomen
3071 3487 3290 3543 Domini
3336 3492 3391 3541 et
3416 3490 3596 3540 sancta:
3626 3474 3772 3547 genitri-

2291 3588 2375 3644 cis
2405 3587 2557 3657 ejus,
2619 3583 2675 3639 in
2716 3581 2871 3653 cuius
2897 3583 3108 3638 honore
3131 3582 3286 3638 locus
3313 3580 3429 3651 ipse
3455 3570 3769 3667 dedicatust'sli

2292 3694 2502 3735 necnon
2532 3685 2590 3734 et
2619 3678 2767 3734 beati
2796 3675 2944 3732 Petri
2972 3676 3214 3731 omnium
3270 3671 3605 3730 Ecclesiarum
3641 3660 3768 3734 princi-
3846 3668 3847 3677 ‘

2291 3773 2412 3844 P18,
2462 3770 2791 3827 omnimodis
2817 3770 3187 3842 prohibemus.
3238 3766 3308 3823 Et
3353 3764 3624 3861 quicunque
3658 3748 3769 3861 vel}?
3846 3782 3847 3861 ι

2293 3866 2424 3937 ipsis
2448 3864 2749 3930 monachis,
2777 3864 2863 3920 vel
2896 3865 2961 3919 de
2990 3861 3232 3933 quolibet
3266 3850 3450 3917 ordine
3478 3850 3763 3948 qut‘tlistultlil"e

2291 3971 2554 4028 persona,
2600 3966 2691 4011 aut
2729 3955 2785 4010 in
2817 3953 3117 4009 ordinando
3147 3953 3377 4018 abbate,
3427 3955 3511 4003 aut
3548 3944 3592 3999 iu
3614 3940 3760 3994 iesione

2294 4063 2495 4114 rerum,
2529 4049 2645 4106 sive
2668 4049 2724 4104 in
2755 4047 3085 4104 detrahenda
3112 4046 3199 4103 vel
3224 4041 3545 4117 impedienda
3570 4040 3762 4091 conversa-

2296 4142 2473 4208 tione,
2524 4156 2685 4213 quam
2715 4140 2911 4197 novelli
2948 4139 3147 4196 fratres
3198 4150 3384 4195 tenere
3409 4134 3501 4190 visi
3528 4136 3653 4190 sunt,
3688 4134 3764 4213 tott-

2294 4234 2495 4289 trarius
2540 4208 2847 4299 exstiterit,
2916 4233 3065 4289 hunc
3115 4231 3217 4287 sub
3257 4223 3586 4286 anathematis
3625 4208 3761 4270 vinculo

2295 4325 2634 4392 innodamus,
2668 4326 2842 4381 donec
2865 4325 3183 4380 humiliatus
3219 4324 3512 4394 resipiscat.
3541 4312 3761 4368 Villasvm

2294 4431 2432 4487 quas
2460 4417 2531 4472 in‘
2557 4432 2693 4488 opus
2720 4416 2969 4483 fratrum,
3005 4431 3104 4488 per
3154 4415 3458 4473 testamenti
3485 4404 3757 4488 auctoritaltlil

2290 4483 2369 4564 ab
2388 4483 2627 4579 antiquis
2653 4517 2868 4565 constat
2892 4483 3023 4564 esse
3041 4508 3310 4576 decretas,
3355 4506 3407 4562 id
3447 4512 3519 4559 est
3542 4501 3674 4568 ipsam
3693 4483 3759 4579 til-

2296 4598 2407 4655 lem
2439 4574 2629 4664 totam,
2666 4608 2723 4655 et
2743 4598 3229 4670 Caput-Cervium,
3260 4574 3314 4654 et
3339 4598 3560 4653 Everam.
3585 4574 3756 4642 etArmi'

2300 4692 2601 4758 nieurtem,
2651 4699 2707 4746 et
2735 4691 2995 4759 Diacum,
3029 4699 3192 4762 atque
3214 4691 3514 4750 Toriacum,
3547 4688 3591 4735 et
3616 4675 3758 4762 Sarma-

2301 4784 2469 4851 cioia,
2513 4783 2600 4840 vel
2644 4784 2791 4854 quod
2835 4785 2977 4855 apud
3027 4760 3280 4855 Stampas
3313 4781 3494 4839 habere
3532 4771 3698 4827 videtur,
3722 4760 3755 4811 ά

2302 4876 2608 4944 Vinolium,
2651 4877 2766 4932 sive
2793 4886 2996 4933 caetera
3038 4892 3370 4948 quaecunque
3413 4859 3752 4941 in'pndicwlt-

2302 4979 2573 5031 stamento
2597 4972 2970 5039 continentur,
3021 4974 3096 5028 ita
3140 4972 3243 5029 sibi
3277 4964 3593 5028 communiter
3622 4952 3749 5048 Ῑηπξε

2300 5064 2568 5133 habeant,
2621 5072 2684 5120 ut
2708 5079 2810 5122 nec
2839 5066 2954 5135 ipse
2983 5066 3149 5120 abbas
3168 5106 3185 5132 ,
3234 5078 3330 5120 nec
3356 5062 3512 5129 aliqua
3536 5054 3698 5135 1³⁸⁵9³³³
3716 5048 3747 5089 ³³

2300 5165 2567 5228 potestate
2590 5156 2814 5214 alterius
2858 5134 3151 5228 quidquam
3200 5156 3422 5228 dirigere
3447 5144 3597 5220 possit.
3632 5134 3671 5228 in
3686 5140 3741 5228 or:

3000 5211 3110 5303 tam
3138 5262 3269 5314 rex,
3303 5211 3740 5325 Euam-crime???

2302 5341 2427 5396 boni
2478 5341 2780 5410 principes,
2833 5340 2920 5395 vel
2965 5340 3123 5406 laici,
3171 5316 3612 5409 banc-potestatem
3641 5316 3736 5410 ill"?

2302 5433 2446 5489 beati
2474 5407 2747 5490 benedicti
2794 5440 3119 5503 praeceptum
3165 5407 3421 5493 habeant,
3465 5428 3514 5477 ιιι
3546 5407 3736 5503 Nam???

2305 5541 2410 5581 non
2457 5493 3123 5596 permittant-pravalere
3157 5530 3496 5579 consensum:

2305 5590 2667 5684 constituant,
2717 5590 3125 5687 qtiisecundum
3159 5614 3420 5687 regulam,
3468 5613 3512 5659 ει
3550 5590 3730 5687 reﬁgi?!

2305 5711 2687 5783 praedictorum
2709 5677 2931 5762 Datrum
2949 5707 3361 5764 consuetudines
3381 5704 3565 5783 praess?

2306 5756 2738 5893 alii;
3127 5756 3445 5875 iussu
3478 5776 3625 5854 uiue
3654 5756 3726 5823 tt“
