3858 5780
23 341 120 397 ΓΠ

1185 317 1542 401 sperem
1579 340 1669 399 er
1705 333 2114 401 PRIVILEGIA.

3132 349 3268 408 10⁵18

23 457 419 523 ~aevaricatus,
450 463 508 512 et
534 449 780 512 nonnuiii
810 455 1006 516 fratres
1036 459 1089 514 in
1115 460 1436 530 quibusdam
1472 469 1583 518 σω·
1612 459 1664 521 Α
1691 465 1801 516 tate
1829 462 2052 516 nimium
2083 439 2484 532 superabundant
2531 459 2790 528 iniquitas
2821 477 2833 514 :
2866 459 2941 515 ita
2991 469 3048 516 ut
3086 473 3270 517 rerum

23 549 166 605 )biis
189 549 584 620 ingemiscunt,
607 549 749 618 quod
776 564 877 605 nec
900 550 1001 621 ipsi
1029 552 1234 622 absque
1260 543 1591 620 proprietate

23 641 341 704 mversari,
397 637 480 695 vel
505 641 638 696 aiios
674 643 873 698 habere
898 642 1140 700 volentes
1162 646 1452 699 emendare
1482 657 1594 700 non

24 744 248 800 )ssunt,
286 735 465 789 visum
504 735 657 791 nobis
686 745 768 790 est
816 744 874 790 ut
902 736 1042 792 hanc
1076 735 1347 791 licentiam
1386 736 1591 791 tribua»

32 845 132 893 us,
167 829 328 900 quod
359 830 437 884 cis
473 831 563 900 qui
596 831 863 885 voluerint
892 831 1070 886 studio
1096 830 1442 885 meliorandae
1468 829 1592 884 vita:

28 922 42 974 l
80 923 274 992 ipsum
309 924 498 978 ducem
526 925 911 984 monachorum
941 923 1250 994 confugere,
1305 939 1333 977 a
1361 925 1472 978 suis
1499 924 1593 978 ab-

24 1014 213 1068 lliblIS
249 1029 361 1068 non
394 1023 658 1084 negetur:
688 1015 780 1068 sed
826 1016 1003 1069 tandin
1054 1015 1214 1071 liceat
1247 1015 1350 1070 illis
1380 1030 1593 1084 perma-

23 1119 119 1159 ere
161 1102 330 1172 juxta
382 1105 859 1170 consuetudinem,
909 1121 1069 1173 quam
1103 1106 1404 1159 invenerint
1453 1107 1593 1174 apud

23 1203 196 1248 'atres
225 1195 472 1264 praedicti
501 1197 755 1260 emnobii,
785 1212 1064 1267 quousque
1093 1197 1143 1250 in
1178 1197 1290 1252 suis
1313 1205 1589 1252 monaste-

31 1286 80 1338 is
116 1286 264 1341 ordo
299 1285 561 1356 regularis
586 1286 776 1342 florere
805 1287 1065 1343 videatur.
1097 1288 1333 1343 Econtra
1363 1286 1593 1358 permit-

27 1391 182 1441 mus,
237 1383 300 1428 ut
327 1377 371 1430 si
402 1377 560 1431 alicui
588 1377 768 1431 de.....
802 1392 1030 1432 onerosa
1059 1377 1238 1443 fuerit,
1291 1389 1347 1432 ut
1377 1394 1474 1434 suo
1502 1393 1593 1448 po-

27 1483 98 1520 us
127 1468 621 1522 detrimento.......
649 1469 907 1534 discedat,
937 1478 992 1522 ut
1020 1485 1125 1524 nou
1149 1470 1284 1524 alios
1307 1470 1588 1540 inquietet.

28 1570 270 1614 :eterum
308 1559 734 1616 immunitas.....
773 1561 1112 1615 auctoritatis
1153 1571 1350 1618 nostrm
1388 1561 1593 1616 consti-

27 1660 109 1703 ita
140 1650 222 1704 sic
256 1649 460 1703 illibata
497 1652 548 1703 in
578 1651 828 1706 omnibus
859 1650 1011 1715 locis,
1046 1649 1128 1723 [ut
1158 1648 1324 1721 nulla]
1359 1659 1592 1720 potesta-

32 1761 56 1798 s
97 1759 337 1812 persona
369 1743 621 1798 familiam
651 1745 992 1815 distringere,
1022 1754 1114 1799 aut
1145 1761 1232 1798 res
1257 1745 1402 1814 ipsas
1431 1761 1587 1800 usur-

29 1848 154 1894 are,
203 1842 296 1886 aut
330 1833 633 1901 inquietare
661 1842 969 1903 praesumat.
1009 1832 1202 1888 Verum
1236 1844 1291 1886 ut
1326 1835 1442 1890 hazc
1470 1850 1588 1888 om-
1621 1811 1678 1871 Bb

23 1922 88 1974 tia
123 1921 340 1976 ﬁrmius
390 1932 704 1988 teneantur,
751 1925 1060 1994 quicunque
1098 1924 1372 1994 adjutores
1424 1927 1593 1995 ipsius

24 2013 238 2068 oenobii
278 2013 638 2070 fraternitatis
665 2015 718 2070 in
747 2017 886 2071 hono
921 2016 1141 2082 fuerint,
1178 2018 1300 2081 hos,
1331 2027 1594 2088 quantum

23 2105 161 2159 uobis
188 2113 430 2174 potestas
460 2122 490 2160 a
520 2107 630 2160 Deo
658 2122 753 2175 per
773 2108 988 2162 beatum
1018 2107 1238 2162 Petrum
1273 2107 1466 2161 collata
1488 2116 1594 2174 est,

23 2197 154 2251 sicut
181 2206 384 2252 sancta:
415 2198 667 2253 Ecclesia:
691 2199 892 2262 ﬁdeles,
918 2199 962 2253 si
985 2198 1274 2254 emendare
1306 2199 1594 2266 voluerint,
1641 2193 1644 2196 ’

23 2287 371 2353 ibsolvimus;
424 2287 544 2343 illos
579 2305 706 2343 vero
737 2289 828 2358 qui
859 2289 1116 2344 contrarii
1168 2289 1406 2359 quolibet
1441 2291 1597 2348 modo

24 2380 343 2446 :xstiterint,
376 2382 475 2435 sub
501 2382 862 2437 anathematis
886 2383 1125 2446 vinculo,
1165 2383 1353 2453 utjam
1387 2384 1592 2438 dictum

23 2481 112 2532 3st,
153 2471 254 2524 nisi
293 2472 640 2540 resipuerint,
679 2488 849 2541 usque
899 2473 951 2526 in
980 2473 1121 2527 diem
1153 2472 1360 2526 Domini
1393 2472 1598 2544 obliga-

29 2578 152 2617 nus.
185 2562 297 2618 Pax
329 2572 382 2620 et
426 2565 599 2637 gratia
643 2564 846 2620 Christi
892 2565 1305 2622 observantibus
1345 2565 1600 2635 multipli-

23 2663 187 2708 :etur.

84 2744 358 2818 Scriptum
394 2760 492 2816 per
517 2760 736 2800 manum
771 2747 1036 2802 Theodori
1069 2748 1264 2802 notarii
1296 2756 1350 2804 et
1378 2749 1597 2805 subdia-

23 2837 131 2888 τοιιί
185 2837 242 2891 S.
296 2838 361 2892 Β.
401 2839 465 2894 Ε.
515 2839 569 2894 in
619 2856 804 2896 mense
844 2840 1133 2908 Januario,
1180 2845 1474 2901 indictione
1521 2861 1598 2900 χι.

23 2928 160 2982 liene
207 2931 396 2987 valete.
460 2932 653 2988 Datum
702 2952 733 2991 v
779 2934 901 2990 ldus
949 2935 1192 2992 Januarii
1237 2953 1333 3008 per
1379 2954 1598 2993 manum

23 3015 217 3072 Nicolai
267 3021 558 3092 primicerii
603 3039 824 3082 summze
875 3027 1186 3095 apostolicm
1219 3029 1399 3094 sedis,
1456 3043 1599 3085 anno

23 3106 123 3160 Deo
154 3110 380 3179 propitio
412 3113 760 3182 pontiﬁcatus
787 3117 988 3178 domini
1023 3118 1194 3170 nostri
1237 3117 1434 3174 Leonis
1461 3135 1596 3190 pon-

24 3198 179 3252 tiﬁcis
209 3209 260 3256 et
289 3202 605 3260 universalis
652 3203 740 3260 Vll
787 3223 938 3279 papa:
968 3207 1020 3261 in
1055 3209 1427 3265 sacratissima
1471 3211 1597 3268 sede

25 3293 165 3350 beati
197 3295 340 3352 Petri
389 3297 616 3370 apostoli
649 3316 748 3367 ιιι,
797 3301 852 3358 in
877 3316 1067 3358 mense
1100 3311 1156 3360 et
1185 3303 1478 3360 indictione
1503 3320 1594 3360 su-

29 3406 349 3478 prascriptis.

755 3509 849 3566 ιχ.

33 3634 209 3675 ιῑοκιε
274 3635 347 3676 νιι
405 3634 662 3676 EPISTOLA
708 3631 778 3675 AD
848 3637 1123 3678 GUIDONEM
1184 3625 1602 3693 LUGDUNENSEM,

371 3706 691 3748 TUTBLONE!
731 3703 1085 3752 TUIONINSEI
1111 3734 1126 3760 ,
1162 3705 1269 3751 etc.

621 3785 814 3853 (Anno
847 3784 973 3840 953.
990 3788 1008 3856 )

43 3873 371 3947 Miserabilem
404 3874 653 3930 Ecclesiae
701 3885 896 3931 statum
941 3878 1131 3947 deﬂet;
1179 3879 1244 3932 de
1271 3877 1501 3947 regulari
1530 3879 1610 3932 di-

105 3945 310 4012 sciplina
358 3947 415 4002 in
477 3948 852 4003 monasterium
908 3945 1245 4005 Flo'riacense
1292 3945 1355 4005 ab
1426 3948 1609 4006 Odone

107 4018 279 4071 abbate
307 4019 538 4071 reducta.

420 4106 610 4180 [Apud
640 4105 842 4163 Mabill.
878 4109 964 4164 ubi
999 4108 1216 4183 supra.]

110 4217 211 4274 Leo
235 4219 532 4290 episcopus,
567 4233 754 4275 servus
799 4235 1079 4276 servorum
1121 4221 1236 4286 Dei,
1269 4221 1530 4278 fratribus
1555 4226 1610 4277 et

50 4310 195 4377 ﬁliis,
233 4311 473 4368 videlicet
506 4312 960 4383 archiepiscopis,
1006 4323 1169 4384 atque
1199 4330 1386 4370 eorum
1414 4313 1605 4368 suifra-

51 4405 247 4472 ganeis,
289 4403 514 4460 GUIDONI
563 4403 816 4462 Ecclesia:
866 4405 1272 4475 Lugdunensis,
1328 4404 1608 4462 TUTELONI

1690 551 1825 606 ordo
1877 558 2019 607 totus
2048 565 2184 622 pene
2223 551 2470 607 turbatus
2501 549 2601 615 sit,
2651 557 2704 605 et
2737 548 2915 607 nullus
2955 549 3068 620 iam
3122 543 3277 608 locus

1691 641 1940 712 religioni
1988 650 2198 697 restare
2241 640 2508 696 videatur.
2561 638 2669 696 Nos
2717 653 2845 696 vero
2890 639 3073 712 (quod
3111 641 3277 695 nimis

1685 722 1979 787 'doiendum
2023 733 2136 804 est)
2179 747 2280 789 nec
2327 745 2394 788 ex
2427 733 2656 788 adverso
2685 732 3000 794 ascendere,
3041 745 3141 786 nec
3171 731 3274 785 ima

1692 823 1950 893 pietatem
2001 825 2299 895 reprimere
2347 833 2621 880 certamus
2651 839 2666 878 :
2693 822 2788 880 sed
2819 823 3091 894 quidquid
3133 821 3284 877 aliud-

1693 923 1776 968 est
1826 914 1968 983 quod
2017 914 2259 985 religioni
2310 915 2649 981 adversatur,
2692 914 2892 970 clausis
2946 913 3278 969 mentalibu’e

1693 1006 1865 1062 oculis
1930 1008 2266 1079 negligenter
2333 1001 2689 1064 transilimus.
2759 1007 2962 1070 Porro,
3026 1006 3281 1078 quamvis

1695 1098 1898 1153 inertes
1923 1110 1976 1153 et
2002 1099 2290 1164 desidiosi,
2342 1109 2582 1155 nostram
2638 1100 3020 1172 negligentiam
3055 1101 3281 1155 minime

1694 1187 2164 1257 pertimescamus,
2189 1191 2440 1260 ignorare
2468 1199 2646 1245 tamen
2674 1206 2780 1246 non
2805 1193 3110 1260 possumus,
3137 1189 3282 1260 quod

1697 1281 1764 1336 de
1789 1293 1974 1336 nostra
1999 1283 2332 1338 viliicatione
2354 1283 2464 1339 Deo
2488 1286 2755 1340 rationem
2785 1285 3050 1340 reddituri
3071 1297 3278 1342 sumus.

1696 1372 2054 1445 QuaprOpter,
2087 1376 2414 1444 charissimi,
2453 1377 2710 1442 nitamur,
2757 1385 3018 1446 quantum
3056 1391 3154 1448 per
3203 1374 3284 1430 di-

1694 1468 1874 1522 vinam
1903 1471 2129 1540 gratiam
2155 1483 2460 1538 possumus,
2484 1479 2543 1526 ut
2582 1487 2610 1524 a
2642 1470 2991 1526 custodienda
3020 1469 3290 1540 religione

1696 1561 1779 1616 vel
1811 1561 1913 1632 piis
1967 1563 2178 1617 actibus
2209 1577 2274 1618 ex
2323 1574 2435 1619 toto
2460 1563 2616 1619 vacui
2658 1579 2763 1618 non
2811 1563 3170 1617 inveniamur.
3215 1561 3296 1618 Ur

1696 1660 1878 1706 autem
1920 1651 1986 1706 ad
2034 1668 2148 1707 rem
2187 1653 2469 1708 veniamus
2516 1654 2585 1708 ob
2621 1652 2776 1721 cujus
2807 1652 3152 1708 occasionem
3185 1651 3298 1706 ista

1695 1745 1878 1800 dicere
1901 1731 2186 1814 coepimus,
2213 1745 2516 1799 intimatum
2549 1755 2633 1799 est
2655 1745 2830 1810 nobis,
2856 1745 3020 1800 etiam
3049 1752 3103 1798 et
3127 1747 3280 1799 certa

1695 1836 2088 1904 verissimaqne
2143 1836 2404 1891 relatione
2464 1837 2871 1906 comperimus,
2941 1836 3083 1904 quod
3137 1834 3280 1888 ﬁlius

1697 1938 1885 1982 noster
1911 1925 2026 1983 Odo
2058 1928 2384 1982 venerabilis
2418 1927 2586 1983 abbas
2639 1944 2702 1982 ex
2736 1927 3069 1982 monasterio
3101 1925 3290 1982 admo-

1697 2019 1824 2073 dum
1872 2018 2197 2082 reverendo,
2243 2017 2509 2072 vocabulo
2556 2017 2843 2083 Floriaco,
2914 2018 3055 2086 quod
3105 2025 3188 2073 est
3235 2016 3294 2071 in

1695 2108 1902 2162 honore
1933 2117 2137 2162 sancta:
2163 2107 2256 2162 Dei
2312 2109 2593 2177 genitricis
2645 2107 2826 2162 Mariae
2851 2117 2904 2161 et
2934 2107 3110 2162 sancti
3140 2106 3302 2160 Petri

1699 2205 2092 2262 constructum,
2138 2197 2228 2251 ubi
2267 2199 2557 2267 requiescit
2581 2200 2832 2268 egregius
2861 2198 3025 2253 Pater
3061 2199 3295 2253 domnus

1698 2302 1886 2347 noster
1913 2290 2257 2344 beatissimus
2287 2290 2627 2356 Benedictus,
2659 2291 2824 2345 decus
2848 2289 3103 2344 videlicet
3141 2300 3293 2360 gem-

1701 2399 1896 2454 maque
1923 2383 2338 2446 monachorum,
2370 2382 2673 2454 regularem
2703 2381 3173 2436 conversationem
3223 2389 3294 2434 ex

1701 2479 1992 2534 traditione
2013 2493 2234 2534 suorum
2256 2469 2717 2548 prredecessOrum
2742 2485 2928 2532 tenere
2948 2476 3298 2546 aliquatenus

1701 2589 1823 2629 cum
1860 2573 1972 2627 suis
2002 2571 2261 2628 fratribus
2291 2571 2420 2625 inibi
2450 2571 2563 2625 Deo
2607 2570 2973 2625 servientibus
3021 2569 3294 2623 videatur.

1703 2663 1856 2718 Hunc
1882 2677 2010 2733 ergo
2037 2662 2284 2718 ordinem
2317 2661 2371 2715 in
2397 2661 2659 2730 praedicto
2695 2660 2814 2716 loco
2831 2701 2845 2726 ,
2895 2657 3008 2713 Deo
3033 2658 3254 2714 favente
3274 2699 3289 2722 ,

1701 2753 2063 2822 aliquatenus,
2127 2762 2184 2808 ut
2225 2753 2646 2808 audivimus.....
2705 2752 2792 2808 Sic
2836 2753 3028 2808 desinit
3077 2750 3293 2804 Floria-

1703 2861 1852 2900 cense
1875 2844 2188 2916 exemplum,
2220 2845 2360 2915 quod
2382 2837 2592 2900 urinam
2607 2846 2866 2914 integrum
2887 2843 3214 2898 Haberemus.

1867 3087 2214 3129 PRIVILEGIUM
2255 3087 2356 3128 PRO
2390 3087 2726 3128 IONASTERIO
2765 3085 3105 3128 SUBLACENSI.

1623 3171 1670 3236 C
1701 3181 1900 3248 Leoni,
1959 3185 2262 3238 monasterii
2291 3182 2353 3247 S.
2394 3183 2672 3240 Benedicti.
2716 3181 3050 3238 Sublacensis
3082 3181 3262 3242 abbati
3279 3218 3312 3250 ,_

1772 3265 1819 3308 et
1902 3254 2014 3324 ejus
2064 3255 2482 3324 successoribus,
2560 3273 2578 3305 ‹
2632 3255 2919 3308 interuentu
2987 3253 3068 3324 sui
3121 3249 3311 3324 dilecti

1772 3319 2064 3409 spirituaiis
2141 3325 2264 3409 ﬁlii
2315 3323 2856 3409 A‘lbe‘ricimgloriosi
2903 3319 3194 3409 principii.
3251 3321 3310 3375 et

1775 3391 2064 3457 senatoris,
2101 3413 2118 3444 ι
2142 3391 2544 3448 ίιηοηαετενὶιιιη
2587 3391 2656 3448 8(
2703 3391 2925 3447 Erasini
2963 3393 3018 3446 in
3063 3391 3226 3446 οωιιο

1778 3473 1952 3519 monte
1991 3463 2274 3533 regendum
2300 3463 2486 3520 tradit.

2227 3552 2523 3624 εοοοιιυει.
2551 3551 2798 3625 Late.)

1780 3659 1894 3721 Leo
1925 3669 2232 3738 episcopus,
2285 3681 2474 3723 servus
2502 3677 2782 3722 servorum
2812 3664 2932 3731 Dei,
2959 3664 3160 3720 dilectio
3187 3661 3300 3719 tilio

1707 3758 1873 3818 Lsout
1899 3759 2167 3814 monacho
2190 3750 2507 3830 presbytero
2525 3798 2539 3824 ,
2573 3765 2740 3830 atque
2763 3751 2948 3814 abbati
2975 3751 3300 3813 venerabili

1708 3851 2026 3910 monasterii
2076 3848 2250 3906 salicti
2301 3848 2578 3906 Benedicti
2615 3849 3116 3921 apud'Sublacmn,
3167 3856 3298 3905 san-

1710 3951 1918 4012 curque
1965 3949 2069 3996 tute
2121 3939 2559 4010 congregationi,
2621 3939 3134 4010 successoribusquo
3194 3937 3304 3995 tuin

1712 4030 1954 4099 ejusdem
1982 4029 2300 4085 monasterii
2329 4029 2383 4083 in
2419 4037 2761 4100 perpetuum.

1782 4123 2016 4179 Credita:
2067 4120 2450 4192 speculationis
2498 4135 2630 4176 cura
2677 4117 3040 4192 impellimur,
3088 4117 3304 4176 necnon

1711 4215 2036 4272 Christianae
2062 4214 2342 4286 religionis
2362 4215 2558 4269 ardore
2589 4229 2689 4284 pro
2717 4213 2906 4269 studio
2929 4211 3098 4268 divini
3123 4209 3306 4267 cultus

1711 4322 2114 4380 permovemur,
2139 4321 2242 4376 pro
2279 4305 2681 4362 venerabilimn
2703 4306 2947 4362 locorum
2972 4303 3315 4370 subitam,-

1715 4411 1878 4470 atque
1929 4399 2040 4453 Deo
2071 4394 2428 4453 servientium
2456 4397 2750 4454 securitate
2799 4397 2990 4453 marios
3032 4407 3186 4461 esse,
3237 4401 3302 4450 ut

53 4491 383 4559 Turonensis,
430 4493 683 4551 Genuuco
707 4493 1059 4550 Bituricensis
1081 4537 1094 4560 ,
1122 4495 1411 4552 Gsanuuo
1440 4496 1609 4551 Seno-
1635 4525 1696 4586 ι)
1715 4491 1819 4546 hoc
1846 4489 2203 4561 proveniente
2249 4490 2342 4560 pio
2368 4489 2560 4546 labore
2585 4490 2772 4544 animo
2816 4486 3038 4546 Christo
3074 4487 3300 4553 dicata,

55 4588 249 4652 nensis,
295 4587 552 4644 Annaeo
584 4587 944 4653 Rhemensis,
998 4597 1158 4657 atque
1206 4588 1609 4645 successoribus

57 4691 222 4735 eorum
248 4681 295 4733 in
326 4690 666 4750 perpetuum.

123 4769 256 4827 Sicut
282 4780 454 4826 vestra
485 4770 616 4826 ﬁdes
640 4778 693 4826 et
717 4770 888 4842 pietas
921 4785 1027 4825 non
1074 4771 1308 4842 ignorat,
1342 4769 1609 4824 intantum

63 4860 278 4919 Christus
304 4863 560 4918 Dominus
587 4873 773 4920 noster
800 4873 1042 4920 sanctam
1070 4863 1366 4927 Ecclesiam
1398 4863 1608 4930 dilexit,

65 4960 115 5004 ut
139 4970 242 5008 cam
273 4953 490 5023 proprio
523 4953 783 5023 sanguine
818 4963 1182 5024 compararet,
1223 4968 1388 5022 quam
1419 4955 1472 5007 et
1502 4968 1607 5009 cae-

69 5042 177 5094 leris
207 5041 406 5111 quidem
447 5041 703 5110 apostolis
729 5051 994 5098 eteorum
1027 5043 1432 5098 successoribus
1462 5057 1612 5098 com-

70 5133 324 5187 mnnlavit.
363 5133 467 5190 Sed
499 5133 729 5188 maxime
777 5151 870 5204 per
905 5137 1143 5206 ipsorum
1179 5133 1453 5204 principes
1486 5133 1612 5189 bea-

75 5222 303 5278 lissimum
333 5224 547 5278 Petrum
596 5232 650 5277 et
674 5224 899 5282 Paulum
939 5228 1078 5282 hanc
1104 5227 1392 5298 disponere
1419 5225 1610 5282 decre-

74 5312 137 5363 vit
163 5328 173 5366 :
199 5331 409 5384 quorum
461 5329 802 5372 successores
838 5327 945 5372 tam
983 5319 1035 5372 in
1085 5317 1186 5372 hac
1227 5323 1416 5370 sancta
1449 5316 1609 5383 sede,
1641 5369 1644 5372 .

76 5417 208 5468 quam
238 5404 420 5474 ubique
468 5413 756 5473 terrarum,
806 5409 1112 5479 quicunque
1143 5424 1208 5464 ex
1241 5406 1346 5462 ﬁde
1378 5405 1606 5473 vixerit,

78 5496 281 5548 eanulcm
329 5495 552 5563 quisque
584 5495 636 5548 in
689 5512 786 5552 suo
819 5507 1057 5570 tempore
1100 5498 1254 5567 juxta
1295 5495 1605 5566 apostolicae

79 5582 386 5639 institutionis
431 5584 652 5638 formam
704 5604 891 5659 regere
939 5589 1279 5646 studuerunt.
1355 5585 1497 5653 Sed,
1551 5598 1610 5644 ut

79 5677 499 5732 considerantibus
551 5678 726 5746 palam
773 5692 884 5750 est,
938 5684 990 5739 in
1040 5681 1126 5737 his
1172 5679 1374 5737 nostris
1422 5680 1611 5739 diebus

1714 4596 1835 4652 quae
1868 4596 1928 4637 se
1959 4580 2031 4634 illi
2067 4581 2256 4636 diebus
2295 4589 2352 4636 et
2377 4579 2631 4638 noctibus
2659 4581 2867 4637 servire
2901 4581 3299 4644 (ιωηνιςυιηίθ

1715 4675 2112 4746 imperturbata
2140 4684 2513 4747 perseverent,
2562 4689 2772 4731 necnon
2803 4674 2910 4730 illm
2945 4676 3307 4744 permaneant

1717 4765 1908 4833 firmae,
1941 4782 2062 4836 qua:
2089 4783 2122 4822 a
2166 4766 2489 4822 Christianis
2519 4767 2572 4821 in
2595 4766 2692 4822 Dei
2728 4765 2952 4820 laudem:
2971 4768 3306 4818 constructa

1717 4866 1867 4912 sunt.
1906 4854 2046 4922 Quia
2076 4857 2240 4927 igitur
2268 4855 2658 4912 monasterium
2707 4854 2888 4910 sancti
2915 4850 3122 4910 Christi
3159 4859 3307 4904 mat-

1717 4949 1855 5021 tyris
1882 4948 2096 5008 Erasmi
2147 4947 2294 5019 quod
2321 4948 2380 5002 in
2408 4949 2512 5004 hac
2534 4947 2760 5010 civitate
2785 4944 3037 5000 Romam
3060 4943 3122 4996 in
3143 4939 3320 4996 (ιωιῡα

1716 5049 1906 5098 monte
1929 5049 2305 5098 constructum
2333 5048 2433 5104 est,
2467 5040 2688 5097 omnino
2711 5037 2824 5107 iam
2846 5035 3042 5104 elapso
3066 5039 3320 5101 tempore

1719 5133 2144 5202 congregatione
2173 5133 2453 5188 servorum
2496 5130 2593 5184 Dei
2623 5129 2884 5184 nudatum
2911 5122 3319 5200 esse'con's’tat.

1714 5236 1770 5283 et
1795 5225 2110 5297 solitudine,
2133 5225 2283 5282 nullo
2309 5223 2362 5278 in
2387 5237 2451 5278 eo
2474 5231 2567 5277 aut
2589 5218 2899 5292 prteposito,
2921 5227 3032 5274 aut
3055 5209 3328 5273 momcho

1715 5318 2001 5376 habitante
2035 5317 2381 5392 pmvidimus
2425 5315 2730 5370 interventu
2756 5307 2931 5366 nostri
2995 5304 3182 5365 dilecti
3209 5298 3322 5400 spi-

1716 5408 1930 5466 ritualis
1964 5411 2066 5468 ﬁlii
2102 5403 2334 5468 Alberici
2367 5403 2586 5473 gloriosi
2611 5400 2905 5475 principis,
2965 5409 3032 5455 et
3060 5401 3330 5456 senatoris

1713 5499 2042 5574 praedictum
2073 5493 2464 5560 monasterium
2515 5494 2691 5552 sancti
2719 5487 2933 5549 Erasmi
2982 5487 3146 5563 vobis
3177 5493 3327 5579 com:

1716 5595 1972 5660 mittere,
2049 5607 2106 5652 et
2141 5590 2318 5648 eidem
2369 5595 2553 5644 vestro
2606 5581 2935 5642 monasterio
3007 5577 3334 5637 Sublacenst

1720 5685 1936 5744 sociare
1977 5699 2086 5755 pro
2131 5677 2366 5749 refugio,
2399 5679 2709 5735 etutilitate
2739 5667 3194 5747 congregationis
3224 5663 3378 5755 f9:-

3119 5758 3171 5780 τ--
3183 5771 3208 5780 ..
3237 5743 3354 5780 κάκ
