3934 6414
541 347 676 403 10⁸19

1869 335 2115 393 LEONlb
2149 335 2351 391 PAPAL‘
2391 331 2481 392 Vll

3615 338 3718 396 ιωο

538 469 728 514 nostro
753 455 1164 514 exsolve'ntium.
1199 453 1552 511 Decernlmus
1580 452 1635 508 in
1660 461 1999 523 perpetuum,
2031 462 2120 515 ne,
2148 450 2204 510 Α
2234 491 2256 516 κ
2297 448 2630 523 commendat
2641 447 2850 523 ,‘cttjus
2885 449 3020 506 bona
3053 451 3144 522 qui
3191 449 3465 520 invaserit,
3499 466 3602 509 eum
3629 470 3722 510 αν.

537 551 680 620 quod
701 550 865 611 absit.
887 564 918 604 a
940 548 1319 620 persecutione
1340 560 1693 618 paganorum,
1719 543 1804 599 vel
1826 543 1894 599 ab
1921 543 2121 612 iniquis

538 643 848 702 hominibus
876 643 1244 714 supradictum
1273 639 1661 697 monasterium
1687 637 1862 694 sancti
1889 636 2122 693 Benedi-

535 735 609 790 cti
631 734 980 801 destruatur;
1013 735 1135 790 ideo
1158 732 1270 802 jam
1293 733 1500 789 dictum
1520 729 1911 787 monasterium
1941 726 2120 784 sancti

533 826 745 882 Erasmi
775 842 897 883 cum
929 826 1102 892 cellis,
1127 825 1374 882 domibus
1404 824 1632 895 aliisque
1657 821 1918 886 aediﬁciis,
1943 818 2122 890 parie-

533 919 682 975 tibus
707 921 821 976 suis
845 960 860 986 ,
893 920 948 974 in
973 918 1207 974 circuitu
1235 917 1374 991 ejus,
1404 932 1512 973 una
1541 931 1662 972 cum
1695 913 1893 980 hortis,
1924 911 2118 976 terris,

537 1010 949 1076 sementalibus,
983 1011 1219 1077 olivetis,
1258 1009 1548 1066 arboribus
1599 1007 1898 1065 fructiferis
1922 1014 1978 1063 et
2005 1020 2124 1063 om-

534 1101 696 1156 nibus
723 1101 836 1156 suis
866 1102 1247 1171 pertinentiis,
1305 1100 1426 1158 sitis
1472 1100 1659 1156 Romae
1687 1100 1741 1155 in
1789 1099 2010 1170 regione
2037 1111 2123 1154 se-

534 1191 736 1259 cunda,
765 1201 894 1248 ante
919 1190 1286 1249 venerabilem
1314 1192 1489 1249 sancti
1517 1190 1722 1246 Christi
1755 1197 2123 1261 protomarty-

532 1285 612 1339 ris
660 1284 924 1355 Stephani
969 1286 1260 1342 ecclesiam
1308 1285 1361 1340 in
1412 1285 1672 1358 praedicto
1715 1283 1881 1342 Caelio
1903 1290 2119 1348 monte,

532 1377 677 1434 inter
703 1380 802 1434 hos
830 1378 1040 1434 aﬁincs.
1071 1379 1117 1433 A
1143 1379 1322 1450 primo
1352 1380 1524 1436 latere
1549 1386 1634 1435 est
1667 1378 1842 1435 curtis
1869 1377 2120 1448 Gregorii

533 1469 765 1540 integra,
789 1479 844 1523 et
871 1469 958 1524 via
988 1468 1226 1540 publica,
1257 1477 1312 1526 et
1341 1468 1662 1526 domuncula
1691 1469 1836 1525 Petri
1873 1467 2121 1534 Joannis,

533 1569 589 1614 et
612 1559 940 1615 domuncula
971 1559 1206 1632 plurium
1253 1561 1550 1625 hominum,
1583 1560 1926 1631 aliorumque
1955 1559 2124 1615 aedili-

534 1654 743 1709 ciorum
795 1669 921 1710 cum
967 1664 1194 1726 crypta,
1257 1664 1312 1711 et
1363 1661 1509 1710 terra
1552 1653 1916 1719 sementaria,
1962 1651 2125 1724 vulgo

538 1746 805 1816 appellata
832 1747 1061 1804 Centum
1095 1746 1388 1801 Scutorum
1417 1765 1430 1800 :
1463 1762 1493 1800 a
1525 1746 1762 1803 secundo
1783 1745 1956 1801 latere
1976 1751 2124 1799 terra

535 1845 866 1891 sementaria
890 1835 1089 1893 Leonis
1115 1835 1350 1909 religiosi
1381 1835 1720 1907 presbyteri,
1753 1843 1810 1892 et
1834 1835 1923 1888 via
1949 1831 2126 1904 publi-

536 1942 622 1993 ca,
674 1943 792 1998 qua:
824 1929 972 1984 ducit
1013 1929 1081 1984 ad
1127 1927 1457 1984 decennias:
1491 1943 1523 1982 a
1572 1927 1739 1982 tertio
1777 1926 1947 1981 latere
1977 1931 2123 1979 terra

535 2019 865 2074 semenlaria
913 2019 1188 2076 baeredum
1233 2019 1481 2086 Adriani,
1528 2019 1802 2090 quondam
1827 2018 1894 2072 de
1920 2014 2124 2071 Balneo

536 2108 923 2180 Neapolitano,
978 2119 1034 2166 et
1093 2112 1312 2166 hortum
1360 2111 1634 2166 vineatum
1678 2108 1881 2180 Sergize
1929 2105 2126 2162 nobilis

537 2200 752 2258 feminae
795 2219 809 2256 :
857 2220 885 2257 a
938 2211 1133 2273 quarto
1174 2202 1344 2260 latere
1391 2210 1474 2259 est
1521 2201 1849 2259 domuncula
1898 2198 2124 2256 oratorii

535 2305 849 2352 sanctorum
894 2295 1106 2353 Cosmze
1136 2304 1192 2353 et
1234 2297 1481 2354 Damiani
1511 2314 1524 2352 :
1553 2311 1584 2352 e
1618 2296 1704 2350 via
1736 2293 1952 2366 publica
1997 2307 2126 2364 pars

535 2389 830 2444 conﬁnium
861 2390 1180 2446 monasterii
1231 2390 1402 2446 sancti
1433 2388 1650 2446 Erasmi
1698 2403 1821 2444 cum
1871 2387 2126 2444 omnibus

537 2480 605 2535 ad
636 2496 694 2537 se
717 2482 1133 2556 pertinentibus,
1167 2492 1276 2540 tam
1304 2484 1473 2551 intus,
1499 2499 1662 2554 quam
1693 2492 1870 2548 extra,
1898 2491 1954 2538 et
1979 2483 2125 2538 circa

541 2585 636 2637 se,
693 2589 788 2629 seu
824 2575 1136 2646 ubicunque
1190 2575 1370 2647 posita
1413 2575 1591 2631 fuerat
1628 2590 1734 2631 una
1778 2573 2122 2638 cumcasali,

536 2663 682 2731 quod
730 2664 1032 2735 appellatur
1065 2665 1325 2734 Quintum
1351 2707 1367 2733 ,
1414 2667 1776 2736 omnibusque
1821 2666 1934 2721 suis
1965 2664 2126 2735 perti-

535 2757 736 2814 nentiis
765 2759 818 2814 in
868 2759 1138 2831 integrum
1167 2776 1198 2816 a
1224 2761 1479 2832 praesenti
1510 2761 1797 2819 undecima
1828 2761 2126 2818 indictione

534 2847 711 2916 vobis,
743 2851 1050 2922 vestrisque
1095 2852 1508 2910 successoribus
1537 2853 1778 2924 ejusdem
1806 2851 2124 2909 monasterii

537 2941 825 2998 abbatibus
851 2945 1200 3002 concedimus
1224 2953 1280 3002 et
1300 2944 1689 3003 conﬁrmamus
1719 2946 1774 3002 in
1802 2955 2126 3016 perpetuum

537 3051 659 3092 cum
690 3039 884 3093 timore
918 3037 1010 3093 Dei
1044 3039 1357 3112 regendum,
1375 3048 1430 3094 et
1461 3038 1808 3095 detinendum
1836 3039 1904 3094 ad
1935 3054 2088 3094 usum
2108 3079 2124 3105 ,

533 3135 588 3182 et
618 3127 909 3183 utilitatem
952 3128 1196 3199 prmdicti
1241 3128 1560 3185 monasterii
1602 3128 1970 3185 Sublacensis.
2018 3129 2124 3184 Pro

533 3235 642 3290 quo
690 3221 790 3276 sub
835 3220 1023 3297 divini.
1055 3219 1247 3290 judicii
1297 3220 1659 3276 obtestatione
1717 3221 2123 3294 promulgantes

535 3310 901 3376 decernimus,
944 3319 1003 3366 ut
1038 3309 1169 3366 nulli
1219 3325 1458 3381 unquam
1486 3318 1799 3367 nostrorum
1843 3326 2123 3369 successo-

532 3417 656 3458 rum
677 3401 1014 3474 pontiﬁcum,
1036 3411 1130 3458 aut
1153 3401 1524 3474 cujuscunque
1543 3402 1826 3474 dignitatis
1866 3419 2118 3474 persona,

539 3503 632 3548 aut
681 3494 1008 3551 conditionis
1059 3495 1160 3562 sit,
1209 3495 1406 3550 audeat
1459 3510 1489 3550 a
1531 3504 1711 3551 vestra
1744 3496 2122 3566 jurisdictione

531 3585 771 3652 auferre,
798 3593 892 3640 aut
918 3585 1156 3656 aliquam
1189 3585 1465 3642 laesionem
1492 3585 1714 3654 inferre,
1750 3588 1944 3660 quovis
1971 3589 2120 3661 inge-

529 3677 654 3742 nio,
708 3692 803 3733 seu
851 3685 1201 3748 argumento,
1248 3678 1379 3747 quin
1423 3679 1603 3748 potius
1653 3679 1707 3735 in
1740 3680 2120 3752 jurisdictione

529 3769 695 3825 vestri
741 3771 1058 3826 monasterii
1087 3771 1358 3827 stabiliter
1386 3771 1710 3842 possidenda
1736 3781 2115 3844 permaneant.

530 3859 590 3914 Si
615 3859 739 3930 quis
768 3868 949 3916 autem
975 3860 1027 3916 id
1058 3864 1482 3932 prmsutnpserit,
1509 3864 1645 3920 sciat
1670 3879 1729 3922 se
1755 3865 2117 3922 anathematis

529 3951 747 4009 vinculo
778 3951 1122 4020 innodatum,
1151 3963 1314 4025 atque
1340 3969 1371 4008 a
1399 3969 1568 4028 regno
1597 3957 1690 4013 Dei
1722 3957 1982 4024 alienum,
2009 3958 2116 4014 nisi

528 4042 852 4111 resipnerit,
910 4053 965 4100 et
1010 4058 1134 4098 cum
1181 4043 1430 4111 diabolo,
1482 4045 1708 4116 ejusque
1757 4049 2117 4105 atrocissimis

528 4133 724 4204 pinnis,
754 4144 808 4192 et
836 4150 960 4190 cum
989 4133 1126 4192 Juda
1157 4136 1422 4192 traditore
1451 4137 1664 4194 Domini
1707 4138 1804 4195 Dei
1836 4149 1892 4195 et
1927 4140 2116 4197 Salva—

526 4227 868 4296 torisnostri
890 4226 1019 4285 Jesu
1043 4228 1246 4286 Christi
1270 4237 1478 4287 aeterno
1510 4231 1633 4302 igne
1659 4231 2112 4299 comburendum,

525 4329 582 4375 et
604 4321 658 4376 in
688 4323 1024 4394 voraginem,
1054 4332 1464 4397 tartareumque
1489 4329 1659 4384 chaos
1690 4328 2113 4400 demerge-dum

529 4425 653 4466 cum
678 4411 862 4483 impiis
902 4428 962 4471 se
1003 4415 1162 4471 sciat.
1208 4415 1312 4484 Qui
1336 4431 1466 4473 vero
1487 4418 1577 4488 pio
1604 4418 1801 4475 intuitu
1823 4419 2112 4486 custodes,

526 4509 583 4557 et
627 4503 945 4561 obedientes
981 4499 1363 4565 observatores
1390 4508 1551 4580 hujus
1590 4519 1790 4567 nostrae
1816 4509 2110 4568 salutifera:
2134 4531 2189 4592 ι)

524 4595 914 4664 praeceptionis
962 4598 1304 4666 exstiterinto,
1356 4600 1747 4660 benedictionis
1791 4603 2020 4674 gratiam
2056 4613 2112 4660 et

523 4685 766 4741 caelestis
834 4685 1215 4745 retributionis
1264 4691 1572 4748 mercedem
1635 4707 1664 4746 a
1723 4693 1870 4762 justo
1934 4693 2112 4763 iudice

522 4786 958 4846 promereantur.

598 4866 878 4939 Scriptum
918 4885 1020 4942 per
1068 4886 1286 4927 manum
1333 4870 1530 4930 Leonis
1587 4885 1790 4934 sanctae
1850 4877 2108 4938 Romana:

522 4961 779 5019 Ecclesia:
801 4964 1076 5020 scriniarii
1101 4966 1156 5022 in
1185 4976 1372 5024 mense
1391 4967 1710 5039 Februario,
1735 4975 2107 5046 suprascripta

522 5053 821 5110 indictione
867 5056 1172 5114 undecima.
1224 5056 1372 5116 Bene
1420 5059 1616 5118 valete.
1666 5065 1861 5120 Datum
1916 5067 2108 5136 quinto

522 5146 649 5204 ldus
675 5149 960 5206 Februarii
989 5165 1086 5220 per
1113 5168 1333 5210 manum
1365 5153 1574 5211 Nicolai
1603 5157 1901 5226 primicerii
1926 5161 2106 5232 pontic

523 5241 715 5300 ﬁcatus
746 5258 891 5300 anno
916 5245 1096 5302 tertio.

1264 5359 1350 5416 XI.

609 5481 799 5524 LEONIB
828 5483 902 5524 νιι
925 5485 1185 5528 ιςιηετοιλ
1213 5487 1280 5526 Αἰ)
1308 5489 1558 5531 WlDONEM
1594 5491 1996 5548 LUGDUNENSEII,
2043 5502 2062 5510 ‘

858 5556 1213 5599 TEOTOLONEM
1248 5560 1593 5602 TUBONENSEM
1611 5590 1626 5614 ,
1652 5558 1756 5607 θιο.

1160 5655 1314 5713 Anno
1352 5658 1474 5713 958.

1126 5655 1314 5727 (Anno
1352 5658 1518 5728 958.)
1759 5696 1769 5707 -

514 5743 636 5804 Illis
672 5749 1046 5805 monasterium
1082 5746 1141 5807 S.
1182 5748 1376 5810 Maria:
1405 5762 1451 5810 et
1481 5751 1540 5809 S.
1584 5751 1731 5811 Petri
1750 5754 2102 5818 Riuipullenu

2297 520 2632 576 thematizari
2651 519 2820 592 jubet.

2226 658 2405 732 [Apud
2419 657 2678 727 Marcam,
2692 657 2749 714 in
2768 657 3013 730 Appenu.
3037 670 3104 714 aa
3117 665 3360 714 marcum
3381 656 3603 731 Hisp.,p.
3619 658 3725 735 851.]

2293 794 2406 852 Leo
2431 797 2719 868 episcopus
2737 835 2753 864 ,
2773 810 2966 852 servus
2985 793 3384 863 servorumDei
3403 833 3418 860 ,
3437 794 3726 852 dilectissimis

2223 885 2486 943 fratribus
2507 895 2564 943 et
2594 885 2750 954 ﬁliis,
2779 885 3030 943 videlicet
3063 883 3482 956 archiepiscOpis
3503 893 3553 940 et
3571 886 3726 956 episco-

2223 978 2310 1049 pis
2361 987 2527 1048 atque
2571 992 2760 1034 eorum
2805 975 3239 1044 successoribus,
3287 973 3498 1032 thom
3538 973 3730 1031 Ecclesia

2224 1069 2602 1140 Lugdunensis
2620 1110 2635 1136 ,
2665 1068 2975 1126 Τεοτοιοω
2997 1066 3331 1124 Turonensis
3347 1108 3364 1134 ,
3391 1065 3653 1123 Gznuscozu
3672 1067 3730 1122 Bi-

2227 1164 2533 1236 turigensis,
2561 1161 2853 1219 GEBLAUNO
2881 1162 3226 1225 Senonensis,
3254 1160 3506 1216 ARTALDO
3529 1158 3730 1214 Bhemeu—

2226 1255 2303 1310 sis
2332 1295 2347 1320 ,
2411 1256 2680 1311 AIIERICO
2749 1252 3144 1319 Narbonensis,
3201 1251 3438 1307 RICULFO
3492 1248 3729 1313 Eleuensis,

2227 1344 2492 1402 Gonnum
2514 1343 2915 1410 Gerundensis,
2948 1343 3288 1400 WILLABANO
3322 1340 3730 1404 Barchinonensis,

2227 1434 2542 1491 WADAMIBO
2582 1435 2949 1502 Ausonensis,
2991 1434 3216 1491 WISADO
3252 1431 3592 1505 Urgellensis,
3619 1440 3732 1501 atque

2227 1540 2418 1582 eorum
2444 1526 2850 1583 successoribus
2877 1527 2932 1581 in
2964 1534 3310 1596 perpetuum.

2300 1616 2454 1674 Sicut
2494 1627 2671 1673 vestra
2713 1617 2887 1688 pietas
2919 1631 3025 1673 non
3062 1615 3298 1688 ignorat,
3332 1603 3581 1670 intantum
3621 1613 3732 1670 Chri-

2229 1717 2347 1765 stus
2378 1709 2639 1764 Dominus
2662 1714 2848 1764 noster
2877 1706 3175 1764 Ecclesium
3201 1705 3426 1772 dilexit,
3455 1714 3511 1761 ut
3531 1720 3629 1761 eam
3647 1720 3732 1774 pm-

2153 1803 2204 1868 B
2229 1800 2352 1871 prio
2382 1800 2646 1872 sanguine
2684 1807 3025 1870 compararet
3051 1817 3064 1852 :
3090 1813 3254 1870 quam
3284 1805 3340 1854 et
3362 1797 3558 1854 ueteris
3577 1797 3732 1867 quidem

2228 1891 2486 1962 apostolis
2525 1902 2579 1945 et
2609 1906 2794 1946 eorum
2829 1890 3233 1947 successoribus
3275 1888 3650 1953 commendavit,
3670 1888 3733 1943 sed

2226 1982 2465 2037 maxime
2485 1997 2582 2052 per
2607 1982 2846 2052 ipsorum
2883 1981 3155 2053 principes
3181 1980 3544 2038 beatissimum
3573 1977 3734 2032 Petrum

2226 2081 2282 2128 et
2304 2072 2528 2128 Paulum
2555 2074 2696 2129 hanc
2720 2075 3008 2145 disponere
3026 2072 3273 2130 decrevit
3300 2088 3315 2128 :
3339 2087 3553 2143 quorum
3575 2084 3730 2128 succes-

2226 2181 2378 2222 sores
2425 2175 2532 2221 tam
2592 2166 2645 2221 in
2697 2165 2801 2221 hac
2841 2165 2968 2221 sede
3015 2180 3178 2237 quam
3231 2165 3433 2236 ubique
3475 2177 3560 2233 per
3599 2161 3734 2216 orbem

2226 2266 2516 2324 terrarum,
2545 2257 2854 2328 quicunque
2874 2272 2937 2314 ex
2966 2256 3071 2313 ﬁde
3097 2257 3378 2321 vixerunt,
3395 2254 3610 2313 eamdem
3631 2251 3734 2322 quis-

2225 2366 2333 2422 que
2403 2365 2501 2409 suo
2570 2358 2813 2422 tempore
2873 2349 3029 2420 juxta
3081 2347 3396 2420 apostolica:
3457 2344 3734 2403 institutionis

2226 2441 2492 2507 formam,
2527 2455 2718 2514 regere
2751 2442 3027 2498 studuere.
3075 2439 3211 2506 Sed,
3258 2449 3318 2496 ut
3351 2436 3733 2496 considerantibus

2225 2534 2404 2605 palam
2439 2542 2551 2600 est,
2577 2534 2630 2590 in
2662 2534 2746 2590 his
2782 2535 2984 2591 nostris
3023 2533 3214 2592 diebus
3248 2542 3487 2604 tempora
3505 2527 3733 2602 periculosa

2227 2636 2514 2694 venerunt,
2551 2635 2608 2683 et
2637 2626 2964 2699 frigescente
2984 2627 3290 2694 charitate,
3326 2626 3386 2682 ﬁt
3415 2634 3470 2681 ut
3495 2622 3642 2680 nullus
3654 2619 3731 2689 jam

2227 2718 2381 2774 locus
2426 2717 2671 2789 religioni
2720 2729 2926 2775 restare
2987 2718 3259 2774 videatur.
3300 2715 3416 2786 Nos
3460 2729 3600 2777 vero,
3634 2708 3733 2780 quod

2226 2809 2390 2865 nimis
2420 2806 2730 2876 dolendum,
2763 2824 2864 2869 nec
2883 2825 2950 2870 ex
2978 2809 3208 2865 adverso
3231 2807 3534 2872 ascendere,
3559 2818 3641 2860 nec
3664 2803 3730 2856 ίωο

2226 2901 2486 2972 pietatem
2526 2903 2826 2974 reprimere
2875 2910 3182 2968 certamus;
3241 2901 3342 2958 sed
3377 2897 3607 2972 quidquid
3645 2893 3732 2949 illud

2226 2991 2474 3062 estquod
2530 2991 2780 3064 religioni
2841 2992 3193 3058 adversatur,
3251 2991 3450 3048 clausis
3482 2984 3731 3045 mentalibus

2227 3082 2400 3139 oculis
2421 3083 2756 3155 negligenter
2784 3083 3142 3140 transilimus.
3184 3082 3360 3141 Porro
3389 3080 3607 3154 quamvis
3634 3080 3730 3133 iner-

2148 3165 2195 3229 C
2228 3184 2309 3232 tes
2349 3185 2405 3233 et
2430 3175 2686 3232 desidiosi
2720 3184 2964 3234 nostram
2998 3176 3388 3249 negligentiam
3421 3173 3614 3229 minime
3644 3182 3727 3239 pet-

2227 3268 2602 3333 timescamus,
2627 3266 2883 3338 ignorare
2919 3274 3100 3322 tamen
3126 3282 3237 3323 non
3260 3278 3534 3339 possumus
3559 3259 3668 3331 quod
3685 3256 3728 3310 de

2223 3367 2410 3414 nostra
2451 3357 2782 3414 villicatione
2823 3357 2936 3415 Deo
2979 3358 3250 3414 rationem
3293 3354 3541 3414 reddituri
3579 3363 3724 3407 sumus.

2224 3452 2583 3523 Quapropter,
2613 3450 2940 3517 cbarissimi,
2973 3449 3234 3517 nitamur,
3265 3457 3516 3522 quantum
3538 3459 3618 3516 per
3631 3439 3726 3496 diri-

2223 3561 2347 3600 nam
2375 3544 2603 3616 gratiam
2630 3558 2939 3616 possumus,
2980 3551 3042 3599 ut
3089 3559 3120 3598 a
3147 3541 3396 3601 custodia
3426 3529 3726 3610 religionisvel

2219 3635 2326 3704 piis
2346 3634 2557 3690 actibus
2584 3649 2652 3691 ex
2685 3642 2798 3690 toto
2826 3634 2982 3690 vacui
3003 3648 3112 3690 non
3141 3633 3495 3690 inveniamur.
3520 3627 3580 3685 Ut
3597 3633 3723 3680 autem

2221 3727 2288 3782 ad
2319 3741 2433 3782 rem
2481 3728 2762 3783 veniamus
2780 3767 2795 3792 ,
2832 3727 2902 3783 ob
2929 3727 3084 3799 cujus
3113 3727 3455 3783 occasionem
3480 3723 3570 3779 ista
3598 3717 3721 3774 dicere

2221 3821 2507 3890 coepimus,
2534 3819 2844 3874 intimatum
2875 3827 2961 3876 est
2992 3818 3148 3875 nobis
3176 3829 3234 3874 et
3259 3817 3376 3888 jam
3403 3823 3536 3872 certa
3561 3806 3720 3866 verissi-

2218 3926 2414 3982 maque
2479 3911 2743 3968 relatione
2819 3910 3184 3982 comperimus
3229 3908 3375 3981 quod
3437 3904 3562 3960 ﬁlius
3592 3905 3722 3954 noster

2216 4003 2479 4060 Arnulfus
2514 4002 2838 4060 venerabilis
2882 4003 3050 4059 abbas
3076 4002 3129 4057 in
3162 3998 3488 4058 monasterio
3505 3991 3720 4050 admodum

2217 4101 2514 4153 reverenda
2543 4093 2788 4152 vocabuli
2822 4092 3205 4164 Biopollensis,
3251 4091 3395 4164 quod
3423 4097 3499 4146 est
3541 4089 3722 4141 constru-

2215 4195 2364 4242 ctum
2411 4186 2552 4241 inter
2599 4185 2706 4242 duo
2732 4183 2952 4239 ﬂumina
2977 4183 3148 4240 Tczer
3173 4190 3230 4238 et
3259 4180 3459 4238 Freber
3497 4177 3545 4234 in
3575 4173 3720 4229 honore

2215 4288 2421 4338 sanctae
2441 4279 2537 4337 Dei
2567 4279 2848 4352 genitricis
2871 4277 3051 4334 Mariae
3078 4287 3135 4334 et
3157 4279 3332 4335 sancti
3361 4274 3518 4341 Petri,
3536 4271 3610 4326 ubi
3631 4267 3718 4321 bet.

2216 4373 2417 4430 tissimi
2447 4371 2725 4428 Benedicti
2753 4371 2936 4428 domni
2969 4369 3142 4427 nostri
3171 4370 3384 4426 videtur
3401 4366 3523 4425 ordo
3547 4353 3714 4417 servari.

2215 4463 2307 4534 qui
2338 4473 2423 4521 est
2443 4464 2607 4520 decus
2650 4476 2972 4535 gemmaque
3009 4461 3420 4526 monachorum,
3453 4455 3584 4526 cujus
3609 4459 3715 4516 ωευ·

2212 4555 2385 4612 larem
2428 4553 2769 4611 traditionem
2809 4553 3133 4610 auctoritate
3176 4551 3714 4635 praedecessorum

2217 4665 2338 4706 rum
2389 4657 2574 4704 tenere
2624 4647 2966 4718 aliquatenus
3023 4662 3144 4702 cum
3199 4645 3314 4703 suis
3353 4639 3582 4699 fratribus
3621 4629 3712 4730 inibi

2215 4741 2328 4796 Deo
2370 4740 2730 4797 militantibus
2794 4741 3025 4796 videtur.
3083 4737 3239 4794 Hunc
3291 4750 3418 4808 ergo
3461 4729 3711 4821 ordinenttﬂ

2214 4832 2471 4902 praedicto
2510 4831 2628 4887 loco
2669 4829 2779 4887 Deo
2807 4838 3076 4886 annuente
3117 4829 3464 4900 aliquatenus,
3486 4828 3538 4876 ut
3558 4812 3708 4872 audivi‘

2213 4939 2357 4990 mus,
2405 4923 2845 4981 reﬁorescentem
2887 4932 3000 4978 toto
3030 4923 3150 4977 nisu
3195 4922 3248 4976 in
3300 4919 3399 4976 his.
3428 4929 3533 4987 qum
3557 4907 3608 4964 ad
3642 4908 3708 4957 n05

2211 5022 2518 5092 pertinent,
2573 5018 2820 5075 refovere
2867 5017 3228 5073 decrevimus.
3281 5014 3348 5070 Et
3396 5010 3570 5068 idcirco
3609 5000 3705 5054 hanc

2215 5113 2525 5185 apostolica:
2570 5111 2909 5167 auctoritatis
2951 5110 3232 5182 epistolam
3266 5109 3380 5164 vice
3419 5097 3702 5193 apostolonltﬂ

2211 5205 2474 5277 principis
2508 5204 2654 5261 beati
2711 5202 2880 5270 Petri,
2919 5218 3080 5272 quam
3108 5212 3310 5268 tenere,
3357 5214 3416 5255 ac
3458 5195 3499 5250 si
3538 5187 3698 5255 indidi,

2214 5297 2512 5364 cernimur,
2552 5305 2747 5352 vestra:
2768 5295 3087 5366 benignitati
3117 5309 3215 5364 pro
3245 5292 3424 5349 eodem
3456 5284 3548 5341 ﬁlio
3565 5283 3698 5336 nostro

2211 5392 2440 5450 Arnulfo
2460 5390 2655 5448 abbate
2684 5398 2739 5446 et
2767 5388 2884 5459 ejus
2908 5389 3305 5445 successoribus
3327 5395 3379 5442 et
3399 5381 3595 5453 ejusdem
3614 5383 3694 5452 Inoj

2212 5486 2402 5543 nacbis
2445 5484 2747 5556 dirigimus,
2800 5483 3150 5539 obsecrantes
3201 5491 3254 5538 et
3298 5473 3616 5551 praecipientes
3638 5468 3691 5527 ῑιιι

2209 5579 2350 5635 sicut
2371 5578 2437 5633 de
2456 5585 2638 5634 vestra
2666 5576 2939 5632 communi
2963 5575 3265 5632 obedientia
3295 5585 3484 5628 necnon
3503 5559 3690 5622 solliciul'

2210 5669 2334 5726 dine
2375 5668 2718 5736 conﬁdimus,
2766 5667 2817 5723 in
2863 5668 2947 5723 his
2986 5683 3106 5738 quin
3137 5667 3202 5721 ad
3249 5678 3422 5721 curam
3445 5643 3688 5745 pastorali”.n

2206 5761 2503 5831 oertinent,
2533 5778 2639 5818 non
2673 5758 2954 5834 negligalis
2985 5758 3268 5826 subvenire
3303 5756 3491 5812 illorum
3516 5749 3686 5803 W55?
