3934 6404
197 405 329 466 1081

1356 394 1718 456 ΕΡῙὸΤοιῶ
1753 394 1844 452 ΕΤ
1880 389 2285 454 PRIVILEGIA.

3321 377 3462 436 108%

197 519 418 573 tatibus.
451 513 768 584 Ubicunque
788 519 966 568 autem
1010 489 1128 567 haec
1167 509 1440 566 unanimis
1465 509 1780 566 fraternitas
1805 511 1860 572 Α
1883 509 2174 564 emendare
2223 503 2512 570 noluerint,
2563 501 2760 560 coelum
2790 498 3091 558 claudimus
3111 539 3125 566 ,
3173 506 3368 554 terram
3393 499 3460 554 ad

197 607 253 660 iu
286 606 382 660 Dei
408 603 652 670 servitio,
678 602 954 672 isdemque
974 600 1125 657 locus
1141 599 1257 671 jam
1293 599 1404 657 Deo
1429 597 1646 655 favente
1670 607 1780 655 tam
1880 598 2247 670 sepeliendum
2269 611 2556 669 negamus;
2579 603 2635 650 et
2658 595 3002 662 demergatur
3027 591 3082 646 in
3134 587 3461 660 profundum

197 696 256 751 in
289 695 550 768 religione
572 709 737 765 quam
758 693 922 749 etiam
945 693 998 748 in
1020 692 1238 764 praediis
1253 699 1309 748 et
1336 693 1392 748 in
1415 691 1560 748 villis
1580 689 1783 762 spatia-

199 797 291 844 tus
336 797 422 844 est
468 795 524 842 et
568 785 831 852 excrevit,
867 783 1118 840 similiter
1141 793 1197 840 et
1219 784 1425 841 circum
1453 781 1783 840 adhaerentia

197 894 296 936 seu
312 878 499 950 procul
517 877 694 949 posita
708 877 824 934 loca
849 884 1162 932 sanctorum
1175 875 1532 946 omnipotenti
1554 875 1784 931 Domino

197 969 555 1026 servientium
603 982 725 1024 cum
767 976 956 1024 sancta
1017 966 1296 1038 religione,
1343 966 1630 1022 statuimus
1687 974 1782 1033 ut,

197 1066 248 1122 si
271 1065 394 1136 quis
439 1063 711 1121 violentus
751 1074 806 1120 et
850 1077 1018 1134 rapax
1045 1062 1371 1134 inquietare,
1409 1071 1502 1118 aut
1524 1061 1670 1132 ipsas
1698 1075 1786 1118 res

199 1154 460 1225 diripere,
506 1153 771 1224 villasque
837 1168 960 1210 cum
1017 1152 1268 1209 omnibus
1312 1151 1629 1224 adjacentiis
1672 1152 1785 1208 suis

197 1246 317 1302 sive
344 1244 664 1316 appenditiis
691 1243 804 1300 suis
825 1251 880 1299 et
904 1243 1158 1300 omnibus
1176 1256 1298 1314 quae
1315 1243 1385 1299 ad
1414 1243 1583 1314 ipsius
1610 1242 1786 1299 sancti

195 1317 517 1394 monasterii
541 1335 906 1408 Riopullensis
929 1337 1228 1392 monachos
1246 1344 1301 1393 et
1324 1336 1566 1407 ejusdem
1585 1343 1788 1392 sanctae

195 1429 637 1502 congregationis
657 1428 977 1500 regulariter
1006 1429 1249 1486 viventes
1273 1429 1565 1500 pertinent,
1598 1427 1790 1484 infrin-

201 1536 336 1593 gere
375 1521 669 1577 tentaverit
714 1520 799 1577 vel
819 1521 1245 1593 praesumpserit,
1291 1521 1633 1592 praecipimus
1682 1521 1790 1592 epi-

194 1626 368 1682 scopo
400 1611 730 1668 Gnadamiro
763 1611 1272 1676 sedisAusonensis,
1307 1611 1359 1666 in
1385 1610 1536 1680 cujus
1567 1610 1790 1667 dioecesi

198 1705 380 1776 ipsum
406 1704 572 1760 situm
598 1713 704 1761 est
732 1705 1145 1770 monasterium,
1172 1703 1257 1758 vel
1276 1703 1527 1759 omnibus
1575 1717 1794 1759 succes-

192 1798 414 1854 soribus
435 1797 572 1869 ejus,
602 1806 660 1852 ut
679 1811 799 1852 mea
821 1797 936 1853 vice
957 1811 1058 1868 per
1077 1794 1353 1865 exemplar
1379 1795 1538 1866 hujus
1558 1795 1788 1866 paginae,

1883 691 2102 760 inferni,
2133 691 2412 763 solvatque
2454 689 2527 745 ibi
2562 689 2705 761 quod
2730 687 2898 760 gessit
2942 701 3112 757 usque
3134 684 3202 739 ad
3231 683 3461 738 novissi-

1883 800 2030 841 mum
2058 784 2433 856 quadrantem.
2483 781 2633 838 Hanc
2680 796 2811 838 sane
2858 778 3136 850 epistolam
3187 792 3293 832 non
3337 775 3466 832 solis

1885 877 2178 949 episcopis,
2209 876 2304 933 sed
2331 876 2496 933 etiam
2523 873 2808 930 abbatibus
2831 871 3025 928 vicinis
3048 879 3139 926 aut
3183 870 3341 941 longe
3382 884 3468 923 re-

1885 971 2047 1026 motis
2066 1010 2082 1037 ,
2105 969 2198 1040 qui
2229 968 2329 1026 sub
2363 967 2466 1024 hac
2490 981 2680 1023 norma
2711 964 3033 1038 regulariter
3054 963 3274 1036 degunt,
3304 976 3468 1032 quam

1886 1062 2148 1120 Dominus
2169 1075 2266 1133 per
2288 1062 2507 1118 beatum
2537 1060 2720 1116 sanxit
2749 1057 3100 1116 Benedictum
3119 1100 3134 1126 ,
3165 1057 3468 1129 dirigimus,

1887 1162 1946 1210 ut
1993 1153 2272 1210 nobiseum
2348 1151 2509 1223 hujus
2565 1150 3137 1210 exeommunieationis
3202 1151 3472 1220 stringant

1888 1247 2087 1303 nodum
2114 1265 2127 1300 :
2152 1247 2426 1314 Quatenus
2453 1246 2497 1302 si
2527 1261 2820 1317 paucorum
2851 1246 3228 1316 episcoporum
3255 1257 3474 1298 excom-

1890 1341 2310 1397 municationem
2340 1341 2789 1396 contemnendam
2826 1338 3023 1395 stultus
3051 1336 3139 1392 ille
3175 1333 3473 1406 putaverit,

1890 1432 2081 1488 saltem
2110 1433 2405 1488 multorum
2441 1447 2712 1488 consensu
2743 1430 2860 1499 ejus
2895 1429 3146 1500 impietas
3169 1427 3472 1500 frangatur,

1893 1532 1948 1581 et
1973 1527 2241 1593 membra,
2273 1540 2393 1596 qua:
2423 1540 2522 1595 pro
2549 1525 2780 1580 invicem
2807 1522 3039 1579 sollicita
3069 1521 3286 1585 fuerint,
3318 1519 3472 1590 quie-

1892 1619 2000 1674 tius
2041 1627 2204 1689 atque
2255 1617 2530 1674 robustius
2581 1617 2634 1671 in
2668 1616 2871 1672 Christi
2898 1628 3125 1686 corpore
3165 1619 3473 1668 teneantur.

1894 1709 2040 1766 Sane
2095 1711 2274 1776 istam,
2325 1726 2422 1781 per
2465 1723 2627 1780 quam
2671 1708 2828 1764 vobis
2872 1704 3164 1776 loquimur,
3192 1701 3478 1774 epistolam

1895 1802 2074 1874 sigillo
2125 1801 2437 1873 apostolica:
2479 1800 2755 1872 dignitatis
2777 1808 2939 1868 atque
2974 1795 3314 1853 auctoritatis
3341 1793 3476 1848 insi-

191 1888 446 1959 quisquis
483 1887 574 1944 ille
615 1887 801 1954 fuerit,
832 1897 1018 1944 nostra
1043 1887 1464 1943 commonitione
1497 1887 1788 1942 eonvenia-
1814 1872 1862 1933 Β
1889 1872 2123 1965 εηῖιηιιε,
2163 1872 2226 1948 κει
2258 1902 2368 1948 tam
2409 1893 2461 1947 in
2514 1891 2763 1948 ρωποι)ῑο
2805 1891 2977 1946 beatae
3017 1889 3243 1961 virginis
3294 1885 3477 1941 Mariae

201 1982 278 2038 tis
304 1990 361 2038 et
382 1983 427 2038 si
452 1981 681 2054 potestis
699 1980 984 2038 emendate
1013 1987 1068 2036 et
1093 1978 1368 2050 corrigite.
1403 1977 1471 2033 Et
1495 1977 1541 2033 si
1569 1978 1787 2049 quidem

191 2071 586 2139 emendaverit,
624 2073 854 2144 gratiam
877 2082 932 2128 et
960 2072 1398 2128 communionem
1421 2072 1563 2126 intra
1590 2079 1789 2125 sanctae

190 2164 389 2220 matris
436 2163 692 2220 Ecclesiae
717 2163 982 2235 gremium
1011 2163 1060 2218 ei
1106 2161 1486 2231 permittimus.
1523 2159 1594 2214 At
1619 2159 1665 2215 si
1703 2174 1789 2214 re-

187 2255 356 2313 bellis
397 2264 455 2311 et
499 2255 780 2326 improbus
811 2270 821 2307 λ
858 2269 980 2310 mea
1023 2263 1315 2324 vestraque
1368 2249 1789 2308 commonitione

194 2355 423 2418 peccata
463 2345 756 2402 emendare
788 2345 1052 2411 noluerit,
1105 2344 1223 2400 vice
1249 2343 1390 2399 beati
1423 2342 1567 2398 Petri
1599 2340 1790 2412 praeci-

194 2439 379 2510 pimus
430 2446 697 2508 quatenus
744 2437 895 2492 illum
943 2437 1115 2503 furem
1147 2445 1204 2491 et
1239 2434 1558 2492 violatorem
1588 2442 1789 2489 sanetae

195 2529 298 2584 Dei
327 2528 586 2584 Ecclesiae
613 2543 804 2584 omnes
834 2543 997 2598 supra
1027 2527 1286 2582 nominati
1311 2525 1704 2597 archiepiscopi
1735 2534 1789 2580 et

193 2622 437 2693 episcopi
467 2638 591 2678 cum
617 2621 816 2676 vestris
851 2619 1259 2676 successoribus
1297 2620 1397 2675 sub
1429 2619 1789 2674 anathematis

194 2713 414 2770 vinculo
464 2714 718 2769 innodate
773 2712 1112 2786 [innodetis],
1159 2713 1335 2784 sitque
1375 2728 1501 2784 pars
1525 2711 1642 2780 ejus
1663 2728 1788 2768 eum

192 2805 368 2860 Datan
396 2812 451 2860 et
489 2805 712 2870 Abiron,
749 2818 886 2874 quos
906 2813 961 2859 et
991 2813 1131 2860 terra
1154 2819 1252 2875 pro
1281 2805 1494 2861 illorum
1521 2805 1674 2861 vivos
1695 2806 1788 2860 ab-

199 2899 413 2954 sorbuit
439 2898 714 2970 superbia.
744 2895 1009 2969 Fiantque
1031 2897 1132 2965 ﬁlii
1163 2898 1276 2968 ejus
1315 2898 1538 2968 orpltani
1581 2907 1628 2952 et
1653 2913 1785 2952 uxor

194 2992 312 3063 ejus
339 2992 515 3057 vidua,
536 2991 742 3062 parvuli
767 2989 1058 3064 [nutantes]
1112 2989 1503 3058 transferantur
1521 2989 1620 3057 lilii
1645 2989 1785 3059 ejus,

194 3093 246 3136 et
268 3084 580 3147 mendicent,
615 3092 661 3137 et
688 3082 971 3153 ejiciantur
1004 3082 1068 3135 de
1105 3080 1420 3136 habitaculis
1451 3082 1594 3145 suis;
1642 3096 1787 3134 scru-

197 3183 339 3228 tetur
367 3175 634 3244 fenerator
662 3190 868 3229 onmem
898 3173 1248 3229 substantiam
1272 3173 1386 3244 ejus
1405 3214 1419 3238 ,
1447 3182 1494 3226 et
1531 3171 1786 3242 diripiant

192 3234 378 3319 alieni.
401 3264 604 3319 labores
651 3266 766 3334 ejus
791 3279 808 3318 :
838 3283 942 3320 non
982 3267 1047 3320 sit
1076 3264 1154 3319 illi
1192 3234 1427 3334 adjutor',
1475 3281 1567 3318 nec
1596 3234 1663 3319 sit
1694 3264 1786 3335 qui
1812 3234 1858 3298 ρ·

191 3355 508 3408 misereatur
543 3353 756 3422 pupillis
802 3354 914 3423 ejus
943 3352 1117 3424 (Psal.
1151 3352 1400 3424 cvm,9).
1445 3353 1512 3407 Et
1538 3353 1733 3407 iterum
1768 3371 1780 3406 :

196 3444 388 3502 Omnis
414 3446 506 3516 qui
528 3444 730 3500 dixerit
758 3462 772 3500 :
803 3443 1128 3500 "meditate
1149 3446 1508 3515 possideamus
1532 3455 1784 3499 sanctua-

197 3538 339 3592 rium
371 3535 507 3591 Dei:
539 3535 679 3591 Deus
722 3552 898 3600 meus,
947 3553 1080 3607 pone
1112 3536 1230 3590 illos
1255 3545 1309 3590 ut
1357 3545 1549 3601 rotam,
1578 3546 1624 3588 et
1650 3535 1784 3589 sicut

195 3628 445 3700 stipulam
489 3637 611 3684 ante
663 3628 853 3699 faciem
885 3629 1042 3684 venti.
1067 3627 1216 3684 Sicut
1252 3628 1386 3699 ignis
1414 3627 1504 3699 qui
1528 3627 1784 3682 comburit

197 3719 402 3786 silvam,
429 3729 476 3774 et
511 3721 645 3786 sicut
667 3721 882 3792 ﬂamma
915 3721 1220 3775 comburens
1244 3729 1464 3784 montes,
1499 3719 1571 3773 ita
1600 3732 1785 3788 perse-

199 3823 396 3884 quatur
423 3814 543 3871 illos
573 3814 742 3879 Deus,
766 3825 821 3870 et
847 3814 1140 3886 adimpleat
1166 3814 1328 3885 facies
1355 3829 1533 3868 eorum
1561 3813 1786 3884 ignomi-

195 3907 308 3973 nia,
344 3907 418 3962 ita
441 3914 500 3962 ut
539 3906 844 3961 erubescant
885 3916 932 3960 et
971 3907 1344 3960 conturbentur
1369 3914 1417 3959 et
1449 3903 1781 3973 confundan-

193 4009 284 4052 tur
317 4006 365 4051 et
394 4007 607 4068 pereant
643 3995 814 4064 (Psal.
875 4013 1078 4063 Lxxxn,
1113 3997 1222 4068 l5).
1283 3995 1510 4065 Sintque
1553 3993 1779 4056 maledi-

193 4088 404 4144 etiones
442 4088 546 4144 illae
594 4105 758 4160 super
785 4104 934 4156 eum,
960 4105 1096 4160 quas
1154 4088 1414 4144 Dominus
1451 4103 1612 4160 super
1642 4087 1782 4142 ﬁlios

189 4178 378 4247 lsraél,
431 4179 477 4235 si
531 4196 654 4236 eum
699 4181 887 4237 audire
929 4181 1368 4252 contempserint,
1417 4195 1516 4250 per
1563 4180 1779 4236 beatum

191 4271 412 4343 Moysen
435 4271 816 4345 promulgavit.
857 4271 1051 4344 Sitque
1079 4273 1396 4328 maledictus
1425 4275 1479 4327 in
1533 4273 1776 4340 civitate,

191 4364 516 4421 maledictus
541 4365 595 4420 in
627 4381 780 4438 agro,
809 4365 1157 4420 maledictum
1193 4364 1474 4422 cellarium
1499 4364 1636 4433 ejus,
1665 4380 1784 4419 ma-

190 4455 426 4513 ledictus
475 4456 686 4512 fructus
739 4458 946 4513 ventris
975 4457 1112 4527 ejus,
1137 4467 1192 4513 et
1231 4457 1548 4513 maledictus
1571 4459 1780 4514 fruetus

194 4559 356 4605 terra:
399 4549 566 4616 illius,
597 4549 884 4606 maledicta
911 4558 1157 4606 armenta
1183 4551 1378 4606 bovum
1399 4549 1535 4620 ejus,
1565 4561 1620 4606 et
1656 4567 1777 4623 gre-

196 4656 295 4713 ges
328 4641 446 4712 ejus
475 4641 680 4709 ovium,
703 4642 1017 4699 maledictus
1047 4643 1327 4714 egrediens
1357 4655 1412 4698 et
1440 4644 1772 4715 regrediens.

189 4733 476 4804 Disperdat
507 4731 654 4789 illurn
686 4735 946 4791 Dominus
974 4735 1040 4791 de
1066 4743 1210 4791 terra
1243 4735 1519 4792 velociter.
1579 4735 1776 4792 Percu-

187 4827 289 4882 tiat
317 4827 463 4884 illum
496 4831 756 4886 Dominus
802 4831 943 4886 fame
983 4841 1038 4887 et
1081 4832 1196 4897 siti,
1237 4840 1498 4904 egestate,
1538 4830 1674 4888 febri
1722 4838 1801 4887 et-

185 4918 416 4991 frigore,
439 4920 613 4976 donec
642 4931 847 4991 pereat.
879 4923 1081 4979 Tradat
1101 4924 1250 4979 illum
1278 4934 1624 4981 corruentem
1650 4933 1776 4980 ante

187 5011 380 5068 hostes
429 5010 547 5081 ejus
584 5030 597 5066 :
629 5015 805 5084 sitque
840 5015 1074 5070 cadaver
1116 5016 1234 5087 ejus
1282 5017 1334 5070 in
1362 5032 1541 5072 eseam
1567 5017 1776 5073 eunetis

186 5101 500 5162 volatilibus
528 5105 648 5162 caeli
674 5114 730 5161 et
754 5106 944 5162 bestiis
976 5115 1151 5162 terrae.
1181 5107 1452 5164 Percutiat
1481 5109 1628 5163 illum
1662 5109 1770 5164 Do-

187 5194 370 5250 minus
395 5194 573 5252 ulcere
615 5197 850 5268 pessimo
905 5198 1086 5254 scabie
1127 5214 1341 5270 quoque
1381 5208 1435 5256 et
1471 5200 1768 5272 prurigine,

186 5287 426 5342 amentia
467 5295 524 5344 et
565 5289 809 5346 excitate
858 5304 923 5346 ac
967 5289 1152 5346 furore
1177 5293 1403 5359 mentis;
1431 5303 1484 5348 et
1508 5292 1688 5364 palpet
1717 5293 1770 5348 in

185 5377 434 5445 meridie,
482 5380 624 5436 sicut
673 5381 891 5452 palpare
937 5381 1074 5437 solet
1113 5397 1290 5439 cmcus
1319 5383 1370 5438 in
1417 5384 1670 5440 tenebris.
1707 5385 1773 5439 Et

188 5471 334 5525 sicut
367 5470 628 5529 Dominus
668 5474 828 5530 beato
857 5473 1021 5529 Petro
1052 5473 1275 5546 ejusque
1328 5478 1733 5533 successoribus
1753 5519 1768 5544 ,

185 5577 417 5632 quorum
443 5564 640 5634 vicem,
667 5568 911 5638 quamvis
955 5568 1182 5640 indigni,
1214 5577 1473 5633 tenemus,
1528 5579 1767 5640 potesta-

185 5662 300 5712 tem
353 5657 499 5712 dedit
541 5667 601 5714 ut
648 5661 1006 5733 quodcunque
1048 5662 1278 5734 ligarent
1336 5678 1499 5733 super
1545 5673 1764 5726 terram,

186 5749 410 5821 ligatum
435 5761 581 5809 esset
622 5753 676 5808 in
703 5756 877 5823 etelis,
909 5765 966 5813 et
991 5757 1347 5827 quodcunque
1389 5756 1660 5813 solverent
1681 5774 1770 5813 sn-

186 5855 288 5914 per
332 5851 552 5910 terram.
606 5845 841 5906 solutum
897 5857 1041 5906 esset
1092 5849 1146 5906 in
1196 5848 1377 5915 caelis;
1423 5849 1497 5904 ita
1551 5850 1672 5916 illis,
1724 5851 1771 5909 si

1805 4596 1856 4656 D

1889 2000 2050 2056 quam
2078 1985 2133 2040 in
2175 1985 2396 2055 reliquis
2443 1993 2753 2040 sanctorum
2785 1982 2918 2038 locis
2949 1991 3209 2054 perpetuo
3250 1993 3477 2034 conser-

1889 2076 2116 2130 vandam
2167 2075 2449 2129 tradimus.
2509 2072 2697 2129 Valete
2751 2073 2806 2128 in
2842 2087 3081 2129 amorem
3111 2070 3240 2128 Jesu
3269 2066 3476 2125 Christi

1889 2164 2102 2220 Domini
2133 2164 2327 2220 nostri.
2367 2164 2558 2221 Amen.

2628 2307 2740 2362 XII.

1889 2417 2231 2460 PRIVILEGIUM
2255 2417 2442 2460 LEONIS
2480 2417 2553 2457 νιι
2597 2417 2698 2456 PRO
2725 2413 3063 2457 MONASTEBIO
3109 2410 3474 2454 GUNIACENSI.

2453 2494 2632 2566 (Anno
2658 2492 2911 2564 956-59.)

1891 2586 1953 2644 S.
1979 2587 2191 2658 Odoni,
2221 2586 2395 2641 abbati
2426 2584 2783 2658 Cluniacensi,
2827 2587 3044 2658 ejusque
3091 2584 3478 2643 successoribus

1961 2657 2298 2714 Saviniacum
2346 2666 2393 2711 et
2441 2657 2810 2712 Ambariacum
2835 2657 3005 2713 curres
3039 2660 3246 2724 asserit,
3277 2664 3478 2727 petente

1971 2751 2002 2853 «Ι
2024 2727 2246 2810 Hugone
2272 2727 2498 2800 glorioso
2538 2745 2654 2799 rege
2692 2745 2796 2783 una
2828 2745 2946 2783 cum
2973 2728 3085 2799 ﬁlio
3108 2746 3203 2786 suo
3233 2725 3350 2798 rege
3377 2725 3476 2781 Lo-

1971 2811 2185 2853 Mario.»

1962 2811 2185 2854 Marto.)

2357 2889 2588 2963 [Bullar.
2620 2888 2888 2960 Cluuiac.,
2917 2891 3000 2966 2.]

1962 3009 2070 3065 Leo
2129 3012 2434 3082 episcopus,
2493 3025 2686 3066 servus
2736 3025 3017 3067 servorum
3077 3009 3195 3074 Dei.
3263 3008 3480 3080 domino

1889 3102 2062 3158 Opem
2110 3101 2404 3159 venerabili
2463 3101 2645 3157 abbati
2717 3100 3092 3158 Cluniacensis
3162 3100 3478 3158 monasterii

1890 3194 2110 3263 suisque
2137 3193 2546 3250 successoribus
2567 3193 2618 3248 in
2643 3201 2984 3264 perpetuum.

1961 3286 2322 3352 Desiderium,
2371 3287 2514 3356 quod
2559 3285 2813 3357 religioso
2843 3286 3144 3358 proposito,
3185 3294 3241 3342 et
3268 3292 3478 3342 saneto-

1890 3390 2007 3429 rnm
2037 3375 2278 3429 locorum
2320 3375 2604 3430 stabilitati
2652 3377 2927 3445 pertinere
2965 3386 3321 3443 monstratur,
3364 3377 3480 3432 sine

1889 3464 2065 3533 aliqua
2094 3473 2195 3526 est,
2223 3463 2336 3518 Deo
2360 3473 2604 3529 auctore,
2655 3465 2913 3520 dilatione
2959 3466 3368 3536 perﬁciendum,
3425 3475 3479 3522 et

1887 3553 2098 3622 quoties
2127 3555 2178 3608 in
2209 3553 2531 3622 quibusdam
2570 3554 2687 3624 ejus
2721 3555 3044 3612 utilitatibus
3076 3565 3263 3611 noster
3290 3571 3471 3611 assen-

1888 3661 1980 3701 sus
2019 3655 2072 3701 et
2120 3645 2339 3702 solitum
2391 3646 2703 3716 apostolicae
2764 3646 3105 3702 auctoritatis
3167 3647 3479 3718 exposcitur

1887 3735 2224 3806 praisidinm,
2256 3735 2398 3791 ultro
2448 3735 2798 3806 benignitatis
2833 3736 3028 3792 intuitu
3077 3751 3177 3794 nos
3219 3737 3479 3794 convenis

1885 3824 2194 3892 subvenire,
2226 3834 2278 3879 et
2299 3835 2478 3881 ratum
2507 3841 2604 3896 pro
2628 3826 2834 3898 integra
2861 3829 3152 3884 securitate
3182 3843 3249 3884 ex
3269 3829 3479 3884 ratione

1884 3917 2149 3984 solidarc;
2179 3927 2237 3972 ut
2263 3933 2329 3973 ex
2359 3919 2463 3973 hoc
2493 3927 2547 3974 et
2578 3911 2745 3990 ipsiu's
2772 3920 3098 3977 venerabilis
3127 3921 3230 3976 loci
3252 3921 3397 3976 salus
3422 3930 3480 3977 et

1884 4009 2212 4064 indemnitas
2232 4021 2569 4080 procuretur,
2600 4020 2655 4066 et
2681 4012 2833 4067 nobis
2868 4028 3084 4084 quoque
3136 4014 3270 4069 lucri
3311 4015 3480 4082 potis-

1883 4101 2080 4155 simum
2126 4101 2406 4172 przetnium
2438 4118 2468 4156 a
2507 4103 2788 4160 conditore
2814 4106 3055 4179 omnium
3103 4106 3214 4162 Deo
3249 4107 3302 4162 in
3335 4108 3477 4163 side-

1885 4191 1993 4246 reis
2016 4191 2231 4246 arcibus
2270 4192 2672 4261 przeseribatur.
2724 4194 2892 4264 Igitur
2947 4195 3074 4265 quia
3113 4205 3299 4251 noster
3334 4197 3469 4252 dile-

1882 4292 2001 4339 ctus
2033 4283 2172 4338 ﬁlius
2199 4283 2349 4354 [lngo
2375 4284 2641 4356 gloriosus
2665 4300 2780 4352 rex,
2810 4302 2914 4342 una
2941 4301 3062 4341 eum
3088 4287 3196 4342 ﬁlio
3219 4302 3317 4343 suo
3348 4302 3475 4357 rege

1882 4374 2139 4430 Lothario
2166 4376 2486 4446 deprecatus
2515 4386 2597 4431 est
2628 4387 2872 4432 nostrum
2919 4378 3300 4449 apostolatum,
3333 4394 3470 4449 qua-

1882 4473 2039 4522 tenus
2067 4465 2542 4522 conﬁrmassemus
2564 4483 2659 4538 per
2688 4476 2930 4524 nostrum
2967 4469 3322 4540 apostolicum
3357 4469 3472 4540 pri-

1881 4556 2133 4628 vilegium
2166 4558 2363 4613 donum
2404 4558 2470 4613 de
2511 4557 2717 4614 duabus
2764 4558 3006 4614 eurtibus
3055 4560 3275 4614 nomine
3319 4559 3474 4614 Savi-

1884 4649 2040 4704 niaeo
2068 4659 2123 4704 et
2151 4649 2496 4715 Ambariaco,
2539 4666 2676 4720 quas
2716 4650 2829 4722 ipse
2876 4651 3029 4722 Hugo
3074 4667 3168 4706 rex
3218 4651 3475 4721 praecepti

1884 4743 1966 4797 sui
2019 4744 2399 4815 pagina.dedit
2429 4744 2736 4815 supradicto
2771 4745 3065 4800 venerabili
3120 4743 3470 4808 monasterio,

1883 4835 2024 4904 quod
2059 4836 2110 4890 in
2145 4835 2353 4891 honore
2398 4847 2710 4892 sanctorum
2784 4836 3150 4908 apostolorum
3213 4835 3354 4889 Petri
3417 4842 3476 4888 et

1888 4925 2038 4982 Pauli
2065 4925 2393 4981 :cdilicatutn
2421 4935 2522 4991 est,
2554 4935 2662 4981 tam
2692 4943 2791 4997 pro
2816 4927 2986 4982 salute
3011 4925 3204 4980 animae
3235 4939 3346 4978 sua:
3375 4939 3474 4994 pa-

1886 5026 2206 5086 rentumque
2233 5031 2452 5071 suorum
2481 5033 2604 5072 cum
2640 5017 2906 5083 ecclesiis,
2939 5017 3122 5081 terris,
3148 5016 3346 5081 vineis,
3377 5017 3472 5070 do-

1882 5110 2079 5173 mibus,
2107 5111 2337 5180 campis,
2365 5111 2553 5180 pratis,
2580 5111 2816 5181 pascuis,
2845 5109 3016 5173 silvis,
3057 5108 3284 5174 salictis,
3311 5109 3471 5163 arbo-

1882 5199 2031 5255 ribus
2055 5201 2338 5270 pomiferis
2368 5211 2422 5256 et
2461 5201 2756 5257 fructiferis
2784 5200 2980 5256 diversi
3009 5200 3242 5270 generis,
3277 5199 3359 5253 vel
3384 5201 3468 5253 in-

1881 5291 2194 5358 fruetiferis,
2254 5295 2451 5364 puteis,
2509 5293 2764 5358 fontibus,
2807 5293 2938 5348 rivis
2986 5307 3138 5362 aqua:
3188 5293 3465 5363 perennis,

1879 5384 2143 5452 aediﬁciis,
2193 5386 2465 5456 adjunctis
2506 5384 2988 5455 adjacentibusque
3041 5385 3154 5439 suis
3195 5383 3356 5438 cultis
3382 5381 3468 5438 vel

1877 5478 2118 5545 incultis,
2151 5495 2252 5535 una
2270 5496 2390 5535 cum
2417 5478 2634 5534 familiis
2658 5477 2913 5534 masculis
2940 5486 2995 5532 et
3027 5478 3241 5532 l’cminis
3265 5476 3461 5532 ibidem

1878 5570 1960 5626 vel
1986 5572 2185 5642 ubique
2236 5570 2612 5634 residentibus,
2661 5579 2858 5624 etcum
2909 5567 3161 5623 omnibus
3189 5567 3254 5622 ad
3300 5581 3464 5635 supra

1876 5665 2106 5733 scriptas
2173 5671 2352 5718 curtes
2404 5660 2732 5732 generaliter
2793 5668 2848 5716 et
2911 5658 2964 5714 in
3024 5658 3235 5728 integro
3297 5657 3466 5726 perti-

1880 5756 2175 5820 nentibus,
2217 5753 2456 5822 exceptis
2534 5752 2706 5806 tribus
2775 5749 3054 5821 personis,
3128 5761 3264 5821 quas
3333 5765 3489 5820 prato-

1879 5851 2054 5908 dictns
2104 5864 2198 5904 rex
2259 5849 2310 5904 in
2357 5861 2454 5902 suo
2487 5853 2756 5918 praecepto
2807 5845 2908 5902 sibi
2957 5844 3197 5913 retinuit,
3227 5844 3359 5902 sitas
3405 5843 3464 5900 in
