3934 6428
550 435 689 491 1083

1876 429 2122 491 LEONIS
2158 408 2363 491 mea:
2401 424 2493 492 vti

3605 442 3697 499 i084

542 548 801 604 comitatu
824 544 1189 618 Lugdunensi.
1215 544 1323 601 Nos
1348 561 1478 602 vero
1508 520 1745 602 inclinati
1773 544 2020 620 precibus
2046 564 2129 603 eo-
2157 550 2210 610 Α
2307 549 2505 604 Diebus
2539 547 2664 603 vita:
2706 542 2813 603 tute
2863 552 3138 602 tantum...
3199 545 3540 609 Fraternitatis
3572 571 3698 616 amore

545 655 687 707 rum,
725 639 814 711 qui
863 640 1036 694 vicem
1082 639 1431 710 apostolicam
1464 641 1759 695 retinemus
1782 683 1796 705 ,
1829 641 2131 711 quibusque

547 746 677 786 cura
702 730 942 784 omnium
967 731 1318 785 ecclesiarum
1343 733 1633 786 commissa
1657 739 1758 797 est,
1792 734 2024 786 maxime
2055 732 2128 787 is-

550 821 659 876 tius
691 821 1026 885 monasterii,
1069 821 1210 891 quod
1257 821 1367 897 juri
1423 830 1622 877 sauctm
1664 823 1917 878 Romana:
1972 834 2130 895 atque

546 913 854 983 apostolica:
878 914 1127 969 Ecclesia!
1160 915 1418 985 nobisque
1445 915 1741 983 subjectum
1767 925 1870 981 est,
1902 917 1974 970 ita
2003 932 2132 970 con-

544 1006 823 1061 ﬁrmamus
851 1022 913 1060 ea
945 1006 1147 1072 omnia,
1174 1006 1310 1061 sicut
1355 1023 1451 1079 per
1496 1017 1821 1077 praeceptum
1848 1008 2131 1077 prteti’tctu‘s

542 1093 687 1148 illius
719 1103 902 1150 noster
944 1095 1161 1151 donavit
1202 1096 1511 1166 supradicto
1548 1098 1896 1161 monasterio,
1935 1107 1991 1150 ut
2021 1096 2133 1150 nul-

543 1186 626 1241 lus
652 1188 813 1241 homo
843 1205 1040 1259 parvus
1072 1205 1383 1259 magnusve,
1434 1189 1517 1241 vel
1559 1188 1925 1258 cujuscunque
1962 1189 2132 1257 dignic

542 1276 669 1331 tatis
694 1278 889 1332 audeat
917 1277 998 1332 vel
1043 1286 1331 1348 praesumat
1360 1288 1547 1332 contra
1596 1278 1753 1349 hujus
1794 1280 1965 1333 nostri
2004 1294 2130 1349 apo-

542 1367 711 1422 Stolici
739 1368 999 1439 privilegii
1028 1371 1403 1423 auctoritatem
1433 1372 1545 1438 ipsa
1585 1371 1836 1425 invadere
1865 1371 1947 1425 vel
1980 1386 2131 1439 rape—

541 1464 621 1523 re,
648 1460 740 1512 sed
762 1473 953 1513 secure
981 1469 1035 1513 et
1073 1461 1252 1529 quiete
1287 1463 1674 1530 perpetualitcr
1698 1464 1749 1516 in
1793 1463 1980 1517 eodem
2012 1478 2128 1517 mo-

540 1550 784 1604 nasterio
815 1563 1183 1620 permaneant.
1210 1552 1315 1607 Pro
1346 1569 1452 1623 quo
1480 1556 1639 1609 etiam
1672 1555 1771 1610 sub
1804 1556 1965 1609 divini
1991 1555 2131 1623 jutii-

540 1641 610 1695 cii
636 1643 996 1697 obtestatione
1042 1646 1445 1713 promulgantes
1502 1647 1842 1702 decernimus
1861 1689 1874 1713 ,
1901 1659 1955 1700 nt
1986 1647 2131 1701 nullo

536 1730 756 1801 ingenio
779 1741 872 1787 aut
896 1743 1215 1804 argumento
1237 1734 1450 1791 auferre
1474 1738 1726 1801 audeant,
1757 1739 1933 1804 potius
1950 1746 2130 1792 autem

537 1826 658 1897 jure
695 1838 951 1897 perpetuo
993 1830 1046 1883 in
1099 1831 1286 1884 eodem
1332 1830 1626 1885 venerabili
1686 1832 2037 1892 monasterio,
2073 1839 2133 1883 ut

2233 637 2653 709 constringimur
2675 646 2728 693 et
2758 636 3064 707 apostolicae
3101 638 3245 693 sedis
3280 642 3592 700 moderamine
3610 662 3697 703 con-

2231 731 2480 785 venimur
2516 748 2529 784 :
2581 738 2641 784 ttt
2664 730 2925 785 consultis
2960 727 3209 793 fratrum,
3250 740 3399 800 prout
3422 730 3625 792 Dominus
3642 740 3701 794 tie-

2233 821 2395 886 derit,
2465 821 2907 890 resptmdeamus,
2951 837 3149 891 eosque
3186 822 3470 892 apostolicae
3501 827 3612 882 sedis
3639 844 3701 882 au-

2233 912 2482 966 ctoritate
2518 911 2847 965 instruamus
2893 927 2908 965 :
2951 920 3005 965 et
3043 913 3165 981 quia
3196 913 3402 968 dilectio
3426 923 3570 970 vestra
3592 919 3703 989 exigit

2233 1002 2543 1071 apostolicae
2584 1003 2726 1057 sedis
2755 1003 3029 1066 consulta,
3056 1019 3175 1071 qua:
3210 1004 3361 1060 vobis
3406 1005 3622 1076 denegare
3642 1025 3704 1066 nec

2233 1095 2510 1157 debemus,
2545 1110 2644 1149 nec
2689 1109 2996 1165 possumus,
3023 1110 3088 1149 eo
3116 1096 3253 1162 quod
3305 1106 3358 1150 et
3386 1097 3705 1166 predecessors

2235 1194 2449 1239 nostros
2472 1185 2760 1238 multatum
2810 1186 3088 1253 regionum
3119 1187 3380 1256 episcopis
3425 1189 3510 1243 hoc
3527 1191 3706 1257 egisseli-

2231 1284 2379 1344 quet,
2408 1275 2547 1345 quod
2571 1284 2627 1329 et
2664 1290 2780 1340 nos,
2826 1276 2915 1344 qui
2967 1276 3021 1328 in
3053 1276 3239 1329 eadem
3289 1277 3426 1341 sede,
3449 1278 3706 1335 Dominolar-

2232 1368 2429 1437 git-nte,
2462 1367 2637 1420 collati
2667 1383 2875 1429 smnus,
2898 1382 3059 1436 agere
3085 1367 3280 1421 debere
3309 1367 3521 1421 fraterna
3541 1370 3708 1426 citatius

2234 1458 2531 1526 compellit.
2560 1456 2714 1512 Unde
2745 1459 2883 1512 hanc
2909 1467 3150 1512 sanctam
3175 1459 3479 1513 catholicam
3499 1470 3543 1513 et
3565 1471 3711 1530 aposto-

2232 1550 2411 1614 licam,
2437 1562 2599 1619 caput
2645 1552 2887 1605 omnium
2922 1550 3305 1614 Ecclesiarunt,
3350 1552 3602 1607 Romanam
3620 1555 3711 1608 scili-

2231 1650 2318 1697 cet
2384 1643 2706 1707 Ecclesium,
2758 1657 2881 1711 quae
2956 1656 3169 1710 semper
3227 1652 3515 1696 sanctorum
3559 1641 3712 1696 Patrum

2232 1735 2627 1789 sinceris-imas
2669 1733 3021 1788 auctoritates
3072 1734 3124 1785 in
3156 1732 3403 1787 omnibus
3450 1734 3546 1787 suis
3572 1735 3714 1789 actibus

2234 1826 2480 1895 sequitur
2513 1834 2867 1894 nostramque
2924 1823 3274 1892 apostolicam
3328 1825 3491 1878 sedem
3515 1826 3715 1879 consulem

541 1921 790 1989 superius
822 1919 1037 1975 atlixum
1080 1930 1182 1986 est,
1214 1921 1475 1987 alliciant,
1505 1933 1558 1977 ct
1588 1923 1641 1976 in
1671 1931 1937 1991 potestate
1965 1929 2125 1990 atque
2160 1914 2199 1971 Β
2228 1917 2496 1979 voluistis,
2524 1915 2712 1986 procul
2736 1915 2896 1970 dubio
2922 1930 3041 1983 Quae
3067 1914 3275 1985 egelida
3306 1914 3447 1969 vobis
3486 1924 3602 1979 sunt,
3626 1916 3715 1969 im-

539 2004 746 2065 ditione
785 2009 989 2066 Odonis
1035 2013 1276 2075 abbatis,
1324 2014 1406 2069 vel
1449 2013 1689 2067 omnium
1746 2028 2126 2067 successorum

538 2114 763 2156 suorum
790 2102 1066 2166 abbatum,
1094 2118 1188 2158 seu
1220 2105 1602 2158 tnonacbontnt
1637 2104 1835 2159 ibidem
1874 2104 1984 2158 Deo
2011 2117 2128 2158 ser-

539 2192 801 2248 v'icnttum
827 2204 1179 2263 permaneant
1220 2197 1550 2265 disponenda
1596 2212 1659 2252 ac
1689 2196 2029 2267 possidenda.
2071 2194 2129 2249 Si

539 2286 660 2354 quis
714 2296 895 2341 autem
948 2289 1237 2341 temerario
1277 2306 1409 2343 ausu
1473 2298 1659 2343 contra
1706 2288 1867 2357 hujus
1928 2297 2131 2343 nostra:

538 2379 848 2449 apostolicae
877 2381 1256 2450 pratceptionis
1307 2381 1501 2437 seriem
1538 2383 1625 2452 pie
1649 2398 1677 2436 a
1710 2383 1867 2437 nobis
1887 2382 2126 2452 promul-

539 2478 720 2540 gatam
748 2473 932 2526 venire
972 2471 1052 2526 vel
1086 2487 1247 2541 agere
1296 2474 1604 2539 Ientaverit,
1648 2474 1786 2527 sciat
1825 2488 1881 2526 se
1919 2472 2124 2526 domini

538 2562 715 2619 nostri
747 2563 1115 2633 apostolorum
1157 2565 1418 2634 principis
1458 2566 1599 2619 Petri
1623 2565 1985 2620 anathematis
2008 2565 2131 2619 vin-

539 2653 665 2709 culo
696 2654 1030 2719 innodatum,
1065 2666 1121 2710 et
1150 2673 1272 2709 cum
1298 2657 1514 2711 diabolo
1547 2666 1607 2712 et
1631 2657 1749 2725 ejus
1774 2657 2130 2712 atrocissimis

537 2743 773 2815 pompis,
802 2753 1113 2814 atquecum
1163 2744 1300 2799 Iuda
1352 2746 1615 2801 traditore
1659 2747 1870 2801 Domini
1914 2746 2006 2800 Dei
2076 2755 2130 2801 et

538 2837 836 2895 Salvatoris
884 2837 1012 2896 Jesu
1061 2840 1258 2895 Christi
1312 2843 1364 2894 in
1411 2850 1671 2896 aeternum
1706 2842 2131 2911 igucmconcre-

536 2930 796 2985 mendum
839 2930 1107 3000 simulque
1163 2940 1218 2985 et
1262 2931 1314 2984 in
1366 2932 1675 3001 voraginem
1728 2941 2130 2999 tartaremnque

538 3021 707 3077 chaos
728 3022 1013 3078 demersus
1061 3038 1183 3078 cum
1235 3024 1411 3092 impiis
1449 3025 1679 3079 deiiciat.
1722 3024 1824 3091 Qui
1870 3038 2002 3078 vero
2040 3022 2128 3092 pio

537 3110 734 3167 intuitu
776 3114 1030 3169 custodes
1076 3122 1130 3167 et
1175 3116 1491 3171 obedientcs
1534 3125 1695 3183 atque
1747 3116 2129 3169 obserVatores

537 3213 739 3259 nostrte
769 3205 1060 3260 salutiferae
1100 3208 1480 3275 praeceptionis
1505 3208 1844 3270 exstiterint,
1878 3208 2127 3260 benedic-

2236 2007 2591 2062 tractabiliter
2614 2007 2868 2060 mandare
2897 2021 3172 2060 curamus.
3197 2005 3364 2076 Igitur
3387 2008 3497 2074 quia
3524 2006 3567 2059 in
3585 2005 3717 2058 vestris

2232 2102 2430 2155 litteris
2457 2109 2698 2154 nostrmn
2715 2098 3074 2170 apostolatum
3104 2107 3358 2170 expetere
3383 2098 3611 2163 voluistis,
3631 2110 3718 2168 qn-

2234 2205 2388 2250 tenus
2435 2205 2615 2249 nostra
2666 2195 2988 2249 auctoritate
3033 2195 3275 2248 vicarius
3308 2204 3361 2249 et
3383 2195 3551 2248 missus
3585 2200 3717 2244 nostra

2232 2280 2537 2359 apestolicm
2570 2289 2711 2344 sedis
2764 2289 2926 2342 totius
2973 2288 3282 2343 Germanice
3332 2303 3417 2343 vos
3454 2286 3720 2341 concedamus

2231 2396 2381 2447 esse;
2414 2390 2468 2435 et
2515 2383 2655 2449 quod
2688 2380 2952 2443 asseritis,
2978 2381 3101 2450 quia
3131 2381 3301 2448 prisci
3330 2378 3612 2448 Moguntina:
3626 2376 3719 2430 sedis

2232 2473 2630 2541 metropolitani
2656 2489 2682 2526 a
2718 2484 2905 2526 nostra
2928 2473 3223 2541 apostolica
3255 2472 3379 2526 sede
3401 2486 3460 2525 ex
3485 2467 3719 2523 auctoritate

2230 2562 2529 2617 beatissimi
2560 2562 2699 2617 Petri
2725 2561 3088 2632 apostolorum
3112 2562 3373 2630 principis
3385 2558 3548 2615 vicarii
3566 2565 3609 2611 et
3621 2554 3720 2609 missi

2232 2660 2512 2729 apostolici
2542 2660 2707 2714 totius
2728 2658 3033 2713 Germaniae
3065 2658 3178 2710 tieri
3224 2664 3517 2711 meruerunt
3555 2652 3721 2707 :scitolt

2231 2765 2330 2825 nos
2384 2750 2674 2821 dilignter
2731 2750 2782 2804 in
2829 2750 3028 2803 scrinio
3077 2759 3284 2803 sancta;
3325 2746 3550 2802 Ecclesia!
3592 2752 3721 2797 nostra

2230 2840 2632 2909 privilegiorum
2682 2841 2927 2905 schedas,
2970 2854 3088 2908 quae
3136 2856 3165 2892 a
3211 2836 3720 2909 prtedecessoribusno-

2231 2934 2360 2986 stris
2392 2933 2619 2995 duobus,
2654 2932 2924 2986 -videlicet
2972 2931 3263 3002 Gregorii,
3292 2930 3544 2984 Zacharia:
3584 2934 3625 2981 et
3647 2926 3721 2978 Steo

2231 3025 2417 3095 pbaui,
2448 3034 2505 3078 ut
2544 3025 2810 3088 asseritis,
2840 3024 3120 3078 Bonifaeio
3155 3032 3357 3077 vestra:
3399 3021 3525 3075 sedis
3565 3013 3723 3071 antistiti

2232 3117 2525 3186 apostolica
2561 3116 2908 3171 roboratione
2957 3131 3076 3170 esse
3128 3129 3407 3177 concessa,
3449 3112 3537 3167 sub
3560 3106 3721 3177 diligenti

2230 3225 2361 3264 cura
2378 3218 2431 3263 et
2447 3209 2746 3263 vehementi
2770 3207 3127 3262 sollicitudine
3144 3207 3266 3262 vive
3282 3206 3439 3261 st...ri
3455 3201 3718 3274 percepimus.

542 3295 705 3351 tionis
748 3296 924 3367 gratia
946 3306 1003 3352 et
1022 3299 1262 3353 cmlestis
1289 3299 1665 3353 retributionis
1704 3307 1907 3353 aeterna
1935 3298 2128 3367 gaudia
2156 3270 2201 3328 Ο
2237 3309 2291 3355 et
2322 3316 2482 3353 uuam
2513 3300 2765 3353 schedam
2816 3314 2936 3354 cum
2992 3298 3078 3352 illa
3131 3298 3446 3352 auctoritate
3491 3301 3650 3347 tantum
3664 3302 3722 3357 po-

539 3386 746 3456 ajusto
797 3388 985 3461 judice
1034 3390 1266 3448 Domino
1314 3390 1426 3447 Deo
1460 3400 1646 3447 nostro
1706 3391 1967 3461 consequi
2022 3404 2135 3445 me—

538 3490 784 3538 reantur.

1273 3596 1408 3653 XIII.

536 3701 799 3746 EPISTOLA
852 3706 1040 3748 ιεοωε
1086 3707 1164 3747 νη
1215 3708 1284 3747 ΔΙ)
1341 3706 1661 3748 ΑυΑιῡΑϐωι
1710 3704 2132 3747 ΒΔΗΒΠΒΟΕΝδΕὶῘ

1182 3778 1498 3818 ΕΡΙΞΩΟΡΗΜ.

1115 3853 1293 3924 (Anno
1331 3854 1572 3925 957-59.)

1065 3940 1160 3995 Illi
1185 3943 1404 4014 pallium
1429 3946 1609 3997 mittit.

630 4031 808 4111 [Apud
830 4032 1202 4107 Lappenberg,
1232 4033 1527 4106 Hamburg.
1560 4033 1823 4098 ΠνΙιιιηιί.Υ
1861 4051 1915 4105 p.
1934 4031 2051 4104 Αἰ]

613 4128 743 4193 Leo,
772 4128 1059 4200 episcopus
1081 4138 1136 4184 et
1163 4145 1355 4184 servus
1381 4144 1660 4185 servorum
1690 4128 1785 4183 Dei
1812 4128 2134 4182 reverentis-

542 4220 681 4275 simo
706 4228 761 4273 et
798 4220 1142 4276 sanctissimo
1186 4218 1478 4275 ADALDADO
1527 4230 1727 4275 saneta:
1780 4218 2137 4273 llanunabur-

545 4312 725 4382 geusis
753 4311 1009 4368 Ecclesia:
1040 4314 1313 4383 episcopo,
1344 4330 1463 4383 qum
1500 4315 1600 4368 sita
1628 4322 1712 4369 est
1745 4300 1884 4366 ultra
1916 4310 2135 4364 ﬂuvium

547 4406 638 4475 qui
664 4391 886 4461 vocatur
915 4407 1095 4471 Albia,
1127 4407 1317 4461 diebus
1352 4408 1472 4460 vitae
1505 4415 1608 4459 tuac
1635 4403 2024 4458 tantummodo.

618 4497 674 4551 Si
698 4507 944 4569 pastores
964 4499 1170 4564 ovium,
1206 4507 1335 4565 ctc.,
1388 4508 1441 4552 ut
1488 4500 1541 4552 in
1581 4497 1723 4551 bulla
1783 4492 2059 4569 Nicolai}
2088 4503 2137 4547 et

549 4584 803 4654 Stephani
852 4588 893 4642 V
922 4607 1017 4659 pro
1055 4591 1237 4645 cadent
1280 4591 1536 4655 Ecclesia,
1574 4606 1733 4660 atque
1778 4589 1849 4642 ml
1885 4602 2133 4655 assump-

546 4681 692 4736 tione
716 4691 917 4737 sanclte
939 4681 1032 4738 Dei
1056 4685 1334 4755 genitricis
1361 4684 1606 4738 Maria}...
1635 4682 1851 4753 Reliqua
1876 4684 2059 4736 desunt
2084 4683 2136 4735 in

551 4774 899 4845 autographa.

1269 4884 1407 4940 XIV.

606 4993 864 5035 EPISTULA
899 4993 1087 5035 LEONIS
1125 4994 1201 5032 VII
1240 4994 1308 5031 Λυ
1350 4994 1675 5035 FRIDURICUM
1726 4994 2076 5035 MOGUNTINUM

1098 5062 1577 5106 ARCHIEPISCOPUM.

1123 5164 1300 5236 (Anno
1320 5164 1571 5231 937-59.)

554 5248 901 5308 Friduricum
939 5253 1110 5322 prodit
1150 5274 1167 5306 ‹
1223 5272 1374 5309 suum
1421 5255 1672 5309 vicarium
1722 5266 1767 5307 et
1812 5254 2025 5307 missum
2083 5269 2136 5305 tn

620 5335 774 5395 canet
799 5342 823 5378 ε
861 5325 1327 5395 regionilmslotius
1358 5324 1671 5378 Gm'manim.
1712 5344 1729 5375 ι
1790 5323 2055 5377 Permittit
2083 5333 2139 5376 ut

619 5393 859 5457 Judrtos,
907 5393 1010 5448 nisi
1038 5393 1393 5450 Christianam
1429 5397 1586 5464 ﬁdem
1617 5398 1922 5462 suscipiant,
1949 5397 2140 5449 civita-

621 5466 766 5521 tibus
784 5464 1043 5536 expellat;
1069 5466 1254 5520 invitos
1276 5484 1392 5521 vero
1413 5467 1668 5537 baptizari
1698 5476 1847 5522 velut.

622 5579 803 5654 [Apud
835 5579 1196 5646 Wurdtwein,
1224 5579 1477 5651 Epistolas
1503 5579 1560 5635 S.
1598 5580 1880 5649 Bonifatii,
1911 5578 2063 5650 573.]

627 5695 735 5748 Lm
766 5697 1072 5766 cpiscopus,
1090 5711 1278 5751 servus
1308 5710 1587 5750 servorum
1623 5693 1739 5757 Dei,
1768 5692 2137 5748 reverentissi-

555 5803 644 5838 mo
669 5797 721 5839 et
752 5788 1093 5843 sanctissimo
1122 5787 1384 5843 confratri
1415 5798 1599 5843 nostro
1631 5788 1924 5846 Fatountco
1939 5796 2142 5843 sanctae

558 5872 946 5949 Moguntiensis
971 5872 1227 5941 Ecclesiae
1249 5880 1656 5956 archiepiscopo

1928 5998 1990 6023 λ
2023 5973 2054 6022 -’
2090 5987 2205 6022 ,κΑΙ

2166 4632 2216 4690 D

2240 3391 2441 3445 tuimus
2516 3389 2775 3443 invenire.
2836 3389 2987 3443 Unde
3043 3390 3167 3457 quia
3220 3388 3344 3443 lctis
3398 3382 3654 3457 praecordiis
3688 3384 3721 3430 et
3812 3440 3813 3455 χ

2235 3478 2423 3563 humili
2448 3479 2836 3550 supplicatione
2882 3478 3210 3550 efﬂagitatis,
3237 3488 3298 3534 ut
3332 3471 3721 3546 noetraapostolica

2230 3571 2561 3626 auctoritate
2588 3580 2918 3641 praeceptum
2940 3580 2996 3627 et
3020 3571 3296 3626 licentiam
3322 3572 3463 3628 vobis
3489 3578 3720 3624 nostram-

2236 3663 2397 3718 ccdat
2421 3663 2731 3727 clementia,
2765 3672 3033 3731 quatenus
3069 3664 3189 3718 vice
3239 3673 3419 3719 nostra
3446 3662 3674 3718 sceleratos
3688 3662 3719 3707 et

2233 3771 2416 3828 pravae
2458 3757 2582 3810 vita:
2611 3756 2858 3811 homines
2908 3756 3153 3810 habeatis
3176 3765 3492 3827 potestatem
3511 3750 3717 3817 corripere.

2235 3856 2291 3902 et
2322 3848 2388 3902 ad
2412 3848 2550 3902 viam
2580 3849 2827 3902 veritatis
2862 3848 3061 3903 vestris
3096 3847 3546 3904 exhortationibus
3582 3849 3720 3896 rem

2235 3956 2343 3997 re:
2396 3942 2743 3997 concedimus
2791 3940 2945 3996 vobis
3007 3941 3127 3996 vice
3178 3952 3363 3995 nostra
3408 3936 3651 3995 licentiam,
3681 3940 3719 3981 eo

2237 4037 2381 4108 quod
2412 4052 2505 4091 vos
2538 4037 2663 4091 hinc
2690 4049 2892 4091 sanctae
2919 4037 3031 4091 sedi
3059 4036 3443 4107 subiectionem
3494 4043 3540 4088 et
3579 4036 3718 4084 0mm

2238 4130 2551 4185 ﬁdelitatem
2576 4128 2833 4184 exhibere
2864 4128 3206 4198 promittitis,
3240 4144 3306 4182 ex
3336 4111 3721 4181 attctoritatebeali

2237 4224 2383 4279 Petri
2409 4223 2771 4293 apostolorum
2796 4221 3055 4292 principis
3085 4222 3278 4275 damus
3296 4219 3439 4274 vobis
3469 4218 3719 4285 potestath

2239 4326 2296 4371 ιιι
2328 4316 2446 4369 sitis
2476 4330 2657 4368 nosmr
2684 4314 2922 4368 vicarius
2946 4322 3001 4367 et
3041 4312 3242 4367 missus
3268 4312 3322 4365 in
3353 4307 3541 4364 cunctis
3565 4293 3720 4369 Γσςίοΐί*

2239 4410 2338 4462 bus
2404 4407 2567 4460 totius
2621 4404 2947 4460 Gt'rtnanite.
3026 4404 3094 4459 Ut
3169 4404 3467 4469 ubicunque
3504 4394 3717 4465 θμὶεθουοεν

2240 4499 2600 4568 presbyteros,
2626 4498 2880 4551 diaconos
2904 4494 2987 4550 vel
3011 4496 3306 4551 monachos
3337 4502 3508 4549 contra
3539 4484 3719 4542 canon!!!

2243 4600 2294 4643 et
2319 4590 2612 4643 constituta
2664 4598 2977 4644 sanctorum
3016 4586 3266 4658 Patrum,
3306 4589 3416 4643 sive
3440 4590 3597 4640 contra
3615 4570 3721 4630 θεόν’

2245 4682 2520 4734 siasticam
2561 4680 2801 4752 regulam
2847 4680 3149 4735 excessisse
3177 4677 3472 4748 reperietis,
3514 4663 3721 4742 apostoli?l

2243 4777 2567 4832 auctoritate
2606 4774 2758 4843 juxta
2806 4788 3073 4829 canonum
3121 4783 3178 4830 et
3222 4774 3462 4830 instituta
3499 4767 3720 4823 sanctor“!

2244 4864 2465 4920 Patrum
2508 4865 2625 4919 illos
2649 4864 2921 4933 corrigere
2963 4875 3018 4918 et
3051 4864 3118 4920 ad
3139 4865 3281 4919 viam
3305 4859 3528 4919 veritatis
3545 4856 3722 4911 teth

2246 4974 2352 5012 non
2382 4958 2665 5012 omittatis.
2696 4958 2772 5013 De
2796 4956 2995 5013 Judaais
3025 4968 3205 5013 autem
3231 4957 3372 5013 unde
3406 4961 3560 5009 vestra
3592 4946 3718 5000 frater-

2248 5052 2387 5105 nitas
2409 5059 2649 5105 nostram
2683 5051 3039 5120 conqutesivit
3073 5050 3462 5110 auctoritatem,
3486 5040 3718 5130 Ilﬂ‘lllllmf'

2249 5139 2348 5197 lius
2380 5142 2558 5197 sitcos
2588 5157 2759 5198 sactae
2785 5142 3073 5213 subjugare
3099 5142 3366 5214 religioni,
3397 5155 3459 5194 an
3489 5137 3545 5190 de
3565 5127 3717 5186 civim?

2244 5237 2343 5291 bus
2372 5237 2567 5291 vestris
2594 5235 2864 5307 expellere
2896 5251 2911 5290 :
2936 5238 3037 5291 ltoc
3062 5237 3213 5292 vobis
3244 5237 3545 5305 praeceptum
3565 5214 3715 5313 mandi:

2244 5344 2382 5392 mus,
2420 5337 2475 5382 ut
2510 5329 2666 5381 iidem
2694 5337 2896 5383 sanctae
2919 5327 3219 5393 Trinitatis,
3272 5322 3555 5398 mysterium

2244 5418 2783 5473 nicmincarnationis
2811 5434 2931 5472 cum
2976 5419 3122 5472 omni
3171 5416 3454 5487 sagacitate
3486 5398 3717 5475 ειρωάθπη

2247 5512 2468 5567 consilio
2517 5511 2612 5565 Dei
2658 5525 2780 5566 cum
2834 5511 3136 5565 reverentia
3198 5508 3299 5563 illis
3365 5501 3612 5576 prteriin

2245 5604 2538 5665 desistatis,
2582 5610 2636 5656 et
2694 5603 2737 5656 si
2799 5605 3024 5656 credere
3077 5612 3131 5657 et
3176 5596 3428 5668 baptizari
3483 5596 3570 5645 toto

2245 5693 2534 5757 voluerint,
2589 5693 2867 5747 immensis
2911 5690 3157 5746 laudibus
3204 5680 3529 5757 omnipotenti
3561 5671 3716 5757 00W

2249 5786 2537 5843 referimus
2584 5786 2817 5855 gratias;
2868 5768 2915 5839 si
2970 5793 3149 5838 autem
3176 5781 3393 5837 credere
3425 5751 3716 5829 noluerim,"

2252 5880 2563 5939 civitatibus
2586 5848 2788 5939 vestris
2806 5848 2945 5937 cum
2984 5884 3174 5937 nostra
3207 5870 3515 5934 auctoritate
3539 5856 3630 5920 illos
3649 5848 3714 5916 αδ
