3934 6422
220 379 358 436 1085

1371 380 1732 438 EPISTOL/E
1772 382 1858 436 ET
1898 381 2307 438 PRIVILEGIA.

3346 403 3363 455 I
3375 400 3478 456 086

218 495 436 566 pellite,
489 494 581 562 qui
647 509 752 548 non
811 495 1069 550 debemus
1114 510 1236 550 cum
1297 495 1529 576 inimicis
1593 495 1804 549 Domini
1833 500 1881 558 Α
1914 499 2081 550 versis
2105 497 2360 554 Ecclesiis
2385 499 2800 561 sollicitudinem
2843 506 3099 576 gerimus,
3150 519 3204 565 et
3234 513 3393 568 veluti
3428 519 3477 571 in

1405 571 1435 594 0

218 589 531 642 societatem
595 587 816 651 habere,
869 587 1081 642 dicente
1127 587 1431 660 Apostolo':
1488 587 1618 654 Quia
1668 589 1805 641 enim

219 679 621 733 communicatio
676 678 780 730 luci
833 677 902 731 ad
946 680 1202 747 tenebras,
1229 690 1318 734 aut
1361 697 1476 749 qua:
1511 697 1629 746 pars
1662 678 1806 744 ﬁdeli

218 787 335 822 cum
379 771 620 839 inﬁdeli?
662 771 763 827 Per
794 774 1044 828 virtutem
1099 785 1277 850 autem
1329 785 1382 829 et
1420 775 1536 828 sine
1591 774 1804 827 illorum

219 860 498 917 voluntate
551 873 713 933 atque
743 865 1001 933 petitione
1047 867 1209 920 nolite
1235 883 1329 920 eos
1355 865 1652 934 baptizare,
1680 865 1802 933 quia

218 953 479 1022 Scriptum
509 963 592 1009 est
647 973 658 1007 τ
697 955 876 1010 Nolite
914 969 1152 1011 amictum
1198 960 1324 1012 dare
1353 960 1592 1020 canibus,
1630 967 1674 1009 et
1715 974 1806 1009 no-

230 1043 318 1096 lite
357 1048 561 1099 mittere
585 1048 897 1117 margaritas
929 1059 1119 1102 vestras
1144 1060 1263 1102 ante
1307 1066 1510 1117 porcas,
1565 1065 1627 1101 ne
1673 1047 1806 1116 forte

217 1135 518 1189 conculcenl
568 1154 655 1191 eas
709 1140 927 1207 pedibus
970 1141 1097 1194 suis.
1127 1140 1391 1195 Czeterum
1425 1140 1578 1194 ﬁdein
1606 1148 1805 1193 sanctae

218 1219 528 1291 Trinitatis,
586 1242 745 1296 quam
799 1227 999 1284 Judaais
1046 1239 1100 1284 et
1169 1230 1417 1300 gentibus
1468 1229 1800 1297 praedicatis,

217 1331 380 1386 qsiam
408 1328 463 1372 et
486 1319 550 1372 ad
584 1329 826 1374 sanctam
858 1321 1154 1375 Romanam
1210 1321 1526 1385 Ecclesium,
1577 1331 1803 1374 matrem

217 1409 466 1464 videlicet
507 1423 766 1478 vestram,
808 1414 1207 1483 approbandam
1259 1414 1507 1476 misistis,
1565 1405 1637 1466 ita
1669 1413 1805 1466 iule-

217 1515 366 1568 gram
398 1499 766 1573 illibatamque
791 1505 1013 1560 creditis
1067 1516 1120 1558 et
1159 1506 1373 1569 tenetis,
1408 1505 1548 1560 sicut
1574 1504 1800 1573 apostoli

216 1604 510 1659 eorumque
546 1607 888 1649 successores
937 1597 1094 1650 nobis
1127 1597 1492 1660 tradiderunt,
1531 1607 1582 1650 et
1614 1605 1800 1649 sancta

217 1679 456 1736 Romana
511 1683 750 1740 Ecclesia
810 1688 1061 1743 omnibus
1109 1690 1310 1757 ubique
1357 1687 1608 1759 gentibus
1665 1703 1802 1758 prae-

216 1773 377 1828 dicat.

940 1869 1056 1926 XV.

322 1978 507 2019 LEONIS
549 1979 620 2019 VII
659 1981 914 2021 EPISTOLA
956 1982 1024 2019 AD
1066 1981 1264 2021 GALLOS
1301 1982 1370 2020 ΕΤ
1398 1981 1694 2023 GERMANOS.

785 2056 961 2124 (Auno
979 2056 1230 2126 937-59.)

219 2141 390 2198 Multa
425 2161 543 2215 qua!
588 2146 656 2198 ad
688 2147 1016 2215 disciplinam
1051 2158 1280 2216 spectant
1321 2147 1591 2202 emendari
1627 2145 1796 2217 jubet.

607 2236 781 2307 [Apud
810 2235 1002 2302 Mansi,
1032 2236 1220 2302 XVIII,
1263 2236 1416 2310 578.]

283 2325 396 2380 Lso
420 2341 726 2396 episcopus,
760 2343 949 2382 servus
990 2343 1268 2382 servorum
1297 2327 1665 2398 Dei,regibus,
1700 2325 1802 2380 du-

219 2416 392 2480 cibus,
441 2417 728 2486 episcopis,
765 2417 1072 2482 abbatibus,
1120 2421 1426 2483 comitibus,
1475 2419 1589 2488 pari
1640 2419 1800 2472 etiam

215 2510 370 2563 modo
394 2509 696 2566 EGILDLPIIO
739 2509 1083 2577 Juvancusis,
1142 2512 1414 2568 Isracmuo
1447 2512 1806 2582 Ratisponen-

218 2600 307 2662 sis,
345 2599 670 2656 Liarsen'ro
725 2603 1109 2672 Frisingeusis,
1163 2604 1421 2659 Wisusoo
1475 2602 1804 2657 Selioucusis

216 2692 466 2747 Ecclesia}
496 2696 892 2752 venerabilibus
921 2699 1212 2768 episcopis,
1243 2707 1296 2751 et
1322 2697 1532 2752 caeteris
1559 2712 1654 2766 per
1679 2696 1804 2751 Gal-

217 2783 364 2846 liam,
395 2782 768 2855 Germaniam,
800 2787 1123 2848 Bavvariam.
1160 2791 1533 2845 Alemanniam
1563 2806 1803 2845 comm0«

223 2875 490 2932 rantibus.

287 2966 344 3021 Si
378 2969 622 3023 instituta
657 2969 1045 3035 ecclesiastica,
1070 2981 1132 3025 ut
1163 2981 1288 3026 sunt
1319 2988 1347 3026 a
1381 2972 1553 3027 beatis
1581 2979 1801 3042 aposto-

221 3057 283 3112 lis
313 3060 529 3125 tradita,
559 3061 766 3130 integra
793 3061 994 3116 vellent
1025 3078 1246 3118 servare
1283 3065 1492 3119 Domini
1545 3065 1797 3119 sacerdo-

216 3159 316 3217 tes,
347 3153 492 3206 nulla
517 3153 802 3210 diversitas
837 3156 888 3209 in
934 3157 1063 3226 ipsis
1116 3157 1396 3212 ordinibus
1427 3167 1480 3212 et
1511 3172 1800 3211 consecra-

1908 592 2122 658 Speeula
2153 591 2332 659 positi,
2357 593 2482 662 quid
2513 609 2610 662 per
2650 596 2814 652 tmius
2839 599 2987 654 orbis
3041 603 3346 670 provincias
3392 625 3479 678 ge-

1907 680 2078 732 ratur,
2106 671 2341 739 vigilanti
2369 690 2495 725 cura
2526 675 2843 734 insistimus.
2872 678 2944 736 De
2966 683 3158 750 quibus
3181 699 3309 754 ergo
3350 671 3480 757 apo-

1907 759 2150 814 Stolicam
2177 763 2356 816 sedem
2387 767 2672 831 consuluit,
2699 779 2751 823 et
2776 771 2955 839 qualia
2993 789 3093 828 uos
3139 777 3186 830 ei
3227 793 3480 848 respousa

1908 851 2165 911 dedimus,
2233 871 2328 922 per
2376 856 2475 911 hos
2535 870 2748 916 nostros
2805 864 2986 932 apices
3032 867 3183 922 vobis
3233 871 3482 927 intimare

1908 962 2180 1002 cui-auius.
2223 949 2354 1019 Ejus
2394 969 2626 1024 namque
2680 956 3031 1022 interrogatio
3088 964 3326 1019 seriatim
3362 967 3483 1021 talis

1906 1049 2038 1093 erat.

1978 1133 2050 1184 De
2081 1135 2513 1201 auguratoribus,
2546 1146 2599 1191 et
2632 1127 3096 1206 incantatricibus,
3127 1153 3181 1196 et
3223 1145 3484 1201 mal‘etiris

1905 1224 2056 1277 vario
2094 1225 2250 1276 modo
2281 1227 2619 1282 mortificatis
2663 1245 2692 1282 a
2733 1231 2944 1300 populo,
2987 1234 3031 1286 si
3084 1235 3259 1304 aliqua
3310 1237 3486 1303 pleni-

1909 1315 2072 1368 tentia
2106 1314 2481 1386 debeatexigi.
2556 1321 2626 1372 De
2692 1322 2885 1376 talibus
2938 1339 3168 1393 uanique
3216 1329 3482 1395 personis,

1906 1406 2033 1473 quid
2068 1406 2275 1460 Veteris
2328 1425 2388 1462 ac
2445 1411 2568 1462 novi
2615 1411 2947 1470 'l‘estaiueuti
2999 1417 3191 1486 pagina
3245 1429 3482 1483 censeat,

1907 1499 2248 1553 manifestum
2275 1511 2375 1555 est.
2418 1502 2466 1555 lu
2500 1503 2616 1576 lege
2666 1521 2896 1574 namque
2955 1507 3184 1564 Mosaica
3222 1513 3484 1580 scriptum

1904 1605 1984 1647 est
2019 1613 2029 1646 :
2063 1592 2328 1662 Male/iras
2358 1612 2459 1656 non
2489 1596 2711 1670 patieris.
2736 1600 2894 1650 rircre
2923 1599 3116 1666 (Exod.
3140 1601 3294 1665 XX“).
3328 1600 3486 1654 Simi-

1905 1683 2030 1736 liter
2061 1684 2111 1735 in
2147 1683 2413 1736 Samuelis
2461 1685 2598 1739 libro
2650 1686 2860 1756 legitur,
2918 1690 3043 1757 quia
3109 1692 3491 1746 exterminavit

1908 1775 2034 1829 Saul
2062 1792 2250 1829 omnes
2275 1776 2624 1847 Pythonissas
2654 1780 2717 1834 de
2762 1789 2924 1845 terra,
2956 1791 3010 1834 et
3053 1781 3156 1835 alia
3191 1797 3311 1851 qua:
3355 1797 3489 1836 enu-

1751 1853 1755 1856 ’
1819 1860 1869 1936 Β
1897 1883 2106 1922 merare
2130 1867 2344 1936 longum
2374 1879 2474 1923 est.
2507 1870 2612 1923 Sed
2645 1888 2740 1937 nos
2778 1873 2940 1935 etiam
2973 1873 3106 1928 tales
3146 1874 3344 1928 nostris
3393 1889 3490 1927 ex-

1907 1959 2306 2015 hortationibus
2337 1962 2402 2014 ad
2435 1962 2808 2030 pmuiteutiam
2860 1967 3076 2019 trahere
3113 1964 3391 2030 debemus,
3424 1972 3488 2018 ut

1906 2049 2080 2117 magis
2111 2051 2481 2104 cCrlcsiastico
2513 2050 2718 2118 judicio
2751 2053 3062 2121 pmuitentlo
3095 2055 3296 2117 vivant,
3320 2070 3486 2124 quam

1905 2139 2083 2208 gladio
2115 2141 2324 2210 vindice
2352 2143 2662 2212 puniantur,
2697 2146 2904 2198 dicente
2947 2146 3102 2200 beato
3142 2145 3308 2200 Paulo
3355 2160 3487 2214 apo-

1905 2229 2042 2283 stolo
2075 2247 2086 2280 :
2124 2229 2243 2282 Non
2269 2233 2408 2284 cnim
2437 2234 2606 2300 posuit
2633 2250 2723 2287 nos
2758 2232 2894 2288 Deus
2926 2235 2990 2288 ad
3020 2236 3172 2298 iram,
3198 2236 3286 2290 sed
3316 2238 3371 2289 in
3399 2253 3490 2290 ac-

1903 2320 2233 2389 quisitionem
2260 2323 2446 2376 salutis
2485 2322 2538 2387 (Ι
2563 2322 2741 2378 Thess.
2767 2329 2850 2392 v).
2878 2325 3027 2392 Quod
3051 2327 3094 2382 si
3123 2327 3489 2384 ecclesiastica

1899 2406 2104 2476 judicia
2139 2412 2464 2482 spreverint,
2491 2413 2742 2468 humanis
2772 2414 3089 2483 subiaceant
3121 2417 3346 2485 legibus.
3383 2417 3491 2473 Μο-

1905 2502 2129 2555 minisse
2188 2503 2331 2557 enim
2366 2505 2562 2560 debent
2589 2521 2618 2558 a
2649 2505 2757 2560 Deo
2794 2515 3088 2576 potestates
3136 2507 3303 2562 fuisse
3353 2524 3487 2562 con-

1906 2606 2108 2655 cessas,
2153 2602 2205 2646 ct
2273 2593 2336 2647 ad
2387 2595 2678 2650 vindictam
2722 2598 3003 2652 noxiorum
3049 2598 3283 2668 gladium
3323 2598 3494 2654 fuisse

1904 2684 2250 2752 permissum,
2285 2694 2338 2739 ct
2365 2685 2456 2740 Dei
2490 2687 2798 2742 ministrum
2826 2687 2989 2744 fuisse
3012 2689 3196 2746 datum
3224 2691 3275 2745 in
3300 2690 3491 2760 hujus-

1905 2775 2046 2828 modi
2078 2776 2389 2831 vindictam.
2419 2778 2630 2834 Etdum
2663 2780 2715 2834 in
2761 2780 2959 2835 talibus
3003 2779 3262 2851 improbis
3303 2781 3486 2848 legum

1904 2875 2190 2922 exercetur
2215 2870 2536 2937 auctoritas,
2564 2871 2776 2926 dicente
2800 2872 2960 2929 beato
2997 2875 3332 2941 Innocentio,
3380 2877 3488 2932 erit

1904 2959 2136 3014 dictator
2164 2961 2438 3017 imunmis.

1972 3049 2289 3106 Consultum
2317 3062 2400 3107 est
2430 3055 2592 3108 etiam
2617 3065 2793 3110 utrum
2818 3057 3051 3128 episc0pi
3085 3058 3204 3113 Pam
3225 3061 3384 3125 vobis,
3419 3075 3486 3115 ait

1904 3141 2160 3196 Dominus
2193 3144 2472 3212 vobiscum,
2527 3148 2876 3216 pronuntiare
2921 3150 3169 3204 debeant.
3216 3151 3324 3206 Sed
3379 3167 3488 3206 non

218 3243 454 3300 tionibus
477 3245 786 3302 haberetur.
821 3249 926 3303 Sed
955 3251 1078 3303 dum
1105 3251 1491 3320 unusquisque,
1525 3267 1628 3304 non
1653 3249 1796 3322 quod

1912 3234 2060 3290 aliter
2111 3252 2204 3306 per
2251 3253 2467 3293 omnem
2529 3249 2765 3296 vestram
2813 3243 3145 3312 provinciam
3199 3246 3487 3300 tenendum

217 3335 472 3390 traditum
503 3345 606 3400 est,
632 3339 890 3407 sedquod
921 3340 1021 3393 sibi
1051 3341 1222 3394 visum
1261 3341 1442 3401 fuerit,
1476 3341 1578 3395 hoc
1610 3342 1800 3394 existi-

219 3435 328 3479 mat
353 3440 472 3481 esse
506 3428 814 3493 tenendum,
868 3430 990 3484 inde
1026 3431 1241 3485 diversa
1280 3433 1330 3484 in
1390 3432 1618 3484 diversis
1667 3431 1800 3485 locis

215 3516 299 3573 vel
328 3516 605 3582 Ecclesiis,
637 3527 730 3574 aut
759 3521 928 3575 teneri
957 3532 1046 3576 aut
1075 3521 1338 3577 celebrari
1383 3523 1650 3575 videntur.
1690 3521 1802 3576 llac

217 3609 282 3665 de
313 3625 368 3665 re
393 3608 785 3666 fltscandalum
825 3613 1055 3682 populis,
1113 3615 1238 3667 dum
1293 3612 1457 3666 multa
1509 3613 1559 3665 in
1615 3623 1798 3667 vestra

215 3705 489 3773 provincia
519 3716 706 3761 contra
740 3722 974 3762 canones
1017 3708 1421 3764 ecclesiasticos
1478 3709 1801 3778 decretaque

221 3797 485 3867 majorum
514 3814 776 3870 usurpare
822 3800 1072 3856 videntur
1125 3818 1136 3854 :
1183 3817 1303 3872 qum
1337 3801 1552 3872 quidem
1585 3813 1802 3874 possent

221 3885 374 3943 facile
413 3891 668 3956 resecari,
702 3891 747 3945 si
778 3893 1014 3962 episcopi
1069 3893 1123 3946 in
1180 3895 1265 3949 his
1317 3909 1421 3949 non
1489 3895 1803 3949 viderentur

219 3989 486 4046 auctores,
539 3983 629 4052 qui
681 3983 1030 4038 smcularibus
1076 3985 1290 4050 intenti,
1320 3986 1614 4050 humanum
1654 3985 1802 4039 favo-

220 4083 332 4122 rem
360 4078 660 4140 captantes,
687 4071 999 4143 religionem
1043 4074 1265 4139 violaut,
1315 4075 1642 4152 ordinesque
1674 4091 1798 4130 cor-

228 4161 499 4230 rumpunt.
537 4161 644 4218 Nos
675 4163 937 4233 siquidem
971 4165 1166 4219 divinis
1197 4168 1482 4236 praeceptis
1511 4176 1564 4220 et
1591 4177 1801 4236 aposto-

220 4252 338 4307 licis
370 4255 658 4310 incitamur
685 4257 920 4322 monitis,
961 4267 1016 4312 ut
1044 4274 1140 4328 pro
1169 4261 1409 4313 omnium
1435 4259 1800 4314 Ecclesiarum

220 4353 389 4409 statu,
416 4346 643 4417 impigro
673 4348 953 4418 vigilemus
978 4348 1196 4404 affectu.
1224 4351 1426 4404 Idcirco
1475 4352 1800 4406 fraternitati

217 4445 411 4490 vestrae
449 4437 720 4506 cognitum
787 4437 1034 4502 facimus,
1081 4442 1222 4509 quod
1276 4440 1553 4496 Gerarilus
1601 4451 1803 4497 sanctae

216 4524 594 4582 Lauriacensis
621 4528 875 4584 Ecclesiae
899 4531 1358 4601 archiepiscopus,
1411 4548 1573 4592 causa
1602 4538 1804 4588 oratio-

219 4621 302 4674 nis
323 4621 389 4674 ad
408 4620 594 4676 limina
616 4622 839 4678 veniens
879 4623 1264 4694 apostolorum,
1302 4635 1552 4682 uestram
1586 4635 1803 4694 aposto-

223 4709 374 4766 licam
405 4715 749 4784 prresentiam
781 4715 1024 4779 visitare,
1056 4725 1110 4770 et
1142 4717 1531 4772 benedictionis
1572 4719 1800 4788 gratiam

219 4821 246 4857 a
272 4805 426 4860 nobis
450 4807 726 4876 percipere
753 4807 981 4863 sollicite
1019 4808 1242 4873 studuit,
1273 4808 1438 4862 multa
1466 4824 1585 4878 qua:
1615 4821 1797 4878 repre-

220 4896 480 4952 hensione
509 4899 666 4967 digna
691 4909 814 4952 sunt
843 4901 1042 4954 nostris
1063 4900 1285 4955 auribus
1313 4900 1632 4972 lacrymosis
1655 4901 1800 4957 voci-

219 4987 320 5043 bus
349 4987 640 5052 intimavit,
675 5000 782 5043 tota
826 4992 1005 5045 cordis
1045 4993 1341 5047 intentione
1371 5009 1404 5045 a
1453 5002 1634 5047 nostra
1673 5007 1801 5061 apo-

224 5080 417 5135 stolica
445 5082 767 5136 auctoritate
787 5083 852 5136 de
877 5084 960 5136 his
987 5098 1105 5151 qua:
1130 5093 1318 5138 contra
1347 5099 1613 5138 canonum
1645 5099 1799 5153 regu-

220 5170 328 5224 lam
359 5179 414 5225 et
433 5169 942 5238 decretamajorum
972 5173 1025 5228 in
1056 5174 1249 5228 vestris
1295 5184 1554 5243 geruntur
1585 5173 1800 5244 provin-

222 5262 319 5316 ciis
364 5277 613 5332 quaerens
644 5262 946 5316 consilium.
1004 5262 1168 5318 Scitis
1219 5265 1363 5318 enim
1405 5263 1546 5333 quod
1585 5265 1651 5318 ab
1683 5264 1800 5334 ipso

221 5353 440 5410 domino
492 5355 651 5412 beato
678 5355 841 5410 Petro
876 5357 1102 5426 principi
1145 5357 1505 5425 apostolorum
1558 5356 1801 5428 (ejusque
1839 5383 1853 5403 ι

224 5446 464 5515 vicariis)
507 5448 748 5502 omnium
793 5447 1155 5502 Ecclesiarum
1188 5463 1316 5500 cura
1359 5449 1643 5503 commissa
1695 5458 1796 5513 est,

225 5533 480 5591 Veritatis
501 5551 633 5593 voce
655 5541 903 5594 dicente:
941 5538 1016 5592 Tu
1042 5554 1096 5592 es
1143 5537 1333 5592 Petrus
1379 5549 1425 5592 et
1468 5556 1622 5607 super
1665 5543 1799 5593 hanc

224 5635 424 5693 petram
449 5627 717 5694 aediﬁcabo
749 5628 1036 5685 Ecclesium
1063 5644 1227 5681 meam
1261 5627 1473 5698 (Matth.
1507 5630 1685 5700 xxvi);
1715 5631 1798 5686 ctti

225 5717 386 5769 etiam
410 5720 656 5788 proprias
682 5738 811 5775 oves
834 5722 1250 5786 commendzn'it,
1281 5722 1462 5775 dicens
1496 5742 1507 5776 :
1541 5723 1594 5777 Si
1625 5725 1798 5792 diligis

225 5823 328 5878 me,
357 5827 511 5883 pasce
533 5828 648 5878 oves
674 5829 814 5871 meas
861 5813 1045 5891 (Joau.
1071 5817 1208 5890 ni).
1240 5816 1308 5876 Et
1329 5817 1528 5873 idcirco
1553 5831 1652 5889 pro
1683 5819 1801 5875 uni-

1904 3337 2004 3392 est,
2042 3344 2202 3398 quam
2232 3330 2282 3383 in
2312 3342 2495 3386 sancta
2528 3332 2766 3390 Romana
2795 3336 3055 3392 Ecclesia.
3091 3337 3142 3392 lu
3189 3338 3488 3395 Dominicis

1903 3422 2046 3475 enim
2077 3423 2285 3488 diebus,
2318 3434 2371 3478 et
2433 3426 2483 3479 in
2534 3430 2820 3498 praecipuis
2871 3431 3275 3497 festivitatibus,
3327 3444 3492 3502 atque

1904 3522 2215 3568 sanctorum
2246 3515 2517 3580 uatalitiis,
2546 3516 2727 3572 Gloria
2783 3521 2835 3576 iu
2878 3521 3091 3576 excelsis
3121 3522 3251 3586 Deo,
3279 3532 3334 3576 et
3371 3522 3490 3576 Pati
3516 3535 3517 3538 ‘

1904 3603 2043 3684 vobis
2075 3608 2507 3676 pronuntiamus.
2541 3609 2594 3668 lu
2643 3611 2832 3668 diebus
2861 3628 2988 3668 vero
3018 3615 3486 3684 Quadragesinm,

1903 3679 2035 3750 ct'iu
2068 3697 2312 3774 Quatuor
2339 3698 2710 3770 Tcu‘iporibus,
2749 3702 2862 3758 sive
2895 3705 2945 3762 iu
3012 3703 3216 3774 Vigiliis
3243 3679 3481 3760 saneto;

1905 3805 2046 3852 rum,
2079 3799 2132 3843 et
2159 3790 2212 3844 in
2239 3792 2459 3864 reliquis
2481 3791 2811 3862 ieiuniorum
2838 3795 3047 3864 diebus,
3089 3797 3352 3854 Dominus
3400 3814 3488 3854 v'o-

1906 3879 2107 3935 biscum
2142 3884 2511 3938 tantummodo
2537 3885 2786 3942 dicimus.

1977 3969 2102 4025 Post
2134 3971 2246 4026 haec
2294 3975 2561 4028 consuluit
2609 3977 2652 4030 si
2688 3978 2965 4034 Dominica
3005 3981 3178 4036 oratio
3224 3983 3275 4036 in
3326 3982 3490 4038 bene-

1906 4064 2141 4118 dictione
2199 4066 2440 4132 ciborum
2497 4069 2690 4132 debeat
2747 4072 2956 4138 usitati,
3008 4075 3160 4142 quint
3209 4075 3323 4130 ﬁeri
3371 4091 3526 4131 non.

1903 4165 2135 4224 oportet,
2167 4157 2291 4226 quia
2330 4159 2380 4213 in
2411 4162 2840 4218 sanctificatione
2889 4167 3133 4233 corporis
3167 4175 3221 4220 et
3259 4169 3482 4236 sangui-

1904 4250 1988 4303 nis
2036 4251 2246 4305 Domini
2307 4255 2472 4307 nostri
2527 4253 2654 4310 Jesu
2705 4255 2905 4311 Christi
2963 4259 3101 4313 hanc
3151 4260 3486 4314 solunnnodo

1904 4343 2204 4397 orationem
2242 4346 2412 4399 sani-ti
2466 4348 2691 4416 apostoli
2725 4350 3107 4412 ilccautabant,
3142 4359 3196 4403 et
3225 4352 3274 4403 iu
3310 4351 3484 4404 Evan-

1905 4436 2043 4502 gelio
2075 4437 2269 4507 legitur
2317 4440 2441 4507 quia
2501 4451 2620 4509 post
2673 4457 2880 4495 cmnaiu
2931 4459 2959 4496 a
3007 4442 3234 4498 Domino
3281 4443 3483 4498 factam

1909 4528 2108 4594 liymuo
2133 4529 2275 4584 dicto
2303 4529 2550 4584 exierunt
2575 4530 2627 4590 in
2655 4540 2891 4594 montem
2920 4530 3215 4594 Olivarum.

1979 4615 2106 4671 Post
2131 4619 2244 4673 lucc
2281 4619 2633 4689 interrogavit
2660 4622 2726 4674 de
2749 4635 2813 4675 eo
2843 4624 2931 4691 qui
2968 4632 3193 4676 matrem
3220 4632 3274 4676 ct
3322 4623 3485 4676 tiliam

1907 4711 2214 4780 spiritualcs
2244 4712 2294 4764 in
2325 4714 2572 4783 coniugio
2601 4713 2761 4776 ducit,
2795 4716 2937 4784 quod
2969 4732 3033 4769 ne
3065 4717 3181 4779 fiat,
3216 4715 3355 4769 sacri
3396 4731 3489 4768 ca-

1905 4817 2075 4857 nones
2115 4817 2210 4870 per
2229 4803 2406 4856 omnia
2440 4814 2644 4858 vetant.
2676 4804 2730 4858 In
2765 4806 3060 4860 canouibus
3107 4804 3381 4859 Zacharias
3412 4806 3484 4859 ita

1904 4895 2183 4950 habetur:
2265 4896 2333 4950 Ut
2381 4897 2717 4966 presbytero,
2763 4899 3010 4962 diacona,
3062 4898 3350 4961 mouacba,
3404 4899 3484 4951 vel

1904 4988 2068 5039 etiam
2092 4985 2356 5055 spirituali
2385 4998 2702 5051 commatrc,
2730 4998 2815 5040 aut
2842 4987 3108 5056 spirituali
3150 4987 3254 5040 lilia
3310 4987 3486 5041 nullus

1910 5085 2108 5128 utatur.
2145 5075 2384 5143 Numqui
2429 5074 2731 5142 bnjusrnodi
2763 5093 2896 5146 opus
2950 5076 3296 5147 perpetravit,
3350 5076 3488 5131 sciat

1910 5180 1968 5220 se
1997 5165 2358 5219 auathematis
2390 5167 2602 5220 vinculo
2654 5165 2985 5230 iunodatum,
3037 5178 3090 5221 et
3141 5167 3233 5222 Dei
3281 5166 3485 5235 judicio

1907 5256 2345 5326 condemnatum,
2403 5266 2564 5325 atque
2608 5271 2637 5309 a
2689 5272 2844 5311 sacro
2891 5273 3114 5328 corpore
3141 5269 3193 5313 et
3224 5259 3486 5330 sanguine

1913 5349 2123 5403 Domini
2159 5351 2327 5405 nostri
2351 5348 2474 5405 Jesu
2504 5351 2702 5405 Christi
2741 5350 3016 5417 alienum;
3073 5363 3126 5405 ct
3178 5354 3486 5422 quicunque

1910 5444 2248 5498 sacerdotum
2279 5443 2392 5511 ejus
2419 5443 2818 5498 communicare
2849 5446 3266 5514 prsesumpserit,
3297 5463 3486 5508 eorum

1903 5535 2107 5603 judicio
2129 5518 2542 5602 condemnatus,
2592 5535 2878 5590 sacerdotii
2923 5537 3001 5590 sui
3055 5537 3258 5592 liouore
3305 5537 3483 5607 prive-

1912 5639 2013 5686 tur.

1986 5724 2185 5777 Dehinc
2221 5723 2402 5775 intulit
2434 5722 2778 5776 lamentabile
2800 5731 2852 5774 et
2884 5722 3043 5775 nimis
3072 5723 3381 5793 lugendum,
3424 5728 3486 5774 ut

1912 5818 2126 5876 Domini
2155 5819 2463 5876 sacerdotes
2493 5816 2925 5890 publiccducaut
2966 5833 3182 5890 uxores,
3235 5814 3334 5872 etsi
3386 5813 3482 5876 lilii
