3934 6414
273 429 418 490 1089
1483 429 1841 487 EPISTOLE
1874 432 1962 488 ET
1996 431 2402 488 PlilVlLEGlA.
3405 448 3545 504 1090

286 584 3515 622 ΜΝ*

930 775 1875 891 STEPHANI
1931 776 2470 892 PAPE

1331 776 1875 890 ΡΗΔΝῙ
1931 776 2470 892 ΡΔΡΕ
2519 781 2884 897 VIII

585 1031 1573 1156 EPISTOLAE
1695 1035 1913 1148 ET
2040 1035 3220 1200 PRIVILEGIA.

1038 1475 1082 1532 ι,
1885 1473 1937 1534 Α
1964 1469 2130 1526 totius
2155 1468 2433 1539 Ecclesiae,
2461 1472 2748 1532 Dominum
2776 1479 3055 1552 deprecari
3083 1500 3188 1542 non
3219 1493 3462 1548 cessetis.
3490 1494 3548 1550 Si

268 1608 528 1653 STEPHANI
559 1607 657 1649 νιιι
687 1604 1034 1648 νιιινιιεαιωι
1075 1603 1176 1646 PRO
1204 1599 1542 1644 IONASTERIO
1569 1599 1821 1642 TOLLENSI

1995 1573 2106 1625 ero,
2131 1561 2272 1631 quod
2299 1577 2401 1618 non
2423 1575 2693 1635 optamus,
2719 1574 2968 1629 monachi
2996 1574 3048 1630 in
3076 1577 3192 1648 ipso
3217 1586 3548 1642 monasterio

1995 1653 2233 1685 nnciilnl:
2290 1655 2453 1685 Innhl:
2485 1655 2536 1685 ζ..
2571 1657 2662 1685 τελε
2711 1675 2892 1685 ΑΜ---
2959 1674 3045 1685 --Α
3094 1684 3116 1685 η
3308 1672 3317 1683 ο
3399 1681 3408 1685 Α

877 1681 1056 1753 (Anno
1082 1678 1233 1750 959.)
1955 1654 2256 1719 constituti,
2290 1655 2453 1753 tepidi
2485 1655 2537 1710 in
2571 1657 2663 1712 Dei
2709 1675 2914 1730 amore,
2954 1674 3049 1720 aut
3093 1672 3545 1737 praevaricatores

1894 1756 1916 1778 ο

269 1797 650 1854 Μοηαειεήιιιη
665 1794 914 1858 Tellenae
943 1794 998 1848 in
1029 1790 1236 1846 dioecesi
1266 1789 1580 1844 Placentina
1611 1789 1705 1842 sub
1733 1805 1822 1858 pro

1995 1752 2151 1799 estrre
2191 1745 2390 1816 regula:
2415 1749 2820 1818 conspicientur
2843 1755 3100 1825 existere,
3150 1775 3180 1814 a
3232 1771 3284 1818 te
3336 1765 3548 1836 tuisque

1995 1837 2361 1858 “unum”
2901 1847 2913 1858 .
3039 1848 3054 1858 .
3175 1849 3227 1858 _.

339 1838 1854 1934 3:13;;Ejig'Zﬂhgiic'é"Rapui?"Ejafbbrgdu
1955 1838 2364 1934 successoribus
2401 1839 2736 1934 instituimus
2771 1847 3141 1933 corrigendos.
3172 1849 3228 1906 Si
3277 1860 3456 1910 autem
3493 1864 3547 1910 tu

337 1939 628 2010 subjectum
657 1923 870 1992 omnino
900 1923 1253 1988 declaraturf
1392 1923 1400 1926 ⁷
1959 1926 2142 1996 tuique
2164 1941 2508 1985 successores
2536 1930 2590 1985 in
2617 1923 2844 2002 alicujus
2867 1935 3020 1991 malae
3044 1939 3315 2008 opinionis
3334 1945 3548 2014 piaculo

339 2031 737 2104 [Cocquelines,
764 2028 1140 2090 Butlar.pont.
1172 2024 1321 2081 Rom.
1351 2022 1512 2094 ampl.
1539 2020 1783 2092 Collect.]
1955 2017 2279 2088 deprehensi
2327 2017 2559 2088 fueritis,
2603 2024 2744 2094 apud
2793 2027 2976 2082 sedem
3028 2033 3400 2102 apostolicam,
3450 2041 3550 2095 sub

339 2122 654 2179 STEPHANUS
684 2118 995 2191 episcopus,
1026 2132 1217 2173 servus
1252 2128 1530 2172 servorum
1566 2113 1682 2177 Dei,
1719 2111 1854 2165 Aar-
1956 2110 2110 2180 cujus
2153 2110 2355 2166 ditione
2399 2115 2705 2171 coenobium
2736 2128 2976 2176 vestrum
3003 2125 3276 2193 consistit,
3303 2129 3546 2187 decerni-

264 2229 441 2272 anro
464 2211 762 2268 reverendo
785 2209 967 2266 abbati
990 2208 1254 2265 Tollensis
1278 2205 1533 2272 cmnobii,
1557 2203 1701 2274 quod
1730 2202 1856 2258 bea-
1957 2216 2078 2256 mus
2105 2201 2399 2258 audiendos
2428 2214 2590 2277 atque
2637 2206 2881 2278 legaliter
2921 2213 3286 2285 corrigendos.
3319 2218 3472 2286 Quod
3501 2222 3546 2276 si

265 2317 352 2364 tus
385 2305 586 2363 Tobias
615 2305 989 2360 construxisse
1015 2301 1233 2359 videtur
1259 2301 1312 2356 in
1350 2301 1611 2356 honorem
1641 2297 1853 2353 Domini
1960 2291 2190 2349 fortasse
2237 2295 2523 2366 quisquam
2567 2299 2669 2354 hoc
2718 2311 2916 2358 nostra:
2962 2309 3300 2368 auctoritatis
3337 2329 3544 2384 praece-

264 2400 584 2467 Salvatoris,
613 2409 667 2456 et
695 2398 754 2453 B.
784 2398 929 2454 Petri
975 2395 1339 2468 apostolorum
1367 2392 1650 2464 principis,
1676 2389 1854 2462 quoad
1958 2395 2131 2457 ptum,
2159 2385 2362 2457 legum,
2406 2389 2489 2444 vel
2519 2391 2862 2462 antiquorum
2913 2405 3218 2454 nostrorum
3252 2405 3540 2472 prmsulum

261 2511 362 2567 per
397 2502 566 2550 te.....
593 2492 808 2562 tuisque
834 2491 888 2546 in
918 2497 1236 2562 perpetuum
1259 2484 1687 2550 successoribus,
1712 2483 1856 2539 salu—
1959 2477 2173 2532 decreta
2205 2477 2450 2534 minuere
2476 2479 2558 2535 vel
2591 2481 2878 2541 immutare
2906 2493 3332 2562 praesumpserit,
3361 2495 3541 2550 omni-

264 2595 373 2643 tem
405 2595 463 2641 et
492 2583 840 2657 apostolicam
863 2580 1318 2638 benedictionem.
1783 2612 1790 2630 .
1958 2568 2119 2624 modo
2162 2567 2486 2636 frustretur;
2519 2572 2752 2642 primum
2784 2576 2998 2645 quidem
3031 2581 3111 2635 sui
3145 2583 3350 2639 ordinis
3379 2586 3547 2656 gradu

336 2676 598 2745 Quamvis
639 2677 848 2747 piorum
896 2674 1120 2730 Patrum
1165 2669 1413 2741 exemplo
1454 2670 1762 2735 doceamur,
1799 2676 1858 2724 ut
1958 2660 2224 2732 privelur,
2251 2670 2415 2732 atque
2440 2664 2803 2721 anathematis
2852 2669 3055 2725 ultione
3101 2673 3375 2740 multetur,
3423 2691 3548 2747 par-

265 2769 514 2824 onmibus
537 2767 794 2824 Ecclesiis
815 2780 912 2836 per
937 2772 1106 2820 totum
1124 2763 1312 2818 orbem
1338 2770 1607 2817 terrarum
1630 2759 1855 2826 diﬁ'usis,
1963 2761 2070 2808 lem
2103 2769 2227 2810 Cum
2267 2754 2401 2811 Jllda
2454 2757 2714 2813 "adilore
2756 2760 2807 2814 Ῐη
2861 2761 2968 2818 ﬁne
3009 2766 3236 2820 θκῑτθῐηί
3283 2770 3550 2826 examinis

265 2861 465 2918 Christi
511 2873 718 2926 amore,
762 2858 854 2928 qui
898 2871 991 2913 eas
1036 2855 1205 2912 nostri
1234 2852 1394 2909 olﬁcii
1426 2853 1648 2908 subesse
1692 2851 1858 2906 voluit
1889 2838 1938 2899 Β
1967 2842 2200 2910 habeat,
2228 2854 2282 2899 et
2312 2861 2409 2916 per
2437 2848 2812 2904 auctoritatem
2837 2867 2996 2920 quam
3021 2852 3079 2909 Β.
3111 2853 3304 2911 Petrus
3331 2857 3382 2911 in
3411 2859 3550 2915 etelo

265 2951 589 3018 ministerio,
619 2951 878 3023 prodesse
919 2949 1231 3014 debeamus,
1280 2955 1462 3002 tamen
1496 2946 1612 3002 haec
1643 2960 1742 3000 nos
1786 2945 1854 3000 ad
1960 2943 2015 2990 ei»
2050 2935 2102 2990 in
2141 2944 2285 2991 ιοῐτα
2317 2937 2518 3009 “ﬂandi
2563 2949 2725 3010 διίιυθ
2755 2942 2994 2999 εο¹νθηίίί
3030 2946 3246 3012 mem“:
3279 2957 3547 3018 POleSla‘e

267 3043 687 3099 subveniendum
711 3041 854 3112 cogit
879 3039 1198 3105 necessitas,
1225 3037 1371 3110 quod
1394 3037 1643 3109 quaedam
1669 3045 1820 3092 nostr

1988 3025 2029 3080 it
2069 3034 2124 3080 et
2161 3027 2570 3097 participatione
2619 3033 2866 3100 corporis
2913 3041 2968 3087 et
3022 3035 3302 3106 sanguinis
3330 3037 3541 3092 Domini

264 3137 595 3192 monasteria
640 3136 694 3192 in
749 3135 1009 3190 honorem
1054 3131 1270 3188 Domini
1310 3129 1631 3192 salvatoris,
1673 3127 1757 3182 vel
1792 3125 1854 3182 Β,
1958 3117 2130 3172 nostri
2157 3115 2285 3172 Jesu
2311 3117 2532 3185 Christi,
2563 3129 2618 3175 et
2648 3137 2677 3175 a
2713 3130 2900 3179 nostro
2927 3127 3225 3192 consortio,
3264 3126 3365 3182 nisi
3408 3127 3543 3182 resi-

265 3227 413 3285 Petri
451 3229 675 3300 apostoli
722 3227 1092 3293 consistentia,
1133 3226 1490 3296 quorumdam
1532 3222 1856 3296 negligentia
1958 3210 2252 3280 Ριιοτίιοοηο
2284 3217 2552 3280 (ιυίιιθηυε
2579 3221 2634 3267 ει
2664 3221 2866 3268 δίὶιιυιῖι
2913 3214 3028 3270 1³³εο
3055 3226 3314 3286 Ρθνβεῑυίι
3340 3217 3548 3288 Ροδείτιι

263 3321 571 3392 principum
618 3320 672 3373 ίη
717 3319 1056 3374 saecularium
1103 3319 1383 3376 hominum
1439 3315 1734 3372 dominium
1770 3315 1854 3370 ί.-
1959 3301 2274 3358 deﬁnitione
2325 3317 2545 3358 manere
2574 3344 2588 3368 ,
2636 3314 2690 3359 et
2748 3315 3098 3362 temeratorcs
3137 3309 3416 3377 praesentis
3465 3311 3549 3364 de-

259 3411 406 3482 juste
434 3410 560 3466 olim
594 3409 808 3480 delapsa
857 3418 1004 3473 sunt,
1046 3416 1101 3462 et
1135 3424 1166 3462 a
1216 3407 1540 3478 quibusdam
1588 3405 1858 3474 epise0pis
1959 3393 2094 3447 creti
2142 3394 2208 3447 de
2260 3408 2355 3447 sua
2410 3394 2715 3449 temeritate
2761 3397 2937 3466 poenis
2985 3397 3368 3468 multiplicibus
3423 3400 3550 3454 sub-

266 3511 457 3560 coutra
500 3500 916 3574 prreredentiurn
961 3507 1270 3554 nostrorum
1302 3495 1591 3568 prresulum
1620 3495 1854 3560 decreta,
1954 3484 2157 3553 ,ἱειοθτο-
3386 3565 3389 3567 _

265 3597 414 3668 leges
437 3604 493 3651 ει
513 3596 658 3665 μηδ’
692 3595 930 3664 ipsorum
962 3593 1273 3648 omnimodo
1295 3591 1419 3661 jure
1451 3590 1672 3657 γίοιθια,
1721 3588 1856 3658 qua;
1964 3666 1981 3668 _
2032 3576 2302 3646 Scriptum
2345 3593 2441 3648 per
2473 3595 2663 3635 manus
2699 3580 2842 3636 Petri
2881 3581 3302 3638 archiscriniarii
3344 3595 3546 3642 sancta:

265 3666 509 3761 propter,
537 3687 694 3744 sicuti
723 3687 882 3742 nobis
903 3685 1233 3757 cxpostulas,
1260 3683 1512 3738 Ariberte
1533 3680 1858 3737 venerabilis
1962 3666 2218 3761 Romam?
2236 3669 2486 3724 Εοειθδὶίε
2513 3670 2567 3725 in
2600 3685 2784 3728 mense
2816 3672 3088 3739 Οοιοιπίε,
3121 3673 3411 3730 ίηάίειὶοιὶθ
3450 3675 3546 3730 de-

265 3760 428 3845 abba,
473 3793 572 3848 per
618 3777 721 3833 hoc
772 3775 1079 3848 apostolicae
1128 3773 1467 3830 auctoritatis
1516 3771 1856 3843 privilegium
1962 3760 2100 3815 είιιιιι
2133 3761 2314 3816 ῐϐΐιίει-

211 3895 213 3897 ί
267 3879 377 3924 tam
425 3885 588 3940 supra
658 3867 942 3939 prmfatum
1003 3866 1253 3924 Tollense
1309 3865 1643 3930 coenobium,
1695 3879 1856 3935 quam
2721 3876 2784 3932 η,

267 3976 456 4016 οῐηηθε
485 3975 572 4016 res
600 3960 667 4014 ad
697 3960 874 4030 ipsum
904 3960 1142 4031 undique
1186 3959 1540 4028 Ρθηίηθηιθεν
1571 3966 1630 4012 ut
1650 3957 1858 4026 iustum
1959 3982 2218 4025 STEPHANI
2253 3983 2350 4024 vru
2379 3983 2726 4025 Ριιιγιιεωυιι
2766 3985 2865 4027 rno
2903 3987 3254 4028 PARTHENONE
3284 3985 3332 4027 ε.
3365 3987 3547 4030 ιιιιιιιι

266 4059 370 4118 est,
402 4051 638 4107 omnium
669 4051 1058 4114 marchionum,
1085 4049 1368 4113 comitum,
1396 4063 1491 4104 seu
1517 4048 1855 4104 saecularium
2587 4055 2924 4098 euxcmnsr.

266 4143 568 4207 hominum,
619 4142 1104 4212 episcoporumque
1153 4147 1419 4210 potestate
1475 4148 1705 4205 remota,
1754 4139 1856 4194 sub
1888 4198 1929 4212 η
2599 4133 2776 4203 (Anno
2810 4133 2961 4206 941.)

266 4242 382 4299 ῑυον
437 4233 564 4288 dum
621 4233 909 4297 θάνίιεΐίε,
965 4239 1020 4286 οι
1075 4232 1416 4302 βοείαιοάυηῖ
1478 4246 1854 4286 successorum
1883 4198 1930 4262 α
1962 4244 2273 4319 Monasterii
2306 4243 2665 4319 Buxeriensis,
2699 4265 2731 4300 a
2760 4244 3037 4312 Gauslino,
3068 4247 3255 4303 abbate
3295 4247 3549 4319 Tullenst',

269 4332 482 4378 tuorum
531 4323 614 4377 vel
667 4322 1051 4377 monachorum
1081 4321 1205 4390 jure
1251 4322 1560 4392 perenniter
1602 4323 1857 4394 deinceps
2032 4316 2248 4382 conditi,
2284 4316 2558 4386 privilegia
2588 4327 2636 4371 et
2669 4319 3021 4388 possessiones
3052 4319 3351 4388 conﬁrmat.

267 4413 568 4469 consistere
593 4414 954 4478 decernimus,
985 4421 1043 4467 ut
1071 4413 1203 4467 nihil
1232 4413 1455 4468 omnino
1496 4414 1562 4468 de
1609 4413 1693 4468 his
1738 4429 1858 4484 quae
1963 4408 2140 4482 [Apud
2186 4409 2251 4463 D.
2297 4408 2525 4476 Calmct,
2577 4409 2814 4464 Histoire
2860 4411 2924 4465 de
2969 4409 3248 4479 Lorraine,
3291 4411 3530 4471 Preuves

266 4520 297 4560 a
326 4506 528 4560 nostris
573 4504 1080 4576 praedecessoribus,
1108 4503 1195 4558 vel
1246 4503 1415 4560 ltalici
1448 4505 1597 4574 regni
1641 4504 1857 4574 regibus
2611 4501 2714 4556 col.
2743 4500 2899 4575 350.]

267 4609 588 4652 concessum
633 4602 740 4661 est,
769 4594 876 4650 ullo
925 4595 1083 4650 modo
1133 4594 1372 4664 qualibet
1418 4595 1724 4662 occasione,
1772 4595 1855 4650 vel
2032 4593 2347 4650 Srernmus
2370 4593 2673 4664 episcopus,
2702 4610 2894 4653 servus
2923 4611 3204 4653 servorum
3235 4597 3353 4664 Dei,
3389 4599 3554 4657 dilec-

267 4685 496 4756 alieujus
524 4686 834 4756 scriptionis
868 4685 1020 4742 titulo
1059 4687 1113 4741 in
1161 4686 1324 4741 rebus
1354 4685 1439 4742 vel
1469 4686 1522 4740 in
1557 4686 1726 4755 ipsius
1752 4685 1856 4741 loci
1963 4687 2187 4743 tissimze
2238 4688 2362 4743 ﬁliae
2408 4687 2704 4744 Bormum:
2760 4690 3049 4748 abbatissae
3101 4708 3166 4748 ex
3222 4703 3554 4753 monasterio

269 4778 518 4834 libertate
544 4779 764 4834 omnino
792 4779 1175 4844 imminuatur;
1207 4778 1590 4834 interdicentes
1612 4793 1710 4848 pro
1733 4793 1858 4834 san-
1961 4789 2162 4836 sanctae
2218 4781 2311 4836 Dei
2364 4781 2647 4852 genitricis
2696 4781 2900 4852 Maria},
2954 4786 3096 4854 quod
3152 4794 3236 4842 est
3283 4787 3446 4843 situm
3496 4790 3551 4845 in

269 4880 370 4925 ctae
401 4869 657 4924 Romanae
686 4871 943 4926 Ecclesia:
972 4870 1298 4925 auctoritate
1335 4870 1622 4939 episcopis,
1649 4870 1858 4926 scilicet
1960 4871 2234 4940 episcopio
2262 4870 2621 4940 Leuehorum,
2654 4873 2709 4929 in
2738 4883 2921 4930 monte
2949 4876 3042 4945 qui
3067 4885 3153 4932 est
3175 4892 3338 4948 super
3365 4879 3550 4937 villam

269 4961 592 5027 Ticinensis,
623 4961 966 5028 Placentinae,
998 4962 1328 5027 Parmensis,
1369 4969 1532 5030 atque
1575 4960 1858 5033 Regiensis
1960 4978 2083 5034 quae
2113 4963 2314 5018 dicitur
2341 4962 2622 5019 Buxerias.

268 5056 659 5120 Eeclesiarum,
708 5055 760 5109 in
805 5070 1032 5125 quarum
1079 5055 1296 5109 dimccsi
1344 5054 1732 5109 monasterium
1776 5054 1858 5108 vel
2033 5051 2168 5118 Quia
2189 5054 2529 5122 omnipotens
2551 5055 2693 5110 Deus
2719 5054 3064 5125 peculiariter
3083 5055 3551 5116 decrevitcoadu-

270 5164 357 5202 res
385 5148 511 5215 ipsae
550 5145 801 5201 videntur
837 5144 1153 5207 consistere,
1201 5144 1428 5213 aliisque
1466 5143 1715 5198 omnibus
1746 5153 1854 5199 tam
1962 5159 2092 5199 nare
2137 5153 2192 5198 et
2249 5146 2486 5200 adunare
2530 5157 2586 5201 et
2636 5147 2888 5202 ordinare
2935 5147 3228 5205 Ecclesiam
3260 5166 3412 5207 suam
3456 5155 3561 5224 per

271 5241 462 5295 vicinis
481 5254 643 5308 quam
664 5239 847 5309 procul
875 5239 1202 5302 constitutis,
1221 5247 1277 5291 ut
1301 5236 1607 5292 nullatenus
1629 5237 1854 5306 aliquid,
1959 5236 2380 5306 gloriosissimos
2407 5238 2773 5308 apostolorum
2797 5237 3074 5309 principes
3095 5240 3316 5296 Petrum
3337 5252 3392 5299 et
3417 5243 3553 5299 Pau-

268 5330 420 5400 (ιιιπεὶ
469 5329 688 5400 proprio
725 5329 846 5399 jure
882 5329 1006 5383 inde
1045 5338 1337 5399 praesumat
1381 5328 1648 5398 accipere,
1681 5343 1857 5398 neque
1961 5328 2094 5396 lum,
2121 5339 2337 5400 oportet
2365 5338 2422 5384 ut
2447 5344 2636 5385 omnes
2665 5331 2863 5401 posteri
2901 5346 3088 5387 eorum
3129 5333 3324 5403 quibus
3363 5335 3550 5391 eadem

268 5420 620 5490 haptismales
651 5420 918 5476 Ecclesias
942 5419 1022 5476 vel
1051 5419 1291 5475 decimas
1319 5435 1528 5485 earum,
1556 5434 1693 5490 quas
1731 5427 1857 5476 ante
1959 5422 2263 5478 sollicitudo
2315 5421 2563 5491 imposita
2634 5431 2739 5488 est,
2806 5422 3111 5493 ubicunque
3173 5425 3551 5495 opportunitas

272 5512 541 5575 tenuistis,
577 5512 678 5567 sibi
708 5511 1004 5568 vindicare.
1961 5515 2147 5587 exigit,
2191 5514 2582 5569 munimentum
2622 5515 2930 5586 apostolicae
2961 5517 3302 5572 auctoritatis
3345 5518 3553 5589 impen-

342 5606 705 5662 Ecclesiarum
729 5605 1180 5670 consecrationes,
1209 5613 1301 5659 aut
1324 5605 1583 5675 quidquid
1609 5607 1676 5659 ad
1699 5620 1855 5661 sacra
1887 5591 1934 5652 D
1961 5609 2172 5674 damus,
2215 5608 2356 5678 quod
2397 5623 2497 5664 nos
2525 5607 2652 5664 licet
2694 5609 2896 5678 indigni
2947 5617 3093 5666 tanto
3125 5609 3318 5675 cilicio,
3369 5619 3549 5667 tamen

269 5699 568 5754 ministeria
607 5698 858 5769 pertinet,
891 5716 919 5754 a
952 5713 1274 5769 quocunque
1303 5699 1577 5768 episcopo,
1605 5713 1763 5768 quem
1798 5707 1853 5753 tu
1965 5699 2180 5755 solliciti
2209 5699 2276 5754 de
2319 5700 2558 5756 omnium
2593 5701 2828 5757 ﬁdelium
2864 5700 3059 5767 salute,
3093 5716 3191 5771 pro
3221 5701 3424 5760 viribus
3454 5706 3554 5760 im-

271 5791 355 5846 vel
401 5805 741 5847 successores
786 5793 861 5847 tui
906 5793 1180 5864 postulare
1201 5790 1595 5846 volueritis.....
1626 5806 1728 5861 pro
1775 5790 1858 5845 in-
1965 5789 2114 5862 plere
2137 5789 2530 5858 desideramus,
2568 5799 2836 5861 quatenus
2859 5807 2982 5846 cum
3015 5791 3078 5844 ad
3128 5791 3389 5848 rationem
3431 5796 3553 5851 red-

273 5880 585 5945 columitate
620 5894 803 5942 nostra
851 5899 914 5941 ac
959 5883 1398 5942 excellentissimi
1435 5883 1775 5960 imperatoris
1806 5892 1859 5942 et
1967 5879 2197 5936 dendam
2227 5881 2558 5949 venerimus,
2599 5883 2835 5954 jurticem
2887 5880 3063 5937 securi
3109 5881 3405 5960 videamus.
3442 5881 3552 5943 Co-
