1874 3055
89 135 1683 170 ﬁ

485 229 822 287 MONITUM
872 228 1267 287 EDITORUM.

119 411 258 445 Homilize
274 419 354 450 quas
372 410 408 453 lt.
423 410 458 440 P.
476 410 588 440 Franc.
614 409 761 445 Scorsus,
777 408 1036 443 Panormitanus,
1055 416 1139 439 anno
1163 409 1239 439 161th
1257 409 1384 441 Parisiis
1400 411 1507 442 Graece
1533 415 1563 443 et
1577 413 1683 444 Latinf

87 462 185 497 edidit,
201 461 232 490 in
249 457 462 490 nobilissimis
491 457 656 488 codicibus
671 456 848 499 Hispania},
865 456 966 487 Italiae
981 461 1011 487 et
1026 456 1137 487 Galliae
1156 460 1280 488 exstant
1305 459 1366 489 sub
1382 460 1514 491 nomine
1538 457 1687 500 Gregorii

87 509 233 544 Ceramei,
263 505 496 545 archiepiscopi
538 504 814 536 Tuuromenitani.
853 504 941 534 Unde
975 508 1047 535 nata
1079 508 1128 535 est
1156 506 1306 543 quaestio,
1340 505 1494 537 hactenus
1532 509 1685 546 pendens,

88 563 179 588 utrum
195 555 404 594 Theophanes
420 555 592 584 Cerameus
614 552 863 591 distinguendus
889 551 928 582 sit
942 560 981 582 an
999 561 1063 583 non
1092 561 1109 583 a
1130 553 1285 592 Gregorio
1307 554 1475 592 Ceiameo,
1495 556 1547 586 cui
1578 558 1685 587 eadem

85 604 377 644 operatribuuntur.
397 601 461 632 Alii
479 601 654 639 opinantur
673 599 900 639 Theophanem
919 601 995 630 olim
1014 609 1131 632 nomen
1147 602 1294 641 Gregorii
1307 603 1459 641 gessisse,
1475 604 1561 643 quod
1579 609 1685 644 postea

85 655 126 685 vel
144 653 284 688 mutavit,
303 651 351 682 vel
368 650 565 689 dereliquit;
583 649 637 680 alii
652 650 851 680 contendunt
863 648 1054 686 Greéorium
1067 650 1256 680 Ccrameum
1273 651 1408 681 omnino
1423 651 1686 691 distinguendum

85 711 144 732 esse
156 710 170 731 a
187 699 393 738 TheOphane,
410 706 594 738 quanquam
616 706 722 736 neque
743 697 824 727 hanc
839 697 1026 736 opinionem
1044 696 1110 726 ullo
1128 696 1266 735 positivo
1282 703 1473 736 argumento
1491 699 1688 730 conﬁrment.

85 749 232 783 Petavius,
250 748 329 778 dum
350 755 402 778 an.
421 748 498 778 1616
515 746 716 776 Breviarium
730 745 919 775 historicum
934 744 966 774 S.
983 744 1155 782 Nicephori
1174 745 1360 783 patriarchae
1379 747 1438 776 (ΣΡ.
1458 746 1566 778 Graece
1582 752 1611 778 et
1629 749 1688 778 La-

85 798 141 827 tine
158 795 283 826 Parisiis
303 796 431 832 ederet,
449 795 572 832 eidem,
589 793 780 833 speciminis
806 792 918 831 gratia,
938 792 1061 822 addidit
1075 792 1240 822 homiliam
1265 793 1299 823 in
1316 793 1506 824 lndictionis
1529 796 1592 826 sive
1613 797 1690 826 anni

82 845 271 884 principium,
291 843 391 874 veluti
412 851 492 881 opus
513 842 662 881 Gregorii
687 844 890 880 cognomento
915 839 1040 878 Figuli,
1068 840 1329 871 Tauromenitani
1346 841 1379 871 in
1395 841 1513 872 Sicilia
1528 843 1688 883 archiepi-

84 893 173 931 scopi,
189 899 281 930 quam
302 890 467 921 homiliam
486 891 520 920 P.
538 891 671 920 Scorsus
691 889 789 920 veluti
813 889 947 928 primam
966 896 982 918 a
999 888 1195 927 Theophane
1218 889 1368 928 scriptam
1393 891 1517 920 caeteris
1540 891 1689 922 omnibus

83 941 250 980 prmposuit.
285 939 386 970 Porro
415 939 579 975 Petavius,
598 938 631 968 in
657 938 742 968 notis
772 937 810 968 ad
841 935 1062 975 S.Ni0ephori
1097 936 1309 973 Breviarium,
1336 938 1493 976 pag..10,
1520 937 1689 978 postquam

83 988 198 1018 dixisset
213 988 341 1018 Graecos
361 986 559 1018 Indictiones
576 994 649 1016 suas
665 986 742 1015 olim
762 993 779 1016 a
796 994 875 1015 xxw
894 984 1110 1022 Septembris,
1133 989 1240 1023 postea
1260 993 1334 1015 vero
1351 994 1366 1016 a
1385 986 1538 1016 Kalendis
1556 995 1689 1017 exorsos

85 1035 245 1070 esse,i|lico
255 1035 366 1066 subdit
382 1046 390 1065 :
411 1045 426 1062 α
446 1035 537 1070 Quod
554 1034 725 1073 posterius,
738 1037 772 1064 ut
785 1033 867 1064 alios
878 1032 1031 1068 omittam,
1044 1032 1217 1070 Gregorius
1230 1037 1385 1072 Κεραμεῦ·,
1399 1035 1688 1066 Tauromenitanus

84 1083 345 1122 archiepiscopus,
366 1082 484 1113 indicat
508 1081 542 1112 in
559 1081 693 1112 homilia
714 1087 765 1118 Εἰς
789 1085 824 1120 τὴ

947 1093 960 1109 ν’
975 1085 1031 1118 τῆς
1055 1085 1215 1119 ἰνὸίιιτου,
1232 1085 1298 1120 ἦτοι
1317 1086 1371 1113 τοῦ
1391 1086 1463 1113 νέου
1476 1087 1573 1121 ἔτους,
1595 1093 1687 1122 quam

84 1144 150 1170 nos,
169 1144 228 1166 una
247 1144 322 1165 cum
343 1135 416 1165 aliis
433 1133 580 1173 plurimis
602 1134 746 1173 ejusdem
785 1132 954 1171 scriptoris
987 1132 1128 1163 nondum
1154 1134 1328 1172 evulgatis,
1345 1135 1537 1173 accepimus
1564 1144 1581 1166 a
1598 1136 1634 1166 ΙΙ.
1653 1136 1688 1166 Ρ.

83 1184 186 1214 Jacobo
200 1184 372 1213 Sirmondo
385 1206 393 1220 ,
410 1182 479 1213 viro
505 1182 692 1221 pererudito
705 1202 713 1217 ,
732 1181 806 1220 qui,
826 1181 901 1219 quia
927 1181 1039 1212 crebro
1056 1189 1071 1210 a
1097 1181 1190 1211 nobis
1218 1190 1326 1212 carum
1355 1182 1530 1213 editionem
1556 1183 1688 1223 ﬂagitat,

83 1236 111 1261 ut
132 1231 159 1261 ei
177 1230 285 1270 aliqua
315 1239 354 1260 ex
383 1234 469 1269 parte
498 1229 650 1267 satisﬁat,
674 1229 761 1260 velut
787 1228 955 1267 specimen
981 1228 1155 1268 quoddam,
1176 1229 1391 1261 Indictionum
1411 1231 1589 1269 Occasione,
1609 1241 1690 1271 prae-

83 1279 223 1309 misimus.
242 1290 257 1306 η
284 1279 448 1309 Hactenus
474 1278 639 1314 Petavius,
666 1277 721 1316 qui
741 1279 781 1308 de
798 1276 989 1308 confusione
1009 1277 1179 1308 nominum
1206 1278 1352 1318 Gregorii
1379 1281 1410 1310 et
1426 1278 1630 1318 Theophanis
1649 1289 1690 1312 ne

82 1327 221 1364 cogitasse
237 1327 373 1367 quidem
391 1327 530 1356 videtur.
1273 1339 1281 1344 κ

114 1376 215 1406 Pirrus
233 1376 266 1405 in
294 1375 408 1406 Sicilia
423 1375 522 1405 Sacra
539 1375 623 1414 (pag.
642 1373 700 1405 490
715 1374 766 1405 ed.
794 1373 972 1404 Panormit.
984 1382 1037 1405 an.
1056 1374 1145 1412 1733)
1163 1374 1356 1414 Gregorium
1377 1383 1395 1406 a
1413 1375 1608 1414 Theophane
1625 1377 1690 1408 dis-

83 1423 185 1462 tinguit
202 1423 236 1454 in
258 1422 410 1462 Catalogo
427 1423 651 1462 episcoporum
672 1421 824 1453 Ecclesiae
839 1422 1128 1457 Tauromenitanae,
1144 1426 1175 1453 at
1200 1424 1305 1454 neutri
1322 1428 1439 1455 certam
1455 1428 1578 1455 aetatem
1595 1425 1691 1456 ascri-

81 1471 144 1502 bere
158 1471 260 1502 audet.
272 1473 319 1502 De
327 1471 481 1509 Gregorio
496 1470 538 1501 ita
553 1471 664 1501 scribit
683 1481 691 1500 :
705 1482 718 1498 α
730 1470 906 1509 Gregorius
922 1470 1087 1501 Cerameus
1104 1471 1370 1510 archiepiscopus.
1388 1472 1501 1502 Plures
1520 1472 1547 1502 is
1561 1472 1690 1512 scripsit

82 1521 213 1552 immitius
229 1522 262 1552 in
279 1521 471 1560 Evangelia,
487 1530 523 1552 ac
548 1521 588 1552 de
610 1520 683 1551 aliis
707 1521 915 1560 argumentis,
933 1529 949 1551 e
967 1529 1099 1560 quarum
1117 1529 1248 1551 numero
1266 1521 1373 1552 multae
1398 1521 1618 1560 manuscripts:
1641 1522 1690 1553 lc-

81 1573 195 1608 gunlur.
213 1581 229 1598 ››
250 1569 376 1600 Deinde
393 1578 432 1599 ex
456 1569 582 1599 Fazello
607 1572 693 1599 notat
719 1568 982 1604 Tauromenium,
999 1571 1070 1608 post
1086 1568 1211 1607 longam
1231 1568 1445 1605 obsidionem,
1462 1578 1514 1600 an.
1530 1570 1606 1606 878,
1621 1569 1690 1601 fere

83 1623 258 1655 postremam
276 1618 363 1648 inter
380 1617 502 1648 Siculas
518 1615 676 1653 civitates,
692 1617 730 1647 ab
747 1616 902 1655 Agarenis
924 1617 1050 1647 tandem
1078 1620 1263 1655 occupatam
1290 1616 1410 1653 fuisse;
1431 1620 1462 1648 et
1483 1625 1519 1647 ex
1543 1617 1692 1656 Cajetano

81 1664 264 1703 (Sanctorum
285 1664 467 1695 Siculorum
493 1665 512 1695 Ι.
532 1665 576 1701 II,
598 1673 627 1703 p.
654 1665 717 1704 61).
736 1665 768 1694 S.
785 1664 977 1704 Procopium
994 1665 1485 1704 TauromenitanamEcclesiam
1502 1668 1622 1698 rexisse
1637 1675 1688 1697 an.

80 1713 144 1748 903,
168 1722 238 1743 cum
268 1714 419 1744 Saraceni
450 1713 705 1743 Tauromenium
733 1717 976 1751 expugnarent,
993 1717 1023 1743 et
1047 1713 1080 1743 in
1104 1713 1287 1751 direptione
1308 1713 1416 1750 urbis,
1437 1723 1498 1745 una
1524 1723 1595 1745 cum
1614 1715 1687 1746 aliis

81 1762 208 1798 civibus,
233 1761 392 1800 martyrio
408 1761 508 1790 fuisse
531 1764 730 1790 coronatum.
753 1759 879 1796 Quibus
900 1760 1054 1791 enarratis
1081 1761 1210 1791 subdit:
1230 1773 1242 1788 α
1260 1761 1415 1792 Cmterum
1438 1765 1507 1800 post
1530 1769 1657 1793 exactos
1674 1772 1691 1793 ει

81 1809 175 1840 Sicilia
191 1811 388 1846 Saraconos,
411 1808 827 1849 nullam_Tauromenitani
854 1807 993 1847 alicujus
1021 1808 1165 1848 episcopi
1196 1809 1393 1840 mentionem
1423 1809 1540 1840 alicubi
1561 1812 1688 1849 reperi;

82 1858 210 1895 oportuit
229 1858 334 1896 igitur
350 1866 424 1887 eum
440 1847 645 1896 praesulatum
664 1857 747 1886 inter
767 1857 976 1887 Barbarorum
1005 1847 1160 1887 tumultus
1177 1857 1388 1893 exstinctum,
1403 1864 1499 1897 atque
1516 1847 1688 1889 Ecclesiam

83 1905 155 1934 illam
172 1906 210 1936 ab
227 1914 316 1936 anno
333 1905 428 1941 1082,
448 1913 513 1942 quo
530 1904 717 1943 episcopum
735 1914 750 1934 a
768 1904 1000 1935 Northmannis
1016 1903 1143 1934 Troinaa
1156 1905 1262 1935 datum
1282 1904 1448 1942 dicemus,
1465 1906 1497 1936 in
1514 1910 1588 1936 nota
1603 1907 1622 1937 8
1636 1906 1689 1936 in-

81 1951 133 1986 fra,
149 1953 342 1989 Troinensi,
358 1956 428 1990 post
444 1951 644 1982 Messanensi
667 1952 816 1983 Ecclesiae
833 1952 1005 1991 subjectam
1037 1952 1084 1982 vel
1111 1952 1232 1983 unitam
1257 1953 1294 1983 ad
1326 1953 1393 1983 haec
1422 1962 1525 1992 usque
1548 1957 1690 1992 tempora

81 2000 182 2031 luisse.
201 2012 215 2028 ιο
234 2002 280 2031 Ita
297 2000 421 2030 Pirrus.

115 2048 139 2077 Α
153 2056 216 2086 quo
234 2055 371 2086 prorsus
387 2047 583 2077 dissentiunt
599 2047 658 2077 viri
676 2047 795 2078 eruditi
813 2047 869 2086 qui
884 2049 1082 2078 contendunt
1106 2056 1201 2079 unam
1222 2049 1394 2080 alteramve
1420 2048 1602 2086 homiliam,
1619 2058 1691 2088 quae

81 2096 133 2125 sub
150 2096 278 2127 nomine
295 2095 500 2134 Theophanis
515 2097 777 2127 Tauromenitani
800 2097 894 2127 editas
916 2101 1007 2133 sunt,
1029 2097 1189 2126 recitalam
1207 2095 1306 2126 fuisse
1331 2104 1435 2126 coram
1452 2097 1589 2134 Roget-io
1608 2097 1689 2125 Nor-

81 2151 259 2174 mannorum
291 2144 390 2179 duce,
418 2143 455 2174 ad
485 2143 578 2174 ﬁnem
610 2149 760 2183 vergente
791 2145 909 2176 saeculo
939 2154 983 2181 χι,
1015 2144 1061 2174 vel
1090 2144 1184 2174 initio
1209 2144 1315 2174 saeculi
1347 2153 1406 2174 xu.
1431 2143 1576 2175 Profecto
1609 2145 1691 2175 ritus

81 2191 217 2228 Gnaeus,
238 2192 358 2231 fugatis
378 2192 564 2228 Saracenis,
581 2201 645 2223 non
664 2193 756 2231 plane
777 2194 955 2224 exstinctus
979 2197 1063 2228 erat,
1082 2193 1137 2223 sed
1163 2197 1269 2232 postea
1297 2193 1392 2223 etiam
1417 2192 1450 2223 in
1471 2201 1531 2223 usu
1559 2193 1638 2228 fuit,
1657 2197 1691 2224 ut

80 2240 152 2270 dect.
169 2241 294 2271 Rodota
313 2240 434 2271 notavit
449 2240 482 2270 in
499 2240 722 2271 eruditissimo
738 2249 836 2280 Opere
852 2242 937 2281 quod
960 2241 1124 2281 inscripsit
1140 2252 1146 2270 :
1164 2239 1221 2271 Del
1234 2241 1297 2271 rito
1313 2240 1412 2271 Greco
1431 2241 1464 2271 in
1479 2240 1584 2270 Italia.
1602 2241 1689 2271 Fieri

81 2295 148 2326 ergo
164 2288 270 2326 potuit
287 2292 322 2319 ut
338 2288 480 2319 honiilite
495 2288 558 2319 illa;
580 2289 672 2319 etiam
689 2299 728 2320 ex
745 2296 832 2329 parte
858 2289 976 2321 saeculo
993 2298 1036 2319 xn
1058 2289 1184 2326 scriptae
1206 2292 1236 2319 et
1259 2289 1352 2319 editm
1372 2289 1510 2325 fuerint;
1530 2297 1587 2320 nec
1602 2297 1692 2327 pror-

80 2344 128 2366 sus
143 2341 266 2367 certum
288 2341 337 2367 est
358 2344 411 2367 eas
433 2345 564 2374 omnes,
587 2341 678 2367 aetate
705 2338 812 2367 Basilii
839 2337 1042 2372 Macedonis,
1067 2341 1140 2367 ante
1163 2337 1255 2367 linem
1284 2337 1393 2367 saeculi
1418 2345 1449 2373 ι,
1470 2340 1499 2367 et
1521 2342 1594 2367 ante
1616 2337 1692 2367 sub-

80 2388 167 2414 actam
187 2392 203 2414 a
221 2385 389 2415 Saracenis
406 2385 566 2420 Siciliam,
585 2385 779 2424 compositas
796 2385 909 2417 fuisse.

115 2433 267 2463 Obscurae
288 2433 459 2471 qumstioni
475 2433 597 2464 nullam
614 2434 717 2464 lucem
732 2434 836 2464 attulit
852 2435 915 2464 Leo
931 2434 1067 2464 Allatius
1083 2434 1137 2472 qui
1149 2456 1157 2469 ,
1178 2437 1212 2464 ut
1229 2437 1322 2472 puto,
1338 2433 1377 2463 de
1392 2433 1548 2472 Gregorio
1579 2436 1688 2463 nostro
1722 2427 1725 2430 ⁴

80 2479 238 2519 Georgium
255 2481 393 2514 faciens,
412 2481 445 2511 in
464 2489 522 2512 sua
538 2481 774 2521 Disquisitione
799 2483 837 2512 de
854 2482 1003 2521 Georgiis
1020 2482 1063 2512 ita
1088 2482 1236 2512 disserit:
1255 2493 1269 2509 «
1288 2481 1416 2520 Georgii
1436 2481 1577 2511 Ceramci
1605 2481 1690 2511 Iam-

81 2528 140 2558 bica
156 2529 187 2559 in
204 2529 322 2559 librum
339 2529 510 2568 Symeonis
527 2529 614 2560 Sethi
632 2530 667 2560 de
677 2530 860 2569 Slephunite
875 2534 903 2560 el
916 2529 1071 2560 Ichnilala
1087 2529 1258 2560 laudantur
1278 2528 1310 2559 in
1325 2528 1543 2567 manuscripto
1562 2529 1689 2560 Graeco:

80 2576 183 2610 Συμεὼν
197 2577 362 2612 Μαγῐστρου
375 2578 503 2612 διήγησις
514 2578 636 2613 μυστικὴ
651 2579 706 2605 τῶν
721 2580 792 2606 κατὰ
807 2579 978 2614 Στεφανίτην
993 2578 1042 2605 καὶ
1058 2578 1216 2612 Ἰκνηλάτην
1239 2577 1432 2612 μετενεχθεῖσα
1457 2578 1488 2603 ἐκ
1505 2577 1553 2611 τῆς
1567 2577 1691 2613 Ἀράὃων

79 2627 210 2655 διαλέκτου
228 2630 259 2655 ἐν
275 2628 367 2662 λόγοις
380 2627 416 2661 η’.
431 2629 571 2664 Γεωργιου
591 2630 744 2666 Καραμέου
757 2630 818 2666 Ἰαμ

953 2631 986 2664 τῇ
1001 2628 1191 2664 προρρηθείσῃ
1209 2628 1302 2663 βίϐλῳ.
1320 2624 1351 2654 Id
1369 2627 1417 2654 est
1430 2635 1436 2654 :
1450 2624 1610 2662 Symeom's
1623 2625 1691 2655 Ma-

79 2674 163 2711 gislri
176 2673 322 2703 narratio
341 2681 460 2702 arcana
476 2673 511 2702 de
526 2673 710 2713 Stephanite
726 2680 752 2706 ct
769 2674 927 2706 Ichnilata
945 2684 983 2705 ex
998 2673 1136 2704 Arabum
1152 2672 1259 2712 lingua
1277 2681 1444 2706 conversa.
1462 2672 1552 2702 libris
1568 2676 1692 2703 octo.—

78 2727 198 2766 Georgii
214 2727 355 2757 Ceramei
370 2725 522 2757 Carmina
544 2726 677 2759 iambico
697 2729 731 2759 in
741 2729 927 2768 prwdictum
950 2727 1075 2759 librum.
1089 2727 1160 2767 (Ap.
1175 2726 1301 2758 Fabric.
1315 2725 1400 2755 Bibl.
1418 2725 1526 2756 θνιεσα
1540 2726 1589 2756 ed.
1611 2727 1692 2757 Har-

80 2775 128 2805 les.
147 2782 167 2806 t.
186 2776 245 2806 XII
260 2798 267 2809 ,
286 2785 314 2814 ρ.
331 2776 392 2815 ω.)

187 2829 324 2858 Pyram"
338 2829 384 2856 Gn
418 2827 574 2860 CXXXII.

1102 2869 1117 2872 ν
1500 2823 1512 2853 1

784 2964 1037 3034 .1855};
