1874 3055
181 127 190 158 1
200 126 209 159 1
767 122 921 154 ΝΟΤΙΤΙΛ

1046 121 1198 152 αΒΒΙρια
1757 120 1786 152 12

216 182 314 211 Porro
342 188 448 219 neque
476 179 666 210 senlentiam
686 179 719 209 P.
741 179 865 213 Scorsi,
886 177 942 216 qui
967 176 1194 215 Theophanem
1220 176 1256 207 ad
1279 177 1401 206 telatcm
1421 175 1524 206 Pholii
1551 176 1665 210 refert,
1685 184 1788 215 neque

177 229 368 262 sententiam
387 228 544 265 Fabricii,
562 227 633 267 qui,
652 231 722 266 post
744 227 839 263 alios,
857 225 1083 264 Theophanem
1101 225 1162 254 sub
1183 223 1372 254 Nor-mannis
1397 224 1515 254 saaculo
1529 233 1570 254 xn
1589 225 1713 254 tandem
1735 225 1790 254 ﬂo-

177 279 282 309 ruisse
310 277 441 314 asserit,
471 277 563 316 plane
592 276 797 315 amplectitur
825 274 961 313 scriptor
991 281 1100 303 recens
1131 272 1214 302 inter
1239 271 1363 302 Siculos
1392 272 1536 302 eruditos
1565 273 1789 311 noninﬁmus,

175 326 273 357 abbas
288 325 439 356 Nicolaus
455 325 621 361 Buscemi;
641 324 696 354 sed
725 323 863 353 mediam
888 320 1067 355 viaminit.
1095 328 1158 350 non
1186 319 1254 349 sine
1287 319 1395 358 aliqua
1419 319 1704 351 verisimilitudine
1734 321 1791 351 do-

176 382 265 410 cens,
282 373 433 404 homilias
460 381 532 411 quae
556 373 615 403 sub
633 371 763 402 nomine
780 370 985 409 Theophanis
1000 368 1284 405 circumferuntur,
1303 376 1367 399 non
1389 368 1426 399 ab
1451 377 1516 399 uno
1535 373 1676 406 auctore,
1694 370 1749 400 sed
1773 379 1788 400 a

174 421 314 458 duobus,
335 428 472 459 quorum
492 420 580 459 prior
599 423 740 458 tempore
760 420 989 450 Saracenorum
1006 416 1125 452 ﬂoruit,
1142 420 1173 447 et
1190 417 1344 455 posterior
1360 422 1502 455 tempore
1517 417 1790 454 Normannorum,

174 469 275 500 editas
310 468 421 499 fuisse.
453 469 578 498 Doctam
608 476 698 498 suam
726 465 984 505 disquisitionem
1014 465 1149 496 inseruit
1181 466 1217 495 N.
1247 466 1394 495 Buscemi
1426 465 1456 496 in
1494 474 1561 496 suae
1590 466 1791 497 Bibliotheca

175 525 269 547 sacra:
284 519 305 556 t.
321 517 350 552 Ι,
367 515 543 552 ann.1832,
561 519 592 546 et
607 515 650 546 ita
664 514 828 552 inscripsit
842 522 848 543 :
868 514 1000 552 Teofane
1017 514 1174 545 Ccrameo.
1190 514 1293 552 Sopra
1315 513 1339 543 il
1355 514 1507 544 Siciliano
1523 515 1669 544 scrittore
1688 516 1741 545 che
1755 525 1792 544 ea

173 568 257 595 sotto
277 563 321 594 tal
335 573 442 600 nome,
457 564 606 594 memoria
617 562 667 594 del
683 572 745 593 sae.
762 562 801 593 N.
819 561 972 591 Buscemi.
993 562 1082 592 Hanc
1097 561 1203 591 laudat
1219 561 1346 592 Alessio
1362 561 1520 599 Narbone,
1537 561 1617 591 delia
1634 563 1669 593 C.
1684 562 1715 592 di
1739 564 1790 599 G.,

176 611 210 642 in
227 611 433 651 Bibliograﬁa
459 610 564 642 Sicola
582 611 781 646 sistematica,
800 620 816 640 ο
833 610 996 649 Apparato
1011 608 1161 639 metodico
1181 609 1245 639 alla
1259 611 1360 639 storia
1376 610 1541 640 lettcraria
1555 609 1636 640 dclla
1665 609 1789 646 Sicilia,

175 664 196 691 ι.
214 660 272 698 Ill,
292 669 320 699 p.
337 661 408 691 275.
425 660 582 696 Palermo,
601 661 695 695 1855,
713 663 744 690 ct
760 664 781 690 t.
798 659 829 695 Ι,
847 668 877 698 p.
896 659 914 688 lt

451 660 582 696 alermo,
601 661 695 695 1855,
713 663 744 690 ct
760 664 781 690 t.
798 659 829 695 Ι,
847 668 877 698 p.
896 659 965 688 ΗΞ.
986 659 1191 690 Consulatur.

438 710 494 738 Β..
510 733 516 740 .
534 732 540 739 .
557 733 563 739 .
592 709 629 740 15
653 709 729 738 Feb.
756 708 844 739 1862.

1289 756 1369 786 J.-B.
1395 757 1438 786 Μ.

194 850 564 857 ...μ--ῌ--ν
571 850 744 854 __.___.__.

380 940 620 1031 ΝθΊἸΤΙΑ
676 940 738 1014 ΙΝ
796 934 1183 1015 'l‘lllloPllliNlilll
1236 939 1579 1015 illlllAlllllllM.

622 1072 741 1102 ‘(Fssntc
758 1071 861 1097 Biblioth
884 1073 925 1097 Gr.
939 1073 980 1097 ed.
993 1072 1090 1101 Harles,
1103 1076 1163 1097 tom.
1175 1071 1216 1102 XI,
1229 1078 1252 1102 p.
1269 1071 1334 1104 208.)

195 858 1667 872 .——__,_——————.——————————————-——————

213 1223 405 1258 Theophanem
423 1222 582 1250 Cerameum
607 1226 670 1250 sunt
695 1221 740 1256 qui
758 1229 805 1256 pro
826 1220 989 1255 Theophane
1007 1220 1156 1254 Georgium,
1184 1219 1349 1255 Gregorium,
1367 1220 1544 1255 Nicephorum
1570 1222 1610 1249 vel
1636 1222 1790 1258 Philippum

176 1273 285 1300 vocent,
305 1267 344 1294 vel
359 1267 403 1301 qui
429 1274 488 1294 cum
509 1266 623 1301 Georgio
648 1274 694 1293 seu
713 1266 843 1300 Gregorio
859 1265 989 1292 Cerameo
1007 1269 1034 1291 et
1058 1272 1117 1291 cum
1142 1264 1295 1299 Nicephoro
1313 1264 1407 1299 Figulo
1431 1265 1488 1293 sive
1508 1266 1640 1294 Ccrameo
1659 1273 1706 1295 aut
1729 1276 1790 1295 cum

177 1312 300 1347 Philippo
316 1310 447 1338 Cerameo
462 1310 518 1337 sive
537 1309 672 1337 Ccramita
688 1311 771 1336 velint
786 1310 910 1336 eumdem
927 1316 997 1336 esse.
1016 1308 1081 1335 Vide
1095 1308 1222 1335 Allatinm
1239 1308 1275 1335 De
1287 1306 1417 1342 Ceorgiis,
1435 1317 1461 1347 p.
1475 1309 1527 1336 414
1541 1318 1611 1344 st-q.,
1625 1312 1668 1344 qui
1682 1311 1792 1345 Georgii

176 1346 298 1382 Cerainei
319 1354 417 1381 iterum
433 1354 558 1380 meminit
580 1361 607 1387 p.
625 1353 688 1380 545.
705 1352 788 1379 Natus
803 1357 845 1379 est
859 1352 1037 1387 Theophanes
1055 1353 1098 1379 hic
1122 1353 1147 1379 in
1167 1353 1271 1385 Sicilia,
1289 1346 1461 1380 Tanrmnenii
1478 1354 1519 1381 vel
1537 1355 1562 1381 in
1582 1356 1669 1383 vicino
1690 1357 1791 1391 oppido

177 1399 313 1431 Mascalis,
340 1403 368 1424 et
391 1397 423 1424 ad
445 1398 528 1424 tndem
547 1396 580 1425 8.Δ
593 1397 706 1423 Andreae
728 1396 764 1423 ibi
786 1404 854 1430 puer
870 1396 896 1422 in
915 1395 1000 1430 patria
1025 1397 1171 1429 educatus,
1191 1401 1222 1423 ut
1239 1397 1296 1430 ipse
1312 1396 1419 1423 humilia
1436 1404 1462 1428 1.,
1485 1398 1511 1424 in
1537 1398 1605 1426 frsm
1625 1399 1654 1426 S.
1675 1400 1793 1427 Anth-pa:

178 1442 292 1477 apostoli
314 1441 415 1473 habita,
434 1440 551 1468 celebrat
568 1449 574 1467 :
594 1439 682 1466 factus
699 1439 796 1467 deinde
819 1439 1062 1467 Tauromenitanus
1080 1440 1307 1475 archiepiscopus,
1330 1449 1384 1475 quo
1410 1442 1487 1468 titulo
1501 1447 1654 1470 constanter
1672 1445 1744 1471 venit
1765 1446 1791 1471 in

178 1486 318 1513 codicibus
337 1491 415 1517 mss.,
438 1490 468 1512 ut
496 1484 611 1512 Scorsus
631 1491 743 1517 procem.
769 1482 789 1516 1,
807 1482 821 1519 §
839 1483 866 1516 4,
893 1491 918 1510 θ(

1067 1483 1093 1510 in
1116 1485 1214 1518 quibus
1237 1485 1318 1512 etiam
1337 1485 1492 1519 σοφώτατος
1509 1487 1555 1512 καὶ
1571 1488 1790 1522 ρητορικώτατος

179 1530 341 1565 appellatur,
365 1530 575 1561 sapientissimus
596 1533 620 1555 et
641 1528 885 1563 eloquentissimus;
907 1528 944 1555 id.
969 1535 1084 1560 promm.
1101 1528 1133 1560 ll,
1163 1528 1176 1564 §
1195 1528 1223 1556 2.
1251 1529 1365 1563 Scripsit
1382 1537 1432 1556 non
1453 1531 1551 1557 sarculo
1571 1538 1640 1558 nono
1656 1536 1682 1558 et
1701 1532 1791 1558 lelii

180 1579 270 1606 angue,
289 1578 316 1600 ut
332 1574 431 1600 Scorso
449 1580 605 1607 persuasum
631 1573 703 1608 (cum
718 1572 897 1606 Theophanes
921 1573 1081 1606 monachus,
1103 1573 1136 1600 ad
1157 1581 1237 1607 quem
1258 1574 1366 1607 scripsit
1381 1573 1504 1606 Photius,
1520 1575 1554 1602 ab
1567 1576 1693 1610 episcopo
1710 1576 1794 1603 fuerit

180 1618 291 1644 omnino
305 1616 451 1650 diversus);
468 1623 556 1650 neque
571 1616 642 1642 circa
657 1623 702 1642 an.
721 1615 800 1647 1010,
825 1615 858 1641 ad
876 1615 947 1648 quod
965 1620 1069 1649 tempus
1089 1624 1101 1642 a
1119 1616 1209 1644 Caveo
1227 1617 1265 1652 (a)
1287 1617 1413 1651 refertur,
1429 1625 1481 1652 quo
1498 1626 1548 1644 non
1565 1626 1622 1650 rex,
1635 1620 1680 1646 sed
1697 1627 1793 1646 comes

180 1665 272 1695 postea
293 1668 317 1686 τι.
335 1659 404 1687 1065
422 1659 520 1686 Sicilia:
533 1659 665 1694 Rogerius
680 1659 762 1692 vixit;
787 1658 833 1686 sed
853 1663 981 1693 regnante
998 1659 1053 1685 lilio
1076 1660 1148 1687 illius
1166 1661 1274 1688 comitis
1289 1660 1405 1696 Rogerio
1431 1661 1543 1694 (Sicilia;
1560 1669 1621 1696 rege
1640 1667 1667 1689 et
1688 1662 1794 1696 Aptt|ize

180 1706 214 1732 ab
231 1712 256 1731 a.
273 1703 341 1731 1129
355 1703 387 1730 ad
407 1697 496 1737 1152),
514 1709 566 1736 quo
582 1707 701 1737 tempore
720 1710 816 1736 magna
839 1707 898 1729 erat
913 1702 1110 1730 Saracenorum
1137 1705 1266 1739 potentia.
1288 1705 1357 1733 Hinc
1373 1706 1455 1733 Deum
1474 1706 1588 1734 subimle
1604 1713 1740 1740 precatur.
1765 1713 1793 1735 ut

179 1755 269 1783 regem
285 1748 318 1774 ab
332 1747 437 1774 illorum
456 1747 480 1774 vi
502 1747 570 1773 tueri
589 1747 663 1778 velit,
689 1746 734 1781 Τῷ
754 1745 863 1772 εὐσεϐεῖ
880 1747 918 1781 ἡμ

1051 1749 1086 1774 tsi
1101 1748 1245 1784 σύμμαχος
1265 1749 1344 1782 γενοῦ
1360 1749 1432 1776 κατὰ
1450 1751 1503 1777 τῶν
1524 1750 1610 1777 ἀθέων
1634 1751 1683 1786 τῆς
1699 1752 1791 1787 Ἀγαρ

181 1794 256 1826 υξῶν,
273 1793 314 1820 Sis
333 1794 375 1827 pio
390 1797 476 1819 nostra
495 1792 548 1827 regi
565 1797 743 1827 propugnator
762 1797 855 1818 contra
877 1792 970 1824 impios
984 1792 1057 1827 Agar
1074 1792 1155 1826 ﬁlios,
1173 1793 1264 1821 lioniil.
1283 1802 1327 1827 XL,
1351 1801 1377 1828 p.
1393 1795 1457 1822 288:
1473 1799 1499 1821 et
1522 1795 1630 1822 lioniilia
1651 1803 1684 1827 iv,
1701 1803 1727 1829 p.
1743 1795 1791 1826 26,

180 1838 321 1872 Κράτυνον
335 1838 368 1872 τῇ
387 1836 458 1871 ἰσχύϊ
473 1844 518 1862 σου
535 1836 599 1867 τοὺς
614 1833 725 1867 πιστοὺξ
740 1835 818 1870 ἡμῶν
838 1835 969 1870 βασιλεῖς,
992 1835 1134 1871 ὲνίσχυσον
1150 1837 1248 1869 αὐτοὺς
1266 1837 1338 1864 κατὰ
1353 1837 1406 1863 τῶν
1429 1837 1517 1863 ἀθέων
1536 1837 1715 1872 Ἰσμαηλιτῶν
1736 1838 1792 1864 τῶν

181 1881 230 1915 σὴν
247 1879 417 1907 ἁθετούντων
435 1879 638 1914 προσκύνησιν,
655 1878 802 1906 Corrobora
820 1879 916 1905 virtute

1053 1881 1088 1907 les
1105 1885 1209 1908 nostras
1225 1889 1306 1916 reges,
1319 1889 1411 1916 eosque
1425 1886 1517 1908 contra
1532 1882 1624 1915 impios
1637 1881 1791 1909 lunae/itas

181 1931 254 1952 tuum
270 1926 422 1960 religionem
437 1930 577 1952 evertenm
591 1924 730 1959 conﬁrma.
747 1923 829 1960 Regis
850 1929 925 1960 gesta
949 1932 981 1952 ac
997 1924 1124 1959 pietatem
1141 1923 1260 1952 celebrat
1276 1924 1384 1952 homilia
1408 1932 1483 1957 xxvi,
1507 1932 1586 1959 quam
1608 1926 1635 1951 in
1649 1926 1707 1960 ejus
1721 1933 1795 1959 pra:-

219 2002 256 2036 (a)
271 2001 297 2028 In
315 2001 448 2038 Hist.rlit.
459 2001 510 2029 SS.
521 2002 586 2038 εδει.
601 2007 666 2029 tom.
684 2001 717 2038 Il,
737 2009 762 2035 ῃ.
779 2002 830 2035 152
844 2009 901 2038 seq.
916 2003 959 2038 e11.

182 2037 276 2066 1t.tsil..
293 2038 325 2072 ait
343 2044 367 2063 a.
386 2036 464 2069 1040,
481 2037 526 2072 qui
547 2037 691 2064 assentitur
703 2037 786 2072 Leoni
807 2036 904 2065 Allatio
922 2037 961 2064 De

183 2073 273 2105 script.
291 2071 418 2103 Simeon.,
437 2080 463 2105 p.
480 2072 523 2104 65,
541 2072 714 2106 atlnotatque,
731 2080 744 2097 tt
760 2071 851 2098 Μίτωο
869 2073 896 2098 in
907 2072 964 2098 Au.

180 2114 249 2133 τίαν.
265 2114 291 2133 c.
308 2107 375 2137 255,
395 2111 475 2141 atque
489 2114 520 2133 ex
540 2113 572 2133 eo
588 2107 621 2132 ab
634 2106 742 2133 Oleario
760 2107 785 2133 in
802 2107 890 2133 Abaco
913 2115 962 2141 pa-

183 2141 256 2173 trol.,
275 2150 300 2175 p.
319 2141 381 2171 450.
395 2140 514 2168 noStruni
535 2148 594 2167 cum
613 2140 776 2174 Theophane
794 2141 960 2172 conl‘essore.

183 2176 403 2210 Chronographire
418 2176 567 2206 conditore,
588 2176 702 2205 pessime
715 2175 852 2202 confundi.
865 2176 961 2203 Fusius

183 2211 216 2237 de
230 2218 262 2237 eo
275 2209 394 2245 disputat
413 2210 512 2237 Oudin.
536 2211 561 2236 in
583 2210 728 2237 Comment.
747 2211 779 2236 tle
793 2209 844 2237 SS.
858 2211 961 2243 eodem,

1011 2001 1171 2039 10.711911er.
1182 2003 1207 2030 in
1220 2002 1458 2039 Homonygioscop.
1473 2008 1539 2030 sect.
1556 2010 1584 2035 tt,
1601 2010 1659 2037 cap.
1678 2003 1732 2039 5,§
1750 2005 1794 2038 77,

1012 2045 1039 2071 p.
1051 2038 1167 2074 525seq.
1181 2038 1226 2074 qui
1239 2038 1328 2074 plures
1343 2037 1520 2072 Theophanes
1529 2042 1680 2074 enumerat,
1691 2037 1796 2074 eosque

1013 2073 1089 2099 docet
1108 2073 1240 2107 interdum
1259 2073 1341 2099 fuisse
1357 2080 1370 2099 a
1391 2073 1455 2100 viris
1482 2073 1569 2100 doctis
1587 2073 1730 2107 confusos;
1749 2073 1793 2102 Jo.

1012 2107 1096 2142 Laur.
1110 2106 1240 2142 Moshent.
1258 2107 1284 2133 in
1302 2107 1420 2142 Ini-titul.
1433 2107 1495 2135 hist.
1510 2108 1573 2134 ccci.
1588 2115 1648 2134 uec.
1661 2115 1699 2138 XI.
1716 2117 1743 2142 p.
1764 2118 1795 2141 ti,

1014 2148 1071 2173 cap.
1086 2141 1113 2174 2,
1130 2141 1143 2176 §
1158 2142 1202 2169 50.
1218 2141 1281 2168 Sax.
1300 2141 1324 2167 in
1342 2140 1438 2169 Onam.
1458 2142 1498 2168 lit.
1514 2146 1583 2175 part.
1601 2150 1630 2174 n,
1645 2149 1669 2176 p.
1681 2140 1747 2175 249.
1760 2140 1795 2170 ad

1014 2184 1039 2203 a.
1056 2177 1135 2207 1152,
1154 2178 1242 2211 Atque
1265 2177 1317 2208 his,
1335 2177 1430 2210 inquit,
1449 2177 1614 2210 temporibus
1639 2182 1666 2204 cl.
1691 2179 1796 2205 vixisse

1014 2215 1040 2238 et
1054 2211 1177 2238 ﬂoruisse
1201 2211 1383 2238 verisiiniliter
1409 2211 1527 2239 creditur
1543 2211 1662 2245 ’l‘heoph.
1681 2211 1794 2240 Geram.

185 2251 249 2280 toni.
268 2245 300 2277 11,
316 2253 341 2279 p.
362 2245 440 2277 1185,
456 2246 488 2271 ad
502 2252 527 2271 a.
543 2244 612 2272 1140
627 2253 686 2279 sqq.
704 2250 732 2272 et
744 2253 804 2280 pag.
819 2245 888 2273 1520
900 2253 960 2280 sqq.

184 2279 277 2307 Priore
288 2281 346 2307 loco
363 2281 478 2313 primum
491 2281 627 2306 examinat
648 2279 796 2313 refellitque
816 2280 905 2307 Scorsi
921 2279 963 2307 at-

185 2322 237 2349 que
252 2314 339 2341 Allatii
358 2315 484 2345 rationes,
503 2319 556 2349 tum
581 2316 697 2341 ostendit
721 2315 855 2342 Lainbecii
870 2316 962 2342 incon-

186 2348 312 2376 stantiam
325 2349 350 2375 in
365 2349 514 2385 deﬁnienda
525 2348 694 2385 Theophanis
708 2355 786 2376 aetate
795 2350 880 2385 (conf.
893 2349 963 2376 infra

186 2385 214 2410 in
228 2385 321 2410 notitia
337 2384 414 2418 codd.
429 2383 517 2418 mss.).
528 2383 679 2411 Posteriore
697 2384 765 2415 loco,
781 2383 825 2411 ubi
840 2386 872 2411 de
884 2389 961 2411 aetate

185 2419 326 2453 Synieonis
336 2417 520 2452 Metaphrasta:
528 2419 645 2449 disserit,
658 2421 682 2445 in
693 2427 750 2453 cap.
760 2419 853 2453 quinto
865 2419 961 2446 iterum

187 2454 297 2487 inquirit
307 2454 332 2480 iii
343 2459 447 2487 tempus
457 2461 508 2487 quo
518 2453 614 2480 vixerit
624 2454 798 2487 'l'heophzmes
805 2454 962 2486 Cerainens,

187 2493 214 2514 et
228 2489 361 2523 praecipue
384 2491 417 2515 de
433 2489 563 2522 seripturst
581 2493 609 2515 et
628 2489 824 2522 signiﬁcatione
839 2489 962 2523 vocabuli

188 2522 272 2559 eam
298 2529 343 2550 :tul.
358 2522 438 2558 ρόγου
453 2523 587 2559 disputat.
602 2538 637 2559 ἡ
653 2525 683 2550 L.
706 2524 764 2559 1211i:
773 2531 795 2559 si
810 2522 921 2559 [iu-Pin
937 2524 962 2549 in

187 2557 256 2585 Bibl.
272 2559 346 2591 eccl.,
359 2557 436 2586 'tom.
453 2557 508 2591 VII,
536 2565 596 2592 cap.
612 2558 655 2588 17,
673 2566 733 2593 pag.
748 2558 809 2589 196,
822 2558 963 2592 Theopha-

182 2601 246 2620 nem
266 2599 357 2620 censet
378 2593 404 2619 iii
432 2595 484 2619 line
508 2601 569 2619 nom
594 2594 682 2620 sa'culi
711 2594 859 2624 claxuisse;
885 2600 912 2620 at
937 2594 963 2619 in

184 2634 250 2655 tom.
267 2628 332 2661 V111,
355 2635 414 2662 cap.
434 2629 477 2659 1%,
499 2636 525 2662 p.
547 2627 574 2660 5,
595 2635 656 2654 eum
679 2629 814 2655 transtulit
834 2629 866 2654 ad
882 2629 964 2655 unde-

182 2665 286 2690 cimum
300 2664 437 2690 saiculum.
452 2663 570 2689 Plurimn
588 2662 644 2690 νγ.
660 2663 712 2690 DD.
727 2663 868 2697 opiniones
881 2670 907 2690 et
918 2664 963 2697 ju-

185 2698 254 2725 dicia
271 2700 302 2725 tle
315 2698 379 2732 ejus
394 2703 472 2725 actate
496 2702 522 2725 et
543 2700 575 2724 tle
589 2698 674 2732 ipsius
697 2699 803 2733 ingenio
828 2698 962 2725 scribendi

185 2733 346 2768 vivendique
357 2734 461 2760 ratione
473 2733 578 2767 collegit
589 2733 731 2768 Mongitor.
746 2733 772 2768 in
784 2732 850 2759 Bibl.
860 2733 960 2764 Sicula,

186 2773 250 2795 tum.
264 2767 337 2803 11,7p.
354 2768 406 2795 250
417 2776 488 2803 sqq.,
507 2770 551 2803 qui
576 2767 662 2803 etiam:
679 2770 744 2795 citat
755 2767 913 2802 Cajt-tanum
936 2768 961 2794 iti

184 2802 366 2831 annuimlvers.
392 2802 540 2830 ati’tomil
567 2803 619 2831 SS.
646 2802 805 2833 Siculorum,
833 2803 962 2836 p.16.“

183 2839 378 2874 Add.1’agium
405 2839 430 2866 itt
453 2838 520 2866 Crit.
545 2837 644 2866 Bnron.
666 2840 699 2865 ad
715 2847 739 2866 ει.
758 2839 837 2872 1252,
859 2836 959 2870 Vill-X;

1016 2259 1048 2265 —-
1066 2247 1211 2273 Christian.
1234 2245 1308 2272 Fritl.
1334 2245 1449 2273 Malthrei
1469 2246 1566 2281 Progr.
1589 2247 1621 2281 de
1639 2246 1797 2281 Theophane

1015 2280 1148 2316 gemmeo,
1170 2281 1275 2316 ltresdac
1291 2281 1369 2313 1788,
1384 2281 1411 2313 4,
1431 2283 1456 2307 in
1478 2288 1531 2316 qno
1543 2280 1574 2307 V.
1592 2280 1622 2308 D.
1640 2286 1693 2308 tres
1708 2280 1796 2309 codd.

1013 2315 1212 2350 Mosqueusem,
1232 2315 1399 2350 Lipsiensem
1417 2323 1549 2350 suumque
1585 2323 1731 2350 eorumque
1751 2325 1798 2343 ra-

1016 2352 1115 2378 tionem
1142 2351 1168 2377 in
1196 2350 1338 2378 scribendo
1366 2352 1484 2377 auctoris
1512 2350 1620 2377 nomine
1642 2353 1798 2382 ordineque

1015 2385 1188 2412 homiliarum
1203 2391 1297 2412 curate
1314 2386 1452 2418 describit,
1474 2390 1501 2412 et
1524 2391 1558 2411 ex
1577 2385 1637 2412 cod.
1657 2384 1796 2419 Lipsienst

1013 2421 1103 2447 varias
1117 2421 1190 2447 leclt.
1205 2420 1334 2447 orationis
1345 2428 1404 2451 λιν,
1422 2427 1448 2454 p.
1464 2419 1646 2454 8-15,"Scorsi
1663 2422 1797 2447 enatavit.

1013 2455 1160 2482 —Eodem
1186 2456 1297 2489 praeside
1321 2453 1355 2482 M.
1380 2453 1443 2482 Car.
1469 2455 1532 2482 Chr.
1548 2453 1654 2480 Ernesti
1678 2454 1796 2482 Charitii

1015 2491 1103 2524 disp.‘t
1115 2491 1148 2517 tle
1159 2490 1322 2524 Theophane
1336 2489 1455 2521 Geram"
1469 2497 1542 2524 pars.
1555 2496 1574 2521 t,
1589 2489 1630 2524 de,
1640 2490 1798 2524 Theophane

1014 2523 1162 2559 interprete,
1179 2530 1206 2551 et
1220 2523 1288 2558 disp.
1304 2532 1322 2551 ιι
1338 2523 1516 2559 respondente
1528 2523 1554 2550 J.
1568 2524 1598 2550 Ο.
1613 2523 1645 2550 G.
1658 2523 1797 2551 Praedico-

1014 2559 1069 2590 tio,
1087 2560 1220 2594 appendix
1237 2565 1306 2593 part.
1329 2567 1347 2591 t,
1364 2559 1396 2585 de
1410 2559 1496 2585 studio
1513 2559 1799 2594 allegoriai'unttprte-

1014 2595 1091 2628 cipue
1121 2593 1198 2621 recite
1221 2595 1442 2627 interpretationis
1474 2594 1669 2627 impedimento.
1697 2593 1800 2620 thte-

1016 2630 1101 2665 bergze
1115 2629 1193 2662 1792,
1218 2629 1245 2655 4.
1267 2631 1355 2665 Atque
1369 2637 1420 2664 ego
1441 2630 1466 2665 in
1486 2628 1646 2665 Introduct.,
1659 2633 1713 2665 etc.
1729 2634 1748 2655 ι.
1764 2629 1799 2661 1|,

1015 2663 1083 2697 pari.
1104 2673 1122 2697 ι,
1140 2672 1166 2699 ρ.
1180 2665 1230 2691 451
1250 2671 1307 2697 seq.
1323 2664 1355 2690 de
1368 2663 1400 2691 eo
1419 2664 1471 2698 egi.
1488 2677 1521 2699 τ-
1536 2664 1574 2690 υθ
1593 2663 1680 2690 lriarti
1700 2671 1798 2690 narra-

1016 2700 1088 2727 tione
1105 2709 1136 2726 :ic
1163 2699 1294 2726 sententia
1321 2706 1345 2725 v.
1363 2701 1441 2733 paulo
1459 2698 1527 2724 infra
1547 2699 1573 2724 in
1594 2699 1689 2725 notitia
1702 2699 1798 2730 codd"

1015 2737 1058 2760 ubi
1077 2736 1158 2762 etiam
1175 2734 1435 2761 animadversionem
1450 2733 1650 2764 Menti‘auconii,
1667 2733 1712 2767 qui
1729 2733 1800 2760 Gre-

1014 2770 1119 2802 gorium
1143 2770 1300 2796 Cerameum
1328 2769 1406 2802 plane
1432 2768 1512 2794 alium
1536 2775 1595 2795 esse
1618 2769 1757 2796 contendlt
1782 2777 1798 2795 a

1014 2804 1176 2840 Theophane
1191 2805 1332 2836 Cerameo,
1347 2803 1466 2837 pluribus
1483 2804 1570 2830 retuli.
1586 2803 1668 2830 “ARL.
