1874 3055
164 112 197 144 19
759 116 917 147 norma
937 118 988 148 EX
1008 110 1197 152 FABRICIO.
1759 122 1792 155 ευ

197 173 242 200 62.
263 173 308 205 Et;
331 173 377 200 τὸν
405 174 553 209 γενόμενον
581 173 696 210 αὐχμόν.
726 175 764 202 De
787 177 907 204 siccitate
926 186 937 211 (λ

1069 185 1184 214 tempore
1209 181 1328 217 conligit.
1352 181 1460 217 Incipit,
1477 182 1525 213 Τίς
1539 181 1619 208 δώσει
1638 183 1671 218 τῇ
1687 182 1791 217 κεφαλῇ

162 225 212 252 μου
229 217 313 257 fidem.
331 217 395 253 Pag.
414 218 477 245 424.

197 261 252 289 llas
268 258 443 296 Theophanis
459 263 586 291 bomilias
602 271 634 291 ex
652 263 795 292 codicibus
810 265 1014 298 Pauormitano,
1031 267 1174 301 Vaticano,
1191 268 1375 296 Escurialensi
1391 269 1627 296 etParisiensihus
1645 270 1793 296 recensitas

159 307 325 334 Franciseus
343 307 471 339 Scorsus.
486 307 515 335 S.
525 308 563 340 J.,
579 317 639 335 cum
656 309 775 344 eleganti
791 310 916 337 versione
927 316 954 337 et
965 311 1081 338 eruditis
1096 316 1178 347 atque
1192 313 1308 346 copiosis
1322 313 1354 340 ad
1366 313 1467 340 calcem
1479 313 1626 340 voluminis
1640 313 1793 348 subiunctis

159 352 234 378 notis
250 352 358 387 primus
375 352 474 384 edidit,
494 352 608 380 Lutetiae
627 352 716 380 Paris.
741 353 826 386 1644,
842 354 889 381 fol.
908 355 1015 383 Emdem
1032 361 1142 384 exstant
1159 357 1185 384 in
1202 357 1297 385 codice
1313 357 1483 385 Coisliniano
1497 378 1504 390 ,
1523 357 1557 384 de
1583 365 1637 392 quo
1655 357 1794 384 Monlfau-

135 435 137 437 τ
157 396 266 429 conias,
284 404 312 431 p.
325 397 388 425 591.
406 397 532 425 llomiliae
551 405 594 424 ιλιι
612 398 637 424 in
653 398 748 425 codice
760 398 900 431 Caesareo,
915 399 949 426 de
965 407 1020 433 quo
1035 399 1199 429 Lambecius
1214 409 1251 432 tv,
1277 409 1305 436 p.
1323 402 1356 428 17
1378 402 1424 435 (ε).
1443 402 1563 429 lneditas
1584 402 1674 428 adhuc
1701 401 1794 434 plures

157 440 280 472 ejusdem
293 440 439 475 scriptoris
457 440 484 468 in
500 441 673 469 bibliothecis
689 441 773 470 latere
789 450 844 470 non
859 447 902 470 est
920 444 1043 478 dubium,
1060 452 1121 472 eum
1137 444 1254 473 Allatius
1265 466 1271 478 ,
1292 454 1318 481 p.
1332 445 1384 473 415
1398 445 1528 473 Diatrihze
1549 446 1581 472 de
1593 445 1729 480 Georgiis,
1753 450 1794 472 te-

158 490 258 517 stctur,
275 493 304 512 se
318 485 346 512 in
360 485 428 512 Chio
443 485 533 513 insula
547 485 646 521 legisse
671 486 798 514 homilias
812 487 881 522 ejus,
900 487 1000 516 Scorso
1014 488 1086 515 haud
1102 489 1186 521 visas,
1204 490 1335 524 quinque,
1359 497 1476 524 quortnn
1488 489 1584 517 titulos
1601 494 1628 516 et
1645 489 1724 516 initia
1744 489 1793 520 ibi,

157 529 180 555 si
195 529 295 563 placet.
313 530 384 557 vide.
402 530 487 558 ΓΔΕΒ.

193 573 273 607 Atqui
291 573 316 600 in
335 573 456 607 pluribus
476 575 648 602 bibliothecis
670 581 780 604 exstare
800 576 973 611 Theophanis
989 577 1114 605 homilias
1131 585 1196 608 mss.
1211 580 1239 605 in
1254 579 1298 606 his
1311 579 1442 611 ineditas,
1458 578 1541 606 hodie
1563 582 1681 604 constat.
1699 577 1794 604 Enim-

156 625 222 644 vero
250 618 276 645 in
303 619 397 653 paucis
419 618 489 646 idem
516 619 582 646 ordo
601 625 738 652 servatur,
763 621 800 647 uti
818 621 951 648 interdum
970 629 984 648 a
1002 621 1184 658 catalogorum
1201 624 1414 656 confectoribus,
1440 624 1474 650 ad
1496 630 1564 658 quos
1583 622 1699 650 lectores
1715 622 1792 649 able-

157 663 274 696 gandum
294 664 360 691 mihi
378 668 430 696 est,
444 664 658 692 demonstrattnn
672 673 743 697 esse,
767 666 859 700 paucis
874 666 999 693 monebo.
1021 665 1060 693 En
1076 667 1199 694 codicum
1217 667 1350 702 ejusmodi
1366 668 1501 695 notitiam.

193 706 316 735 Venetiis
333 709 358 735 in
373 708 453 736 codd.
481 708 604 736 Nauiano
620 709 664 742 66,
691 710 784 737 homil.
811 710 845 737 55
874 710 930 743 (sed
958 710 1019 738 duae
1035 711 1129 745 prima:
1144 711 1357 746 desiderantur),
1380 717 1407 739 et
1423 711 1468 745 89,
1484 712 1581 740 homil.
1599 712 1644 744 41,
1673 718 1791 747 quarum

156 751 255 779 seriem
269 757 295 779 et
309 751 487 780 differentiam
502 755 535 780 ab
553 753 632 780 editis
643 753 722 780 docet
734 759 829 781 auctor
843 758 898 782 cat.
914 754 992 782 codd.
1005 754 1053 782 Gr.
1069 754 1137 783 Nan.
1151 763 1177 790 p.
1194 756 1245 784 118
1261 764 1322 791 sqq.
1338 762 1365 784 ct
1381 757 1432 784 170
1451 764 1512 792 sqq.

192 794 304 822 Taurini
320 796 346 822 in
362 796 422 824 cod.
441 797 515 831 regio
529 796 593 829 212,
611 796 656 824 fol.
672 797 785 831 57—256,
800 797 930 830 homiliae,
952 802 980 824 at
995 798 1091 825 ordine
1103 799 1137 826 ab
1154 799 1233 826 editis
1251 807 1362 834 prorsus
1385 800 1509 832 diverso;
1527 800 1552 826 iu
1566 800 1714 834 eodemque
1728 799 1791 826 cod.

157 838 203 867 fol.
221 839 231 866 1
250 847 310 874 sqq.
326 840 450 875 leguntur
477 841 527 868 sub
541 841 629 873 titulo,
652 841 700 867 Ἐκ
713 841 767 868 τῶν
783 841 897 877 ζητημάη

1051 842 1185 870 πιλύσεων
1209 843 1364 877 Θεοφάνους
1388 844 1542 878 Κεραμέως
1565 845 1612 870 καὶ
1642 843 1791 870 Ἰουστίνου

157 885 314 920 φιλοσόφου.
335 884 377 912 Ea:
392 885 581 920 quwstionibus
599 891 623 913 et
634 886 810 914 solutionibus
823 886 987 922 Theophanis
999 887 1119 915 Ceramei
1136 892 1161 915 et
1177 887 1278 914 Justini
1293 888 1451 922 philosophi,
1470 888 1609 922 sexaginta
1622 887 1702 921 ferme
1716 895 1792 922 quw-

160 931 258 958 stiones
278 930 346 958 varii
367 932 518 967 argumenti
534 932 561 958 in
578 939 683 959 sacram
701 931 885 967 Scripturam,
901 933 934 960 de
949 932 1046 966 quibus
1057 932 1187 967 quoniam
1204 931 1275 958 nulla
1291 930 1361 958 facta
1383 937 1424 958 est
1440 931 1541 958 mentio
1557 936 1604 958 aut
1623 931 1656 957 ab
1669 930 1791 959 Oudino,

160 979 208 1002 aut
220 982 234 1001 a
250 974 388 1006 Fabricio,
413 979 459 1002 aut
476 975 510 1003 ab
531 975 592 1002 aliis
607 976 653 1010 qui
671 976 705 1003 de
721 975 888 1010 Theophane
908 975 1058 1008 disserunt,
1075 976 1217 1003 confector
1231 975 1313 1002 catal.
1337 975 1416 1002 Codd.
1441 975 1490 1002 Gr.
1517 974 1643 1007 Taurin.,
1669 982 1696 1009 p.
1724 975 1791 1005 '5“,

156 1020 315 1053 speciminis
332 1019 391 1047 loco
406 1020 521 1054 primam
534 1019 708 1055 Theophanis
720 1021 898 1056 qumstionem
910 1020 959 1048 Gr.
972 1028 1032 1052 eum
1045 1021 1171 1047 versione
1184 1019 1245 1046 Lat.
1261 1019 1287 1046 in
1301 1019 1386 1046 lucem
1405 1019 1527 1054 protulit.
1542 1033 1578 1039 —
1594 1018 1660 1046 Ibid.
1678 1019 1705 1045 in
1723 1019 1789 1045 cod.

147 1062 219 1095 519,
237 1062 284 1091 fol.
302 1063 336 1091 10
363 1071 423 1098 sqq.
441 1063 567 1099 Theoph.
586 1064 714 1096 homiliae,
733 1065 834 1091 eaedem
853 1071 913 1099 quas
927 1064 1008 1092 editae
1022 1068 1095 1092 sunt.
1118 1064 1152 1091 γ.
1169 1069 1222 1091 cat.
1242 1065 1288 1090 cit.
1307 1072 1334 1098 p.
1360 1063 1423 1091 598.
1446 1078 1481 1083 —
1507 1062 1574 1091 Ibid.
1601 1064 1627 1090 in
1644 1063 1705 1090 cod.
1722 1062 1789 1094 520,

154 1106 203 1134 fol.
217 1107 245 1140 4,
263 1106 376 1135 Joannis
393 1107 451 1142 (sic)
477 1107 601 1136 Ceramei
627 1107 738 1135 homilia
755 1109 783 1135 in
812 1108 973 1143 principium
989 1107 1156 1140 indit-tionis,
1174 1112 1202 1134 et
1219 1107 1266 1135 fol.
1291 1107 1343 1135 185
1358 1115 1420 1142 sqq.
1444 1106 1559 1134 Joannis
1583 1106 1643 1142 (sic)
1662 1106 1790 1134 Ceramei

156 1152 218 1180 alia
242 1153 361 1180 homilia:
379 1154 606 1188 quattuordecim;
632 1154 757 1182 ordinem
787 1153 822 1181 ab
841 1154 921 1182 editis
949 1154 1087 1183 diversum
1112 1154 1297 1189 comparando
1318 1153 1439 1182 ostendit
1466 1158 1562 1181 auctor
1586 1158 1641 1181 cat.
1671 1153 1730 1185 cit.,
1759 1161 1790 1188 p.

154 1196 208 1225 599
225 1204 266 1231 sq.
769 1209 773 1212 λ

195 1241 286 1269 Paris.
303 1243 329 1268 in
350 1241 415 1268 bibl.
433 1241 506 1274 publ.
519 1241 599 1269 codd.
615 1242 708 1269 decem
722 1247 784 1269 sunt
801 1242 938 1270 interdum
963 1242 1087 1278 singulae,
1116 1238 1239 1270 nté'l'dum
1255 1244 1346 1275 plures
1358 1243 1486 1277 homilias,
1498 1250 1522 1271 e.
1539 1251 1579 1278 gr.
1592 1243 1618 1270 in
1631 1243 1691 1271 cod.
1707 1241 1790 1274 1185.

156 1284 282 1320 leguntur
299 1285 333 1313 45
353 1285 487 1318 homiliae;
514 1285 541 1312 in
559 1285 619 1313 eod.
634 1286 705 1313 1184
720 1291 785 1314 sunt
796 1287 831 1314 54
845 1287 983 1321 homilia};
1004 1288 1031 1314 in
1048 1287 1109 1314 cod.
1126 1286 1196 1314 1206
1213 1287 1248 1314 54
1273 1287 1381 1320 homil.,
1397 1287 1424 1314 in
1446 1287 1508 1315 cod.
1525 1287 1592 1314 1207
1612 1288 1662 1315 sub
1677 1286 1790 1313 nomine

155 1331 278 1367 Gregorii
292 1332 412 1359 Ceramei
429 1331 462 1359 40
476 1332 604 1360 homiliaa.
620 1331 654 1359 ν.
671 1332 755 1360 indic.
774 1333 807 1360 ad
822 1337 876 1360 cat.
893 1340 959 1361 mss.
975 1341 1052 1369 regg.
1068 1334 1172 1366 Paris.,
1189 1333 1243 1361 vol.
1258 1333 1289 1361 ll.
1317 1348 1353 1353 —
1379 1333 1406 1360 ln
1420 1334 1483 1361 cod.
1498 1333 1612 1361 Coislin.
1639 1332 1705 1360 bibl.
1733 1331 1787 1358 201

155 1376 213 1403 loca
230 1374 263 1403 e'x
277 1375 444 1411 Theophane
460 1376 487 1402 in
504 1376 607 1410 Nicetae
625 1376 784 1404 collectione
801 1376 1053 1411 inlerpretationum
1067 1382 1119 1404 etc.
1133 1382 1202 1404 teSte
1218 1376 1402 1404 Montfaucon.
1417 1377 1443 1404 in
1455 1376 1528 1404 Bibl.
1546 1376 1656 1404 Coislin.
1681 1383 1708 1408 p.
1721 1375 1789 1403 251.

155 1435 190 1440 ——
206 1420 237 1447 Et
253 1420 289 1446 ib.
305 1428 366 1455 pag.
381 1420 444 1450 591,
464 1419 558 1447 eodem
573 1424 653 1453 teste,
678 1421 703 1447 in
718 1420 777 1447 cod.
798 1421 851 1448 277
865 1421 992 1456 leguntur
1015 1421 1049 1448 62
1072 1421 1189 1448 homilize
1214 1421 1319 1452 eodem.
1345 1429 1399 1456 quo
1421 1421 1499 1449 editae
1515 1426 1589 1453 sunt,
1613 1428 1738 1448 numero.
1753 1435 1791 1440 —-—

157 1464 311 1491 Secundum
324 1463 509 1491 Montfaucon.
524 1464 549 1490 iu
566 1463 638 1491 Bibl.
652 1464 836 1492 bibliothecar.
853 1473 919 1493 mss.
936 1465 957 1498 Ι,
970 1473 1032 1500 pag.
1049 1465 1094 1496 55,
1114 1464 1206 1492 Romae
1219 1465 1245 1492 in
1261 1464 1392 1492 Vaticano
1409 1466 1468 1492 cod.
1484 1473 1511 1492 n.
1528 1465 1581 1493 904
1595 1465 1661 1492 bibl.
1687 1465 1791 1500 reginas

157 1507 263 1535 Suecim
279 1507 402 1542 quaedam
419 1507 555 1535 Ceramei.
570 1522 604 1526 —
618 1507 649 1534 P.
664 1508 728 1534 251.
747 1508 778 1535 Β.
796 1508 908 1542 Neapoli
926 1509 1045 1536 homilia:
1058 1509 1085 1536 in
1103 1508 1207 1536 duobus
1225 1509 1303 1536 codd.
1322 1509 1386 1536 bibl.
1404 1509 1432 1536 S.
1447 1508 1560 1537 Joannis
1571 1510 1603 1536 de
1615 1509 1787 1540 Carbonara.

156 1557 210 1580 etc.
230 1567 265 1572 —
284 1552 313 1579 Ρ.
331 1552 519 1580 185Νεηθιὶίε
536 1553 562 1579 in
577 1552 644 1579 bibl.
666 1551 825 1584 Justiniani,
842 1553 868 1580 in
884 1553 989 1581 duobus
1002 1554 1082 1581 codd.
1113 1568 1147 1574 -—
1162 1553 1191 1579 Ρ.
1211 1553 1275 1585 505,
1294 1553 1436 1580 Mediolani
1452 1554 1478 1581 in
1493 1553 1599 1581 duobus
1620 1553 1699 1580 codd.
1719 1551 1789 1581 bibl.

155 1597 362 1630 Ambrosianae;
379 1612 415 1616 -
430 1602 496 1624 tom.
514 1597 546 1631 II,
564 1605 588 1632 p.
606 1597 687 1630 1198,
703 1597 880 1631 Theophanis
893 1597 958 1624 Ccr.
974 1605 1056 1632 opera
1074 1597 1157 1624 multa
1179 1597 1205 1624 in
1220 1597 1286 1625 bibl.
1303 1596 1375 1624 Guil.
1392 1596 1544 1630 Pelliserii;
1562 1612 1598 1617 ——
1622 1603 1648 1630 p.
1673 1595 1742 1622 1514
1763 1595 1790 1622 in

158 1642 220 1669 cod.
237 1641 271 1671 64
292 1642 357 1670 bibl.
378 1641 524 1674 Mazarin.,
539 1641 663 1676 Gregorii
678 1641 803 1669 Ceramei
822 1641 953 1675 homiliaa,
981 1646 1047 1672 etc.,
1066 1640 1110 1668 ubi
1141 1641 1259 1668 notanda
1289 1644 1331 1668 est
1346 1640 1541 1668 ldontfauconii
1571 1640 1788 1671 animadversio.

156 1687 233 1717 dum,
255 1687 383 1717 (Auctor,
398 1687 497 1720 inquit,
513 1685 592 1720 plane
609 1685 678 1713 alius
693 1692 709 1712 a
720 1684 885 1719 Theophane
899 1685 1041 1717 Cerameo,
1060 1684 1127 1712 nihil
1142 1684 1284 1712 amborum
1303 1683 1421 1711 bomiliis
1438 1691 1591 1711 commune.
1608 1683 1667 1718 ipse
1681 1688 1724 1710 est
1742 1682 1791 1716 qui

157 1730 186 1756 in
201 1729 344 1764 Augusdui
366 1729 582 1757 Tarraconensis
595 1729 662 1761 atde,
679 1732 707 1756 et
724 1728 750 1756 in
765 1728 837 1763 regia
852 1728 966 1756 Scoriali
981 1733 1090 1756 exstare
1113 1731 1223 1754 notatur
1248 1727 1282 1755 ab
1305 1727 1416 1760 Allatio,
1436 1727 1568 1762 incipiens
1591 1734 1606 1753 a
1631 1726 1789 1761 publicano,

158 1781 239 1808 quem
268 1780 355 1800 tamen
379 1774 402 1801 is
426 1773 496 1801 male
511 1773 653 1801 confundit
679 1780 740 1800 cum
757 1771 914 1806 Theophane
937 1772 1081 1804 Cerameo,
1099 1778 1223 1798 errorem
1239 1776 1348 1799 secutus
1365 1771 1507 1798 Francisci
1524 1771 1630 1799 Scorsi.
1646 1771 1716 1798 Sunt
1735 1770 1790 1797 ho-

158 1816 240 1845 miiite
257 1810 351 1845 omnes
366 1818 410 1845 54.
426 1817 473 1845 Est
489 1819 575 1852 prima
601 1816 741 1844 Dominica
757 1816 894 1851 publicani
920 1820 948 1843 et
965 1815 1107 1848 Pharisaei,
1124 1815 1220 1842 ultima
1247 1815 1387 1842 Dominica
1405 1815 1510 1843 Christi
1539 1815 1758 1850 progenitorum.
1777 1823 1786 1839 ι

158 1862 296 1891 Hactenus
311 1862 482 1891 Moufaucon.
498 1863 586 1896 Atque
601 1861 747 1897 Mongitor.
764 1860 783 1887 1.
801 1868 826 1888 c.
840 1860 895 1895 jam
913 1860 1003 1895 plures
1021 1859 1161 1891 excitavit,
1177 1860 1222 1894 qui
1244 1864 1390 1894 utrumque
1407 1859 1606 1887 discernerent.
1629 1858 1699 1885 Add.
1718 1858 1791 1885 infra

158 1914 192 1934 ex
215 1906 319 1934 Villois.
337 1907 418 1941 epist.
441 1921 476 1926 -—
500 1905 568 1934 Ibid.
584 1914 611 1940 p.
628 1905 709 1939 1515,
725 1905 751 1932 in
776 1904 836 1932 cod.
854 1904 988 1932 Mazarin.
1005 1903 1050 1934 66.
1066 1903 1112 1936 26,
1128 1904 1172 1938 qui
1189 1904 1226 1930 ita
1242 1903 1381 1930 indicatur
1398 1912 1404 1930 :
1424 1912 1433 1929 ι
1453 1903 1589 1935 Ceramei,
1608 1901 1791 1936 metropolittn

158 1951 278 1980 civitatis
295 1951 376 1979 Rhoti
394 1951 443 1986 (al.
460 1951 568 1986 Rhegii)
587 1950 731 1982 Calabriae,
750 1949 777 1976 in
793 1949 948 1981 Zaclneum,
964 1947 1332 1983 publicanorum.principem
1361 1956 1368 1974 :
1392 1951 1434 1975 est
1458 1947 1529 1975 inter
1553 1946 1681 1974 homilias
1695 1946 1790 1973 Theo-

158 1995 259 2030 phanis
273 1994 408 2028 Ceramei,
425 1995 470 2030 qui
487 2003 540 2022 non
557 1994 702 2027 Calabriae,
718 1994 764 2021 sed
780 1992 882 2020 Sicilia:
895 1992 1038 2026 cpiscopus
1053 1998 1124 2020 erat.
1144 2002 1153 2019 ι

192 2038 312 2074 Mosquae
335 2039 361 2066 in
377 2039 436 2066 cod.
454 2038 550 2074 synod.
567 2038 631 2070 274,
650 2037 786 2071 Gregorii,
803 2035 982 2063 Tauromcnii
999 2037 1210 2072 archiepiscopi,
1228 2037 1347 2064 homilite
1359 2037 1513 2071 sexaginta,
1531 2031 1645 2072 quarum
1661 2035 1791 2064 ordinem

159 2088 242 2119 atque
257 2083 391 2118 principia
408 2088 534 2111 recenset
550 2082 668 2110 Matthmi
688 2082 713 2108 in
733 2081 818 2108 Notit.
833 2080 910 2107 codd.
927 2079 975 2107 Gr.
991 2080 1160 2116 Mosquens.,
1178 2089 1238 2116 pag.
1258 2081 1311 2108 172
1328 2089 1401 2116 sqq.,
1418 2081 1544 2115 idemque
1562 2089 1588 2115 p.
1606 2080 1658 2107 175
1675 2087 1719 2114 sq.
1731 2080 1793 2107 lau-

157 2128 204 2156 dat
216 2128 331 2156 similem
341 2128 463 2156 codicem
478 2128 588 2163 0plimac
604 2132 684 2158 none,
701 2125 797 2160 Lipsiae
809 2125 834 2151 in
850 2124 916 2151 bibl.
930 2124 1042 2151 Paulina
1057 2131 1237 2157 asservatum,
1251 2130 1331 2160 atque
1346 2125 1522 2160 Theophanis
1537 2125 1662 2152 homilias
1676 2125 1792 2151 omnino

158 2173 254 2208 dignas
265 2165 379 2206 iudicat,
394 2179 455 2207 qua:
471 2176 581 2207 propter
597 2175 701 2198 textum
719 2177 827 2196 sacrum
842 2173 1046 2203 comparentur.

193 2217 222 2243 In
247 2217 342 2251 primis
357 2216 490 2243 notandus
506 2220 548 2242 est
565 2215 626 2242 cod.
649 2214 681 2241 16
698 2214 724 2240 iu
748 2212 813 2240 bibl.
835 2212 906 2245 regia
931 2212 1042 2245 Matriti,
1060 2220 1120 2239 cum
1139 2217 1252 2247 propter
1267 2219 1364 2239 nomen
1380 2212 1512 2244 auctoris,
1535 2212 1579 2246 qui
1598 2211 1624 2239 in
1639 2212 1691 2239 hoe
1707 2212 1792 2239 unico

157 2261 219 2287 cod.
236 2259 411 2294 Philagathus
438 2259 606 2293 philosophus
623 2263 803 2290 nuncupatur,
822 2262 877 2283 lum
901 2261 1010 2291 propter
1033 2256 1163 2292 majorem
1179 2256 1353 2283 homiliarum
1370 2264 1523 2288 numerum,
1538 2263 1618 2290 quam
1631 2256 1677 2290 qni
1692 2256 1719 2282 in
1735 2256 1793 2282 ullo

156 2304 213 2332 alio
231 2303 325 2331 codice
344 2304 489 2337 reperitur.
503 2302 630 2330 Coutinet
646 2302 717 2328 enim
744 2303 869 2330 bomilias
893 2300 1070 2334 Theophanis
1086 2300 1258 2335 septuaginta
1275 2302 1337 2327 octo
1354 2304 1382 2327 et
1406 2300 1488 2327 habet
1508 2300 1710 2334 duodetriginta
1728 2307 1793 2333 quae

157 2356 245 2384 neque
257 2348 283 2374 in
297 2347 388 2375 Scorsi
404 2346 533 2379 editione,
550 2352 639 2380 neque
663 2345 734 2371 inter
751 2345 811 2374 illas
828 2349 976 2373 occurrunt
991 2351 1058 2379 quas
1074 2343 1127 2370 Leo
1150 2343 1265 2370 Allatius
1281 2343 1307 2370 in
1323 2343 1443 2370 Diatribe
1456 2343 1488 2370 de
1511 2342 1635 2378 Georgiis
1660 2347 1792 2377 tanquam

157 2393 275 2420 ineditas
290 2391 384 2419 refert.
400 2390 571 2425 Quapropter
587 2389 682 2416 lriarte
698 2389 724 2416 in
740 2389 799 2416 Cat.
817 2389 896 2417 codd.
911 2389 960 2416 Gr.
978 2388 1091 2421 Matrit.,
1110 2395 1137 2423 p.
1155 2387 1250 2420 55-70,
1267 2387 1378 2422 copiose
1395 2395 1447 2414 non
1466 2387 1554 2414 minus
1572 2394 1653 2421 quam
1671 2387 1795 2420 diligen—

158 2443 199 2464 ter
212 2436 360 2469 recensuit,
375 2440 403 2462 et
417 2442 449 2462 ex
465 2435 527 2462 cod.
540 2441 589 2461 suo
605 2433 775 2469 singularum
794 2434 981 2468 homiliarum,
996 2440 1113 2468 quarum
1129 2439 1237 2466 quoque
1250 2432 1318 2458 ordo
1331 2429 1420 2458 differt
1430 2432 1463 2458 ab
1477 2431 1568 2462 editis,
1583 2430 1793 2465 inscriptiones,

156 2482 191 2508 iis
204 2489 273 2516 quas
288 2480 403 2508 Scorsus
419 2479 513 2512 edidit,
531 2478 672 2506 uberiores
696 2478 854 2513 plerumque
867 2486 898 2505 ac
915 2478 1106 2512 locupletiores
1122 2475 1247 2507 reddidit,
1267 2475 1414 2509 variasque
1436 2474 1626 2502 memorabiles
1645 2474 1710 2501 hinc
1725 2475 1793 2501 inde

156 2525 277 2561 aspersit
292 2524 558 2555 animadversiones,
575 2523 601 2549 in
615 2522 714 2557 quibus
727 2523 808 2549 etiam
825 2523 919 2550 Scorsi
934 2522 1018 2550 editio
1035 2521 1115 2548 modo
1129 2520 1379 2553 explicatur-atque
1390 2519 1560 2550 emendatur,
1578 2518 1657 2546 modo
1677 2519 1794 2552 supple—

157 2573 211 2596 tur.
223 2567 331 2596 Titulus
347 2572 436 2595 aulem
455 2572 512 2594 est:
534 2566 650 2601 Πόνημα
665 2566 819 2600 Φιλαγάθου
830 2566 877 2593 τοῦ
894 2576 897 2590 ι

1066 2572 1129 2599 opus
1149 2563 1308 2598 Philagathi
1322 2563 1480 2598 philosophi,
1503 2570 1557 2597 quo
1573 2562 1682 2590 nomine
1698 2562 1794 2589 Theo-

191 2667 225 2702 (ε)
245 2666 307 2694 Sive
321 2666 403 2702 p.735
419 2673 479 2701 sqq.
501 2665 547 2694 ed.
562 2665 662 2702 Kellar.
681 2665 718 2693 De
735 2665 794 2702 cod.
809 2664 880 2702 Caes.
895 2664 945 2692 102
1002 2664 1062 2702 1671,
1083 2672 1132 2702 nec
1150 2663 1356 2702 Theophanem,
1381 2669 1430 2702 nec
1451 2660 1616 2702 Gregorium,
1629 2659 1795 2702 ﬂlln'Sllmril,

157 2694 228 2730 η.“2’.
245 2702 291 2729 ubi
305 2694 330 2728 v'.
347 2694 448 2728 Kollar:
461 2694 520 2728 hol.
536 2709 562 2735 p.
580 2701 610 2728 41
629 2708 721 2734 seqq.,
741 2700 867 2727 Lambec.
882 2705 942 2733 post
995 2701 1041 2735 sed
1056 2694 1113 2726 solo
1126 2694 1453 2735 cognominejKapatteigc
1466 2694 1714 2735 sive_l_‘:iggdus._l)e
1728 2695 1795 2735 civil:

156 2724 237 2771 qna—rh
1274 2724 1487 2771 (_K‘.attib.IIY,-p,
1501 2724 1616 2771 ηιλξὶιι
1633 2729 1728 2771 primis
1738 2728 1799 2769 228

156 2764 183 2799 et
195 2771 362 2807 singularum
377 2771 567 2807 inscriptiones
583 2771 711 2807 initiaque
723 2771 865 2807 indicarat,
881 2764 940 2807 moi
995 2769 1132 2807 (Lambec.
1149 2764 1184 2801 V;
1199 2777 1259 2804 pag.
1277 2764 1332 2797 M7
1347 2768 1447 2802 seqq_),
1461 2764 1542 2801 supra
1554 2764 1613 2799 'jam
1628 2764 1705 2799 plura
1719 2765 1798 2792 scri-

157 2812 203 2834 net
219 2803 361 2841 docetque,
378 2803 514 2833 auctorem
531 2805 636 2832 illarum
647 2805 672 2841 in
691 2805 751 2831 cod.
769 2804 869 2841 Ctesar.
886 2803 939 2841 224
994 2803 1045 2839 psi.
1065 2804 1150 2832 HAﬂL.

156 2843 246 2872 vocari
262 2839 416 2872 Grcam-ium
431 2841 548 2869 Certum:
569 2841 594 2867 in
611 2839 671 2868 cod.
688 2843 778 2868 autem
795 2840 854 2870 lll.
875 2839 938 2868 olim
