1874 3055
104 127 134 160 ‘21
693 130 882 162 RECENSIO
901 130 982 160 COD.
1005 130 1159 166 MATRIT.
1702 129 1736 160 22

107 186 236 218 phanem,
255 184 319 211 dttnt
334 185 422 212 vitam
442 185 616 213 monasticam
632 192 735 221 ageret,
749 195 827 214 nsutn
843 186 940 219 fuisse,
959 193 991 213 ex
1006 185 1207 220 subscriptione
1232 185 1350 213 homilire
1370 185 1476 214 inedita:
1493 186 1526 213 77
1551 186 1671 221 subjecta
1698 188 1735 222 (p.

107 229 151 258 (33.
167 236 194 254 n.
210 228 277 262 201)
296 230 376 256 docet
393 229 499 257 lriarte.
517 229 562 257 Illa
583 230 653 257 enim
671 230 781 257 homilia
798 231 847 257 inst

999 239 1005 258 :
1031 230 1184 264 Φιλαγάοου
1209 229 1320 265 πόνημα
1342 230 1390 257 τοῦ
1411 231 1573 264 φιλοσόφου,
1595 236 1622 259 et
1638 232 1665 258 in
1684 231 1736 258 line

107 272 222 305 legitur:
245 271 277 299 '0
288 273 444 307 Φιλάγειθος
457 274 568 309 εὐτελὴς
584 274 750 309 μονότροπος
764 274 802 306 ὡς
814 275 846 300 ἀν

996 282 1029 300 τα
1051 273 1128 299 λαλεῖ
1142 273 1190 300 καὶ
1208 273 1321 308 γράφει.
1338 273 1446 302 Avulsis
1466 279 1556 301 autem
1575 275 1735 308 quibusdam

109 315 190 346 loliis,
210 320 276 343 tota;
291 316 423 344 deﬁciunt
436 318 552 345 humilia:
568 325 626 350 sex,
644 325 712 352 quas
728 319 879 345 secundum
903 318 1019 346 indicem
1035 318 1175 352 praeﬁxum
1191 317 1320 351 consequi
1336 318 1488 353 oportebat.
1506 325 1567 352 quae
1581 325 1645 345 vero
1659 318 1738 345 edita:

109 365 182 387 sunt.
201 360 258 388 Sed
275 361 358 388 nimis
375 362 530 388 aberrarem
548 369 562 388 a
579 366 652 390 recta
665 363 719 396 via,
735 362 757 389 si
772 363 863 389 omnia
878 370 939 397 qua:
954 362 988 389 ab
1001 361 1101 389 lriarto
1115 362 1245 389 adnotata
1262 366 1289 389 et
1303 367 1456 389 memoratu
1472 362 1553 396 digna
1567 361 1737 393 viderentur,

107 411 299 438 excerperem.
315 405 404 433 Pauca
419 411 509 433 tamen
527 407 615 433 adhuc
627 406 757 433 adnotare
770 407 856 441 juvat.
874 406 939 442 Pag.
957 406 993 434 65
1008 415 1049 441 sq.
1077 407 1215 434 recensuit
1238 407 1299 434 cod.
1327 406 1560 438 Escorialensem;
1583 413 1610 439 p.
1627 405 1661 432 67
1675 405 1740 433 sub-

109 447 173 476 ircit
189 448 371 482 Theophanis
388 450 559 477 homiliarum
576 449 742 485 catalogum,
758 458 808 484 per
823 451 963 486 alphabeti
980 451 1102 478 ordinem
1119 450 1267 486 digestum,
1285 450 1386 484 ubique
1400 450 1491 477 addita
1507 455 1571 477 nota
1590 454 1642 484 qua
1658 450 1740 476 deno-

109 495 181 517 tatur
193 499 257 526 qua:
272 492 382 520 homilia
396 493 439 520 vel
455 494 480 521 in
500 494 591 521 Scorsi
606 494 735 526 editione,
753 494 795 521 vel
809 495 837 521 in
852 495 932 522 codd.
949 494 1103 522 Matritensi
1125 498 1206 529 atque
1220 494 1405 522 Escurialensi
1420 498 1521 527 exstat,
1538 494 1580 520 vel
1592 494 1626 520 ab
1640 493 1739 519 Allatiu

108 534 165 560 τίκτε
181 540 236 562 est.
252 535 346 571 Culpat
371 538 453 565 etiam
476 547 537 574 pag.
552 538 586 566 69
605 538 760 566 Fabricium
778 546 900 566 nostrum
917 544 946 567 et
960 538 1148 570 Montfaucon,
1173 538 1218 573 qui
1252 538 1279 565 in
1295 537 1389 565 Diario
1415 537 1510 564 Italico
1536 537 1588 564 duo
1615 537 1738 570 ejusdem

109 577 291 612 Theophanis
308 581 481 608 homiliarum
503 590 569 610 mss.
587 583 667 609 codd.
685 581 807 617 Neapoli,
822 582 935 610 totidem
953 583 1075 611 Venetiis
1088 590 1103 609 a
1118 590 1148 610 se
1164 582 1302 615 inspectos
1317 581 1465 613 enarravit,
1482 581 1554 615 quod
1581 579 1741 614 plerumque

108 622 281 657 singularum
296 625 399 657 titulos,
417 628 514 653 nedum
532 627 618 661 prima
635 627 716 654 verba
734 627 893 654 describere
909 627 1088 662 neglexerint.
1108 627 1143 653 At
1162 626 1303 653 brevitatis
1318 625 1408 652 studio
1422 625 1440 652 ii
1463 625 1489 652 id
1503 623 1602 652 fecisse
1617 622 1740 656 adeoque

107 667 264 694 excusandi
278 675 339 695 esse
356 669 492 698 videntur.
506 669 558 697 Per
572 671 642 698 hanc
655 672 829 699 occasionem
844 671 964 705 adjicere
986 671 1066 698 liceat
1089 670 1155 698 mihi
1170 669 1303 704 epistolae,
1328 670 1354 696 in
1376 676 1430 704 qua
1444 668 1588 696 Villoison.
1602 666 1738 701 quondam

107 710 198 742 plura,
214 718 278 745 quae
293 712 327 739 ad
346 712 525 741 litteraturam
539 714 661 742 Graecam
681 716 828 750 pertinent,
846 722 895 750 pro
910 723 954 746 ea,
970 722 1022 749 qua
1038 715 1142 747 ﬂoruit,
1156 715 1286 749 singulari
1304 714 1475 741 humanitate
1488 720 1542 740 non
1554 711 1646 738 minus
1658 717 1739 745 quant

109 753 176 780 mira
190 756 350 783 eruditione
366 756 572 792 litterarumque
587 759 675 792 copia.
692 766 736 785 me
750 759 838 786 amice
860 760 962 790 docuit,
977 760 1150 794 particulam,
1166 760 1193 786 lu
1209 767 1261 795 qua
1277 767 1308 787 ea
1323 766 1383 793 quae
1400 759 1426 786 in
1444 757 1657 787 lntroductione,
1673 760 1740 784 etc..

108 796 138 828 ll,
155 804 232 831 part.
250 807 272 831 I,
288 807 315 834 p.
329 800 382 827 450
397 809 438 835 sq.
454 802 626 836 scripseram,
651 803 684 829 ita
700 804 776 830 docte
793 804 900 838 supplet
915 805 1111 838 eutemlatqtte:
1132 814 1141 830 ι
1164 805 1238 832 Vons
1253 805 1375 838 pourriel
1392 804 1496 837 ajouter
1512 810 1543 830 ce
1559 807 1671 836 passage
1687 800 1740 826 iui-

105 846 227 876 portant.
246 843 280 870 de
305 844 328 871 la
350 844 456 872 Lettera
472 846 580 873 interno
604 847 629 872 α’
644 847 717 880 pregi
741 847 804 874 dell‘
819 856 845 874 at

1000 849 1025 874 di
1040 847 1194 881 Taormina,
1211 848 1305 875 scritto
1318 849 1353 874 ad
1369 856 1404 874 un
1416 855 1465 874 tuo
1480 846 1565 873 amico
1580 844 1625 871 κιαι
1639 844 1689 878 sig.
1708 843 1740 869 ι).

108 883 222 919 Iguazio
239 886 373 921 Cartrlla,
389 887 564 919 Taorminese.
582 898 642 925 pag.
662 890 723 922 155,
738 895 805 918 tom.
824 891 883 924 XV,
898 893 946 920 des
963 892 1088 926 Opuscolt'
1104 893 1132 920 di
1146 893 1237 920 autori
1251 892 1385 924 Siciliani.
1412 892 1437 918 in
1454 891 1588 922 Palermo,
1615 888 1696 919 1771,
1714 887 1742 914 1.

107 929 207 963 Iguace
222 930 345 959 Cartella
362 940 378 967 y
393 933 467 966 parle
480 934 528 961 des
548 934 649 968 prélats
663 935 697 962 de
712 935 888 969 Tauromeni,
907 937 952 971 qui
975 943 1024 965 out
1037 945 1069 965 eu
1087 937 1110 965 le
1127 938 1190 965 titre
1207 937 1415 972 d'archevéquc,
1438 940 1466 963 et
1480 938 1558 962 entre
1580 938 1682 964 autres,
1696 932 1743 958 des

106 972 176 1000 deus
201 973 368 1006 Cerameus,
385 975 514 1010 Grégoire
542 982 569 1004 et
591 977 764 1012 Theophane,
793 978 859 1006 dont
880 987 949 1008 nons
971 989 1065 1013 avons,
1089 981 1173 1015 dit-il,
1197 981 1235 1009 les
1256 981 1378 1009 celebres
1403 979 1545 1011 homélies,
1563 976 1683 1013 publiées
1709 983 1743 1002 en

106 1024 171 1051 grec
193 1023 221 1045 et
245 1027 280 1046 en
302 1019 368 1046 latin
392 1027 441 1055 par
459 1020 561 1055 Scorsi,
578 1022 623 1057 qui
638 1022 675 1049 les
688 1023 807 1050 attribue
828 1026 917 1051 toutes
931 1024 946 1051 lt
961 1024 1135 1060 Theophane,
1162 1025 1252 1052 tandis
1276 1025 1358 1058 qu‘on
1374 1023 1432 1052 voit
1452 1023 1634 1051 evidemment
1653 1027 1686 1047 en
1703 1020 1743 1046 les

107 1060 203 1094 lisant,
223 1070 276 1097 que
294 1064 427 1099 quelques
442 1073 509 1093 unes
524 1066 629 1094 d'entre
641 1067 708 1094 elles
724 1071 786 1095 sont
799 1067 832 1095 de
848 1068 991 1102 Grégoire,
1006 1073 1032 1096 et
1047 1069 1167 1097 d'autres
1180 1069 1214 1097 de
1225 1068 1402 1103 Theophane.
1417 1075 1522 1096 contme
1536 1067 1563 1094 le
1580 1064 1702 1094 soutient
1717 1062 1743 1090 le

106 1105 219 1132 ctﬂébre
235 1106 267 1134 P.
287 1107 419 1136 Francois
434 1108 582 1142 Combelis,
607 1109 779 1138 Bibliotheca:
793 1112 1001 1139 concionatoriw
1017 1112 1128 1139 Patrum
1142 1117 1207 1140 tom.
1227 1112 1248 1145 l,
1262 1120 1309 1140 sur
1322 1112 1348 1140 le
1362 1117 1417 1139 mot
1440 1111 1473 1138 de
1487 1110 1644 1144 T/téophane
1658 1107 1743 1136 Cert-

108 1157 194 1181 metu,
213 1158 278 1185 pag.
295 1152 340 1186 46,
365 1156 392 1180 et
416 1161 463 1181 sur
477 1153 545 1182 celui
561 1155 594 1182 de
623 1155 746 1189 Grégoire
765 1155 916 1183 Cerameus.
933 1165 941 1181 I
955 1156 986 1183 P.
1005 1156 1049 1183 14.
1070 1156 1143 1184 Vons
1160 1156 1286 1192 iudiqucz
1306 1157 1333 1184 Ie
1351 1155 1496 1188 Catalogue
1513 1154 1562 1181 des
1584 1159 1650 1180 mss.
1667 1158 1744 1186 grecs

109 1193 140 1219 de
157 1193 279 1227 Madrid,
297 1197 330 1223 de
342 1196 411 1224 Jean
426 1197 531 1233 Iriarte,
546 1199 591 1234 qui
606 1206 632 1233 ῃ.
651 1199 703 1231 81,’
716 1199 767 1226 col.
783 1200 810 1232 2,
828 1207 858 1228 se
881 1200 986 1234 glorilla
1002 1208 1035 1228 en
1051 1208 1097 1228 ces
1111 1205 1212 1228 termes
1229 1198 1262 1228 de
1276 1201 1301 1227 la
1319 1200 1480 1228 découverte
1494 1198 1559 1233 qu‘il
1575 1197 1646 1225 croit
1666 1196 1744 1223 avoir

109 1235 175 1263 Iaite
192 1238 228 1264 du
245 1239 305 1265 vrai
322 1248 385 1267 nom
402 1241 435 1268 de
449 1241 565 1270 l‘auteur
587 1243 620 1270 de
644 1251 689 1271 ces
705 1243 848 1275 ltoutélies.
873 1244 960 1270 Meum
983 1245 1088 1280 quidem
1115 1245 1260 1277 inventum,
1277 1249 1304 1271 ut
1320 1245 1431 1278 ingenue
1447 1243 1545 1278 fatear,
1561 1241 1673 1274 mirifice
1686 1247 1744 1266 sum

108 1280 277 1314 gratulatus.
293 1282 439 1317 Scripton's
455 1285 571 1314 invenire
585 1295 689 1319 nomen,
705 1287 763 1322 plus
776 1288 858 1314 visum
871 1291 920 1320 est,
936 1297 1015 1323 quam
1031 1289 1138 1322 scripta.
1158 1287 1314 1323 Pltt'lagatltt'
1328 1295 1409 1322 porro
1425 1286 1529 1313 nomine
1546 1284 1743 1319 Theophanem,

107 1323 171 1372 dum
188 1327 272 1353 vitam
284 1329 459 1356 monasticam
472 1337 570 1366 ageret,
583 1340 658 1359 usum
669 1331 752 1366 fuisse
767 1332 843 1367 plane
856 1336 970 1359 cattslat.
983 1332 1002 1359 II
1019 1340 1047 1360 se
1066 1337 1182 1366 trompe.
1204 1331 1260 1360 Les
1283 1331 1402 1366 évéques
1425 1337 1515 1365 grecs.
1536 1329 1582 1364 qui
1607 1332 1669 1356 sont
1685 1331 1747 1354 tou-

109 1371 190 1401 jours
207 1371 275 1398 tirés
290 1372 324 1399 du
338 1373 398 1400 sein
417 1374 464 1401 des
479 1380 620 1409 couvents,
636 1376 668 1404 de
684 1376 771 1404 méme
786 1383 838 1410 que
861 1376 901 1404 les
918 1376 1024 1411 laiques
1040 1376 1087 1411 qui
1106 1376 1280 1404 embrassent
1303 1375 1330 1403 la
1344 1376 1387 1402 vie
1410 1374 1594 1409 monastique,
1609 1373 1747 1407 changent

109 1412 184 1440 alar:
200 1414 235 1442 de
250 1423 334 1449 nom;
351 1418 419 1445 mais
436 1418 469 1446 ils
483 1424 531 1446 ont
546 1420 668 1453 toujours
691 1420 751 1448 soin
773 1421 832 1448 d‘en
849 1421 966 1456 prendre
989 1429 1024 1448 un
1042 1421 1109 1448 dont
1131 1420 1156 1447 la
1172 1419 1306 1455 pretniére
1330 1419 1410 1447 lettrc
1428 1418 1532 1446 initiale
1546 1422 1589 1446 est
1605 1417 1630 1444 la
1648 1416 1745 1444 meme.

109 1456 185 1485 C‘est
206 1468 260 1486 une
278 1461 352 1496 régle
367 1470 430 1490 sans
445 1465 597 1499 exception.
613 1465 701 1492 Μειπεί
713 1466 785 1493 avait
797 1466 845 1493 fait
860 1470 932 1494 cette
944 1465 1120 1494 observation
1132 1464 1286 1499 judicieuse
1302 1463 1369 1491 dans
1384 1463 1408 1490 la
1424 1467 1537 1490 savante
1549 1461 1656 1488 Lettera
1669 1460 1696 1487 at
1715 1459 1746 1487 Ρ.

112 1503 199 1530 Abate
213 1504 349 1534 Buta/tiae
363 1516 443 1540 supra
457 1509 466 1535 i
481 1509 632 1542 frammenti
645 1509 722 1538 Grati
733 1510 788 1538 dati
801 1511 829 1538 in
844 1511 901 1538 luce
916 1510 958 1537 uel
980 1514 1054 1536 Iomo
1069 1507 1127 1536 XVI
1141 1508 1183 1536 del
1197 1508 1326 1536 Giornale
1347 1509 1379 1534 de
1400 1506 1528 1534 Letterati
1543 1505 1666 1538 d‘ltalia,
1680 1512 1693 1531 ι
1706 1511 1748 1530 τε-

109 1549 243 1583 ιιίιηψοιὶ
260 1551 285 1576 in
302 1550 408 1578 Olamla
424 1552 466 1579 cal
480 1561 554 1580 name
567 1554 594 1580 di
609 1553 638 1581 S.
657 1554 761 1586 Ireneo.
775 1562 801 1589 p.
817 1555 867 1582 301
885 1555 918 1582 de
933 1561 977 1583 ses
991 1553 1065 1580 Rime
1077 1561 1091 1580 e
1104 1561 1190 1588 prose,
1205 1557 1281 1587 parte
1296 1551 1409 1579 raccolte
1428 1551 1463 1578 da
1476 1551 1533 1578 vari
1553 1550 1625 1580 libri,
1647 1557 1661 1576 e
1673 1553 1749 1583 parte

109 1599 161 1618 non
184 1593 235 1626 pii
248 1599 389 1629 stampate,
413 1596 439 1623 in
459 1596 587 1630 Veni-aia,
605 1598 685 1630 1719,
709 1599 735 1626 in
765 1599 793 1626 «1.
821 1598 1004 1627 J‘observerai
1031 1602 1112 1631 done,
1127 1598 1229 1633 malgré
1244 1597 1386 1625 l’autorité
1407 1594 1542 1627 d‘lriarte,
1559 1601 1623 1630 que,
1640 1592 1749 1628 d'aprcs

107 1641 148 1662 cet
167 1644 257 1672 usage
272 1644 410 1672 constant,
427 1641 449 1668 si
466 1640 632 1676 ThéOphane
649 1643 797 1670 Ceratneus
817 1643 909 1670 s‘était
924 1642 1029 1678 appellé
1043 1642 1202 1677 Philagatlte
1216 1641 1283 1669 dans
1299 1648 1348 1669 son
1373 1644 1500 1672 convent,
1527 1639 1544 1666 il
1562 1638 1680 1666 n‘aurait
1693 1644 1750 1672 .pas

109 1687 143 1713 nu
159 1680 347 1716 s’empécher,
363 1691 396 1710 en
415 1688 536 1712 montant
550 1693 597 1713 sur
611 1686 635 1712 le
649 1686 722 1720 siége
738 1687 770 1714 de
780 1687 956 1720 Tauromeni,
968 1688 1001 1714 de
1016 1687 1135 1722 prendre
1147 1694 1183 1713 un
1198 1694 1261 1713 nom
1277 1687 1342 1713 dont
1361 1685 1385 1712 la
1404 1683 1538 1720 premiére
1549 1683 1630 1712 lettre
1646 1681 1749 1709 initialo

109 1725 155 1751 cut
172 1726 349 1759 commence,
363 1727 398 1755 de
410 1728 498 1756 meme
514 1737 566 1764 que
580 1730 605 1757 le
618 1731 688 1761 sicn.
704 1738 754 1765 par
768 1740 802 1758 un
825 1730 856 1762 Ι),
877 1732 911 1758 tel
928 1738 981 1766 que
998 1730 1104 1762 Pierre,
1119 1729 1254 1764 Philippe,
1276 1729 1405 1761 Pacome,
1427 1733 1481 1756 etc.
1505 1727 1582 1754 C'est
1605 1725 1674 1753 ainsi
1698 1733 1750 1760 que

110 1767 223 1796 llmuel
240 1769 382 1805 Margunio
399 1772 453 1805 prit
466 1771 490 1799 le
507 1780 570 1800 notn
585 1773 618 1801 de
636 1773 754 1807 Maxime
770 1782 837 1802 avec
851 1775 972 1803 l‘évéehé
988 1775 1020 1802 de
1038 1774 1148 1808 Cérigo.
1169 1783 1178 1800 ι
1200 1773 1339 1801 Hactenus
1354 1772 1494 1800 Villoison.
1518 1771 1585 1804 Quis
1600 1770 1684 1804 igitur
1700 1768 1751 1795 fuit

112 1813 156 1839 ille
172 1812 355 1849 Philagatltus
365 1816 378 1842 ?
393 1817 530 1844 Auctorne
545 1817 653 1852 ignotus
667 1819 846 1852 quarumdam
865 1819 1050 1852 homiliarum,
1065 1827 1080 1846 a
1097 1819 1265 1854 Theophane
1280 1818 1414 1849 diversus.
1432 1816 1510 1852 cujus
1523 1823 1621 1843 nomen
1638 1822 1651 1841 a
1666 1813 1750 1841 libra—

118 1857 157 1883 rio
175 1858 283 1885 codicis
302 1858 361 1893 ipso
387 1867 528 1893 perperam
544 1861 626 1888 fuerit
641 1859 806 1896 prmlixum?‘
822 1870 855 1889 an
881 1862 1060 1896 Theophanes
1082 1862 1119 1889 ita
1136 1869 1247 1896 quoque
1264 1866 1376 1896 propter
1400 1861 1513 1888 virtutes
1538 1858 1676 1887 interdum
1699 1857 1751 1884 fuit

115 1902 347 1936 cognominatus?
365 1903 424 1930 Cur
438 1911 502 1931 vero
517 1906 675 1932 nominatur
688 1906 878 1941 philosophus?
890 1905 946 1934 Nisi
961 1907 986 1933 in
1004 1907 1056 1934 line
1070 1906 1188 1933 homiliae
1200 1906 1233 1931 77
1251 1906 1404 1941 appositum
1417 1905 1532 1932 luisset:
1551 1903 1581 1931 '0
1596 1901 1751 1936 Φιλάγοιθος

113 1958 147 1963 -—
163 1944 257 1971 ταῦτα.
272 1945 351 1972 λαλεῖ
364 1947 413 1974 καὶ
427 1948 538 1982 γράφει,
553 1947 632 1976 facile
645 1954 753 1984 poterat
770 1950 853 1984 aliqui

1010 1951 1113 1977 nionem
1130 1949 1263 1981 incidere,
1287 1949 1313 1976 id
1340 1948 1426 1976 fuisse
1442 1948 1539 1976 scriba:
1565 1954 1673 1974 nomen.
1697 1944 1750 1972 Sed

115 1990 259 2017 mittamus
276 1991 488 2019 hariolationes.
507 1992 535 2019 In
553 1993 616 2020 cod.
630 1993 780 2022 Matritensi
794 1995 829 2021 '55
845 1999 908 2021 sunt
927 1993 1058 2021 tredecim
1078 1992 1195 2020 homilia‘.
1217 1990 1393 2026 Theophanis
1407 1991 1544 2024 Ceramei,
1561 1996 1678 2025 quarum
1702 1995 1749 2016 or-

114 2033 207 2060 dinem
225 2038 253 2061 et
269 2034 466 2070 inscriptiones
481 2035 581 2063 indicat
598 2044 631 2064 ac
647 2041 751 2071 partem
765 2045 825 2065 esse
841 2037 945 2066 codicis
966 2036 997 2064 16
1020 2041 1114 2064 censet
1130 2035 1237 2067 lriarte,
1255 2034 1272 2062 l.
1291 2043 1317 2063 c.
1336 2043 1361 2069 p.
1378 2035 1429 2063 I33
1444 2043 1487 2070 sq.
1503 2034 1589 2062 “ARL.

420 2238 714 2284 RECENSIO
769 2236 1006 2283 CODICIS
1050 2239 1455 2285 MATBITENSIS

541 2345 622 2375 CUM
645 2345 763 2376 NO'I‘IS
786 2344 955 2376 CRITICIS
971 2345 1140 2375 JOANNIS
1165 2345 1342 2377 IRIAIITE.

744 2426 814 2458 (Cod.
832 2427 909 2453 Graec.
929 2427 1031 2457 Matril.,
1045 2434 1069 2458 p.
1083 2428 1135 2458 55.)

154 2577 243 2605 Codex
274 2586 302 2603 ιι.
326 2576 389 2603 XVI
415 2581 533 2608 uolatus,
560 2576 762 2610 membraneus,
789 2575 912 2607 iit-folio,
969 2581 1098 2610 prmterea
1110 2576 1210 2603 extima
1227 2576 1296 2603 facie
1310 2580 1337 2603 et
1353 2576 1426 2602 Iunio
1437 2580 1465 2603 et
1478 2583 1535 2603 arvo
1551 2575 1663 2602 multum
1677 2576 1754 2603 deni-

121 2624 223 2651 habchs
241 2623 305 2650 {ulla
319 2623 385 2654 2-20,
405 2622 532 2656 bipartito
548 2628 671 2656 exarata,
689 2623 837 2657 titulosqne
851 2631 913 2650 om-
968 2626 1055 2655 grata,
1067 2620 1234 2648 fntnosarum
1251 2622 1398 2656 imaginum
1415 2621 1468 2648 ritu
1491 2629 1614 2656 magnam
1631 2621 1755 2656 injicicns

122 2678 181 2701 nes,
199 2669 312 2704 perinde
328 2676 361 2696 ac
386 2669 503 2696 initi-ales
525 2669 631 2697 litteras
647 2670 730 2697 minio
752 2670 913 2702 distinctas;
968 2669 1171 2695 venerationem
1190 2667 1250 2701 sui;
1267 2675 1317 2695 nec
1339 2667 1406 2695 lucis
1428 2668 1517 2695 minus
1540 2669 1574 2694 ab
1598 2667 1755 2702 splendidis-

122 2725 203 2743 ntann
213 2717 324 2750 quidem
338 2720 456 2746 vctuSIa,
472 2715 570 2750 quippe
584 2715 675 2743 smculi
690 2723 751 2748 XIII,
767 2716 814 2752 sed
828 2723 913 2743 mem-
968 2714 1048 2745 sima,
1073 2713 1148 2748 cujus
1177 2713 1240 2740 olim
1264 2713 1324 2746 fuit,
1341 2713 1487 2742 Velascana
1515 2704 1679 2741 bibliotheca
1696 2722 1756 2740 mu-

122 2763 207 2788 hrana
225 2762 388 2792 vetnsliori,
415 2761 502 2788 erasis
528 2761 630 2788 scilicet
657 2762 820 2795 antiquioris
844 2761 913 2788 scri-
969 2764 1068 2786 tuatus.

123 2811 210 2837 plura:
234 2807 352 2839 litteris,
371 2814 488 2841 quarmn
513 2811 620 2834 exstant
643 2806 786 2834 manifesta
815 2806 915 2840 ubique
1004 2805 1184 2833 Contiucnlur
1213 2813 1245 2833 eo
1276 2805 1429 2840 I’liilngutlti
1458 2805 1607 2839 philosophi
1634 2803 1756 2831 Iluntilia:

123 2851 247 2887 vestigia,
261 2853 340 2881 novis
358 2852 558 2885 superiuductis
579 2853 747 2882 conscriptus
763 2861 769 2879 :
787 2851 912 2880 foliorum
968 2851 1110 2880 LXXVIII.
1129 2852 1226 2882 quibus
1249 2852 1380 2880 accedunt
1402 2851 1459 2879 aliae
1476 2852 1544 2880 dum.
1561 2850 1688 2878 nimirum
1703 2857 1755 2876 una
