1874 3055
121 98 156 129 23
319 98 330 106 λ
708 91 897 124 RECENSIO
916 91 998 122 COD.
1019 81 1187 123 MATRle
1710 93 1745 124 2t

119 157 206 184 sancti
216 156 286 184 Saba
301 155 446 188 Mesimeri,
459 153 517 189 eius
528 154 720 189 discipuli,Elc
731 154 780 190 τὴν
794 152 905 189 βαῖοφό-

122 211 185 236 ρον;
205 202 289 228 altera
305 201 334 228 S.
351 200 463 228 Joannis
474 200 659 236 Chrysostomi
677 199 785 226 nomine
798 203 904 231 ornata,

121 249 190 283 Περὶ
198 248 251 273 τῶν
265 247 334 280 μετὰ
349 247 571 282 παρατηρήσεως
581 245 748 281 προσιόντων
756 246 811 277 τοῖς
823 244 908 275 θείοις

121 293 294 328 μυστηρίοις,
311 292 351 323 εἰς
364 292 427 323 τοὺς
442 291 651 326 ἀποληφθέντας
668 291 709 322 εἰς
723 290 758 317 τὰ
769 290 905 324 ὲγκαίνια.

156 337 211 364 llas
225 343 316 364 autem
336 336 492 371 Philagatlii
505 336 633 364 llomilias
647 335 808 364 Franciscus
823 335 906 363 Scor-

119 393 177 417 sus,
189 384 409 414 Pnnormilanns,
422 383 450 410 S.
463 382 502 415 1.,
512 382 676 416 Theophanis
687 381 806 419 Ceramei
819 382 908 409 ανεΛὶ-

119 429 234 463 episcopi
254 427 472 454 Tauromeuitaui
495 428 604 455 nomine
627 427 770 462 inscriptas
794 427 907 454 Lutetiae

119 474 286 501 Parisiorum
309 481 379 500 anno
395 473 465 501 16M
483 473 575 501 Graece
593 478 620 501 et
641 473 736 501 Latine
752 481 813 501 eum
835 473 908 501 notis

119 521 223 554 primus
244 519 396 553 evulgavit;
414 524 441 546 at
463 527 517 546 non
541 527 645 551 omnes,
674 520 807 553 siquidem
835 519 906 546 LXll

119 571 222 592 tantum
235 566 329 592 edidit.
340 565 439 592 Noster
453 572 518 592 vero
532 566 616 593 codex
630 565 656 592 in
673 566 730 593 suis
745 565 827 593 habet
836 566 907 592 duo-

117 611 272 646 detriginta,
296 619 355 646 quae
377 618 464 645 neque
486 611 513 638 in
538 611 648 638 laudata
671 611 801 643 editione,
819 618 908 646 neque

119 657 190 683 inter
209 656 268 684 illas
287 660 435 684 occurrunt
449 663 517 690 quas
535 654 591 683 Leo
610 655 727 683 Allatius
740 656 768 683 in
785 656 907 682 Diatriba

118 701 151 727 de
176 700 294 735 Georgii;
313 706 439 736 tanquam
468 701 584 729 ineditas
611 701 706 729 refert.
733 701 800 734 Quae
825 709 907 736 porro

120 745 274 780 liujusmodi
293 751 367 778 sunt,
385 753 432 774 eas
446 747 564 780 _omnino
582 747 609 774 in
633 747 799 775 recensionis
825 754 905 775 cursu

118 792 260 824 asterisco,
273 792 399 819 brevitati
414 792 596 827 consulentes,
613 793 833 827 praenotavimus.

154 837 207 864 Sed
227 836 282 871 jam
299 837 333 864 ad
357 837 609 871 praestantissimum
627 837 748 865 codicem
763 842 905 866 recensen-

117 883 181 910 dum
193 884 364 910 accedamus.

153 927 212 955 Fol.
226 928 251 954 l.
266 928 293 954 In
307 928 385 962 hujus
403 928 491 956 fronte
503 929 600 956 litteris
617 937 632 956 a
651 933 750 956 ca'tera
763 929 821 956 libri
838 929 905 956 scri-

117 977 197 1008 ptura
224 974 349 1007 diversis,
375 975 519 1002 maximam
552 979 655 1010 partem
679 975 719 1002 vel
740 975 846 1006 deletis,
864 975 905 1002 vel

117 1022 224 1049 abrasis
240 1021 382 1056 aegerrime
395 1022 493 1056 legitur
509 1022 601 1049 titulus
624 1031 632 1049 :
658 1022 770 1057 Πόνημα
787 1022 904 1056 Φιλοιγά-

119 1065 166 1092 θου
184 1066 231 1093 τοῦ
245 1067 404 1102 φιλοσόφου.
420 1067 449 1095 Id
463 1071 515 1099 est,
532 1066 604 1101 Opus
620 1066 774 1102 Pltilagathi
786 1067 904 1102 philoso-

115 1111 160 1144 phi
183 1119 193 1138 :
218 1112 290 1146 quod
318 1120 416 1140 nomen
446 1113 531 1141 tribus
558 1113 620 1142 aliis
649 1120 807 1148 expressum
838 1114 904 1141 locis

116 1163 250 1184 inventas.
635 1190 639 1193 _

153 1203 250 1230 Statim
285 1204 408 1239 sequitur
435 1206 528 1232 eadem
559 1212 640 1231 manli
669 1209 798 1233 exaratus
823 1205 902 1232 index

115 1249 237 1277 omnium
253 1255 385 1285 quotquot
402 1251 465 1278 olim
487 1251 571 1278 codex
588 1251 631 1278 hic
644 1253 798 1279 continebat
817 1252 904 1279 homi-

115 1294 223 1328 liarum,
239 1303 338 1330 nempe
350 1296 380 1323 91
399 1296 492 1324 titulos
507 1297 701 1332 complectens,
716 1297 904 1332 prtetermissis

118 1344 208 1368 tamen
224 1341 311 1368 tribus
329 1342 448 1369 ltomiliis
466 1342 534 1370 infra
553 1344 747 1376 memorandis,
758 1344 800 1371 cui
813 1343 904 1378 subju-

118 1391 160 1414 cet
175 1387 269 1414 eadem
285 1395 396 1422 prorsus
411 1395 491 1415 manu
515 1389 574 1416 talis
590 1390 752 1425 subscriptio
771 1400 777 1417 :

397 1446 508 1474 ΤΕΛΟΣ
517 1447 621 1483 ἦληφεν

298 1502 726 1521 ...οι-..τα...νου

400 1538 516 1573 ἀδελφοῦ
540 1539 680 1573 ’Δγγέλου.

152 1593 209 1622 Hoc
220 1600 260 1622 est
272 1595 305 1630 (si
319 1596 466 1623 secundum
478 1605 584 1625 versum
597 1606 665 1633 pene
676 1599 849 1626 obliteratam
862 1600 903 1626 his

115 1641 228 1668 vocibus
244 1642 323 1677 Παρὰ
335 1642 381 1669 τοῦ
396 1643 526 1671 ταπεινοῦ
541 1645 679 1680 suppleas)
692 1644 786 1672 Finem
803 1647 903 1680 accepit

116 1687 149 1713 ab
165 1686 260 1714 humili
273 1687 356 1722 fratre
367 1688 478 1724 Angela.

238 1750 264 1777 2.
286 1753 314 1782 ὦ
331 1751 525 1778 ΦΙΛᾹΓΑΘΟΥ
544 1753 692 1780 ΠΟΝΗΜΛ
709 1755 778 1782 ΤΟΥ

405 1798 606 1826 ΦΙΛΟΣΟΦΟΥ.

149 1852 213 1886 Δόγ.
230 1852 266 1880 α’.
285 1852 394 1888 Ὀμιλία
410 1854 525 1889 mea!“
537 1856 578 1887 εἰς
592 1857 642 1891 τὴν
653 1857 741 1892 ἀρχὴν
755 1858 804 1892 τῆς
826 1859 902 1886 Ἰνδί-

114 1906 189 1926 κτου·
210 1900 258 1926 καὶ
273 1899 313 1931 εἰς
325 1900 371 1926 τὸν
385 1900 462 1934 ἅγιον
474 1901 608 1935 Συμεῶνα
620 1903 761 1938 Στυλίτην.
808 1895 813 1907 ⁸

225 1964 435 1993 PlllLAGATHl
455 1966 662 1995 PlllLOSOPlll
682 1968 783 1996 OPUS.

148 2019 238 2048 Sermo
250 2023 273 2048 Ι.
286 2021 403 2050 [Ionii/ia
421 2023 492 2051 dicta
509 2024 536 2051 iu
550 2025 709 2060 principium
726 2025 899 2060 lndictiouit,

115 2073 139 2094 et
161 2069 188 2095 in
206 2074 326 2095 sanctum
348 2068 503 2104 Symeouem
522 2070 655 2105 Stylitent.
674 2072 791 2106 Incipit:
815 2073 899 2099 Εὐλο-

112 2114 194 2148 γητὸς
212 2113 226 2139 ὁ
247 2114 313 2146 Θεὸς
333 2115 347 2140 ὁ
370 2114 541 2147 καταξιώσας
567 2117 642 2151 ἡμᾶς
667 2117 825 2152 διαδραμεῖν
848 2118 899 2153 τὴν

113 2159 246 2195 κυκλικὴν
263 2159 310 2186 τοῦ
328 2160 425 2195 χρόνου
442 2161 582 2196 περίοδον.
603 2162 664 2189 Ha-c
685 2163 710 2189 in
726 2162 898 2197 Theophanis

111 2205 231 2232 editione
254 2213 267 2231 a
294 2204 392 2232 Scorso
408 2206 476 2234 facta
497 2212 657 2234 numeratur
672 2208 779 2234 humilia
799 2209 825 2235 l.

146 2251 173 2277 4.
199 2251 312 2278 Averso.
338 2251 404 2284 Λύγ.
423 2251 455 2286 β’.
485 2252 595 2287 Ὀμιλία
623 2253 663 2284 εἰς
687 2253 732 2279 τὸν
754 2253 897 2290 ὀφειλέτην

110 2296 165 2323 τῶν
181 2297 285 2331 μυρίων
307 2296 455 2324 ταλάντων.
478 2298 590 2333 Ἐλέχθη
605 2300 635 2325 ὲν
655 2299 694 2334 τῷ
715 2299 822 2334 ἄμϐωνι
847 2300 897 2336 τῆς

110 2341 343 2376 ἀρχιεπιτκοπῆς.
363 2341 457 2369 Sermo
470 2342 497 2369 2.
515 2343 633 2370 Homilia
648 2344 675 2371 in
690 2344 833 2372 debitorem
850 2345 896 2373 de-

108 2395 166 2414 cem
180 2387 252 2414 mille
267 2388 438 2415 talentorum.
463 2388 640 2416 Pronuntiata
658 2390 710 2424 fuit
728 2391 755 2417 in
774 2391 894 2423 amboue.

111 2433 167 2459 sive
185 2439 309 2468 suggestu
334 2434 566 2468 arrltiepiscopalis
581 2435 707 2462 ecclesite.
730 2436 824 2471 lncipit
839 2446 847 2464 :
863 2438 895 2464 Οἱ

110 2479 282 2514 παιδοτρίϐαι
303 2479 415 2506 καὶτῶν
432 2480 500 2506 νέων
520 2480 686 2508 διδάσκαλοι.
705 2481 766 2509 [Luc
782 2489 823 2510 est
843 2483 895 2510 ibi-

110 2525 170 2552 dem
188 2524 216 2551 2.

145 2570 171 2596 7.
191 2571 256 2605 Λόγ.
277 2570 302 2606 γ’
326 2572 435 2606 Ὀμιλία
467 2573 582 2609 ρηοεῖσα
607 2575 732 2610 Κυριακῇ
762 2576 815 2611 πρὸ
844 2577 894 2612 τῆς

114 2615 264 2651 ’Υψώσεως
281 2626 287 2632 ·
302 2627 312 2642 ε
325 2619 420 2650 Οὐδεὶς
432 2619 605 2655 ὰναὸέὸηκεν
619 2622 658 2652 εἰς
675 2622 720 2648 τὸν
735 2622 860 2657 οὐρανόν.
882 2632 890 2648 ι

115 2663 229 2698 Ἐλέχθη
245 2663 258 2689 ἐ
272 2663 310 2698 τῷ
329 2665 446 2699 apum“.
465 2665 556 2693 Sermo
571 2667 597 2694 5.
614 2668 733 2694 Humilia
748 2669 818 2695 dicta
841 2669 894 2695 Do-

109 2709 208 2735 minica
236 2713 295 2735 ante
321 2710 415 2743 festum
443 2711 622 2739 EIaltationis
642 2715 753 2748 (sancite
782 2714 892 2748 crucis).

111 2763 120 2777 α
140 2752 238 2780 ΝιιΙΙιιι
259 2755 376 2781 aacomlit
401 2756 426 2781 in
450 2756 553 2782 caelum.
576 2766 584 2782 ι
605 2757 782 2784 Pronuntiata
798 2759 849 2792 fuit
866 2759 892 2786 in

109 2799 228 2827 amboue.
252 2800 348 2836 incipit
369 2810 374 2827 :
391 2801 459 2836 Φέρε
483 2803 622 2837 σήμερον,
640 2800 662 2830 ὦ
685 2803 890 2837 Θεοφιλέστατον

960 151 1110 188 ἄθροισμα,
1134 152 1185 188 τῆς
1201 152 1346 189 ζωηφόρου
1370 152 1488 188 σταυροῦ
1512 152 1692 188 Ἀνυψὼσεως
1713 153 1748 181 τὰ

959 191 1108 233 προεάρτια
1124 198 1313 234 ἐορτάσωμεν.
1332 199 1380 226 Est
1395 198 1494 226 ibidem
1508 198 1536 226 3.

994 241 1021 269 9.
1042 242 1157 270 Averso.
1178 243 1245 277 Λόγ.
1262 243 1294 270 δ’.
1314 242 1424 277 Ὀμιλία
1442 243 1483 275 εις
1499 244 1548 278 τὴν
1563 242 1689 278 Ὗψωσιν
1701 243 1747 270 τοῦ

958 288 1050 323 τιμίου
1079 288 1128 314 καὶ
1156 287 1290 319 ζωοποιοῠ
1317 288 1449 324 σταυροῦ.
1469 288 1583 324 Ἐλέχθη
1598 289 1627 315 ὲν
1638 288 1678 324 τῷ
1695 289 1749 323 ἄμ-

959 333 1026 360 ὄωνι
1042 334 1091 368 τῆς
1104 334 1337 369 ἀρχιεπισκοπῆς.
1349 334 1440 361 Sermo
1452 334 1478 362 4.
1491 333 1609 361 Homilia
1625 335 1651 360 in
1667 335 1750 361 Exul-

960 379 1086 407 tationem
1099 381 1220 412 pretiosae
1239 384 1263 407 et
1289 380 1436 413 salutifera
1455 381 1551 407 crucis.
1567 380 1748 407 Pronuntiata

959 426 1011 460 fuit
1029 425 1056 452 in
1083 425 1194 453 amboue
1217 426 1446 460 archiepiscopo“:
1469 426 1596 454 ecclesiaz.
1618 426 1716 460 Incipit
1738 434 1746 452 :

965 471 1037 506 Ὀρῶ
1055 471 1177 506 σήμερον
1192 471 1239 498 τοῦ
1264 471 1384 507 μεγάλου
1399 471 1475 499 τοῦδε
1495 473 1560 498 ναοῦ
1579 471 1625 498 τὸν
1649 471 1749 498 σεϐάσ-

961 527 1021 553 μιον
1037 518 1137 554 ὄροφον
1162 518 1210 553 τὴν
1233 518 1359 554 οὐράνιον
1376 519 1546 554 μιμούμενον
1562 519 1676 552 ἄντυγα.
1699 518 1749 545 Est

959 563 1056 590 ibidem
1072 563 1099 589 ι.

994 609 1037 636 15.
1058 609 1126 643 Λὸγ.
1144 611 1176 636 ε’.
1200 608 1310 644 Ὀμιλία
1329 609 1369 640 εἰς
1383 608 1424 640 τὸ,
1453 617 1463 634 ‹
1489 607 1634 641 Ἐθέλησεν
1657 607 1672 632 ὁ
1691 607 1748 641 ⁷1η-

959 655 1022 687 eos;
1044 655 1165 688 ἐξελθεῖν
1181 655 1222 686 εἰς
1237 655 1286 690 τὴν
1307 654 1465 681 Γαλιλαίαν.
1485 663 1494 680 ι
1519 652 1631 688 Ἐλέχοη
1651 652 1680 679 ἐν
1707 651 1748 686 τῷ

957 701 1014 736 ναῷ
1037 700 1085 727 τοῦ
1107 701 1187 735 ἁγίου
1212 700 1363 727 ἀποστόλου
1380 700 1517 726 Φιλιππου
1535 699 1574 730 εἰς
1588 699 1637 733 τὴν
1649 698 1747 733 ἑορτὴν

957 745 1053 773 αὑτοῦ.
1082 746 1176 773 Sermo
1194 746 1221 773 5.
1246 745 1364 773 Homilia
1382 746 1410 772 in
1431 745 1509 778 illud,
1529 754 1538 771 α
1556 743 1644 771 Voluit
1666 743 1747 770 Jesun

956 792 1088 826 proﬁcisci
1100 793 1127 818 in
1149 790 1300 819 Gali/usam.
1320 801 1329 816 ι
1352 790 1534 818 Pranuntiata
1555 790 1605 823 fuit
1630 790 1657 815 in
1677 794 1747 815 teut-

956 838 1000 872 plo
1020 837 1051 867 S.
1076 837 1195 872 Philippi
1221 837 1348 873 apostoli,
1371 838 1397 864 iu
1423 837 1480 871 ejus
1500 836 1604 870 festum.
1622 834 1718 868 lncipit
1737 843 1745 861 :

957 885 994 911 Οὺ
1022 885 1103 920 μόνον
1127 884 1340 919 περιπολοῦντες
1357 882 1522 918 σωματικῶς
1542 882 1571 908 ὲν
1592 882 1625 916 τῇ
1643 882 1679 916 γῇ
1697 880 1746 907 τοῦ

957 933 1093 969 Σωτῆρος.
1114 932 1162 960 Est
1179 932 1277 960 ibidem
1301 932 1347 960 49.

992 978 1036 1007 l5.
1049 979 1161 1005 Averso.
1185 978 1251 1012 Λόγ.
1266 976 1303 1009 ς’.
1319 976 1429 1012 Ὀμιλία
1447 976 1512 1011 περὶ
1524 975 1570 1002 τοῦ
1584 974 1745 1009 σεληνιαζο-

957 1024 1049 1060 μένου.
1072 1024 1184 1058 Ἐλέχθη
1202 1025 1230 1050 ὲν
1252 1023 1290 1057 τῷ
1308 1023 1414 1057 ἄμϐωνι
1436 1022 1484 1056 τῆς
1511 1019 1744 1056 ἀρχιεπισκοπῆς.

956 1069 1050 1097 Sermo
1065 1068 1092 1096 6.
1110 1067 1230 1095 Romilio
1244 1068 1275 1094 de
1291 1068 1417 1094 luuatico.
1440 1066 1618 1093 Pronuntiata
1642 1065 1690 1097 fuit
1717 1065 1745 1091 in

956 1116 1067 1142 amboue
1083 1114 1314 1149 archiepiscopth
1335 1113 1463 1141 ecclesia’.
1483 1112 1597 1147 Incipit:
1618 1111 1745 1146 Ὀτρὺνει

958 1162 1008 1196 μὲν
1038 1161 1121 1188 ἵππον
1147 1161 1290 1196 ἀγέρωχον
1316 1159 1412 1191 πεδιὰς
1435 1159 1595 1195 ἠπλωμένη.
1617 1157 1664 1184 Est
1691 1156 1743 1183 ibi-

956 1207 1016 1233 dem
1034 1206 1080 1233 25.

990 1252 1034 1278 Π.
1052 1252 1163 1279 Averso.
1184 1251 1249 1286 Δόγ.
1273 1252 1305 1283 ζ’.
1328 1250 1437 1286 Ὀμιλία
1458 1250 1523 1286 περὶ
1551 1249 1610 1282 τοῦ,
1625 1249 1745 1284 Ἐχοντα

956 1296 1002 1323 τὸν
1015 1296 1147 1330 λεγεῶνα.
1174 1296 1287 1332 Ἐλέχοη
1314 1297 1342 1322 ἐν
1362 1296 1401 1331 τῷ
1420 1295 1520 1331 ἄμὸονι
1540 1295 1589 1329 τῆς
1617 1295 1744 1330 ἀρχιεπι-

956 1342 1071 1376 σκοπῆς.
1087 1341 1178 1369 Sermo
1194 1342 1222 1369 7.
1241 1341 1359 1368 Humilia
1376 1343 1401 1369 in
1416 1340 1482 1368 illud
1499 1349 1529 1368 ξι
1547 1339 1689 1367 [labentem
1704 1340 1744 1367 le-

955 1390 1067 1423 gionem.
1083 1398 1092 1413 »
1103 1387 1279 1414 Pronuntiata
1295 1388 1348 1421 fuit
1364 1387 1391 1414 in
1403 1387 1512 1414 amboue
1531 1387 1743 1421 archiepiscopo-

954 1433 987 1459 lis
1008 1431 1266 1467 adesim-Incipit:
1289 1432 1398 1466 Ἐπέχει
1423 1440 1473 1466 μου
1498 1431 1547 1466 τὴν
1574 1431 1699 1465 γλῶτταν
1725 1431 1743 1465 ἡ

955 1479 1031 1509 νόσος
1055 1477 1101 1504 τοῦ
1125 1478 1261 1512 σώματος.
1280 1478 1328 1504 Est
1352 1478 1451 1505 ibidem
1475 1477 1501 1505 9.
1519 1477 1554 1503 At
1579 1477 1636 1515 lucc
1658 1485 1743 1512 prope

955 1528 1021 1554 tota,
1039 1523 1138 1550 avulsis
1161 1523 1288 1550 nimirum
1315 1523 1397 1555 foliis,
1417 1523 1525 1557 deﬁcit;
1549 1523 1650 1551 desinit
1667 1524 1742 1550 enim

954 1570 979 1596 in
997 1570 1053 1597 hate
1077 1570 1180 1597 verba:
1204 1569 1361 1605 ’Δμφότερα
1384 1569 1439 1605 γὰρ
1467 1567 1540 1596 οἷκον
1567 1570 1741 1604 προαστείων

954 1617 1128 1652 σημαίνουσι,
1150 1617 1389 1652 μεταμειϐομὲνης
1412 1617 1463 1651 τῆς
1481 1616 1622 1652 Ἐϐραΐδος
1634 1617 1674 1648 εἰς
1692 1617 1742 1651 τὴν

959 1660 1072 1688 Ἐλλάδα
1088 1662 1192 1696 φωνήν.
1209 1661 1246 1687 Τὸ
1256 1661 1284 1688 δὲ
1299 1661 1346 1688 δύο
1361 1662 1424 1693 τοὺς
1438 1661 1481 1688 δαι
1496 1681 1515 1688 ..
1531 1669 1589 1696 quae
1603 1661 1629 1688 in
1646 1661 1742 1689 lauda-

954 1710 987 1734 te
998 1706 1125 1733 editionis
1141 1706 1193 1733 ima
1208 1714 1270 1742 pag.
1287 1706 1322 1734 55
1340 1706 1471 1734 invenias.

989 1752 1098 1780 Avulsis
1109 1759 1216 1788 quoque
1231 1752 1311 1785 foliis,
1326 1757 1388 1780 totae
1403 1753 1533 1780 deticiunt
1547 1752 1666 1780 homiliaa
1678 1761 1740 1786 sex,

952 1807 1019 1834 quas
1035 1800 1164 1833 consului
1188 1800 1340 1834 oportebat.

987 1842 1087 1870 Octava
1105 1843 1238 1876 videlicet,
1271 1844 1319 1875 Et;
1347 1844 1379 1871 τὸ
1401 1843 1487 1871 Ἰωάν.
1509 1844 1650 1879 suane)...
1672 1854 1682 1871 ι
1700 1845 1743 1872 Ἐ-

953 1889 1048 1924 στήχει
1065 1888 1203 1924 Ἰωάννης,
1221 1897 1231 1915 ›
1249 1889 1297 1916 καὶ
1311 1890 1352 1921 εἰς
1373 1890 1423 1925 τὴν
1447 1889 1495 1917 τοῦ
1511 1891 1660 1917 ἀποστόλου
1677 1891 1741 1918 Ἀν-

951 1935 1041 1970 δρέου.
1055 1935 1088 1962 In
1105 1935 1172 1962 illud
1188 1935 1303 1964 Joannis
1319 1935 1453 1971 Evangelii
1467 1945 1476 1964 :
1497 1946 1506 1963 ι
1533 1936 1626 1964 Stabat
1653 1937 1741 1964 Joan—

950 1989 1006 2014 nes,
1024 1990 1033 2007 ι
1052 1985 1076 2008 ιι
1096 1983 1122 2008 iu
1136 1981 1232 2016 [cuum
1253 1982 1368 2014 apostoli
1391 1983 1504 2010 Andreae
1529 1990 1538 2010 :
1560 1991 1621 2018 qua!
1638 1984 1738 2011 ibidem

951 2032 1110 2055 numeratur
1132 2027 1243 2054 homilia
1257 2027 1302 2055 50.

986 2072 1072 2104 Nona,
1086 2072 1164 2107 cuius
1176 2073 1256 2108 plane
1271 2073 1336 2101 latet
1353 2074 1506 2109 inscriptio,
1518 2076 1589 2110 quod
1606 2076 1631 2104 in
1646 2078 1739 2111 priore

951 2116 1030 2150 hujus
1051 2117 1153 2144 codicis
1182 2117 1354 2144 homiliarum
1378 2118 1465 2146 indice
1487 2119 1630 2148 obliterata
1645 2121 1692 2153 sit,
1709 2121 1737 2148 In

951 2163 1101 2198 posteriore
1116 2164 1310 2198 prmtermissa.

985 2209 1106 2242 Decima,
1129 2209 1197 2244 Περὶ
1213 2209 1262 2244 τῆς
1280 2209 1499 2245 αἱμορῤοούσης,
1522 2211 1570 2237 καὶ
1594 2211 1658 2247 περὶ
1686 2212 1737 2247 τῆς

950 2255 1085 2290 θυγατρὸς
1104 2254 1151 2282 τοῦ
1170 2255 1409 2290 ἀρχισυναγώγου.
1426 2256 1465 2283 De
1481 2257 1693 2291 lnemorrlzoiua,
1709 2265 1736 2287 et

948 2302 980 2329 de
993 2301 1193 2336 archisyuagogi
1211 2302 1268 2335 ﬁlia
1282 2309 1291 2328 :
1308 2309 1367 2335 quae
1385 2302 1483 2330 ibidem
1500 2304 1601 2336 pariter
1622 2309 1663 2332 est
1689 2305 1734 2334 10.

986 2347 1144 2379 Undecima,
1157 2346 1204 2378 Εἰς
1219 2347 1264 2372 τὺν
1280 2344 1406 2374 πλούσιον
1420 2348 1467 2374 καὶ
1482 2348 1527 2375 τὸν
1544 2349 1680 2385 Λάζαρον.
1697 2350 1734 2378 In

948 2394 1055 2420 divitem
1068 2397 1093 2419 et
1107 2392 1249 2424 Lazarum,
1267 2400 1326 2426 quae
1340 2393 1437 2420 ibidem
1453 2399 1493 2421 est
1508 2394 1534 2422 8.

983 2439 1157 2471 Duodecimn,
1176 2439 1244 2473 Περὶ
1260 2438 1307 2465 τοῦ
1327 2438 1510 2473 ἀρχιτελώνου
1528 2442 1674 2477 Ζακχαίου.
1693 2443 1733 2471 De

947 2484 1074 2513 Zaccluto
1083 2485 1283 2519 publicanorum
1296 2485 1426 2518 principe,
1443 2493 1503 2520 qua:
1517 2487 1614 2515 ibidem
1630 2494 1673 2516 est
1686 2490 1732 2518 l5.

984 2531 1090 2557 Decima
1109 2529 1199 2562 tertia,
1214 2529 1281 2564 Περὶ
1298 2528 1346 2555 τοῦ
1366 2529 1489 2558 Τελώνου
1506 2532 1553 2559 καὶ
1567 2533 1729 2569 Φαρισαίου.

948 2577 985 2605 De
997 2577 1141 2604 Publicauo
1161 2581 1184 2602 et
1208 2576 1355 2611 Pharium,
1371 2586 1431 2613 quae
1448 2579 1547 2605 ibidem
1560 2584 1601 2606 est
1616 2580 1660 2608 16.

983 2622 1155 2658 Singularnm
1170 2627 1259 2649 autem
1272 2623 1424 2658 lntjnsmodi
1441 2624 1610 2652 homiliarum
1631 2626 1732 2654 inscri-

946 2670 1061 2705 ptiones,
1088 2673 1187 2703 praeter
1202 2676 1281 2703 supra
1306 2670 1418 2701 dictam,
1443 2677 1474 2697 ex
1499 2676 1615 2706 utroque
1643 2673 1733 2701 indice

945 2715 1024 2750 plane
1046 2719 1181 2742 constant.
1199 2716 1233 2741 At
1245 2722 1309 2741 vero
1331 2715 1419 2742 minus
1436 2716 1604 2745 incommode
1620 2719 1729 2753 accidit,

945 2760 1017 2794 quod
1034 2766 1073 2786 ere
1096 2763 1197 2785 tantum
1220 2759 1264 2786 hic
1286 2759 1404 2786 ltomilize
1426 2760 1563 2795 deﬁciant,
1579 2770 1639 2798 quae
1654 2769 1732 2799 typo»

948 2813 1005 2834 rum
1020 2805 1150 2834 beneﬁcio
1161 2805 1214 2839 iam
1233 2806 1258 2832 in
1273 2810 1331 2832 luto
1347 2811 1496 2834 versantur.
