1874 3055
85 108 112 140 25
467 139 482 150 ,
632 111 821 143 RECENSIO
841 112 925 144 COD.
945 114 1104 145 MATRIT.
1639 112 1676 144 26

111 165 147 192 I8.
163 163 259 198 ὀμιλία
281 163 347 200 (ιδ’.)
370 164 439 201 Περὶ
454 166 503 193 τοῦ
518 166 636 195 ἀπώτου.
655 167 775 195 Humilia
793 168 838 201 Η,

84 211 115 238 οι
129 210 230 246 proaigo.
243 210 318 237 Initio
332 211 435 245 mutila,
455 212 488 239 ab
505 212 546 240 his
561 214 649 241 verbis
666 214 769 248 incipit,
788 214 842 241 IIo-

84 257 108 283 τὲ
119 256 161 291 μὲν
172 256 287 292 δραχμὴν
300 255 387 282 εἰπὼν
401 258 435 292 τῇ
456 258 552 294 κόπρῳ
565 259 770 294 συγχωσθεϊσαν
785 259 840 286 τῶν

84 302 174 337 ἡδονῶν,
183 309 236 335 quae
248 302 273 329 in
285 302 399 338 allegata
411 304 531 332 editione
544 313 604 340 pag.
622 305 684 338 I0],
702 313 782 333 versu
793 305 839 337 20,

86 348 156 382 legas;
173 353 258 382 estque
282 348 379 376 ibidem
396 349 442 377 I7.

110 394 147 421 29.
166 394 265 429 Ὀμιλία
279 397 319 424 ιε’.
339 396 380 426 εἰς
397 396 437 428 τδ,
458 405 467 422 t
487 396 572 423 Ὅταν
588 396 653 434 ἔλθῃ
675 398 689 424 ὁ
710 397 776 429 Υἱὸς
791 397 839 423 τοῦ

83 439 203 474 ἀνθρώπου
226 440 253 466 ἐν
280 441 312 475 τῇ
335 440 398 475 δόξῃ
415 441 511 470 αὐτοῦ.
536 451 546 468 ›
573 442 685 478 Ἐλέχθη
710 443 839 478 Κυριακῇ

87 485 222 519 Ἆποκρέου.
239 484 354 511 Humilia
370 486 412 518 15,
431 487 458 513 in
474 486 542 514 illud
558 496 567 514 :
591 497 599 512 ι
617 487 730 520 Quando
744 488 840 514 venerit

81 529 152 557 Filius
167 530 272 557 hominis
283 531 310 557 in
323 531 409 565 gloria
421 540 480 559 sua.
497 542 506 558 ι
523 532 699 560 Prontmliutu
716 533 767 567 fuit
785 533 839 559 Do-

69 576 159 603 .minicu
177 575 353 608 Carnispriuii.
372 575 481 612 Incipit,
496 575 559 604 Οῖόν
575 587 602 604 τι
618 578 769 614 πάσχουσιν
785 577 839 604 ἀπό

80 629 136 652 τινος
147 621 239 656 ὑψηλῆς
253 622 421 657 ἀκρωρείας.
438 623 485 650 Est
502 624 600 652 ibidem
616 624 660 653 18.

107 667 145 694 25.
163 666 261 702 Ὀμιλία
277 668 326 701 ις’,
343 669 384 700 εἰς
394 670 436 703 τὸ,
451 680 461 696 ‹
482 671 546 697 Ἐὰν
560 671 649 706 ἀφῆτε
663 672 720 704 τοῖς
735 671 840 707 ἀνθρώ-

79 721 128 743 ποις
143 713 173 739 τὰ
185 714 406 748 παραπτώματα.
429 724 439 741 ι
463 715 576 752 Ἐλέχθη
601 717 729 753 κυριακῇ
752 718 839 753 Τυρο-

79 758 220 790 αποθέσεως.
247 759 362 788 Humilia
383 761 426 792 16,
446 762 473 788 in
488 762 558 789 illud
573 771 583 790 :
602 772 611 788 ι
636 762 663 790 Si
687 763 839 790 dimiseritis

78 805 203 832 hominibus
217 811 334 839 peccata.
352 816 361 832 ι
379 806 557 835 Pronunliuta
569 808 619 840 fuit
635 808 773 835 Dominica
786 809 838 835 Τυ-

80 851 252 884 ροαποθέσεως,
271 852 296 879 id
317 857 370 884 est,
388 853 566 881 hebdomade:
582 861 632 887 qua
646 853 732 881 Graeci
755 853 839 881 absti-

77 897 175 923 nentiam
197 898 262 924 ωιεὶ
278 898 467 926 exordiuntur.
491 900 598 934 Incipit,
615 900 646 926 Οἱ
670 900 698 926 ὲν
721 901 778 930 τοῖς
794 900 838 926 ἱπ-

78 943 150 972 πικοῖς
161 942 246 974 ἄθλοις
262 943 472 979 ἀγωνιζόμενοι.
489 944 537 971 Est
553 945 652 972 ibidem
669 945 712 973 19.

103 987 141 1015 ΞἹ.
158 989 261 1016 Averso.
278 989 390 1024 Ὀμιλία
406 990 450 1022 ιζ’,
467 991 532 1025 περὶ
544 991 598 1017 τῶν
615 991 702 1025 ἁγίων
714 991 837 1018 εἰκόνων.

89 1032 176 1068 Ελέχθη
191 1034 313 1069 κυριακῇ
331 1035 382 1068 τῆς
404 1034 585 1069 Ὀρθοδοξίας.
607 1035 724 1062 llomilia
748 1035 792 1068 I7,
806 1035 839 1062 de

76 1079 324 1114 sunttisimnginibus.
336 1079 512 1117 Pronuntiutu
522 1081 574 1115 fuit
590 1081 728 1109 Dominica
742 1080 840 1109 Ortho-

77 1125 153 1156 una,
165 1126 210 1152 hoc
230 1131 270 1153 est
296 1125 511 1162 Quadrugesimaz
532 1127 695 1155 Graecorum.
729 1127 835 1163 Incipit,

75 1171 178 1207 Λαμπρὰ
188 1172 264 1207 ἑορτὴ
274 1173 321 1199 καὶ
334 1173 611 1209 πανήγυριςὲπέστη.
625 1173 670 1201 Est
680 1174 778 1201 ibidem
792 1173 838 1200 ‘20.

101 1217 138 1244 29.
157 1219 262 1245 Averso.
284 1218 395 1253 Ὀμιλία
419 1222 465 1255 ιη’,
486 1221 552 1254 περὶ
573 1219 621 1246 τοῦ
648 1219 837 1255 παραλυτικοῦ

74 1262 110 1288 τοῦ
123 1263 148 1289 ἐν
159 1263 354 1299 Καπερναούμ.
373 1264 487 1300 Ἐλέχθη
502 1266 630 1300 Κυριακῇ
654 1265 770 1300 δευτέρᾳ
785 1264 838 1291 τῶν

74 1308 203 1341 Νηστειῶν.
227 1309 350 1337 Humilia
376 1311 420 1343 18,
451 1313 483 1338 de
507 1311 654 1347 paralytico
672 1313 698 1338 in
719 1311 839 1345 Caphar-

74 1362 147 1382 uatmt.
166 1355 340 1383 Pranuntiata
356 1357 405 1389 Fuit
429 1357 566 1384 Dominica
586 1359 701 1384 secunda
716 1357 834 1390 Jejnnio-

73 1408 127 1426 rum.
141 1399 240 1435 Incipit,
265 1402 462 1437 Ἐπειγόμενος
482 1404 532 1438 τῆς
557 1403 689 1439 συνήθους
711 1403 839 1430 διδασκα-

72 1443 120 1476 λίας
133 1445 290 1480 ἐφάψασθαι.
306 1447 355 1474 Est
370 1448 468 1475 ibidem
482 1448 527 1476 21.

99 1491 137 1518 52.
151 1492 211 1525 Λόγ.
233 1492 276 1519 ιθν.
297 1493 407 1527 Ὀμιλία
423 1494 463 1526 εἰς
479 1495 519 1526 es,
536 1503 545 1520 ι
561 1495 655 1526 Ὀστις
668 1494 739 1521 θέλει
751 1494 839 1521 ὀπίσω

73 1545 113 1571 μου
123 1537 284 1565 ἀκολουθεῖν.
305 1547 314 1563 ι
339 1538 452 1574 Ἐλέχθη
469 1540 597 1575 Κυριακῇ
615 1540 696 1576 τρίτῃ
712 1540 767 1566 τῶν
782 1540 839 1574 Νη-

72 1585 160 1612 στειῶν.
174 1585 266 1612 Sermo
285 1585 330 1613 I9.
345 1585 466 1612 Humilia
481 1587 507 1613 in
523 1586 590 1613 illud
606 1593 615 1613 :
635 1595 644 1612 t
663 1586 693 1614 Si
708 1587 766 1621 quis
778 1586 839 1613 velit

71 1635 118 1664 post
141 1639 178 1658 me
192 1632 275 1666 sequi.
297 1641 306 1657 ι
328 1631 504 1659 I’ronumiatu
530 1632 580 1666 fuit
610 1632 747 1659 Dominica
762 1633 839 1660 tertia

70 1676 225 1710 Jejuniorum.
245 1677 357 1712 Incipit,
368 1677 426 1704 Νῦν
447 1679 514 1713 ἡμῖν
532 1679 588 1713 τῆς·
600 1678 764 1714 ὲγκρατείας
778 1686 838 1705 και-

72 1721 108 1754 ρὸς
118 1721 235 1756 ἐροασεν.
252 1723 299 1750 Est
313 1723 415 1750 ibidem
429 1723 474 1751 22.

97 1767 135 1794 34.
154 1768 260 1802 Ὀμιλία
276 1767 313 1800 κ’,
333 1769 374 1800 εις
399 1768 440 1801 τὸ,
473 1777 482 1794 t
509 1769 574 1795 Ἰδοὺ
601 1768 786 1803 ἀναϐαίνομεν
798 1770 838 1800 είς

74 1810 244 1847 Ἰερουσαλήμ.
256 1823 266 1839 ι
296 1813 412 1848 Ἐλέχθη
433 1814 560 1849 κυριακῇ
579 1813 600 1840 ε’
617 1814 671 1840 τῶν
684 1814 835 1849 Νηστειῶν·

71 1858 176 1893 Κυριακῇ
187 1859 207 1886 δ’
220 1859 282 1895 ζήτ.
295 1859 357 1893 λόγ.
370 1859 403 1892 ζ’.
421 1859 541 1886 Humilia
551 1859 597 1893 20,
607 1860 633 1886 in
645 1859 713 1886 illud
726 1868 736 1886 .'
757 1869 766 1885 ι
786 1858 838 1886 Ec-

71 1911 93 1930 ce
108 1905 261 1932 ascendimus
291 1905 519 1941 Hierosolymam.
549 1905 571 1930 ι’
588 1905 766 1932 Pronuntiuta
789 1905 838 1939 fuit

70 1948 186 1976 Dominica
199 1950 216 1977 5
228 1949 415 1985 Jejuniorum.
432 1950 575 1978 Dominica
594 1950 611 1976 4
628 1958 716 1985 quam
730 1950 836 1978 Sermo-

70 2002 115 2020 nem
125 1995 148 2021 ’1.
159 1995 255 2029 Incipit
278 2006 286 2023 :
307 1996 338 2022 '0
356 1996 405 2031 μὲν
425 1996 476 2032 τῆς
491 1996 655 2032 ἐγκρατείας
669 1997 766 2032 καιρὸς
786 1996 837 2032 ἤδη

68 2040 195 2075 προέκοψε.
218 2040 264 2068 Est
282 2041 383 2068 ibidem
400 2042 447 2069 24.

97 2085 135 2112 38.
154 2086 215 2120 Λόγ.
233 2086 290 2114 καί.
312 2087 425 2120 Ὀμιλία
438 2088 479 2120 είς
494 2089 684 2124 τετραήμερον
703 2088 838 2124 Λάζαρον.

74 2130 173 2166 meum
186 2133 214 2158 ὲν
227 2132 266 2167 τῷ
285 2133 406 2167 ἄμϐωνι.
421 2133 514 2161 Sermo
529 2135 575 2167 21,
598 2135 716 2162 Humilia
732 2136 759 2161 in
774 2143 840 2170 qua-

70 2177 202 2203 triduunum
225 2177 374 2205 Lazarum.
397 2177 579 2206 Pronuntiata
595 2180 648 2214 fuit
666 2180 693 2206 in
719 2180 838 2207 umbone.

69 2220 155 2256 Incipit,
177 2222 332 2258 Πολυτελὴν
350 2224 387 2258 (in
414 2225 516 2250 excusis
540 2224 654 2260 Πολλὴν)
676 2225 839 2252 πανδαισίαν

69 2267 320 2303 ήμϊνόέπιστήθιος
343 2270 554 2305 εὐαγγελιστής.
571 2271 619 2298 Est
639 2272 737 2298 ibidem
757 2271 803 2298 ‘25.

94 2313 134 2342 I5.
146 2315 209 2348 Λόγ.
226 2314 280 2349 κβ¹.
299 2315 409 2350 Ὀμιλία
421 2316 462 2347 είς
474 2316 520 2342 τὸν
532 2316 751 2352 Εὐαγγελισμόν.
768 2317 842 2343 Ἐλέ-

68 2358 109 2393 lar,
131 2361 156 2385 ὲν
175 2360 212 2395 τῷ
229 2360 343 2395 ἄμϐωνι
365 2361 416 2396 τῆς
433 2362 665 2397 ἀρχιεπισκοπῆς.
683 2362 776 2390 Sermo
794 2363 840 2395 21,

64 2404 164 2432 Humilia
176 2406 202 2432 in
218 2407 466 2434 Anuuntiationem.
484 2406 665 2434 Pronuntiuta
681 2408 730 2442 fuit
743 2409 772 2435 in
782 2417 841 2435 am-

69 2449 121 2477 boue
141 2452 372 2486 urchiepiscopalis
388 2453 516 2481 ecclesiae.
536 2453 634 2488 incipit
651 2463 658 2481 :
676 2455 802 2490 Σήμερον
822 2455 839 2490 ἡ

68 2494 202 2531 Ἐκκλησία
225 2498 401 2533 δᾳδουχείται
435 2501 587 2534 μυστικῶς.
611 2500 659 2527 Est.
682 2501 780 2528 ibidem
795 2501 841 2529 55.

93 2541 133 2573 I5,
154 2551 258 2570 averso.
285 2544 353 2578 Λόγ.
380 2548 434 2578 κγ’.
468 2546 578 2580 Ὀμιλία
604 2546 720 2581 ρηθεῖσα
746 2547 787 2578 είς
810 2547 841 2574 τὺ

67 2586 214 2621 εὗαγγέλιον
230 2589 287 2615 τῶν
310 2591 395 2624 ἁγίων
412 2591 520 2619 Παθῶν.
541 2592 653 2627 Ἐλέχθη
672 2593 704 2627 τῇ
735 2592 839 2629 μεγάλῃ

68 2630 217 2668 Παρασκευῇ
236 2643 310 2669 μετα
329 2635 377 2661 τὸν
400 2635 508 2671 ὃρθρον.
533 2636 624 2664 Sermo
653 2637 698 2665 ‘25.
722 2637 841 2665 Humilia

67 2677 154 2704 dictoin
163 2681 326 2714 evangelium
334 2686 486 2709 sanctarum
497 2683 841 2712 Passionum.Pronunliutu

66 2722 108 2755 {sit
131 2725 155 2750 in
174 2734 272 2760 magna
297 2727 443 2755 Pnrascere
467 2734 523 2761 post
548 2729 706 2758 diluculum.
734 2731 841 2766 Incipit,

68 2768 135 2813 iisut;
147 2771 194 2805 μὲν
208 2773 335 2809 ἐπαχθὴς
344 2773 413 2807 δόξω
429 2774 495 2810 πρὸς
510 2775 559 2811 τὴν
569 2776 706 2813 ὑμετέραν
716 2773 840 2813 ἆγάπην.

67 2812 102 2840 Est
116 2815 209 2844 ibidem
231 2818 277 2846 ‘27.

926 170 970 197 56.
990 170 1057 204 Λόγ.
1082 169 1131 198 κδ’.
1155 169 1264 205 Ὀμιλία
1287 170 1327 201 εἰς
1349 170 1398 205 τὴν
1421 170 1594 206 Σαμαρείτην
1615 170 1678 206 (leg.

889 217 1097 253 Σαμαρείτιδα).
1117 218 1229 255 Ἐλέχθη
1256 218 1286 244 ἐν
1307 218 1346 253 τῷ
1363 218 1471 252 ᾶμὸωνι
1487 219 1536 254 τῆς
1553 219 1680 253 ἁρχιεπι-
1694 210 1697 219 ’

889 262 1004 297 σκοπῆς.
1021 261 1112 289 Sermo
1126 262 1171 289 ‘24.
1194 262 1312 290 Homilia
1328 263 1354 289 in
1375 262 1585 290 Sumarituuum.
1609 262 1678 289 Pro-

889 308 1012 335 nuntiuta
1036 308 1086 343 fuit
1111 309 1137 335 in
1161 309 1270 335 umbone
1294 307 1524 343 archiepiscopalis
1548 307 1677 334 ecclesiae.

889 353 995 389 Incipit,
1028 354 1264 390 Ἀπροοιμιάστως
1291 354 1370 387 (male
1393 355 1418 380 in
1440 354 1555 380 editione
1577 352 1677 384 Scorsi,

892 401 940 431 Ὃς
969 399 1192 436 προοιμιάστως)
1220 400 1259 435 τῷ
1293 400 1400 434 Σωτῆρι
1425 400 1546 434 σήμερον
1573 397 1677 433 νοητῶς

889 445 1065 480 ἐφεψώμεθα.
1082 445 1129 472 Est
1143 445 1240 472 ibidem
1260 445 1306 472 58.

924 490 968 517 60.
987 490 1054 523 Λόγ.
1071 489 1120 517 κε’.
1142 489 1251 524 Ὀμιλία
1269 490 1308 519 εἰς
1325 489 1364 521 τὺ,
1384 499 1393 514 ι
1412 489 1479 515 Τίνα
1497 497 1530 523 με
1551 487 1677 522 λέγουσιν

887 535 912 562 οἱ
931 535 1031 570 (supple
1047 535 1196 570 ἄνθρωποι)
1207 533 1277 562 εἴναι
1290 543 1297 568 ;
1315 544 1324 560 ι
1345 534 1457 570 Ἐλέχθη
1474 535 1501 561 ὲν
1514 534 1553 569 τῷ
1568 533 1624 568 ναῷ
1636 533 1675 568 τῷ

889 580 992 615 (supple
1004 580 1044 616 ὲν)
1059 580 1180 614 παλατίῳ
1195 580 1338 616 Πανόρμου
1352 581 1386 615 τῇ
1410 581 1490 615 ἑορτῇ
1506 579 1559 606 τῶν
1577 579 1677 613 ’Δγίων

894 626 1073 653 ’Δποστόλων.
1095 626 1186 654 Sermo
1203 627 1248 654 25.
1268 625 1385 652 Humilia
1407 627 1433 653 in
1459 626 1548 652 illud:
1564 635 1573 651 ι
1594 625 1677 657 Quem

890 680 931 698 me
958 673 1049 699 dicunt
1070 671 1233 707 (homines)
1259 673 1336 699 esse?
1353 681 1362 697 ι
1379 671 1554 699 I'ronuntiata
1583 670 1632 704 fuit
1650 671 1677 697 in

889 719 983 753 templo
997 719 1066 753 quod
1081 720 1154 745 estin
1169 718 1269 752 palatio
1288 718 1423 748 Panormi,
1440 718 1467 744 in
1484 717 1550 752 festo
1561 716 1676 744 Sancto-

888 772 948 791 rum
977 764 1175 797 Apostolorum.
1201 763 1308 798 Iucipit,
1332 762 1488 798 Συνήδομαί
1511 771 1562 795 σοι,
1586 761 1675 792 πόλις,

888 810 980 837 καὶσὺ
999 810 1058 845 (leg.
1079 819 1131 842 σοι,
1151 814 1179 836 ιιι
1196 811 1223 838 in
1238 810 1339 844 editis),
1362 809 1418 836 θεῖε
1440 808 1496 836 τῶν
1518 807 1676 843 ἀνακτόρων

888 855 947 882 ναέ.
962 856 1008 884 Est
1021 857 1118 883 ibidem
1134 856 1181 883 55.

924 900 1088 928 Vocabulum
1113 901 1269 936 Πανόρμου,
1284 900 1358 935 quod
1386 899 1465 934 hujus
1487 898 1604 925 homiliaz
1621 905 1677 932 pra:

889 954 919 974 se
942 947 993 974 fert
1011 947 1114 979 titulus,
1133 955 1184 973 non
1209 954 1303 980 parum
1329 946 1487 973 adverSatur
1506 944 1536 971 P.
1563 943 1674 977 Scorso,

888 992 960 1020 hanc
983 992 1121 1019 homiliam
1147 991 1382 1026 Constantinopoli
1410 991 1438 1018 in
1464 989 1677 1026 magnificentis-

888 1038 1079 1073 siiuotemplo,
1102 1038 1173 1073 quod
1201 1038 1349 1072 imperator
1375 1036 1491 1063 Basilius
1521 1035 1631 1062 Macedo
1646 1035 1673 1061 in

888 1085 987 1118 palatio
1001 1083 1144 1116 exstruxit,
1162 1090 1176 1109 a
1191 1082 1354 1117 Theophane
1369 1082 1488 1109 habitam
1505 1081 1588 1108 fuisse
1607 1079 1677 1107 uiui-

889 1131 922 1158 tis
949 1129 1131 1157 contendenti.
1162 1128 1217 1155 Imo
1243 1129 1298 1161 ipse
1326 1127 1376 1154 sibi
1406 1127 1491 1161 magis
1517 1126 1676 1153 adversatur

888 1176 1016 1208 Scorsus,
1032 1183 1092 1202 cum
1113 1175 1167 1201 duo
1190 1174 1271 1200 etiam
1296 1172 1561 1208 magniﬁcentissima
1585 1171 1678 1205 hujus-

888 1222 959 1249 modi
980 1221 1076 1256 templa
1097 1228 1111 1246 a
1135 1219 1234 1247 Sicilire
1255 1218 1362 1253 regibus
1385 1221 1522 1245 exstructa
1548 1216 1676 1244 Panormi
1722 1225 1726 1229 ’

888 1268 975 1295 adhuc
992 1272 1100 1294 exstare
1119 1266 1245 1296 fateatur.
1264 1272 1378 1300 quorum
1398 1271 1481 1291 unum
1501 1267 1543 1291 est
1557 1264 1584 1290 in
1597 1262 1676 1298 pala-

888 1314 924 1340 tio
947 1315 1065 1349 proregis
1087 1314 1118 1341 S.
1142 1313 1222 1340 Petro
1244 1311 1362 1344 apostolo
1383 1311 1546 1337 dicatum...
1565 1314 1590 1336 et
1614 1317 1678 1337 sane

887 1359 974 1386 simile
986 1359 1046 1385 huic
1064 1358 1159 1393 quad..
1171 1377 1179 1384 .
1200 1357 1242 1384 hic
1263 1361 1356 1383 auctor
1378 1355 1521 1387 describit;
1535 1353 1678 1389 Theopha-

890 1412 954 1432 m-m
970 1412 1035 1432 vero
1053 1402 1315 1438 Constantinopolim
1331 1402 1429 1429 adiisse
1446 1402 1601 1436 conjectura
1616 1406 1677 1428 tau-

889 1456 945 1478 tum
965 1451 1062 1477 ductus
1077 1449 1200 1477 aﬂirmet.
1218 1449 1252 1476 At
1276 1448 1297 1475 si
1321 1455 1412 1475 vocem
1436 1447 1598 1474 Panormum
1613 1454 1678 1474 suus

888 1495 1027 1530 interpreti
1041 1494 1125 1522 codex
1140 1495 1191 1522 hoc
1207 1494 1266 1521 loco
1279 1493 1420 1527 legendam
1432 1492 1584 1520 obtulisset.
1596 1491 1675 1519 talem

889 1541 1008 1574 profecto
1023 1540 1183 1567 sententiam
1207 1539 1315 1566 minime
1333 1538 1387 1571 ille,
1410 1543 1438 1564 ut
1454 1538 1560 1572 opinor,
1581 1536 1678 1564 fuisset

887 1586 1038 1620 amplexus.

924 1631 968 1659 65.
980 1632 1047 1666 Λόγ.
1064 1634 1119 1663 κς’.
1136 1629 1245 1666 ὀμιλία
1258 1631 1322 1665 περὶ
1332 1629 1448 1664 Μάρθας
1456 1629 1504 1656 καὶ
1515 1628 1633 1664 Μαρίας,
1645 1629 1678 1656 ἐκ

888 1677 934 1704 τοῦ
950 1678 1020 1704 κατὰ
1031 1677 1136 1703 Λουκᾶν
1147 1675 1324 1710 Εὑαγγελίου.
1341 1675 1455 1709 Ἐλέχθη
1467 1675 1496 1700 ὲν
1507 1674 1546 1709 τῷ
1567 1674 1678 1707 ᾶμσωνι

887 1723 920 1757 τῇ
939 1722 1019 1757 ἑορτῇ
1041 1723 1090 1756 τῆς
1108 1722 1271 1757 Κοιμήσεως
1292 1721 1340 1755 τῆς
1357 1721 1511 1756 ὑιπεραγίας
1531 1720 1675 1747 Θεοτόκου.

888 1767 980 1795 Sermo
995 1767 1040 1795 26.
1057 1767 1174 1794 Homiliu
1185 1767 1218 1794 de
1229 1767 1335 1793 Mart/ta
1353 1772 1375 1793 et
1387 1766 1474 1793 Maria
1489 1774 1521 1793 ea;
1533 1765 1676 1801 Evangelia

887 1813 1029 1840 secundum
1058 1813 1169 1839 Lucam.
1195 1813 1372 1840 Pronuuliota
1393 1813 1444 1847 fuit
1466 1813 1494 1839 in
1514 1813 1626 1839 umbone
1649 1813 1677 1839 ie.

887 1857 954 1892 festo
975 1858 1151 1885 Domitianis
1184 1859 1360 1886 sanctissime
1396 1858 1528 1892 Deiparae.
1559 1858 1676 1893 Incipit,

894 1905 938 1936 Ὠς
958 1904 1017 1931 λίαν
1036 1913 1078 1939 μοι
1103 1904 1279 1941 λαμπροτέρα
1295 1904 1344 1940 τὴν
1358 1904 1488 1939 σήμερον.
1507 1904 1554 1931 Est
1576 1903 1675 1932 ibidem

888 1949 933 1976 60.
1148 1975 1157 1978 -

924 1995 969 2022 65.
997 1994 1106 2029 Ὀμιλία
1119 1995 1171 2028 κζ’,
1194 1996 1234 2027 είς
1249 1995 1283 2022 τὰ
1296 1996 1378 2030 ¹Ἀγια
1390 1997 1495 2032 Νήπια.
1519 1995 1634 2032 Ἐλέχθη
1648 1996 1679 2022 ὲν

891 2042 931 2077 τῷ
957 2041 1064 2077 ἄμϐωνι
1085 2040 1135 2075 τῆς
1163 2041 1394 2075 ἀρχιεπισκοπῆς.
1426 2041 1544 2068 Humilia
1573 2043 1619 2074 27,
1650 2042 1678 2069 in

889 2092 994 2115 sanctos
1012 2085 1143 2121 Infantes,
1164 2087 1221 2113 sive
1236 2086 1407 2114 innocentes.
1432 2086 1611 2113 Pronuntiuta
1626 2087 1678 2122 fuit

888 2135 915 2161 in
940 2134 1050 2161 umbone
1073 2133 1302 2168 archiepiscopalis
1324 2133 1453 2160 ecclesia.
1482 2132 1589 2168 Incipit,
1615 2133 1679 2160 Ἐπὶ

888 2181 938 2215 τὴν
957 2179 1033 2215 ἱερὰν
1049 2179 1173 2214 Βηθλεὲμ
1187 2179 1248 2214 ἄγει
1264 2179 1393 2215 σήμερον.
1410 2178 1456 2206 Est
1472 2179 1570 2206 ibidem
1585 2179 1629 2207 52.

924 2226 968 2254 67.
997 2225 1065 2260 Λόγ.
1096 2224 1149 2260 κη’.
1172 2224 1283 2261 Ὀμιλία
1307 2227 1347 2257 είς
1371 2225 1420 2260 τὴν
1448 2224 1599 2261 ἀποστολὴν
1623 2224 1679 2252 τῶν

889 2272 993 2300 δώδεκα
1024 2272 1162 2307 μαθητῶν.
1184 2272 1297 2307 Ἐλέχθη
1309 2273 1337 2299 ὲν
1358 2273 1391 2308 τῇ
1407 2272 1488 2308 ἑορτῇ
1508 2271 1564 2299 τῶν
1591 2271 1679 2305 ἁγίων

895 2318 1071 2354 Ἀναργύρων
1094 2319 1124 2345 ὲν
1144 2318 1183 2354 τῷ
1197 2318 1253 2353 ναῷ
1268 2317 1368 2345 αὐτῶν.
1385 2317 1476 2345 Sermo
1494 2317 1538 2344 28.
1561 2316 1679 2344 Homiliu

889 2365 916 2392 in
941 2365 1090 2391 missionem
1105 2365 1242 2391 duodecim
1269 2365 1469 2399 discipulorum.
1498 2362 1678 2390 Prouuntialu

891 2411 941 2446 fuit
963 2411 990 2437 in
1016 2410 1082 2445 festo
1110 2415 1261 2437 sanctorum
1282 2411 1491 2445 Anargyrorum.
1512 2410 1539 2436 in
1562 2410 1678 2444 ipsorum

890 2455 997 2487 templo.
1026 2455 1132 2489 Incipit,
1163 2454 1281 2481 Εὑκαλεϊ
1307 2454 1357 2489 μὲν
1375 2455 1459 2489 ἡμᾶς,
1481 2451 1504 2480 ὦ
1532 2453 1676 2489 φιλέορτοι.

889 2501 936 2528 Est
953 2501 1051 2528 ibit'em
1069 2500 1115 2526 47.

890 2553 895 2573 ‘.
926 2546 970 2573 69.
991 2546 1055 2580 Λόγ.
1080 2545 1131 2574 κθ’.
1164 2545 1264 2580 Ομιλία
1284 2545 1324 2576 είς
1342 2544 1392 2580 τὴν
1411 2544 1563 2580 ἀποστολὴν
1579 2543 1633 2571 τῶν
1656 2546 1679 2571 o’

892 2592 1031 2627 μαθητῶν.
1053 2591 1165 2626 Ἐλέχθη
1187 2592 1216 2617 ὲν
1229 2592 1262 2626 τῇ
1277 2591 1358 2626 ἑορτῇ
1383 2590 1430 2617 τοῦ
1457 2591 1679 2626 ἀρχιστρατήγου

890 2640 1010 2674 Μιχαὴλ.
1031 2639 1123 2667 Sermo
1134 2638 1179 2666 29.
1208 2638 1327 2665 Homilia
1338 2639 1366 2664 in
1385 2638 1532 2665 missionem
1554 2645 1606 2665 ιιι
1622 2637 1679 2664 dis-

890 2685 1048 2719 cipulorum.
1066 2684 1240 2711 Pronuntiatu
1256 2683 1307 2719 fuit
1329 2685 1355 2711 in
1370 2684 1433 2719 festo
1455 2683 1589 2717 Principis
1606 2683 1680 2710 mili.

891 2732 934 2759 tiu:
948 2731 1093 2758 Michaelis.
1108 2730 1213 2765 Incipit,
1228 2731 1259 2757 Οἱ
1276 2731 1327 2764 μὲν
1342 2729 1465 2764 αίσθητοὶ
1478 2729 1610 2764 λειμῶνες
1622 2728 1679 2755 τῶν

891 2775 1020 2805 ποικίλων
1036 2777 1148 2804 ἀνθέων.
1164 2775 1326 2804 Nnmeratur
1344 2776 1440 2804 ibidem
1456 2776 1502 2804 48.

929 2823 972 2851 7I.
988 2823 1054 2858 Λόγ.
1083 2823 1116 2851 λ’.
1138 2822 1246 2858 Ὀμιλία
1268 2822 1382 2859 ῥηθεῖσα
1403 2823 1443 2856 εἰς
1463 2823 1526 2856 τοὺς
1549 2822 1676 2858 Μακαρι-
