1874 3055
176 125 211 158 27
288 148 293 154 -
763 130 952 161 RECENSIO
971 129 1055 161 COD.
1076 128 1241 161 MATRIT.‘
1777 128 1811 159 23

178 183 275 217 σςιούς.
298 185 411 221 Ἐλέχθη
441 187 469 213 ὲν
494 188 527 223 τῇ
552 188 631 223 ἐορτῇ
651 186 696 214 τοῦ
727 188 804 222 ἁγίου
821 188 968 215 Νικολάου.

177 228 268 257 Βπνηιο
284 231 329 258 50.
349 232 467 259 llomilia
491 233 564 260 dicta
578 234 604 260 in
626 232 819 261 Bealiludines.
844 235 969 261 Pronun-

177 277 246 303 tiata
263 277 314 311 fuit
328 278 355 304 in
370 278 436 312 [eam
451 279 480 306 S.
498 279 615 307 Nicolai.
628 279 736 314 Incipit,
755 279 820 306 Ὅτε
834 280 902 314 πρὸς
918 280 968 314 τὴν

178 322 277 350 ἑαυτοῦ
297 323 373 350 θεῖαν
388 324 474 359 αὐλὴν
484 325 498 351 ὁ
515 325 655 360 Δεσπότης
674 325 767 353 ἐκάλει
782 326 816 352 τὰ
829 325 883 352 ἴδια
902 325 969 360 πρό-

178 368 258 395 ϐατα.
275 366 324 396 Est
339 369 437 397 ibidem
450 370 495 398 51.

214 415 259 448 75,
280 423 385 443 averso.
413 416 479 450 Λόγ.
504 416 555 445 λα’.
592 417 702 452 ὀμιλῐα
718 418 758 448 είς
780 418 821 450 τὺ,
847 427 855 442 ι
872 417 968 448 Βὶὃλος

176 461 325 492 Γενέσεως,
346 471 355 488 ι
391 462 439 488 καὶ
473 463 537 498 περὶ
571 463 699 499 Μάρθας.
728 463 838 498 Ἐλέχοη
873 463 901 489 ἐν
928 462 968 497 τῷ

177 505 285 539 ἄμϐωνι
301 506 427 542 Κυριακῇ
441 507 494 543 πρὸ
506 509 555 543 τῆς
567 509 686 544 Χριστοῦ
701 511 864 544 γεννήσεως.
877 509 967 537 Sermo

177 550 223 577 51.
241 551 359 579 Homilia
379 554 407 580 in
429 553 516 580 illud:
535 564 544 580 ι
559 554 636 582 Liber
649 555 842 586 Generationis.
859 565 868 581 ι
890 560 913 582 et
936 555 968 582 de

179 596 299 624 Martha.
314 597 492 626 Pronuntiala
509 600 559 634 fuit
571 601 599 628 in
619 602 729 628 umbone
748 601 886 628 Dominica
907 606 967 628 ante

177 642 472 674 Clu-istiNaliuitatem.
492 646 597 682 Incipit.
610 647 663 675 Τοῦ
680 648 729 682 μὲν
743 647 873 682 αἰσθητοῦ
889 647 966 683 ἡλίου

176 688 225 715 τοῦ
240 690 387 725 ὁρίζοντος.
406 691 572 720 Numeratur
591 693 687 721 ibidem
706 694 750 720 15'.

212 735 256 762 76.
276 736 343 770 Λόγ.
356 736 407 772 λβ’.
422 736 530 772 Ὀμιλίοι
546 739 587 770 εἰς
602 739 632 766 τὸ
644 740 714 766 κατὰ
729 741 868 767 Ματθαῖον
880 741 967 774 Εὐαγ-

176 780 278 814 γέλιον,
295 782 422 818 Κυριακῇ
439 784 469 809 A’
482 784 635 818 Ματοαίου,
662 794 672 811 ‹
688 786 782 818 Ὅστις
806 786 966 822 ὁμολογήσει

176 825 206 852 ἐν
231 827 303 861 ἐμοί.
318 837 328 854 ι
351 829 463 866 Ἑλέχθη
484 830 514 856 ὲν
534 831 572 865 τῷ
594 831 701 866 ἄμϐωνι
726 832 776 868 τῆς
801 833 965 868 ἐπισκοπῆς.

177 871 270 899 Sermo
288 873 331 901 52.
349 873 470 902 Homilia
492 877 519 903 in
542 876 714 912 Evangelia»:
733 880 877 906 secundant
896 879 967 906 Mat-

176 918 284 951 lhwum,
303 919 440 948 Dominica
462 930 470 949 ι
494 921 615 950 Matt/nti
628 931 638 951 :
652 934 660 950 ι
681 924 837 959 Quicunque
860 926 968 959 confite-

176 964 249 991 bitur
266 974 316 993 me.
339 976 348 992 ι
365 967 543 996 Pronuntiata
563 969 614 1003 fuit
635 971 663 997 in
684 971 793 998 ambone
812 972 967 1006 episcopali:

175 1011 301 1040 ccclesia'.
319 1013 424 1048 Incipit,
450 1015 479 1041 '0
495 1016 545 1050 μὲν
565 1017 661 1052 καιρὸς
683 1017 751 1052 πρὸς
773 1017 841 1044 αὐτὸ
863 1019 893 1045 τὺ
917 1018 965 1045 τοῦ

176 1055 265 1092 ἔαρος.
284 1058 332 1086 Est
348 1060 444 1087 ibidem
459 1061 506 1088 41.

211 1103 257 1138 79,
278 1112 382 1133 averso.
397 1107 464 1141 Λὸγ.
480 1108 531 1142 λγ’.
554 1108 664 1144 Ὀμιλία
680 1111 720 1142 εὶς
737 1111 775 1144 τὸ,
797 1121 806 1137 ι
831 1111 860 1138 Ὀ
871 1110 966 1146 λύχνος

175 1149 303 1184 σώματός
315 1152 388 1179 ἐστιν
401 1154 414 1179 ὸ
429 1153 580 1190 ὀφθαλμός.
599 1166 608 1182 ι
627 1155 718 1184 Sermo
734 1157 779 1185 55.
794 1157 914 1185 Humilia
937 1159 965 1185 in

174 1194 262 1223 illud.
281 1205 291 1221 ι
309 1195 428 1224 Lucerna
451 1201 568 1233 corporis
583 1206 620 1228 est
642 1202 745 1229 oculus.
776 1203 883 1238 Incipit,
909 1205 965 1231 Καὶ

173 1242 376 1278 χρεωφειλέτης
395 1245 568 1281 εὐχάριστος.
589 1246 636 1274 Est
654 1248 751 1275 ibidem
769 1249 814 1276 42.

208 1287 253 1315 82.
273 1288 340 1322 Λόγ.
355 1289 403 1317 λδ’.
425 1289 533 1326 Ὁμιλία
556 1293 595 1324 εἰς
616 1293 650 1319 τὰ
673 1293 802 1321 ἐπίλοιποι
827 1295 884 1326 τοῦ,
905 1305 913 1321 ι
934 1296 964 1323 '0

172 1331 269 1368 λύχνος
281 1334 328 1360 τοῦ
341 1334 469 1369 σώματός
482 1337 555 1363 ἐστιν
568 1338 582 1363 ὸ
596 1337 745 1373 ὀφθαλμός.
764 1348 774 1365 ι
799 1339 913 1374 Ἐλέχοη
935 1341 964 1367 ὲν

173 1377 213 1412 τῷ
242 1378 361 1413 ἄμϐωνι.
389 1379 481 1407 Sermo
499 1382 544 1408 54.
569 1381 690 1410 Homilia
713 1385 740 1411 in
764 1385 864 1420 reliqua
892 1386 963 1414 illius

173 1424 249 1458 dicti,
269 1434 278 1451 ι
293 1425 412 1454 Lucerna
433 1429 551 1462 corporis
574 1434 611 1456 est
630 1429 731 1457 oculus.
750 1440 760 1456 ι
788 1431 963 1459 Pronuntiala

175 1470 224 1504 fuit
239 1470 265 1497 in
294 1472 412 1499 amboue.
429 1473 536 1509 Incipit,
561 1475 592 1502 οι
610 1475 738 1511 ἀγύρται,
761 1478 808 1504 καὶ
830 1478 961 1511 ἀγελαῖοι,

174 1518 222 1544 καὶ
250 1518 368 1553 πένητες
393 1520 443 1552 τὰς
467 1521 556 1553 οἰκίας
578 1523 811 1558 περινοστοῦντες.
840 1525 964 1553 Occurrit

173 1563 272 1592 ibidem
290 1565 337 1593 45.

206 1610 253 1644 85,
275 1619 383 1641 averso.
405 1613 471 1647 Λόγ.
487 1614 535 1641 λε’.
562 1615 673 1648 Ὀμιλία
692 1617 808 1652 ρηὒεῖσα
829 1618 894 1653 περὶ
915 1619 962 1645 τοῦ

172 1657 375 1694 ἑκατοντάρχου
389 1660 516 1696 Κυριακῇ
529 1661 551 1687 δ’
567 1661 782 1702 τοῦ-Ματθαίου.
807 1664 919 1700 Ἐλὲχθη
935 1666 963 1692 ἐν

171 1704 211 1738 τῷ
225 1704 344 1738 ἄμϐωνι.
361 1704 453 1734 Sermo
466 1707 511 1734 55.
529 1707 648 1735 Ilomilia
668 1709 740 1736 dicta
767 1712 799 1736 de
814 1703 964 1738 centurione

171 1747 313 1776 Dominica
329 1748 365 1776 IV
382 1749 514 1778 Matt/twi.
532 1751 712 1779 Pronuntiata
724 1753 774 1788 fuit
790 1755 818 1781 in
840 1755 963 1784 amboue.

171 1793 277 1829 Incipit,
300 1795 519 1831 Ἀντιστρατεύει
535 1799 591 1830 τοῖς
606 1795 723 1832 ἀγαθοῖξ
741 1799 844 1837 ἔργοις.
863 1801 964 1830 Recen-

170 1846 247 1868 setur
260 1840 359 1869 ibidem
375 1842 421 1869 M.

205 1886 252 1914 86.
269 1886 345 1926 Λόγ.Δ
364 1888 419 1921 λς’.
446 1888 554 1924 Ὀμιλία
578 1890 617 1922 εις
632 1890 682 1926 τὴν
713 1893 877 1928 περιόουλὴν
900 1895 962 1930 (leg.

171 1933 341 1970 παραδολὴν)
359 1935 406 1962 τοῦ
423 1935 597 1970 ἀμπελῶνος.
620 1937 731 1974 Ἐλέχθη
751 1940 780 1966 ὲν
794 1939 833 1975 τῷ
844 1941 901 1975 ναῷ
916 1941 962 1968 τοῦ

170 1979 251 2013 ἁγίου
265 1980 403 2014 Στεφάνου
417 1981 446 2006 ὲν
462 1982 494 2017 τῇ
508 1982 654 2018 Πανόρμῳ.
670 1983 763 2012 Sermo
783 1985 829 2013 56.
843 1985 963 2014 Humilia

171 2025 198 2051 in
221 2025 375 2058 purabolam
406 2027 498 2054 vineaz.
515 2027 701 2061 {Pronuntiata
731 2030 782 2065 fuit
805 2031 833 2058 in
867 2031 963 2066 templo

173 2071 267 2099 Sancti
281 2071 408 2105 Stephani
430 2072 568 2101 Panormi.
588 2074 695 2110 Incipit.
723 2075 768 2108 Ὠς
787 2077 846 2104 λίαν
868 2077 963 2104 καλλί-

172 2125 238 2152 στην
265 2118 383 2153 συνῆψεν
412 2121 427 2146 ό
448 2120 544 2155 χρόνος
571 2120 622 2157 τὴν
651 2121 699 2148 τοῦ
729 2123 962 2158 πρωτομάρτυρος

171 2165 267 2200 ἑορτὴν
305 2167 337 2201 τῇ
373 2167 528 2202 πανηγύρει
565 2168 620 2195 τῶν
649 2168 794 2202 γενεθλίων
829 2169 960 2205 Χριστοῦ.

172 2211 286 2244 Desinit,
305 2211 360 2238 Καὶ¹
376 2213 424 2239 νῦν
440 2213 625 2248 ἐπηγγείλατο
642 2214 734 2241 πίνειν
757 2215 843 2242 τὸτοῦ
865 2217 961 2250 νοητοῦ

170 2257 244 2284 οἴνου
266 2257 406 2292 ποτήριον,
429 2254 460 2284 οὗ
480 2259 528 2285 καὶ
552 2259 626 2294 ἡμᾶς
641 2261 804 2296 μετασχεῖν,
835 2260 864 2288 ἐν
887 2261 961 2297 αὐτῷ

171 2302 282 2337 Χριστῷ
300 2302 339 2337 τῷ
354 2302 413 2338 θεῷ
425 2311 434 2320 ·
453 2300 505 2338 ᾧή
527 2304 590 2336 δόξα
608 2305 655 2331 καὶ
673 2305 713 2340 τῷ
733 2306 834 2340 κράτος
861 2307 909 2333 σὺν
923 2306 962 2340 τῷ

170 2347 282 2383 ἁνάρχῳ
299 2347 385 2382 “arpi.
398 2347 446 2374 καὶ
462 2348 501 2383 τῷ
520 2349 655 2384 ὁμοουσίῳ
673 2350 721 2376 καὶ
736 2349 861 2384 ζωοποιῷ
881 2351 963 2377 Πνεῠ-

172 2402 238 2429 ματι
257 2385 296 2424 εἷς
322 2393 386 2425 τοὺς
398 2393 509 2426 αἰῶνας.
533 2395 629 2430 Ἀμήν.

206 2440 252 2473 88,
272 2447 376 2469 averso.
393 2440 459 2474 Λόγ.
472 2440 521 2473 λζ’.
544 2440 653 2476 Ὀμιλία
667 2442 707 2473 εἰς
722 2442 753 2468 τὸ
768 2442 838 2468 κατὰ
853 2443 961 2469 Λουκᾶν

170 2485 339 2519 Εὺαγγέλιον
352 2486 416 2521 περὶ
431 2487 481 2521 τῆς
491 2487 579 2522 ἄγρας
592 2487 648 2514 τῶν
664 2487 774 2522 ἰχθύων.
803 2488 916 2523 Ἐλέχθη
932 2489 961 2515 ὲν

169 2531 209 2566 τῷ
218 2531 337 2566 ἄμϐωνι.
350 2530 442 2559 Sermo
453 2532 498 2559 56.
511 2532 630 2560 Ilomilia
643 2533 670 2560 in
679 2533 852 2568 Evangelia»:
865 2542 958 2560 secun—

170 2577 233 2603 dum
248 2577 347 2604 Lucam
361 2578 393 2605 de
409 2582 518 2612 captura
536 2580 658 2613 piscium.
673 2579 849 2605 Pronuntiata
868 2579 918 2613 fuit
934 2579 962 2606 in

171 2618 292 2645 umbone.
310 2618 416 2654 Incipit.
434 2620 600 2656 Ἐπειδήπερ
621 2621 707 2656 ἀρχὴν
719 2621 825 2656 εἰλήφει
841 2621 962 2656 σήμερον

171 2663 455 2697 ὑπαναγινώσκεσθαι.
474 2666 522 2693 Est
537 2667 634 2693 ibidem
650 2667 677 2694 5.

207 2708 253 2736 90.
272 2709 339 2743 Δόγ.
359 2710 410 2745 λη’.
432 2711 541 2746 Ὀμιλίαι
566 2712 630 2747 περὶ
651 2712 699 2738 τοῦ
712 2712 770 2739 υἱοῦ
794 2714 844 2748 τῆς
862 2712 960 2747 χήρας.

178 2754 293 2790 Ἐλέχθη
306 2756 336 2782 ὲν
353 2757 386 2791 τῇ
403 2757 507 2792 μεγάλῃ
520 2759 588 2792 μονῇ
609 2757 656 2784 τοῦ
681 2758 806 2794 Σωτῆρος
834 2758 963 2793 Ἀκροτη-

174 2802 244 2836 ρίου,
260 2801 443 2833 ἀποθανόντος
462 2802 509 2828 τοῦ
528 2802 638 2838 πρώτου
661 2803 774 2838 ψάλτου.
801 2803 893 2830 Sermo
916 2803 960 2829 58.

175 2847 295 2875 Ilomilia
312 2848 344 2876 de
362 2848 417 2875 ﬁlio
438 2849 531 2875 l‘IlIIfll‘.
551 2849 729 2876 Prona/uiola
750 2850 799 2884 fuit
823 2850 849 2876 in
869 2856 961 2882 magno

1021 189 1179 216 monasterio
1196 187 1346 215 Saluatoris
1369 187 1574 222 ’Λκρυτηρίοι,·,
1594 188 1681 222 primo
1703 193 1811 215 tantum

1019 233 1166 261 demortuo.
1177 233 1388 268 Iucipit,"A).7.-qv
1402 233 1528 260 ὑπόθεσιν
1540 234 1708 269 ὡρμημένος
1718 233 1811 268 προοί-

1021 287 1082 313 μιον
1095 279 1141 306 τοῦ
1159 279 1238 313 λόγου
1251 279 1425 314 ποιήσασθαι.
1439 278 1486 306 Est
1498 280 1595 307 ibidem
1611 280 1639 306 6.

1055 324 1094 352 Ex
1111 325 1192 360 hujus
1209 325 1327 352 homiliaa
1346 325 1532 359 inscriptione,
1549 333 1609 360 qua:
1632 324 1662 351 P.
1681 324 1810 351 Scorsum

1018 370 1109 402 latuit,
1129 370 1182 397 duo
1200 370 1268 397 scitu
1281 370 1359 406 digna
1375 370 1496 405 colligas,
1509 377 1568 397 eam
1584 370 1711 398 videlicet
1732 370 1811 396 habi-

1020 419 1073 443 tant
1089 414 1172 443 fuisse
1187 415 1327 449 Messanre,
1345 415 1443 451 quippe
1468 415 1545 449 cujus
1564 416 1589 442 in
1609 420 1704 450 portus
1725 416 1813 450 ἀκρο-

1018 461 1115 496 τηρίῳ,
1144 461 1201 489 sive
1227 461 1393 495 summitate,
1427 462 1528 490 exstitit
1554 461 1618 489 olim
1648 461 1812 491 Salvutoris,

1019 508 1089 542 quod
1118 507 1161 534 hic
1192 512 1369 540 memoratur,
1395 508 1599 538 monasterium.
1631 513 1661 535 ιιι
1686 516 1721 534 ex
1748 512 1812 534 nola

1018 553 1118 581 codicis
1148 553 1176 586 2,
1203 553 1284 588 hujus
1311 554 1395 581 nostri
1419 554 1533 589 calalogi
1564 554 1641 588 plane
1681 558 1811 584 constat;

1018 599 1113 627 deinde
1127 599 1225 630 virum,
1240 599 1317 633 cujus
1333 599 1512 634 Theophanes
1531 604 1644 626 mortem
1667 599 1693 626 iu
1708 599 1814 625 oratio-

1019 645 1061 673 nis
1074 645 1185 673 exordio
1201 645 1334 679 deplorat,
1359 645 1478 680 ejusdem
1505 645 1664 673 monasterii
1685 644 1814 672 ecclesia:

1018 690 1229 726 πρωτοψάλτην,
1250 691 1275 717 id
1293 696 1345 724 est,
1370 691 1485 726 primum
1502 696 1652 724 cautorem,
1676 691 1718 718 vel
1741 698 1814 725 prac-

1017 742 1155 765 centorem
1167 737 1316 766 exstitisse.
1330 738 1405 771 Quod
1424 742 1513 765 autem
1529 746 1591 766 eum
1604 737 1719 765 iratrem
1732 745 1813 764 suum

1017 783 1143 818 appellat,
1163 791 1215 811 non
1230 783 1293 812 inde
1309 791 1375 811 sane
1396 784 1540 812 conficitur
1560 787 1622 811 cum
1646 784 1699 819 ipsi
1727 784 1815 812 fuisse

1018 828 1158 862 sanguinis
1169 829 1329 863 cognatione
1346 829 1469 862 fratrem,
1482 829 1712 865 quemadmodum
1739 830 1814 856 idem

1017 872 1048 901 P.
1069 873 1183 902 Scorsus
1198 874 1224 902 in
1243 875 1315 903 nolis
1336 874 1470 909 afﬁrmat;
1487 876 1539 902 hoc
1552 876 1624 903 enim
1644 880 1675 902 ut
1699 876 1815 903 nomine

1017 920 1202 955 compellaret,
1229 929 1319 950 nonne
1346 921 1386 949 vel
1419 921 1559 949 familiaris
1594 921 1716 949 sodalitii
1746 921 1817 948 satis

1017 971 1077 994 erat
1095 966 1270 1001 coniunctio?
1291 966 1425 995 Prteterea
1441 967 1465 995 si
1480 974 1560 995 verus
1579 967 1740 1002 TbeOphani
1764 967 1817 994 de-

1017 1013 1145 1041 cessisset
1161 1014 1253 1047 frater,
1270 1021 1304 1041 an
1316 1013 1444 1041 credibile
1458 1018 1500 1041 est
1514 1021 1576 1041 eum
1589 1014 1615 1040 in
1631 1013 1677 1040 illo
1689 1018 1816 1040 tantum-

1017 1059 1099 1086 modo
1129 1059 1223 1086 formze
1246 1059 1346 1092 decus,
1377 1059 1484 1093 dignam
1519 1059 1673 1087 sacerdotio
1700 1059 1815 1090 faciem,

1016 1110 1120 1141 gratam
1144 1106 1170 1133 in
1192 1106 1318 1134 convictu
1339 1106 1506 1138 comitatem,
1531 1106 1631 1133 variam
1650 1113 1681 1132 ac
1697 1113 1813 1134 suavem

1016 1152 1171 1186 psalmodize
1213 1153 1441 1185 modulationem,
1467 1152 1660 1188 praetermissis
1695 1152 1814 1179 fraterni

1016 1198 1116 1226 amoris
1143 1198 1308 1226 dulcissimis
1336 1199 1473 1230 sensibus,
1497 1198 1580 1225 fuisse
1611 1198 1816 1225 lau'aturum?

1015 1245 1118 1272 Deinde
1137 1245 1162 1272 in
1181 1245 1238 1279 ipsa
1255 1244 1370 1272 homiliaz
1392 1244 1570 1279 inscriptione
1592 1243 1685 1272 fratris
1709 1245 1815 1278 potiu<,

1016 1298 1098 1326 quam
1113 1291 1232 1319 camuris
1247 1290 1318 1318 facta
1335 1290 1431 1318 fuisset
1443 1290 1554 1318 mentio.
1567 1290 1723 1322 Postremo,
1738 1291 1814 1324 quod

1015 1336 1136 1363 omnium
1163 1335 1299 1363 rationum
1316 1340 1406 1370 caput,
1424 1335 1504 1363 nullis
1530 1335 1685 1362 litterarum
1712 1343 1815 1363 monu-

1015 1382 1114 1409 mentis
1128 1381 1306 1416 Theophanes
1323 1381 1433 1408 fratrem
1445 1381 1575 1408 habuisse
1592 1381 1724 1408 traditur.

1050 1428 1094 1455 95.
1114 1428 1180 1462 Λόγ.
1208 1426 1257 1454 λθ.
1292 1427 1402 1462 Ὀμιλία
1432 1428 1474 1459 εἰς
1497 1427 1546 1461 τὴν
1570 1427 1733 1461 παραϐολὴν
1764 1427 1815 1454 τοῦ

1015 1472 1129 1507 σπόρου.
1149 1472 1262 1507 Ἐλέχθη
1276 1471 1354 1507 ἐντῷ
1377 1471 1493 1507 ἄμϐωνι.
1517 1471 1608 1499 Sermo
1624 1472 1669 1499 59.
1689 1472 1815 1499 "amilia

1014 1519 1041 1545 in
1056 1518 1212 1551 parabolam
1226 1517 1360 1544 sementis.
1379 1516 1558 1544 Pronuuliata
1571 1517 1620 1552 fuit
1643 1517 1669 1544 in
1686 1518 1815 1546 amboue.

1014 1565 1121 1599 Incipit,
1148 1566 1179 1592 Οἱ
1200 1565 1250 1595 τὰς
1275 1563 1383 1600 μακρὰς
1409 1564 1564 1598 ἀποδημῖας
1586 1564 1648 1590 κατ’
1671 1563 1817 1600 ἐμπορίαν

1014 1611 1130 1638 πλούτου
1144 1611 1326 1646 στελλόμενοι.
1348 1611 1395 1638 Est
1410 1610 1509 1637 ibidem
1521 1609 1547 1637 7.

1049 1657 1094 1690 95,
1114 1664 1220 1684 averso.
1241 1656 1307 1690 Λόγ.
1329 1655 1366 1691 μ’.
1391 1655 1500 1691 Ὀμιλὶα
1539 1655 1603 1690 περὶ
1630 1655 1678 1682 τοῦ
1702 1657 1818 1691 ἐπερω-

1013 1703 1146 1739 τήσαντος
1156 1702 1282 1738 νομικοῦ.
1301 1702 1412 1737 Ἐλέχθη
1429 1703 1456 1728 ὲν
1470 1702 1509 1737 τῷ
1520 1701 1628 1737 dumut
1645 1701 1696 1736 τῆς
1718 1702 1820 1736 ἀρχιε-

1014 1749 1154 1784 πισκοπῆς
1172 1748 1241 1783 μετὰ
1254 1747 1304 1783 τὴν
1315 1749 1346 1775 ὲκ
1368 1747 1493 1779 Σικελίας
1509 1748 1696 1783 ὑποστροφήν.
1719 1746 1820 1774 Sermo

1013 1796 1059 1822 ΔΟ.
1077 1795 1192 1822 Homilia
1208 1795 1240 1822 de
1258 1794 1407 1829 legisperito
1426 1793 1819 1828 interrogante.Pronuntiata

1014 1842 1065 1877 fuit
1081 1842 1106 1868 in
1124 1842 1232 1868 umbone
1245 1841 1360 1868 ecclesia?
1377 1840 1622 1875 archiepiscopalis,
1646 1845 1706 1872 post
1732 1848 1819 1866 suum

1013 1895 1045 1915 ea:
1069 1887 1163 1915 Sicilia
1190 1887 1313 1913 reditum.
1339 1886 1375 1912 At
1392 1886 1532 1920 legendum
1555 1885 1599 1912 hic
1629 1884 1751 1916 videtur,
1774 1886 1818 1916 et;

1014 1933 1149 1964 Σικελίαν,
1174 1934 1201 1960 in
1228 1932 1361 1963 Siciliam,
1385 1936 1415 1958 ut
1441 1932 1498 1966 ipse
1523 1930 1641 1958 liomilite
1665 1935 1821 1958 contextus

1014 1980 1144 2008 clamitat.
1175 1977 1280 2012 Incipit,
1297 1977 1335 2003 Οὐ
1360 1976 1488 2003 τοσοῦτον
1513 1974 1668 2010 αὐχμώδης
1688 1976 1739 2010 γῆ,
1769 1975 1822 2002 καὶ

1013 2026 1122 2062 κραναὴ
1140 2025 1187 2052 καὶ
1203 2024 1367 2058 κατάξηρος.
1385 2024 1433 2050 Est
1446 2023 1544 2050 ibidem
1565 2023 1610 2049 II.

1051 2071 1138 2107 Hujus
1153 2070 1269 2099 homilite
1284 2070 1335 2097 sub
1354 2069 1432 2096 finem
1449 2069 1571 2096 occurrit
1593 2069 1670 2096 Patri
1699 2069 1822 2103 Scorso,

1014 2126 1076 2153 pag.
1095 2117 1198 2145 scilicet
1211 2116 1245 2144 68
1256 2115 1382 2143 editionis
1397 2115 1430 2142 ab
1446 2115 1505 2150 ipso
1529 2115 1622 2146 facue,
1640 2115 1687 2142 ubi
1703 2115 1824 2143 elucent

1014 2164 1071 2190 luce
1098 2163 1179 2190 verba
1218 2160 1350 2188 asterisco
1375 2163 1466 2187 notata
1503 2159 1556 2187 κᾶν
1586 2160 1725 2195 ἐτύγχανε
1754 2161 1823 2196 τὴν,

1014 2209 1088 2235 locus
1103 2208 1244 2242 scriptura;
1261 2206 1412 2240 depravattc
1429 2205 1494 2233 vitio
1520 2205 1598 2233 valde
1619 2207 1760 2234 obscurus
1788 2215 1824 2234 ac

1014 2254 1245 2288 dillicilis,quem,
1267 2251 1380 2279 alterius
1400 2250 1563 2285 exemplaris
1589 2251 1717 2279 subsidio
1735 2252 1825 2286 plane

1014 2299 1170 2332 destitutus,
1194 2305 1224 2325 se
1243 2297 1288 2324 ille
1315 2297 1456 2331 proﬁtetur
1478 2300 1695 2329 commentatum
1723 2298 1826 2331 potius

1013 2353 1073 2373 esse
1089 2353 1170 2380 quam
1189 2344 1409 2378 interpretatum.
1431 2342 1458 2369 Id
1475 2346 1567 2369 autem
1586 2342 1686 2369 vitium
1705 2347 1767 2370 tum
1785 2351 1823 2370 ex

1013 2395 1176 2426 prapostera
1204 2388 1364 2423 trajectioue
1390 2388 1535 2416 verborum
1557 2395 1591 2415 ex
1618 2396 1674 2415 una
1701 2389 1826 2423 periodo

1014 2437 1040 2464 in
1052 2436 1142 2467 aliam,
1153 2441 1208 2461 tum
1217 2441 1250 2461 ex
1259 2441 1340 2469 prava
1352 2434 1427 2461 vocis
1437 2433 1625 2468 ὲτυγχανέτην
1636 2434 1664 2460 iu
1677 2434 1827 2470 ἐτύγχανε

1014 2490 1047 2510 ac
1063 2482 1114 2516 τὴν
1128 2480 1260 2508 divisione
1287 2487 1401 2514 prorsus
1417 2480 1568 2507 emanavit.
1591 2479 1630 2506 At
1653 2487 1717 2507 cttm
1736 2481 1828 2515 hujus

1013 2529 1074 2555 vitii
1095 2527 1192 2561 eipers
1208 2526 1243 2553 sit
1257 2525 1324 2552 liber
1338 2530 1440 2557 noster,
1454 2532 1543 2560 operae
1567 2526 1688 2561 pretium
1714 2526 1828 2554 facturi

1014 2574 1098 2600 simtts
1113 2572 1270 2602 maximum,
1286 2570 1320 2602 si,
1338 2577 1393 2604 quo
1409 2574 1482 2598 totus
1503 2571 1579 2597 locus
1599 2571 1716 2598 sanitati
1734 2572 1828 2599 resti-

1015 2621 1116 2650 tuatur,
1133 2616 1213 2644 verba
1229 2615 1319 2649 omnia
1339 2616 1372 2642 ad
1396 2615 1482 2650 ipsum
1505 2615 1720 2650 intelligendum
1733 2618 1830 2651 perli-

1014 2664 1117 2695 nentia,
1144 2665 1224 2696 prout
1249 2661 1275 2688 in
1306 2661 1408 2689 codicis
1432 2669 1483 2689 ms.
1509 2661 1557 2688 fol.
1595 2670 1699 2690 averso
1727 2664 1767 2691 9'7
1794 2671 1831 2691 se

1015 2711 1127 2740 habent,
1143 2715 1224 2743 quam
1248 2707 1452 2735 accuratissime
1473 2713 1724 2741 reprtesentemus,
1746 2714 1832 2737 aste-

1016 2756 1092 2782 riscis
1106 2762 1136 2782 ea
1152 2753 1277 2781 videlicet
1289 2753 1433 2787 complexi,
1445 2761 1505 2788 qua:
1516 2754 1577 2781 suis
1592 2761 1688 2782 emota
1703 2756 1832 2782 sedibus

1016 2806 1207 2834 corruptaque,
1222 2799 1413 2827 obscuritatem
1430 2806 1571 2834 peperere.
1583 2799 1622 2827 Ea
1640 2808 1708 2829 vero
1724 2800 1832 2835 hujus-

1016 2845 1088 2872 lllOlIi
1105 2849 1176 2871 sunt.
