1874 3055
139 125 172 159 31
716 127 908 160 RECENSIO
929 127 1011 159 COD.
1034 129 1192 160 MATRIT.
1743 128 1779 159 32

138 185 320 216 Pronuntiata
335 189 387 224 fuit
405 190 534 221 Panormi
550 194 576 221 in
596 194 800 230 processioncm,
818 194 845 220 in
861 201 928 227 pra:-

139 233 225 260 sentia
251 235 330 269 regis.
351 236 459 272 Incipit,
481 239 584 276 Φαιδρὰ
604 241 655 276 τῆς
673 240 815 276 παρούσης
831 240 930 276 ἑορτῆς

139 278 156 313 ἡ
177 279 344 314 συνέλευσις,
360 281 474 319 λαμπρὰ
487 284 538 320 τῆς
558 285 741 322 πανηγύρεως
752 286 770 322 ἡ
783 285 930 322 συνάθροι·

139 332 192 356 σις,
208 324 255 353 Est
269 326 367 354 ibidem
383 328 429 357 26.

177 368 262 405 Hujus
287 371 403 401 homilim
423 375 640 414 inscriptionem,
667 380 795 408 Panormi
818 381 930 408 nomine

140 420 259 449 auctam,
284 418 306 445 si
323 419 436 448 vidisset
459 421 490 449 P.
512 422 639 457 Scorsus.
660 434 713 454 non
728 434 788 454 eam
814 426 931 455 fortasse

141 467 226 508 eusus
242 463 337 492 fuisset
349 466 583 505 Constantinopoli
598 479 691 500 coram
706 473 868 508 imperatore
880 475 931 501 ha-

141 507 301 557 bitamfsso
317 517 372 540 tam
388 516 489 543 acriter
505 517 531 544 in
556 517 674 548 Prooem.
694 507 752 557 II,§
768 521 795 554 6,
815 526 930 549 conten-

140 552 214 600 dere.
227 553 326 584 Verum
343 557 387 585 ille
399 563 455 587 toto
470 562 561 591 animo
573 571 605 592 ac
617 565 705 593 studio
763 552 930 600 probandum

140 598 274 647 incumbit
284 603 417 632 vocabulo
434 606 575 642 βασιλεὺς,
586 611 658 644 quod
677 598 858 647 Theophanes
869 621 930 641 cum

142 645 196 678 hic,
223 651 279 675 tum
305 649 380 684 alibi,
404 657 468 686 puta
487 653 597 682 homilia
616 655 633 683 4
651 661 677 684 et
703 645 760 689 40,»
779 659 930 686 secundum

141 690 304 721 Scorsanam
328 696 488 730 editionem.
504 706 630 736 usurpat,
650 702 931 738 Constantinopolita-

140 740 234 785 tnnum
248 739 453 775 imperatorem,
469 751 521 772 non
539 745 661 775 Siculum
675 756 764 784 regem
781 750 928 785 designari.

141 782 207 811 Esto
229 792 307 818 sane,
324 790 552 822 quemadmodum
569 793 626 827 ipse
648 782 743 822 muliis
760 782 929 830 comprobat,

141 829 169 856 id
186 832 359 878 vocabulum,
375 836 409 862 ad
421 835 541 865 Orientis
561 838 742 874 imperatores
764 842 798 869 ab
819 829 931 878 Europze

141 875 250 910 regibus
262 881 455 915 secernendos,
473 883 499 910 in
510 884 665 918 diplomatis
682 887 740 916 sive
756 888 816 916 aliis
831 875 931 917 instru-

142 923 242 950 mentis
261 925 377 959 publicis
397 926 478 955 fuerit
498 929 644 966 usitatum;
666 932 713 960 sed
731 942 834 962 morem
859 936 932 964 hunc

142 975 196 996 non
211 970 247 997 ita
265 972 374 1006 quidem
393 974 540 1004 invaluisse
560 978 735 1013 crediderim,
751 986 780 1009 ut
798 982 932 1017 episcopis

142 1021 221 1050 reges
238 1023 301 1045 suos
325 1018 350 1045 in
373 1021 511 1054 precibus,
528 1027 577 1051 ant
594 1025 784 1059 concionihus,
808 1031 854 1054 aut
878 1029 931 1056 alio

143 1061 240 1107 quovis
270 1064 403 1093 orationis
419 1074 517 1101 genere
540 1070 704 1105 compellare
729 1072 859 1107 βασιλέας
879 1075 932 1102 mi-

143 1106 216 1135 nime
234 1108 337 1137 liceret.
351 1110 486 1141 Caeterum
511 1106 803 1153 suamlcommentator
825 1121 932 1155 opinio-

142 1159 204 1199 nem
221 1154 260 1181 sic
275 1156 412 1185 mordicus
425 1159 524 1194 ubique
535 1165 618 1195 tenet,
633 1165 779 1199 utquoties
793 1154 931 1195 auctorem

144 1197 274 1244 θασιλεὺς
305 1209 403 1231 nomen
436 1205 618 1240 proferentem
654 1197 740 1244 audit,
761 1219 824 1240 eum
853 1214 933 1242 toties

142 1241 408 1290 Donatantinopolim
434 1256 521 1285 usque
547 1258 640 1281 coram
669 1241 834 1290 imperatore
850 1241 932 1286 verba

142 1288 290 1324 facturum,
317 1299 350 1320 eo
373 1294 435 1329 Ipso
462 1300 584 1331 tempore
607 1305 662 1334 quo
684 1288 734 1330 nec
755 1309 770 1330 a
795 1302 868 1339 regis
890 1305 932 1332 sui

143 1342 291 1385 conspectu
305 1339 413 1373 oculos,
428 1349 480 1369 nec
495 1350 511 1370 a
528 1343 622 1372 Sicllla
638 1346 734 1381 pedem
754 1353 856 1384 movet,
869 1358 933 1385 per-

143 1380 256 1416 ducere,
271 1384 314 1412 vel
333 1385 424 1419 potius
440 1387 549 1418 trahere
561 1380 734 1427 nequaquam
752 1380 866 1422 dubitei.

178 1427 241 1476 131]
264 1436 371 1476 averso.
398 1432 467 1468 Λόγ,
487 1433 535 1462 νε’.
555 1435 667 1473 Ὀμιλία
682 1439 724 1471 είς
738 1439 780 1472 τὸ,
805 1450 815 1466 ι
834 1441 891 1476 Πρὸ
903 1442 934 1475 ἐξ

143 1474 258 1525 ημερῶν
266 1475 315 1525 τοῦ
328 1477 451 1525 Πάσχαίι
466 1479 698 1518 Superscriptnm,
722 1485 836 1523 Ἐλέχθη
851 1474 881 1515 έν
895 1474 934 1525 τῷ

145 1519 265 1554 ᾶμϐωνι.
294 1520 387 1550 Sermo
407 1523 453 1552 55.
480 1525 599 1556 Homilia
617 1529 645 1556 in
662 1529 730 1557 illud
744 1539 754 1558 :
774 1519 867 1561 ("Ante
888 1519 934 1561 uit:

143 1565 198 1592 dies
218 1565 340 1596 Pan/iw.
358 1578 368 1596 ι
387 1569 567 1600 Pronuntiata
591 1574 642 1610 fuit
657 1577 684 1604 in
694 1577 816 1605 umbone.

180 1613 284 1661 Incipit,
305 1616 358 1644 Τοῦ
378 1618 516 1646 Δεσπότου
531 1619 579 1648 καὶ
599 1621 726 1658 Σωτῆρος
743 1624 823 1660 ήμῶν
843 1625 933 1661 Ἰησοῦ

143 1659 174 1686 τὸ
188 1660 331 1708 ὑπερφυὲς
354 1665 402 1690 καὶ
423 1665 495 1700 μέγα
518 1665 612 1702 θαῦμα
635 1659 801 1704 ποιήσαντος
818 1659 933 1708 τὴν-τε·

143 1707 304 1742 τραημέρου
329 1708 376 1735 τοῦ
401 1709 529 1746 Λαζάρου
547 1712 709 1742 ἀνάστασιν.
737 1707 851 1750 Desinit,
878 1717 935 1745 Καὶ

143 1753 177 1788 τῇ
191 1753 300 1789 θεότητι
309 1754 354 1782 διὰ
371 1755 420 1783 τοῦ
433 1757 644 1794 προλήμματος,
657 1759 725 1795 ὅπερ
735 1761 830 1796 γέγονε
839 1761 934 1791 ἑνώσει

143 1799 285 1845 ὸμόθιιον·
303 1801 333 1828 ὲν
357 1803 409 1838 μιᾷ
430 1802 477 1829 τοῦ
490 1803 571 1839 λόγου
588 1805 758 1834 ὑποστάσει·
775 1807 824 1835 σὺν
846 1809 935 1845 Πατρὶ

143 1844 193 1871 καὶ
204 1844 345 1881 Πνεύματι
361 1846 544 1884 δοξαζόμενον
560 1848 610 1877 νῦν
622 1851 672 1878 καὶ
686 1851 742 1886 ἀεὶ,
754 1854 803 1881 καὶ
815 1854 856 1886 είς
870 1844 934 1888 τοῦς

144 1891 256 1925 αἰῶνας.
281 1893 380 1930 Ἀμήν.

182 1939 244 1967 154.
259 1939 325 1974 Δόγ.
337 1940 391 1973 νς’.
406 1940 514 1976 ὀμιλία
526 1943 566 1976 εἰς
573 1943 624 1980 τὴν
634 1945 793 1982 παραϐολὴν
803 1947 857 1974 τῶν
867 1947 934 1976 δέκα

145 1985 301 2020 παρθένων.
319 1986 411 2014 Sermo
431 1987 474 2015 56.
491 1988 612 2017 llomilia
631 1991 658 2018 in
671 1991 827 2024 parabolam
845 1994 934 2022 decem

148 2027 301 2064 Virginum.

178 2075 288 2111 Incipit,
305 2077 414 2114 Ταύτην
431 2079 488 2114 ἐγὼ
502 2081 618 2117 πάσχειν
639 2081 717 2110 ἔοικα
739 2083 861 2120 σήμερον
875 2085 933 2112 ὅσοι

143 2123 361 2158 περισκοποῦσιν
377 2125 551 2161 ὲναιθρίατον
570 2127 685 2161 οὐρανὸν
700 2128 748 2155 καὶ
759 2129 932 2164 θαυμάζουσι

142 2167 199 2195 τῶν
216 2169 340 2205 ἀστέρων
358 2170 394 2198 τὰ
420 2171 619 2208 σελαγίσματα.
643 2174 758 2207 Desinit,
776 2175 822 2210 Τῷ
847 2175 932 2212 ιλαρῷ

142 2213 192 2249 τῆς
207 2213 394 2250 ἐλεημοσύνης
408 2216 490 2252 ἐλαίῳ
509 2219 614 2254 ταύτην
636 2219 803 2253 πιαίνοντες,
821 2221 866 2247 ἵνα
884 2222 933 2249 καὶ

142 2258 181 2294 τῷ
193 2259 437 2297 νυμφίῳᾛριστῷ
456 2263 498 2294 εἰς
511 2263 558 2290 τὸν
581 2264 717 2300 μακάριον
737 2265 860 2301 θάλαμον
882 2267 932 2294 σὺν

142 2305 321 2341 εἰσέλθωμεν,
342 2307 457 2335 καὶτῶν
477 2310 626 2345 ἀκηράτων
645 2311 758 2345 ἀγαθῶν
766 2312 932 2340 ἀπολαύσω--

144 2359 205 2386 μεν,
226 2352 255 2378 ὲν
270 2352 381 2388 Χριστῷ
397 2353 488 2390 Ἰησοῦ
503 2356 545 2391 τῷ
564 2357 659 2393 Κυρίῳ
680 2357 761 2393 ἡμῶν
772 2367 780 2375 ο
796 2355 819 2393 ᾧ
835 2361 851 2395 ὴ
868 2360 931 2394 δόξα

141 2397 182 2429 εἰς
197 2398 262 2430 τοὺς
278 2398 451 2435 ἀπεράντους
463 2402 566 2434 αἰῶνας
580 2403 635 2430 τῶν
650 2404 769 2432 αίώνων.
789 2404 888 2442 Ἀμήν.

178 2443 240 2477 156,
259 2451 365 2474 averso.
380 2446 447 2481 Λόγ.
465 2447 516 2480 νζ’.
532 2449 585 2476 Τοῦ
601 2449 685 2477 αὑτοῦ
697 2450 791 2486 ὁμιλία
804 2452 867 2488 περὶ
881 2453 931 2489 τῆς

141 2489 307 2527 ἀπογραφῆς
321 2492 373 2527 τῆς
387 2493 532 2524 Θεοτόκου.
553 2495 645 2524 Sermo
666 2497 712 2525 57.
735 2497 862 2533 Ejusdem
884 2499 932 2527 Ιιο-

143 2536 265 2564 milia'de
279 2546 358 2566 centu
372 2539 503 2573 Deipom.

170 2579 277 2616 Incipit,
287 2582 410 2617 Ἐγένετο
418 2585 447 2611 δὲ
455 2586 485 2612 ὲν
494 2586 555 2617 ταῖς
562 2586 682 2621 ἡμέραις
691 2587 821 2621 ἐκείναις,
832 2588 931 2624 ἐξῆλθε

141 2626 230 2661 δόγμα
241 2628 317 2663 παρὰ
336 2629 472 2666 Καίσαρος
481 2631 638 2666 Αὐγούστου
656 2633 868 2669 ἀπογράφεσθαι
878 2635 933 2662 πᾶ-

143 2680 194 2699 σαν
206 2672 254 2708 τὴν
264 2674 428 2711 οἰκουμένην
440 2684 448 2692 ο
466 2676 563 2713 αὕτηὴ
576 2678 725 2714 ἀπογραφὴ
739 2680 849 2714 ἐγένετο
865 2681 932 2715 ἡγε-

144 2719 305 2753 μονεύοντος
319 2721 368 2755 τῆς
378 2722 478 2757 Συρίας
487 2723 633 2759 Κυρηνίου.
650 2725 763 2758 Desinit,
785 2726 929 2762 Ἐπέστρε-

141 2764 195 2800 ψαν
213 2765 242 2792 δὲ
257 2767 282 2793 οἱ
302 2767 432 2802 ποιμένες
456 2769 683 2804 εὐχαριστοῦντες
702 2771 748 2798 ἐπὶ
774 2772 872 2799 πᾶσιν.
891 2774 929 2800 Οὐ

141 2811 198 2847 γὰρ
223 2809 295 2847 ἦσαν
319 2813 447 2849 φθονεροὶ
473 2815 546 2842 κατὰ
570 2816 727 2848 Ἰουδαίους.
742 2818 788 2853 Τῷ
814 2819 844 2846 δὲ
870 2819 930 2855 Θεῷ

141 2857 222 2892 ἡμῶν
233 2858 276 2895 εῐη
293 2858 357 2892 δόξα
370 2860 410 2892 είς
431 2861 493 2893 τοὺς
508 2860 608 2894 αἰῶνας
621 2862 675 2890 τῶν
691 2863 799 2891 αῑῶνων
830 2864 926 2900 ’Δμήν.

1021 192 1083 226 157,
1097 199 1204 221 averso.
1219 192 1287 227 Λόγ.
1298 191 1349 228 νη¹.
1362 191 1415 219 Τοῦ
1430 191 1513 219 αὑτοῦ
1525 191 1617 227 ὁμιλία
1629 191 1671 223 εἰς
1681 191 1712 218 τδ
1725 192 1779 218 ὑπὸ

984 235 1061 263 παντ¹
1078 237 1137 272 (sic)
1158 237 1204 264 τοῦ
1221 237 1323 273 Κυρίου
1342 237 1422 273 ἡμῶν
1444 237 1533 272 Ἰησοῦ
1561 237 1694 272 Χριστοῦ.
1711 236 1778 264 ειν-

984 291 1027 310 mo
1042 283 1087 310 58.
1097 283 1223 316 Ejusdem
1232 284 1341 311 homilia
1355 285 1382 311 in
1396 283 1464 311 illud
1537 292 1547 310 ι
1567 283 1676 310 Domini
1691 283 1778 310 nostri

983 327 1050 356 Iesu
1069 329 1180 357 Christi.
1201 339 1211 356 ι

1019 376 1128 410 Incipit,
1142 376 1195 403 Καὶ
1211 377 1256 403 ὅτε
1278 376 1455 412 ἐπλήσθησαν
1469 377 1498 403 al
1521 376 1624 412 ἡμέραι
1642 375 1716 403 ὀκτὼ
1729 376 1778 402 τοῦ

984 423 1143 458 περιτεμεῖν
1159 423 1189 449 τὺ
1204 422 1321 456 παιδίον,
1342 423 1390 450 καὶ
1406 423 1509 458 ἐκλήθη
1530 424 1560 450 τὸ
1582 423 1669 458 δνομα
1693 423 1778 449 αὑτοῦ

990 469 1107 504 Ἰησοῦς,
1118 469 1149 496 τὸ
1160 470 1262 503 κληθὲν
1274 470 1326 497 ὑπὸ
1337 470 1384 497 τοῦ
1401 470 1527 505 ἀγγέλου.
1540 470 1652 502 Desinit,
1661 471 1698 496 Οὐ
1709 470 1780 505 προς

983 515 1135 551 λαμϐάνειν
1155 517 1254 551 σοφίαν
1265 525 1271 532 ·
1286 517 1312 544 τί
1328 518 1384 553 γὰρ
1406 518 1453 544 τοῦ
1476 517 1604 553 ἀπάρχου
1616 517 1723 543 τελείου
1736 517 1780 551 γέ-

985 562 1050 589 νοιτ’
1073 563 1106 589 ἂν
1128 563 1320 599 τελειώτερον;
1336 564 1403 591 ἀλλὰ
1418 565 1468 599 τὴν
1489 561 1574 590 οὖσαν
1596 563 1666 590 κατὰ
1689 563 1779 599 βραχὺ

985 607 1180 644 παράγυμνον.

1023 654 1084 687 159,
1108 662 1214 682 averso.
1233 655 1298 690 Λόγ.
1315 655 1364 683 νθ’.
1388 655 1500 691 ὐμιλία
1512 657 1553 688 είς
1564 656 1595 683 τὺ
1608 656 1778 690 Εὗαγγέ).ιον

985 702 1025 732 είς
1038 701 1078 731 τὸ,
1092 711 1101 727 ι
1119 701 1163 727 Ἐν
1175 701 1251 737 Κεινᾷ
1262 703 1312 737 τῆς
1325 703 1484 735 Γαλιλαίας.
1496 702 1588 730 Sermo
1600 703 1645 730 59.
1660 702 1779 729 llamilia

985 746 1013 773 in
1026 745 1208 781 Euangelium,
1221 748 1247 773 in
1268 747 1335 774 illud
1348 756 1358 775 :
1373 758 1382 774 ι
1400 748 1433 775 1η
1449 747 1667 775 Cano'Galt'la'az.
1686 757 1695 773 ι

1020 792 1124 827 Incipit,
1134 793 1275 828 Τῷκαιρῷ
1285 794 1381 830 ἐκείνῳ
1397 795 1486 829 γάμος
1499 794 1618 829 ἐγένετο,
1638 794 1734 829 φησὶν,
1747 794 1777 820 ἐν

986 837 1062 873 Κανᾷ
1086 839 1136 872 τῆς
1152 839 1310 872 Γαλιλαίας,
1337 840 1452 873 Desinit,
1471 841 1508 867 Τὺ
1528 840 1556 866 δὲ
1573 841 1636 871 τοὺς
1656 840 1780 870 δικαίους

986 887 1101 920 χωρίσαι
1119 886 1173 912 ἀπὸ
1197 886 1250 912 τῶν
1271 886 1455 922 ἁμαρτωλῶν,
1479 887 1527 913 και)⁸
1547 887 1698 921 διακρίνειν
1715 887 1780 918 τοὺς

986 931 1106 965 ἀγαθοὺς
1135 932 1188 958 ἀπὸ
1209 932 1264 958 τῶν
1289 933 1417 968 πονηρῶν
1438 932 1512 968 μόνῳ
1532 932 1643 968 Θεῷτῷ
1666 932 1780 968 ἄρχοντι

987 977 1035 1003 καὶ
1047 977 1234 1012 οἰκονομοῦντι
1249 978 1372 1013 πέφυκεν
1388 978 1464 1005 ἴδιον.

1024 1024 1084 1051 M3.
1101 1024 1212 1051 Averso.
1229 1025 1295 1058 Λόγ.
1311 1024 1340 1057 ξ’.
1364 1025 1474 1059 Ὀμιλία
1492 1025 1533 1057 εἰς
1553 1024 1594 1057 τὸ,
1619 1034 1628 1051 ‹
1644 1025 1690 1051 Ἐν
1707 1024 1778 1060 ἀρχῇ

985 1066 1020 1106 ἦν
1038 1070 1051 1096 ό
1073 1070 1160 1102 Λόγος
1188 1080 1197 1096 ι
1222 1071 1293 1097 κατὰ
1315 1070 1405 1098 Ἰωάν.
1430 1071 1523 1098 Sermo
1542 1070 1588 1098 60.
1610 1070 1729 1097 Mamilia
1751 1071 1780 1097 in

987 1116 1054 1143 illud
1075 1117 1216 1143 "cundum
1232 1117 1376 1149 Joannem,
1403 1126 1414 1143 ι
1438 1117 1471 1145 In
1490 1118 1622 1152 principio
1638 1122 1694 1144 erat
1716 1116 1781 1144 Ver-

988 1163 1058 1190 bum.
1077 1173 1087 1189 ι

1024 1209 1128 1244 Incipit,
1147 1219 1156 1235 ι
1177 1210 1210 1236 Ἠ
1227 1209 1273 1236 τοῦ
1288 1210 1448 1245 Πνεύματος
1462 1210 1579 1244 δύναμις
1602 1210 1631 1236 ὲν
1652 1209 1782 1246 ἀσθενείᾳ

987 1255 1155 1287 τελειοῦται,
1179 1256 1412 1290 κατα-γέγραπται
1436 1257 1484 1283 καὶ
1505 1256 1680 1291 πιστεύομεν.
1703 1256 1781 1282 Desi-

988 1301 1038 1333 nit,
1050 1301 1141 1337 Νόμος
1152 1301 1202 1337 μὲν
1217 1303 1272 1337 γὰρ
1284 1302 1371 1338 ὲδώθη
1389 1303 1467 1338 παρὰ
1488 1302 1556 1329 Θεοῦ
1576 1302 1620 1328 διὰ
1633 1302 1716 1337 μέσου
1731 1301 1780 1328 τοῦ

987 1347 1110 1380 Μωσέως
1123 1357 1130 1364 ·
1144 1349 1161 1384 ἡ
1171 1348 1198 1374 δὲ
1210 1349 1291 1384 χάρις
1308 1349 1427 1383 ἐγένετο,
1444 1349 1504 1385 οὐχὶ
1515 1348 1613 1384 ὲδὼθη,
1633 1348 1678 1375 διὰ
1689 1347 1781 1383 Ἰησοῦ

987 1393 1119 1429 Χριστοῦ.
1135 1394 1302 1421 Δὺθεντικον
1318 1395 1370 1430 μὲν
1389 1394 1444 1430 γὰρ
1467 1395 1498 1422 τὸ
1512 1394 1634 1429 ἐγένετο,
1654 1393 1781 1420 δουλικὸν

989 1439 1019 1465 δι
1034 1439 1065 1466 τδ
1076 1439 1175 1475 tamen.

1024 1483 1087 1512 152.
1097 1485 1164 1520 Λόγ.
1176 1484 1226 1517 ξα’.
1242 1485 1350 1520 Ὀμιλία
1363 1486 1403 1518 είς
1414 1486 1454 1519 τδ,
1471 1496 1480 1512 ‹
1497 1486 1564 1514 Θεὸν
1575 1486 1660 1518 οὐδεῖς
1669 1486 1778 1520 ἑώρακε

989 1531 1111 1560 πώποτε.
1133 1541 1142 1558 ι
1160 1532 1277 1567 Ἐλέχθη
1292 1534 1320 1559 ὲν
1345 1533 1384 1568 τῷ
1402 1533 1523 1568 άμϐωνι.
1543 1533 1637 1561 Sermo
1656 1533 1700 1561 6|.
1723 1532 1780 1560 llo-

988 1577 1063 1603 milia
1087 1577 1114 1604 in
1123 1577 1192 1604 illud
1206 1585 1216 1605 :
1236 1586 1245 1603 ι
1263 1577 1348 1604 Deum
1369 1586 1443 1605 nemo
1465 1578 1527 1605 vidit
1546 1586 1674 1614 unquam.
1690 1589 1699 1605 ι
1711 1577 1781 1606 Pro~

989 1623 1112 1650 nuntiam
1124 1622 1175 1656 fuit
1193 1623 1219 1649 in
1234 1623 1354 1650 umbone.
1488 1640 1492 1641 ν

1024 1665 1132 1701 Incipit,
1146 1666 1259 1702 Ἐπειδὴ
1270 1663 1348 1694 εἶπεν
1360 1668 1401 1695 ὅτι
1412 1669 1429 1703 ὴ
1450 1668 1532 1703 χάρις
1546 1667 1592 1695 καὶ
1607 1668 1721 1703 ἀλήθεια
1735 1668 1782 1695 διὰ

988 1711 1077 1747 Ἰησοῦ
1094 1712 1214 1747 Χριστοῦ
1229 1712 1348 1746 ἐγένετο,
1362 1713 1442 1740 τοῦτο
1456 1714 1543 1741 θέλων
1561 1714 1782 1747 κατασκευάσαι,

989 1757 1073 1793 φησὶν
1089 1758 1130 1785 ὃτι
1150 1758 1227 1785 οὐδὲν
1248 1759 1363 1787 ἄπιστον
1382 1760 1506 1796 εἴρηκεν.
1533 1760 1649 1793 Desinit,
1671 1760 1732 1796 Χρὴ
1750 1760 1781 1787 δὲ

988 1804 1146 1839 γινώσκειν,
1158 1805 1192 1832 τὰ
1208 1805 1311 1841 ἀκριϐῆ
1327 1806 1382 1833 τῶν
1397 1807 1576 1842 ἀντιγράφων
1588 1807 1617 1833 ἐν
1630 1807 1782 1842 Βηοαεαρᾷ

989 1849 1057 1885 ἔχει,
1070 1851 1088 1885 ἡ
1104 1850 1158 1886 γὰρ
1173 1850 1295 1886 Βηθανία
1313 1851 1344 1878 οὑ
1366 1852 1452 1887 πέραν
1465 1852 1513 1879 τοῦ
1538 1852 1672 1888 Ἰορδάνου
1693 1853 1780 1885 ἐστὶν,

988 1895 1046 1924 ἀλλ’
1062 1895 1147 1930 ἐγγὺς
1162 1895 1265 1922 τούτων
1287 1896 1495 1932 Ἱεροσολύμων.

1024 1941 1086 1969 154.
1108 1941 1176 1975 Λόγ.
1191 1941 1241 1976 ξβ’.
1269 1941 1383 1977 Ὀμιλία
1401 1943 1567 1979 ρηθεῖσα¹τῇ
1585 1943 1714 1979 Κυριακῇ
1733 1943 1780 1970 τοῦ

988 1987 1152 2023 Παραλήτου
1171 1987 1231 2022 (leg.
1251 1987 1467 2023 Παραλυτικοῦ).
1484 1988 1575 2016 Sermo
1601 1989 1646 2016 62.
1661 1989 1781 2016 Ilomilia

987 2033 1061 2060 dicta
1080 2033 1219 2060 Dominica
1235 2032 1395 2068 Paralytici.

1024 2079 1129 2112 Incipit,
1147 2079 1243 2114 Ἀνέϐη
1260 2079 1274 2106 ό
1299 2079 1403 2115 Κύριος
1429 2079 1470 2111 είς
1495 2079 1681 2115 Ἰεροσόλυμα.
1701 2081 1782 2108 Ἐστι

987 2125 1016 2152 δὲ
1029 2126 1059 2152 ὲν
1072 2126 1128 2157 τοῖς
1148 2125 1348 2161 Ἰεροσολύμοις
1371 2126 1420 2153 ἐπὶ
1441 2127 1475 2161 τῇ
1498 2126 1656 2162 Προϐατικῇ
1678 2127 1782 2162 κολυμ-

987 2171 1078 2208 ϐήθρα
1099 2173 1116 2207 ἡ
1143 2171 1279 2207 λεγομένη
1304 2171 1452 2208 Ἐϐραϊστὶ
1478 2172 1613 2208 Βηθεσδά.
1652 2172 1779 2206 Desinit,

987 2218 1044 2246 Καὶ
1063 2218 1093 2244 ὲν
1111 2217 1150 2253 τῷ
1171 2217 1239 2253 ιερῷ
1254 2217 1354 2253 εὐρεθῦ
1376 2219 1436 2253 (sic)
1453 2218 1522 2253 μετὰ
1539 2218 1588 2254 τὴν
1605 2218 1696 2253 ὖγίαν,
1717 2219 1780 2254 ἧτοι

989 2263 1089 2299 μηκέτι
1098 2263 1218 2299 άνιέροις
1231 2263 1374 2298 λογισμοῖς
1385 2263 1603 2299 ἐμμολυνθῆναι,
1613 2265 1656 2291 ἴνα
1667 2264 1705 2299 μὴ
1716 2265 1780 2300 χεὶρ

987 2309 1055 2344 ἡμῖν
1066 2309 1083 2344 ἡ
1097 2309 1235 2342 μέλλουσα
1249 2309 1316 2336 κόλα
1331 2309 1408 2344 (fort.
1430 2309 1517 2345 χωλὴ)
1538 2310 1658 2344 γένοιτο.
1680 2311 1727 2347 Τῷ
1751 2311 1781 2338 δὲ

987 2354 1047 2390 Θεῷ
1059 2355 1139 2390 ἡμῶν
1154 2356 1198 2390 εἴη
1216 2355 1280 2388 δόξα
1296 2356 1336 2387 είς
1351 2355 1431 2388 τοὺς,
1448 2360 1503 2383 etc.

1023 2399 1086 2426 I56.
1120 2400 1234 2427 Averso.
1265 2399 1331 2432 Λόγ.
1350 2398 1401 2434 ξγ’.
1417 2399 1533 2434 Ὀμιλία
1546 2400 1660 2436 ρηθεῖσα
1677 2402 1718 2434 εἰς
1737 2403 1778 2436 τὺ,

990 2446 1068 2480 ιῖῈκ
1082 2446 1197 2481 γενετῆς
1207 2445 1320 2480 τυφλόν.
1340 2454 1349 2472 ι
1368 2444 1482 2480 Ἐλέχθη
1503 2446 1533 2472 ὲν
1548 2446 1587 2481 τῷ
1604 2447 1704 2482 άμὸονι
1730 2449 1781 2483 τῆς

986 2492 1215 2529 ἀρχιεπισκοπῆς.
1235 2492 1329 2520 Sermo
1349 2492 1395 2520 63.
1416 2491 1538 2518 Humilia
1557 2493 1628 2520 dicta
1640 2494 1669 2521 in
1691 2495 1780 2523 illud:

989 2548 1000 2564 ί
1016 2538 1122 2567 Comum
1137 2547 1152 2565 α
1169 2539 1319 2566 natioitule.
1335 2548 1344 2565 ι
1363 2538 1544 2566 Pronuntiala
1558 2539 1648 2573 fuitin
1667 2542 1780 2569 amboue

987 2586 1104 2614 ecclesiw
1116 2586 1361 2620 archiepiscopalis.

1022 2632 1128 2667 Incipit,
1149 2631 1206 2659 Καὶ
1227 2632 1361 2667 παράγων
1383 2633 1397 2659 ὁ
1413 2632 1519 2668 Ἰησοῦς
1540 2630 1612 2659 εἶδεν
1631 2632 1780 2668 ἄνθρωπον

987 2678 1089 2713 τυφλὸν
1103 2679 1136 2704 ἐκ
1152 2678 1279 2713 γενετῆς,
1290 2679 1339 2705 καὶ
1348 2677 1496 2713 ἠρώτησαν
1512 2678 1595 2705 αὑτὸν
1607 2679 1632 2704 οἱ
1645 2679 1778 2714 μαθηταί.

987 2723 1102 2755 Desinit,
1124 2723 1170 2755 Ὠς
1201 2723 1247 2749 τὸν
1262 2723 1327 2749 Υίδν
1354 2723 1403 2749 τοῦ
1427 2723 1508 2755 Θεοῦ,
1525 2723 1616 2758 σάρκα
1642 2724 1779 2756 γεγονότα

987 2769 1132 2804 ¹δἐννοῦσα,
1152 2769 1308 2804 ἀδιαίρετον
1322 2769 1399 2803 ὄντα,
1416 2769 1465 2796 καὶ
1477 2769 1526 2795 ἕνα
1540 2769 1587 2796 τδν
1599 2768 1724 2804 διπλοῦν,
1748 2770 1777 2802 ὃς

987 2816 1046 2843 ἐστι
1058 2815 1178 2852 Χριστὸς
1194 2815 1241 2842 καὶ
1252 2814 1366 2850 Κύριος.

1023 2862 1084 2890 Ilii.
1113 2861 1259 2894 ’Υπόθεσις
1288 2861 1335 2889 τοῦ
1366 2862 1438 2890 κατὰ
1460 2863 1570 2891 Λουκᾶν
1594 2863 1776 2898 Εὑαγγελίου.
