1874 3055
155 136 191 167 35
731 124 918 159 RECENSIO
934 123 1008 154 con
1038 125 1200 160 MATRIT.
1745 129 1780 160 3c

153 193 234 220 δώσει
267 190 402 222 συνέσεως
421 190 529 224 πνεῦμα
551 189 597 216 καὶ
623 187 758 223 ἐνέπλησε
783 187 866 213 πόνον
890 193 942 218 γα-

154 237 245 272 στρός.

191 284 253 311 184.
274 283 387 310 Averso.
409 281 462 309 06'.
481 281 616 316 Πρόλογος
634 281 674 311 εὶς
691 279 740 316 τὴν
757 279 820 306 νέαν
842 277 939 312 κυρίου

153 330 202 358 τοῦ
217 329 312 364 Θωμᾶ.
330 329 373 356 74.
392 328 520 362 Prologus
535 327 560 354 in
580 334 671 354 novam
689 326 823 353 ecclesiam
840 323 940 350 domini

156 375 272 403 T/iomre.

191 422 297 456 lnt'ipil,
320 419 472 454 Εὐλογητὸς
495 419 510 446 ὁ
532 418 598 450 Θεὸς
628 418 641 444 ό
664 416 837 449 καταξιώσας
864 416 940 450 ἡμᾶς

155 467 220 493 ίδεῖν
233 466 335 501 ταύτην
344 466 394 500 τὴν
409 464 489 499 ἁγίαν
501 465 549 490 καὶ
561 462 691 499 λαμπρὰν
704 463 811 498 ἑορτήν.
826 461 938 495 Desinit,

152 507 221 547 Φέρε
231 512 259 538 δὲ
270 512 314 538 τὸν
331 511 433 538 πέπλον
448 511 655 538 ἁναπετάσαντα
672 509 738 536 είσω
754 509 804 544 τῆς
821 509 937 544 θεωρίας

153 557 296 591 γενόμεθα.

190 603 252 630 185.
281 602 390 637 Ὀμιλία
405 602 452 629 os’.
468 602 606 638 Πρόλογος
625 601 666 634 είς
678 601 724 628 τδν
741 601 857 637 αὐχμόν.
881 600 939 627 Ηυ-

153 649 228 676 milia
246 648 290 676 75.
308 648 439 690 Prologus
452 649 479 675 in
490 647 648 675 siccitatem.

192 703 298 738 Incipit,
322 703 485 738 Προσέχετε,
508 703 572 734 λαός
598 712 660 738 μου,
687 703 733 730 τὸν
760 703 842 737 νόμον
860 711 911 737 μου
929 710 937 718 ·

153 749 264 776 κλίνατε
286 749 317 775 τὸ
339 747 386 780 οὖς
407 749 485 783 ἡμῶν
504 749 544 780 είς
561 749 595 776 τὰ
613 750 724 784 ῥήματα
738 749 786 775 τοῦ
805 748 938 783 στόματός

154 804 216 830 μου.
244 795 357 826 Desinit.
377 795 406 821 '0
432 795 486 830 γὰρ
513 796 591 827 τόκος
620 795 667 822 καὶ
689 796 705 830 ἡ
731 795 872 828 πλεονεξία
890 795 937 821 τοῦ

153 841 278 868 διαϐόλου
319 841 519 874 συνέζευκται,
548 841 639 873 καθὼς
671 841 802 877 ἀνωτέρω
839 841 937 876 ὲπροέ-

154 896 191 923 φη
197 897 257 923 μεν.
361 890 363 892 ’

190 944 252 972 186.
279 945 388 980 Ὀμιλία
399 945 454 978 aq',
470 947 510 977 είς
525 945 573 981 τὴν
591 945 741 981 Βαῖοφόρον
757 944 875 977 δοθεῖσα,
890 943 937 970 τοῦ

154 990 234 1024 ἁγίου
252 990 326 1016 Σάὸα
341 991 388 1017 τοῦ
411 992 539 1026 Μεσιμερ
561 992 619 1025 (sic)
640 991 787 1027 γενομένου
815 990 937 1026 μαθητοῦ

153 1037 247 1064 αὐτοῦ.
266 1038 382 1064 Ilomilia
396 1038 439 1068 76,
457 1038 484 1064 in
501 1039 568 1064 diem
585 1038 737 1064 Pnlmarnm
752 1038 838 1069 edita,
852 1037 937 1064 sancti

155 1080 226 1108 Saba
238 1081 384 1114 Mesimeri,
401 1082 445 1116 qui
460 1082 510 1116 fuit
522 1082 638 1116 ejusdmt
649 1082 803 1113 discipulus.

190 1126 298 1160 Incipit,
326 1127 424 1162 Ἐορτὴ
453 1127 623 1161 χαρμόσυνος
647 1126 792 1161 ἀπέλαμψε
816 1127 938 1161 σήμερον

153 1173 209 1203 τοῖς
226 1172 326 1203 πέρασι
348 1173 433 1207 ἡτῶν
454 1172 538 1206 βαῖων
558 1171 626 1206 αὕτη
643 1171 690 1198 τοῦ
715 1172 815 1206 Κυρῖου
835 1171 936 1205 ἡμέρα.

155 1217 365 1250 Desinit,"0nm;
380 1217 466 1250 οὕτως
485 1218 567 1251 ἀξίως
583 1217 758 1252 δοξαζόμενος
776 1217 840 1252 παρ’
857 1216 937 1252 ἡμῶν

152 1263 190 1295 ὡς
203 1263 270 1295 Θεὸς
283 1263 451 1297 ἀντιδοξάσει
463 1264 537 1299 ἡμᾶς
551 1272 559 1279 ³
574 1264 606 1298 τῇ
625 1263 702 1298 θεῖκῇ
720 1262 802 1289 αὑτοῦ
814 1262 888 1298 δόξῃ,
902 1262 936 1296 τῇ

152 1308 235 1336 αὑτοῦ
248 1309 398 1344 ἁγαθότητι
409 1309 537 1342 πάντοτε,
550 1309 609 1341 νῦν,
622 1309 670 1335 καὶ
689 1309 729 1340 εἰς
745 1308 808 1339 τοὺς
826 1307 937 1334 ἀτελευ-

150 1354 249 1389 τήτους
265 1355 375 1386 αἰῶνας.
395 1353 423 1381 Ἀ
429 1355 491 1390 μήν.

189 1409 251 1437 ΙΙιιεο
270 1410 378 1438 homilia
396 1410 423 1437 in
441 1411 563 1445 catalogo
589 1410 676 1437 codici
694 1409 846 1445 praemisso,
866 1410 936 1436 inter

151 1455 306 1491 Pliilagatlu'
337 1464 489 1488 sermones,
516 1456 589 1484 nullo
613 1457 737 1491 magistri
751 1464 782 1484 ac
812 1455 936 1491 discipuli

153 1502 318 1536 discrimine,
335 1500 506 1530 recensetur.
522 1502 589 1536 Quis
601 1508 690 1530 autem
706 1502 776 1530 Saba
792 1503 836 1530 hic
856 1502 938 1530 Μειί-

152 1555 252 1580 manu,
268 1548 326 1574 sive
346 1547 512 1575 Mesimerius
529 1548 674 1579 exstiterit,
697 1548 769 1576 haud
793 1548 873 1576 facile
896 1553 938 1576 est

151 1593 290 1628 expedire.
307 1593 382 1621 Nihil
408 1595 441 1621 de
465 1602 497 1621 eo
522 1595 591 1628 apud
620 1594 768 1627 Labbeum,
794 1595 936 1627 Allatium,

151 1639 316 1672 Nesseliuui,
330 1639 496 1673 Fabricium,
515 1639 766 1672 Monteialconium,
779 1641 881 1668 aliosve
894 1641 936 1668 bi-

150 1685 330 1721 bliographite
348 1691 508 1714 tractatores
525 1687 658 1714 invenias.

191 1744 253 1771 188.
279 1745 394 1772 Averso.
419 1743 529 1780 ὐμιλία
542 1744 592 1779 τῆς
613 1744 759 1780 Κυριακῆς
780 1744 830 1779 τῆς
853 1745 936 1772 Ἀπο-

151 1790 245 1825 κρέου.
266 1790 386 1818 Homilia
402 1790 548 1818 Dominicm
562 1791 750 1825 Carnisprivii.

190 1835 295 1870 Incipit,
312 1836 397 1863 Ὅταν
420 1835 483 1872 ἔλθῃ
505 1837 519 1863 ό
538 1837 600 1868 Υἱὸς
615 1836 662 1863 τοῦ
684 1836 828 1871 ἀνθρώπου
848 1837 877 1862 ὲν
900 1837 934 1872 τῇ

150 1882 214 1918 δόξῃ
228 1882 322 1913 αὑτοῦ,
335 1883 384 1909 καὶ
397 1883 497 1914 πάντες
511 1884 535 1908 οἱ
549 1882 622 1916 ἅγιοι
637 1883 749 1916 ἄγγελοι
766 1883 825 1918 μετ’
838 1883 934 1914 αὑτοῦ,

151 1929 212 1954 τότε
227 1928 335 1954 καθίσει
354 1928 400 1954 επὶ
421 1928 516 1963 θρόνου
531 1927 609 1963 δόξης
628 1927 722 1954 αὑτοῦ.
744 1928 858 1960 Desinit,
869 1929 935 1955 Τότε

150 1973 294 2008 φονεύουσι
307 1975 566 2009 καταφρονήσαντες
577 1975 624 2000 καὶ
638 1974 685 2000 τοῦ
701 1973 783 2009 ὄχλου
800 1975 879 2010 μόνον
892 1975 936 2002 ἶνα

149 2019 182 2046 τδ
201 2020 306 2054 θέλημα
320 2020 410 2046 αὐτῶν
423 2020 544 2055 γένηται.

187 2065 302 2093 Homilia
321 2067 377 2093 haec
391 2073 551 2093 ceterarum
563 2074 707 2093 numerum
724 2067 880 2102 neutiquam
892 2075 935 2094 se-

151 2112 261 2146 quitur;
282 2120 332 2139 nec
351 2113 418 2139 satis
435 2113 518 2147 liquet
539 2112 605 2147 quid
626 2113 676 2145 ipsi
692 2113 834 2146 prteposita
851 2113 935 2148 signi-

151 2158 215 2185 ﬁcet
231 2159 287 2185 haec
301 2163 362 2185 uota
375 2159 385 2184 τ
398 2159 582 2192 superscripto
599 2157 623 2185 θ.
635 2159 746 2185 Partem
766 2158 824 2193 ejus
842 2165 934 2186 extre-

151 2211 222 2230 mam
248 2204 419 2236 transcripsit
443 2203 495 2230 alia
525 2211 633 2230 manus.
674 2203 732 2237 ipsa
762 2210 826 2230 vero
855 2203 934 2238 plane

150 2248 287 2282 discrepat
302 2249 335 2275 ab
353 2248 438 2275 altera
462 2248 582 2281 ejusdem
599 2248 796 2283 inscriptionis,
817 2256 878 2283 qua:
891 2250 935 2277 de-

149 2294 219 2321 cima
234 2294 327 2329 quinta
341 2301 509 2321 numeratur.

187 2340 248 2367 190.
270 2339 380 2375 Ὀμιλία
391 2341 431 2371 είς
448 2341 497 2375 τὴν
513 2340 698 2376 προσκύνησιν
710 2340 766 2367 τῶν
777 2340 934 2375 σεϐασμίων

149 2389 197 2413 καὶ
215 2386 300 2419 ἁγίων
316 2386 439 2413 εἰκόνων.
459 2386 576 2413 Mamilia
593 2387 619 2413 in
635 2389 813 2414 adorationem
828 2395 933 2413 venera-

150 2435 242 2461 bilium
252 2440 276 2461 et
291 2441 444 2461 sanctarum
457 2434 613 2468 imaginum.
624 2434 809 2462 Praetermissa
826 2434 931 2462 numeri

150 2483 224 2511 nota,
235 2480 338 2513 incipit,
352 2480 474 2515 Λπαμπρὰ
488 2480 569 2515 ἑορτὴ
587 2481 634 2506 καὶ
651 2480 806 2516 πανήγυρις
817 2481 932 2514 ἐπέστη.

186 2526 248 2553 Haec
263 2527 372 2553 ltomilia
390 2528 483 2554 cadent
505 2526 613 2554 otnuiuo
629 2531 670 2554 est
687 2534 745 2561 qua:
762 2527 866 2554 decima
890 2535 933 2554 se-

149 2573 232 2606 ptitna
249 2572 294 2599 fol.
307 2573 340 2598 27
351 2580 446 2600 averso
458 2580 538 2607 supra
553 2573 701 2605 recensita;
719 2573 764 2600 sed
783 2574 833 2600 alia
852 2581 931 2608 pror~

149 2626 197 2645 sus
213 2626 303 2650 manu,
322 2619 512 2653 grandioribus
528 2619 652 2647 videlicet
670 2626 703 2647 ac
728 2620 811 2646 multo
832 2620 931 2647 clario-

149 2664 225 2692 ribus
243 2664 341 2690 littcris
358 2669 468 2691 exarata

183 2710 246 2738 202.
262 2712 373 2738 Averso.
398 2712 482 2744 Πίναξ
511 2711 564 2738 τῶν
591 2711 703 2746 ὁμιλιῶν
726 2712 780 2737 τῶν
806 2711 929 2745 Εὑαγγε-

147 2758 225 2784 λίων.
245 2757 324 2784 Iudex
339 2758 509 2785 homiliarum
524 2758 740 2792 Evangeliorum.

185 2803 222 2834 Is,
235 2803 388 2830 litterarum
406 2803 492 2830 forma
508 2803 586 2838 longe
602 2803 691 2830 minus
708 2807 812 2830 vetusta
829 2803 931 2830 descri-

148 2853 221 2884 ptus,
234 2848 355 2884 priorum
371 2848 407 2875 25
425 2848 503 2883 hujus
516 2849 618 2877 codicis
642 2849 814 2888 homitiarum
835 2849 928 2877 titulos

998 183 1197 218 complectitur,
1217 192 1332 220 quarum
1360 189 1448 214 tamen
1473 189 1589 221 septem,
1612 189 1642 214 ut
1664 193 1781 222 prtemo-

995 228 1114 262 uuimus,
1130 229 1331 258 desiderantur.

1026 273 1160 302 Continuo
1175 274 1246 302 subit
1272 277 1352 303 unius
1377 281 1405 303 et
1427 278 1512 306 semis
1537 278 1642 313 pagina“.
1660 279 1778 313 spatium

990 319 1087 352 partim
1103 319 1302 353 oblitteratum,
1318 323 1416 356 partim
1437 323 1618 356 maculosum,
1636 325 1680 351 cui
1706 332 1779 359 prae-

991 366 1042 391 tixa
1059 365 1200 400 inscriptio
1226 367 1442 403 Καλανδολόγιον
1457 370 1496 404 (h.
1523 378 1548 397 υ.
1565 370 1776 405 Kalendarium)

991 409 1108 444 legitur;
1127 417 1225 440 caetera
1250 413 1367 448 legentis
1383 416 1476 443 oculos
1496 416 1574 451 plane
1587 417 1705 452 fugiunt.

1024 456 1088 484 204.
1108 457 1218 492 Ὁμιλία
1241 458 1290 491 οζ¹.
1311 460 1466 494 Φιλαγάθου
1495 462 1605 497 πόνημα
1633 463 1679 488 τοῦ
1702 463 1781 497 φιλο-

991 503 1084 538 σόφου.
1102 504 1222 532 Hemi/ia
1237 505 1280 534 77.
1297 505 1449 542 Philagathi
1466 508 1613 543 philosophi
1626 517 1704 543 opus.

1027 551 1141 586 incipit:
1156 551 1230 578 Ἔδει
1247 553 1314 587 μηδὲ
1333 553 1422 587 λόγων
1438 554 1488 590 τὴν
1504 555 1650 589 ἀγροικίαν
1664 555 1761 588 ἀξιοῦν
1771 564 1778 571 ·

988 595 1065 622 οὐδὲν
1080 597 1135 631 γὰρ
1151 598 1207 628 τοῖς
1223 598 1390 631 ἑτερουσίοις
1402 599 1503 630 κοινὸν,
1522 601 1546 626 εἰ
1560 600 1614 634 γὰρ
1631 600 1670 635 τῷ
1688 601 1779 627 λέοντι

990 641 1134 677 πάρδαλις,
1147 643 1194 669 καὶ
1206 643 1337 671 δασύποδι
1347 645 1495 680 ἐρυθνᾶκος
1508 646 1586 680 (forte
1598 647 1669 681 quod
1681 647 1780 674 Latine

989 687 1150 724 Erinaceus)
1172 689 1372 717 ἀντιτάττοιτο.
1395 691 1506 724 Desinit,
1529 693 1595 719 Τότε
1619 693 1666 719 καὶ
1694 693 1779 727 ἡμεῖς

989 734 1038 768 τὴν
1049 734 1188 769 ἀρκοῦσαν
1199 736 1303 772 ταύτην
1315 736 1405 768 δεξιὰν
1417 738 1484 772 πρὸς
1498 738 1637 772 ἐκδίκησιν
1646 739 1695 773 τῆς
1708 739 1780 772 ἀλη-

989 779 1064 811 θείας
1078 781 1236 815 όπλίσομεν,
1253 782 1301 810 καὶ
1317 782 1413 817 μέλανι
1425 784 1471 810 καὶ
1484 783 1600 819 καλάμῳ
1622 786 1677 816 τοῖς
1700 785 1779 811 ἀντι-

989 825 1085 858 πάλοις
1101 827 1297 861 διαλεξώμεθα.
1779 853 1781 855 -

1025 871 1052 898 In
1070 872 1123 899 fine
1140 873 1253 908 hujusce
1269 875 1397 908 homilite,
1413 877 1507 904 eodeni
1522 885 1615 909 manu,
1632 877 1780 912 rubrisque

989 916 1082 949 etiam,
1099 923 1126 944 ut
1139 918 1196 953 ipsa
1212 920 1362 954 inscriptio,
1378 921 1475 948 litteris
1488 922 1592 956 depicta
1605 922 1702 957 legitur
1719 922 1780 950 hac

989 962 1154 997 subscriptio
1174 973 1181 991 :
1205 965 1234 991 Ὀ
1248 966 1398 1001 Φιλάγαθος
1421 967 1531 1003 εὐτελὴς
1549 968 1718 1003 μονότροπος
1739 968 1779 1000 ὡς

989 1007 1098 1040 ἀνάξιος
1113 1009 1200 1037 ταῦτα
1214 1011 1290 1038 λαλεῖ
1303 1013 1350 1039 καὶ
1365 1013 1476 1048 γράφει.
1494 1014 1587 1044 Τέλος.
1605 1014 1631 1040 Id
1645 1019 1696 1045 est,
1713 1013 1779 1040 Phi-

989 1053 1109 1088 lagathus
1121 1076 1128 1087 ,
1151 1056 1209 1082 cili:
1228 1058 1371 1084 monac/tus
1387 1059 1494 1091 perinde
1512 1067 1543 1085 ac
1565 1059 1700 1093 indignus,
1721 1059 1779 1086 haec

989 1099 1106 1134 loquitur
1125 1107 1147 1127 et
1163 1102 1264 1129 scribit.
1279 1102 1366 1131 Finis.

1025 1145 1093 1174 Eud.
1124 1154 1232 1174 averso.
1254 1149 1365 1182 Ὀμιλία
1389 1153 1440 1184 οη’,
1466 1151 1506 1181 είς
1535 1150 1584 1185 τὴν
1612 1151 1777 1185 Βαῖοφόρον.

995 1191 1107 1226 Ἐλέχθη
1121 1194 1160 1224 είς
1173 1193 1222 1228 τὴν
1238 1194 1314 1229 λιτὴν
1328 1195 1356 1221 ὲν
1367 1196 1399 1230 τῇ
1417 1195 1493 1221 πόλει
1504 1196 1610 1232 Μεσίνῃ
1625 1196 1685 1230 (leg.
1700 1196 1780 1223 Μεσ-

989 1237 1078 1272 σήνῃ).
1095 1239 1213 1265 Homilia
1231 1239 1273 1271 7η,
1290 1241 1317 1266 in
1334 1241 1403 1267 diem
1418 1240 1584 1267 Pulnmrum.
1596 1239 1778 1268 Pronuntiala

988 1282 1039 1317 fuit
1053 1284 1079 1309 in
1101 1285 1304 1317 processionem,
1318 1286 1346 1313 in
1365 1285 1427 1312 urbe
1443 1286 1576 1312 Messana.

1025 1327 1130 1363 Incipit,
1156 1330 1240 1358 Πάλιν
1263 1332 1330 1366 ἡμῖν
1346 1332 1362 1366 ἡ
1377 1332 1425 1366 τῆς
1444 1331 1579 1366 βασιλίδος
1601 1332 1655 1358 τῶν
1671 1331 1778 1366 ἑορτῶν

988 1375 1068 1411 ἑορτὴ
1086 1376 1244 1411 προεόρτιος
1263 1377 1430 1412 ἐπεδήμησε.
1448 1377 1560 1409 Desinit,
1575 1378 1629 1404 Καὶ
1642 1378 1696 1404 ὑπὸ
1707 1379 1776 1410 τοὺς

988 1421 1072 1453 πόδας
1083 1422 1165 1449 αὑτοῦ
1175 1423 1370 1458 ταπεινοῦσθαι
1379 1423 1441 1455 τοὺς
1455 1424 1660 1459 ἐναντιομένους
1671 1424 1755 1451 αὑτοῦ
1767 1433 1774 1439 ·

987 1467 1062 1502 ἡμᾶς
1077 1467 1105 1493 δὲ
1124 1469 1326 1504 ἀκατακρίτους
1341 1469 1500 1504 προφθάσαι
1513 1470 1562 1504 τὴν
1578 1469 1777 1505 λαμπροφόρον

988 1514 1036 1540 καὶ
1050 1513 1192 1548 ζωηφόρον
1214 1515 1363 1542 ἀνάστασιν
1376 1523 1383 1530 °
1400 1516 1492 1551 χάριτι
1515 1515 1561 1542 καὶ
1581 1516 1776 1551 φιλανῡρωπίᾳ

985 1559 1032 1585 τοῦ
1055 1560 1158 1595 Κυρίου
1184 1561 1231 1587 καὶ
1253 1561 1320 1587 Θεοῦ
1348 1561 1396 1587 καὶ
1421 1561 1548 1596 Σωτῆρος
1574 1561 1652 1596 ἡμῶν
1683 1561 1776 1596 Ἰησοῦ

986 1605 1116 1640 Χριστοῦ,
1132 1602 1154 1640 ᾧ
1169 1607 1186 1642 ἡ
1202 1606 1266 1638 δόξα
1279 1607 1365 1634 καὶτὸ
1376 1607 1476 1642 κράτος
1488 1608 1529 1639 είς
1542 1607 1606 1639 τοὺς
1622 1608 1737 1639 αἰῶνας.

1024 1652 1140 1679 Humilia
1154 1653 1210 1681 haec
1225 1654 1331 1680 diversa
1347 1658 1387 1680 est
1404 1653 1437 1679 ab
1451 1653 1501 1680 alia
1516 1654 1636 1688 ejusdem
1655 1655 1726 1682 tituli
1744 1659 1774 1683 et

986 1699 1152 1733 argumenti,
1170 1699 1296 1733 superius
1313 1700 1456 1727 recensita.

1021 1744 1085 1771 205.
1117 1745 1229 1772 Averso.
1260 1745 1368 1779 Ὀμιλία
1393 1745 1442 1778 οϐ’,
1466 1745 1507 1777 είς
1534 1746 1583 1781 τὴν
1610 1747 1775 1782 Βαῖοφόρον.

992 1789 1105 1825 Ἐλέχθη
1116 1791 1144 1816 ὲν
1155 1790 1194 1825 τῷ
1204 1790 1310 1826 ἄμϐωνι
1320 1791 1370 1826 τῆς
1381 1791 1530 1826 καθολικῆς
1545 1792 1664 1826 Ῥηγίου,
1677 1792 1701 1818 Η
1705 1793 1775 1819 omi-

985 1835 1023 1863 lia
1037 1836 1081 1869 79,
1099 1837 1126 1863 in
1141 1837 1210 1863 diem
1227 1837 1394 1865 Palmarum.
1409 1837 1588 1865 Prounntiata
1603 1839 1654 1873 fuit
1670 1839 1697 1866 in
1716 1848 1777 1866 am-

986 1881 1051 1909 boue
1067 1882 1225 1909 cathedram
1243 1882 1347 1917 Rhegii.

1021 1928 1127 1962 Incipit,
1147 1929 1190 1960 Ὧς
1207 1929 1268 1954 λίαν
1283 1929 1339 1964 όρῶ
1361 1929 1544 1965 φαιδροτέραν
1558 1930 1607 1965 τὴν
1629 1930 1775 1966 παροῦσαν

986 1975 1140 2009 πανήγυριν
1157 1975 1192 2001 τὰ
1214 1974 1345 2009 προοίμια
1362 1976 1500 2011 φέρουσαν
1513 1976 1563 2012 τὴν
1580 1976 1628 2002 τοῦ
1649 1976 1774 2011 Χριστοῦ

985 2017 1133 2045 ἀνάστασιν
1156 2019 1202 2045 καὶ
1218 2019 1328 2055 τριττὴν
1350 2020 1521 2056 εὐφροσύνην
1541 2021 1579 2056 τῷ
1595 2021 1775 2056 χριστονύμῳ

985 2063 1041 2098 λαῴ
1065 2065 1276 2098 ὲπεισάγουσαν.
1305 2065 1419 2098 Desinit,
1451 2066 1504 2092 Καὶ
1526 2067 1551 2092 εἰ
1579 2067 1613 2093 δι’
1639 2067 1775 2101 ἀμέλειαν

987 2111 1080 2145 ἱερέως
1091 2111 1247 2147 τελευτήσει
1263 2112 1316 2138 κᾶν
1339 2112 1379 2143 είς
1397 2112 1621 2148 ἁνεξαγόρευτος,
1647 2114 1664 2148 ἢ
1693 2114 1776 2140 ἀκοι-

985 2156 1104 2190 νώνητος
1119 2164 1125 2170 ·
1141 2157 1188 2183 τοῦ
1206 2157 1288 2184 αὑτοῦ
1313 2160 1400 2193 κρῖμα
1425 2158 1493 2194 πρὸς
1523 2159 1567 2185 τὸν
1594 2159 1670 2193 ἱερέα
1699 2160 1774 2186 ἑστω

985 2202 1055 2228 κατὰ
1080 2201 1112 2228 τὸ
1129 2202 1176 2228 τοῦ
1194 2203 1318 2238 Σωτῆρος
1333 2203 1506 2238 ἐπάγγελμα.

1019 2247 1082 2276 208.
1098 2248 1150 2274 ’1ὀῦ
1176 2249 1204 2273 ὲν
1226 2248 1313 2282 ἁγίοις
1340 2249 1446 2284 Harpe;
1473 2250 1551 2284 ἡμῶν
1570 2250 1695 2276 Ἰωάννου
1722 2251 1773 2278 τοῦ

985 2293 1184 2328 Χρυσοστόμου
1198 2294 1291 2329 ὁμιλία
1308 2295 1371 2330 περὶ
1387 2290 1527 2331 τών’μετὰ
1548 2298 1772 2331 παρατηρήσεως

985 2339 1153 2372 προσιόντων
1169 2339 1224 2368 τοῖς
1238 2338 1322 2371 θείοις
1335 2340 1506 2374 μυστηρίοις,
1523 2337 1564 2372 εἷς
1580 2341 1642 2371 τοὺς
1656 2341 1772 2367 ἀπολει-

985 2384 1101 2419 φθέντας
1112 2385 1152 2415 εὶς
1162 2385 1196 2411 τὰ
1214 2385 1364 2419 Ἑγκαίνια.
1377 2384 1467 2412 Sancti
1477 2385 1567 2412 Putris
1584 2388 1667 2412 nostri
1682 2386 1772 2414 Ioan-

985 2431 1024 2457 nis
1040 2430 1218 2465 Chrysostomi
1234 2431 1342 2458 Italnilia
1357 2431 1387 2457 de
1401 2431 1433 2457 iis
1445 2432 1489 2466 qui
1510 2432 1542 2457 ad
1561 2431 1650 2458 divina
1672 2439 1772 2466 myste-

986 2477 1023 2502 ria
1039 2484 1097 2502 cum
1113 2477 1255 2503 attentione
1274 2476 1413 2508 accedunt,
1431 2477 1457 2503 in
1471 2485 1514 2503 eos
1528 2477 1573 2511 qui
1589 2478 1623 2503 ad
1639 2476 1772 2504 Eneti-nia

985 2522 1070 2549 relicti
1082 2527 1152 2549 sunt.

1022 2569 1128 2603 incipit,
1144 2568 1202 2596 Οὐκ
1215 2569 1297 2604 ἀρκεῖ
1311 2568 1340 2594 τὸ
1361 2559 1512 2600 ἁπλῶςκαὶ
1527 2568 1564 2600 ὡς
1577 2567 1671 2603 ἔτυχεν
1685 2568 1772 2595 ἁκού-

984 2624 1024 2642 ειν
1036 2616 1108 2650 ἡμᾶς
1124 2615 1304 2650 Χριστιανοὺς
1319 2614 1366 2642 καὶ
1377 2616 1402 2640 εἰ
1424 2614 1551 2649 βούλεσθε
1569 2614 1679 2649 παρέξω
1692 2614 1771 2646 ἀξιό-

982 2670 1079 2687 πιστον
1101 2662 1226 2696 μάρτυρα
1242 2661 1287 2687 τὸν
1309 2660 1471 2695 ἀδελφόοεον
1492 2659 1620 2686 Ἰάκωϐον
1640 2660 1769 2693 λέγοντα.

982 2707 1095 2740 Desinit,
1114 2707 1172 2734 Ἵνα
1189 2707 1239 2741 τῆς
1259 2707 1407 2742 μελλούσης
1422 2706 1470 2733 καὶ
1489 2705 1668 2740 ἀτελευτήτου
1685 2705 1770 2731 κολά-

983 2763 1051 2785 σεως
1066 2754 1280 2789 ἀπαλλαγῶμεν,
1294 2753 1402 2787 καὶτῆς
1417 2752 1470 2778 τῶν
1488 2752 1614 2787 οὐρανῶν
1626 2751 1769 2786 βασιλείας

981 2801 1164 2836 ἀξιωθῶμεν,
1185 2801 1278 2836 χάριτι
1300 2800 1348 2827 καὶ
1371 2799 1562 2835 φιλανθρωπίᾳ
1583 2798 1631 2824 τοῦ
1658 2798 1767 2833 Κυρίου

983 2848 1062 2884 ἡμῶν
1083 2847 1171 2884 ’1ησοῦ
1184 2847 1317 2884 Χριστοῦ,
1333 2843 1355 2882 ᾧ
1370 2848 1388 2883 ὴ
1401 2845 1466 2880 δόξα
1480 2846 1528 2873 καὶ
1539 2845 1569 2871 τὴ
1581 2844 1682 2878 κράτος
1697 2844 1768 2871 πάν-
