1874 3055
73 148 100 179 ενι
620 137 815 169 BECENSIO
835 138 844 167 t

939 137 1099 168 MATRIT.
1651 132 1686 164 38

70 213 130 234 τοτε.
146 201 189 229 νῦν
204 200 249 227 καὶ
261 199 318 231 ἀεὶ,
335 197 382 226 καὶ
400 197 438 229 εἰς
453 198 516 229 τοὺς
531 195 633 228 αἰῶνας
648 195 703 223 τῶν
718 194 838 224 αἰώνων.

75 248 158 282 Ἀμήν.

99 293 154 320 llaec
176 289 284 318 honiilia
303 295 391 324 neque
416 288 487 315 inter
512 287 639 323 genuina,
663 294 751 321 neque
770 287 840 314 inlcr

71 339 146 374 spuria
170 337 195 364 S.
211 336 323 363 Joannis
337 334 517 370 Chrysostomi
535 341 618 369 opera
643 333 792 365 invenitur,
817 333 840 360 si

71 386 137 413 ntodo
152 383 214 410 ﬁdes
228 382 351 409 habenda
364 382 400 409 sit
410 381 581 416 Alphabetico
597 380 716 414 ejusdem
732 387 840 413 operum

71 430 143 458 luditi
160 436 190 455 ex
210 428 304 463 primis
320 427 405 454 verbis
429 435 578 454 sermonum
597 430 621 452 et
650 426 838 456 homiliarunt,

70 477 93 503 in
114 475 200 510 quibus
228 473 329 506 spuriw
352 478 376 500 et
400 474 481 500 etiam
509 473 631 505 amissio,
658 479 738 506 quem
759 471 791 498 Ρ.
808 471 842 498 de

71 521 223 548 Montlaucon
246 519 357 547 exhibet
389 517 611 554 locupletissima:
634 517 763 545 editionis
785 517 840 544 vol.

71 566 128 597 Xlll.
145 573 201 601 pag.
219 564 281 592 296.
298 566 333 591 At
349 572 415 592 vero
432 569 492 598 post
507 564 577 591 bene
593 563 694 591 multos
712 571 778 591 mss.
795 571 842 590 ca-

71 614 160 646 talogus
179 617 205 639 et
219 611 323 638 indices
349 610 449 638 frustra
473 610 627 644 exploratos
644 616 840 644 excussosque.

75 660 165 686 tutulum
180 657 257 691 hujus
281 657 400 684 hontilim
420 657 539 683 occurrit
562 656 662 683 mentio
679 656 704 683 in
731 655 841 683 Antonii

75 703 197 740 Augustini
212 702 376 729 Bibliotheca
397 702 489 729 Gra'ca
511 709 572 733 ms.,
589 702 650 729 cod.
668 701 712 734 Η,
736 702 778 728 his
801 701 842 727 di-

72 751 140 778 sellis
157 750 264 777 verbis:
280 748 479 776 cnnrsosr.
497 740 560 775 in."
578 748 609 775 de
627 747 798 775 Eucharistia
815 748 843 774 in

74 797 186 824 Enmniis
210 804 312 828 sermo,
337 799 361 822 et
387 796 456 829 quod
481 796 602 822 debentur
633 795 758 822 accedere
783 803 842 822 cum

72 844 140 870 multo
149 843 237 869 timore
246 843 281 868 ad
300 842 390 869 dit-ina
402 842 540 877 mysteria.
550 841 618 869 Cum
636 847 727 869 autem
743 842 842 877 doctis-

73 890 121 917 simi
139 888 254 923 [insulis
269 895 339 916 mss.
358 888 520 916 bibliotheca
538 888 565 915 in
581 887 694 922 Regiam
715 873 843 916 Escuiia-

74 935 158 962 lenscnt
172 934 243 961 illata
256 935 303 965 sit.
321 934 460 962 horniliant
476 935 547 962 hunc
565 934 664 962 ibidem
678 954 685 966 ,
698 934 751 961 nisi
766 933 844 961 fune-

73 981 176 1008 stissimo
197 980 258 1006 anni
283 979 353 1007 1671
376 980 501 1008 incendio
524 980 616 1016 periit,
633 980 721 1008 adhuc
736 985 844 1008 exstare

75 1026 167 1053 minime
179 1025 347 1054 dubitamus.
373 1025 408 1054 Ut
434 1030 462 1054 ut
486 1031 539 1059 est,
558 1026 677 1054 uondutn
702 1026 747 1054 illa
773 1028 844 1063 typis

74 1070 183 1098 Ittttotuit.

101 1118 155 1145 2l0.
171 1118 231 1146 Post
248 1118 393 1147 bomiliam
408 1118 595 1155 Chrysostomi
617 1118 786 1152 interjcctani
802 1125 844 1145 re-

75 1164 105 1190 dit
115 1163 281 1200 Theophanis
292 1165 472 1201 thomiliarnm
489 1164 567 1197 ordo,
581 1171 628 1190 sua
641 1164 740 1199 cuique
755 1164 843 1191 ascri-

75 1216 109 1244 pta
124 1211 218 1238 humeri
238 1215 314 1243 nota.
335 1217 364 1238 ut
379 1211 502 1245 sequitur
517 1219 523 1237 :

108 1256 203 1291 Ὁμιλία
221 1256 258 1289 π’,
275 1258 318 1289 εἰς
333 1257 384 1292 τὴν
400 1256 538 1292 σωτήριον
561 1256 708 1292 Ἀνάληψιν
727 1255 774 1283 τοῦ
794 1257 846 1282 Κυ-

76 1304 121 1338 ρξου
135 1304 177 1330 καὶ
188 1303 254 1330 Θεοῦ
272 1304 322 1330 καὶ
347 1303 475 1338 Σωτῆρος
501 1303 580 1338 ἡμῶν
609 1301 697 1337 Ἰηοοὖ
714 1302 844 1337 Χριστοῦ.

76 1350 174 1377 Humilia
190 1350 234 1383 80,
254 1351 282 1376 in
305 1349 474 1384 salutiferam
493 1349 680 1376 Ascensionem
700 1348 806 1376 Domini
822 1352 847 1376 et

74 1396 113 1423 Dei
126 1401 148 1423 ει
163 1395 308 1423 Saluatoris
325 1395 410 1422 nostri
425 1395 488 1422 Iesu
504 1394 616 1422 Christi.

104 1441 199 1475 Incipit,
213 1441 344 1475 Σήμερον
358 1441 406 1475 τῆς
421 1440 500 1475 ἡμῶν
517 1440 655 1476 σωτηρίας
669 1441 686 1476 ὴ
702 1439 844 1474 οἰκονομία

73 1486 242 1521 πεπλήρωται,
263 1486 390 1520 σήμερον
404 1487 421 1521 ἡ
439 1485 520 1519 φύσις
541 1485 597 1512 τῶν
621 1485 775 1520 ἀνθρώπων
788 1485 845 1512 ἀπὸ

73 1530 112 1564 τῆς
130 1532 176 1565 γῆς
192 1530 230 1562 si;
243 1530 382 1566 οὐρανοὺς
403 1529 582 1565 ἁνεφύτησεν.
598 1529 713 1563 Desinit,
737 1531 792 1556 Καὶ
806 1529 845 1564 τῷ

73 1577 183 1610 ςωτὶτῆς
193 1577 274 1610 ἁγίας
289 1577 409 1611 Τρίαδος
424 1577 582 1612 τελεὸτερον
597 1577 824 1612 ἑλλαμφθείημεν
837 1584 844 1592 ο

74 1622 100 1656 ῆν
112 1621 289 1656 ὁμολογοῦμεν
313 1622 343 1647 ὲν
365 1622 508 1658 παρῤησίᾳ
521 1631 529 1638 ·
548 1622 672 1650 κελεύσει
686 1622 742 1649 τῶν
760 1621 847 1655 ἁγίων

75 1668 184 1703 Πιτέρων
207 1669 254 1695 καὶ
274 1668 447 1700 ἀποστόλων,
463 1668 511 1696 καὶ
534 1668 644 1695 πάντων
668 1668 723 1695 τῶν
748 1669 845 1703 ἁγίων,

74 1714 182 1747 πάντοτε,
198 1714 245 1741 νῦν
260 1716 313 1742 καὶ
327 1714 384 1748 ἀεὶ,
402 1714 442 1746 εις
457 1715 521 1746 τοὺς
534 1714 637 1747 αἰῶνας
650 1715 706 1741 τῶν
729 1715 846 1743 αἰώνων.

77 1759 159 1794 ’Δμήι

101 1805 153 1832 212.
167 1805 313 1834 llotuiliam
328 1806 398 1834 hanc
409 1805 581 1841 excipiebant
592 1806 656 1833 olim
673 1809 775 1841 septem
788 1805 848 1833 aliae

74 1852 95 1878 in
113 1853 194 1887 priora
211 1858 319 1887 septem
340 1851 467 1884 Ἐωθινά,
485 1852 537 1879 ltoc
552 1855 594 1879 est
622 1851 777 1885 Matutino;
797 1851 846 1880 sed

75 1898 174 1930 evulsis,
203 1903 248 1926 aut
274 1899 413 1933 corruptis
443 1903 577 1926 vetustate
604 1897 694 1931 foliis,
724 1898 848 1933 septimas

76 1947 160 1970 tantum
173 1949 262 1972 exstat
280 1945 419 1978 posterior
443 1943 588 1978 particula,
609 1945 642 1971 ab
656 1943 698 1971 bis
715 1943 848 1978 incipiens

74 1988 156 2020 teritis,
171 1989 206 2016 Τὸ
220 1989 319 2016 λοιπὸν
338 1989 389 2026 τὴν
413 1989 611 2025 ἁνθρωπότητα
627 1989 793 2022 ἀκολούθως,
819 1990 847 2018 111

75 2034 119 2062 hac
132 2036 266 2068 desinens,
282 2035 338 2063 Τοῦ
358 2036 406 2064 σὺν
421 2037 510 2072 Πατρὶ
526 2037 574 2063 καὶ
597 2036 653 2071 Υῐῷ
677 2044 848 2071 προσκυνου-

76 2080 142 2113 μένου
157 2082 421 2124 κα1-δοξαζομένου,
443 2082 491 2110 νῦν
509 2082 557 2110 καὶ
578 2083 633 2114 ἀεὶ,
654 2082 703 2109 καὶ
725 2083 766 2114 εις
783 2082 847 2115 τοὺς

73 2133 166 2158 αιωνας.

101 2172 157 2205 Quae
169 2174 278 2208 quidem
301 2179 406 2210 septem
430 2175 550 2202 homilize
575 2180 685 2203 exstant
711 2176 737 2202 in
766 2183 848 2210 supra

75 2215 164 2244 laudata
191 2220 324 2253 editione,
348 2225 376 2247 et
402 2228 416 2248 a
437 2221 564 2248 \icesinra
579 2226 676 2248 octava
691 2221 724 2248 ad
741 2222 849 2250 tricesi-

75 2271 133 2290 tuam
148 2267 314 2301 pcrtingunl.

103 2309 162 2339 Ibid.
183 2312 295 2348 Ὀμιλία
311 2316 368 2349 κη’,
385 2314 426 2345 εις
438 2315 469 2340 τδ
480 2316 505 2349 η’
524 2313 673 2340 Ἐωθινῶν.
684 2313 802 2340 Homilia
813 2313 848 2341 88

75 2355 96 2380 in
112 2362 152 2383 1111
170 2356 375 2385 Matutinarum.
395 2358 513 2393 Incipit:
532 2359 613 2394 Ἀρτι
628 2359 676 2386 τοῦ
695 2359 847 2395 κορυφαίου

76 2400 118 2426 τῶν
138 2403 279 2439 φοιτητῶν.
310 2403 406 2432 Exstat
433 2405 543 2437 ibidem,
572 2409 786 2440 nutneralurquc
800 2405 846 2438 55,

77 2446 127 2473 licet
137 2448 175 2474 illa
188 2450 294 2483 plenior
311 2450 434 2485 incipiat,
455 2451 551 2486 Μαρία
568 2451 704 2486 εἱστήκει.

101 2493 157 2521 215.
174 2497 285 2524 Averso.
309 2496 420 2531 Ὀμιλία
443 2497 498 2530 ποι,
528 2498 569 2529 εἰς
597 2498 628 2524 τὸ
656 2498 677 2524 θ’
699 2497 846 2526 Ἑωθινῶν.

77 2539 177 2569 Domitia
189 2543 223 2570 89
239 2544 266 2570 in
279 2551 306 2570 ix
322 2542 530 2587 Matutinarum.
545 2543 651 2579 Incipit,
661 2544 752 2580 Οὔσης
768 2545 847 2581 ὺψίας

74 2587 192 2623 τῇὴμέρᾳ
203 2589 305 2625 ἐκείνῃ.
323 2590 370 2617 Est
387 2590 485 2618 ibidem
503 2590 549 2617 55.

100 2633 156 2660 215.
170 2635 282 2662 Averso.
303 2635 416 2670 Ὀμιλία
432 2635 456 2669 1(
469 2637 509 2668 εἰς
527 2635 558 2663 τδ
572 2635 587 2662 ι’
612 2636 758 2664 Ἐωθινῶν.
778 2637 848 2673 Περὶ

75 2677 115 2712 τῆς
129 2679 212 2714 ἄγρας
226 2681 280 2708 τῶν
296 2681 406 2716 ἰχθύων.
427 2682 546 2710 Homilia
561 2682 606 2715 90,
621 2685 647 2710 in
664 2691 680 2710 ι
697 2683 847 2711 Matutino-

75 2731 132 2752 rsm.
152 2725 187 2752 De
206 2733 318 2760 captura
336 2729 461 2761 piscium.
485 2729 590 2764 Incipit,
617 2729 679 2756 Ἐπὶ
696 2731 747 2766 τὴν
764 2730 846 2756 Τιϐε-

77 2770 154 2803 ριάδος
163 2772 272 2808 λίμνην.
291 2773 338 2802 Est
361 2775 461 2802 ibidem
480 2776 526 2803 3G.

927 195 992 223 2I8.
1019 193 1132 228 Ὀμιλία
1148 195 1203 227 ha},
1226 193 1267 224 εἰς
1287 191 1318 219 τὸ
1344 193 1378 218 ια’
1400 190 1548 218 Ἐωθινῶν.
1565 189 1688 218 Humilia

892 242 937 274 9|,
960 241 988 268 in
1015 249 1040 268 xt
1071 240 1281 267 Matutinarum.
1296 237 1404 271 Incipit,
1419 237 1465 271 Τῷ
1483 237 1570 271 καιρῷ
1594 237 1688 272 ὲνείνῳ

892 287 1069 323 ἐφανέρωσεν
1086 286 1184 313 ἑαυτὸν
1205 287 1219 312 ό
1239 284 1344 320 Ἰησοῦς
1357 285 1415 316 τοῖς
1437 283 1573 318 μαθηταῖς
1590 283 1686 310 αὑτοῦ.

893 335 1035 362 Postrema
1049 333 1130 368 hujus
1144 333 1262 360 houtilia:
1275 332 1384 366 pagina,
1394 330 1489 358 deletis
1504 338 1573 364 pene
1589 330 1687 357 litteris

894 381 944 414 legi
961 387 990 407 se
1004 380 1115 406 minime
1129 381 1242 413 patitur.
1262 377 1310 405 Est
1326 384 1392 404 vero
1408 376 1508 403 ibidem
1522 376 1568 403 37.

930 426 1070 454 Hactenus
1097 425 1278 460 singularum,
1306 431 1377 458 quas
1402 428 1475 450 lotus
1496 422 1688 456 complectitur

893 474 990 506 codex,
1009 472 1181 500 homiliarum
1207 471 1342 498 recensio.
1359 469 1438 496 Nunc
1454 476 1528 501 vero,
1545 474 1642 504 printer
1655 475 1686 495 ea

894 528 953 555 qua:
971 519 1061 546 obiter
1077 517 1297 548 observavimus,
1319 516 1409 550 aliqua
1437 515 1514 543 nobis
1541 518 1688 550 supersunt

896 572 950 594 111111
978 567 1010 593 de
1037 565 1158 592 auctoris
1176 564 1296 596 nomine,
1324 567 1415 595 :ctato,
1434 561 1555 596 scriptis,
1580 568 1635 588 111111
1655 562 1688 588 de

895 613 953 647 ipso
969 612 1062 638 codice
1080 610 1249 638 disserenda.

930 659 1033 686 Auctor
1045 658 1154 692 quidem
1168 665 1200 684 ex
1219 656 1272 682 illis
1289 660 1331 682 cst
1349 655 1394 689 qui
1414 653 1596 689 πολυωνυμίᾳ
1610 653 1687 680 labo-

895 710 973 738 rant;
1003 704 1064 731 aliis
1093 703 1165 730 enim
1196 702 1336 736 Georgius,
1355 701 1417 734 sive
1442 700 1601 735 Gregorius,-
1628 699 1688 725 aliis

898 749 1080 786 Theophanes,
1098 749 1238 783 Philippus
1260 749 1331 778 aliis,
1350 747 1410 774 aliis
1423 747 1539 781 denique
1554 745 1688 780 Nicepho-

897 806 953 830 rus,
969 797 1098 831 adjuncto
1109 802 1216 829 semper
1229 793 1383 826 Cerameos,
1395 792 1435 820 vel
1451 791 1601 824 Ceramitw,
1616 791 1688 826 quod

895 842 1008 878 ﬁgulum
1026 847 1124 874 sonat,
1150 846 1341 876 cognomento,
1359 843 1541 873 nuncupatur.
1556 838 1608 866 Sed
1627 845 1688 864 om-

896 897 944 917 nes
959 888 1180 924 frequentissime
1196 891 1243 914 aut
1264 885 1448 919 Theophanes,
1462 890 1508 911 aut
1523 882 1666 918 Gregorius
1678 890 1688 910 :

896 936 964 962 adeo
979 939 1008 962 ut
1022 934 1117 961 haberi
1133 932 1283 960 binominis
1296 931 1396 967 possit,
1409 930 1501 957 addito
1513 929 1595 957 etiam
1608 928 1691 956 Cera-

895 983 948 1010 mei
974 981 1154 1017 cognomine,
1181 985 1209 1008 et
1238 978 1438 1014 archiepiscopi
1467 976 1689 1005 Tauromenitani

898 1028 985 1056 titulo.
1006 1029 1064 1061 Qua
1087 1028 1120 1055 de
1146 1034 1176 1054 re
1201 1026 1303 1054 vidcsis
1319 1025 1448 1054 Scorsutn
1465 1024 1492 1052 in
1509 1024 1641 1051 Protemio
1657 1031 1688 1056 11,

897 1074 966 1110 §2;
991 1073 1109 1101 Leonem
1137 1072 1263 1100 Allatium
1295 1072 1320 1099 in
1354 1070 1477 1098 Diatriba
1499 1071 1531 1097 de
1559 1070 1689 1105 δεον-9111,

897 1128 972 1148 nunt.
991 1119 1086 1150 LXXI,
1105 1124 1133 1146 et
1149 1118 1305 1146 Fabricium
1330 1118 1355 1144 in
1376 1117 1506 1144 Biblioth.
1520 1116 1620 1144 erca:
1637 1116 1689 1144 vol.

897 1166 931 1200 Χ,
949 1174 1009 1201 cup.
1021 1166 1066 1193 42.
1086 1165 1126 1193 Ad
1145 1165 1300 1200 Philagathi
1317 1164 1466 1199 philosophi
1481 1163 1689 1197 appellationem

897 1214 969 1246 quod
986 1212 1094 1244 attinet,
1114 1211 1179 1246 quid
1196 1211 1241 1243 illa
1262 1209 1370 1237 rarius?
1387 1208 1464 1244 Apud
1489 1209 1593 1235 nullum
1621 1207 1701 1235 scri-.

898 1262 1003 1291 ptorcm
1022 1256 1150 1291 nulloque
1179 1256 1204 1283 in
1235 1255 1404 1290 exemplari,
1432 1258 1614 1289 praeterquam
1639 1254 1692 1282 hoc

899 1302 1051 1331 Matritensi
1082 1303 1213 1333 occurrit.
1241 1303 1285 1329 ubi
1312 1306 1419 1336 quater,
1453 1308 1507 1336 qua
1533 1299 1692 1328 suboriatur

899 1347 1041 1375 dubitandi
1073 1348 1162 1381 ratio,
1191 1348 1335 1382 repetitur.
1371 1347 1439 1375 Hinc
1467 1349 1546 1383 plane
1577 1349 1691 1384 colligas

899 1398 1000 1428 quanta
1031 1401 1075 1421 me
1102 1393 1234 1420 invaserit
1259 1402 1418 1428 germanum
1447 1394 1565 1422 auctoris
1593 1401 1690 1422 nomen

900 1439 1044 1474 detegendi
1061 1439 1208 1474 cupiditas,
1223 1443 1342 1474 quantus
1356 1439 1419 1466 tnilti
1439 1439 1464 1466 in
1481 1447 1514 1466 eo
1530 1439 1692 1467 inveniendo

901 1485 994 1519 labor;
1014 1490 1080 1520 quot
1095 1485 1269 1512 homiliarum
1283 1485 1464 1520 scriptoribus
1476 1486 1690 1521 pervolutandis,

898 1536 964 1566 quot
992 1531 1166 1559 conferendis
1193 1531 1372 1566 impenderim
1398 1539 1532 1566 operam,
1558 1532 1644 1560 donec
1663 1532 1691 1559 in

897 1576 1060 1611 Philagatho
1072 1584 1220 1612 agnoscere
1237 1576 1421 1612 Theophanem
1440 1578 1549 1605 demum
1563 1578 1691 1613 contigit.

897 1623 986 1650 Meum
1010 1623 1076 1651 mihi
1103 1624 1255 1656 inventum,
1278 1628 1307 1651 ut
1323 1625 1440 1658 ingenue
1463 1624 1559 1658 fatear,
1577 1624 1691 1652 miriﬁce

898 1677 957 1696 sutn
985 1669 1152 1704 gratulatus;
1173 1670 1319 1705 script0ris
1352 1670 1477 1698 invenire
1507 1678 1603 1697 nomen
1632 1671 1692 1705 plus

899 1715 986 1742 visum
1002 1719 1045 1742 est
1058 1723 1138 1750 quant
1153 1715 1254 1751 scripta
1272 1717 1322 1751 (a).
1339 1715 1493 1751 Philaguthi
1508 1724 1588 1751 porro
1603 1717 1692 1744 nomi-

899 1768 933 1788 ne
949 1759 1155 1794 Theophanem,
1175 1761 1238 1789 dtttu
1265 1762 1349 1790 vitam
1381 1761 1559 1789 monasticam
1589 1767 1692 1797 ageret,

899 1813 979 1833 usum
997 1806 1080 1834 fuisse
1095 1807 1176 1842 plane
1191 1811 1299 1835 constat
1318 1815 1351 1835 ex
1374 1808 1577 1842 subscriptione
1603 1808 1693 1836 1101111-

898 1851 942 1879 liaa
958 1852 992 1879 77
1007 1852 1143 1887 subjecta,
1156 1861 1237 1888 quant
1251 1853 1333 1889 hujus
1347 1854 1449 1882 codicis
1465 1852 1512 1882 fol.
1525 1853 1580 1882 202
1595 1862 1693 1882 averso

899 1898 1085 1928 exhibuimus.

934 1943 996 1972 Jam
1015 1952 1078 1973 vero
1093 1946 1126 1973 de
1137 1950 1217 1974 aetate
1234 1955 1288 1983 qua
1302 1947 1485 1983 Theophanes
1499 1948 1576 1981 vixit,
1590 1948 1612 1975 si
1629 1955 1694 1976 vera

899 1996 942 2019 est
954 1991 1035 2019 lectio
1047 1992 1236 2028 inscriptionis
1250 1994 1380 2027 homilite,
1394 1994 1543 2022 secundum
1564 1994 1693 2022 Scorsum

898 2036 946 2069 26,
963 2037 991 2071 in
1004 2038 1171 2066 solemnitate
1183 2039 1343 2066 Palinurum
1355 2040 1433 2068 dicta:
1449 2040 1565 2067 ἐνώπιον
1583 2041 1630 2068 τοῦ
1644 2042 1693 2076 ρη-

900 2085 948 2118 γδς
967 2082 1075 2118 Ῥόγου,
1094 2084 1138 2112 11111
1153 2089 1181 2112 et
1197 2084 1252 2112 Leo
1264 2085 1391 2118 Allatius,
1408 2090 1445 2118 ct,
1461 2086 1519 2120 ipso
1540 2087 1640 2113 Scorso
1655 2087 1681 2113 t'a

904 2136 988 2166 tente,
1007 2131 1171 2159 Sirmuudus
1192 2131 1336 2167 Ῥογερίου
1359 2139 1408 2166 pro
1429 2131 1525 2166 Ῥόγου
1553 2132 1694 2166 Ιρειιυιιιιιη

901 2183 1026 2212 censent,
1042 2186 1083 2206 nae
1108 2178 1154 2205 ille
1170 2179 1272 2206 vixisse
1302 2179 1392 2213 potius
1424 2179 1532 2205 videtur
1550 2177 1659 2211 Roget-ii
1673 2179 1693 2210 l,

901 2224 1001 2252 Sicilia:
1024 2225 1095 2260 regis
1123 2229 1245 2259 tempore
1275 2225 1309 2252 ab
1334 2232 1406 2252 anno
1436 2225 1546 2252 circiter
1577 2225 1694 2252 11501111

901 2271 982 2304 1154,
1000 2279 1081 2306 quain
1096 2272 1196 2298 saeculo
1209 2279 1235 2298 111
1254 2272 1304 2299 sub
1318 2271 1418 2298 Basilio
1432 2276 1458 2298 ct
1471 2271 1561 2298 Leone
1576 2271 1694 2306 1111110111-

901 2317 1016 2345 toribus.
1037 2317 1066 2345 Id
1089 2322 1179 2344 tamen
1197 2318 1338 2345 contendit
1356 2317 1483 2350 Scm'sus,
1501 2318 1580 2345 modo
1605 2316 1694 2351 Ῥογε-

900 2363 962 2398 ρίου
979 2363 1071 2391 delere
1088 2371 1199 2397 nomen,
1213 2365 1294 2391 modo
1308 2364 1470 2392 vocabulum
1494 2363 1590 2398 Ῥόγου
1609 2363 1695 2390 stabi-

900 2409 952 2437 lire
966 2409 1041 2437 otntti
1067 2410 1175 2437 ratione
1201 2409 1339 2443 adniteus,
1355 2415 1409 2437 tum
1427 2409 1557 2445 βασιλέως
1575 2409 1694 2443 1111110111-

902 2455 1014 2489 tionem,
1031 2464 1116 2491 quant
1133 2455 1315 2491 Theophanes
1330 2456 1488 2491 frequenter
1505 2461 1628 2488 usurpat,
1645 2455 1696 2481 im-

899 2506 1062 2537 peratorem,
1085 2510 1138 2529 tton
1155 2510 1241 2537 regem
1259 2502 1425 2536 pertinacius
1450 2501 1642 2535 interpretans.
1659 2501 1695 2528 At

900 2548 1004 2583 singula
1017 2548 1098 2584 hujus
1111 2554 1271 2583 argumenta
1283 2548 1392 2584 egregie
1402 2548 1515 2574 Allatins
1529 2547 1556 2574 111
1571 2547 1693 2574 Diatriba

899 2595 932 2622 de
948 2595 1101 2622 Simeonum
1115 2595 1220 2629 scriptis
1234 2595 1366 2627 coniutat,
1383 2595 1469 2629 ipsntu
1485 2594 1548 2621 item
1564 2594 1692 2620 Allutiuut

899 2641 1039 2676 explanat,
1058 2645 1196 2675 totamque
1214 2649 1270 2667 rem
1297 2640 1399 2675 optime
1417 2639 1544 2667 enucleat
1559 2639 1693 2666 illuslrut-

900 2695 953 2722 que
966 2687 1116 2714 Casimirus
1133 2686 1256 2715 Oudinus
1271 2687 1297 2714 in
1311 2685 1507 2714 Commentario
1522 2687 1553 2713 de
1565 2685 1692 2714 Ecclesia
1708 2702 1711 2722 π

899 2733 1076 2767 scriptoribus
1099 2733 1228 2768 antiquis,
1259 2733 1380 2765 10111011,
1403 2733 1456 2761 col.
1475 2733 1544 2760 1185
1558 2741 1619 2768 sqq.
1713 2727 1716 2730 ’

936 2778 978 2805 Ad
992 2778 1113 2806 auctoris
1129 2779 1215 2806 nOstri
1239 2780 1352 2815 scripta,
1369 2780 1394 2808 id
1412 2785 1454 2808 est
1477 2780 1613 2815 humilius,
1628 2783 1693 2807 tan-

104 2862 137 2895 ta)
157 2860 184 2889 Si
205 2862 352 2892 leoisono
381 2865 498 2898 credas,
525 2865 625 2895 frustra
650 2867 695 2896 hic
724 2867 843 2897 exsultat
861 2867 980 2897 Yriarte.
998 2867 1064 2898 Vidc
1077 2876 1159 2905 supra
1179 2869 1232 2898 col.
1249 2869 1294 2897 2|.
1312 2869 1389 2898 Eutr.
1408 2869 1492 2898 Pun.
