1874 3055
189 133 224 166 39
762 129 951 161 RECENSIO
970 128 1055 159 COD.
1074 126 1230 158 MATRIT.
1765 129 1796 160 to

188 191 250 219 dem
269 189 440 217 accedamus.
465 187 517 216 Eas
542 186 627 215 multo
647 187 740 222 plures
754 194 814 215 esse
829 188 970 222 sexaginta

187 236 293 264 duabus
317 241 388 269 quas
406 234 541 261 Scorsana
558 237 738 268 repraesentat
758 232 853 266 editio,
875 232 918 260 vel
931 232 975 259 hic

188 281 257 308 liber
270 287 321 308 ms.
337 279 417 306 tidem
435 279 542 306 abunde
557 278 633 306 facit.
657 278 730 306 inter
747 283 860 305 caeteros
885 281 975 305 autent

188 334 280 354 earum
312 325 488 352 llomiliarum
522 324 629 351 codices
653 323 881 351 animadvertenti
909 323 975 350 mihi

189 381 251 400 cum
278 372 348 405 apud
375 373 499 398 eumdem
526 370 668 404 Scorsum,
683 374 737 397 tum
764 369 834 404 apud
854 369 973 396 Leonem

188 419 317 446 Allatium
336 418 361 444 in
379 418 498 444 Diatriba
515 417 547 443 de
564 416 683 452 Georgii:
699 416 781 444 etiam
800 415 974 442 Escurialen-

190 471 235 491 ses
253 463 365 498 allegari
389 464 481 490 statim
511 462 587 490 adire
615 462 751 489 succurrit
778 461 975 496 praecipitorum

190 509 387 537 Escurialensis
400 508 571 536 bibliotheca:
591 515 656 534 mss.
673 507 804 539 lndicem,
818 514 898 540 quem
913 514 975 541 par-

190 554 238 581 tim
256 561 288 580 ex
309 554 393 588 ipsius
406 553 542 587 catalogo,
558 553 654 587 partim
672 560 704 579 ex
731 552 797 586 ipsis
812 551 888 578 libris
911 550 975 578 olim

189 599 429 631 conciunaveram,
457 606 527 625 anno
544 599 669 625 videlicet
698 598 787 630 1747,
813 598 876 624 dum
904 596 975 631 apud

190 645 293 680 regium
308 645 373 671 illud
388 644 555 677 cumobium,
569 645 689 670 omnium
702 644 801 670 artium
819 643 977 676 disciplina-

190 697 305 724 rumque
320 690 422 721 sedem,
439 689 576 716 mensibus
589 687 700 716 Octobri
723 693 751 715 et
770 687 913 715 Novembri
929 694 977 722 per

189 736 248 763 dies
259 735 438 770 quadraginta
451 741 504 761 non
515 735 621 761 otiosus
633 738 769 768 spectator
780 739 974 760 commorarer.

189 781 228 807 Eo
253 782 278 807 in
308 779 398 807 indice
428 785 627 815 peropportune
655 779 755 806 librum
778 778 878 805 oﬂ‘endi
895 798 901 810 ,
932 777 976 804 cui

190 826 285 853 titulus
303 834 310 852 :
328 825 450 860 Gregorii
465 825 577 860 episcopi
595 824 776 851 Tauromeniaa
788 823 886 851 Sicilia:
897 823 977 850 Cera-

189 872 241 898 ,ηεὶ
253 872 331 897 varia:
345 871 480 902 (lautitiis,
496 872 546 897 hac
559 875 621 897 nota
634 870 796 898 distinctum
807 879 814 898 :
825 869 870 897 ιν.
887 871 916 897 Ω.
929 870 974 897 27.

225 918 359 945 Continuo
375 923 440 951 quot
456 922 482 944 et
503 924 570 951 quas
588 917 814 951 complecteretur
828 916 870 944 hic
887 917 976 943 homi-

189 965 250 997 lius,
267 964 366 991 certior
389 962 446 989 ﬁeri
472 963 597 997 cupidus,
623 963 655 988 ad
677 961 843 988 Bernardum
857 961 976 994 Yriarte,

191 1010 283 1038 fratris
300 1009 350 1036 mei
365 1009 459 1040 tilium,
476 1008 597 1043 primarii
616 1008 751 1042 regiorum
764 1007 976 1035 commentario-

193 1065 250 1084 rum
269 1055 362 1083 scrinii
376 1055 577 1086 administrum,
593 1054 661 1088 apud
679 1060 759 1087 supra
774 1053 874 1080 dictum
885 1059 978 1079 caeno-

192 1101 275 1130 binm,
294 1099 444 1127 rusticante
460 1099 495 1125 ibi
513 1104 586 1131 rege,
610 1098 760 1131 degentem,
787 1096 891 1122 litteras
917 1095 977 1122 dedi

189 1153 236 1172 ινι
263 1144 325 1170 Kal.
351 1144 420 1178 Aug.
437 1151 481 1170 an.
504 1142 582 1175 l766,
601 1142 681 1169 enixe
706 1141 845 1176 postulans
867 1144 895 1167 ut
910 1140 978 1166 duos

189 1189 368 1224 peritissimOS
384 1189 443 1223 ejus
454 1188 625 1215 bibliothecae
637 1187 763 1214 custodes
776 1194 807 1213 ea
822 1187 857 1214 de
871 1194 900 1214 re
913 1194 977 1214 con-

190 1234 294 1262 veniret
325 1234 541 1267 consuleretque.
574 1232 651 1266 Quod
687 1240 748 1259 cum
778 1231 824 1259 ille
855 1238 976 1265 strenue,

190 1280 416 1314 quemadmodum
432 1279 501 1306 solet
522 1278 623 1309 omnia,
639 1277 818 1313 praestitisset,
835 1277 868 1305 R.
885 1277 916 1304 Ρ.
932 1278 978 1305 Di-

191 1327 274 1353 dacus
290 1326 323 1352 de
336 1324 473 1357 Cisneros,
487 1324 628 1352 custodum
649 1325 794 1356 secundus,
807 1325 850 1351 cui
864 1324 980 1351 schedu-

189 1372 244 1399 lant
260 1379 346 1398 meam
363 1371 465 1398 codicis
490 1371 607 1402 titulum,
625 1376 770 1404 notamque
790 1370 977 1405 prmlerentem

191 1418 236 1445 ille
252 1417 410 1449 tradiderat,
432 1421 488 1444 tam
516 1417 659 1451 diligenter
683 1424 763 1451 quam
781 1417 934 1444 humaniter
949 1420 977 1443 et

193 1463 264 1493 illius
278 1463 356 1489 dictis
373 1466 400 1489 et
421 1462 490 1489 meis
505 1463 656 1496 obsequens
670 1462 786 1496 optatis,
806 1461 979 1489 accuratissi-

193 1517 266 1536 mnm
283 1508 415 1543 ejusmodi
432 1509 544 1541 codicis,
565 1508 735 1535 homiliarum
753 1513 806 1534 tum
823 1508 978 1542 inscriptio-

192 1555 284 1586 nibus,
302 1559 357 1581 tum
372 1555 466 1589 primis
485 1554 616 1588 cujusque
632 1554 721 1581 verbis
743 1553 838 1581 Graece
861 1553 979 1587 perscri-

192 1600 256 1634 ptis,
274 1600 423 1635 catalogum
439 1600 472 1627 ad
489 1608 532 1628 me
547 1600 666 1634 ejusdem
690 1599 819 1627 Bernardi
832 1607 882 1635 ope
896 1599 978 1627 biduo

192 1649 253 1679 post
270 1645 427 1672 mittendum
440 1645 555 1672 curavit.

229 1689 254 1716 Is
269 1690 348 1725 igitur
365 1689 560 1717 Escurialensis
575 1690 670 1722 codex,
691 1689 762 1717 foliis
773 1694 901 1718 constans
913 1691 977 1724 299,

193 1739 221 1762 ot
241 1741 387 1761 men-orata
407 1735 533 1769 superius
561 1739 622 1761 nota
646 1734 690 1762 IV.
713 1736 744 1761 Ω.
770 1735 805 1762 27
826 1736 978 1770 insignitus,

194 1779 369 1815 Theophanis
389 1781 508 1808 continet
528 1781 659 1809 Homilias
672 1783 783 1809 omnino
799 1782 843 1814 56,
865 1791 978 1817 quarum

193 1827 319 1860 princeps
337 1826 417 1853 talem
441 1826 550 1853 exhibet
570 1826 675 1854 titulum
697 1836 704 1854 :
728 1827 781 1854 Τοῦ
798 1830 977 1863 μακαριωτά-

191 1880 250 1903 του,
267 1872 423 1905 σοφωτάτου
442 1880 472 1898 τε
490 1873 537 1899 καὶ
563 1874 784 1908 ῥητορικωτάτου
800 1875 978 1910 ἁρχιεπισχό-

192 1925 246 1943 που
267 1917 470 1952 Ταυρομενείας
493 1919 542 1953 τῆς
570 1919 696 1950 Σικελίας
719 1919 804 1956 κύρου
826 1921 978 1957 Γρηγοριου

192 1961 240 1988 τοῦ
257 1962 372 1996 ἐπίκλην
386 1963 538 1998 Κεραμέως
557 1964 597 1994 εἰς
606 1963 656 1999 τὴν
667 1965 755 1999 ἀρχὴν
771 1966 821 1999 τῆς
841 1966 978 1999 Ἰνδίκτου,

193 2007 253 2042 ἦτοι
276 2007 322 2033 τοῦ
341 2008 401 2034 νέου
418 2008 506 2040 ἔτους.
525 2009 553 2036 ld
575 2016 617 2036 est
635 2017 642 2035 :
661 2009 823 2043 Beatissimi,
839 2013 980 2047 sapientis-

193 2052 254 2079 simi
270 2061 300 2079 ac
311 2054 514 2088 eloquentissimi
540 2055 731 2090 archiepiscopi
751 2055 918 2085 Tauromenii
934 2058 979 2085 Si-

192 2098 272 2131 cilire,
287 2099 387 2126 domini
401 2098 532 2134 Gregorii,
548 2106 717 2135 cognomento
742 2101 871 2136 Ceranui,
892 2103 979 2130 homi-

192 2144 228 2172 lia
238 2145 264 2171 in
272 2145 431 2179 principium
445 2145 829 2181 lintictionis,sivenorianni;
843 2153 979 2180 postrema

192 2190 232 2217 sic
249 2190 408 2218 inscribitur
424 2199 431 2218 :
453 2192 507 2218 Τοῦ
523 2193 606 2219 αὑτοῦ
625 2193 718 2227 ὁμιλία
741 2194 831 2225 εἰς.τὺ
851 2195 885 2221 ια’
900 2195 980 2222 ἑωθι-

192 2236 248 2269 νόν,
263 2237 420 2271 incipitque,
441 2237 486 2272 Τῷ
509 2237 598 2273 καιρῷ
612 2239 709 2274 ἐκείνῳ
723 2240 896 2276 ἐφανέρωσεν
916 2242 980 2268 ἑαυ-

193 2282 239 2309 τὸν
254 2283 268 2308 ό
287 2282 389 2317 Ἰησοῦς
406 2284 463 2314 τοῖς
477 2283 622 2319 μαθηταῖς.

229 2328 265 2354 At
278 2327 335 2354 istae
347 2335 440 2355 omnes
450 2328 504 2362 jam
517 2338 530 2355 ιι
544 2329 574 2356 Ρ.
589 2329 687 2359 Scorso
702 2332 770 2367 typis
781 2332 980 2362 Parisiensibtts

194 2374 334 2409 evulgutae.
358 2374 386 2401 In
406 2374 458 2401 ﬁne
485 2377 601 2409 accedit,
620 2377 672 2408 Ἰῖοῦ
697 2380 854 2413 σοφωτάτου
872 2383 919 2408 καὶ
936 2382 980 2409 λο-

194 2420 328 2454 γιωτάτου
348 2421 394 2447 καὶ
408 2421 562 2455 ἁγιωτάτου
576 2424 747 2459 πατριάρχου
759 2425 981 2454 Κωνσταντινου-

193 2465 298 2497 πόλεως
322 2465 407 2502 κύρου
436 2467 588 2503 Γρηγορίου
613 2469 659 2495 τοῦ
689 2469 813 2505 Κυπρίου
833 2472 911 2506 λόγος
940 2474 980 2506 εἰς

192 2511 239 2538 τὸν
253 2511 331 2545 ἅγιον
357 2512 589 2549 μεγαλομάρτυρα
610 2515 658 2541 καὶ
671 2518 871 2553 τροπαιοφόρον
890 2519 980 2555 Γεώρ-

193 2566 263 2593 γιον.
278 2557 335 2585 Hoc
352 2563 394 2585 est
410 2568 416 2585 :
435 2558 640 2592 Sapientiuimi,
658 2561 864 2596 eloquentissimi
880 2570 904 2591 et
916 2573 980 2592 san-

193 2604 304 2630 ctissimi
325 2603 587 2640 Constantinopoleos
607 2607 778 2641 patriarchae,
797 2609 897 2637 domini
914 2609 981 2638 Gre-

194 2650 261 2684 gorii
275 2649 365 2684 Cyprii
378 2658 461 2677 sermo
472 2652 499 2678 in
515 2657 635 2679 sanciunt
649 2662 772 2689 magnum
794 2661 935 2692 martyrem
954 2664 979 2685 et

194 2697 404 2730 tropwophorum
426 2698 578 2733 Georgium,
595 2701 628 2727 ab
656 2701 698 2727 his
721 2701 853 2737 incipiens
865 2705 955 2732 verbis
971 2715 978 2732 :

195 2741 276 2774 Ἐθος
290 2743 368 2769 τοῦτο
382 2744 435 2770 τῶν
447 2744 536 2779 λόγοις
551 2746 760 2781 ἀγωνιουμένων
774 2750 876 2783 σχεδὸν,
890 2751 935 2784 qui
952 2753 978 2778 in

193 2788 266 2815 Actis
285 2795 447 2821 sanctorum,
472 2790 572 2824 Aprilis
593 2796 657 2818 tom.
673 2791 725 2823 _lll.
750 2793 793 2820 die
814 2793 858 2826 25,
887 2794 981 2824 Graece

194 2841 226 2861 Ic
253 2833 348 2862 Latine
372 2835 427 2870 jam
456 2836 565 2871 prodiit.
598 2837 717 2873 Denique
742 2840 769 2868 in
796 2842 948 2871 transmissi
964 2851 979 2871 a

1031 184 1065 211 R.
1078 184 1110 212 Ρ.
1124 184 1253 212 Cisueros
1281 184 1395 220 catalogi
1416 185 1468 212 line
1486 185 1668 216 subnotatum,
1679 184 1801 212 nihilum-

1028 231 1097 264 pliul
1118 238 1150 257 ex
1166 229 1257 258 eodem
1281 229 1408 266 Gregorio
1423 230 1547 258 Ceramco
1564 231 1592 258 in
1615 239 1646 258 ea
1659 235 1756 258 exstare
1768 232 1802 258 bi-

1031 275 1168 302 bitat/tecti.

1065 320 1131 347 Tam
1155 320 1229 347 clara
1251 325 1340 348 tamen
1365 325 1447 356 atque
1473 324 1563 355 aperta
1580 320 1744 355 sagacissimi
1760 322 1804 350 viri

1030 366 1230 401 signiﬁcatione
1243 373 1258 393 a
1272 365 1447 401 Theophanis
1457 374 1567 402 operum
1580 356 1731 401 inquirendi
1744 374 1805 395 con-

1031 411 1092 439 silio
1110 412 1222 439 minime
1242 417 1395 446 revocatus,
1409 413 1544 444 eumdem,
1561 412 1666 440 iteratis
1681 413 1713 440 ad
1734 420 1806 447 supra

1030 458 1132 485 dictum
1149 457 1315 485 Bernardum
1334 459 1442 492 litteris,
1464 466 1560 494 rogare
1584 458 1678 490 institi,
1695 462 1723 484 ut
1735 465 1807 486 accn-

1031 506 1115 532 ratius
1133 505 1325 540 investigaret,
1347 505 1369 531 si
1389 511 1441 539 qua
1460 505 1563 539 uspiam
1581 503 1675 531 lateret
1694 503 1749 537 ejus
1766 511 1807 530 as:-

1032 550 1126 583 ctoris,
1148 555 1195 577 aut
1213 551 1247 577 ad
1262 558 1325 578 eum
1343 551 1482 584 pertinens
1499 551 1622 584 scriptio,
1641 550 1727 585 qualis
1741 550 1806 584 ejus-

1031 597 1090 624 dem
1117 597 1298 624 Homiliarum
1327 596 1452 630 Lexican,
1477 605 1491 624 a
1508 596 1539 624 P.
1557 596 1654 624 Scorso
1678 597 1703 623 in
1723 597 1807 631 primis

1034 643 1263 674 commendatum,
1284 647 1314 669 ut
1337 643 1441 677 plenius
1455 642 1524 669 inira
1540 642 1703 669 narrabitur.
1718 641 1807 669 Verum

1032 688 1255 724 diligentissimus
1271 689 1316 716 ille
1332 688 1413 724 regite
1435 689 1608 716 bibliotheca:
1623 693 1724 719 custos,
1738 693 1809 722 post-

1030 741 1123 768 quam,
1153 734 1273 762 adhibita
1301 734 1458 768 impensiori
1482 742 1558 767 cura,
1586 733 1652 760 nihil
1679 734 1810 760 invenerat

1031 779 1104 811 novi,
1119 780 1247 807 scltedam
1265 787 1345 807 manu
1368 787 1417 807 sua
1433 784 1572 807 exaratam
1595 779 1630 807 ad
1653 786 1696 806 me
1712 779 1811 806 mittere

1033 825 1153 860 ejusdem
1173 825 1303 853 Bernardi
1329 833 1411 861 opera
1439 834 1493 853 non
1513 831 1555 853 est
1573 829 1700 860 gravatus
1716 833 1722 851 :
1738 832 1810 858 quam

1030 871 1106 899 velut
1121 870 1179 905 ejus
1196 876 1251 898 tum
1275 871 1431 906 diligentiae,
1456 876 1511 898 tum
1531 870 1610 897 olIit-ii
1627 875 1724 897 testem
1744 869 1811 898 locu-

1031 917 1208 950 pletissimam
1223 917 1325 951 placuit
1344 917 1395 943 huc
1411 917 1570 951 producere.

1070 971 1079 988 ι
1098 962 1137 989 En
1153 963 1177 989 el
1192 963 1282 990 Indice
1296 963 1406 996 antiguo
1417 969 1470 996 que
1488 963 1560 997 regia
1577 966 1652 989 antes
1664 961 1707 988 del
1725 961 1811 988 incen-

1032 1008 1075 1035 dio
1090 1008 1134 1035 del
1150 1015 1221 1035 anno
1237 1008 1302 1035 1671
1321 1016 1350 1035 se
1364 1013 1531 1035 encuentran
1555 1009 1588 1035 de
1602 1008 1733 1042 Gregorio
1748 1007 1814 1034 Tau-

1032 1061 1143 1082 t'omeno
1158 1054 1198 1082 las
1213 1055 1338 1082 homilias
1354 1063 1371 1090 y
1384 1055 1475 1082 titulos
1489 1055 1646 1089 siguientes.

1067 1099 1096 1126 1.
1115 1108 1125 1125 ι
1142 1099 1268 1126 Homilia:
1282 1109 1297 1126 a
1315 1100 1455 1127 Dominica
1470 1099 1604 1134 Principis
1614 1099 1812 1126 Pnblicanorum

1032 1151 1055 1174 et
1079 1146 1186 1173 Zaclta'i
1204 1154 1286 1181 usque
1304 1147 1338 1172 ad
1358 1145 1525 1172 Dominicam
1551 1145 1578 1171 in
1600 1144 1691 1172 Romi:
1712 1144 1814 1172 Palum-

1032 1201 1102 1220 rum.

1066 1239 1094 1266 2.
1114 1248 1123 1264 ι
1141 1238 1208 1265 Item
1228 1238 1345 1265 homiliw
1363 1238 1539 1272 particula":
1551 1239 1631 1266 totius
1645 1238 1723 1264 anni.

1067 1285 1096 1312 '5.
1119 1294 1128 1310 ι
1147 1284 1275 1311 Homilia:
1302 1293 1318 1311 a
1341 1285 1479 1312 Domiaira
1503 1284 1636 1320 Principis
1662 1285 1815 1311 Publicano—

1032 1341 1091 1359 rum
1108 1341 1188 1367 usque
1204 1333 1237 1359 ad
1247 1337 1412 1359 transactam
1431 1332 1680 1367 Quadragesimam,
1691 1337 1714 1359 et
1726 1332 1814 1366 ﬁniunt

1032 1379 1060 1405 in
1072 1378 1137 1412 festo
1151 1378 1275 1405 Omnium
1291 1378 1460 1405 Sanctorum.

1068 1424 1096 1452 ι.
1119 1434 1128 1450 ι
1149 1423 1217 1450 Item
1231 1424 1257 1450 in
1271 1425 1390 1451 undecim
1406 1424 1539 1451 Matutino
1555 1425 1689 1452 Homiliaz.

1066 1471 1094 1498 5.
1120 1479 1129 1496 ι
1150 1470 1264 1498 Lericon
1285 1470 1477 1505 pra'cipuarunt
1502 1471 1646 1498 dictionum
1672 1471 1816 1498 earumdem

1033 1516 1224 1543 llomiliarttm.

1072 1570 1082 1587 ι
1102 1561 1166 1588 Este
1184 1560 1302 1588 Lexicon
1317 1560 1411 1588 estaba
1430 1560 1608 1596 incorporado
1625 1569 1658 1588 en
1679 1561 1704 1588 el
1723 1561 1814 1588 mismo

1035 1613 1107 1634 tomo
1118 1614 1151 1634 en
1166 1614 1219 1641 que
1231 1615 1262 1634 se
1275 1607 1401 1634 hallaban
1417 1606 1458 1633 las
1476 1606 1605 1634 llomilias
1617 1607 1650 1634 de
1674 1607 1715 1634 los
1726 1606 1818 1634 Nume-

1034 1659 1079 1680 ros
1093 1652 1123 1684 2,
1138 1653 1166 1686 5,
1182 1653 1209 1680 4.
1230 1651 1251 1679 Υ
1269 1660 1354 1688 segun
1374 1660 1482 1687 parece,
1509 1653 1589 1680 habia
1614 1653 1663 1680 dos
1690 1652 1818 1687 exempla-

1034 1705 1090 1731 res,
1103 1702 1295 1725 como-consta
1312 1698 1346 1726 de
1359 1698 1398 1725 los
1416 1697 1541 1726 diversos
1556 1698 1666 1733 lugares
1683 1706 1736 1732 que
1757 1706 1818 1726 ocu-

1033 1744 1120 1779 paban
1138 1751 1172 1771 en
1184 1745 1209 1771 la
1227 1743 1402 1772 bibliotheca.
1419 1745 1456 1771 Dc
1469 1749 1545 1772 estos
1559 1746 1667 1779 perecio
1684 1745 1709 1772 el
1720 1752 1771 1779 que
1783 1749 1816 1771 te-

1034 1791 1077 1818 nia
1106 1796 1165 1818 esta
1189 1790 1266 1817 senal
1293 1790 1336 1818 Vl.
1358 1790 1389 1818 Γ.
1408 1790 1429 1817 l.
1446 1797 1462 1826 y
1480 1798 1514 1818 en
1537 1795 1595 1818 este
1616 1798 1647 1818 se
1671 1791 1778 1818 hallaba
1797 1791 1817 1817 et

1033 1837 1163 1867 Lexicon.
1188 1836 1318 1864 Tambien
1346 1837 1453 1871 perecio
1475 1837 1499 1864 et
1517 1837 1560 1864 del
1582 1845 1698 1865 numero
1726 1838 1754 1864 1ο
1766 1837 1817 1864 Con

1033 1890 1086 1918 que
1109 1890 1145 1910 no
1164 1890 1214 1910 nos
1239 1883 1273 1910 ha
1288 1883 1411 1917 quedndo
1433 1882 1499 1919 (que
1525 1883 1661 1918 sepamos)
1682 1891 1740 1910 mas
1758 1883 1819 1910 libro

1033 1936 1086 1964 que
1101 1928 1124 1956 el
1142 1928 1175 1955 de
1188 1928 1228 1956 las
1245 1928 1278 1955 57
1300 1927 1442 1961 Homilias,
1462 1929 1496 1956 de
1513 1936 1566 1963 que
1581 1929 1606 1956 di
1619 1929 1732 1956 noticia.
1747 1938 1757 1955 ι

1069 1974 1166 2002 Gravis
1181 1974 1336 2006 enimvero,
1355 1978 1382 2001 et
1399 1975 1576 2002 vehementer
1588 1975 1705 2002 dolenda
1729 1975 1820 2002 litteris

1031 2018 1139 2052 jactura
1155 2019 1162 2046 l
1181 2020 1334 2053 praesertim
1364 2018 1465 2052 Lexici,
1480 2020 1512 2046 de
1534 2026 1597 2053 quo,
1621 2024 1752 2054 tanquam
1768 2019 1820 2045 siu-

1035 2064 1121 2099 gulari
1133 2069 1160 2092 et
1174 2065 1281 2092 caeteris
1296 2065 1471 2092 bibliothecis
1495 2065 1586 2100 ignoto
1603 2073 1717 2100 prorsus
1733 2073 1819 2100 opere,

1035 2110 1073 2137 ita
1094 2109 1209 2138 Scorsus
1223 2111 1294 2138 inter
1313 2111 1517 2139 Escurialenses
1530 2111 1706 2146 Theophanis
1718 2113 1820 2139 codices

1035 2155 1151 2183 Pratzm.
1166 2163 1208 2189 ιιι⁷
1225 2155 1280 2192 δε,
1294 2157 1403 2184 disserit
1417 2165 1423 2184 :
1442 2157 1575 2185 Praeterea
1588 2158 1614 2185 in
1633 2159 1710 2193 rcgia
1727 2158 1820 2186 biblio-

1036 2202 1115 2229 theca
1140 2201 1255 2237 llispan.
1282 2203 1309 2230 in
1331 2203 1496 2230 monasterio
1524 2204 1553 2230 S.
1576 2203 1732 2236 Laurentii,
1754 2203 1820 2238 quod

1034 2246 1201 2275 Escurialem
1222 2253 1331 2280 vocant,
1347 2249 1499 2284 Γρηγορίου
1515 2250 1665 2276 ἐπισκόπου
1682 2250 1731 2286 τῆς
1749 2251 1820 2276 Σικε-

1033 2292 1094 2324 λίας
1111 2293 1217 2328 ὁμιλίαι
1243 2293 1297 2320 ἀπὸ
1316 2294 1362 2320 τοῦ
1383 2295 1597 2330 Ἀρχιτελώνου,
1617 2300 1644 2322 et
1667 2295 1695 2321 in
1715 2296 1769 2321 alio
1782 2301 1820 2321 co:

1035 2337 1105 2370 dice,
1127 2337 1248 2373 Ὀμιλίαι
1263 2338 1311 2365 τοῦ
1329 2339 1391 2365 ὅλου
1410 2340 1547 2367 ἐνιαυτοῦ.
1569 2339 1691 2375 Gregorii
1709 2339 1820 2375 episcopi

1034 2382 1137 2420 Sicilia:
1158 2384 1274 2412 homiliw
1289 2393 1304 2411 a
1323 2386 1439 2419 principe
1456 2386 1655 2420 publicanorum
1675 2387 1820 2415 inchoata;

1034 2428 1150 2457 homiliae
1175 2432 1256 2457 tutius
1279 2433 1352 2463 anni,
1367 2440 1435 2465 quas
1460 2440 1526 2459 sane
1540 2434 1648 2460 easdem
1670 2440 1734 2460 esse
1747 2438 1820 2466 atque

1034 2475 1084 2502 has
1097 2483 1165 2510 quas
1188 2476 1348 2511 evulgamus
1371 2477 1449 2504 iidem
1476 2478 1541 2504 fecit
1555 2478 1586 2505 Ι).
1610 2478 1751 2506 Marianus
1761 2478 1822 2505 Vul-

1034 2529 1169 2557 guarnera
1195 2522 1417 2556 Panormitanus,
1439 2531 1492 2551 non
1518 2525 1604 2559 magis
1626 2532 1727 2559 genere
1741 2532 1817 2559 quam

1034 2568 1183 2595 litterarum
1206 2567 1360 2596 Graecarum
1381 2569 1535 2597 eruditione
1555 2571 1664 2603 clarus;
1706 2571 1750 2598 cui
1768 2570 1821 2597 Mn-

1035 2614 1100 2641 driti
1119 2614 1147 2641 in
1171 2614 1247 2648 regia
1263 2614 1380 2650 Philippi
1395 2615 1429 2642 IV
1446 2616 1553 2652 degenti
1575 2618 1714 2651 negotium
1734 2617 1761 2644 in
1775 2618 1821 2645 hac

1034 2666 1064 2687 re
1077 2659 1211 2687 litteraria
1229 2661 1300 2693 dedi,
1314 2667 1344 2687 ut
1358 2662 1392 2688 de
1413 2661 1456 2689 his
1473 2662 1592 2689 ltomiliis
1609 2663 1696 2698 deque
1715 2669 1823 2690 auctore

1036 2712 1222 2742 cognosceret.
1237 2712 1264 2734 et
1283 2716 1316 2735 ex
1329 2708 1418 2736 indice
1433 2716 1527 2736 earum
1543 2717 1610 2743 quas
1628 2711 1698 2745 apud
1721 2716 1764 2736 me
1776 2710 1823 2736 ba-

1035 2754 1142 2787 bebam,
1155 2755 1187 2781 ad
1208 2755 1295 2789 ipsum
1314 2755 1476 2782 transmisso
1494 2755 1631 2782 conferret
1653 2762 1822 2788 argumenta,

1035 2799 1229 2835 inscriptiones
1243 2806 1271 2828 et
1286 2801 1372 2836 prima
1384 2802 1526 2837 ,cujusque
1548 2801 1641 2835 verba,
1656 2802 1755 2836 quibus
1771 2803 1824 2828 eul-

1038 2845 1101 2875 latis
1114 2847 1224 2876 easdem
1237 2855 1297 2877 esse
1311 2849 1453 2884 comperit,
1469 2855 1536 2883 quas
1550 2848 1621 2884 apud
1647 2855 1687 2876 mc
1708 2855 1770 2876 esse
1785 2848 1824 2876 iu-
