1874 3055
77 155 102 185 t'i
629 150 819 181 RECENSIO
839 150 920 180 COD.
940 152 1097 183 MATRIT.
1632 155 1668 187 46

99 211 202 244 Σήμερον
219 208 233 242 ἡ
255 206 401 242 Ἐκκλησὶα
415 206 586 242 δᾳδουχεῖται
603 206 753 241 μυστικῶς.
770 205 820 233 SC.

73 259 106 285 55.

98 305 199 338 Σήμερον
212 301 258 336 τῆς
269 300 348 336 ἡμῶν
364 299 502 334 σωτηρίας
523 300 539 334 ἡ
558 298 701 333 οἰκονομία
716 298 824 333 πεπλή-

72 358 144 386 ρωται.
157 349 186 375 Μ.
202 348 233 375 Μ.
248 347 290 374 80.
303 346 325 381 ’ί-

96 395 209 428 Συγκαλεῖ
221 394 267 429 μὲν
280 394 364 427 ἡμᾶς.
377 398 429 420 etc.
446 391 509 420 ESC
536 392 647 422 Eadem,
665 399 726 426 quae
742 399 822 426 supra

71 443 143 475 incipit
158 451 165 468 ι
181 440 289 467 Εὐκαλεῖ
304 439 355 473 μὲν
371 439 454 474 ἡμᾶς.

94 486 223 523 Συνήδομαί
245 494 295 518 σοι,
313 485 401 518 πόλις,
423 485 469 511 καί
485 494 535 517 σοι,
554 484 608 511 θεῖε
629 483 683 510 τῶν
705 483 822 510 ἀνακτό-

69 543 110 568 ρων
123 533 171 560 ναὲ.
188 531 233 559 SC.
251 531 296 558 55.

95 578 184 613 Ταύτην
203 576 253 611 ἐγὼ
267 577 382 612 πάσχειν
403 575 479 603 ἔοικα
498 575 631 610 σήμερον,
653 574 721 601 ὅσοι.
737 574 771 601 Μ.
785 574 820 601 Μ.

66 627 100 654 56.
114 627 139 654 -ῐπ

189 670 234 705 μὲν
250 667 299 700 τὰς
315 668 393 703 Wst;
407 669 526 703 ἀνίσχων
541 667 592 699 τῆς
611 667 681 703 ὲῴας
701 668 715 694 ὁ
732 667 819 703 ἣλιος.

65 718 103 746 SC.
116 717 153 744 29.

91 765 135 799 Τῆς
153 761 276 798 μυστικῆς
294 761 406 796 ἐκείνης
422 760 468 788 καὶ
493 759 570 792 θείας
596 760 728 795 κλίμακος
751 761 785 796 ἡν
806 761 821 787 ὁ

65 811 113 841 Θεὸς
125 808 244 841 ὑπέδειξε.
261 807 311 835 SC.
328 807 373 834 15.

91 855 129 885 Τίς
143 853 213 880 δώσει
229 853 261 886 τῇ
277 850 386 886 κεφαλῇ
406 858 457 886 μου
475 849 560 885 ὕδωρ,
578 850 626 877 καὶ
641 852 696 882 τοτε
721 850 821 886 ὀφθαλ-

65 902 110 935 pr/I;
124 898 175 934 μοῦ.
191 897 238 925 SC.
252 897 297 924 62.

88 945 131 971 Τοῦ
144 943 267 970 Δεσπότου
284 943 335 968 καὶ
350 942 476 977 Σωτῆρος
490 941 570 977 ἡμῶν
591 942 678 976 Ἰησοῦ
692 943 721 968 τῇ
735 942 820 977 ὑπερ-

63 991 121 1025 φυές.
136 989 167 1016 Μ.
182 989 214 1016 Μ.
229 989 272 1016 55.
289 987 310 1023 ‘j‘

86 1036 126 1062 Τοῦ
142 1036 185 1071 μὲν
206 1034 338 1070 αἰσθητοῦ
360 1034 438 1070 ἡλίου
456 1033 503 1060 τοῦ
522 1034 659 1068 ὁρίζοντος
684 1035 820 1070 ὑπερτέλ-

61 1082 138 1112 iam;
154 1080 199 1108 SC.
215 1081 255 1107 ίᾹ.

86 1127 121 1161 Τῷ
131 1126 210 1162 καιρῷ
229 1126 329 1161 ἐκείνῳ
351 1125 440 1161 γάμος
455 1125 574 1160 ἐγένετο,
590 1127 667 1161 φησὶ,
684 1128 713 1153 ἐν
729 1127 816 1162 Κανᾷ.

62 1173 86 1199 ll.
98 1173 126 1200 il.
138 1172 178 1200 59.
190 1172 210 1208 +

86 1219 121 1254 Τῷ
133 1219 211 1254 καιρῷ
225 1219 325 1255 ἐκείνῳ
336 1219 446 1254 ἐγένετο
465 1220 499 1247 τὰ
514 1219 642 1254 ὲγκαίνια
657 1220 686 1245 ἐν
704 1219 818 1252 Ἰεροσο-

59 1265 140 1299 λύμοις.
157 1265 188 1292 ιι.
204 1265 237 1293 Μ.
257 1265 305 1292 oo.
321 1265 344 1300 εξ

84 1313 119 1347 Τῷ
134 1312 214 1348 καιρῷ
233 1312 334 1347 ὲκεὶνῳ
352 1313 527 1348 ἐφανέρωσεν
548 1312 644 1339 ἑαυτὴν
666 1313 680 1338 ὁ
703 1311 817 1346 Ἰησοῦς.

59 1358 95 1385 SC.
107 1358 145 1385 37.

83 1405 168 1439 Φιιδρὰ
180 1405 226 1440 τῆς
238 1405 383 1441 παρούσης
396 1405 491 1440 ἑορτῆς
503 1405 519 1439 ἡ
533 1404 702 1436 συνέλευσις.
712 1404 760 1431 SC.
773 1403 817 1430 26.

81 1450 166 1485 Φιιδρὰ
181 1450 255 1485 ὑμῶν
275 1451 294 1486 ἡ
316 1450 473 1481 συνέλευσις
500 1451 620 1485 σήμερον
642 1450 819 1484 διαγείρουσοι

58 1496 89 1520 τὸν
100 1495 162 1522 γοῦν.
176 1495 209 1522 Μ.
227 1495 262 1523 Μ.
278 1495 327 1523 67.
346 1496 367 1531 ἰ·

81 1541 136 1576 Φέρε
150 1542 267 1577 σήμερον
292 1542 342 1568 ἐπὶ
367 1541 416 1577 τὴν
439 1541 575 1578 προτέραν
599 1541 760 1576 εὐκοσμίαν.
783 1539 817 1567 Μ.

30 1603 32 1608 ι
57 1586 126 1614 nn.
140 1588 161 1622 1-

81 1633 136 1669 Φέρε
159 1635 286 1670 σήμερον,
311 1631 333 1661 ὧ
355 1634 564 1669 Θεοφιλέστατον
597 1635 746 1670 ἄθροισμα,
769 1635 819 1669 τῆς

56 1679 171 1715 ζωηφόρου
184 1680 316 1716 σταυροῦ.
330 1680 382 1709 SC.
401 1681 428 1708 5.

84 1726 119 1757 Ὠς
134 1726 190 1753 λίαν
213 1726 378 1763 καλλίστην,
391 1727 509 1762 συνῆψεν
531 1728 545 1754 ὁ
565 1728 678 1763 χρόνος,
701 1727 750 1763 τὴν
770 1727 817 1754 τοῦ

56 1772 149 1805 πρῶτον.
164 1772 198 1799 Μ.
215 1772 252 1800 Μ.
276 1773 328 1800 56.
344 1773 364 1807 ’ξ-

84 1817 119 1848 Ὠς
138 1818 194 1845 λίαν
214 1828 260 1854 μοι
290 1819 474 1856 λαμπροτέρα.
495 1819 545 1856 τὴν
573 1820 710 1856 σήμερον,
730 1821 748 1855 ὴ
767 1821 818 1856 τῆς

55 1862 209 1896 διᾶιοκαλίας.
230 1864 282 1892 δε..
306 1865 352 1892 60.

83 1908 118 1940 Ὧς
129 1909 182 1936 λίαν
196 1910 253 1945 ὁρῶ
270 1910 457 1945 φαιδροτέραν
469 1910 519 1946 τὴν
533 1910 674 1946 παροῦσαν
691 1911 817 1946 πανήγυ-

56 1963 94 1988 ριν.
105 1956 134 1983 Μ.
146 1957 179 1984 Μ.
197 1957 241 1985 79.
265 1957 286 1993 -ι-

79 2002 257 2032 Ldmonendus
274 2004 322 2032 hic
338 2004 437 2032 Lector
452 2004 485 2031 ab
505 2004 557 2032 hoc
569 2004 693 2039 catalogo
707 2005 815 2032 exclusa

53 2048 117 2076 fuisse
138 2055 251 2084 quatuor
280 2050 455 2077 homiliarum
478 2050 564 2081 initia,
593 2058 653 2084 qua:
675 2050 817 2079 Fabricius

53 2093 152 2122 Btttiath.
172 2096 272 2124 Grcam
288 2096 344 2124 vol.
360 2096 395 2129 Χ,
409 2103 469 2131 cap.
483 2097 528 2129 42,
551 2096 672 2124 referens
688 2105 703 2124 a
718 2098 817 2125 Scorso

51 2139 125 2173 editas,
143 2142 251 2169 adducit
272 2149 308 2169 ex
322 2141 416 2169 codice
434 2142 558 2169 Caesareo
569 2149 584 2168 a
605 2141 751 2170 Lambecio
772 2151 816 2170 re-

52 2187 141 2219 censito,
153 2189 194 2215 ubi
214 2187 370 2224 Ἐρμηνεεα
390 2189 430 2220 είς
448 2188 483 2215 τὰ
496 2188 591 2215 ἕνδεκα
612 2188 722 2223 ἑωθινά,
745 2189 771 2218 h.
790 2197 815 2218 e.

51 2229 211 2266 Ιιιιιι-ργειαιίο
235 2234 265 2260 in
290 2233 412 2260 undecim
432 2233 569 2268 evangelia
589 2234 732 2267 matutina,
753 2241 820 2272 con-_

51 2275 139 2304 tinetur.
160 2278 193 2305 At
212 2278 283 2313 quid
310 2278 365 2305 ita?
383 2277 448 2306 Ideo
469 2278 609 2310 nimirum,
631 2279 701 2313 quod
721 2287 815 2307 recen-

50 2319 129 2348 sionem
146 2323 237 2357 potius
255 2322 468 2350 Lambecianam
485 2330 565 2357 quam
581 2322 744 2351 Scorsanam
758 2324 816 2352 edi-

51 2365 126 2393 tionem
146 2368 301 2402 amplexus,
319 2368 447 2395 homilias
471 2368 598 2395 maluerit
619 2369 773 2404 acephalas,
789 2369 816 2397 id

49 2414 89 2441 est,
116 2411 201 2439 verbis
226 2412 370 2448 Evangelii
399 2412 523 2446 praemitti
551 2413 639 2440 solitis
662 2413 815 2447 destitutas,

50 2462 110 2487 quam
128 2457 218 2491 plenas
241 2459 418 2494 integrasque
436 2465 599 2491 memorare,
627 2459 722 2493 quales
746 2460 815 2487 idem

49 2498 138 2530 δῖοι-ειη
153 2510 184 2530 ex
198 2503 366 2538 optimorum
384 2503 578 2538 exemplarium
594 2504 645 2532 ﬁde
657 2504 814 2539 publicavit.

49 2544 198 2576 Homiliarum
216 2553 309 2577 autem
340 2557 409 2584 quas
437 2550 521 2577 edidit
537 2549 663 2584 Scorsus,
682 2558 715 2578 en
733 2551 816 2578 habes

48 2591 105 2620 initia
118 2596 182 2629 apud
195 2595 356 2624 Fabricium
370 2595 462 2623 allata.

76 2640 102 2666 Ἦ
116 2641 251 2677 (eampo;
273 2643 322 2670 τοῦ
345 2642 449 2678 Κυρίου
474 2642 635 2674 ἀνάστασις.
651 2642 814 2670 Matutinum

48 2682 143 2714 [ΠΒ.
166 2687 196 2716 ’0
212 2689 318 2722 Πέτρος
337 2688 458 2720 ἀναστὰς
487 2688 606 2724 ἔδραμεν
623 2689 670 2715 ἐπὶ
696 2688 727 2715 τὸ
748 2698 816 2724 μνη-

48 2731 114 2762 μεῖον,
130 2733 175 2759 καὶ
188 2734 375 2769 παρακύψας.
394 2733 446 2762 SC.

76 2775 138 2803 Ἀντὶ
155 2778 217 2814 (leg.
234 2779 312 2813 ἄρτι)
333 2779 484 2814 κορυφαίου
496 2780 551 2807 τῶν
565 2779 712 2816 φοιτητῶν.
729 2780 816 2808 Matu-

46 2821 112 2849 tinum
137 2823 204 2852 Vill.
231 2824 312 2852 ΕΔΒ.
341 2826 436 2860 Μαρία
461 2826 583 2862 εἱστήκει
601 2827 668 2862 πρὸς
699 2826 728 2854 τὸ
745 2835 814 2862 μνη-

48 2867 104 2896 μεῖον
115 2870 246 2898 κλαίουσα
263 2871 326 2902 ἔξω,
342 2870 394 2899 SC.

912 210 1047 245 Ζητητέον
1060 212 1117 242 τοῖς
1132 211 1185 237 τῶν
1203 211 1284 246 ίερῶν
1305 211 1404 245 λογίων
1430 211 1596 244 ὲξετασταίς.
1611 213 1669 239 Ma-

876 254 992 280 tutinnm
1011 254 1054 281 IX.
1068 254 1143 282 ΕΑΒ.
1162 255 1252 290 Οὔσης
1265 255 1345 290 ὀψίας
1367 257 1400 291 τῇ
1417 256 1510 291 ἡμέρᾳ
1529 257 1619 293 ἐκείνῃ
1633 258 1668 292 τῇ

877 300 927 334 μιᾷ
940 299 993 326 τῶν
1013 300 1170 327 Σαϐϐάτων.
1186 300 1238 328 SC.

909 346 972 376 Τοῖς
993 346 1127 381 μαθηταῖς
1153 347 1246 382 ὀφθεὶς
1261 348 1275 374 ό
1292 348 1405 384 Κύριος.
1435 348 1597 376 Matutinum
1618 348 1666 376 XI.

875 389 950 418 FAB.
969 390 1013 426 Τῷ
1030 393 1119 427 καιρῷ
1141 393 1239 428 ἐκείνῳ
1266 393 1441 429 ἐφανέρωσεν
1466 393 1563 421 ἑαυτὸν
1577 395 1591 420 ὀ
1613 395 1667 430 Ἰη-

875 437 947 468 σοῦς.
967 437 1019 466 SC.

867 507 870 510 .
909 483 1042 511 Caeterum
1083 486 1162 521 longe
1191 486 1277 521 major
1304 486 1478 522 Theophanis
1504 493 1665 515 sermonum

874 529 931 556 sive
956 530 1117 558 concionum
1143 532 1220 565 copia
1241 532 1391 567 catalogum
1410 532 1481 559 hunc
1501 531 1668 566 locupletare

874 580 975 608 posset,
999 575 1020 602 si
1042 577 1206 610 scriptorum
1227 577 1254 603 in
1270 577 1366 612 primis
1388 584 1480 604 earntn
1499 577 1588 604 verbis
1603 583 1667 611 pro-

873 618 993 646 ferendis
1013 621 1166 648 accuratior
1182 620 1278 648 inisset
1290 629 1382 656 opera.
1397 620 1450 648 Sed
1469 629 1524 649 rem
1545 621 1666 656 plerique

873 666 923 692 levi
940 666 1060 697 brachio,
1079 674 1123 693 seu
1142 667 1230 702 potius
1242 667 1346 694 calamo
1359 667 1532 700 attingentes,
1546 667 1579 694 de
1594 667 1626 694 iis
1638 667 1664 694 in

873 713 1029 740 ttniversutn
1057 721 1137 748 agere
1173 714 1239 741 satis
1264 714 1394 740 habuere.
1426 714 1502 747 Quod
1529 713 1664 748 praecipue

872 758 970 786 tnirum
991 760 1016 785 in
1036 759 1242 793 diligentissimo
1257 760 1288 787 Ρ.
1309 760 1341 787 de
1359 759 1531 787 Montfancon
1553 760 1661 793 accidit,

872 804 918 839 qtti
935 805 959 831 in
975 805 1068 832 Dian‘o
1086 805 1193 837 Italico,
1208 806 1234 833 id
1249 811 1301 838 est,
1316 805 1415 833 Itinere
1434 805 1576 838 lilterario,
1594 805 1663 833 duos

871 850 992 884 ejusdem
1024 850 1199 885 Theophanis
1231 851 1406 879 honiiliarum
1446 860 1511 880 mss.
1555 852 1663 880 codices

872 896 994 931 Neapoli,
1011 897 1122 924 totidem
1140 896 1260 925 Venetiis
1281 905 1296 924 a
1308 905 1338 925 se
1365 898 1501 932 inspectos
1520 905 1661 931 enarrans,

871 942 1038 977 singularum
1057 943 1159 976 titulos,
1180 943 1279 970 nedum
1299 943 1384 978 prima
1404 944 1487 971 verba
1507 943 1662 971 describere

872 989 1029 1023 neglexerit.

908 1035 984 1068 Quod
1019 1040 1156 1070 postremo
1192 1035 1251 1063 loco
1288 1036 1457 1070 praestituros
1493 1035 1658 1071 recepimus,

871 1082 980 1109 tandem
999 1083 1201 1116 aggrediantur,
1222 1082 1356 1117 ﬁdemque
1377 1082 1532 1110 liberemus.

907 1127 969 1154 llatc
984 1134 1038 1161 pra:
1051 1128 1158 1155 cateris
1175 1127 1262 1154 hocin
1277 1129 1368 1155 codice
1386 1128 1505 1163 reperias
1516 1129 1661 1155 observant

870 1171 962 1206 digna.
988 1171 1065 1199 Nulla
1092 1172 1148 1199 lere
1161 1179 1213 1199 vox
1240 1173 1374 1201 scribendi
1398 1173 1559 1208 compendio
1573 1178 1658 1202 vacat.
1687 1197 1691 1202 .

871 1217 1036 1245 Litterarum
1049 1226 1134 1245 nexus
1146 1219 1249 1254 passim
1262 1219 1383 1246 diﬂieiles
1397 1225 1423 1246 et
1441 1220 1658 1247 inextricabiles:

870 1265 943 1292 unde
966 1265 1033 1292 alias
1057 1263 1173 1299 (Edipo,
1200 1265 1268 1292 alias
1290 1265 1444 1292 Alexandro
1463 1266 1498 1292 sit
1519 1272 1596 1300 opus.
1619 1265 1660 1292 Ad

871 1309 922 1336 hoc
947 1310 1027 1336 verba
1047 1313 1100 1336 tam
1118 1314 1193 1337 arcte
1212 1310 1282 1337 inter
1299 1318 1327 1337 se
1345 1310 1490 1344 aliquando
1512 1311 1659 1342 cohaerere,

871 1360 900 1382 ut
918 1355 971 1382 duo
993 1356 1018 1382 in
1038 1364 1119 1382 mmm
1136 1355 1307 1388 coalescant;
1323 1361 1375 1383 tam
1393 1356 1471 1391 longe
1495 1355 1627 1382 interdum
1644 1364 1660 1383 a

870 1408 900 1428 se
913 1401 977 1435 ipsis
988 1401 1099 1431 distare.
1120 1405 1148 1428 nt
1164 1409 1246 1428 unum
1263 1402 1289 1428 iu
1306 1403 1358 1429 duo
1374 1409 1484 1437 prorsus
1497 1403 1585 1429 abeat.
1602 1401 1660 1434 Quo

870 1448 933 1482 qttid
949 1448 1079 1474 orationis
1099 1448 1262 1474 sententiam
1281 1449 1389 1482 gravius
1410 1447 1568 1482 perturbet?
1588 1447 1658 1480 Quid

871 1494 1006 1527 ingenium
1023 1494 1178 1527 interpretis
1194 1493 1334 1521 excruciet
1354 1493 1497 1520 acerbius?
1513 1493 1541 1521 In
1558 1493 1659 1520 litteris

870 1546 934 1566 vero
951 1539 1098 1572 majoribus
1123 1547 1212 1565 rarttm
1236 1539 1299 1565 illud
1322 1541 1439 1567 occurrit
1462 1547 1493 1567 ac
1512 1539 1657 1574 singulare,

869 1584 940 1619 quod
960 1584 1049 1610 littera
1070 1583 1092 1611 0
1108 1584 1230 1618 pluribus
1250 1584 1328 1616 locis,
1349 1589 1410 1618 puta
1433 1584 1479 1612 fol.
1501 1585 1546 1617 95,
1566 1585 1616 1611 115
1630 1591 1658 1613 et

870 1629 932 1659 116,
958 1629 1059 1663 pisrem
1083 1629 1233 1663 exprimat;
1251 1630 1373 1664 adeoque
1391 1630 1542 1657 animantes
1560 1635 1658 1657 natura

871 1679 960 1702 mutos
975 1675 1082 1702 mireris
1097 1675 1187 1702 induci
1210 1675 1362 1709 loquentes.
1383 1676 1441 1708 Qua
1457 1675 1565 1710 quidem
1584 1675 1616 1704 de
1629 1683 1659 1703 re

870 1721 915 1748 tiet
936 1720 998 1747 alibi
1022 1720 1135 1753 mentio,
1153 1725 1182 1748 et
1200 1728 1260 1748 cum
1276 1721 1305 1748 P.
1334 1721 1366 1748 de
1382 1721 1552 1749 Montfaucon
1567 1729 1658 1750 sermo

869 1767 1035 1795 conferetur.
1200 1774 1204 1778 λ

903 1814 943 1841 Ad
960 1814 1062 1842 codicis
1077 1815 1232 1847 materiam,
1251 1815 1307 1843 sive
1325 1815 1511 1844 membranam
1528 1817 1598 1851 quod
1616 1820 1657 1844 at-

870 1860 946 1892 tinet,
971 1867 1001 1887 ea
1023 1861 1141 1887 crassior
1164 1866 1205 1888 est
1226 1869 1257 1888 ac
1280 1862 1450 1897 rudis;'ipse
1473 1868 1562 1890 atttem
1585 1867 1657 1891 totus

869 1911 975 1933 constat
996 1913 1012 1933 θ
1034 1906 1210 1941 complurium
1237 1907 1367 1934 librorum
1387 1909 1458 1936 foliis
1476 1909 1657 1943 palimpsestis

869 1952 987 1987 undique
1009 1953 1125 1984 collatis,
1143 1962 1195 1981 non
1217 1963 1268 1981 una
1291 1962 1372 1982 manu
1401 1955 1442 1982 vel
1457 1960 1537 1983 atate
1552 1955 1656 1984 deseri-

869 1998 932 2032 ptis,
948 2005 1063 2033 quorum
1078 1999 1195 2032 priorem
1211 2001 1385 2033 scripturam,
1401 2006 1430 2027 ut
1442 2008 1538 2028 novam
1557 2002 1657 2029 admit-

869 2049 967 2076 terent,
1001 2045 1113 2072 eradere
1141 2045 1222 2079 jussit
1249 2046 1377 2080 frequens
1400 2047 1452 2074 illis
1489 2048 1656 2081 temporibus

869 2091 1032 2118 membranae
1048 2091 1171 2125 penuria.
1191 2091 1248 2118 Non
1261 2096 1351 2118 tamen
1370 2092 1395 2119 id
1408 2092 1518 2120 omnino
1530 2093 1653 2126 pervicit;

867 2137 1000 2172 siquidem
1016 2137 1107 2164 multa:
1124 2137 1211 2164 adhuc
1223 2143 1352 2172 apparent
1367 2139 1479 2174 paginae,
1495 2139 1553 2166 alia:
1567 2139 1655 2166 minu-

868 2185 912 2217 tis,
925 2183 984 2210 aliae
1003 2183 1199 2215 mediocribus,
1216 2192 1269 2211 non
1288 2192 1380 2219 pauca:
1404 2185 1592 2219 grandioribus
1611 2185 1653 2211 lil-

867 2229 945 2262 teris,
965 2237 1037 2257 nunc
1053 2228 1226 2263 quadratam,
1245 2237 1318 2257 nunc
1336 2229 1492 2263 rotttudam,
1515 2230 1594 2258 modo
1611 2238 1654 2258 rc-

867 2280 950 2309 ctam,
963 2277 1042 2303 modo
1050 2276 1185 2310 obliquam
1196 2275 1309 2303 formam
1325 2276 1514 2310 referentibus,
1525 2281 1652 2304 curatae.

903 2321 986 2349 Multa
1001 2322 1116 2356 denique
1139 2321 1171 2349 ad
1185 2321 1347 2356 exemplaris
1363 2322 1442 2355 lmjus
1457 2322 1562 2349 laudem
1579 2330 1654 2350 com-

867 2366 1119 2401 mendationetnqne
1135 2373 1200 2393 sane
1215 2367 1383 2400 conspirant.
1409 2367 1586 2399 Homiliarum
1610 2368 1652 2394 itt-

867 2414 1027 2448 scriptiones
1044 2414 1075 2440 iis
1093 2414 1233 2440 uberior-cs
1245 2415 1402 2448 plerumque
1419 2422 1449 2441 ac
1466 2415 1653 2449 locupletiores

868 2468 929 2488 sese
952 2461 1108 2492 ostendunt,
1140 2468 1207 2495 quas
1230 2461 1258 2488 P.
1287 2461 1402 2489 Scorsus
1429 2461 1523 2488 edidit.
1547 2462 1652 2494 Qttanla

868 2514 948 2541 porro
973 2506 1035 2534 inde
1057 2507 1102 2533 lux
1125 2507 1297 2541 Theophanis
1317 2508 1396 2534 rebus
1416 2509 1500 2542 gestis
1525 2507 1650 2543 atfnlgetl

867 2552 924 2579 sive
939 2552 1013 2579 locos
1032 2552 1160 2585 indicent,
1177 2552 1258 2579 urbes
1276 2552 1407 2584 videlicet,
1424 2554 1564 2586 ecclesias,
1581 2554 1653 2581 aedes

868 2599 912 2627 ubi
934 2599 986 2627 illa:
1011 2600 1125 2633 habitae;
1152 2600 1207 2626 sive
1224 2600 1291 2633 dies,
1315 2605 1447 2635 tempora.
1468 2599 1546 2633 festa,
1561 2607 1652 2626 rerum

866 2651 990 2678 eventus,
1009 2651 1129 2677 sanctos,
1143 2646 1263 2680 aliosque
1277 2646 1395 2680 insignes
1417 2645 1559 2672 virtutibus
1579 2645 1652 2671 viros

866 2691 1031 2726 signiﬁcent,
1058 2691 1083 2717 in
1105 2698 1219 2724 quorum
1243 2692 1399 2717 memoriam
1422 2699 1453 2718 ac
1468 2691 1651 2718 celebritatem

867 2738 1056 2770 pronuntiatur.
1070 2735 1139 2768 Quid
1156 2743 1279 2770 magnam
1299 2737 1469 2763 homiliarum
1485 2737 1588 2771 copiam
1609 2745 1649 2763 re-

867 2780 962 2810 feram.
979 2788 1038 2814 qua:
1056 2781 1107 2807 hoc
1132 2786 1222 2807 nostro
1242 2780 1335 2807 codice
1360 2781 1542 2813 conitineutur,
1566 2789 1651 2814 neque

866 2827 898 2854 in‘
922 2826 994 2857 ttliis,
1015 2825 1163 2857 Vaticanis.
1186 2825 1306 2857 Gallicis,
1329 2826 1496 2852 Germanicis
1521 2827 1651 2853 hactenus

868 2872 996 2906 inspectis
1010 2872 1134 2899 exstant!
1151 2871 1278 2906 Exemplo
1294 2872 1328 2899 sit
1343 2873 1385 2899 γει
1403 2873 1495 2898 Oratio
1511 2873 1542 2899 de
1554 2879 1652 2899 memo-
