1874 3055
79 178 106 210 49
556 178 756 210 FRANCISCI
778 179 911 211 SCORSI
931 181 1142 211 PR/EFATIO.
1636 183 1677 214 50

79 234 126 262 inde
149 239 230 259 rursus
250 231 344 258 absunt
370 232 488 260 liomiliae
512 233 537 260 in
564 242 589 260 Vl
622 233 719 261 Priora
735 254 743 268 ,
769 242 831 262 cum

77 279 200 314 fragmento
216 277 326 305 bomilite
344 278 371 304 iu
393 279 550 312 septimum,
568 287 635 314 quas
656 281 700 309 hic
719 282 830 310 omnino

78 325 183 354 invenias.
198 328 273 357 atque
291 331 344 351 uno
365 325 449 352 verbo
470 329 573 353 cetera:
593 326 712 354 humilius
736 327 828 359 variae,

77 376 196 402 earumque
209 369 366 403 fragmenta,
382 378 442 404 qua;
458 370 502 397 hic
513 373 696 400 conllueutur.
713 374 746 399 At
758 375 829 402 unde

76 419 165 440 mutuus
181 414 312 448 utriusque
340 415 442 442 codicis
468 416 605 444 defectus?
629 417 678 444 llic
699 418 828 446 nitnirum

76 460 141 487 codex
160 461 189 487 55
212 461 345 487 memorati
372 462 475 489 codicis
499 463 532 490 l6
547 471 609 496 pars
629 470 685 497 est;
713 465 749 491 ila
769 472 828 492 esse

75 507 128 534 niltil
142 507 259 541 apertius,
280 507 346 534 nihil
375 508 555 536 manifestius.
573 509 644 537 Idem
662 511 732 538 euitn
759 511 828 538 utri-

74 561 114 586 quc
132 554 222 584 modus,
247 553 338 580 cadent
361 556 526 582 membrana:
551 557 702 588 crnssities,
728 557 829 592 pariter

74 600 158 626 fumosa
177 599 269 631 facies;
286 601 379 627 eadem
400 608 504 633 manus,
519 602 615 629 eadem
631 603 747 637 denique
760 604 828 631 scri-

75 652 136 680 ptura
164 646 348 673 Vt-tustioribus
380 647 477 675 litteris
508 649 595 676 erasis
625 649 826 683 superintlucta.

72 692 131 718 Adde
148 691 309 718 ltomiliarmn
336 697 428 720 mutua
457 694 653 728 supplementa,
684 695 752 722 adde
774 694 829 722 l'ra-

72 744 211 773 gmculorum
242 738 408 771 aptiSs-imam
445 741 666 774 copulatioucm,
697 747 724 769 et
750 742 828 776 quasi

71 784 269 811 commissuram:
291 784 370 815 adeo.
390 790 420 813 ut
437 793 529 820 parem
550 786 618 813 alter
641 787 721 814 alteri
742 788 827 815 codex

71 837 131 862 opem
150 833 258 862 praestet,
276 830 433 865 mutuisque
453 832 578 859 adhibeat
597 832 755 860 vulneribus
773 841 828 860 mc-

70 874 174 901 dicinatu.
186 874 304 907 Quonam
325 881 415 903 autent
434 878 516 905 sortis
533 878 575 904 vel
596 878 713 913 ingenio,
731 879 770 906 vel
786 879 828 906 di-

70 920 156 955 ligentia
170 920 261 948 factum
277 929 341 950 esse
352 923 479 956 dixerim,
495 928 524 951 ut
542 924 636 952 avulsa
652 933 686 951 ex
711 933 765 953 uno
779 932 827 953 νο-

884 235 987 264 lumine
1016 237 1077 264 folia
1096 237 1123 264 in
1143 237 1257 264 alterum
1276 237 1336 265 sine
1355 238 1411 265 ullo
1436 237 1599 265 detrimento
1628 240 1676 266 aut

886 281 1076 309 imminutione
1089 282 1285 310 convenerint?
1297 287 1327 310 ut
1340 283 1469 310 distracta
1484 284 1562 309 unius
1576 290 1674 317 corpo-

884 327 920 354 ris
942 328 1064 354 membra
1090 327 1274 362 coagmentari
1298 327 1444 363 potuerint,
1471 333 1553 362 atque
1575 327 1672 354 iterum

882 373 1050 402 coalescerel
1069 373 1165 402 Nonne
1186 374 1282 402 ambos
1302 373 1454 409 lmjusmodi
1479 374 1587 401 codices
1611 380 1672 399 cum

884 421 936 448 illis
950 426 1069 448 veterum
1093 425 1243 454 temporum
1267 421 1364 448 chartis
1388 428 1434 454 per
1447 420 1613 455 alphabetum
1633 419 1674 447 di-

883 467 944 494 visit
972 467 1069 494 merito
1097 474 1248 500 compares,
1270 475 1329 502 quae
1351 466 1426 502 prius
1445 467 1555 498 tlecisze,
1575 470 1670 500 postea

883 511 999 538 admotae
1021 511 1188 546 colialteque,
1214 513 1325 540 omnino
1350 513 1420 539 inter
1444 519 1474 539 se
1503 511 1670 540 cohaerentes

884 557 1110 584 inveniebantur?
1132 557 1216 584 Tanta
1234 558 1348 585 duorum
1369 557 1535 585 voluminum
1557 563 1672 584 concor-

883 603 938 635 dia,
957 608 1009 630 tam
1029 603 1174 637 singularis
1191 604 1377 639 miriﬁcusque
1389 611 1548 632 consensus.

917 648 1030 681 Quando
1049 657 1113 676 vero
1135 648 1253 676 insolens
1271 649 1425 684 huiusmodi
1446 648 1551 676 avulsio
1572 653 1599 675 ct
1616 648 1672 675 dis-

882 694 979 721 tractio
1007 695 1159 729 contigerit,
1189 695 1250 729 quis
1285 702 1350 722 vere
1377 694 1517 722 allii-met?
1540 693 1620 721 Certe
1643 693 1670 719 in

883 741 1054 769 homiliarum
1068 741 1158 769 indice
1170 741 1260 768 seaculi
1275 749 1310 769 xv
1328 748 1408 768 manu
1428 745 1551 772 exarata,
1563 739 1608 774 qui
1625 747 1670 766 su-

882 795 931 822 pra
955 787 1029 814 diclo
1055 787 1142 814 codici
1168 787 1202 814 l6
1225 787 1408 821 praemittitur,
1437 786 1537 813 eaedem
1556 792 1669 820 prorsus

883 832 1000 860 homiliae
1026 837 1221 864 memorantur.
1245 839 1313 866 quas
1329 832 1371 860 hic
1393 831 1463 859 forte
1482 831 1588 858 fortuna
1606 837 1670 857 con-

882 879 950 906 tinet
961 878 1046 906 codex
1063 886 1070 904 :
1085 878 1203 906 maximo
1212 885 1280 905 sane
1294 881 1464 912 argumento,
1484 884 1536 904 non
1550 876 1617 903 adeo
1627 883 1669 903 rc-

882 929 987 952 ceutem
1001 931 1063 953 esse
1079 924 1161 952 talem
1178 924 1345 952 avulsionem
1361 923 1630 958 distractionemque.

74 1031 1649 1049 W

366 1131 899 1250 TﬂEliPllANlS
973 1133 1340 1250 Cliliillllil

695 1324 1018 1382 HOMlLl/E

62 1461 148 1549 IN
221 1459 665 1552 E'V'ANGE
683 1461 851 1551 LIA

938 1460 1664 1554 DOMINICALIA

473 1619 548 1663 ET
585 1619 764 1664 FESTA
801 1618 1021 1665 TOTIUS
1058 1620 1226 1665 ANNI.

262 1789 532 1822 PRIMORIBUS
553 1791 616 1821 ET
638 1791 802 1822 POPULO
815 1774 873 1822 VTA
884 1790 1196 1823 UROMENITANO
1218 1790 1289 1822 UNI
1298 1788 1433 1821 VERSO

590 1865 852 1897 FRANCISCUS
871 1865 1057 1896 SCORSUS
1074 1865 1107 1895 S.

87 1926 150 1957 Cum
175 1926 274 1958 multa
299 1928 364 1959 sint
399 1934 508 1959 vestrae
541 1929 680 1960 civitatis
708 1929 859 1969 insignia,
890 1929 1004 1970 quibus
1034 1930 1100 1960 sine
1120 1928 1185 1959 ullo
1212 1929 1376 1968 jactantiw
1405 1930 1493 1969 fastu
1527 1927 1667 1968 gloriari

58 1977 136 2014 tabis,
160 1983 186 2008 et
212 1979 298 2009 inter
311 1979 484 2018 primarius
504 1979 622 2011 Siciliw
642 1980 734 2011 urbes
750 1980 952 2020 conspicuum
971 1980 1078 2011 tollere
1104 1981 1250 2010 verticem
1279 1979 1359 2016 licet,
1406 1978 1666 2010 Tauromenitant'

58 2029 129 2066 circa,
159 2030 212 2061 hoc
236 2036 322 2061 certe
349 2031 442 2062 decus
472 2042 511 2062 ea:
539 2033 596 2063 hoc
625 2042 717 2072 opere
745 2033 834 2063 vobis
862 2041 1040 2072 assurgens,
1070 2032 1154 2071 quod
1185 2037 1214 2062 et
1245 2036 1349 2062 oestro
1379 2033 1504 2063 nomine
1527 2032 1623 2064 simul
1635 2037 1664 2064 et

58 2083 202 2114 aternitati
230 2090 450 2116 consecratum
470 2085 580 2125 prodit
610 2086 644 2116 in
678 2085 788 2123 lucem,
819 2091 847 2117 et
868 2085 1232 2123 honoriﬁcentissimam,
1258 2086 1287 2116 si
1312 2084 1396 2124 quod
1413 2084 1513 2122 aliud,
1548 2090 1577 2116 et
1595 2095 1665 2115 am-

56 2132 208 2170 plissimum
229 2140 288 2166 est.
322 2136 449 2166 Etenim
463 2141 575 2168 ccetera
588 2146 773 2178 magnarum
803 2137 930 2168 urbium
943 2137 1056 2167 decora
1077 2141 1106 2167 et
1127 2141 1338 2172 monumenta,
1367 2145 1434 2176 quia
1452 2136 1494 2167 ad
1518 2138 1667 2175 potentia:

58 2183 260 2226 opulentiteque
295 2188 538 2218 ostentationem
567 2197 678 2228 magno
702 2188 860 2219 molimine
891 2197 1082 2227 operosaque
1109 2196 1204 2218 manu
1232 2186 1426 2225 exwdiﬁcata
1456 2191 1542 2225 sunt,
1574 2196 1666 2227 quam

57 2236 104 2265 sint
126 2237 261 2268 obnoxia
289 2237 358 2268 ειειί
386 2248 422 2268 ac
445 2243 662 2277 tempestatum
686 2239 827 2279 injuriis,
844 2243 873 2269 et
905 2239 932 2268 si
952 2237 996 2268 hte
1022 2238 1133 2274 desint,
1165 2247 1256 2278 quam
1283 2241 1438 2268 vetustate
1462 2238 1533 2277 ipsa
1557 2237 1665 2269 subsi-

58 2283 126 2318 dant.
159 2287 312 2325 fatiscant
349 2291 376 2317 et
405 2286 634 2325 dissolvantur,
661 2297 716 2318 vos
742 2287 804 2327 ipsi
831 2288 904 2318 estis
934 2287 1052 2318 oculati
1086 2292 1191 2318 testes.
1232 2286 1363 2317 Habetis
1405 2292 1515 2318 vestrte
1551 2288 1665 2318 veteris

57 2333 270 2372 amplitudinis,
301 2344 368 2375 quae
384 2334 432 2365 vel
447 2336 615 2366 Romanam
641 2337 740 2374 ipsam
754 2337 1001 2375 magnitudinem
1023 2335 1165 2366 wmulari
1180 2335 1315 2366 voluisse
1346 2335 1412 2366 visa
1431 2340 1516 2373 sunt,
1532 2336 1667 2375 vestigia

57 2382 136 2414 adhuc
158 2385 223 2416 solo
254 2386 428 2422 exstantia,
445 2395 499 2416 seu
512 2387 623 2425 potius
639 2387 761 2417 stantia
780 2387 881 2417 adhuc
903 2387 1027 2426 integra
1038 2390 1258 2416 monumenta:
1284 2395 1356 2416 nam
1378 2395 1433 2415 vos
1449 2386 1548 2424 magis
1574 2395 1667 2426 quam

58 2439 163 2465 ceteros
184 2438 326 2476 fortuna
352 2437 532 2476 petulantia
555 2437 683 2468 videtur
708 2439 864 2471 reverita;
889 2448 908 2468 (ι
929 2437 1018 2468 vobis
1038 2437 1095 2477 jus
1120 2446 1210 2467 suum
1236 2436 1403 2475 avidosque
1436 2435 1540 2466 dentes
1568 2435 1668 2466 absti-
1716 2458 1718 2461 μ

57 2482 142 2513 nuisse
167 2485 353 2520 Saturnus;
382 2490 465 2515 utet
492 2486 521 2516 si
548 2494 671 2515 morsus
699 2485 858 2525 inﬂixerit
884 2486 1019 2525 aliquos,
1047 2490 1148 2516 tamen
1172 2485 1275 2516 omnia
1301 2480 1368 2514 non.
1386 2483 1545 2524 afﬂixerit
1562 2492 1598 2513 ac
1611 2482 1664 2513 de-

56 2538 181 2568 corat-it:
210 2539 381 2574 theatrum,
413 2538 641 2574 naumachiam,
674 2547 828 2577 aquarum
854 2539 895 2570 ad
920 2547 984 2568 eam
1012 2538 1137 2573 ductus,
1163 2542 1189 2567 et
1205 2535 1402 2576 rect-piacula
1419 2534 1666 2566 substructionis

56 2584 170 2624 antiqua:
194 2591 290 2626 atque
310 2587 500 2626 magniﬁcae.
534 2587 595 2617 Sed
618 2597 652 2616 ea
668 2596 735 2627 quis
761 2592 872 2626 suapte
893 2589 1011 2616 natura
1041 2584 1161 2615 caduca
1189 2590 1262 2615 sunt
1284 2584 1405 2623 partim
1433 2583 1559 2615 subruit
1575 2588 1668 2623 atque

56 2635 174 2674 detririt,
204 2643 241 2668 ut
264 2639 350 2676 dixi,
377 2643 514 2669 vetustas
539 2640 630 2679 ipsa;
654 2641 776 2679 partim
800 2640 893 2670 etiam
913 2648 973 2678 pro
1002 2648 1060 2669 sua
1090 2638 1273 2669 conditione
1310 2636 1436 2677 delapsa
1459 2637 1582 2668 tandem
1603 2644 1663 2675 po-

54 2689 159 2719 steritas
185 2690 382 2729 ingemiscat.
411 2690 535 2721 Cretera:
565 2692 657 2723 etiam
688 2696 798 2722 vestra:
834 2691 972 2722 civitatis
1000 2691 1231 2730 prterogativae,
1264 2689 1466 2720 conditorum
1501 2688 1666 2725 nobilitas,

55 2737 208 2776 antiquitas
234 2748 310 2768 cum
323 2738 470 2769 plurimis
491 2739 611 2770 Sicilia:
636 2739 768 2771 urbibus
787 2748 889 2779 prope
904 2749 1015 2777 coaava,
1044 2740 1185 2777 libertas,
1202 2737 1306 2770 civilis
1320 2737 1569 2775 administratio,
1587 2737 1669 2777 jura

54 2783 179 2816 Romam:
208 2780 355 2825 colonae,
386 2796 557 2828 ceteraque
588 2798 655 2828 qua:
683 2799 702 2819 a
726 2798 772 2819 me
800 2789 841 2820 ad
868 2789 1082 2821 suscitandam
1110 2790 1251 2821 civitatis
1279 2793 1388 2820 uestra:
1404 2788 1614 2829 gloriamjam
1630 2786 1666 2817 in

55 2831 190 2865 hominum
217 2838 336 2867 animis
364 2846 442 2876 pene
469 2839 656 2868 exstinctam
683 2839 717 2869 in
745 2839 848 2878 primo
879 2839 1038 2879 isagogico
1057 2840 1208 2879 prooemio
1237 2839 1365 2879 longius
1401 2839 1560 2877 descripta
1579 2840 1666 2873 sunt,

54 2891 209 2926 (tamquam
245 2887 365 2919 litteris
391 2899 510 2928 semper
540 2890 672 2921 victuris
694 2891 760 2921 sint
789 2892 1000 2931 consignata;
1030 2895 1130 2922 tamen
1149 2892 1252 2923 nescio
1281 2901 1342 2932 quo
1368 2883 1468 2932 pacto.
1502 2890 1671 2920 etiamnum
