1874 3055
212 179 244 213 51
724 181 924 212 FRANCISCI
947 180 1080 211 SCORSI
1102 180 1310 210 PIL'EFATlO.
1801 175 1832 206 52

210 238 421 274 delitescunt;
451 244 478 270 et
503 239 532 269 si
546 239 648 269 minus
667 237 705 268 ab
723 238 774 275 iis,
804 242 887 268 certe
910 238 947 269 ab
981 239 1141 270 hominum
1168 236 1217 267 vel
1242 236 1386 272 scientia,
1415 234 1464 266 vel
1495 233 1644 265 memoria
1655 231 1829 269 obliterata,

210 291 369 331 multoque
396 292 496 330 magis
521 291 559 322 ab
589 300 643 322 ore
664 300 700 320 ac
733 299 871 320 sermone
903 291 1059 322 communi
1087 296 1216 326 remota,
1246 294 1273 320 et
1305 289 1332 319 si
1352 287 1554 328 paucissimis
1580 286 1772 325 antiquariis
1803 290 1828 316 et

210 345 398 375 interiorum
424 344 601 375 litterarum
631 342 784 374 studiosis
810 348 898 379 nota,
918 344 1062 373 maxima
1090 348 1171 373 certe
1195 342 1354 373 hominum
1378 341 1466 380 parti
1492 340 1601 378 ignota
1623 343 1709 368 sunt.
1726 338 1830 377 Atque,

210 399 246 424 ut
274 403 334 424 acu
359 395 495 434 propius
520 403 584 424 rem
626 394 796 432 attingam,
826 393 1071 432 quotusquisque
1098 393 1310 431 Theophanem
1333 397 1469 421 vestrum
1497 395 1627 419 veterem
1656 389 1832 423 antistitem,

211 442 497 483 eloquentissimum
529 441 738 478 ecclesiasten,
777 441 863 472 omni
896 441 1116 471 doctrinarum
1141 450 1251 480 genere
1280 441 1433 480 insignem
1457 441 1559 470 virum
1582 448 1678 478 usque
1705 438 1746 468 ad
1775 439 1830 469 ho-

211 493 352 523 diernam
386 494 466 524 diem
491 493 540 524 vel
569 493 605 523 de
626 493 761 528 nomine,
797 492 910 522 nedum
941 492 977 522 de
1000 492 1082 532 facie
1113 493 1266 522 noverat?
1293 490 1418 522 Claruit
1442 489 1495 520 ille
1523 489 1646 528 quidem
1678 498 1741 518 una
1769 498 1832 519 eum

209 544 314 574 aureis
342 548 452 574 vestra:
479 542 660 582 reipublicce
682 541 830 575 swculis:
851 542 904 572 sed
927 542 982 572 ubi
1010 542 1228 581 Agarenorum
1245 541 1408 580 imperium
1424 539 1595 569 decolorem
1620 537 1748 568 induxit
1766 543 1833 568 teta-

211 601 281 633 tern,
311 605 347 626 ac
365 597 508 636 ferream,
542 595 674 626 eamdem
703 603 803 634 prope
832 604 868 624 ac
894 598 1004 624 vestra:
1031 593 1171 624 civitatis
1201 593 1294 623 decus
1322 593 1483 632 fortunam
1509 590 1649 626 subivit,
1678 589 1834 628 eademque

209 649 306 678 ruina
338 655 439 687 prope
455 648 637 687 funeratam
667 646 731 687 ejus
752 655 863 676 nomen
883 651 910 676 et
938 645 1084 676 obrutum
1109 649 1163 674 est.
1204 645 1429 678 Verumtamen,
1460 641 1622 682 quoniam,
1648 644 1684 670 ut
1700 640 1745 671 ait
1768 639 1850 678 CaI-_

211 686 363 728 limachus
379 689 432 728 ille
453 686 624 732 Romanus,
650 686 814 736 quiesitum
831 696 955 735 ingenio
972 704 1084 725 nomen
1112 694 1149 724 ab
1176 703 1239 724 (evo
1255 703 1319 724 non
1336 693 1471 730 excidet,
1515 686 1517 689 ’

409 749 450 779 Ει
470 758 538 779 cum
553 755 713 778 consumat
732 747 878 787 lapidem,
895 749 1075 788 [errantque
1089 752 1240 782 vetustas,

209 800 330 839 scripta
355 805 457 830 tamen
475 809 575 830 asinos
605 801 761 835 evincunt,

530 848 664 888 Solaque
676 859 739 879 non
756 855 875 880 norunt
899 850 961 880 htec
977 853 1175 879 monumenta
1191 849 1283 885 mori,

208 901 388 939 perfugium
411 904 522 930 nactus
553 905 609 936 est,
639 900 694 930 ubi
719 900 840 931 diutius
868 900 984 930 durare
1006 904 1034 929 et
1066 901 1168 930 vivere
1189 905 1290 939 posset
1311 899 1508 938 Theophanes
1540 902 1640 929 vester
1675 897 1833 928 Cerameus

211 953 245 982 in
279 951 540 983 bibliothecarum
572 951 698 990 asylis:
729 952 763 982 in
795 951 907 991 quibus
937 960 1006 981 cum
1034 951 1075 982 ad
1106 952 1187 982 hunc
1200 951 1280 982 diem
1304 951 1469 981 abstrusus
1501 951 1616 990 fuerit,
1648 959 1685 980 en
1718 949 1834 980 tandem

210 1003 327 1042 aspicit
357 1002 464 1039 lucem,
493 1007 520 1032 et
540 1003 573 1033 in
601 1012 657 1033 ora
676 1003 834 1033 hominum
855 1001 1042 1042 linguasque
1061 1002 1243 1032 traducitur
1257 1011 1268 1031 :
1290 1011 1359 1032 eum
1383 1011 1443 1041 quo
1463 1001 1601 1040 equidem
1616 1001 1721 1031 omnia
1737 1004 1834 1030 vestra

210 1051 305 1083 simul
334 1052 458 1089 decora,
481 1062 547 1092 qua:
564 1053 632 1092 jam
659 1057 813 1083 vetustate
842 1051 1046 1082 inobscurata
1067 1057 1094 1082 et
1130 1051 1286 1082 oblivione
1312 1061 1412 1090 prope
1442 1051 1541 1081 deleta
1562 1052 1705 1092 fuerant,
1723 1050 1832 1080 revivi-

209 1111 294 1133 scere
321 1103 399 1134 mihi
422 1103 594 1137 videntur;
625 1113 689 1133 non
708 1102 808 1132 solum
840 1103 913 1141 quia
936 1102 969 1132 in
998 1103 1091 1142 hujus
1121 1103 1225 1141 operis
1249 1103 1407 1140 prowmiis
1434 1101 1601 1141 isagogicis
1621 1109 1654 1130 ea
1671 1099 1722 1130 vel
1735 1099 1772 1130 ab
1793 1099 1834 1129 ul-

211 1151 288 1182 tima
307 1153 497 1192 antiquitate
525 1154 660 1191 repetita
686 1153 733 1183 vel
755 1154 786 1183 in
805 1153 982 1183 memoriam
997 1153 1153 1183 hominum
1171 1162 1317 1183 revocare
1332 1153 1379 1183 vel
1394 1152 1427 1183 in
1449 1152 1658 1191 cognitionem
1673 1150 1832 1183 adducere,

210 1205 275 1232 tum
303 1202 350 1231 rei
378 1203 480 1241 ipsius
512 1202 667 1242 dignitate
696 1207 870 1242 permotus.
904 1208 968 1232 tum
997 1208 1100 1232 vestro
1130 1203 1236 1233 studio
1259 1203 1385 1232 omnino
1415 1203 1593 1241 compulsus
1614 1201 1767 1234 institui;
1789 1200 1834 1230 sed

209 1253 302 1283 etiam
314 1253 388 1293 quia
404 1263 473 1284 cum
497 1253 692 1292 Theophanis
703 1253 936 1292 archiepiscopi
955 1257 981 1282 et
1000 1253 1168 1291 scriptoris
1194 1252 1398 1283 ecclesiastici
1418 1262 1527 1283 nomen
1536 1261 1601 1283 non
1612 1253 1704 1283 modo
1723 1253 1832 1283 littera-

210 1309 326 1339 torum,
353 1303 407 1334 sed
434 1304 528 1334 etiam
548 1312 710 1333 sacrorum
736 1309 899 1333 oratorum
930 1304 962 1333 in
984 1312 1038 1333 ore
1058 1303 1248 1340 versabitur,
1280 1296 1352 1334 (cum
1378 1304 1533 1343 referetur
1555 1304 1589 1334 in
1603 1304 1831 1338 commentaria,

209 1364 277 1384 cum
300 1354 460 1385 resonabit
476 1355 509 1384 in
521 1353 642 1393 templis
656 1354 906 1394 populorumque
921 1354 1238 1392 concionibus,simul
1253 1355 1345 1385 etiam
1360 1355 1558 1385 Tauromenii
1568 1353 1672 1394 gloria
1690 1354 1832 1393 decusque

209 1404 380 1434 resonabit.
413 1404 517 1441 Quare
545 1399 676 1442 vigesc'et
708 1404 769 1435 hiec
793 1405 987 1443 Theophanis
1010 1405 1115 1439 vestri,
1134 1413 1256 1444 unaque
1274 1405 1533 1435 Tauromenitani
1549 1405 1686 1434 nominis
1715 1404 1832 1443 gloria:

210 1459 237 1485 et
266 1455 409 1498 ﬂorescet
436 1454 577 1493 quotidie
603 1456 722 1492 magis:
753 1459 780 1484 et
803 1459 953 1494 quantum
976 1454 1088 1484 vestris
1107 1455 1296 1494 manu/actis
1315 1454 1461 1493 operibus
1491 1455 1677 1493 decerptura
1710 1458 1753 1484 est
1780 1455 1830 1485 avi

210 1506 438 1545 longinquitas,
453 1510 574 1536 tantum
596 1511 790 1546 arrogatum
814 1506 972 1537 laudibus.
999 1507 1055 1537 Est
1083 1507 1162 1536 enim
1190 1507 1247 1537 hoc
1260 1516 1358 1536 meum
1380 1512 1621 1543 monumentum,
1653 1507 1741 1546 quod
1755 1517 1772 1536 a
1790 1517 1829 1536 me

210 1566 320 1596 magno
354 1566 423 1586 cum
441 1556 558 1591 studio,
589 1557 622 1587 in
652 1565 763 1596 magna
796 1561 897 1587 tamen
918 1558 1066 1596 temporis
1080 1557 1187 1596 inopia
1212 1557 1377 1588 subcisivis
1391 1557 1617 1596 propemodum
1647 1557 1738 1588 horis
1763 1567 1828 1587 con-

210 1607 310 1638 ditum
340 1610 366 1638 et
398 1606 613 1637 elucubratum
641 1608 765 1638 tandem
792 1608 943 1638 exsistit:
960 1611 1015 1644 est,
1034 1608 1170 1648 inquam,
1198 1606 1281 1638 illud
1306 1608 1497 1647 hujusmodi,
1521 1612 1557 1637 ut
1583 1617 1641 1646 pro
1665 1608 1829 1638 immortali

209 1669 267 1690 sua
297 1659 477 1689 conditione
503 1659 605 1689 vivere
626 1661 727 1699 possit
758 1661 906 1691 memoria
935 1660 1122 1690 seculorum
1150 1660 1298 1694 omnium,
1325 1659 1408 1698 quod
1433 1660 1603 1699 posteritas
1623 1668 1747 1699 semper
1773 1670 1829 1689 am-

209 1712 386 1752 plectatur,
415 1716 441 1742 et
469 1712 538 1751 ipsa
567 1713 730 1744 intueatur
759 1713 932 1744 wternitas.
961 1714 1021 1744 Sed
1049 1713 1132 1753 quod
1159 1722 1256 1743 meum
1281 1713 1362 1748 dixi,
1393 1714 1459 1753 jam
1489 1718 1573 1743 muto
1603 1712 1743 1747 dictum;
1766 1717 1791 1742 et
1815 1724 1830 1741 η

209 1772 254 1794 me
272 1763 373 1803 'quasi
396 1764 543 1803 mancupi
572 1773 639 1795 rem
663 1763 830 1797 abalieno:
858 1769 993 1794 vestrum
1022 1764 1184 1795 volueram
1219 1764 1322 1794 dicere
1345 1765 1401 1794 hoc
1432 1772 1519 1802 opus,
1548 1763 1662 1802 quoda
1692 1772 1738 1793 me
1752 1763 1829 1793 vobis

209 1823 267 1852 pro
294 1814 403 1844 merito
428 1818 541 1850 vestro,
567 1824 603 1844 ac
619 1814 723 1844 studio
747 1815 781 1845 in
804 1814 964 1844 alumnum
979 1820 1070 1855 atque
1088 1820 1245 1854 pastorem
1266 1815 1390 1853 patriis,
1414 1813 1585 1854 collataque
1610 1814 1644 1844 in
1663 1814 1700 1845 id
1723 1814 1830 1844 exseri-

213 1862 345 1892 bendum
371 1872 429 1893 a're
456 1863 582 1903 publica
613 1864 761 1894 donatum
793 1874 829 1894 ac
864 1865 1040 1895 dedicatum
1065 1864 1147 1895 volo.
1190 1865 1299 1895 Vestro
1329 1865 1410 1894 enim
1446 1865 1668 1903 prtescriptum
1705 1864 1828 1896 nomini.

211 1915 449 1956 patrocinioque
478 1915 620 1946 devotum
645 1916 729 1947 haud
761 1926 880 1954 vereor,
903 1921 938 1948 ut
971 1919 1005 1948 in
1024 1927 1081 1948 ora
1096 1927 1262 1957 manusque
1277 1921 1395 1947 vestras
1411 1921 1438 1947 et
1461 1918 1585 1956 gratius
1604 1922 1772 1950 venturum
1795 1918 1829 1947 sit

212 1970 240 1997 .‘t
257 1967 367 2006 tutius,
385 1967 562 2009 diutiusque
580 1969 613 1999 in
629 1968 750 2009 pluteis
783 1969 943 2000 doctorum
956 1970 1113 2001 hominum
1134 1974 1340 2002 versaturum.

685 2151 958 2194 HUMANIS
996 2150 1367 2197 LECTORIBUS

547 2257 1069 2320 FRANCISCUS
1139 2257 1504 2318 SCORSUS

844 2370 1075 2405 SOCIETATIS
1099 2370 1204 2402 JESU.

254 2520 383 2552 Poetico
400 2527 488 2550 more
510 2522 541 2550 et
553 2517 687 2557 ingenio
703 2524 782 2548 usus
798 2518 924 2548 videtur
940 2518 1095 2549 Hebraeus
1113 2521 1200 2550 vates
1216 2521 1284 2549 tum
1299 2526 1383 2557 saepe
1397 2517 1486 2554 alias,
1501 2521 1568 2548 tum
1585 2526 1662 2550 vero
1679 2526 1753 2549 cum
1771 2519 1832 2549 ina-

213 2568 311 2599 nimis
327 2569 422 2598 rebus
445 2567 584 2598 animam
601 2564 767 2604 afﬁngens,
784 2566 896 2596 coelum
912 2574 1059 2596 enarrare
1077 2567 1211 2606 gloriam
1228 2566 1298 2602 Dei,
1313 2569 1343 2596 et
1359 2566 1443 2596 diem
1457 2565 1522 2597 diei
1539 2567 1674 2597 verbum
1689 2570 1826 2597 eructare

213 2615 331 2646 cecinit
347 2617 366 2646 '.
385 2615 540 2653 Perpetua
552 2611 675 2643 scilicet
689 2615 737 2642 est
757 2611 910 2651 nullaque
933 2618 1115 2652 temporum
1132 2611 1371 2652 intercapedine
1389 2614 1616 2645 obmutescens
1634 2614 1744 2645 divina
1769 2615 1830 2645 laus

213 2672 308 2702 quam
328 2671 432 2693 rerum
450 2665 627 2693 crealarum
642 2660 838 2691 universitas
858 2661 923 2692 Deo
940 2661 978 2692 Ο.
996 2662 1039 2693 Μ.
1056 2661 1228 2693 architecto
1243 2670 1305 2692 suo
1318 2661 1465 2701 quamvis
1483 2665 1571 2692 muta
1607 2661 1753 2692 decantat
1772 2670 1778 2691 :
1804 2664 1832 2692 et

214 2719 286 2741 cum
304 2719 341 2742 ea
355 2710 453 2742 unius
470 2709 535 2741 diei
547 2708 706 2748 angustiis
722 2708 943 2740 circumscribi
966 2718 1030 2740 non
1048 2709 1160 2749 possit,
1175 2709 1275 2740 vicem
1293 2717 1396 2746 suam,
1412 2712 1444 2740 et
1470 2709 1558 2739 velut
1588 2709 1734 2748 lampada
1760 2707 1834 2740 alter1

215 2758 306 2790 alteri
328 2759 428 2789 tradat
444 2766 575 2789 necesse
589 2760 647 2788 est.
665 2757 756 2793 Quod
773 2756 801 2787 si
813 2756 873 2788 hoc
886 2758 1054 2789 oraculum
1076 2757 1114 2788 ad
1131 2757 1303 2797 mysticum
1323 2765 1468 2792 sensum,
1486 2765 1582 2796 quem
1602 2758 1708 2793 multi,
1726 2762 1757 2788 et
1780 2765 1831 2794 0p-

211 2806 301 2836 timaa
318 2810 400 2837 notae
417 2805 690 2843 indicautPau-es,
706 2805 940 2840 traducendum
961 2806 1015 2843 sit,
1031 2806 1064 2838 id
1076 2806 1173 2843 etiam
1189 2806 1357 2838 commode
1367 2806 1450 2837 cadit
1464 2806 1495 2836 in
1509 2814 1579 2836 eam
1606 2805 1664 2836 Dei
1696 2806 1826 2841 laudem,

246 2875 258 2902 .‘
278 2874 348 2902 Psal.
369 2883 444 2908 xvm,
461 2875 489 2908 2,
506 2875 534 2908 ὃς
