1874 3055
73 172 102 204 5Ί
574 172 772 202 FRANCISCI
795 172 927 202 SCOItSl
950 172 1154 202 [ῚῖΕιῗλὶΤῐΟ.
1646 171 1680 203 [ἱ

74 235 156 266 quam
172 226 270 257 sancti
290 226 442 258 doctores
460 226 609 258 Ecclesia)
626 226 772 257 doctrina
786 226 980 265 scriptisque
999 226 1198 257 tradiderunt
1215 226 1295 257 suis.
1314 226 1439 256 Etenim
1458 229 1613 266 perpetuo
1627 227 1682 256 illa

72 274 220 306 curriculo
237 275 277 305 ab
294 274 402 314 ipsius
418 274 568 306 Ecclesim
583 279 695 305 exortu
713 282 882 314 progressa
892 278 1099 313 etpervagata
1113 279 1179 311 est;
1193 277 1222 305 et
1238 283 1332 315 quam
1344 277 1535 313 acceperunt
1547 283 1562 304 a
1576 275 1682 313 primo

73 325 192 354 Doctore
206 323 333 354 Christo
348 324 497 363 apostoli,
518 332 585 354 eam
604 333 661 363 per
672 324 780 354 Patres
798 323 943 354 traditam
962 326 1058 362 atque
1072 324 1292 354 transmissam
1310 331 1373 354 non
1390 323 1567 362 intercepto
1581 332 1678 353 cursu

72 382 211 413 excepere
231 374 352 405 saecula
371 375 615 414 consequentia.
634 375 724 405 Unde
744 375 776 405 lit
801 373 846 405 uti
864 382 926 404 non
945 374 1040 405 modo
1069 383 1196 414 semper
1226 375 1335 406 eadem
1354 374 1470 415 vigeat,
1491 375 1548 405 sed
1583 374 1679 405 etiam

71 426 212 461 augeatur
230 422 332 461 magis
350 423 517 462 magisque
533 423 831 462 Splendescat,cum
848 431 977 461 semper
994 422 1032 453 ad
1061 423 1239 454 doctrinam
1264 423 1481 461 evangelieam
1513 422 1679 462 explican-

72 472 132 501 dam
149 469 461 511 illuminandamque
475 471 558 502 alius
576 471 671 502 aliam
699 471 843 510 praeferat
858 470 978 508 facem;
997 472 1170 511 praesertim
1192 481 1266 504 vero
1283 481 1355 503 cum
1379 472 1489 512 aliqua
1517 471 1684 502 [imreseon

72 522 165 549 cnurta
182 523 367 558 tempestas,
385 528 458 559 qum
474 520 713 551 candidissimis
730 519 873 550 veritatis
889 520 1068 551 luminibus
1087 521 1215 552 nebulis
1231 521 1300 551 suis
1318 521 1484 557 'oliiceret;
1504 527 1584 559 quas
1605 527 1682 559 pro-

71 567 143 598 fecto
159 567 235 598 radii
261 567 312 597 illi
330 567 474 598 caelestes
486 577 521 599 ac
534 568 741 607 praevalentes
758 568 801 599 ita
817 571 1026 607 penetrarunt
1040 572 1137 608 atque
1153 570 1390 606 discusserunt,
1414 573 1447 600 ul
1476 567 1559 599 nihil
1582 568 1683 607 magis

73 616 261 646 tenebrarum
286 616 439 655 princeps
454 624 491 646 ex
511 615 614 647 offusa
630 624 686 647 sua
706 616 844 655 caligine
862 615 1002 646 lucratus
1015 616 1068 653 sit,
1082 617 1128 647 uti
1142 617 1355 656 Theophanes
1373 620 1479 647 noster
1497 615 1681 655 inquadam

73 663 186 694 humilia
201 664 306 700 docet,
321 673 418 704 quam
433 667 467 694 ut
485 664 586 704 magis
603 663 753 694 Ecclesiae
768 663 922 702 splendor
937 664 1138 695 enitesceret.
1154 665 1197 694 Ita
1217 665 1315 704 igitur
1340 668 1375 695 ut
1397 664 1582 695 institutum
1615 671 1685 693 ora-

72 712 155 742 tionis
169 713 278 743 orbem
301 712 480 750 conficiam,
492 712 561 743 dies
580 713 763 751 praecedens
780 712 906 742 videtur
919 714 1034 743 docere
1048 717 1260 752 sequentem;
1271 713 1360 753 quod
1391 713 1486 743 etiam
1510 713 1682 751 Mimogra-

72 759 204 799 phusillo
221 760 387 791 versiculo
405 764 539 791 venuste
556 760 714 800 expressit
734 770 741 789 :

337 831 490 866 Discrpulus
499 836 539 859 est
554 831 653 866 prioris
670 832 804 867 posterior
819 831 886 859 (lies.

72 908 167 945 Neque
184 915 258 937 vero
271 907 335 939 hoc
350 908 456 939 solum
472 909 511 939 de
523 908 674 939 Ecclesiae
689 908 836 939 Patribus
855 909 975 940 dictum
997 909 1106 945 velim,
1125 919 1162 940 eo
1179 910 1264 950 quod
1281 910 1406 941 nullum
1433 909 1500 940 fere
1527 910 1680 940 saeculum

71 954 148 984 tinxit
163 954 240 994 quin
262 956 408 995 aliquem
427 956 608 995 protulerit,
624 956 679 996 qui
693 956 721 987 ei
736 957 889 988 doctrinae
906 957 988 994 luce,
1008 958 1083 988 dum
1102 958 1233 995 viveret,
1260 958 1467 998 prmluceret;
1498 958 1554 989 sed
1585 958 1680 989 etiam

71 1003 142 1041 quod
157 1011 264 1033 eorum
279 1011 379 1042 opera
394 1003 494 1034 veluti
510 1013 581 1035 cum
595 1004 782 1035 earumdem
802 1005 863 1034 vita
879 1005 1035 1044 deposita,
1049 1009 1080 1037 et
1093 1014 1165 1036 eum
1185 1006 1390 1046 corporejam
1418 1006 1558 1045 sepulta,
1581 1008 1680 1038 adeo-

71 1058 123 1089 que
136 1054 193 1080 tam
211 1058 329 1090 magna
353 1052 406 1082 lux
424 1052 518 1082 etiam
535 1052 748 1083 intermortua
768 1051 972 1091 postaliquot
987 1053 1105 1084 deinde
1122 1053 1276 1084 rerixerit
1291 1054 1418 1088 smcula,
1437 1059 1532 1092 atque
1545 1054 1584 1084 ab
1599 1054 1682 1084 obli-

72 1099 162 1128 vionis
182 1100 337 1137 sepulcro
354 1104 456 1136 eruta,
477 1101 510 1131 in
529 1101 633 1132 lucem
648 1102 792 1132 evenerit
810 1113 816 1131 :
837 1109 902 1139 quo
918 1109 992 1131 casu
1007 1101 1178 1141 plerosque
1197 1103 1245 1132 vel
1265 1102 1398 1140 primos,
1422 1105 1452 1132 et
1469 1105 1612 1140 tempore
1648 1108 1680 1133 et

71 1147 205 1186 dignitate
218 1149 330 1179 Patres
344 1149 514 1180 defunctos
531 1157 601 1180 esse
618 1150 776 1180 videmus.
792 1149 938 1185 Quantus
968 1152 999 1179 et
1025 1157 1121 1188 quam
1146 1150 1331 1180 luculentus
1358 1149 1469 1180 doctor
1498 1150 1679 1189 Dionysius

71 1195 255 1234 Areopagita,
290 1197 349 1234 qui
379 1197 531 1228 altissima
565 1198 604 1228 de
633 1197 751 1228 divinis
786 1197 985 1233 nominibus,
1016 1201 1111 1236 atque
1140 1197 1272 1228 omnino
1305 1197 1463 1228 cmlestem
1490 1198 1529 1228 de
1560 1198 1678 1229 cwlesti

70 1243 441 1283 hierarchiatheologiam
459 1246 592 1285 propius
608 1247 648 1277 ab
675 1246 893 1284 apostolorum
921 1244 1009 1275 fonte
1043 1245 1190 1277 haustam
1230 1253 1286 1284 per
1317 1245 1415 1275 libros
1444 1253 1521 1276 suos
1556 1246 1589 1275 in
1624 1254 1679 1285 p0-

70 1295 156 1322 steros
170 1291 353 1323 derivavit?
367 1293 404 1323 Et
420 1297 522 1324 tamen
540 1287 609 1333 ejus
627 1293 700 1324 libri
718 1298 779 1325 tam
799 1293 943 1332 insignes
958 1297 1127 1324 sexcentos
1147 1301 1245 1332 prope
1270 1301 1372 1324 annos
1397 1294 1431 1324 in
1461 1295 1586 1325 occulto
1610 1294 1681 1324 fue-

70 1343 141 1376 runt,
157 1349 227 1371 cum
242 1349 343 1371 nemo
357 1345 430 1372 ante
446 1341 512 1372 divi
529 1342 677 1381 Gregorii
697 1345 838 1380 tempora
855 1349 966 1371 eorum
984 1341 1171 1372 meminisse
1183 1342 1380 1380 reperiatur;
1409 1342 1501 1381 cujus
1529 1342 1575 1372 rei
1610 1350 1675 1373 non

69 1386 148 1417 aliam
171 1388 273 1418 fuisse
299 1397 431 1420 causam
457 1390 583 1420 censuit
615 1389 784 1420 cardinalis
815 1388 1039 1424 Bellarminns,
1071 1397 1166 1428 quam
1194 1389 1279 1429 quod
1312 1389 1430 1420 alicubi
1457 1389 1620 1427 latuerint,
1645 1394 1680 1421 ut

70 1436 155 1467 multa
169 1436 230 1468 alia
243 1446 331 1476 saepe
351 1438 445 1477 longo
462 1441 606 1476 tempore
621 1438 826 1469 delitescunt.
840 1438 871 1468 S.
885 1437 1032 1476 Gregorii
1044 1438 1181 1477 Nysseni
1195 1438 1294 1468 libros
1312 1437 1467 1468 adversus
1481 1437 1677 1468 Eunomium

69 1484 94 1514 S.
110 1485 326 1526 Hieronymus
341 1487 422 1517 libro
443 1487 484 1516 De
498 1487 576 1517 viris
588 1486 769 1518 illustribus
786 1489 942 1521 recenset,
961 1493 1082 1524 eosque
1098 1485 1162 1516 sibi
1183 1484 1223 1516 ab
1248 1486 1360 1516 eodem
1390 1485 1545 1523 Gregorio
1577 1486 1675 1516 lectos

70 1536 205 1570 testatur;
220 1534 252 1564 hi
272 1542 352 1565 vero
369 1534 488 1565 nostris
503 1534 591 1564 hisee
607 1534 806 1574 temporibus
821 1543 893 1565 cum
912 1537 955 1565 tot
970 1538 1043 1564 ante
1056 1533 1182 1565 saeculis
1198 1534 1230 1564 in
1248 1533 1390 1565 tenebris
1402 1534 1591 1574 jacuissent.
1627 1543 1676 1565 as—

70 1589 170 1617 pexere
190 1581 318 1618 lucem;
337 1590 420 1621 quos
437 1590 508 1612 cum
522 1582 554 1611 P.
572 1581 710 1612 Jacobus
723 1575 904 1619 Gretserus,
921 1583 960 1615 de
979 1582 1107 1619 litteris,
1128 1582 1257 1621 etquod
1281 1585 1328 1613 est
1365 1582 1460 1621 longe
1478 1583 1677 1620 praeclarius,

69 1629 100 1659 de
113 1630 266 1662 Catholica
279 1631 425 1662 Ecclesia
437 1631 556 1671 Optime
573 1631 719 1667 meritus,
736 1639 779 1661 ex
793 1630 941 1661 Bavarica
953 1629 1150 1661 bibliotheca
1173 1633 1282 1660 erutos
1298 1638 1363 1669 pra)
1377 1630 1526 1660 manibus
1548 1630 1676 1662 habere!

70 1679 93 1706 et
109 1678 272 1717 expolirct,
294 1683 329 1709 ut
349 1679 381 1709 in
396 1679 498 1709 lucem
514 1678 751 1718 utilitatemque
765 1687 968 1709 communem
986 1678 1126 1714 efferret,
1145 1678 1379 1717 pramccupavit
1394 1678 1489 1709 edere
1501 1687 1540 1708 ex
1552 1678 1677 1708 Nieolai

70 1725 183 1756 tiulonii
205 1727 476 1766 interpretatione
494 1728 526 1757 P.
543 1728 683 1758 Joannes
699 1736 716 1758 a
731 1728 760 1758 S.
774 1727 956 1762 Francisco,
975 1725 1150 1756 monachus
1164 1725 1338 1762 Fuliensis,
1370 1725 1557 1764 interpretis
1578 1725 1678 1760 filius,

70 1778 243 1813 exstantque
277 1775 378 1806 hodie
400 1779 485 1806 torno
510 1776 538 1806 ll
560 1777 704 1815 Operum
730 1775 879 1815 Nysseni.
907 1774 982 1812 Ejus
1005 1781 1081 1804 vero
1093 1773 1200 1805 fratris
1212 1772 1321 1804 Basilii
1336 1773 1444 1812 Magni
1464 1777 1591 1804 centum
1608 1781 1678 1817 am-

71 1821 140 1860 plius
151 1822 297 1861 epistolae
321 1823 353 1854 in
377 1831 457 1854 nova
475 1823 617 1855 editione
638 1832 773 1863 operum
792 1823 862 1862 ejus
879 1822 986 1852 Grmce
1003 1820 1102 1852 simul
1115 1824 1146 1851 et
1160 1821 1271 1851 Latine
1287 1820 1321 1851 in
1336 1821 1438 1851 lucem
1456 1820 1615 1860 prodiere.
1645 1821 1676 1850 Ξ.

71 1870 164 1907 Cyrilli
181 1871 441 1902 Commentarios
454 1871 486 1902 in
502 1872 674 1912 prophetas
692 1872 836 1903 minores
856 1879 959 1910 nuper
977 1869 1118 1900 vidimus
1130 1878 1146 1900 a
1169 1870 1287 1900 Jacobo
1302 1871 1446 1900 Pontano
1467 1869 1648 1908 publicatos
1669 1881 1676 1899 :

72 1921 95 1946 et
109 1926 142 1949 ne
154 1927 188 1949 ex
201 1919 346 1959 singulis
366 1919 545 1958 catalogum
568 1925 682 1956 texam,
701 1919 879 1958 lonéiorem
908 1927 985 1949 sane
1003 1917 1146 1948 futurum
1173 1926 1268 1957 quam
1300 1917 1365 1948 haec
1388 1917 1530 1948 Pimfatio
1564 1926 1678 1957 capere

74 1967 166 2003 pnssit,
183 1969 238 2007 qui
257 1972 444 1998 sanctorum
462 1971 604 1999 veterum
622 1969 749 1999 Patrqu
767 1967 944 2001 volumina,
959 1966 1015 2005 qui
1035 1964 1243 1996 bibliothecas
1270 1969 1392 1996 veteres
1411 1974 1575 2004 novasque
1605 1975 1676 1997 ver-

72 2014 144 2051 sarit,
162 2025 256 2056 quam
273 2017 337 2048 hoc
355 2025 466 2047 verum
491 2017 545 2053 sit,
564 2017 649 2057 quod
674 2017 724 2048 hic
756 2015 969 2056 proponimus
1000 2014 1280 2049 considerandum,
1318 2014 1576 2044 animadvertat:
1604 2022 1677 2044 nam

72 2063 194 2099 profecto
208 2074 243 2095 ea
255 2074 332 2104 qum
347 2065 488 2096 Coloniae
501 2065 585 2096 edita
601 2069 646 2096 est
662 2073 746 2096 anno
759 2065 835 2095 1618
849 2064 1004 2101 etMagna
1012 2061 1201 2100 appellatur,
1217 2061 1288 2100 plus
1298 2065 1425 2091 centum
1437 2063 1563 2092 Patrum
1578 2070 1679 2100 opus—

73 2110 150 2148 culis,
166 2121 236 2150 qua)
255 2117 351 2143 antea
369 2113 533 2152 incognita
549 2118 650 2150 erant,
671 2118 761 2144 aucta
777 2116 808 2144 et
821 2111 1012 2150 locupletata
1024 2113 1084 2142 est.
1098 2109 1130 2140 ln
1155 2118 1220 2148 quo
1247 2117 1364 2147 genere
1396 2117 1507 2147 magna
1545 2109 1677 2148 quidem

73 2165 162 2195 operae
180 2161 281 2198 pretia
297 2160 562 2192 facerehomines
579 2164 696 2192 nostrae
711 2158 891 2195 Societatis,
914 2162 945 2188 et
973 2157 1118 2188 doctrina
1151 2160 1183 2188 et
1214 2157 1380 2187 sanctitate
1410 2155 1591 2196 conspicui,
1612 2156 1677 2195 jam

74 2208 127 2236 tum
142 2207 257 2247 abipsa
273 2209 402 2240 condita
421 2211 578 2240 Societate
592 2220 600 2246 ;
616 2209 736 2248 quibus
753 2215 822 2239 eam
837 2210 990 2243 mentem,
1007 2213 1127 2244 e05que
1144 2213 1206 2235 non
1221 2204 1390 2241 humanos,
1407 2205 1461 2235 sed
1479 2205 1608 2235 divinos
1622 2205 1682 2234 im-

74 2253 182 2301 misisse
210 2256 351 2295 spiritus
379 2257 417 2287 ad
433 2257 544 2296 glorias
557 2260 587 2288 et
606 2256 756 2288 Ecclesiaa
770 2263 838 2286 suae
856 2254 1119 2293 propagationem
1140 2253 1266 2284 videtur
1279 2253 1377 2290 Deus,
1391 2257 1426 2284 ut
1450 2253 1481 2283 in
1517 2253 1676 2292 pervesti-

75 2299 170 2339 gaudis
184 2307 331 2335 veterum
350 2305 488 2341 Patrum,
503 2304 682 2344 praesertim
701 2312 777 2335 vero
793 2303 992 2338 Graecorum,
1010 2309 1048 2332 ex
1079 2300 1345 2332 bibliothecarum
1375 2299 1504 2340 angulis
1535 2299 1680 2331 latebris-

75 2357 125 2387 que
139 2351 427 2389 reconditioribus,
445 2352 680 2388 monumentis,
699 2352 730 2383 in
748 2352 856 2391 iisque
880 2349 1081 2380 illustrandis
1106 2349 1250 2380 studium
1283 2357 1392 2386 suum,
1424 2349 1678 2388 linguarumque

76 2397 213 2436 peritiam,
227 2408 327 2441 quam
348 2400 410 2431 sibi
428 2401 666 2439 qumsivissent,
682 2401 762 2431 bene
778 2399 974 2430 collocarent
986 2406 994 2435 ;
1008 2401 1043 2429 et
1062 2406 1101 2428 ex
1119 2397 1290 2428 blattarum
1311 2406 1382 2429 esca
1401 2398 1617 2428 humanorum
1634 2398 1682 2428 in-

76 2446 224 2482 geniorum
243 2448 377 2485 pabula,
390 2453 418 2478 et
433 2449 583 2479 Ecclesiae
598 2448 819 2480 emolumenta
834 2456 873 2478 ex
889 2446 1019 2477 illarum
1037 2446 1281 2476 oblectamentis
1298 2446 1471 2477 eﬂicerent.
1490 2446 1583 2482 Quod
1605 2454 1679 2477 cum

76 2492 115 2523 illi
126 2495 301 2528 studiosius
319 2497 421 2527 multo
436 2497 652 2537 cupidiusque
667 2497 831 2530 fecissent.
845 2504 940 2536 quam
956 2495 1012 2535 qui
1037 2494 1187 2526 mortales
1218 2495 1351 2527 avaritia
1377 2495 1534 2526 stimulati
1564 2503 1678 2526 aurum

77 2548 107 2572 ex
121 2546 203 2574 terrm
217 2545 310 2576 venis
326 2549 423 2584 atque
440 2545 615 2577 visceribus
632 2548 800 2582 erueruut,
816 2549 884 2576 tum
900 2546 998 2577 etiam
1016 2545 1131 2576 utilius
1146 2554 1181 2577 ac
1197 2545 1372 2576 salutarius
1398 2544 1542 2576 humano
1568 2544 1680 2584 generi

77 2588 144 2628 iuit;
161 2601 229 2623 nam
243 2593 394 2633 profecto
410 2593 625 2633 perniciosum
645 2598 692 2625 est
715 2603 830 2625 aurum

447 2664 547 2699 Cogere
561 2666 693 2693 humanos
713 2666 740 2693 in
761 2673 836 2698 usus,

449 2708 532 2736 Omne
549 2717 658 2737 sacrum
671 2710 792 2744 rapiente
812 2711 908 2739 dextra
928 2717 934 2739 ;

79 2763 166 2792 castra
185 2771 258 2795 vero

437 2825 529 2853 Parum
543 2827 653 2860 sepultae
665 2827 747 2855 distat
762 2827 867 2855 inerti-.e

441 2870 528 2897 Celata
543 2871 639 2899 virtus.
