1874 3055
178 136 214 168 55
692 137 890 168 FRANCISCI
914 138 1044 168 SCORSI
1068 138 1275 169 PR.EFA'[‘10.
1764 140 1794 171 56

177 193 216 222 Et
231 191 270 222 de
289 200 322 221 ea
342 192 458 222 melius
471 193 605 232 Sapiens
628 194 746 224 caelesti
764 193 883 233 Spiritu
907 192 1028 224 omnes
1044 193 1263 232 pronuntiavit
1282 193 1465 232 :Sapientia
1485 192 1652 230 absconsa,
1683 197 1709 223 at
1730 194 1792 224 the-

176 248 290 271 saurus
306 241 458 278 occultus,
480 250 545 280 quae
563 241 686 272 utilitas
703 243 735 273 in
747 242 908 282 ulrisquc‘
929 243 942 270 ‘.’

214 294 338 323 Horum
367 292 543 333 insignium
576 294 718 324 virorum
753 296 953 330 auctoritate,
982 302 1052 324 cum
1087 294 1313 332 itelligerean,
1344 297 1375 323 et
1399 300 1495 332 quam
1529 295 1616 323 esset
1648 291 1705 323 hoc
1729 297 1793 322 stu-

176 340 266 372 dium
305 341 470 371 Societatis
497 347 614 372 nostrae
640 343 818 381 proprium,
849 347 878 372 et
905 346 1026 381 quanto
1069 342 1258 373 Christianas
1294 342 1491 381 Reipublicae
1533 342 1714 376 commodo,
1751 341 1795 371 his

178 387 355 428 praesertim
376 390 586 429 temporibus,
605 399 675 421 cum
699 395 881 421 sanctorum
900 393 1026 422 Patrum
1050 391 1235 427 auctoritas,
1262 395 1298 424 eL
1333 390 1476 422 doctrina
1493 391 1532 421 ab
1562 390 1720 420 haereticis
1748 391 1796 420 in-

177 438 593 477 terpretibusdepravatur,
625 439 674 470 vel
694 440 951 479 parvipenditur,
975 445 1140 478 permotus
1164 439 1374 470 vehementer
1413 447 1499 476 sum,
1529 441 1564 469 ut
1606 438 1632 468 si
1663 438 1738 476 quid
1766 439 1795 468 in

176 487 297 518 Latinis
335 489 364 516 et
392 486 508 521 Graecis
543 487 658 518 litteris
690 487 873 518 ediscendis
902 488 1154 528 cxcolendisque
1200 488 1300 519 studii
1327 496 1499 526 operasque
1528 486 1727 526 posuissem,
1765 486 1794 517 in

177 533 237 564 hoc
252 542 335 572 Opus
352 541 415 565 non
431 534 520 573 parvi
534 535 689 566 momenti
709 536 902 573 conferrem,
920 537 1165 577 symbolamque
1204 545 1319 574 meam,
1355 540 1484 567 tenuem
1518 534 1668 575 quamvis
1700 534 1796 571 illam,

177 582 216 612 ad
231 585 291 612 tam
307 582 430 612 lautum
447 583 632 614 convivium
651 584 781 620 ferrem,
798 584 829 615 in
851 593 955 624 eoque
973 584 1059 616 imus
1079 587 1314 617 accumberem.
1328 584 1430 624 Igitur
1443 584 1540 615 simul
1560 587 1656 623 atque
1684 583 1721 613 ad
1752 591 1797 613 me

178 630 290 661 delatae
319 633 394 661 sunt
417 631 558 662 homiliae
573 632 777 672 Theophanis
802 633 1207 673 Ceramei,archiepiscopi
1239 633 1446 664 Tauromenii
1477 633 1509 663 in
1545 631 1652 663 Sicilia
1682 635 1796 667 nostra,

179 679 292 710 deesse
309 678 388 709 mihi
404 683 434 710 et
451 680 496 710 rei
515 680 678 712 litterariae
702 681 791 712 nolui
805 704 812 718 ,
833 682 911 721 quin
941 681 1076 713 oblatam
1097 681 1296 713 occasionem
1319 681 1507 720 arriperem,
1524 684 1555 711 et
1581 683 1717 719 spartam
1748 687 1799 709 na-

178 729 265 764 ctus,
286 735 353 758 eam
371 735 517 760 ornarem
533 739 540 759 :
554 730 591 760 ad
608 738 703 769 quam
720 729 814 760 etiam
833 730 909 760 mihi
929 731 1068 762 acriores
1092 731 1214 761 addidit
1240 729 1389 760 stimulos
1407 728 1521 759 natalis
1551 727 1612 758 soli
1639 735 1741 763 amor,
1770 731 1798 758 et

179 775 324 806 studium
340 775 541 808 illustrandae
555 777 658 817 gentis
676 782 805 815 nostras,
820 787 892 808 cum
910 787 973 809 non
989 778 1081 809 modo
1098 779 1258 809 universae
1276 777 1434 813 Ecclesiae,
1448 776 1502 807 sed
1515 775 1673 807 etSiciliaa
1684 779 1797 805 nostrae

179 823 292 863 glorias
306 825 537 864 Splendorique
558 834 607 856 me
619 827 788 857 consulere
804 830 900 866 atque
915 828 1037 858 servire
1055 831 1246 866 reputarem,
1264 827 1289 856 si
1321 826 1510 865 scriptorem
1531 824 1617 854 hunc
1649 822 1798 853 ecclesia-

180 872 296 903 sticum
314 873 346 904 in
361 873 465 904 lucem
483 875 668 912 proderem;
681 884 746 915 quo
762 884 827 907 uno
843 879 928 907 certe
941 876 1041 915 possit
1053 876 1160 906 Sicilia
1176 875 1317 915 gloriari,
1330 883 1402 905 cum
1416 874 1514 904 alium
1533 872 1645 902 habeat
1662 871 1729 901 fere
1745 879 1798 900 ne-

180 921 315 959 minem,
336 922 428 962 cujus
446 926 506 953 tam
527 931 677 962 magnum
690 932 771 963 opus
788 925 824 955 ad
842 924 922 955 hanc
939 933 1042 964 usque
1055 924 1139 954 diem
1160 924 1307 954 traditum
1329 922 1422 954 nobis
1449 922 1501 952 sit.
1532 920 1687 957 Quamvis
1715 919 1797 949 enim

180 970 396 1001 Paschasinus
417 971 626 1010 Lilybetanus
643 971 816 1011 epiScopus
837 972 1004 1011 sapientiae
1015 972 1116 1012 gloria
1131 972 1290 1008 ﬂoruerit,
1308 975 1338 1001 et
1363 970 1526 1010 Ephesiuo
1548 968 1688 999 concilio
1717 967 1796 1005 lega-

180 1021 235 1049 tus
253 1018 393 1049 Leonis!
418 1019 580 1050 Pontificis
596 1019 729 1050 Romani
745 1019 920 1059 prmi‘uerit,
937 1025 1041 1052 tamen
1068 1020 1138 1060 ejus
1167 1020 1297 1051 nonnisi
1326 1028 1433 1058 paucae
1457 1018 1601 1057 quadam
1634 1017 1672 1047 ad
1697 1015 1797 1054 ipsum

181 1067 322 1097 Leonem
342 1068 488 1107 epistolae
502 1068 587 1098 inter
604 1067 692 1098 illius
712 1076 808 1107 opera
831 1073 967 1100 exuant.
985 1069 1068 1100 Petri
1084 1068 1183 1100 Siculi
1200 1067 1368 1098 historiam
1386 1067 1425 1097 de
1450 1074 1527 1096 vana
1552 1064 1796 1095 Manichmorum

181 1115 348 1145 hmresiex
365 1114 503 1146 Mattheei
518 1115 810 1146 RaderiSocietati<
829 1121 1009 1148 nostraaeru
1024 1119 1134 1148 litione
1152 1117 1320 1148 clarissimi
1342 1116 1450 1147 studio
1480 1119 1509 1145 et
1535 1112 1797 1151 interpretatione

181 1161 296 1193 lucrati
312 1169 446 1199 sumus;
468 1162 524 1202 qui
541 1170 617 1193 sane
635 1164 747 1194 Petrus
762 1164 874 1194 eodem
890 1164 957 1196 fere
969 1166 1084 1196 sreculo
1098 1166 1175 1196 vixit
1189 1166 1384 1204 scripsitque
1404 1172 1468 1203 quo
1486 1162 1536 1193 hic
1562 1164 1689 1197 Noster,
1715 1160 1798 1190 Basi-

181 1210 226 1241 lio
239 1210 394 1242 nimirum
412 1216 442 1242 et
458 1210 532 1242 ﬁliis
549 1211 619 1251 ejus
633 1212 843 1244 Constantino
857 1218 888 1244 et
904 1214 1009 1244 Leone
1022 1213 1281 1252 imperatoribus,
1295 1222 1310 1244 δ
1331 1212 1449 1252 quibus
1469 1212 1591 1249 legatus
1618 1209 1738 1238 mi~sus
1754 1211 1798 1238 est

181 1259 342 1290 Tibricam
360 1260 521 1291 Armeniae
536 1260 719 1297 civitatem;
738 1262 792 1292 sed
810 1261 870 1292 hoc
889 1262 997 1293 brevis
1013 1262 1158 1293 historiae
1173 1270 1268 1300 quam
1288 1266 1383 1291 tenue
1400 1259 1552 1290 lucellum
1582 1261 1640 1288 est.
1665 1256 1699 1287 Si
1729 1255 1798 1294 quis

180 1315 257 1338 vero
272 1307 355 1338 alius
369 1307 558 1350 Christianas
573 1309 739 1348 sapientiae
753 1309 853 1347 gloria
868 1310 1093 1348 superioribus
1111 1310 1227 1341 claruit
1239 1309 1377 1345 smculis,
1393 1308 1461 1347 ejus
1481 1311 1586 1338 tamen
1603 1313 1701 1344 opera
1723 1312 1797 1334 non~

183 1354 273 1392 dum,
291 1355 378 1395 quod
392 1356 502 1393 sciam,
515 1357 554 1388 ad
571 1356 673 1387 lucem
692 1357 859 1388 hominum
878 1363 1117 1396 permanarunt.
1137 1358 1313 1389 Accedebat
1338 1357 1433 1388 etiam
1460 1356 1552 1392 illud,
1580 1353 1666 1394 quod
1701 1352 1799 1382 Theo-

180 1404 318 1444 phanem
333 1409 478 1436 nostrum
488 1414 526 1436 eo
540 1406 658 1437 saaculo
670 1406 789 1436 vixisse
799 1407 1022 1445 compererim,
1035 1406 1120 1447 quod
1134 1408 1174 1438 ob
1186 1408 1351 1437 doctorum
1364 1405 1532 1435 hominum
1548 1401 1729 1442 penuriam,
1747 1398 1798 1438 qui

181 1452 265 1483 illud
286 1453 356 1484 luce
376 1453 530 1485 doctrinm
546 1454 758 1491 illustrarent,
775 1455 947 1485 obscurum
968 1456 1148 1494 appellatur
1164 1455 1304 1489 adoctis,
1322 1457 1356 1484 ut
1370 1461 1433 1483 non
1452 1451 1622 1482 minimum
1648 1449 1695 1480 rei
1714 1448 1795 1478 lIIte-

183 1501 275 1531 rarite
293 1501 406 1532 etﬁdei
429 1503 655 1541 compendium
674 1502 776 1533 facere
795 1502 874 1533 mihi
892 1503 1066 1540 viderer,si
1085 1504 1132 1534 illi
1146 1503 1264 1534 saaculo
1279 1501 1493 1532 illuminando
1507 1499 1606 1530 facem
1626 1497 1674 1528 vel
1692 1495 1800 1527 stellu-

185 1549 246 1580 lam
262 1549 402 1589 aliquam
420 1550 619 1589 praeferrem,
638 1554 911 1590 ostenderentque
932 1560 1036 1591 neque
1055 1556 1121 1583 tum
1135 1551 1276 1583 defuisse
1293 1551 1323 1581 in
1343 1549 1482 1581 Ecclesia
1499 1547 1614 1579 Christi
1635 1546 1798 1595 doctorum

183 1599 312 1629 Patrum
333 1599 448 1630 lucem.
465 1599 590 1636 Quibus
603 1599 768 1630 subductis
786 1599 965 1630 rationib‘us
982 1600 1347 1639 praeclarumnegotium
1364 1597 1530 1636 suscipere
1550 1593 1748 1626 existimavi,
1774 1593 1798 1621 si

183 1650 303 1677 catena!
317 1651 499 1678 sanctorum
511 1649 651 1684 Patrum,
666 1657 729 1687 qua
743 1649 872 1687 Sponsae
887 1648 1005 1679 collum
1023 1652 1167 1682 ornatur,
1180 1649 1266 1678 hunc
1282 1647 1377 1678 etiam
1393 1645 1551 1676 annulum
1566 1640 1798 1673 conserendum

183 1694 344 1725 offerrem.
363 1695 445 1726 Illud
461 1703 535 1726 vero
553 1695 586 1726 in
606 1699 691 1726 tanta
708 1695 831 1726 inventi
851 1696 945 1735 hujus
963 1697 1101 1727 thesauri
1120 1697 1226 1727 laatitia
1244 1695 1415 1727 dolendum
1437 1692 1513 1723 mihi
1533 1696 1562 1722 et
1579 1689 1734 1721 omnibus
1750 1688 1801 1738 bo-

186 1743 236 1773 nis
249 1747 308 1780 est,
327 1744 382 1783 qui
398 1743 491 1775 dolor
504 1744 599 1775 etiam
617 1753 704 1775 nunc
715 1745 822 1776 animo
838 1745 957 1776 infixus
974 1745 1086 1782 haeret,
1099 1746 1185 1784 quod
1201 1754 1274 1775 cum
1291 1743 1341 1774 his
1354 1743 1424 1782 ejus
1440 1740 1562 1780 ingenii
1580 1739 1798 1769 monumentls

187 1800 249 1822 non
273 1792 367 1822 etiam
379 1792 500 1832 aliquid
513 1793 551 1823 de
573 1794 636 1824 vita
648 1793 729 1832 ejus,
746 1802 805 1824 seu
821 1794 917 1824 rebus
933 1794 1031 1832 gestis
1047 1793 1219 1832 vestigium
1234 1793 1428 1831 impressum
1443 1789 1526 1828 apud
1555 1784 1728 1836 historicos
1748 1791 1799 1836 re-

187 1840 363 1878 periamus.
381 1840 473 1876 Quod
490 1849 565 1871 sane
587 1844 652 1871 tum
672 1841 861 1872 obscuritati
887 1842 997 1872 saeculi
1030 1841 1112 1881 ejus,
1144 1841 1176 1871 in
1202 1848 1266 1880 quo
1294 1840 1385 1875 vixit,
1411 1843 1477 1869 tum
1495 1837 1590 1868 etiam
1604 1835 1798 1883 Saracenicaa

185 1889 267 1920 cladi
287 1890 491 1920 tribuendum
518 1890 657 1927 videtur,
672 1899 733 1930 qua
751 1890 910 1930 quidquid
929 1890 961 1922 in
982 1890 1135 1921 omnibus
1151 1889 1268 1920 Siciliw
1288 1887 1427 1927 oppidis,
1446 1886 1473 1917 si
1494 1886 1692 1916 Panormum
1717 1887 1800 1911 exel-

188 1940 266 1977 pias,
286 1938 362 1968 boni
379 1938 570 1978 pulchrique
586 1939 719 1974 exstitit,
734 1939 874 1969 deletum
888 1944 945 1972 est.
963 1942 997 1970 ut
1013 1947 1070 1969 nec
1082 1938 1115 1968 in
1129 1946 1164 1968 ea
1180 1936 1444 1975 tabuleafastique
1459 1932 1666 1972 Superiorum
1684 1934 1803 1967 tempo-

187 1997 258 2019 rum
278 1988 468 2026 superstites
486 1991 603 2024 essent,
621 1997 680 2018 nec
695 1988 729 2018 in
741 1991 824 2018 tanta
839 1987 984 2019 barbarie
1001 1995 1157 2018 novorum
1178 1985 1360 2016 conditores
1376 1982 1570 2015 exsisterent
1587 1989 1593 2010 :
1612 1986 1719 2016 neque
1734 1983 1802 2005 vero

189 2041 260 2076 post
275 2039 417 2067 Octavam
434 2037 607 2076 synodum,
628 2045 644 2067 a
656 2044 721 2075 quo
733 2040 876 2075 tempore
893 2036 984 2067 illum
1001 2036 1115 2066 ﬂorere
1132 2034 1266 2073 ccepisse
1282 2032 1487 2073 conjicimus,
1501 2038 1537 2061 ac
1553 2027 1698 2069 profecto
1720 2027 1802 2055 certo

153 2094 159 2097 '
189 2085 362 2116 suademus
375 2088 403 2114 ὲν
414 2087 470 2118 τοῖς
483 2086 703 2121 πρῡλεγομένοις,
719 2084 781 2114 alia
796 2084 893 2124 synod

1062 2093 1086 2114 ιθ
1101 2083 1258 2114 celebrata
1273 2086 1331 2117 est,
1349 2081 1381 2111 in
1406 2088 1469 2120 qua
1499 2078 1554 2109 ille
1575 2077 1733 2124 interesse
1748 2080 1802 2111 po-

189 2133 298 2168 tuerit,
323 2136 357 2163 ut
370 2131 510 2171 aliquam
523 2131 561 2161 de
576 2131 645 2169 ipso
660 2130 744 2162 sicut
763 2132 801 2162 de
817 2132 1042 2170 superioribus
1059 2131 1339 2163 Tauromenitanae
1353 2127 1503 2160 Ecclesia)
1521 2123 1683 2165 episcopis
1697 2130 1737 2153 εἰ
1754 2129 1804 2159 5)"

188 2181 284 2211 nodis
307 2179 451 2212 notitiam
468 2187 637 2218 possemus
652 2179 817 2218 accipere;
835 2179 890 2210 sed
911 2188 975 2210 non
989 2180 1123 2210 omnino
1136 2181 1314 2215 ἀνιστόρητος
1332 2177 1394 2209 erit
1427 2174 1639 2213 TheOphanes
1674 2171 1802 2201 noster:

189 2228 243 2258 sed
261 2227 339 2258 illud
357 2226 498 2266 profecto
509 2226 660 2262 conabor,
677 2227 763 2266 quod
782 2227 974 2267 plerumque
984 2228 1121 2267 pictores
1133 2227 1250 2264 solent,
1264 2226 1318 2265 qui
1336 2234 1406 2257 cum
1427 2223 1563 2255 viventis
1576 2219 1719 2251 hominis
1733 2220 1800 2248 vul-

190 2280 258 2307 tum
275 2276 467 2313 coloresque
483 2274 664 2312 exprimere
682 2283 745 2305 non
762 2275 898 2310 licuerit.
916 2284 954 2306 ex
972 2277 1042 2315 ipso
1061 2275 1180 2307 recenti
1197 2275 1349 2306 cadavere
1363 2273 1557 2304 lineamenta
1571 2269 1708 2318 ducunt.
1725 2269 1804 2318 (ξι-ἐι

191 2328 318 2354 mortuo
337 2323 444 2353 vivum
466 2321 634 2361 effingunt.
648 2322 691 2352 Ita
709 2331 768 2361 ego
785 2331 824 2353 ex
840 2323 889 2353 his
906 2322 1062 2360 homiliis,
1075 2324 1109 2354 in
1126 2323 1246 2362 quibus
1259 2323 1328 2361 ipse
1353 2329 1420 2352 non
1444 2327 1541 2359 pauca
1573 2315 1709 2354 reliquit
1736 2315 1804 2343 vitm

189 2380 258 2402 sua;
269 2380 462 2410 morumque
477 2370 612 2409 vestigia
627 2378 663 2400 ac
678 2369 790 2407 lineas,
809 2371 980 2420 imaginem
1001 2373 1071 2403 vitae
1086 2361 1191 2412 ipsius
1207 2371 1320 2402 ducam
1336 2381 1344 2407 ;
1361 2369 1449 2401 nulla
1465 2371 1513 2399 est
1546 2365 1632 2397 enim
1663 2361 1803 2403 profecto

190 2421 296 2460 imago
312 2419 413 2450 animi
433 2419 538 2450 verior
550 2418 762 2455 etillustrior,
780 2414 873 2458 quam
888 2421 990 2451 oratio
1011 2421 1136 2460 ingenii
1159 2425 1189 2452 et
1217 2420 1317 2451 animi
1346 2418 1451 2458 ipsius
1479 2421 1651 2455 germanus
1684 2414 1803 2452 partus,

189 2469 374 2507 scitumque
393 2472 441 2498 est
456 2467 536 2498 illud
556 2467 707 2498 Demetrii
722 2467 867 2497 Phalerei
887 2478 894 2497 :
912 2469 929 2493 Σ

1064 2470 1114 2496 όνα
1129 2469 1246 2500 ἕκαστος
1273 2469 1321 2504 τῆς
1338 2467 1434 2494 ἑαυτοῦ
1451 2465 1542 2501 ψυχῆς
1565 2464 1670 2508 γράφεξ

191 2516 300 2552 στολὴν,
316 2502 363 2543 altat
379 2516 438 2543 ἐστι
454 2516 504 2551 μὲν
519 2515 568 2542 καὶ
588 2514 620 2548 ἓξ
635 2515 715 2543 ἄλλου
732 2515 812 2549 λόγου
828 2515 928 2547 παντὸς

1063 2512 1128 2550 ἦθος
1139 2514 1185 2540 τοῦ
1206 2502 1370 2549 γράφολιτος.
1388 2511 1542 2550 Idemque
1562 2509 1589 2538 si
1615 2506 1693 2547 quid
1719 2502 1801 2534 aliud

191 2569 292 2599 presse
310 2561 390 2591 ferre
407 2560 486 2590 mihi
504 2560 657 2591 videntur
674 2560 707 2590 hi
724 2559 931 2599 Theophanis
947 2554 1126 2595 sermones,
1143 2567 1181 2588 ex
1198 2559 1318 2598 quibus
1332 2559 1424 2598 quasi
1441 2557 1587 2596 vestigiis
1605 2563 1664 2594 ego
1685 2552 1803 2583 omnia,

191 2617 263 2648 quae
279 2609 316 2638 ad
333 2608 402 2647 ejus
417 2609 562 2647 patriam,
583 2608 736 2638 saaculum
758 2615 824 2646 quo
839 2606 926 2642 vixit,
940 2606 1127 2644 dignitatem
1146 2607 1303 2646 episcOpi,
1323 2607 1613 2646 peregrinationes,
1632 2609 1741 2633 mores
1753 2599 1805 2629 dc-

193 2656 291 2696 nique
306 2664 342 2687 ac
361 2656 466 2687 studia
483 2656 658 2695 pertinent,
677 2655 918 2694 pervestigabo;
933 2663 1027 2693 spero
1040 2659 1146 2686 autem
1177 2658 1323 2692 εὐστόχως,
1339 2655 1364 2686 si
1383 2657 1468 2686 Deus
1490 2653 1620 2694 juverit.
1653 2651 1699 2698 Ne
1733 2654 1803 2698 vero

194 2695 260 2735 uno
277 2704 433 2735 orationis
453 2708 552 2735 tractu
577 2704 687 2735 omnia
711 2704 906 2740 dicerentur,

1062 2703 1213 2738 εἰσαγωγὴν
1227 2709 1284 2731 seu
1302 2703 1444 2738 προοίμιον
1473 2699 1657 2736 εἰσαγωγικδν
1686 2695 1722 2725 in
1749 2695 1802 2723 tria

196 2753 365 2792 prooemia,
378 2752 524 2792 eaquein
540 2753 651 2792 plures
668 2753 762 2784 etiam
780 2755 884 2792 partes
899 2750 1062 2790 diSpertiri
1085 2749 1190 2781 visum
1213 2754 1261 2780 est
1280 2759 1288 2779 :
1306 2749 1352 2779 sic
1364 2748 1450 2779 cnim
1473 2750 1502 2778 et
1531 2745 1662 2777 ttelium
1688 2744 1805 2787 legenti

229 2848 240 2865 ³
256 2847 337 2877 Ειςιί.
355 2855 397 2877 xx,
415 2845 459 2872 3:2.
