1874 3055
142 143 175 175 53
652 145 851 175 FRANCISCl
872 144 1004 174 SCORSI
1027 142 1241 173 PROOEMIUM
1266 141 1290 171 Ι.
1735 136 1772 167 60

175 202 214 228 Ad
231 202 324 237 festum
339 201 368 230 S.
386 201 496 229 Moaica:
507 202 578 228 hom.
592 209 630 234 VI,
641 210 699 236 qua:
708 207 745 229 est
759 203 789 229 de
802 203 858 236 ﬁlio
873 202 969 229 vidurc.

177 238 215 263 Ad
231 232 327 271 'festum
343 237 372 265 S.
384 237 515 264 Barnaba:
525 241 609 268 ripest.
622 232 692 263 hom.
706 245 780 268 LVIII.
793 232 850 271 gua'
864 243 899 264 est
916 238 947 263 de
966 236 996 263 S.
1014 236 1174 263 Pantuleone
1190 236 1215 262 in
1231 235 1298 260 idem
1312 232 1486 266 evangelium.

175 272 215 298 Ad
228 272 322 306 festum
341 272 391 300 SS.
413 271 464 298 Viti
478 278 500 307 et
517 272 673 307 Cresc-entire
688 273 758 298 liom.
771 280 864 301 vaIII.
875 280 933 307 quia
944 277 980 298 est
998 273 1023 297 in
1035 272 1101 297 idem
1113 271 1290 307 evangrlium.

176 308 216 333 Ad
240 307 360 340 Vigiliam
373 308 465 340 Apost.
481 306 553 333 Petri
568 312 592 332 et
603 306 682 333 Pauli
695 308 765 333 Imm.
785 305 885 333 xxvaI'
901 315 958 340 quo:
970 312 1006 333 est
1020 308 1046 332 in
1063 307 1132 333 idem
1145 305 1321 338 evangelium.

176 342 216 367 All
232 339 326 375 festum
344 343 491 369 earumdem
509 345 593 375 «post.
606 342 674 368 hom.
695 349 728 368 Lv
742 361 749 372 ,
766 339 985 376 qumestiuridem
997 341 1103 375 festum.
1117 346 1140 367 et
1168 339 1343 373 evangelium.

177 377 218 403 Art
234 377 512 404 Commemorationem
538 376 566 402 S.
586 376 663 402 Pauli
678 377 749 402 liom.
764 375 838 405 LI'III.
852 385 910 411 (μην
926 381 962 403 εει
978 377 1003 402 in
1017 377 1083 402 idem
1101 375 1271 408 evangelium.

177 413 216 437 Ad
231 413 284 438 dies
299 411 368 445 infra
383 416 501 438 octavam
516 411 667 437 earumdem
682 416 765 444 aposl.
783 409 861 438 omn;
872 418 927 444 XLI,
940 419 998 446 quia
1009 416 1047 437 est
1064 411 1094 437 de
1110 411 1231 437 omnibus
1247 409 1358 436 sanctis.

177 447 217 472 Ad
235 447 329 480 festum
342 446 370 473 S.
388 447 474 473 Alexii
491 446 649 479 confessoris
664 446 734 472 Itoni.
749 446 850 473 cadent.

177 482 218 507 Ad
230 482 324 515 [cs/um
336 481 365 508 S.
387 481 479 516 Jacobi
490 487 575 514 apost.
588 481 659 507 hom.
672 488 744 510 xxiv.
755 489 813 514 qua:
830 481 944 516 continet
957 481 1027 507 idem
1040 480 1214 516 evangelium.

178 517 218 542 Ad
239 516 333 550 festum
352 515 380 543 S.
399 515 511 542 Martha:
524 516 594 541 hom.
611 523 654 545 Lx.
668 523 726 550 qua:
742 521 777 542 est
793 515 818 542 in
834 515 902 541 idem
923 515 1097 550 evangelium.

177 551 218 577 Ad
237 551 332 585 festum
346 551 376 577 S.
395 550 467 576 Petri
480 551 514 576 ad
535 549 645 576 Vincula
666 549 735 576 hom.
750 557 793 580 LV,
812 558 869 584 qure
884 555 921 576 est
932 551 958 577 in
972 549 1039 576 idem
1052 550 1226 583 evangelium.

179 586 217 612 Ad
229 583 323 620 [etiam
343 585 718 620 TransﬁgarmionisDomini
733 585 803 620 liam.
818 583 880 615 ω.
891 594 919 619 (μ

733 585 803 620 liam.
818 583 880 615 ω.
891 593 949 619 quae
965 591 1003 612 est
1018 586 1046 611 in
1061 586 1128 612 idem
1142 585 1235 619 festum
1252 589 1275 611 et
1289 583 1462 620 evangelium.

178 621 218 646 Ad
229 617 234 620 ’
245 621 367 655 Vigiliuni
384 617 576 653 Assuntptionis
591 619 623 646 Β.
642 619 737 646 Marica
758 619 870 654 Virginis
887 617 957 646 liam.
975 628 1019 651 ιιι,
1033 628 1090 654 qua:
1104 617 1217 646 continet
1232 627 1264 646 ex
1274 617 1432 654 parte'ident
1450 617 1623 652 evangelium.

178 654 219 680 Αιι
235 656 330 689 festum
342 656 475 687 Assumpt.
489 655 605 687 ejusdem
629 654 698 680 Imm.
716 656 817 685 eadem,
834 662 891 687 qua
906 655 979 681 estin
1000 654 1067 681 idem
1082 655 1176 689 festum
1190 659 1214 681 et
1227 654 1399 689 evangelium.

178 691 219 716 Ad
235 688 330 721 festum
350 690 379 716 S.
394 689 578 716 Bartliolonuei
599 695 682 722 apost.
697 689 768 715 hom.
781 697 816 721 LI,
830 697 888 724 qua!
904 690 1015 716 continet
1026 695 1125 722 partem
1146 688 1260 723 ejusdem
1277 688 1415 722 evangelii.

179 725 220 750 Ad
234 726 327 757 Ῑεειιιιιι
348 725 532 759 Decollatiouis
546 723 577 751 S.
595 724 639 750 .lo.
658 723 783 757 Baptistae
807 722 877 752 hom.
895 732 1020 759 th,qua:
1033 729 1070 751 est
1086 726 1113 751 in
1125 725 1192 751 idem
1210 724 1304 758 festum
1319 728 1343 750 et
1363 722 1537 756 evangelium.

179 760 219 786 Ad
232 761 326 794 fectum
342 759 395 786 SS.
415 758 517 794 Felicis
525 759 674 794 et‘igiduucti
691 763 838 794 martyrum
860 759 931 786 Imm.
945 758 1037 790 vauI,
1058 767 1116 793 qua:
1141 763 1179 785 est
1191 759 1217 785 in
1233 759 1300 786 idem
1315 759 1486 793 evangelium.

179 795 220 820 Ad
232 792 487 828 ῙεειιιηιΝυιίυἰιαιὶε
504 793 534 821 Β,
555 792 668 828 Virginis
689 792 831 824 Ιιοηιίκιν,
842 801 899 828 quin
913 798 949 820 est
960 795 986 820 in
996 795 1064 821 idem
1077 793 1250 828 evangelium.

179 829 219 854 Ait
229 830 323 864 festum
335 829 426 855 Enati.
444 828 473 856 S.
494 828 579 855 crucis
594 830 665 855 hom.
678 836 714 859 Iv.
731 836 788 862 qua:
799 833 836 855 est
847 829 873 854 in
887 829 953 855 idem
965 829 1075 863 festum.

180 863 220 890 Ad
235 865 329 897 festum
343 864 372 890 S.
389 863 524 890 Francisci
534 864 690 896 confessoris
709 864 778 890 liam.
794 871 848 894 LIV,
866 871 924 897 quis
935 869 973 890 est
989 865 1015 891 in
1036 864 1102 890 idem
1114 871 1285 896 evangeutum.

181 898 222 925 Ad
233 896 327 933 festum
342 898 371 926 S.
390 898 468 925 Luca:
481 906 571 933 evang:
588 898 658 925 hom.
676 905 768 930 XLVIII,
779 905 836 932 quit:
847 896 927 925 estde
940 899 1062 926 missione
1075 901 1187 925 duorum
1200 904 1223 925 et
1239 898 1404 932 septuaginta
1419 896 1622 933 discipulorum.

181 933 222 959 Αιι
232 929 325 967 festum
335 933 386 962 SS.
396 933 510 961 Simonis
520 929 630 959 etlludrv
639 939 721 965 apost.
734 929 804 959 hom.
816 941 869 961 LVI.
878 941 935 967 quw
946 939 983 960 est
995 935 1020 960 in
1029 934 1075 960 illa
1087 934 1162 960 verba
1171 941 1180 960 :
1189 933 1251 960 Hcce
1263 929 1358 960 mando
1371 933 1451 965 vobis,
1464 929 1490 959 ui
1500 931 1614 966 diligatis
1626 929 1748 956 invicem.
1768 937 1777 952 |

180 967 221 994 Ad
233 968 326 1003 festum
343 969 467 995 Omnium
481 967 638 994 Sanctorum
662 970 732 995 hom.
755 975 790 1001 LI,
806 976 862 1001 qua:
877 974 914 994 est
931 969 962 995 de
976 968 1191 995 beatitudinibus.

183 1001 330 1036 Att-festum
346 1002 375 1030 S.
396 1003 506 1029 Martini
527 1004 605 1037 episc.
624 1004 695 1030 lium.
710 1010 773 1035 XLII,
787 1010 844 1037 gnw
857 1007 894 1029 est
905 1004 932 1029 in
947 1003 995 1030 illa
1011 1003 1087 1030 verba
1103 1011 1112 1030 :
1126 1013 1134 1028 ι
1151 1003 1268 1029 Lucerna
1286 1003 1402 1037 corporis
1416 1007 1453 1029 est
1465 1001 1566 1028 oculus.
1590 1009 1599 1025 ι

184 1038 225 1064 Ad
246 1040 339 1073 [estunt
351 1038 380 1065 S.
396 1037 514 1072 Gregorii
529 1036 718 1072 T/mumaturgi
737 1036 833 1069 Ιιοιιιηι,
845 1045 921 1070 χχιιι,
937 1047 994 1073 qum
1004 1039 1117 1065 continet
1133 1038 1201 1065 idem
1216 1037 1387 1072 evangelium.

184 1073 226 1099 Ad
241 1081 375 1100 commune
386 1074 535 1108 vigiliarum
556 1073 633 1099 unius
644 1073 756 1106 apostoli
768 1072 839 1099 liom.
860 1080 914 1105 LVI,
935 1072 992 1108 gnte
1003 1080 1040 1100 est
1055 1074 1082 1100 in
1104 1074 1170 1108 idem
1188 1073 1361 1108 evangelium.

184 1108 226 1134 Ad
244 1116 378 1135 commune
394 1106 471 1134 unius
491 1106 617 1141 Martyris
643 1109 712 1133 liam.
731 1115 798 1138 XXII,
815 1115 872 1140 qua:
886 1106 958 1134 estin
976 1116 1066 1143 evang.
1088 1117 1097 1133 ι
1116 1107 1144 1135 Si
1157 1108 1213 1142 quis
1238 1108 1290 1134 vult
1303 1107 1388 1143 venire
1406 1111 1463 1143 post
1481 1113 1529 1132 mc.
1549 1114 1557 1130 ι

182 1143 225 1169 Ad
238 1150 374 1169 commune
384 1143 498 1176 plurium
518 1138 662 1176 nmityrnm
683 1143 752 1168 hom.
770 1138 894 1176 LI,'qua'
907 1148 942 1170 εει
955 1142 981 1168 in
997 1138 1086 1170 event.
1109 1151 1118 1168 ‹
1138 1138 1299 1169 Descendens
1314 1140 1393 1168 Jesus
1406 1138 1436 1167 de
1453 1144 1548 1171 monte.
1571 1148 1579 1165 ι
1595 1144 1618 1166 ει
1638 1138 1711 1164 hom.
1733 1143 1781 1164 LIV

219 1178 246 1204 in
259 1177 325 1204 illud
342 1185 351 1204 ε
370 1186 379 1202 ‹
398 1177 530 1210 Conﬁteor
548 1176 603 1208 tibi,
617 1177 725 1203 Domine
745 1176 835 1208 Pater,
851 1187 859 1202 ι
877 1183 899 1204 ει
916 1185 1006 1208 vauI,
1022 1186 1030 1203 ι
1050 1152 1101 1210 ῥΙιιί
1119 1186 1162 1205 vos
1180 1178 1251 1204 antiit
1271 1184 1308 1203 me
1325 1178 1410 1206 audit.
1429 1180 1480 1202 etc.
1499 1184 1508 1200 ι
1739 1203 1743 1207 ,

219 1178 246 1204 in
259 1177 325 1204 illud
342 1185 351 1204 ε
370 1186 379 1202 ‹
398 1177 530 1211 Conﬁteor
548 1176 603 1208 tibi,
617 1177 725 1203 Domine
745 1176 835 1208 Pater,
851 1187 859 1202 ι
877 1183 899 1204 ει
916 1185 1006 1208 XLVI”,
1022 1186 1030 1203 ι

1076 1179 1101 1204 ui
1119 1186 1162 1205 vos
1180 1178 1251 1204 audit
1271 1184 1308 1203 me
1325 1178 1410 1206 audit.
1429 1180 1480 1202 etc.
1499 1184 1508 1200 ι

183 1213 224 1239 Aa
238 1220 372 1239 commune
386 1212 498 1246 confess.
519 1212 614 1246 pontif.
628 1213 698 1238 liom.
720 1219 782 1244 λιιι,
798 1220 855 1244 qua:
868 1216 905 1239 est
920 1213 947 1238 in
962 1221 1052 1246 euang.
1071 1222 1079 1238 ε
1095 1212 1211 1239 Lucerna
1227 1211 1343 1244 corporis
1357 1216 1393 1237 est
1411 1211 1512 1237 oculus.
1529 1218 1538 1235 ι

184 1249 227 1275 Ad
241 1255 375 1274 commune
386 1243 497 1281 confess.
509 1243 559 1271 non
569 1243 664 1280 ponti/1
687 1248 757 1273 hom.
774 1243 829 1278 XLI,
844 1255 902 1281 qua:
920 1243 1143 1280 continelEvaug.
1159 1257 1167 1272 |
1192 1247 1256 1273 Ecce
1268 1254 1314 1273 no.»
1323 1245 1476 1280 reliquimus
1491 1243 1590 1271 omnia.
1612 1253 1621 1269 I

185 1283 224 1308 Ad
242 1282 451 1309 anniversarium
466 1281 646 1316 Dedicationis
663 1281 796 1313 Ecclesia},
807 1282 877 1308 hom.
890 1290 934 1314 xv,
951 1290 1009 1316 quo:
1020 1288 1055 1308 est
1073 1283 1104 1309 de
1122 1281 1262 1309 Zacrltazo.

183 1318 225 1344 Ad
237 1317 396 1350 evangelium
412 1318 444 1342 de
502 1315 629 1352 Trinitate
644 1318 671 1343 in
686 1317 771 1342 missis
784 1315 875 1352 votivis
892 1315 961 1352 liam.
973 1324 1014 1344 LVI
1038 1322 1150 1352 qutuﬁest
1166 1317 1303 1352 inieailent
1320 1315 1408 1352 verba.

184 1352 225 1378 Ad
237 1360 329 1385 evang.
346 1352 377 1377 de
392 1351 491 1385 angelis
507 1350 577 1385 hom.
592 1359 665 1384 xLIx,
681 1359 739 1385 qua:
754 1356 791 1377 est
806 1351 832 1377 in
847 1351 938 1377 cadent
949 1353 1025 1378 verba
1037 1350 1048 1378 :V
1067 1361 1076 1377 ι
1098 1350 1167 1378 Vidit
1182 1351 1260 1379 Iesus
1278 1350 1442 1379 Nathanael.

184 1387 226 1413 Ad
240 1384 331 1420 evang.
344 1385 375 1412 tle
389 1385 418 1412 S.
429 1384 516 1412 ’Cruce
528 1384 599 1412 hum.
616 1384 691 1417 XXIV,
701 1393 758 1419 qute
774 1390 811 1412 est
826 1386 854 1412 in
870 1389 962 1412 eadem
974 1386 1062 1414 verba.

184 1422 227 1448 Ad
240 1429 331 1454 euang.
345 1422 376 1446 de
391 1420 526 1451 Passieno.
543 1420 612 1447 hom.
630 1428 714 1452 xxv“,
725 1428 783 1453 quw
797 1425 834 1446 est
850 1421 882 1447 de
894 1421 994 1447 eadem.

186 1455 228 1483 Ad
239 1463 329 1490 evang.
341 1455 372 1482 de
389 1455 420 1482 Β.
443 1454 547 1490 Virgine
555 1456 626 1483 Ιιοηι.
642 1463 700 1488 LIII,
712 1462 771 1490 quw
785 1459 822 1483 εει
838 1455 870 1482 de
884 1455 1101 1489 Annuntiatione,
1116 1461 1139 1483 et
1160 1457 1230 1484 Itoni.
1244 1465 1289 1489 Lx,
1310 1465 1368 1490 quin
1386 1461 1422 1483 εει
1438 1457 1470 1483 de
1491 1455 1688 1488 Assumptionc.

544 1652 994 1711 PROOEMIUM
1056 1653 1390 1710 PRIMUM

847 1765 1087 1797 ΕΙΣΛΓΩῙΊΚΟΝ,

640 1844 692 1874 DE
710 1844 1062 1877 TAUROMENITANA
1082 1844 1285 1877 ECCLESIA.

293 1993 306 2030 ε
329 1993 348 2021 1.
369 1993 497 2022 Politicus
514 1993 683 2022 Tanromenii
701 1999 799 2023 status.

186 2040 254 2069 Cum
269 2040 525 2068 Tauromenitanum
548 2041 780 2076 archiepiscopum
798 2041 940 2077 Theopha-

152 2094 214 2114 nem
231 2086 282 2114 lIoc
295 2094 365 2114 novo
374 2093 456 2122 opere
466 2094 481 2114 ε
493 2086 611 2114 tenebris
624 2093 781 2114 revocemus
794 2087 820 2113 in
840 2086 939 2119 lucem,

152 2133 240 2160 visum
264 2137 306 2160 est
328 2132 458 2167 optimum
483 2132 567 2166 factu,
589 2133 612 2160 si
637 2133 728 2160 eadem
747 2140 829 2167 opera
853 2132 939 2167 ipsam

153 2177 408 2206 Tauromenitanam
419 2179 554 2206 civitatem
565 2183 591 2206 et
604 2178 750 2206 Ecclesiam
763 2186 778 2206 e
791 2179 847 2206 suis
858 2185 940 2213 prope

153 2222 295 2249 ruderibus
322 2229 354 2249 ac
380 2223 483 2250 tumulo
508 2223 698 2252 exeitaremus.
725 2223 793 2250 Nam
820 2223 940 2258 profecto

154 2268 224 2295 idem
241 2276 330 2301 casus,
347 2269 404 2296 sive
419 2270 513 2297 cadem
530 2269 689 2298 Saraceuica
705 2270 805 2302 clades,
822 2278 882 2304 quae
896 2277 940 2298 sc-

154 2313 215 2340 dem
233 2313 412 2348 episcopalem
430 2314 573 2347 convulsit,
590 2315 675 2349 ipsam
701 2315 782 2342 etiam
805 2314 940 2342 civitatem

155 2358 259 2392 afﬂixit,
275 2367 360 2394 eaque
376 2368 436 2387 cum
456 2368 505 2387 suo
520 2360 685 2396 Theophane
702 2368 784 2396 prope
797 2366 941 2389 contumu-

155 2406 208 2432 lata
225 2412 277 2434 est.
292 2406 320 2433 Si
343 2407 403 2441 quis
425 2406 495 2434 enim
511 2406 601 2441 oppidi
622 2407 795 2435 Tauromenii
818 2407 942 2435 substru-

155 2452 259 2479 ctiones
281 2452 408 2480 Romanu:
425 2452 616 2487 magnitudinis
631 2460 712 2488 opera
732 2453 901 2486 aamulantes,
919 2453 942 2481 si

157 2498 218 2531 quis
233 2498 348 2525 civitatis
366 2498 550 2532 splendorem,
566 2499 638 2526 sedis
652 2499 811 2534 episcopalis
826 2499 942 2534 dignita-

158 2548 223 2576 tem,
240 2552 300 2578 qua:
317 2544 358 2572 vel
378 2552 463 2579 usque
479 2545 511 2572 ad
530 2544 702 2579 Theophanis
717 2545 803 2573 nostri
823 2548 943 2580 teinpora

158 2590 312 2623 viguerant,
337 2591 422 2618 oculis
447 2591 598 2625 animisque
621 2591 828 2626 contempletur,
850 2599 942 2619 verum

159 2635 224 2662 illud
242 2637 275 2663 ab
291 2637 410 2663 Ausonio
425 2636 525 2663 dictum
542 2635 707 2663 existimabit
724 2644 731 2662 :

160 2681 288 2709 Miremur
319 2683 428 2716 periisse
451 2683 579 2716 homines,
605 2687 775 2708 monumenta
800 2682 940 2716 fatiscunt.

264 2717 336 2744 Mors
352 2718 430 2745 etiam
443 2719 515 2745 saxis
536 2717 735 2752 nominibusque
755 2719 832 2744 venit.

160 2773 218 2801 Non
245 2774 313 2801 idem
340 2774 457 2801 civitatis
481 2781 577 2808 corpus
604 2781 675 2801 nunc
698 2781 852 2809 superesse,
874 2775 944 2809 quod

160 2825 223 2846 ante
238 2819 282 2846 illa
300 2825 418 2854 tempora
436 2820 548 2851 vixerat,
566 2820 611 2847 sed
627 2819 716 2846 adhuc
737 2820 843 2854 spirans
862 2821 944 2848 cadu-

161 2872 208 2894 νει·
221 2866 291 2894 illius
307 2875 314 2894 :
330 2870 357 2894 ct
370 2866 479 2895 omnino
499 2866 569 2900 quod
590 2866 622 2894 de
640 2865 722 2894 veteri
744 2865 827 2894 ltouia
844 2871 881 2894 tot
899 2867 941 2894 iu-

992 1994 1165 2027 cursionihus
1187 1993 1366 2021 Barbarorum
1389 1997 1491 2020 vastata
1515 1993 1614 2020 dictum
1633 1992 1693 2025 iniit,
1710 1992 1786 2020 Tau-

992 2041 1143 2067 romenium
1171 2040 1199 2066 in
1227 2039 1409 2067 Tauromenio
1443 2039 1610 2073 quaeritabis.
1640 2039 1731 2072 Quarc
1760 2045 1786 2067 et.

991 2087 1108 2122 suscepti
1125 2088 1215 2122 operis
1233 2087 1390 2121 magnitudo
1405 2086 1437 2113 ad
1459 2086 1721 2114 commendationem
1741 2086 1785 2113 sui

992 2133 1121 2169 postulat,
1140 2139 1168 2161 ut
1192 2133 1270 2161 sicuti
1296 2133 1498 2168 magniﬁcarum
1522 2133 1619 2159 aedium
1643 2140 1675 2159 ex
1694 2132 1787 2159 fronte

991 2184 1072 2214 atque
1088 2179 1239 2212 vestibulis,
1253 2179 1294 2205 sic
1314 2178 1400 2213 ipsius
1413 2178 1455 2205 vel
1477 2178 1510 2205 ah
1531 2179 1589 2212 ipso
1604 2178 1676 2218 aditu
1693 2178 1785 2212 prima

991 2225 1109 2260 cognitio
1125 2229 1154 2253 ct
1167 2225 1310 2253 admiratio
1323 2225 1504 2260 accipiantur;
1519 2232 1580 2251 cum
1597 2224 1738 2256 nimirum,
1755 2225 1782 2251 iu

991 2279 1043 2306 qua
1062 2271 1171 2299 civitate
1188 2271 1319 2304 ﬂoruerit,
1335 2278 1389 2305 quo
1406 2270 1504 2298 throno
1523 2270 1686 2305 conspicuus
1700 2270 1786 2297 fuerit

992 2315 1171 2352 Theophanes
1182 2316 1348 2352 intelligatur
1358 2323 1365 2342 :
1377 2316 1668 2344 et-houestissirnorum
1683 2317 1786 2344 civium

993 2362 1284 2389 Tauromenitanorum
1309 2369 1341 2388 ac
1360 2360 1510 2394 praesertim
1535 2360 1651 2388 civitatis
1674 2365 1785 2395 patrum

993 2407 1191 2439 muniﬁcentia,
1212 2415 1272 2442 quae
1289 2407 1353 2434 huic
1373 2407 1447 2441 operi
1465 2407 1587 2441 impenso
1607 2414 1661 2434 are
1675 2407 1786 2441 publico

994 2460 1046 2480 non
1063 2459 1157 2487 parum
1181 2452 1329 2486 adiumenti
1352 2451 1475 2484 contulit,
1500 2459 1548 2479 suo
1561 2452 1624 2486 jure
1641 2459 1786 2487 promere--

994 2502 1048 2530 tur,
1065 2503 1095 2525 ut
1109 2498 1204 2525 civitas
1222 2498 1273 2525 illis
1292 2505 1351 2530 sua,
1367 2505 1427 2532 qua:
1447 2498 1561 2533 propriis
1576 2505 1643 2533 pene
1660 2498 1785 2526 funerata

994 2544 1079 2571 ruinis
1091 2543 1173 2578 jacet.
1189 2543 1238 2571 hac
1253 2548 1354 2575 nostra,
1371 2551 1537 2578 quaecunque
1556 2544 1662 2572 tandem
1678 2544 1723 2572 illa
1739 2545 1785 2576 sit,

994 2589 1081 2624 opella
1099 2590 1252 2617 reviviscat.
1267 2589 1353 2624 Igitur
1367 2596 1381 2615 a
1395 2589 1542 2622 primordio
1555 2596 1613 2615 eam
1633 2593 1660 2616 et
1669 2589 1702 2616 ah
1718 2589 1787 2624 ipsis

995 2635 1178 2663 fundamentis
1191 2635 1373 2670 redintegrare
1389 2635 1538 2670 aggrediar.
1553 2634 1658 2662 Etenim
1674 2635 1697 2662 si
1714 2637 1786 2663 anti-

996 2680 1125 2714 quitatem
1139 2679 1313 2707 Tauromenii
1334 2680 1518 2719 exquiramus,
1534 2680 1597 2707 illud
1613 2681 1668 2715 jam
1686 2680 1750 2708 inde
1770 2689 1785 2708 a

998 2724 1116 2760 Dionysii
1134 2724 1326 2760 Syracusarum
1346 2725 1451 2759 tyranni
1475 2725 1589 2758 iunioris
1613 2729 1784 2759 tempestate,

998 2771 1076 2798 anuis
1088 2775 1150 2797 ante
1161 2770 1298 2797 CliriStum
1308 2775 1399 2798 natum
1410 2770 1472 2801 468,
1482 2771 1641 2798 altissimqu
1654 2771 1679 2797 in
1692 2778 1786 2799 monte

1001 2817 1089 2844 Tauro
1106 2821 1184 2852 caput
1206 2825 1336 2849 crcnssc,
1351 2821 1377 2844 ct
1390 2825 1421 2844 cx
1438 2817 1594 2854 vetusioris
1610 2817 1700 2852 oppidi
1719 2818 1785 2845 Naxi

998 2863 1094 2897 ruinis,
1116 2868 1144 2891 ut
1170 2864 1296 2899 pleraque
1321 2864 1473 2892 mortalium
1499 2864 1645 2901 habentur,
1669 2871 1786 2897 quorum
