1874 3055
77 166 104 198 61
586 161 786 194 FRANCISCI
807 162 817 192 ξ

983 157 1177 190 ROGJMIUM
1199 155 1222 187 Ῑ.
1685 145 1720 177 02

81 232 153 253 unum
169 231 202 252 ex
216 222 333 250 alterius
351 222 465 250 interitu
481 221 612 256 nascitur,
628 221 775 248 excitatum
792 227 870 248 com-

84 271 220 305 periemus.
237 269 279 296 Ac
300 277 399 304 parum
421 268 466 296 hic
481 268 512 296 ad
532 275 587 295 rem
603 268 722 303 pertinet
738 271 870 299 nostram,

86 323 165 345 utrum
180 315 272 343 Naxus
287 323 321 343 eo
338 316 397 342 loco
409 315 460 343 sita
473 314 564 346 fuerit,
582 315 625 342 ubi
644 322 715 341 nuttc
732 313 871 341 castellum

87 363 243 397 conspicitur
271 361 345 396 vulgi
374 360 554 396 appellatione
581 361 606 386 to
637 359 730 387 Schiso
758 359 872 390 dictum,

87 409 150 444 quod
166 407 270 435 duobus
285 406 398 434 circiter
417 405 535 433 millibus
554 412 569 432 a
582 404 766 431 Tauromenio
780 403 873 434 distat,

89 462 113 483 nt
124 454 238 482 Thomas
251 453 378 481 Fazellus
395 454 508 488 ejusque
522 451 633 479 asscclaa
648 454 823 479 censuerunt.
839 455 873 475 an

90 502 219 535 aliquanto
231 499 349 534 longius.
364 499 483 533 quinque
497 497 601 525 scilicet
617 496 779 524 milliaribus
795 494 875 522 dissi-

91 552 141 573 tuin
158 545 248 577 fuerit,
264 545 335 579 quod
361 543 504 577 Philippus
528 540 682 573 Cluverius,
697 537 875 574 diligentissi-

92 599 145 620 mus
169 590 268 618 veteris
290 589 390 616 Sicilia
411 588 619 623 pervestigator,
643 585 755 617 scribit,
777 583 823 619 qui
848 585 877 610 et

94 636 239 672 opinionem
257 635 409 670 superioris
431 634 573 668 scriptoris
588 641 620 660 ex
639 631 780 660 ltinerario
794 631 877 657 Auto-

95 683 142 710 nini
157 682 263 710 refellit.
279 681 388 709 Certum
406 680 480 712 illud,
494 684 521 707 et
538 686 553 706 a
569 679 690 713 probatis
706 676 875 708 auctoribus,

95 727 228 758 Strabone,
255 726 303 754 lib.
330 733 367 758 vt,
397 725 524 758 Diodoro,
553 723 599 751 lib.
626 731 683 756 va,
708 720 874 757 Thucydide,

94 773 135 800 lib.
151 780 184 804 vr,
200 771 347 799 Plutarcho
366 771 392 798 in
409 770 570 798 Timoleonta
590 777 599 796 :
616 776 648 796 ex
664 775 718 802 quo
730 766 876 794 conﬁrma-

95 823 135 844 tur
149 817 265 844 narratio
279 815 314 842 de
328 814 504 842 Tauromeuii
521 813 626 848 origine
641 812 720 839 allata
732 819 747 837 a
762 810 877 837 Diodoro

95 864 149 890 loco
160 862 213 898 jam
230 861 317 893 dicto,
341 867 427 894 eaque
443 859 532 895 potior
552 863 579 885 ct
593 859 684 886 verior
705 856 878 884 existimatur

95 915 169 942 quam
192 914 252 942 quae
271 906 388 934 traditur
402 906 436 932 ab
450 905 545 932 eodem
570 903 611 930 sui
636 910 730 938 parum
748 907 878 932 memore,

96 953 138 980 lib.
158 960 213 985 xlv,
236 959 251 980 a
275 952 396 980 secunda
412 951 531 978 diversa.
554 949 601 976 His
623 948 707 984 igitur
724 946 879 974 auctoribus

97 1000 149 1026 hac
173 997 312 1026 aﬂerimus
334 1007 341 1025 :
365 1004 379 1024 a
409 996 528 1023 Theorle
554 993 713 1022 Atheniensi
741 992 877 1019 comlitum

97 1044 205 1075 Naxum,
229 1044 274 1078 qui
299 1050 361 1086 eum
385 1041 419 1069 ab
441 1041 564 1070 instituto
581 1047 661 1068 cursu
684 1040 710 1066 in
731 1047 763 1066 ea
789 1038 878 1064 littora

97 1091 178 1119 ventis
199 1095 271 1118 esset
294 1084 433 1123 abreptus,
450 1095 566 1122 cumque
589 1086 640 1114 soli
665 1086 813 1113 bonitatem
831 1084 880 1110 ad-

96 1137 228 1169 vertisset,
249 1139 277 1163 et
300 1134 456 1162 Siculorum
477 1134 503 1160 in
527 1140 560 1160 eo
583 1132 696 1160 colendo
719 1130 880 1166 segnitiem,

97 1184 197 1210 domum
214 1188 349 1214 reversus,
365 1187 426 1208 cum
449 1178 671 1211 Atheniensibus,
694 1177 730 1205 uti
746 1176 879 1204 coloniam

98 1236 127 1257 eo
138 1229 284 1271 mitterent,
300 1226 465 1261 persuadere
487 1233 540 1252 non
556 1225 699 1258 potuisset,
716 1223 801 1251 ast-ito
824 1228 882 1248 ma-

99 1268 147 1309 gno
164 1272 385 1301 Chalcidensium
408 1270 546 1298 Lubacam
567 1269 684 1297 insulam
708 1268 881 1296 incolentium

99 1327 218 1351 numero,
233 1318 326 1346 louum
344 1317 407 1345 item
421 1322 448 1345 et
465 1315 651 1348 Doriensium,
665 1321 779 1350 quorum
798 1312 883 1346 major

98 1374 156 1402 pars
177 1366 350 1401 Megarenses
371 1369 460 1397 erant,
487 1364 513 1391 iu
540 1363 661 1391 Siciliam
686 1360 833 1395 navigavit,
857 1364 884 1386 et

99 1411 286 1439 Chalcidenses
309 1410 417 1445 quidem
440 1409 557 1441 Naxum,
581 1408 726 1436 Dorienses
749 1406 883 1441 Megaram

98 1456 250 1489 condidere,
266 1455 347 1490 idque
361 1454 507 1490 contigisse
520 1462 592 1481 anno
607 1458 669 1480 ante
684 1451 822 1479 Christum
836 1458 886 1477 na-

100 1507 151 1529 tum
167 1501 230 1534 756,
243 1505 305 1536 post
316 1500 464 1534 Troianum
478 1499 576 1527 bellum
588 1499 652 1526 448.
664 1496 806 1525 Cluverius
820 1495 887 1523 scri-

100 1548 144 1579 bit,
159 1554 222 1574 cum
235 1554 322 1574 annos
335 1546 388 1573 3'53
409 1545 501 1573 Naxus
517 1545 649 1577 stetisset,
666 1542 773 1570 laudent
795 1549 810 1568 a
827 1541 888 1568 Dio-

98 1593 173 1628 nysio
197 1593 394 1628 Syracusarum
417 1595 530 1628 tyranno
543 1591 661 1626 juniore,
677 1589 749 1624 quod
770 1587 828 1622 ejus
843 1593 887 1622 ty-

100 1640 201 1668 rannidi
228 1639 335 1668 infensa
359 1639 454 1667 civitas
470 1639 504 1666 ab
528 1645 560 1666 eo
581 1637 749 1669 descivisset,
765 1641 887 1663 eversam

100 1693 163 1714 esse.
179 1685 265 1720 Igitur
279 1689 340 1720 post
355 1684 421 1712 Naxi
437 1684 572 1712 excidium
589 1690 661 1710 anno
675 1682 720 1714 57,
735 1681 888 1708 Androma-

101 1733 172 1765 chns,
193 1732 291 1759 Titntei
315 1731 447 1764 historici,
464 1738 543 1766 quem
558 1730 650 1757 laudat
665 1729 700 1757 Μ.
717 1728 822 1756 Tullius
842 1727 887 1754 lib.

100 1780 136 1807 De
149 1783 230 1813 orat.,
245 1784 334 1814 pater,
347 1778 470 1806 exsulum
489 1777 616 1812 reliquias
629 1777 692 1803 hinc
704 1776 765 1803 inde
777 1781 886 1809 cogens,

101 1831 214 1854 montem
233 1825 366 1856 Taurum,
379 1824 414 1851 ab
428 1823 497 1850 tauri
513 1823 600 1850 forma
613 1822 725 1853 dictum,
740 1821 794 1848 illis
812 1819 889 1847 habi-

103 1872 205 1899 tandum
231 1869 320 1902 dedit,
335 1869 406 1904 quod
431 1876 446 1895 a
464 1868 545 1903 longo
569 1867 698 1902 temporis
721 1868 820 1901 spatio,
838 1872 891 1900 quo

102 1918 135 1945 ibi
160 1916 322 1945 substiterat
352 1914 562 1942 Tauromenium
588 1921 603 1940 a
620 1918 697 1940 tauro
711 1917 738 1940 et
751 1912 892 1945 ntancndo,

102 1963 189 1992 Graec
198 1963 257 1991 ἀπὸ
265 1962 316 1998 τῆς
327 1961 374 1988 ἐπὶ
385 1960 492 1996 Ταύρου
506 1961 592 1996 μονῆς
603 1959 764 1995 appellatum
776 1967 783 1986 :
794 1964 820 1986 et
830 1966 891 1986 cutn

103 2009 194 2038 subitis
215 2009 346 2044 oppidum
371 2007 547 2034 incrementis
574 2005 670 2034 ﬂorere
692 2005 829 2040 coepisset,
853 2005 893 2032 fa-

104 2061 172 2084 ctum
195 2060 239 2082 est
265 2059 296 2081 ut
314 2057 353 2081 .et
380 2053 477 2081 incolas
508 2052 632 2088 ingentes
658 2059 723 2086 opes
746 2057 774 2078 et
799 2052 894 2078 civitas

106 2101 260 2136 dignitatem
275 2098 470 2134 amplissimam
485 2098 536 2126 sibi
548 2101 729 2133 compararet.
745 2097 833 2131 Atque
851 2097 895 2125 hic

105 2153 143 2176 est
156 2145 333 2174 Tauromenii
351 2150 438 2178 ortus,
458 2145 515 2172 ha:c
532 2144 649 2172 nominis
672 2143 760 2179 origo.
778 2142 855 2176 Quod
872 2143 895 2170 si

105 2193 214 2226 Plinius,
241 2191 364 2225 Colonia,
395 2190 493 2226 inquit,
518 2190 732 2222 Tauromenium,
751 2197 810 2225 qua:
835 2179 896 2216 ante

107 2241 152 2276 {ait
167 2239 283 2273 Naxos;
302 2243 330 2266 et
351 2238 461 2266 Solinus
483 2237 573 2265 itidem
596 2236 734 2264 Coloniam
750 2235 897 2264 Taurome-

107 2288 188 2318 nium,
205 2294 288 2321 quam
303 2285 383 2319 prisci
400 2283 507 2311 Naxum
522 2285 665 2317 uocabant,-
685 2284 707 2311 si
723 2283 756 2311 tle
778 2290 842 2315 uno,
855 2271 897 2309 iu?-

107 2339 194 2367 quam,
207 2330 468 2365 eodemquepppido
479 2334 506 2357 et
518 2330 612 2357 eodem
626 2330 678 2357 situ
688 2330 776 2364 posito
786 2329 898 2364 loquan-

108 2383 157 2410 tur,
173 2378 233 2405 falsi
248 2382 327 2410 sunt;
344 2376 367 2404 si
387 2376 420 2402 ad
439 2375 509 2403 hunc
525 2375 690 2403 intellectum
712 2375 897 2406 traducantur,

107 2428 134 2452 ut
144 2431 176 2452 ex
187 2423 340 2451 Naxiorum
352 2421 458 2449 colonia
472 2419 681 2448 Tauromenium
697 2424 787 2447 ortum
803 2419 897 2452 velint,

108 2469 171 2497 veri.
196 2468 335 2496 Caeterum
361 2465 521 2501 etymologia
554 2472 634 2500 quam
660 2463 785 2491 Fazellus
815 2463 900 2490 refert

109 2517 215 2545 omnino
238 2515 332 2549 inepta
354 2517 419 2541 est:
437 2511 640 2539 Tauromenium
665 2510 775 2543 dictant,
801 2510 898 2544 inquit,

109 2562 179 2597 quasi
202 2561 276 2588 tauri
300 2560 436 2594 fortitudo.
459 2557 529 2586 Nam
551 2564 649 2584 mcnos
664 2555 755 2583 Graece
773 2561 809 2583 est
823 2556 901 2590 [orti-

111 2609 168 2636 tttdo
183 2617 230 2636 seu
253 2607 347 2635 robur.
371 2606 468 2634 Falsus
491 2610 533 2634 est
553 2605 675 2633 Fazellus
698 2604 726 2631 in
743 2603 835 2635 verbo.
853 2603 900 2632 sed

112 2655 193 2689 magis
207 2655 234 2682 in
257 2661 307 2686 re;
324 2660 377 2680 non
398 2656 440 2680 est
462 2652 543 2687 μένος
559 2651 667 2687 proprie
690 2651 820 2679 fortitudo
835 2658 902 2678 mte-

111 2701 287 2736 niorum,sed
311 2701 473 2733 animorum,
497 2701 538 2728 vel
561 2707 703 2734 corporum
725 2707 733 2726 :
759 2705 846 2733 neque
870 2705 902 2725 ex

114 2757 249 2776 murorum
264 2747 436 2780 fortitudine,
451 2747 496 2775 sed
511 2755 543 2775 ex
561 2747 708 2779 mansione,
725 2751 754 2774 ut
770 2745 902 2773 Diodorus

113 2801 190 2830 supra
204 2793 310 2822 relatus
326 2798 368 2821 est
378 2798 482 2827 auctor,
505 2792 620 2820 deducta
636 2792 779 2827 originatio
795 2791 902 2819 Tauro-

115 2841 210 2873 menii;
225 2841 274 2868 sed
296 2839 343 2866 hic
362 2846 438 2866 error
451 2839 521 2866 forte
538 2839 730 2867 condonandas
749 2844 833 2871 esset,
851 2839 902 2867 nisi

117 2893 142 2915 ie
162 2886 220 2925 ipse
241 2887 269 2914 in
294 2885 395 2920 linguae
409 2885 509 2914 Graeca:
525 2886 628 2921 spineta
643 2886 734 2914 volens
755 2894 786 2914 ac
802 2886 901 2920 sciens,

789 2956 798 2973 \

924 227 972 247 seu
989 218 1079 253 potius
1101 215 1234 246 nesciens,
1253 209 1415 240 induxisset.
1431 207 1499 242 Quid
1516 205 1581 234 illud
1598 205 1669 239 quod
1687 204 1720 230 ad

924 251 1126 292 firmamentum
1153 260 1239 293 addit,
1264 265 1345 293 quam
1371 256 1430 284 leve
1456 259 1538 288 atque
1566 251 1720 281 ridiculum,

926 318 1018 338 muros
1035 308 1134 336 tnmnia
1158 305 1306 341 appellatos
1330 302 1408 338 quasi
1426 309 1440 328 a
1460 300 1550 336 μένος.
1569 298 1649 332 Atqui
1669 297 1721 324 hoc

925 362 966 385 est
992 357 1073 383 etiam
1099 353 1196 382 Latine
1221 351 1325 379 nescire
1342 359 1349 377 :
1365 348 1463 376 tncenia
1489 345 1565 381 quasi
1592 343 1681 370 munia
1706 349 1722 369 τι

926 402 1068 431 muniendo
1085 401 1156 428 dicta
1172 403 1235 427 sunt
1249 398 1339 433 prisco
1357 401 1481 423 sermone
1496 392 1663 422 Latinorum,
1677 389 1723 423 qui

927 457 974 484 per
994 457 1016 475 os
1033 446 1188 475 scribebant
1202 450 1228 472 et
1250 442 1409 474 efferebant,
1427 447 1486 475 quae
1510 442 1602 473 postea
1622 443 1672 470 per
1693 442 1720 460 ιι.

926 496 1039 524 Plautus
1065 493 1144 528 Capt.
1163 500 1171 519 :
1190 490 1292 518 Vinalia
1318 487 1496 522 custodiisth
1521 480 1724 511 circummozniti

927 549 1028 570 sumus.
1048 540 1093 567 Sic
1108 539 1184 566 moeri
1198 544 1247 572 pro
1261 535 1341 568 muri,
1358 542 1426 562 tusus
1444 539 1492 567 pro
1508 538 1588 562 usus;
1602 533 1628 556 et
1646 528 1724 563 plura

927 589 954 618 ld
971 595 1065 624 genus.
1084 586 1137 614 Sed
1162 585 1189 613 in
1207 582 1344 611 nonnullis
1365 587 1431 607 usus
1454 577 1564 606 retinuit
1588 583 1621 608 ae,
1644 579 1673 601 ut
1697 573 1724 600 iu

927 619 1066 665 moenibus.
1091 633 1118 660 in
1144 631 1280 666 plerisque
1302 625 1465 662 repudiavit,
1492 627 1522 650 ut
1545 622 1571 649 in
1595 619 1725 654 exemplis

927 681 1030 709 allatis.
1043 679 1101 707 Hoc
1115 665 1196 713 igitur
1210 680 1319 710 etymou
1335 672 1443 700 falsum.
1461 670 1493 697 Et
1506 675 1570 696 vero
1587 667 1668 694 etiam
1684 665 1725 691 fa-

928 728 1051 756 bulosum
1077 710 1143 753 illud
1163 723 1235 758 quod
1257 721 1337 749 alfert
1358 718 1475 752 scriptor
1490 714 1612 743 historiae
1635 710 1724 739 sancti

929 771 1077 804 Pancratii,
1092 756 1362 805 primi-Tauromenii
1385 761 1517 798 episcopi,
1535 758 1612 795 quasi
1628 766 1641 784 a
1660 756 1726 784 Ma:-

930 827 990 846 ntra
1014 822 1042 844 et
1064 816 1155 843 Tauro
1178 814 1280 842 dictum
1299 808 1509 838 Tauromenium
1526 814 1532 832 :
1551 804 1666 838 scriptor
1684 802 1726 828 iu-

930 871 1011 900 quam
1035 867 1198 896 anonymus,
1225 866 1277 886 non
1300 855 1443 890 Evagrius,
1468 849 1617 884 discipulus
1642 847 1726 882 ipsius

931 893 1016 939 slaucti
1036 893 1180 939 Pancratii,
1203 905 1280 940 cujus
1305 903 1414 930 nomine
1440 898 1580 934 supposito
1604 899 1658 922 tota
1681 893 1726 919 illa

932 955 1021 984 fabula
1033 954 1122 990 potius
1135 959 1216 988 quant
1230 938 1342 978 historia
1354 945 1477 977 emersit,
1486 944 1529 970 vel
1541 946 1615 970 certe
1629 938 1728 967 fabulae

932 1002 1024 1031 multat
1054 1002 1079 1028 in
1107 1005 1199 1027 veram
1227 995 1368 1024 historiam
1398 993 1581 1026 irrepserunt,
1605 993 1686 1021 quam
1711 991 1726 1010 a

933 1048 1028 1076 Grmco
1041 1047 1067 1074 in
1084 1045 1209 1072 Latinum
1223 1042 1372 1069 traductam
1388 1036 1480 1071 accepi
1497 1042 1529 1062 ex
1545 1030 1728 1060 monumentis

933 1094 964 1122 Ρ.
987 1093 1091 1121 Octavii
1115 1089 1238 1121 Caelaui,
1259 1085 1399 1121 scriptoris
1422 1081 1543 1110 historia:
1569 1082 1728 1106 sanctorum

936 1140 1102 1168 Siculorum.
1119 1137 1201 1170 Igitur
1218 1137 1354 1163 narratur,
1370 1129 1486 1157 Taurum
1512 1125 1655 1161 quemdam
1680 1129 1728 1149 nov

937 1188 1021 1218 tuine,
1044 1185 1238 1214 Chanauaaum,
1263 1186 1278 1206 a
1304 1178 1379 1213 Syris
1405 1179 1523 1209 captum,
1538 1177 1564 1199 et
1584 1168 1730 1197 mercatori

937 1212 1061 1258 Tiburtino
1077 1228 1216 1256 venditum
1232 1212 1260 1252 in
1278 1212 1414 1253 Calabria,
1432 1220 1542 1246 ductum
1572 1216 1605 1242 ad
1631 1212 1731 1241 Renai-

938 1278 1003 1304 dum
1018 1271 1235 1310 toparcham,cui
1249 1277 1316 1297 uxor
1332 1271 1390 1294 crat
1406 1265 1513 1293 Mtenma
1527 1260 1731 1291 Macedonissa;

937 1323 985 1351 sed
1004 1309 1064 1350 cum
1083 1319 1218 1348 Reualdus
1238 1315 1265 1345 in
1292 1324 1324 1343 eo
1342 1314 1411 1342 bello
1435 1312 1507 1347 quod
1531 1309 1615 1345 gessit
1637 1311 1732 1335 contra

938 1368 1105 1403 Aquiliuum,
1122 1366 1147 1393 iu
1160 1363 1283 1392 Calabria
1299 1368 1401 1396 regem,
1420 1365 1506 1386 caesus
1527 1359 1610 1387 esset,
1626 1353 1733 1380 Maturata

939 1415 1029 1442 Tauro
1043 1412 1144 1447 nupsit.
1159 1411 1217 1438 Mox
1232 1408 1375 1444 Aquilinus
1389 1413 1435 1433 rex
1448 1403 1540 1438 copias
1554 1405 1646 1428 contra
1660 1399 1732 1426 Tau-

941 1469 999 1489 rum
1015 1459 1123 1491 eduxit;
1141 1458 1218 1492 isque
1229 1463 1289 1483 cum
1316 1454 1422 1481 Mra-tura
1438 1451 1552 1485 conjuge
1572 1449 1598 1475 in
1614 1446 1733 1474 Siciliam

942 1507 1071 1544 profugit,
1096 1505 1140 1533 ubi
1155 1502 1366 1531 Tauromenium
1392 1507 1406 1526 a
1429 1496 1588 1532 coniugibus
1603 1494 1693 1520 Tauro
1708 1495 1735 1518 et

942 1538 1049 1583 Inlue-uasa
1065 1538 1211 1580 conditum
1230 1553 1282 1576 est.
1307 1547 1368 1574 llaec
1391 1549 1431 1572 est
1456 1542 1554 1570 fabella
1580 1541 1612 1568 de
1630 1538 1736 1572 origine

942 1597 1121 1628 Tauromeuii
1137 1595 1252 1624 conficta
1267 1598 1294 1621 et
1308 1593 1334 1619 in
1357 1591 1452 1623 vulgus
1473 1588 1573 1620 dedita,
1589 1593 1648 1620 qua:
1671 1591 1737 1612 sane

942 1645 1079 1682 proposita
1104 1652 1118 1671 a
1131 1650 1173 1670 me
1189 1646 1251 1669 ante
1268 1638 1388 1667 veritatis
1413 1635 1546 1664 historica:
1559 1634 1658 1663 lucem,
1677 1631 1737 1657 sine

943 1693 996 1720 ulla
1020 1688 1254 1726 argumentatione
1279 1685 1358 1720 quasi
1384 1681 1482 1709 nebula
1509 1679 1631 1707 discussa
1655 1675 1738 1710 disje-

943 1743 1042 1772 ctaque
1062 1737 1118 1770 jam
1135 1738 1186 1765 est,
1203 1737 1230 1759 et
1251 1739 1266 1758 a
1284 1729 1380 1765 quovis
1398 1725 1570 1754 mediocriter
1593 1723 1620 1749 iu
1644 1722 1737 1749 critica

944 1769 1092 1813 exercitato
1120 1779 1277 1814 dispellelur
1293 1786 1300 1804 :
1318 1782 1397 1810 quam
1417 1778 1444 1800 et
1468 1770 1593 1799 Fazellus
1622 1769 1679 1802 ipse
1697 1774 1739 1793 re-

944 1830 1029 1867 pulit;
1056 1835 1117 1855 uam
1138 1813 1172 1854 de
1195 1823 1307 1853 Octavio
1328 1821 1448 1850 Caetano
1473 1825 1525 1844 nou
1549 1819 1620 1842 esset
1642 1813 1738 1840 mirmn

1419 1865 1425 1867 _
1550 1860 1564 1867 ,,
1613 1863 1618 1867 ,
1642 1866 1648 1867 γ
1668 1856 1738 1867 ML,

947 1856 961 1867 τ
1022 1856 1029 1863 ,

946 1875 1061 1904 acrioris
1076 1873 1169 1908 iudicii
1187 1870 1261 1902 viro;
1277 1867 1326 1896 sed
1344 1874 1403 1893 eam
1419 1865 1471 1892 huc
1487 1860 1577 1891 retuli,
1593 1863 1622 1886 ut
1639 1866 1653 1884 ιι
1668 1856 1738 1890 vulgi

946 1923 1028 1952 etiam
1042 1917 1264 1947 Tauromenitaui
1277 1913 1414 1944 sensibus,
1429 1911 1456 1937 in
1472 1908 1582 1944 quibus,
1594 1910 1623 1933 ut
1636 1908 1740 1931 cratera:

947 1969 1033 1997 aniles
1051 1966 1147 1994 fabula:
1172 1963 1284 1992 haesisse
1301 1961 1390 1992 video,
1406 1961 1536 1992 quantum
1554 1953 1613 1981 ﬁeri
1638 1954 1740 1986 posset,

947 2017 1169 2048 extorqueretur.
1182 2010 1223 2037 Ab
1238 2008 1291 2035 illis
1306 2006 1389 2042 igitur
1403 2003 1490 2031 initiis
1503 1999 1656 2035 profectum
1669 1995 1742 2022 Tau-

949 2060 1099 2090 romenium
1127 2063 1224 2092 capere
1247 2061 1296 2082 sua
1320 2051 1404 2086 coepit
1427 2050 1604 2076 incrementa.
1628 2043 1665 2070 De
1687 2048 1742 2076 quo

948 2107 1013 2135 illud
1026 2105 1107 2134 etiam
1123 2090 1293 2137 antiquitatis
1309 2098 1367 2132 ejus
1390 2100 1417 2123 et
1431 2092 1571 2129 dignitatis
1594 2090 1743 2117 tlocnmcn-

949 2160 1005 2183 tum
1021 2151 1118 2183 habeo,
1132 2148 1204 2184 quod
1219 2155 1234 2174 a
1254 2144 1374 2175 nemine,
1392 2141 1464 2176 quod
1477 2139 1573 2169 sciam.
1588 2141 1682 2163 eorum
1696 2131 1744 2167 qui

949 2207 994 2228 res
1011 2197 1168 2225 Sicilienses
1190 2192 1334 2227 scripsere,
1351 2188 1451 2216 litteris
1465 2185 1597 2221 proditum
1618 2186 1661 2209 est
1675 2192 1681 2208 :
1695 2188 1745 2215 ego

949 2252 1016 2272 vero
1033 2245 1066 2270 ab
1090 2236 1259 2268 nobilissimo
1274 2242 1350 2271 aeque
1365 2241 1397 2262 ac
1412 2231 1612 2261 studiosissimo
1628 2225 1746 2260 antiqui-

950 2291 1015 2320 tatis
1035 2293 1061 2316 et
1080 2287 1230 2315 litterarum
1254 2283 1286 2311 D.
1304 2281 1418 2308 Martino
1442 2277 1578 2309 Lofarina,
1603 2272 1746 2301 Panormi-

952 2319 1026 2367 tano,
1044 2333 1090 2369 qui
1107 2331 1186 2360 hodie
1200 2329 1269 2364 apud
1286 2326 1477 2362 Hispaniarqu
1494 2329 1583 2358 regem
1604 2319 1676 2353 degit
1697 2324 1745 2344 ea-

950 2364 1028 2417 pellat
1042 2364 1122 2414 regia:
1133 2377 1268 2407 addictus,
1284 2373 1348 2400 illud
1362 2370 1454 2405 accepi
1467 2376 1529 2396 cum
1544 2374 1576 2393 ex
1592 2365 1697 2392 Malcho
1713 2364 1745 2390 de

951 2409 1007 2455 vita
1044 2409 1205 2460 Pirihagora:
1240 2429 1255 2448 a
1282 2418 1407 2447 Conrado
1442 2411 1625 2442 Rittershusio
1653 2409 1746 2436 Graece

952 2474 1025 2502 edito
1043 2475 1185 2506 exceptum
1205 2468 1238 2495 ad
1265 2474 1307 2493 me
1323 2464 1473 2495 detulisset,
1498 2459 1569 2494 quod
1587 2463 1627 2485 est
1651 2455 1746 2488 hujus—

954 2501 1025 2547 modi
1042 2527 1049 2544 :
1068 2501 1120 2547 “Ag.
1142 2515 1163 2541 δ’
1179 2512 1356 2548 ἐπιδημήσας
1377 2508 1477 2542 Ἰταλίᾳ
1498 2513 1535 2532 τε
1559 2505 1605 2531 καὶ
1636 2501 1746 2536 Σικελίᾳ

954 2546 1090 2592 ιιατὲὁαλε
1105 2546 1197 2590 i=6).ch
1208 2546 1412 2590 Ssﬁoukmuévag
1427 2554 1473 2579 ὑπ’
1488 2549 1675 2585 ἀλλήλων,τὰς
1697 2546 1745 2581 μὲν

954 2610 1060 2637 πολλῶν
1081 2607 1163 2639 ὲτῶν,
1178 2605 1227 2635 τὰς
1248 2604 1277 2629 δὲ
1297 2601 1395 2628 νεωστὶ
1418 2598 1594 2634 φρονήματος
1609 2593 1747 2627 ἐξελευθε-

957 2657 1015 2692 ρεου
1032 2655 1138 2689 πλήσας
1154 2637 1198 2679 διὰ
1219 2650 1273 2677 τῶν
1297 2647 1340 2682 ἐφ’
1358 2647 1477 2680 ἑκάστην
1502 2640 1644 2670 ἁκουστῶν
1662 2637 1745 2666 αὑτοῦ

955 2687 1141 2738 ἦλευθέρῷσε.
1160 2697 1306 2733 Κρότωνα,
1325 2695 1374 2722 καὶ
1386 2692 1516 2728 Σύῦαριν,
1537 2688 1584 2715 καὶ
1605 2687 1747 2720 Κατάνην,

955 2730 1003 2775 διαὶ
1034 2730 1156 2780 Ἰίήγιον,
1180 2730 1228 2770 ttat
1258 2740 1380 2776 Ἱμέραν,
1410 2738 1458 2765 καὶ
1491 2734 1674 2770 Ἀκράγαντα,
1701 2730 1749 2758 καὶ

957 2795 979 2820 Τ
981 2778 1154 2828 αυρομέὖιον,
1169 2789 1216 2817 καὶ
1228 2788 1310 2818 ἄλλας
1323 2785 1410 2818 τινὰς,
1428 2781 1470 2815 αἶς
1486 2782 1534 2809 καὶ
1552 2780 1652 2814 νόμους
1672 2778 1748 2804 ἔθετο

959 2840 1002 2867 διὰ
1019 2823 1159 2874 ’Χιιρώνδᾴ
1178 2845 1208 2862 τε
1228 2831 1467 2862 reﬁxa-navabo,
1485 2828 1531 2855 καὶ
1556 2825 1689 2853 Ζελεὺκου
1701 2823 1748 2850 τοῦ

966 2869 1088 2922 Λοκροῦ.’
1114 2884 1147 2911 δι’
1171 2879 1209 2911 ὧν
1233 2880 1410 2916 ἀξιθζήλωτοι
1434 2876 1489 2907 τοῖς
1513 2872 1662 2909 περιοίκοις
1685 2869 1749 2906 ἄχρι
