1874 3055
135 140 172 172 63
660 146 861 177 FRANCISCI

1037 149 1252 181 PROCEMIUM
1272 151 1296 182 Ι.
1743 154 1777 188 64

136 196 236 223 πολλοῦ
250 197 389 232 γεγόνασι.
407 198 532 227 Civitates
550 208 618 233 vero,
637 209 702 236 quas
726 202 752 229 in
775 211 822 228 sua
840 202 928 229 Italia:

136 242 288 279 Sicilia’r/ue
310 246 519 281 peregrinatione
543 247 711 283 Pythagoras
736 248 826 276 vicinis
850 250 930 276 servi-

137 294 192 316 tute
206 289 273 316 alias
294 291 398 325 quidem
414 293 570 327 antiquitus,
587 294 654 320 alias
672 302 731 321 vero
755 300 871 322 recenter
885 303 931 330 op-

138 344 242 370 pressas
257 338 364 371 invenit,
377 346 421 365 eas
439 339 567 366 libertatis
582 340 669 367 studio
686 341 786 375 replens
803 350 849 374 per
869 349 930 369 suos

140 384 285 415 auditores,
300 393 363 419 quos
379 393 411 411 ea:
428 393 583 421 unaquaque
605 395 697 413 earum
719 392 861 414 sectatores
882 387 930 414 ha-

139 428 223 460 bebat,
249 430 275 455 in
305 431 441 463 pristinam
470 432 582 458 asseruit
608 432 765 464 libertatem,
789 432 929 459 Crotonem

137 475 238 502 scilicet
260 480 284 501 et
303 475 436 510 Sybarim,
458 476 599 508 Calatiam,
623 477 764 512 Rhegium,
781 477 928 509 Himeram,

136 521 318 556 Agrigentum,
347 527 371 548 et
399 522 615 556 Tauromenium,
640 528 665 550 et
697 524 825 558 quasdam
852 523 930 557 alias,

137 567 232 598 quibus
246 567 313 602 leges
325 576 370 602 per
388 568 556 596 Cltaromlam
572 569 737 601 Catameum,
752 575 774 596 et
789 569 931 596 Zaleucum

137 612 252 640 Locrum
265 614 335 646 tulit,
352 623 494 650 earumque
517 624 597 642 causa
615 615 702 650 dignce
718 616 788 650 apud
804 616 931 650 [initiatos

139 661 173 687 ad
189 660 295 695 longum
309 668 390 695 usque
400 667 498 695 tempus
515 662 612 689 habita:
629 667 699 695 sunt,
716 670 829 698 quarum
848 670 931 689 tentu-

139 706 260 733 larentur
275 707 407 735 instituta.
431 708 519 743 Atque
539 709 594 736 haec
612 709 746 743 pertinent
769 709 801 736 ad
827 708 931 736 Tauro-

140 753 222 780 menii
239 754 440 789 antiquitatem,
458 755 500 782 cui
518 763 569 783 non
586 756 726 783 minimum
747 755 871 789 adjecere
884 755 931 783 de-

139 799 212 826 coris
231 799 283 826 duo
297 800 463 828 nobilissima
481 801 600 828 virorum
617 802 707 836 paria;
727 809 841 836 quorum
865 801 932 828 alter

139 845 167 872 in
185 846 295 874 historia
320 854 382 874 cum
401 847 457 881 ipsa
473 856 556 882 prope
580 855 709 876 nascente
731 849 815 884 patria
842 848 932 876 ﬂoruit

140 891 270 925 Timaeus,
284 893 467 922 Andromachi
480 895 629 922 conditoris
644 895 725 926 ﬁlius,
739 895 772 922 de
787 902 840 930 quo
856 894 933 922 testi-

139 937 260 965 monium
282 943 370 966 exstat
385 938 421 967 Μ.
436 939 526 972 Tullii,
546 940 592 968 lib.
610 949 628 968 tt
648 940 686 967 De
704 945 774 967 orat.
790 948 800 967 :
818 940 932 967 Timonis

140 984 216 1019 longe
241 985 450 1018 eruditissimus,
468 990 492 1012 et
515 995 603 1013 rerum
628 987 716 1022 copia,
742 992 767 1015 et
791 988 933 1014 sententia-

139 1037 199 1056 rum
224 1031 350 1058 varietate
378 1031 637 1064 abundantissimus,
665 1032 722 1067 ipsa
748 1033 933 1067 compositione

139 1075 277 1103 verborum
303 1085 354 1103 non
382 1077 529 1111 impolitus,
549 1086 670 1113 magnam
695 1078 867 1114 eloquentiam
897 1078 932 1105 ad

140 1121 306 1148 scribendum
323 1121 424 1148 attulit.
443 1121 565 1149 Meminit
584 1123 616 1150 de
631 1123 725 1150 eodem
743 1124 811 1150 idem
828 1122 933 1151 Tullius

141 1167 190 1195 lib.
208 1175 234 1200 ν,
254 1167 342 1201 Epist.
367 1168 400 1194 ad
423 1167 548 1195 Lucium.
571 1169 695 1196 Meminit
720 1169 881 1197 Plutarchus
905 1171 932 1198 in

139 1212 229 1244 Nicia,
245 1213 277 1240 de
301 1212 424 1240 historiis
439 1214 474 1241 ab
488 1221 520 1241 eo
542 1214 705 1248 conscriptis
719 1224 726 1242 :
741 1219 855 1242 testatur
877 1215 934 1243 hate

141 1259 285 1293 Dionysius
294 1257 528 1291 Halicarnasseus,
544 1259 590 1286 lib.
601 1268 610 1287 ι
624 1260 806 1295 Antiquitatis.
817 1261 933 1295 Τιμαίου

138 1305 187 1332 τοῦ
199 1305 363 1332 Σικελιώτου
379 1305 413 1332 τὰ
432 1304 482 1340 μὲν
495 1305 598 1340 ἀρχαῖα
627 1305 682 1332 τῶν
696 1306 823 1340 ἱστοριῶν
834 1307 863 1333 ὲν
873 1308 934 1339 ταῖς

139 1354 242 1385 κοιναῖς
257 1352 390 1388 inopiam
404 1352 635 1388 ἀφηγησαμένου,
661 1354 725 1385 τοὺς
739 1354 768 1380 δὲ
780 1354 847 1389 πρὸς
862 1354 935 1390 nos.

141 1400 188 1434 ρον
210 1398 256 1425 τὸν
276 1398 450 1434 Ἠπειρώτην
469 1399 607 1434 πολέμους
623 1400 663 1431 εις
684 1400 754 1427 ἰδίαν
776 1400 934 1436 καταχωρί-

140 1453 238 1476 caveo;
262 1445 465 1480 πραγματείαν.
492 1445 549 1473 Hoc
570 1450 611 1473 est
637 1438 783 1480 interprete
813 1446 934 1482 Dionysii

139 1490 314 1524 Sigismundo
339 1490 441 1519 Caleno
463 1499 471 1519 :
496 1491 609 1519 Timteus
634 1491 744 1520 Siculus
768 1501 809 1520 res
833 1493 935 1527 priscas

139 1538 292 1572 complexus
308 1537 453 1565 universali
467 1537 592 1570 historia,
608 1538 703 1574 Pyrrhi
728 1538 844 1574 Epirota:
860 1540 933 1567 bellis

138 1584 265 1619 privalim
287 1584 375 1612 dicato
396 1584 536 1612 volumine.
560 1584 613 1613 Sed
630 1585 699 1612 nihil
718 1585 798 1620 hujus
821 1586 935 1621 insignis

140 1629 261 1657 historici
279 1629 312 1657 ad
329 1633 449 1657 nostram
466 1634 573 1657 aetatem
589 1630 722 1665 pervenit.
739 1631 816 1658 Alter
831 1632 936 1660 Tauro-

142 1674 295 1702 menitanus
313 1675 339 1702 in
364 1674 485 1702 historiis
501 1679 666 1703 memoratus
681 1675 788 1704 Phileas
804 1679 846 1704 est
862 1676 889 1704 in
905 1684 935 1705 re

140 1721 299 1748 mechanica
322 1720 490 1755 praecellens,
506 1721 664 1749 Archimedi
683 1721 856 1757 Syracusano
870 1722 936 1758 σύγ-

139 1775 247 1803 χρονος,
269 1769 304 1795 de
324 1775 378 1803 quo
398 1767 555 1800 Athenaeus,
570 1767 618 1795 lib.
641 1769 824 1803 νΔειπνοσ..
839 1769 885 1797 ubi
902 1769 936 1798 de

140 1811 204 1840 navi
228 1811 366 1844 Hieronis,
395 1812 466 1847 regis
496 1811 704 1848 Syracusarum.
729 1814 814 1849 ipsius
837 1815 936 1842 Archi-

142 1858 231 1885 medis
250 1858 391 1886 molimine
405 1863 571 1890 constructa,
592 1858 706 1894 ejusque
722 1859 793 1887 malo
814 1859 936 1887 omnium

141 1905 261 1932 maximo
278 1911 286 1932 :
305 1905 472 1941 Κατήγαγεν
480 1905 508 1932 δὲ
525 1905 606 1933 αὑτὸν
621 1906 668 1933 ἐπὶ
683 1905 820 1934 θάλατταν
838 1907 937 1940 Φιλέας

141 1951 156 1977 ὸ
178 1951 385 1986 Ταυρομενίτης
416 1952 576 1987 μηχανικός.
599 1952 715 1980 Deduxi:
737 1961 794 1980 eam
815 1953 844 1980 in
865 1960 937 1981 mare

139 1997 248 2025 Phileas
268 1998 508 2026 Tauromenitauus
520 1999 697 2026 mechanieus.
712 1999 771 2027 dam
791 2006 856 2028 vero
868 1999 938 2028 situs

141 2044 317 2072 Tauromeuii
336 2045 506 2074 admirabilis
521 2050 573 2077 est,
592 2051 620 2073 et
636 2050 731 2074 natura
751 2047 838 2083 magis
855 2054 937 2083 quam

141 2095 200 2118 arte
215 2092 335 2119 munitus
350 2101 356 2120 :
372 2097 400 2118 ιιι
417 2099 471 2119 non
492 2093 589 2120 tnirutn
603 2100 663 2120 esse
675 2094 811 2127 videatur,
823 2094 845 2122 si
859 2101 874 2120 a
888 2092 938 2121 Sa-

142 2139 259 2171 racenis,
276 2138 326 2166 nisi
342 2146 390 2173 per
406 2139 519 2166 insidias
540 2139 600 2173 capi
618 2140 823 2175 expugnarique
842 2144 938 2175 potue—

143 2185 191 2214 rit,
213 2192 299 2218 eaque
323 2190 458 2218 postrema
485 2185 565 2212 fuerit
590 2186 696 2213 urbium
721 2186 935 2214 clarissimarum

142 2230 245 2258 cla-lus.
263 2231 309 2258 Est
323 2232 395 2258 enim
413 2239 491 2258 mons
508 2231 563 2265 ipse
581 2232 606 2258 iu
622 2240 675 2267 quo
690 2232 771 2259 sitttm
790 2238 831 2260 est
851 2237 878 2260 et
894 2241 938 2260 ar-

142 2277 212 2304 duus
226 2282 252 2303 ct
267 2285 382 2304 ascensu
403 2276 519 2304 diilicilis
534 2282 648 2312 tttroque
663 2285 696 2305 ex
710 2278 806 2310 latere,
821 2278 893 2313 quod
911 2283 938 2305 ct

141 2330 191 2350 nos
208 2323 258 2357 ipsi
274 2323 361 2351 oculis
375 2324 474 2350 nostris
490 2324 663 2358 suspeximus
677 2330 704 2351 et
722 2325 936 2359 peragravimus,

141 2376 291 2403 verumque
312 2376 371 2396 esse
387 2369 563 2403 cognovimus
584 2369 654 2403 quod
675 2368 709 2397 de
724 2376 756 2397 eo
777 2369 859 2397 etiam
880 2370 937 2404 Ap-

141 2415 238 2449 pianus
257 2415 338 2441 tradit
358 2422 418 2442 esse
440 2415 616 2447 asperrimum
644 2415 704 2442 visu
721 2419 746 2442 et
771 2415 937 2443 acutissimis

141 2460 261 2493 ttndique
281 2460 420 2494 prurllvnnt
442 2465 662 2494 praeruptumque
678 2461 762 2489 saxis.
782 2460 853 2489 Urbs
873 2469 937 2488 vero

141 2506 169 2532 in
186 2505 240 2533 illis
259 2505 355 2532 mediis
373 2505 496 2540 Alpibus.
512 2506 598 2533 dicam
613 2506 700 2540 potius
717 2514 797 2541 quam
813 2506 937 2541 alpestri-

142 2552 195 2579 bus
210 2553 333 2586 rupibus,
349 2557 376 2579 et
392 2552 528 2579 intercisis
553 2554 650 2586 posita.
667 2558 694 2579 et
716 2552 751 2580 ab
767 2552 862 2580 iisdem
884 2553 938 2579 cir-

140 2599 311 2626 cummunita
338 2604 364 2625 et
389 2597 523 2625 obvallata
546 2602 587 2625 cst
605 2607 611 2624 :
627 2605 741 2632 quarum
769 2597 856 2630 alias,
884 2606 936 2632 qtta

140 2645 275 2672 orientem
290 2648 405 2679 spectat,
419 2643 491 2670 infra
507 2651 536 2670 se
549 2643 630 2670 habet
644 2644 677 2670 ad
690 2651 764 2670 mare
777 2644 936 2678 depressas;

142 2691 221 2721 alias,
235 2698 286 2723 qua
304 2689 483 2722 occidentem,
501 2688 601 2716 caelum
626 2689 715 2722 ipsum
737 2689 937 2722 contingentes,

143 2741 173 2763 ut
188 2735 292 2770 poetice
306 2735 404 2766 dicunt,
420 2735 499 2768 eique
510 2735 691 2767 miuatttes,in
707 2742 820 2769 quarum
837 2735 938 2762 vertice

144 2787 234 2809 exstat
256 2789 304 2808 arx
320 2786 345 2807 et
363 2781 520 2815 oppidulum
538 2780 616 2813 Mola,
632 2785 686 2808 tota
709 2780 801 2807 Sicilia
825 2780 937 2807 notissi-

147 2836 233 2858 lmttn,
249 2826 319 2861 quod
341 2834 374 2853 co
395 2827 516 2853 damnati
535 2826 657 2854 homines
681 2826 824 2854 faciuorosi
841 2827 938 2861 depor-

149 2878 251 2905 tentur,
266 2877 294 2900 ut
312 2872 394 2901 tradit
410 2872 544 2906 Fazcllus,
561 2873 603 2901 cui
618 2873 712 2901 subest
725 2880 773 2901 arx
790 2873 937 2900 Taurome-

986 203 1022 230 nii
1043 204 1163 238 inferior,
1177 206 1212 233 ita
1230 212 1259 234 ιιι
1274 207 1390 235 molibus
1406 215 1421 235 a
1435 208 1504 236 mola
1518 209 1650 238 devolutis
1661 211 1778 244 opprimi

985 249 1055 277 haud
1081 251 1180 279 diliicili
1214 253 1323 288 negotio
1348 253 1443 287 possit.
1466 254 1600 283 Caeterum
1625 255 1779 284 Taurome~

984 296 1103 323 nitatlutn
1128 299 1225 326 caelum
1249 300 1340 327 laetum
1358 308 1390 328 ac
1407 301 1515 329 salubre
1532 307 1593 336 est;
1617 307 1779 338 prospectus

984 342 1018 369 ab
1033 344 1131 378 oppido
1147 345 1172 371 in
1189 345 1341 383 Mamertini
1359 347 1420 374 freti
1440 353 1468 375 et
1485 349 1569 376 maris
1588 349 1655 376 lonii
1679 349 1780 376 latissi-

985 396 1058 415 mum
1076 398 1178 424 aequor,
1199 393 1390 428 oppositasque
1415 393 1571 422 Brutiorum
1596 400 1715 427 montes,
1736 395 1780 430 ju-

985 436 1168 476 cundissimus
1192 447 1199 465 :
1224 438 1281 473 agri
1312 440 1393 466 etiam
1423 440 1548 474 plattities
1574 441 1779 474 amoenissima;

984 489 1077 510 cannae
1102 483 1219 516 mollitae,
1243 489 1269 512 et
1287 485 1341 512 vini
1357 486 1428 520 apud
1451 491 1567 520 veteres,
1583 491 1651 515 teste
1677 487 1777 521 Plinio,

983 526 1192 555 celebratissimi
1210 528 1390 563 feracissima,
1404 535 1433 558 ut
1447 539 1499 559 non
1515 533 1649 560 immerito
1661 540 1723 560 eam
1739 541 1780 560 re-

984 571 1092 606 gionem
1110 572 1181 601 inter
1197 579 1310 603 caeteras
1323 576 1454 611 elegerint
1463 576 1578 604 Romani
1591 585 1645 612 quo
1656 578 1780 606 colonias

986 616 1163 652 deducerent,
1189 620 1258 654 quod
1283 619 1354 648 Julio
1375 621 1481 649 Caesare
1508 629 1598 649 rerum
1626 623 1726 657 potito,
1754 628 1781 650 et

987 662 1161 691 Tauromenii
1181 664 1363 700 ampliﬁcandi
1387 667 1508 694 studioso
1532 666 1643 700 factum,
1670 672 1701 694 ιιι
1718 666 1781 694 Dio-

986 708 1068 736 dorus
1081 709 1202 744 ejusdem
1218 711 1347 744 temporis
1365 711 1483 746 scriptor
1499 716 1539 739 est
1555 713 1640 740 testis.
1662 712 1697 739 Et
1715 719 1781 740 sane

986 761 1079 780 eorum
1101 755 1308 789 magniﬁcentia
1331 763 1411 791 opera
1429 757 1553 785 videntur
1566 765 1638 790 esse,
1653 757 1730 793 quod
1747 759 1781 785 ah

986 800 1064 828 initio
1080 801 1220 834 dicebam.
1249 803 1387 829 theatrum
1409 802 1526 831 lateritio
1550 811 1631 839 opere
1655 809 1782 832 constru-

987 851 1071 878 ctum,
1090 847 1161 881 quod
1182 855 1280 883 magna
1303 855 1336 875 ex
1358 853 1435 883 parte
1450 849 1583 884 integrum
1601 853 1706 882 exstat,
1723 857 1783 885 qua:
1825 874 1829 880 .

985 898 1046 918 sors
1062 892 1132 919 haud
1149 892 1206 920 scio
1224 900 1258 920 an
1274 892 1334 920 aliis
1347 894 1483 922 veteribus
1499 894 1601 922 Siciliae
1617 902 1782 922 monumen-

987 936 1020 963 tis
1038 937 1201 965 obvenerit:
1217 938 1298 973 idque
1319 946 1370 973 ego
1386 947 1439 967 non
1458 941 1518 968 sine
1536 940 1621 968 animi
1643 940 1783 975 voluptate

967 995 970 998 -
985 982 1072 1010 oculis
1087 989 1119 1010 ac
1135 982 1248 1017 pedibus
1262 991 1314 1012 non
1326 985 1411 1012 semel
1424 985 1563 1014 dimensus
1577 993 1638 1013 sum
1654 985 1784 1021 doluique

985 1033 1012 1055 et
1029 1034 1140 1063 questus
1165 1037 1224 1057 sum
1251 1030 1324 1065 apud
1349 1031 1435 1065 cives,
1453 1039 1486 1059 ex
1503 1039 1535 1060 ea
1560 1031 1660 1060 lateres
1678 1033 1713 1060 ad
1731 1033 1782 1060 alia

988 1083 1056 1102 nova
1083 1075 1197 1104 aediﬁcia
1220 1076 1404 1106 substruenda
1427 1078 1542 1106 subinde
1565 1079 1706 1112 exscindi;
1730 1087 1783 1114 quo

987 1118 1043 1152 ﬁet,
1059 1124 1089 1147 ut
1103 1120 1196 1154 paucis
1209 1125 1270 1155 post
1281 1121 1370 1154 anuis,
1386 1121 1480 1156 ingens
1496 1122 1561 1150 illud
1575 1128 1782 1151 monumentum

986 1164 1224 1193 Tauromenitanae
1243 1166 1430 1202 amplitudinis
1444 1167 1565 1196 funditus
1579 1168 1719 1196 concidat.
1735 1168 1782 1196 lti-

986 1214 1047 1240 dem
1061 1212 1183 1246 ejusdem
1195 1213 1362 1241 admiranda:
1372 1214 1499 1249 potentia:
1509 1221 1592 1249 opera
1606 1219 1672 1243 sunt
1688 1219 1782 1251 stagna

987 1266 1035 1286 seu
1052 1259 1178 1287 cisternae
1201 1259 1387 1287 subterraneae
1405 1259 1464 1287 dua:
1482 1265 1692 1294 concamerata,
1716 1268 1782 1296 qua-

988 1312 1048 1331 rum
1062 1305 1147 1332 altera
1161 1308 1223 1332 octo
1235 1304 1374 1339 quadratis
1385 1305 1550 1333 cementitiis
1561 1306 1669 1333 sull'ulta
1682 1308 1783 1334 colum-

988 1351 1046 1384 nis;
1064 1350 1149 1378 altera
1166 1358 1231 1378 vero
1245 1358 1313 1385 pene
1328 1356 1462 1386 prostrata
1473 1356 1500 1379 et
1516 1351 1614 1380 aluicta
1631 1357 1782 1388 temporum

990 1396 1092 1431 injuria
1104 1397 1236 1424 cernitur.
1250 1397 1431 1431 Aquaeductus
1443 1397 1507 1424 item
1523 1403 1627 1425 veteres
1642 1398 1682 1426 ibi
1695 1399 1784 1426 visun-

989 1447 1050 1476 tur;
1070 1447 1098 1470 ot
1116 1443 1168 1470 alia
1191 1443 1300 1470 demum
1324 1448 1561 1471 monumentorum
1585 1444 1611 1471 in
1634 1436 1784 1480 primisque

986 1488 1118 1523 Achegeti
1137 1489 1229 1524 templi
1255 1488 1383 1524 vestigia,
1407 1493 1435 1516 et
1463 1489 1586 1524 sepulcra
1614 1498 1667 1517 non
1690 1498 1783 1525 pauca,

988 1541 1070 1568 quam
1095 1534 1138 1562 vel
1165 1534 1268 1562 ambitu
1295 1540 1393 1569 magna
1420 1535 1494 1569 (nam
1513 1541 1596 1570 quota
1621 1543 1688 1569 pars
1716 1536 1785 1563 illius

990 1579 1071 1607 hodie
1085 1583 1169 1606 restat
1177 1579 1199 1612 ?)
1215 1578 1257 1606 vel
1272 1578 1470 1613 magniﬁcentia
1488 1579 1597 1612 nobilis,
1613 1580 1655 1611 vel
1673 1588 1785 1607 numero

990 1623 1089 1651 civium
1111 1623 1227 1650 celebris
1243 1623 1326 1650 fuerit
1342 1622 1447 1656 civitas,
1462 1623 1620 1651 ostendunt.
1636 1625 1729 1659 Atque
1745 1626 1785 1651 hic

990 1667 1050 1703 eius
1064 1667 1192 1702 splendor
1207 1667 1289 1695 etiam
1306 1674 1391 1702 usque
1405 1668 1437 1695 ad
1453 1666 1646 1696 Saracenicam
1664 1669 1785 1704 tyranni-

991 1714 1064 1748 dem,
1074 1714 1202 1742 nimirum
1215 1718 1271 1741 toto
1281 1713 1388 1748 imperii
1397 1713 1554 1741 Grtecorum
1568 1719 1692 1749 tempore
1703 1723 1785 1749 usque

991 1761 1025 1790 ad
1040 1761 1138 1789 Leonis
1156 1760 1292 1796 Sapientis
1305 1767 1403 1793 aevum,
1418 1759 1468 1788 sub
1482 1767 1537 1794 quo
1551 1765 1708 1796 expugnata
1724 1761 1783 1792 fuit.

990 1807 1123 1836 mansisse
1143 1806 1262 1834 videtur.
1287 1805 1354 1834 Nam
1381 1804 1577 1834 Constantinus
1598 1805 1784 1841 Porphyroge-

990 1857 1065 1886 neta,
1080 1852 1140 1888 ejus
1157 1852 1237 1884 ﬁlius,
1252 1852 1297 1887 qui
1313 1851 1351 1879 De
1368 1852 1527 1879 tltematibus
1542 1852 1645 1887 imperii
1665 1852 1784 1880 libellum

990 1899 1110 1935 scripsit,
1127 1899 1174 1927 lib.
1188 1906 1220 1932 ιι,
1240 1898 1267 1925 in
1286 1898 1406 1926 themate
1428 1897 1529 1926 Siciliae
1544 1897 1600 1926 hac
1619 1899 1714 1932 tradit,
1728 1906 1785 1934 qua:

990 1947 1106 1983 primam
1126 1947 1197 1974 hanc
1211 1945 1336 1981 prooemii
1354 1948 1459 1978 partem
1476 1944 1510 1972 de
1524 1944 1700 1973 Tauromenii
1716 1949 1784 1972 statu

990 1992 1101 2030 politico
1115 1993 1152 2021 ita
1167 1992 1284 2023 claudat.
1297 1995 1325 2019 et
1336 1991 1454 2026 sigillum
1467 1991 1502 2019 sit
1515 1990 1649 2019 dictorum
1663 1991 1782 2019 omnium

991 2039 1311 2072 honoriﬁcentissimum,
1327 2043 1355 2066 et
1379 2037 1464 2073 ipsius
1488 2037 1661 2080 imperatoris
1687 2038 1784 2065 annulo

990 2085 1170 2120 impressum,
1198 2092 1232 2113 ne
1255 2085 1343 2113 dicam
1369 2083 1453 2119 digito
1479 2085 1609 2119 scriptum
1627 2093 1635 2112 :
1651 2084 1731 2119 Ἔχει
1757 2083 1784 2110 δὲ

992 2131 1085 2164 πόλεις
1098 2132 1252 2166 ἐπισήμους
1265 2131 1316 2168 τήν
1330 2140 1359 2158 τε
1371 2131 1561 2167 Συράκουσαν,
1580 2131 1627 2158 καὶ
1641 2131 1672 2158 eo
1687 2130 1782 2158 καλού-

993 2183 1074 2214 μενόν
1096 2178 1296 2214 Ταυρομένιον,
1313 2178 1360 2204 καὶ
1374 2177 1459 2213 αὐτὴν
1471 2177 1522 2214 τὴν
1539 2177 1726 2213 Ἀκράγαντα,
1741 2177 1784 2204 καὶ

991 2226 1039 2257 τὰς
1063 2225 1161 2256 λοιπὰς
1178 2225 1271 2256 πόλεις
1286 2225 1335 2256 τὰς
1354 2224 1404 2260 μὲν
1427 2224 1617 2260 ἠρημωμένας
1637 2224 1714 2260 παρὰ
1732 2223 1783 2250 τῶν

991 2271 1171 2307 Σαρακηνῶν.
1185 2271 1241 2306 Τὴν
1260 2271 1311 2306 μὲν
1327 2270 1374 2298 οὖν
1390 2270 1569 2305 Συράκουσαν
1581 2271 1628 2297 ἐπὶ
1640 2271 1781 2297 Βασιλείον

991 2319 1038 2346 τοῦ
1056 2318 1180 2354 ἀοιδίμου
1199 2318 1335 2353 βασιλέως
1351 2318 1507 2354 παρέλαϐον
1524 2318 1550 2344 οἱ
1568 2318 1738 2354 Σαρακηνοί¹
1755 2317 1783 2344 τὸ

990 2366 1019 2393 δὲ
1032 2365 1223 2401 Ταυρομένιον
1235 2366 1282 2392 ἐπὶ
1295 2365 1411 2398 Λέοντος
1434 2366 1482 2392 τοῦ
1506 2366 1681 2400 Σοφωτάτου.
1700 2365 1782 2394 Citle-

991 2421 1051 2439 rum
1068 2412 1183 2446 insignes
1209 2411 1285 2438 urbes
1312 2411 1386 2438 habet
1413 2411 1573 2447 Syracusas,
1592 2417 1616 2439 et
1642 2411 1782 2438 Tattrome<

992 2458 1065 2484 nium
1095 2458 1212 2490 dictum,
1244 2457 1382 2492 ipsumque
1407 2457 1596 2492 Agrigentum,
1625 2461 1650 2483 et
1679 2461 1782 2483 caeteras

991 2505 1119 2536 civitates,
1135 2504 1229 2537 partim
1242 2503 1386 2534 desolatas,
1401 2504 1498 2537 partim
1517 2501 1658 2530 Saracenis
1675 2510 1784 2535 occupa-

993 2556 1043 2578 tas.
1061 2551 1208 2586 Syracusas
1229 2555 1298 2576 certe
1313 2549 1361 2576 sub
1380 2549 1482 2576 Basilio
1499 2549 1659 2584 imperatore
1672 2549 1782 2584 percele-

991 2598 1031 2624 bri
1046 2602 1167 2632 ceperunt
1182 2596 1320 2628 Saraceni,
1336 2595 1540 2623 Tauromenium
1553 2603 1613 2623 vero
1636 2596 1684 2622 sub
1703 2595 1782 2622 Leone

991 2644 1148 2678 imperatore
1172 2642 1308 2678 Sapiente.

1062 2715 1077 2751 ᾗ
1100 2715 1133 2742 ll.
1149 2731 1182 2737 —
1199 2715 1291 2743 Status
1315 2716 1507 2743 ecclesiasticus
1533 2715 1716 2744 Tauromenii.

1019 2769 1285 2809 ‘Tauromenitanam
1311 2781 1458 2810 Ecclesiam
1482 2783 1646 2817 antiquitate
1660 2789 1687 2811 ct
1701 2783 1782 2819 digni-

994 2833 1047 2854 tate
1063 2835 1123 2855 cum
1140 2828 1235 2862 primis
1248 2832 1274 2855 et
1290 2828 1384 2862 prima:
1407 2828 1577 2863 antiquitatis
1596 2829 1724 2857 Ecclesiis
1740 2828 1781 2856 Si-

996 2873 1062 2902 cilia:
1080 2873 1292 2908 componendam
1314 2881 1393 2902 nemo
1408 2875 1512 2903 vocarit
1525 2874 1552 2903 in
1568 2875 1691 2910 dubium,
1708 2874 1780 2904 modo
