1874 3055
91 122 123 154 65
600 122 802 154 FRANCISCI
820 123 831 152 Ε

991 123 1188 154 'ROtEMlUM
1210 123 1233 155 ι.
1696 132 1731 166 66

92 179 144 213 ejus
171 177 321 212 primordia
349 183 471 214 rt-pulet;
501 179 626 206 nimirum
645 188 659 206 a
674 180 701 206 S.
719 179 798 206 Petro
819 187 884 213 apo—

91 225 214 251 stolorum
235 225 366 258 principe
384 225 536 257 fundatam,
555 226 638 253 misso
647 233 678 252 ex
689 227 797 252 Oriente
812 224 885 251 Tau-

92 272 231 299 rnmenitnn
251 270 281 298 S.
302 271 467 304 l’ancralio,
494 273 582 306 primo
607 272 663 305 ejus
691 272 826 305 episeopo,
850 270 884 297 ab

91 320 198 352 ipsemet
217 317 247 345 S.
268 318 355 345 Petro
380 323 550 351 consecrato,
573 324 647 345 ostra
673 317 883 345 controversiam

92 370 137 390 est.
162 362 291 390 Testatur
321 363 542 399 Mttrlyt'ttlogitlltl
567 363 715 391 Romanum
730 364 746 390 5
763 363 882 397 Aprilis;

90 410 159 436 card.
181 408 317 436 Baronius
334 410 361 436 in
382 411 472 443 notis;
497 410 610 444 Niceplt.
636 410 682 436 lib.
698 417 739 442 ttt,
756 418 781 436 c.
796 410 840 442 55,
857 414 884 436 ct

91 458 173 482 uoster
190 453 379 488 Theophanes
403 456 476 482 hom.
493 455 526 482 de
541 454 569 482 S.
587 455 748 487 Pancratio;
770 454 834 488 quin
850 461 881 481 ex

91 502 136 527 frte
150 507 207 534 qua:
223 508 309 533 penes
326 500 480 528 Simeonem
505 501 714 536 Metapltrastem
730 506 780 532 cst,
804 500 880 527 Orat.

90 547 117 574 tle
136 544 184 573 SS.
208 544 290 572 Petro
305 551 330 573 et
347 546 449 580 Paulo,
480 547 599 580 ejusdem
614 546 643 574 S.
660 547 731 575 Petri
761 547 881 581 vestigiis

90 591 219 625 impressis
235 599 266 617 ea
284 592 406 619 ecclesia
434 593 577 620 sanctitate
592 597 619 620 et
640 592 741 619 honore
759 597 836 619 aucta
854 597 880 619 et

90 638 198 666 stabilita
212 642 275 670 est;
292 639 430 673 siquidem
453 639 548 666 festum
569 647 601 666 ex
618 638 715 666 itinere
728 638 878 672 apostolum

90 683 196 717 hospitio
210 685 333 719 excepit,
354 685 414 719 ipso
429 684 457 711 S.
472 684 615 711 Pancratio
628 684 662 711 illi
680 684 788 711 obviam
806 691 880 711 sunt—

91 729 135 756 mis
159 730 259 756 amoris
287 730 549 765 signiticatiouilnts’
571 730 743 765 procedente.
767 730 820 757 Sed
846 730 879 757 de

91 777 116 803 S.
130 776 270 803 Pancratio
293 777 409 811 ejusque
423 777 491 804 actis
518 785 549 804 ac
563 778 691 810 martyrio
706 776 877 803 Tauromenii

90 823 161 849 cbitis
176 823 305 849 nonnulla
326 822 410 850 refert
428 831 459 851 cx
474 823 614 851 Gallicano
630 822 767 850 Breviario
782 830 878 850 excer-

91 877 129 903 pta
145 871 172 896 D.
187 869 316 896 Bocchus
337 869 433 898 Piri-us
447 871 473 897 in
491 871 558 897 ttotis
580 869 808 897 Tauromenitauw
824 868 878 895 Ec-

90 915 175 946 (1εδὶιιι,
198 917 269 949 apud
287 923 373 950 quem
399 916 479 942 etiam
499 915 573 949 plura
589 916 620 943 ad
644 917 711 942 hanc
729 915 875 942 Ecclesiant

91 962 228 996 spectantia
256 961 345 996 leges.
378 961 432 989 Nos
455 967 496 988 sat
520 961 659 993 habemus,
688 968 717 988 ut
740 963 876 997 synopsEm

91 1008 222 1043 quamdam
253 1007 316 1041 ejus
343 1008 472 1035 Ecclesia
497 1008 540 1034 hie
565 1008 769 1042 prtemittamus,
799 1011 876 1041 prout

92 1058 201 1080 nostrum
225 1048 383 1079 institutum
413 1052 540 1087 postulat,
566 1059 670 1079 summa
695 1053 877 1087 perstringere

91 1100 178 1134 capita.
193 1098 220 1126 S.
238 1098 391 1126 Pattcratio
417 1098 548 1126 successit
575 1098 704 1132 Evagrius
720 1098 778 1131 ejus
795 1097 875 1124 disci-

93 1144 175 1179 pulus;
193 1143 309 1179 Evagrio
324 1142 357 1171 S.
375 1143 517 1174 Maximus.
543 1144 623 1171 ambo
640 1152 654 1170 a
670 1143 699 1171 S.
718 1144 796 1171 Petro
812 1152 875 1170 cott-

92 1191 177 1218 secrati
201 1189 338 1225 episcopi,
356 1189 458 1224 primus
485 1189 586 1220 Romae,
602 1197 662 1216 cum
679 1194 750 1216 esset
773 1190 875 1224 legatus

92 1243 119 1262 eo
141 1235 234 1262 missus
250 1242 264 1261 ει
291 1235 323 1262 S.
340 1235 502 1267 Pancratio;
532 1234 666 1261 secundus
690 1233 872 1262 'l'anroaenii.

93 1289 142 1307 cum
166 1280 201 1309 ilti
214 1288 247 1307 ex
271 1280 374 1307 itinere
402 1285 562 1306 moraretur.
589 1279 625 1306 De
648 1279 736 1313 priore
761 1284 874 1306 testatur

92 1326 242 1354 Gallicanum
267 1325 452 1356 Breviarinm,
468 1325 539 1359 quod
555 1333 604 1360 ego
619 1332 679 1351 cum
696 1333 782 1351 essettt
800 1324 873 1352 Tau-

92 1372 201 1404 romenii,
227 1371 351 1398 oblatum
375 1378 389 1397 a
413 1370 529 1403 civibus,
558 1370 629 1404 legi:
646 1376 677 1396 ex
701 1377 754 1405 quo
782 1370 870 1397 itidem

91 1416 172 1445 Pirtus
183 1417 208 1443 in
223 1425 269 1444 sua
289 1416 387 1444 notitia
409 1415 526 1443 secundo
550 1415 608 1443 loco
623 1419 683 1449 post
700 1414 871 1442 Pancratium

91 1463 173 1490 statuit
195 1463 357 1498 Evagrium.
375 1462 569 1490 Testimonium
595 1461 724 1488 Bt'eviarii
747 1462 873 1496 produci-

92 1517 143 1538 tnus
163 1510 194 1536 atl
215 1510 358 1536 homiliatn
381 1509 415 1536 de
439 1509 469 1536 S.
495 1508 637 1536 Pattcratio
661 1508 764 1543 (Itamil.
787 1509 869 1542 LVII),

91 1561 146 1582 uota
160 1556 206 1589 15;
224 1554 398 1590 posterioris,
417 1555 466 1581 hoc
481 1559 520 1582 est
537 1553 565 1581 S.
582 1554 700 1594 Maximi,
720 1554 868 1588 Metapltra-

92 1607 148 1629 stem
163 1601 245 1628 habeo
263 1605 405 1628 auctorem
421 1601 479 1628 loco
495 1601 587 1628 citato.
611 1600 694 1635 Hujus
719 1600 749 1629 S.
763 1600 869 1627 Maximi

92 1648 291 1674 anniversariam
316 1646 544 1673 Tauromenitana
569 1645 687 1673 Ecclesia
711 1646 868 1673 memoriam

92 1694 144 1721 colit
159 1693 241 1734 pq’die
258 1693 325 1721 ldus
339 1692 470 1720 Januarii.
488 1693 552 1719 Post
565 1691 708 1719 Maximum
725 1692 791 1738 Njco
804 1700 870 1725 przev

93 1740 335 1772 luitTauromenio,
350 1739 396 1773 qui
414 1746 473 1765 cum
489 1743 595 1765 centum
615 1739 869 1773 nonaginta‘toveu

93 1785 215 1820 discipulis
239 1785 311 1816 suis,
338 1784 420 1811 Decio
438 1784 600 1816 imperatore
621 1783 782 1810 Christiana:
807 1783 868 1810 lidci

95 1830 260 1858 testimonium
275 1830 353 1857 dedit
369 1832 465 1856 morte.
480 1827 543 1855 Post
557 1829 604 1855 hos
619 1828 693 1854 tttultl
705 1836 736 1854 cx
750 1827 869 1862 epistolis

95 1876 232 1911 pontiﬁcum
247 1880 276 1903 et
293 1875 403 1910 synodis
419 1881 479 1901 cum
497 1873 704 1908 provincialibus
722 1878 775 1900 tum
792 1881 868 1901 cecu-

96 1921 191 1948 meuicis
214 1918 439 1947 Tauromenitani
460 1917 581 1952 episcopi
605 1917 775 1952 colliguntur.
801 1917 866 1946 Nam

95 1968 118 1995 S.
132 1967 180 1996 Leo
193 1968 314 2003 pontifex
334 1967 445 2002 epistola
470 1973 549 2000 quam
567 1965 598 1992 ad
615 1966 868 2003 ttttiversggSieilite

96 2015 216 2050 episcopos
231 2013 344 2048 scripsit
358 2013 429 2040 circa
452 2019 551 2039 annum
569 2012 867 2050 M7,'v"[ptﬂﬁtenitani

96 2022 216 2050 episcopos
231 2021 344 2048 scrtpsn
358 2021 429 2040 circa
452 2021 551 2039 annum
569 2021 867 2049 Mtyqrtmnnemtam

96 2061 241 2088 mentionem
268 2059 344 2091 facit,
368 2059 416 2086 sed
441 2065 537 2085 nomen
566 2065 617 2084 non
641 2021 779 2092 ἀπίιιιίι.
804 2057 868 2086 Post

97 2105 206 2134 Romana:
232 2106 339 2142 synodo
360 2105 410 2131 sub
436 2100 599 2139 Symmacho
627 2111 696 2138 papa
725 2103 868 2139 celebratae

96 2153 201 2180 interfuit
223 2152 357 2187 Rogatus,
375 2149 620 2177 Tauromenitanus
643 2150 803 2183 episcopus;
821 2149 867 2176 Vi-

96 2198 177 2225 ctorini
190 2204 214 2225 et
228 2196 378 2226 Secundini
402 2195 590 2230 episcoporum
614 2194 736 2222 meminit
753 2195 784 2222 Ι).
800 2194 866 2222 Gre-

95 2244 171 2278 gorius
194 2244 308 2278 epistola
322 2242 354 2269 ad
372 2241 480 2269 Petrum
507 2240 710 2273 subdiaconunt,
729 2241 800 2268 circa
816 2249 867 2268 an-

97 2294 149 2313 num
169 2286 235 2319 649;
261 2286 356 2314 Justus
370 2286 403 2312 ad
423 2285 564 2313 concilium
594 2284 776 2312 Lateraneuse
796 2286 867 2312 venit

97 2329 194 2359 Μαι·ιὶηο
210 2331 336 2367 pontiﬁce
349 2336 377 2358 et
389 2330 536 2358 Constante
549 2325 727 2364 imperatore;
746 2331 778 2357 ad
793 2337 868 2357 tecu-

97 2378 211 2404 menicam
246 2378 378 2413 synodum
402 2386 427 2405 vt
452 2377 631 2405 Constantino
663 2378 742 2404 tertio
767 2381 867 2416 contra

98 2422 268 2452 ltouothclitas
292 2425 419 2451 convenit
442 2431 503 2452 cum
520 2424 626 2451 czetcris
649 2423 745 2451 Petrus
762 2424 867 2458 cpisco-

79 2476 138 2504 upus
157 2470 414 2502 Tauromenitanus;
434 2470 554 2504 septimae
579 2477 652 2502 vero,
671 2477 730 2504 quae
752 2469 801 2496 fuit
820 2469 867 2496 Ni-

99 2523 159 2542 cena
184 2525 211 2548 n,
235 2522 331 2544 contra
363 2515 576 2547 lconomachos,
604 2514 780 2543 Constantino
806 2523 866 2544 cum

99 2559 161 2588 lreue
184 2567 266 2590 matre
292 2562 394 2597 impp.,
422 2560 540 2588 Joannes
568 2561 701 2588 interfuit.
727 2560 792 2588 Post
819 2562 868 2589 hos

101 2606 181 2642 legitur
203 2608 347 2636 Zacharias
370 2607 616 2635 Tauromenitanus
640 2608 794 2642 episcopus,
819 2616 867 2636 seu

100 2653 174 2687 potius
186 2654 421 2689 pseudepiscOpus,
438 2659 466 2680 ut
481 2654 508 2681 in
527 2655 598 2681 notis
613 2653 748 2681 Anastasii
762 2653 866 2689 auio-

100 2699 193 2726 thecarii
208 2700 305 2735 legitur
316 2701 349 2726 ad
361 2699 504 2727 concilium
515 2699 628 2734 vnt,qui
643 2699 731 2726 Photii
747 2699 867 2733 partibus

102 2742 154 2770 lavit
166 2753 172 2771 :
184 2746 227 2773 sed
241 2753 272 2772 an
286 2745 332 2773 hic
349 2745 384 2772 sit
399 2746 469 2772 idem
488 2749 569 2778 atque
595 2745 639 2771 ille
659 2743 805 2771 Zacharias
821 2745 866 2779 qui

101 2796 256 2824 cognomento
285 2792 396 2826 Cophus
412 2791 449 2818 sit
471 2791 568 2824 dictus,
593 2796 621 2818 ut
642 2790 711 2818 Pirri
735 2791 866 2826 scriptum

102 2835 199 2872 reliquit,
213 2842 238 2866 et
255 2846 288 2866 an
304 2837 502 2872 archiepiscopi
526 2837 601 2864 titulo
627 2842 722 2865 auctus
738 2845 751 2864 a
771 2836 866 2866 Photio

942 179 1023 206 fuerit
1054 181 1310 216 pscudnpatriarelta
1343 182 1562 219 Constantinop”
1581 187 1731 224 disputabi-

939 232 998 251 Inus
1015 225 1093 258 infra,
1111 225 1123 261 ᾗ
1138 234 1177 253 ttt.
1197 226 1264 254 Huic
1280 227 1427 262 Zacharia‘,
1450 232 1504 262 jam
1521 232 1546 257 itt
1560 235 1662 267 synodo
1681 243 1728 262 \‘lll

938 272 1105 298 (ecnmeuita
1131 272 1253 305 tlejosito
1271 278 1298 299 ιιι
1312 273 1496 308 schistnatico,
1515 284 1563 303 nec
1576 280 1728 314 pmnitenti,

937 317 1068 344 successit
1095 317 1272 353 Theophanes
1289 319 1433 346 Ccramcus
1457 328 1632 351 consecratus
1661 331 1730 352 tem-

936 370 1001 397 pore
1028 362 1086 398 ipso
1108 366 1248 399 compositi
1273 366 1429 394 st-ltismatis
1452 371 1478 394 et
1501 369 1574 402 pacis
1602 372 1730 398 ιιτμιὶιιιιω

936 406 1063 435 Ecclesia:
1092 408 1244 444 Oricttlali,
1281 411 1352 446 quod
1385 413 1522 440 evidenter
1553 417 1728 444 ostendemus

934 455 1065 488 prooemio
1080 453 1110 488 ll,
1128 454 1141 491 §
1158 463 1184 482 tv
1199 462 1225 483 et
1244 464 1303 489 vrt;
1328 462 1423 485 ttostro
1451 463 1541 487 autem
1572 460 1727 496 Theophani

935 499 1096 536 subrogatus
1123 502 1226 529 videtttr
1240 502 1268 530 S.
1285 503 1441 539 Procopius,
1462 506 1508 541 qui
1531 515 1602 534 anno
1625 509 1728 537 Christi

934 546 996 579 903,
1012 545 1111 575 Leonis
1128 548 1251 582 imperat.
1271 557 1344 582 xth,
1359 551 1409 578 sub
1426 550 1586 579 Abrachcno
1596 553 1728 584 Africano

933 592 1130 622 Saracenorum
1155 603 1216 631 rege
1242 595 1386 623 iuvadente
1401 601 1428 624 ct
1449 604 1598 633 occupante
1623 600 1729 629 Tauro-

932 640 1062 672 tncnium,
1093 641 1165 675 quod
1193 647 1359 676 postremum
1387 642 1438 670 fuit
1465 645 1490 671 in
1520 644 1654 673 Siciliensi
1683 647 1726 676 illa

932 685 1008 712 clade
1023 690 1102 720 atque
1119 687 1237 721 pernicie
1252 693 1358 722 captum
1372 689 1498 723 oppidum
1512 697 1518 722 ;
1535 690 1588 723 ille,
1604 691 1724 727 inquam,

932 728 960 756 S.
976 728 1124 764 Procopius
1149 731 1307 767 martyrium
1326 735 1420 766 passtts
1445 737 1506 761 est:
1523 734 1593 768 quod
1612 735 1726 762 habetur

931 782 963 802 ex
981 774 1040 801 Vita
1058 775 1178 810 ejusdem
1195 776 1224 803 S.
1243 776 1378 812 Procopii,
1403 785 1483 812 quam
1500 777 1618 807 Joannes
1633 781 1726 808 diaco-

932 828 982 847 nus
1013 820 1206 856 Neapolitanus
1235 822 1351 850 intexuit
1375 823 1401 850 in
1430 831 1462 851 ea
1490 826 1642 852 narratione
1673 834 1725 860 qua

932 866 1134 894 translationem
1165 868 1286 902 corporis
1313 867 1342 896 S.
1366 868 1489 896 Severini
1517 878 1549 897 ex
1570 870 1720 899 Lucullana

930 913 1042 940 castello
1059 922 1106 949 per
1122 915 1293 942 occasionem
1321 915 1427 943 timoris
1443 916 1477 943 de
1492 919 1647 945 eorumdetn
1675 918 1725 945 Sa-

930 967 1090 987 racenorum
1109 961 1263 988 incursione
1280 961 1367 988 coorti
1391 961 1529 989 describit.
1547 961 1611 990 Eam
1630 963 1680 998 legi
1697 964 1722 991 in

929 1007 1114 1034 monumentis
1143 1015 1208 1035 mss.
1232 1006 1262 1035 P.
1280 1007 1387 1034 Octavii
1403 1007 1525 1042 Caetani,
1552 1015 1611 1043 qum
1634 1013 1722 1037 tamen

928 1052 1017 1079 adhuc
1030 1052 1078 1079 sub
1096 1051 1193 1080 incude
1220 1057 1371 1080 tornatttur.
1389 1053 1451 1080 llzee
1474 1053 1594 1081 Ecclesia
1619 1054 1723 1081 Tauro-

929 1097 1066 1124 menitana
1090 1097 1123 1124 de
1147 1098 1291 1133 episcopali
1319 1098 1397 1125 simul
1420 1101 1446 1126 et
1468 1098 1576 1133 politico
1609 1098 1723 1126 ﬂorente

927 1146 1000 1169 statu
1029 1142 1146 1176 decidit;
1175 1143 1222 1170 sed
1240 1142 1361 1176 profecto
1381 1143 1480 1175 decuit,
1496 1148 1523 1170 ut
1548 1151 1608 1178 quae
1633 1144 1722 1172 fuerat

928 1189 1056 1222 martyris
1073 1187 1102 1215 S.
1116 1187 1251 1215 Pancratii
1271 1189 1349 1223 primi
1377 1189 1492 1222 pastoris
1512 1191 1644 1224 sanguine
1670 1191 1721 1216 ini-

929 1232 1004 1264 tiata,
1021 1240 1052 1260 ea
1069 1237 1140 1260 esset
1155 1237 1182 1260 et
1203 1233 1332 1268 postremi
1354 1232 1447 1260 itidem
1473 1233 1604 1267 sanguine
1627 1235 1718 1261 censi-

926 1284 1018 1313 gnata.
1035 1278 1088 1305 Nec
1104 1285 1167 1305 vero
1183 1278 1253 1305 inter
1275 1280 1391 1313 pritnunt
1405 1284 1431 1306 et
1446 1284 1610 1313 postremum
1626 1285 1719 1315 pasto-

927 1331 980 1355 rcs,
1009 1324 1053 1358 qui
1078 1324 1196 1351 animam
1227 1331 1303 1351 suam
1330 1332 1379 1359 pro
1405 1325 1500 1352 ovilms
1529 1325 1718 1360 profuderunt,

925 1369 1014 1396 ovium
1037 1368 1156 1403 ipsarum
1175 1376 1236 1395 cum
1253 1368 1332 1403 lupis,
1348 1369 1389 1396 vel
1404 1369 1529 1402 ethnicis,
1548 1370 1588 1397 vel
1605 1370 1719 1398 Sarace-

925 1415 967 1442 nis
983 1414 1132 1442 Christiani
1150 1415 1266 1442 nominis
1288 1415 1411 1442 hostibus
1427 1423 1479 1442 non
1496 1421 1614 1450 spectata
1631 1423 1719 1444 certa-

925 1460 1018 1487 mina:
1037 1461 1118 1487 etiatn
1133 1460 1232 1487 decoro
1257 1451 1355 1487 civium
1375 1468 1483 1488 suorum
1503 1462 1634 1496 sanguine
1654 1471 1719 1490 cott-

924 1513 1016 1539 spersa
1032 1510 1058 1532 et
1072 1510 1176 1538 ornata,
1201 1505 1300 1532 utalia:
1314 1505 1416 1538 multae,
1434 1506 1551 1533 Ecclesia
1573 1507 1719 1535 Taurome-

925 1550 1028 1577 nitana.
1040 1549 1160 1577 Ostensze
1172 1550 1235 1577 tttilti
1251 1554 1313 1577 sunt
1324 1549 1495 1577 Tauromenti
1511 1551 1595 1585 picum
1607 1552 1717 1579 ossibus

924 1596 1097 1631 capsae‘duzc,
1113 1603 1173 1631 qum
1197 1596 1287 1622 multis
1311 1601 1373 1623 attte
1397 1596 1474 1623 annis
1491 1596 1518 1623 in
1534 1604 1599 1631 agro
1615 1596 1718 1625 Tauro-

923 1643 1060 1670 menitauo
1076 1651 1128 1670 non
1145 1643 1204 1670 sine
1219 1643 1316 1670 divinis
1332 1643 1524 1670 miraculorum
1553 1643 1715 1671 testimoniis

923 1692 1030 1718 inventa
1047 1695 1191 1726 erectaque
1209 1697 1280 1724 sunt,
1298 1691 1340 1718 vel
1358 1692 1459 1718 recenti
1482 1693 1569 1720 adhuc
1582 1694 1714 1728 sanguine

924 1738 1017 1770 tincta,
1033 1742 1060 1765 et
1074 1738 1138 1773 ipsis
1152 1738 1232 1765 etiam
1254 1738 1349 1765 mortis
1373 1739 1559 1766 instrumentis
1582 1739 1688 1766 conﬁxa
1703 1747 1710 1766 :

921 1783 969 1810 sed
990 1791 1103 1818 quorum
1124 1789 1284 1816 tttartyrum,
1314 1783 1424 1817 cujusir‘e
1450 1784 1577 1818 temporis
1596 1784 1640 1811 illa
1657 1786 1713 1812 'sittt

923 1830 1040 1856 nondum
1056 1834 1221 1862 compertum
1235 1830 1268 1855 ah
1285 1829 1360 1863 ipsis,
1376 1836 1424 1857 nec
1439 1829 1473 1856 ab
1489 1828 1610 1857 Romano
1627 1832 1713 1864 ponti-

922 1874 972 1901 lice
985 1875 1129 1901 sancitum.
1145 1874 1278 1901 Cteterum
1294 1882 1325 1901 ex
1341 1874 1462 1902 historiis
1477 1874 1547 1907 aliis,
1563 1882 1594 1902 ac
1615 1875 1712 1903 tabulis

921 1923 948 1946 et
965 1920 1146 1946 monumentis
1160 1919 1217 1945 haue
1246 1918 1419 1953 colliguntur.
1441 1918 1497 1946 Sub
1514 1919 1600 1954 ipsutn
1621 1919 1714 1948 Eccle-

921 1966 968 1994 siae
991 1972 1126 1998 exortum,
1160 1965 1282 2000 magistri
1311 1971 1337 1992 et
1361 1966 1492 1993 antistitis
1515 1967 1556 1993 sui
1577 1965 1712 1994 Pancratii

920 2013 1089 2042 documentis
1107 2013 1255 2045 instructm,
1273 2012 1450 2046 exemploque
1467 2014 1645 2046 cottiirmatzr,
1660 2013 1711 2041 SS.

919 2057 1047 2085 mulieres
1073 2056 1147 2083 Esia
1178 2055 1301 2083 Susanna
1323 2061 1351 2083 et
1370 2056 1477 2088 Zenais,
1494 2058 1526 2084 de
1549 2062 1663 2092 tyranno
1681 2065 1713 2086 ac

920 2110 985 2131 sexu
1014 2101 1137 2130 muliebri
1165 2101 1246 2129 morti
1272 2101 1464 2129 occumbentes
1501 2104 1711 2138 triumpharunt.

920 2150 986 2178 Cum
1003 2150 1031 2177 S.
1047 2147 1149 2176 Nicone
1165 2147 1259 2175 itidem
1276 2149 1412 2183 episcopo,
1423 2154 1501 2183 quem
1517 2154 1616 2183 quarto
1631 2157 1711 2184 supra

922 2196 1105 2235 recensuimns
1128 2195 1199 2227 loco,
1218 2195 1280 2222 caesi
1302 2198 1374 2226 sunt,
1403 2194 1483 2222 Decio
1502 2199 1647 2223 exercente
1672 2203 1712 2231 ty-

920 2241 1072 2273 rannidem,
1101 2240 1209 2267 ducenti
1236 2247 1291 2268 uno
1322 2240 1430 2272 minus,
1463 2240 1508 2274 qui
1534 2240 1712 2275 triumphanti

921 2287 982 2321 duci
1005 2294 1053 2314 suo
1070 2286 1139 2313 latus
1169 2287 1312 2321 stiparent,
1340 2286 1434 2313 eadem
1458 2286 1549 2314 laurea
1575 2287 1712 2321 redimiti;

891 2358 907 2375 β
919 2318 991 2366 ἧιιοά
1004 2332 1040 2359 ibi
1055 2332 1137 2359 etiam
1163 2318 1313 2365 attigimus.
1329 2332 1363 2358 At
1378 2339 1411 2359 ex
1428 2331 1596 2360 Diocletiano
1622 2318 1712 2367 impe;

921 2384 1011 2406 ratore
1027 2377 1078 2405 SS.
1094 2377 1196 2411 Sporus
1212 2382 1239 2404 et
1253 2377 1431 2406 Cornelianus
1453 2386 1514 2406 cum
1534 2379 1617 2406 sociis
1631 2386 1710 2406 sexa-

921 2425 994 2461 ginta
1008 2424 1129 2451 eamdem
1145 2423 1262 2450 retulere
1280 2423 1406 2457 palmatn.
1421 2423 1476 2451 Nec
1492 2431 1554 2451 vero
1567 2423 1596 2450 S.
1613 2423 1711 2451 Procu-

921 2471 965 2505 pio
988 2474 1125 2505 postremo
1150 2469 1276 2504 episcopo
1289 2473 1315 2496 et
1329 2473 1447 2504 martyre
1477 2469 1567 2496 socios
1594 2469 1712 2496 abfuisse

920 2516 1092 2547 crediderim,
1110 2515 1136 2542 in
1152 2515 1195 2542 illa
1221 2515 1414 2542 immanissima
1435 2520 1536 2548 strage,
1559 2522 1641 2549 quam
1663 2516 1712 2541 Sa-

919 2562 1022 2596 raceni,
1039 2562 1210 2590 Ehristianat
1245 2561 1382 2596 religionis
1408 2560 1577 2588 infestissimi
1609 2562 1712 2594 hostes,

920 2609 1040 2645 ejusdem
1070 2616 1152 2636 causa
1170 2608 1311 2639 dederuttt,
1335 2607 1392 2642 jam
1414 2613 1493 2642 capto
1517 2607 1710 2640 Taurontenio,

920 2662 1034 2689 quorum
1052 2653 1182 2681 fortassse
1209 2660 1287 2680 sacra
1303 2652 1418 2687 λείψανα
1435 2656 1498 2679 sunt
1510 2660 1569 2686 qua:
1590 2653 1713 2688 superio-

919 2701 995 2728 ribus
1019 2701 1098 2728 annis
1123 2699 1231 2727 inventa
1255 2699 1312 2735 jam
1337 2699 1470 2726 asservari
1492 2699 1547 2726 dixi
1562 2699 1589 2726 in
1610 2699 1711 2732 majore

920 2747 1096 2775 Tauromenii
1113 2746 1222 2781 templo.
1238 2745 1351 2773 Demutn
1366 2751 1417 2771 nec
1434 2744 1565 2780 virginum
1582 2751 1632 2773 nec
1647 2751 1712 2771 cou-

921 2794 1054 2821 fessnrunt
1086 2791 1198 2820 ﬂoribus
1228 2797 1305 2819 sacer
1336 2789 1582 2816 Tauromenitanus
1615 2789 1712 2816 hortus

924 2839 1021 2870 caruit,
1040 2844 1152 2871 quorum
1169 2836 1235 2863 odor
1251 2836 1304 2864 late
1323 2839 1483 2871 pervagatus
1498 2835 1542 2863 sit.
1558 2834 1596 2861 Ex
1611 2833 1710 2860 horum
