1874 3055
149 123 183 154 {,1
670 120 871 151 FRANCISCI
890 119 1022 151 SCORSl
1044 120 1263 154 PROOEMIUM
1285 122 1310 153 Ι.
1744 121 1777 154 68

146 181 218 209 enim
245 188 344 217 genere
361 179 470 208 fuerunt
495 179 618 213 Paulina,
637 179 692 215 jam
718 180 779 207 inde
794 188 807 206 a
822 178 852 206 S.
869 179 939 206 l'an-

147 227 233 254 cratio
260 225 369 254 Christo
390 225 496 259 dicata;
513 225 710 259 Epaphroditus
737 225 879 260 presbyter
907 223 941 251 ab

146 271 240 299 eodem
256 272 341 298 sacris
356 270 494 303 initiatus;
510 275 538 298 et
551 270 714 298 Christianis
729 269 940 303 imperatorilms

147 318 174 344 iu
200 317 308 344 Oriente
331 316 548 347 dominantibus,
579 316 684 344 Attalus
709 316 827 350 itemque
854 315 941 342 Lucas

148 364 258 391 abbates
280 363 352 390 circa
372 369 471 389 annum
489 361 542 389 800
559 362 750 388 monachorum
773 360 941 387 institutione

146 414 173 435 et
200 409 255 435 suis
281 408 329 441 ipsi
355 407 498 434 virtutibus
522 411 550 434 et
574 406 718 434 sanctitate
747 405 905 432 claruerunt
931 413 939 432 :

146 455 296 488 eodemque
323 453 433 486 Stet-nlo,
463 452 573 486 propius
596 453 628 478 ad
654 450 827 486 Theophanis
856 450 940 478 nostri

148 507 278 534 tempora,
298 499 402 532 Daniel,
419 499 448 526 S.
465 498 530 526 Elite
554 498 687 525 Enncnsis
709 497 866 531 discipulus,
885 504 941 523 nto-

147 547 257 574 nastica:
272 546 353 573 etiam
372 546 432 572 vitae
449 545 594 572 virtutibus
617 544 724 576 ﬂoruit;
753 545 823 571 sicut
844 542 941 569 Theo-

147 593 262 627 phanem
299 592 385 626 ipsum
415 591 512 625 publici
540 589 620 617 simul
645 595 671 617 et
697 589 793 623 privati
824 588 941 615 hominis

147 637 303 668 virtutibus.
330 637 447 670 episcopi
471 635 574 663 scilicet
592 641 619 662 et
634 635 810 664 confessoris.
829 633 862 660 de
879 634 941 668 qui-

147 684 197 710 bus
212 689 260 709 suo
276 682 333 708 loco
358 681 432 715 plttra
461 680 588 711 dicimus.
613 680 753 712 enituisse,
778 679 939 706 crediderim

147 729 237 762 potius
257 735 337 760 qttam
356 727 530 758 asseruerim,
551 726 612 752 dum
640 725 729 752 adltuc
751 725 824 752 nulla
845 718 941 752 aucto-

148 777 214 803 ritas
230 775 351 802 historia:
366 782 426 809 qua:
443 774 476 801 de
491 773 549 807 ejus
576 772 719 800 sanctitate
732 780 764 800 ac
779 777 866 799 morte
878 771 941 799 vita:

146 826 327 850 consentanea
353 820 431 848 ﬁdem
459 819 550 852 faciat,
575 823 697 853 apparet.
723 819 812 852 Atque
833 817 876 845 hic
890 817 941 845 Ec-

146 867 234 895 clesiae
253 865 488 894 Tauromenitana:
512 869 599 897 ortus,
620 871 791 899 progressus,
814 870 938 890 occasus.

146 946 160 982 §
178 945 221 974 lll.
253 945 348 981 Imago
363 944 445 972 beata:
472 943 589 979 Virginis
607 952 688 985 manu
702 951 753 970 non
779 943 851 978 facta
867 941 939 969 Tau-

521 987 642 1006 romenu.

183 1047 224 1076 Ad
247 1047 375 1075 Ecclesim
406 1046 645 1074 Tauromenitana:
672 1050 773 1073 statum
798 1049 824 1073 et
839 1045 939 1073 sancti-

149 1099 232 1122 tatem
257 1094 376 1129 pertinet
402 1101 455 1121 non
479 1093 558 1120 modo
588 1093 661 1128 qttod
691 1091 806 1130 apostoli
829 1092 936 1126 signata

151 1141 282 1175 vestigiis,
303 1144 452 1174 martyrum
479 1139 612 1174 sanguine
635 1139 774 1172 decorata,
796 1139 843 1166 sed
857 1138 938 1165 etiam

147 1187 216 1220 quod
247 1188 364 1221 imagine
393 1186 460 1212 diva:
490 1184 622 1219 Virginis,
654 1192 734 1219 quam
762 1183 940 1219 ἀχειροποίη-

147 1241 192 1258 τον
218 1232 317 1264 Graeci,
346 1232 371 1258 id
387 1236 429 1258 est
453 1239 505 1258 non
527 1230 710 1265 mauufuctam
730 1230 835 1262 dicunt,
858 1228 940 1256 fuerit

148 1280 217 1306 dono
236 1277 339 1306 ctelesti
356 1278 458 1305 dotata.
478 1276 542 1312 Ejus
564 1277 685 1304 meminit
700 1276 817 1304 Jacobus
830 1275 940 1304 Gretse-

149 1330 195 1350 rns
222 1323 248 1349 in
273 1329 355 1349 aureo
372 1322 505 1356 opusculo
529 1321 568 1348 De
593 1321 752 1356 imaginibus
781 1329 833 1348 non
858 1327 939 1347 manu

148 1367 235 1401 factis,
258 1367 328 1401 quod
349 1365 464 1392 attexuit
488 1365 559 1392 libro
581 1365 619 1392 De
646 1365 741 1399 ofﬁciis
770 1365 838 1392 aula'
871 1364 940 1392 Con-

147 1413 305 1446 stantinop.,
325 1412 372 1440 sed
401 1410 523 1444 profecto
540 1410 614 1437 nullo
633 1411 687 1438 alio
717 1415 839 1443 auctore,
857 1417 938 1444 quam

149 1466 182 1484 ex
200 1457 266 1485 Idea
292 1456 397 1485 Octavii
412 1456 535 1488 Caetani,
553 1463 633 1490 quam
659 1456 703 1483 ille
724 1455 816 1483 ldeam
836 1460 939 1490 utpro-

148 1503 260 1530 dromon
287 1502 320 1529 ad
352 1502 480 1529 historias
502 1501 554 1529 SS.
587 1501 742 1529 Siculorum
769 1501 864 1529 edidit.
883 1501 936 1529 Sed

148 1547 276 1576 Octavius
302 1547 438 1575 Caetanus
468 1555 526 1575 eam
554 1547 677 1575 notitiam
697 1548 802 1580 accepit
828 1555 861 1574 ex
891 1547 934 1575 Itis

150 1593 269 1620 homiliis
303 1592 478 1627 Theophanis
505 1593 638 1623 Ceramei.
666 1593 712 1627 qui
747 1593 782 1620 de
809 1593 867 1628 ipsa
896 1594 938 1622 bis

149 1639 314 1666 mentionem
345 1637 426 1665 facit:
461 1637 578 1672 primum
608 1638 682 1666 ltom.
709 1646 748 1671 ιι,
772 1638 803 1666 de
835 1647 864 1666 eo
892 1640 937 1674 qui

148 1684 240 1711 incidit
262 1684 289 1710 in
323 1683 450 1715 latrones,
477 1683 575 1716 initio;
601 1683 696 1710 deinde
721 1685 796 1711 hom.
824 1693 880 1717 ms,
906 1685 938 1712 de

150 1729 404 1764 Trumﬁguratione,
420 1730 482 1756 item
508 1729 534 1755 in
547 1730 687 1763 prommio.
715 1729 838 1762 Meminit
853 1731 936 1757 etiam

149 1775 181 1802 D.
211 1775 335 1802 Bocchus
365 1774 433 1802 Pirri
462 1775 488 1802 in
509 1774 609 1802 Notitia
629 1775 864 1803 Tauromenitanze
884 1776 937 1803 Ec-

148 1819 247 1851 clesiae,
271 1819 298 1846 in
320 1825 456 1852 extremo,
489 1820 536 1847 sed
561 1827 596 1847 ex
619 1821 713 1847 eodem
746 1820 937 1856 fonte.ltaque

146 1872 181 1892 ex
207 1870 300 1893 nostro
313 1865 490 1901 Theophane,
510 1867 581 1901 quod
597 1866 629 1893 ad
646 1866 793 1900 scriptorcs
807 1867 935 1902 pertinet.

147 1912 219 1938 illitis
239 1911 415 1939 traditionem
444 1912 525 1941 habet
543 1912 663 1940 Ecclesia
691 1912 932 1941 Tauromenitana.

145 1957 197 1984 llic
209 1958 260 1984 duo
273 1957 370 1984 asserit
389 1958 422 1984 ad
440 1958 509 1985 hanc
529 1958 717 1986 illustrandam
729 1959 860 1987 dicenda:
875 1967 936 1995 quae

145 2003 222 2038 origo
232 2003 312 2038 hujus
331 2003 476 2038 imaginis;
498 2012 551 2038 qtto
566 2004 697 2032 miraculo
710 2005 794 2038 facta,
813 2005 834 2033 si
851 2013 935 2040 opere

145 2057 279 2085 manuque
305 2050 423 2077 humana
440 2057 492 2077 non
515 2052 584 2086 picta
601 2059 607 2083 ;
627 2058 681 2086 quo
704 2056 847 2086 tempore;
863 2052 934 2080 unde

145 2101 249 2123 tantum
276 2097 375 2124 donum
406 2096 564 2129 advenerit;
590 2097 705 2124 alterum
734 2105 768 2124 an
790 2105 876 2133 usque
900 2097 933 2125 ad

145 2142 303 2170 hodiernum
325 2147 430 2177 terupus
440 2143 529 2178 imago
553 2143 621 2170 diva:
632 2143 751 2177 Virginis
766 2151 846 2177 quam
863 2143 935 2170 Tan-

144 2189 306 2216 romenitani
330 2197 427 2222 magna
454 2189 584 2224 religione
604 2196 635 2216 ac
665 2189 718 2216 fide
740 2189 933 2224 tniracmum

142 2239 317 2266 venerantur,
336 2242 416 2269 quam
441 2241 503 2268 ego,
528 2241 589 2261 cum
611 2233 675 2261 illuc
693 2234 765 2262 nullo
782 2235 834 2262 alio
844 2229 932 2274 ﬁdem

143 2280 203 2315 ejus
234 2280 354 2307 visendas
381 2281 489 2313 negotio
511 2286 553 2306 me
575 2279 688 2312 contuli,
709 2280 795 2307 oculis
816 2280 901 2308 lustra
925 2282 930 2288 '

143 2326 290 2359 animoque
311 2333 370 2352 sum
393 2329 550 2357 veneratus,
567 2325 602 2351 sit
617 2326 710 2352 eadem
740 2334 799 2361 quae
824 2288 978 2388 dXEtp;\

144 2372 258 2388 ,λιιι-ιιι
272 2370 442 2388 ἸῚιοΛηΙι-λιιῖα
461 2376 580 2388 Ιηηιιυηο
614 2370 665 2388 ειμι
683 2371 715 2388 ,1η
730 2377 842 2388 III-unua
855 2373 930 2388 nl”..-

143 2326 290 2359 animoque
311 2333 370 2352 sum
393 2329 550 2357 veneratus,
567 2325 602 2351 sit
617 2326 710 2352 eadem
740 2334 799 2361 quae
824 2325 933 2362 ἀχειροέ

144 2372 258 2406 min-.0;
272 2370 444 2405 Theophanis
461 2376 591 2405 tempore.
613 2370 666 2398 Sed
683 2371 715 2399 de
730 2377 842 2406 ulraqtte
855 2373 932 2407 plura

143 2422 265 2451 optarem
282 2421 311 2443 et
325 2417 442 2444 certiora
459 2416 558 2444 afferre
573 2419 654 2451 quam
675 2417 772 2445 habeo.
792 2418 844 2446 Sed
859 2420 931 2446 enirn

142 2463 231 2498 primo
249 2463 288 2490 uti
316 2469 391 2490 certa
419 2469 446 2490 et
476 2463 544 2491 bene
568 2464 705 2498 disputata
724 2472 756 2492 ea
785 2472 853 2499 pono
871 2472 932 2500 qua:

144 2510 214 2536 idem
240 2509 357 2537 Jacobus
389 2508 535 2537 Gretserus
556 2509 662 2542 scribit,
687 2517 729 2542 eo,
749 2517 827 2544 quem
853 2511 932 2537 modo

143 2555 271 2587 diximus,
288 2555 502 2586 Commentario,
518 2556 741 2591 ἀχειροποίητον,
756 2556 933 2597 εἰηᾳιέάχειρό-

143 2609 257 2627 τευκτον
269 2609 276 2627 :
290 2607 350 2626 nam
371 2605 398 2628 et
411 2602 465 2628 haec
477 2609 528 2628 vox
543 2602 569 2628 in
588 2609 637 2628 usu
654 2602 724 2634 apud
739 2601 931 2635 Theophanem

143 2650 266 2673 nostrum
281 2654 287 2672 :
307 2646 452 2680 imaginem
476 2647 602 2674 universe
623 2651 756 2680 sumptam
772 2654 832 2674 esse
850 2647 931 2682 quid-

143 2691 208 2726 quid
234 2692 360 2719 excludat
382 2692 505 2720 humanzn
538 2700 632 2719 manus
655 2700 776 2726 operam.
799 2698 930 2726 quantum

144 2737 176 2764 ad
197 2737 251 2763 vim
279 2737 416 2768 vocabuli,
436 2743 463 2765 et
483 2737 524 2764 vel
547 2738 641 2765 divino
654 2738 694 2764 vel
712 2738 835 2772 angelico
849 2745 933 2771 opere

143 2782 267 2810 eﬂ'ectum
280 2782 323 2809 sit.
333 2782 392 2815 Quo
401 2790 481 2810 sensu
492 2783 671 2810 universalem
682 2783 810 2809 mundurtt
823 2783 931 2818 ἀχειρο-

144 2828 258 2863 ποίητον
286 2832 358 2856 recte
374 2827 489 2860 dixeris,
517 2831 611 2862 utpote
639 2827 698 2854 sine
723 2827 801 2854 ullius
834 2835 932 2856 manus

996 179 1159 213 ministerio,
1188 180 1234 208 Dei
1264 187 1330 208 voce
1357 184 1479 216 nutuque
1501 179 1651 208 conditum.
1681 178 1778 207 Deinde

992 232 1053 252 cum
1081 225 1244 260 imaginilms
1262 227 1313 254 hoc
1341 227 1490 261 epithetum
1523 225 1678 261 apponitur,
1694 225 1777 259 signi-

993 272 1074 299 licare
1090 279 1137 299 eas
1157 272 1303 306 imagines.
1316 273 1374 300 sive
1389 271 1491 299 Christi
1512 272 1570 300 sive
1585 271 1704 305 Virginis
1722 271 1779 306 ejus

992 318 1099 348 Matris.
1125 326 1193 353 quas
1213 319 1254 346 vel
1281 319 1325 346 ille
1354 319 1445 346 linteis
1466 326 1513 346 seu
1543 317 1660 346 sudariis
1672 317 1779 344 admota

991 370 1040 390 sua
1068 363 1137 390 facie
1157 364 1314 397 imprimere
1338 364 1466 399 dignatus
1488 368 1539 396 est,
1573 363 1614 390 vel
1638 362 1721 396 Virgo
1732 362 1778 389 ali-

992 415 1045 442 quo
1073 408 1205 436 miraculo
1230 413 1258 436 et
1281 399 1367 444 anﬁli
1387 416 1469 442 opera
1499 409 1638 435 exhibere.
1676 406 1778 434 Christi

992 454 1123 488 imagines
1151 462 1202 481 non
1220 462 1299 482 manu
1328 455 1438 482 ell'ectas
1456 459 1512 481 tres
1527 462 1560 480 ex
1577 453 1698 480 historiis
1710 453 1780 480 cele~

991 499 1084 527 brari:
1115 501 1274 528 Edessenam
1289 501 1398 529 missam
1419 509 1433 527 a
1446 501 1556 528 Christo
1587 500 1619 526 ad
1643 499 1780 534 Abgarum

992 546 1100 573 Edessa:
1128 546 1286 581 toparcham
1299 555 1306 578 ;
1321 546 1534 578 Camulieusem,
1549 553 1564 573 a
1587 545 1698 573 civitate
1712 544 1780 578 Cap-

991 593 1112 627 padociae
1141 600 1238 619 nomen
1269 594 1405 624 sortitam,
1424 593 1502 627 cujus
1528 593 1650 627 synodus
1661 591 1780 618 secunda

991 638 1099 666 Niemna
1137 646 1185 672 pro
1224 638 1386 666 venerandis
1426 638 1588 672 imaginibus
1619 641 1780 672 congregata

991 684 1155 711 mentionent
1184 684 1270 716 facit;
1301 685 1417 716 tertiam,
1448 691 1528 718 quam
1547 681 1721 713 Veronicam,
1734 688 1779 708 seu

990 729 1091 757 Christi
1114 729 1218 757 vultum
1247 730 1330 757 linteo
1348 737 1397 756 seu
1426 729 1565 756 sudarioa
1593 727 1702 755 Christo
1719 728 1779 754 dum

990 775 1024 802 ad
1045 775 1177 802 Calvarize
1205 780 1324 802 montem
1346 776 1502 806 duceretur,
1529 775 1712 808 impressum;
1745 771 1778 799 ad

991 821 1041 848 hoc
1067 829 1151 855 genus
1170 820 1263 848 referri
1290 821 1371 847 etiam
1400 827 1479 854 posse
1500 827 1559 846 eam
1586 819 1669 846 totius
1685 825 1781 852 corpo-

991 866 1028 893 ris
1050 866 1176 901 elligiem,
1197 874 1278 901 quam
1295 867 1321 893 in
1344 867 1458 894 sindone
1481 873 1533 900 qua
1556 865 1582 892 in
1601 864 1729 899 sepulcro
1743 865 1782 891 in-

990 912 1098 948 volutus
1129 912 1180 939 fuit
1203 912 1340 946 Christus,
1376 912 1528 945 expressit;
1551 919 1653 946 easque
1680 918 1777 938 omnes

990 955 1121 990 imagines
1137 960 1164 982 et.
1188 956 1239 983 title
1264 955 1361 990 dignas
1380 955 1485 987 haberi,
1510 959 1537 982 et
1552 955 1699 982 multorum
1713 954 1781 982 scri-

989 1006 1097 1035 ptorum
1131 1001 1305 1034 testimoniis,
1335 1006 1362 1028 et
1386 1001 1553 1028 venerationi
1585 1008 1701 1028 summae
1724 1007 1781 1027 esse

991 1047 1016 1074 in
1037 1046 1161 1074 ecclesiis
1187 1036 1233 1072 ubi
1257 1053 1296 1073 e:e
1308 1051 1461 1073 servantur.
1489 1045 1592 1073 Praeter
1608 1045 1656 1072 has
1673 1045 1775 1072 Christi

991 1092 1096 1119 Domini
1126 1092 1270 1126 imagines.
1296 1091 1420 1127 leguntur
1446 1091 1528 1118 etiam
1548 1091 1682 1126 imagines
1693 1090 1778 1117 beata:

989 1137 1110 1173 Virginis
1133 1138 1347 1173 ἀχειροποίητοι.
1381 1137 1509 1164 Testatur
1532 1136 1714 1169 Theophanes
1738 1136 1779 1162 lti-

989 1184 1106 1211 storicus
1129 1191 1161 1210 ex
1186 1182 1302 1216 Georgio
1316 1182 1418 1213 Pisiila.
1437 1187 1463 1208 et
1478 1182 1621 1209 Matthxeus
1638 1181 1778 1209 Westmo-

989 1230 1176 1262 nastcriensis,
1197 1229 1333 1256 referente
1350 1229 1444 1255 eodem
1457 1227 1597 1259 Gretsero,
1612 1235 1645 1255 ex
1662 1235 1719 1262 qtto
1730 1233 1779 1254 nos

988 1277 1155 1311 accepimus"
1181 1275 1334 1302 lleracliutn
1366 1275 1566 1308 imperatorem,
1584 1273 1777 1311 anno-imperii

989 1319 1032 1351 sui
1055 1323 1161 1350 dcciuto
1181 1323 1311 1349 adversus
1337 1320 1505 1348 Cltosdroain
1533 1325 1623 1348 castra
1643 1309 1776 1353 ml’visse,

989 1375 1049 1396 cum
1079 1369 1160 1395 ferret
1182 1376 1274 1396 secum
1295 1371 1396 1394 sancta:
1410 1366 1455 1393 Dei
1484 1365 1636 1393 Gunitricis
1659 1356 1778 1398 iconem,

988 1422 1049 1449 quae
1072 1414 1144 1449 apud
1159 1413 1318 1450 Byzantium
1333 1417 1385 1445 est,
1405 1420 1458 1440 non
1483 1413 1602 1439 hominis
1620 1419 1716 1444 tnanu,
1734 1412 1779 1439 sed

988 1459 1078 1486 divino
1094 1459 1226 1486 miraculo
1241 1459 1338 1493 pictam
1353 1467 1360 1485 :
1373 1457 1451 1492 cujus
1466 1456 1592 1492 prtesenti
1620 1463 1673 1490 ope
1683 1456 1778 1483 fultum

988 1505 1144 1534 Heraclium
1167 1512 1262 1532 omnes
1293 1504 1411 1532 hostium
1436 1504 1529 1538 copias
1556 1502 1673 1535 fudisse,
1702 1501 1789 1537 fttgao‘

987 1551 1070 1579 visse.
1098 1549 1338 1578 AdditGretserus
1360 1556 1414 1575 non
1430 1554 1581 1583 repugnare
1602 1547 1667 1574 huic
1684 1553 1779 1573 narra-

988 1596 1056 1624 tioni
1085 1601 1209 1624 auctares
1233 1595 1278 1630 qui
1307 1593 1340 1622 ab
1358 1593 1484 1621 Heraclio
1510 1592 1611 1619 Cltristi
1629 1592 1778 1626 imaginem

987 1643 1094 1679 (quam
1122 1642 1332 1674 Camuliensem,
1363 1645 1391 1668 ut
1418 1648 1498 1675 supra
1524 1639 1667 1672 diximus.
1697 1639 1780 1667 fuisse

986 1687 1104 1723 oportet)
1132 1686 1320 1714 circumlatum
1345 1686 1371 1712 in
1397 1685 1518 1712 exercitu
1544 1689 1625 1719 atque
1641 1685 1703 1712 acie
1728 1689 1780 1711 tra-

987 1735 1069 1765 dunt;
1100 1732 1199 1767 duplici
1245 1731 1378 1766 siquidem
1406 1730 1524 1764 imagine
1566 1731 1644 1765 quasi
1671 1731 1779 1765 gemino

987 1779 1083 1815 clypeo
1116 1782 1254 1813 protectus
1280 1777 1306 1804 in
1336 1777 1429 1804 hostes
1467 1775 1607 1803 lleraclius
1643 1776 1777 1803 irruebat.

985 1827 1134 1853 Auctorum
1162 1824 1277 1851 aliorum
1304 1823 1468 1855 tesﬁntottia,
1491 1823 1535 1857 qui
1567 1822 1645 1849 fidem
1679 1822 1780 1850 faciant

986 1873 1050 1900 huic
1068 1872 1193 1907 imaginis
1222 1871 1362 1903 miraculo,
1383 1871 1465 1897 habes
1491 1870 1559 1904 apud
1589 1871 1677 1904 ipsum
1701 1871 1778 1898 Crete

987 1925 1087 1946 serum.
1114 1917 1172 1944 Alia
1202 1921 1330 1951 prtetcrea
1358 1916 1478 1950 Deiparzc
1494 1915 1581 1949 imago
1599 1922 1652 1941 non
1684 1923 1774 1941 mattu-

985 1964 1055 1991 facta
1087 1963 1185 1998 legitur
1212 1963 1238 1990 in
1269 1962 1355 1996 pretio
1379 1962 1507 1996 cultuque
1534 1961 1636 1994 fuisse,
1662 1962 1775 1988 condito

985 2010 1012 2037 iu
1031 2009 1096 2042 ejus-
1112 2007 1244 2047 nam
1276 2008 1451 2039 monasterio,
1468 2006 1578 2042 ejuSque
1596 2006 1686 2034 cultus
1697 2008 1776 2034 etiam

984 2059 1061 2088 capta
1080 2061 1094 2080 a
1113 2052 1214 2086 Turcis,
1233 2051 1469 2087 Constantinopoli
1501 2053 1701 2086 permansisse.
1724 2052 1777 2079 Ma-

984 2098 1072 2126 laxius
1091 2098 1161 2126 enim
1175 2097 1385 2132 Peloponnesius
1398 2098 1425 2125 in
1446 2096 1564 2124 Historia
1581 2098 1775 2131 parriarclu'ra,

984 2145 1030 2172 ttbi
1053 2145 1087 2171 de
1116 2144 1242 2180 Dionysio
1269 2143 1421 2178 patriarcha
1450 2143 1572 2178 deposito
1587 2145 1775 2176 patriarchatu

984 2198 1076 2218 sermo
1093 2199 1100 2218 :
1128 2190 1194 2217 Cum
1215 2189 1333 2216 omnibus
1351 2182 1439 2215 “rebus
1454 2196 1519 2224 quas
1538 2188 1660 2221 habebat,
1678 2189 1775 2224 inquit.

984 2237 1103 2264 discessit
1132 2235 1371 2269 Constantinopoli,
1398 2240 1421 2262 el
1444 2235 1470 2261 in
1491 2235 1684 2261 monasterium
1707 2235 1776 2262 San-

984 2283 1107 2310 ctissintw
1127 2281 1381 2316 Ἀχειροπριήτου,
1400 2289 1479 2308 manu
1490 2289 1540 2308 non
1553 2281 1630 2315 fac/ce
1652 2280 1775 2315 Deiparw

983 2325 1360 2362 Conissw-pmpo’Cabnlam
1387 2327 1467 2353 situm
1494 2326 1615 2353 intravit.
1641 2325 1683 2353 Ad
1698 2333 1777 2360 quem

984 2375 1072 2403 locum
1094 2375 1129 2401 ita
1155 2373 1300 2401 Gretserus
1326 2373 1419 2400 subdit
1438 2372 1512 2407 (Quid
1527 2372 1599 2399 enini
1611 2380 1662 2407 ego
1678 2373 1775 2400 tnelius

984 2409 1180 2454 adtendi”:
1219 2418 1294 2446 Vides
1330 2418 1372 2444 hic
1400 2419 1477 2445 etiam
1518 2417 1639 2452 Driparre
1667 2419 1777 2453 ἀχειρο-

984 2458 1094 2502 ποίήὲον
1116 2465 1277 2498 imaginem;
1300 2463 1470 2498 undecunque
1500 2464 1548 2490 hoc
1566 2471 1658 2489 nomen
1683 2467 1777 2495 adepta

983 2512 1095 2543 εἱινδὶυε
1110 2512 1165 2545 ipsa
1183 2509 1260 2545 Virgo
1274 2510 1354 2536 linteo
1368 2510 1450 2536 alicui
1467 2510 1563 2543 [aciem
1576 2517 1654 2535 suam
1669 2509 1778 2543 impres-

958 2556 1059 2591 i‘sgn‘t,
1076 2557 1128 2582 sire
1157 2557 1190 2582 ab
1212 2547 1316 2589 angelo.
1332 2555 1451 2588 deposita
1479 2554 1572 2588 fuerit,
1600 2553 1777 2589 ἀχειροποίη-

983 2610 1029 2629 τον
1055 2606 1124 2628 certe
1142 2601 1286 2626 humanum
1302 2600 1452 2633 peniti/lum
1472 2600 1601 2626 excludit.
1627 2600 1683 2626 Nec
1714 2599 1776 2626 alibi

946 2643 949 2649 ’
982 2645 1166 2716 mthod
1185 2645 1217 2671 de
1237 2645 1422 2679 Itacimaqine,
1446 2645 1515 2679 quod
1542 2645 1638 2676 sciam,
1667 2645 1775 2676 lectum_

983 2684 1080 2716 Est-ut
1095 2698 1133 2716 em
1146 2689 1245 2716 Cubala
1263 2689 1358 2716 duplex
1379 2697 1386 2716 :
1405 2689 1488 2715 altera
1503 2689 1564 2714 nrbs
1587 2688 1719 2716 Thraciw.
1737 2688 1775 2715 nl-

982 2684 1133 2718 Εεῖῗπῆρηι
1146 2689 1245 2716 Cubala
1263 2689 1358 2722 duplex
1379 2697 1386 2716 :
1405 2689 1488 2715 altera
1503 2689 1564 2714 nrbs
1587 2688 1719 2722 Thraciw,
1737 2688 1776 2715 nl-

983 2741 1038 2763 tera
1060 2735 1195 2762 castellum
1224 2743 1303 2766 supra
1331 2733 1473 2761 Iconium:
1501 2735 1555 2761 utri
1575 2734 1626 2760 hoc
1646 2740 1777 2761 monaste-

983 2782 1050 2808 rium
1067 2781 1180 2808 vicinum
1208 2780 1296 2814 fuerit,
1331 2780 1416 2806 dicere
1444 2788 1495 2806 non
1527 2780 1621 2806 habeo.
1645 2779 1776 2807 Credibile

984 2833 1020 2855 est
1034 2828 1065 2854 de
1090 2826 1190 2854 Cabala
1212 2826 1328 2853 Thraciae
1351 2826 1378 2852 id
1396 2825 1575 2859 accipiendum
1594 2834 1661 2853 esse.
1679 2825 1775 2853 llacte-
