1874 3055
76 112 104 145 63
560 107 760 138 FRANCISCI
781 107 910 137 SCORSI
934 105 1148 136 l‘ROCEMIUM
1171 105 1190 136 l.
1652 105 1688 138 το

75 177 117 196 nus
141 167 289 198 Grctserns,
319 164 363 200 qui
381 171 407 193 et
435 165 556 199 sequenti
581 164 702 199 proxime
717 171 844 198 paragra-

77 217 122 250 pho
137 213 249 247 ejusdem
262 211 358 246 capitis
373 211 407 239 de
424 217 516 238 nostro
531 211 714 238 teStimonium
731 209 843 243 profert.

76 257 225 286 Tauromenii
249 258 277 284 in
295 257 389 284 Sicilia
412 257 507 283 colitur
522 256 629 290 antiqua
656 255 742 288 imago
765 253 846 280 licata:

81 306 178 340 Virginis
194 312 241 330 non
264 303 441 336 nrmmfacla;
465 301 551 336 qualis
571 301 651 327 etiam
675 308 730 326 esse
745 301 846 326 videtur

75 352 115 377 illa
139 350 253 382 Deipara:
278 349 366 384 imago
392 348 518 375 divinitus
542 347 613 382 picta
638 354 696 381 qua:
708 345 805 372 colitur
819 345 847 371 in

80 396 143 422 Valle
171 394 264 427 Viridi,
288 395 316 422 in
341 399 428 421 monte
448 393 545 425 lEtna,
569 398 597 419 nt
615 392 704 419 scribit
719 391 845 418 Octavius

77 442 246 469 Constantinus
271 441 342 476 (lege
372 439 529 472 Caelanns;
550 439 745 467 Constantinus
773 438 845 465 enim

75 494 110 516 est
132 495 222 514 nomen
247 487 328 514 utrius
358 494 391 513 ex
426 486 553 512 fratribus
588 485 708 520 ejusdem
728 483 845 514 Octavii,

76 533 185 560 monachi
203 537 229 559 ct
260 531 366 559 abbatis
385 531 489 558 ordinis
516 530 608 558 Sancti
634 529 773 557 Benedicti
790 529 798 563 )
818 529 844 555 in

78 579 132 606 Idea
160 578 242 612 operis
267 578 301 605 de
332 578 431 604 sartclis
455 576 566 604 Sicilire.
595 576 685 611 Atque
714 575 846 602 hactenus

76 625 159 652 thesim
187 625 248 651 huic
272 631 341 651 mea:
370 623 527 650 tractationi
557 621 687 657 prmtexui
709 629 741 648 ex
755 621 847 648 relatis

76 679 87 698 :i
108 671 286 699 Gretsero:et
307 677 341 698 ex
365 676 465 705 genere
477 670 572 696 harum
594 668 702 696 iconum
719 667 846 695 universo

76 715 142 741 Iidem
158 713 220 740 mihi
249 713 365 746 munivi,
394 718 422 740 ut
441 720 493 741 non
524 712 664 740 videretur
689 711 846 739 incredibile

77 759 240 794 hujuscemodi
275 759 423 793 imaginem
466 757 677 794 ἀχειροποίητον
708 757 846 785 exstitisse

76 804 240 837 Tauromenii,
271 811 337 832 cum
359 804 427 831 alias
446 803 509 831 alibi
522 811 555 830 ex
586 803 669 831 certis
688 802 846 831 auctoribus

76 855 167 877 exstare
183 854 274 877 notum
302 850 352 877 sit.
379 849 448 882 Quid
475 849 556 884 igitur
570 849 604 876 de
616 848 846 876 Tauromenitana

77 897 176 931 imagine
203 895 272 924 diva:
300 895 421 930 Virginis
446 903 498 923 non
523 894 676 922 mannfacta
705 894 847 921 dixerim?

77 942 189 976 Equidem
207 946 281 968 certa
302 949 354 976 pro
382 940 473 973 certis,
502 940 624 975 conjecta
641 947 690 975 pro
718 939 847 974 conjectis

76 988 149 1015 dabo:
177 995 263 1022 neque
295 987 370 1015 enim
398 987 423 1014 in
458 991 531 1014 tanta
558 986 718 1021 antiquitate
740 991 846 1021 tempo-

78 1041 125 1059 rum
137 1037 162 1060 et
179 1032 300 1060 historiae
327 1032 440 1067 penuria
463 1031 551 1066 potius
563 1031 672 1058 faciam.
702 1031 847 1058 Exstitisse

78 1079 212 1113 hujusmodi
235 1078 386 1114 imaginem
410 1077 624 1114 ἀχειροποίητον
651 1082 678 1105 et
697 1078 846 1111 religiosis-

77 1126 132 1152 sime
164 1124 340 1152 Taummenii
368 1124 470 1151 cultam
506 1124 681 1158 Theophanis
713 1129 846 1159 tempore,

77 1177 142 1207 atque
160 1172 238 1199 etiam
266 1175 324 1198 toto
353 1171 399 1198 illo
414 1175 535 1205 tempore
563 1170 634 1204 quod
652 1169 845 1197 Saracenicam

77 1217 223 1252 tyrannidem
236 1218 399 1249 antecessit,
423 1217 494 1244 haud
507 1217 533 1243 in
559 1216 669 1244 dubium
683 1217 843 1244 vertendum

78 1264 130 1292 mihi
148 1264 259 1295 videtur,
275 1270 341 1291 cum
365 1268 418 1290 tant
431 1263 534 1291 diserte
550 1262 658 1290 duobus
685 1263 710 1290 in
729 1263 796 1290 locis
811 1263 845 1290 de

77 1315 102 1335 ea
138 1307 311 1342 Theophanes
342 1307 507 1341 meminerit,
539 1312 566 1335 et
590 1307 721 1343 glorietur
748 1309 773 1334 in
799 1315 847 1335 sua

77 1354 176 1382 Ecclesia
187 1359 213 1382 et
228 1355 307 1382 urbe.
317 1354 454 1382 Caeterum
471 1355 542 1382 unde
553 1359 581 1382 et
593 1355 724 1388 originem
745 1354 848 1382 habue-

76 1401 112 1433 rit,
125 1409 174 1436 qua
189 1408 270 1436 opera
286 1400 395 1433 effecta,
411 1405 439 1428 et
453 1408 487 1428 an
504 1403 671 1436 archetypon
691 1401 846 1436 εἱιάχειρό-

74 1455 178 1479 reum,
198 1455 232 1475 an
260 1451 391 1482 eclypon,
421 1446 473 1475 hoc
499 1451 542 1475 est
567 1455 598 1475 ex
629 1451 773 1482 prototypo
799 1455 847 1475 ex-

75 1501 179 1528 pressum
208 1493 400 1525 simulacrum,
421 1493 501 1528 idque
532 1493 590 1522 sive
619 1493 761 1527 miraculo,
787 1493 846 1521 sive

75 1539 169 1573 pictoris
210 1546 297 1575 opera
344 1539 549 1567 accuratissime
580 1539 746 1572 deductum;
777 1540 848 1575 quod

75 1591 148 1613 tamen
173 1585 242 1613 idem
267 1585 344 1620 quod
373 1585 541 1620 archetypon
570 1591 669 1612 nomen
701 1585 848 1621 ἀχειροπο-

75 1631 136 1666 ίητον
149 1631 271 1662 retineat,
297 1631 369 1665 quod
383 1631 454 1658 illius
471 1630 507 1658 sit
533 1630 630 1662 instar,
648 1631 721 1665 quod
736 1631 763 1657 in
779 1631 848 1658 mul-

75 1674 102 1701 tis
120 1673 302 1708 hujuscemodi
330 1677 386 1701 tum
411 1673 523 1707 Christi,
543 1678 599 1700 tum
626 1673 747 1708 Deiparaa
760 1675 848 1702 conti-

75 1719 133 1753 gisse
155 1713 222 1747 idem
259 1719 412 1747 Grelserus
438 1723 535 1747 auctor
557 1724 610 1747 est.
636 1719 769 1748 Praeterea
793 1729 847 1756 quo

74 1763 117 1791 alio
126 1764 262 1798 miraculo,
287 1771 342 1799 quo
355 1768 477 1798 tempore
494 1763 598 1799 perlata
615 1763 841 1799 Tauromenium,

76 1808 132 1835 idem
149 1809 232 1836 dicam
259 1809 337 1844 quod
362 1809 444 1843 paulo
467 1812 530 1836 ante
555 1808 702 1836 Gretserus
716 1809 749 1836 dc
777 1809 847 1836 ima-

77 1854 125 1888 gine
146 1854 263 1889 Deiparte
282 1861 337 1881 non
355 1853 511 1881 manufaeta
541 1854 662 1882 Conissa:
685 1857 844 1883 monasterii

78 1907 143 1934 prope
152 1899 293 1932 Cabalarn,
318 1900 384 1928 nihil
398 1900 461 1927 alibi
475 1900 507 1928 de
521 1900 762 1933 Tauromenitana,
775 1902 847 1937 quod

77 1947 153 1977 sciam,
182 1948 326 1974 traditum.
365 1946 402 1973 De
435 1946 522 1973 altero
551 1953 628 1979 vero,
656 1947 729 1981 quod
761 1955 844 1983 supra

77 1999 248 2026 proposueram
259 1992 432 2027 agitandum,
447 1999 481 2019 an
504 1992 594 2027 imago
610 1992 696 2020 beata:
710 1992 843 2028 Virginis,

76 2047 141 2073 quam
165 2039 240 2068 hodie
255 2039 482 2067 Tauromenitani
500 2046 548 2073 per
558 2046 693 2065 summam
721 2039 846 2074 pietatem

77 2084 162 2116 colunt,
189 2092 271 2120 quam
290 2089 432 2118 patronam
461 2082 608 2118 appellant,
637 2083 665 2110 in
688 2091 740 2117 qua
751 2091 846 2112 eorum

76 2139 126 2165 spes
143 2138 257 2166 opesque
281 2132 309 2158 in
335 2130 415 2157 rebus
436 2128 542 2157 alllictis
565 2130 637 2162 sitat,
657 2129 729 2164 quod
761 2130 844 2158 etiam

77 2176 180 2203 nonnulli
198 2184 258 2213 ‘non
288 2176 414 2208 vulgares
434 2175 484 2202 viri
517 2183 570 2202 non
588 2175 772 2202 manuiactam
799 2183 849 2204 vo-

77 2228 137 2255 cant,
159 2221 284 2250 eamdem
305 2223 341 2249 sit
356 2225 438 2256 atque
456 2221 500 2247 illa
513 2227 574 2256 qua:
588 2219 764 2256 Theophanis
777 2226 845 2248 tem-

76 2274 128 2300 pore
147 2267 306 2299 exstitisset,
331 2266 366 2293 ita
387 2269 415 2293 ut
430 2266 510 2293 etiam
535 2265 632 2301 impias
647 2265 847 2294 Saracenorum

76 2319 156 2341 manus
167 2313 302 2349 etl‘ugerit,
315 2317 343 2340 et
362 2312 396 2339 ab
417 2319 511 2339 eorum
535 2316 563 2338 et
586 2311 716 2345 temporis
743 2310 849 2345 injuriis

76 2359 204 2392 vindicata,
235 2365 263 2386 et
286 2366 373 2393 usque
396 2357 430 2385 ad
456 2357 505 2385 hoc
535 2362 641 2392 tempus
666 2361 741 2385 sarta
773 2361 844 2385 tecta

78 2411 177 2438 servata,
205 2405 278 2440 quod
306 2409 381 2433 esset
399 2403 476 2431 alteri
493 2404 623 2430 miraculo
639 2403 844 2437 ascribendum,

79 2452 185 2483 equidem
199 2452 255 2478 haec
269 2455 433 2485 argumenta
445 2450 541 2483 habeo,
555 2454 583 2476 ut
595 2450 718 2478 eamdem
728 2450 848 2478 credam.

79 2495 180 2524 Priorum
202 2498 266 2532 quia
283 2497 363 2532 vulgo
383 2504 443 2524 eam
467 2495 780 2530 DeiparamGrzecorum
799 2503 848 2530 ap-

80 2543 173 2576 pellant,
208 2544 280 2571 unde
307 2544 373 2571 mihi
406 2544 435 2570 lit
451 2543 601 2578 probabile,
620 2551 652 2570 ex
668 2550 701 2570 eo
720 2548 843 2578 tempore

80 2596 122 2623 quo
149 2591 301 2618 Graecorum
328 2589 449 2617 Ecclesia
467 2594 493 2616 et
517 2590 586 2616 ritus
605 2588 781 2616 Tauromenii
796 2588 846 2616 llo-

80 2637 193 2668 rescehat,
215 2637 267 2664 hoc
293 2641 335 2662 est
358 2634 533 2669 Theophanis
551 2641 683 2670 tempore,
713 2642 772 2661 eam
798 2642 847 2669 ap-

81 2681 231 2714 pellationem
243 2683 401 2713 deductam,
414 2685 442 2708 et
462 2688 508 2715 per
529 2689 627 2708 manus
639 2681 672 2708 ad
683 2681 741 2708 lrazc
759 2689 847 2715 usque

83 2730 184 2760 tempora
215 2728 368 2760 traditam;
399 2726 495 2754 deinde
516 2728 586 2761 quod
607 2735 668 2754 eam
691 2726 718 2754 in
744 2735 848 2754 summa

83 2778 193 2804 aquarum
217 2775 370 2809 pluviarum
397 2773 523 2808 penuria,
553 2773 663 2800 unicum
691 2778 850 2807 certumque

83 2819 213 2855 Perfugium
240 2821 468 2849 Taurorucnilani
488 2820 599 2859 habent,
615 2825 642 2848 et
659 2820 692 2848 ad
717 2825 849 2848 camtan-

903 169 984 196 quant
999 161 1100 188 fontem
1120 163 1241 189 omnium
1270 161 1418 197 gratiarum
1434 163 1555 195 uberem,
1572 163 1686 198 prlitunr

899 215 983 242 aquas
994 211 1139 234 accurrunt
1151 217 1157 234 :
1170 215 1201 234 ac
1210 208 1250 235 vix
1260 215 1306 243 per
1319 209 1410 236 urbem
1421 209 1565 243 circumagi
1573 210 1688 237 solemur

899 254 1096 288 supplicatione
1120 258 1220 288 coepta,
1244 261 1305 280 cum
1342 261 1401 281 eam
1435 255 1614 282 intermittere
1641 263 1687 283 co-
1731 265 1738 274 ι

899 305 1001 334 gunlur
1022 307 1036 326 ει
1057 300 1144 334 pluvia
1173 299 1262 327 obruti
1296 305 1321 327 et
1336 300 1447 332 madidi,
1474 301 1518 334 qui
1543 308 1601 327 eam
1619 301 1686 329 sicci

900 346 1076 380 sitientesque
1100 345 1280 379 incltoarant;
1308 346 1380 380 quod
1412 353 1444 373 ex
1471 346 1563 373 multis
1582 346 1689 374 Tauro-

900 391 1046 418 mcnitanis
1079 391 1130 418 tidc
1156 392 1243 426 dignis
1268 395 1452 419 contestatam
1480 391 1584 426 accepi,
1621 399 1683 418 cum

899 437 1073 464 Tauromenii
1092 438 1187 464 harum
1207 445 1296 464 rerum
1325 438 1573 471 coguosceudarum
1600 444 1682 464 causa

899 491 1093 512 commorarcr.
1121 485 1151 511 Et
1165 492 1231 511 sane
1254 493 1285 512 ex
1303 485 1354 512 alia
1370 490 1446 520 parte
1462 485 1585 519 legimus,
1597 484 1687 512 Theo-

900 530 1015 564 phanem
1033 531 1058 557 in
1083 530 1192 557 ltomilia
1214 531 1302 558 habita
1316 532 1348 559 de
1363 532 1439 566 plaga
1454 531 1585 559 siccitatis
1599 532 1684 567 (hom.

900 575 973 610 Lxu)
992 577 1024 602 ad
1045 576 1151 604 beatam
1180 577 1317 613 Virginem
1345 579 1545 612 perorationem
1566 586 1684 606 conver-

901 625 968 653 tere,
994 622 1073 657 eique
1103 623 1266 658 supplicare,
1293 632 1327 651 ne
1351 632 1429 652 suam
1451 625 1589 652 civitatem
1603 624 1687 652 destio

893 672 958 700 ,tuat
982 668 1007 694 in
1032 669 1089 703 ejus
1114 670 1224 697 nomine
1251 670 1433 705 gloriantem:
1462 678 1543 705 quam
1572 670 1686 705 gloriam

900 714 933 740 ad
963 715 1109 750 imaginem
1125 724 1177 743 non
1198 716 1382 744 manuiaetam
1399 724 1453 744 non
1471 717 1609 743 immerito
1623 716 1686 750 quis

900 757 1010 793 referat,
1039 764 1068 787 ut
1092 760 1127 787 ibi
1150 761 1352 789 adnotavimus.
1385 760 1468 789 Multa
1485 761 1538 788 alia
1556 766 1689 796 praeterea

900 805 928 832 in
947 807 1021 834 omni
1048 814 1147 841 genere
1168 807 1239 835 dona
1269 807 1400 835 miraculo
1438 811 1558 842 accepta,
1580 811 1608 834 et
1628 807 1689 842 ejus

901 851 954 879 ﬁde
974 852 1120 887 implorata
1137 860 1219 888 supra
1233 853 1380 880 humanam
1395 859 1472 886 opem
1492 852 1588 879 etYecta
1604 859 1689 885 opera

901 898 1024 933 quotidie
1046 898 1146 932 lerunt,
1163 903 1188 926 et
1201 903 1389 926 contestantur
1409 905 1461 926 non
1479 898 1572 925 inculte
1587 897 1689 929 solum,

902 943 949 970 sed
976 944 1058 970 etiam
1084 944 1188 970 exteri:
1219 943 1291 970 inter
1318 950 1387 977 quos
1410 949 1461 969 non
1489 942 1599 970 silentio
1616 949 1688 975 prae-

901 989 1050 1016 tereundus
1089 989 1119 1016 D.
1144 989 1318 1020 Franciseus,
1349 988 1487 1015 Romanus
1515 987 1688 1020 Catanensis,

900 1035 1030 1062 sacerdos
1053 1035 1124 1062 haud
1145 1035 1229 1062 multo
1255 1035 1359 1068 pridem
1377 1034 1407 1067 jn
1433 1034 1577 1068 collegium
1601 1041 1687 1061 cano-

903 1079 1027 1107 nicorum
1042 1080 1170 1108 Ecclesiae
1183 1079 1385 1107 Panormitam:
1403 1080 1500 1107 merito
1509 1085 1686 1115 aggregatus,

900 1124 1080 1152 concionandi
1099 1132 1210 1152 munere
1228 1129 1255 1152 et
1274 1125 1384 1159 pictatis
1395 1124 1493 1152 ardore
1512 1132 1565 1152 non
1583 1125 1688 1157 vulgari

905 1170 1046 1205 praeditus,
1064 1170 1110 1205 qni
1125 1178 1185 1197 eum
1216 1170 1391 1197 Tauromenii
1407 1171 1556 1198 conciones
1568 1175 1690 1205 tempore

903 1216 1124 1253 Quadragesima:
1140 1216 1262 1249 haberet,
1290 1217 1374 1243 multa
1397 1217 1430 1244 ab
1445 1224 1477 1244 ea
1496 1217 1613 1251 imagine
1631 1224 1687 1245 non

901 1261 1056 1289 manuiacla
1084 1270 1115 1289 se
1137 1262 1274 1296 accepisse
1297 1263 1331 1289 ab
1359 1262 1419 1289 aliis
1439 1262 1581 1296 impetrata
1606 1263 1690 1290 mira-

900 1309 972 1341 cula,
998 1309 1081 1336 multa
1104 1307 1131 1335 in
1153 1308 1242 1342 seipso
1266 1314 1407 1343 expertum
1421 1315 1483 1336 esse
1512 1308 1580 1335 mihi
1594 1315 1690 1337 narra-

900 1355 949 1387 vit,
971 1359 998 1382 et
1015 1355 1116 1388 scripto
1136 1361 1168 1381 ac
1191 1353 1376 1389 chirographo
1405 1353 1476 1381 dicta
1505 1355 1689 1389 causignavit.

900 1401 1032 1429 Caeterum
1052 1400 1116 1428 illud
1146 1400 1228 1427 etiam
1249 1400 1276 1427 in
1308 1399 1359 1427 hac
1379 1407 1409 1427 re
1427 1400 1648 1428 animadversum
1674 1410 1690 1429 η

901 1446 1049 1475 lectoribus
1077 1446 1170 1478 velim,
1184 1445 1207 1474 si
1230 1446 1274 1473 cui
1296 1445 1331 1474 sit
1347 1453 1520 1480 persuasum,
1542 1446 1687 1482 imaginem

901 1492 1022 1527 Deiparae
1051 1499 1112 1527 quae
1150 1492 1230 1519 hodie
1265 1496 1369 1526 exstat,
1397 1500 1457 1519 eam
1492 1499 1554 1520 esse
1581 1493 1691 1528 ἀχειρο-

901 1538 1014 1573 ποίητον
1024 1545 1083 1572 quae
1097 1537 1272 1572 Theophanis
1288 1541 1409 1572 tempore
1420 1537 1553 1570 exstabat,
1565 1547 1618 1566 non
1628 1546 1691 1566 esse

902 1582 1066 1610 censendam
1092 1589 1124 1608 ex
1154 1581 1187 1608 iis
1212 1588 1272 1616 qurc
1297 1581 1325 1608 in
1349 1582 1440 1616 aliquo
1461 1582 1543 1610 linteo
1565 1582 1687 1617 Virginis

901 1627 1004 1655 vultum
1036 1627 1069 1653 ab
1087 1626 1200 1661 ipsamct
1229 1626 1392 1661 impressum
1414 1628 1504 1656 lerunt
1520 1637 1526 1655 :
1545 1637 1600 1656 non
1615 1631 1687 1657 enim

901 1680 933 1701 ea
957 1672 1048 1701 tabula
1080 1672 1184 1699 vultum
1210 1672 1328 1708 Virginis
1356 1673 1453 1705 solum,
1481 1674 1527 1701 sed
1559 1675 1689 1710 integram

900 1724 1035 1748 staturam
1061 1719 1199 1747 sedentem
1229 1723 1257 1747 et
1273 1718 1402 1746 infantem
1421 1719 1512 1747 Jesum
1534 1724 1687 1755 gestantem

901 1765 973 1793 ulnis
996 1765 1142 1800 exprimit:
1160 1771 1244 1799 quare
1257 1764 1282 1791 in
1305 1764 1390 1791 altero
1402 1772 1499 1797 genere
1510 1765 1688 1802 ἀχειροποιή-

899 1819 953 1837 των
979 1818 1038 1838 eam
1063 1809 1265 1841 accensuerim,
1292 1809 1325 1835 de
1347 1816 1401 1844 quo
1428 1809 1509 1836 etiam
1532 1810 1690 1844 Gretserus,

902 1862 930 1883 ut
949 1856 1104 1891 angelorum
1129 1863 1210 1890 opera
1229 1862 1260 1882 ea
1283 1855 1390 1889 depicta
1407 1855 1454 1888 sit,
1484 1856 1526 1883 vel
1543 1861 1619 1884 certe
1652 1857 1688 1883 alr

901 1901 990 1936 aliqua
1018 1909 1070 1928 non
1090 1900 1246 1928 manulacta
1262 1901 1365 1935 pictura
1394 1901 1543 1936 descripta,
1559 1907 1586 1928 ut
1603 1909 1685 1936 supra

901 1948 1034 1975 dicebant.
1065 1949 1180 1974 Servant
1202 1954 1261 1974 eam
1290 1947 1369 1973 hodie
1391 1947 1417 1973 in
1432 1955 1492 1974 suo
1511 1947 1610 1982 templo
1623 1949 1690 1975 reli—

900 1994 970 2029 giosi
994 1994 1078 2021 beata:
1099 1992 1218 2026 Virginis
1233 2000 1248 2019 e
1262 1998 1353 2019 monte
1369 1992 1504 2024 Carrnclo,
1518 1994 1598 2028 eique
1613 1994 1685 2022 dietn

901 2041 1047 2067 solemnem
1072 2044 1157 2073 agunt
1186 2038 1342 2065 Decembris
1365 2038 1409 2065 die
1428 2044 1534 2070 octaio,
1552 2039 1598 2073 qui
1626 2041 1701 2067 dies-

901 2085 1022 2121 ejusdem
1035 2083 1340 2120 Virginisimmaculato
1362 2084 1502 2116 conceptui
1522 2084 1688 2112 celebrando

900 2135 1025 2159 Sacratus
1050 2133 1102 2157 est.
1129 2128 1224 2156 .Tradit
1246 2128 1271 2154 irt
1295 2127 1360 2154 Idea
1387 2127 1473 2161 operis
1494 2127 1525 2154 de
1541 2127 1592 2155 SS.
1621 2128 1691 2158 Sici-

870 2168 944 2205 νιίω
972 2176 1101 2205 Octavius
1136 2175 1293 2206 Caetanus,
1321 2174 1492 2201 Tauromenii
1526 2174 1612 2208 primo
1647 2175 1691 2203 «tie

903 2222 1071 2258 Septembris
1091 2221 1223 2249 celebrari
1238 2220 1336 2248 iestum
1359 2220 1483 2254 imaginis
1498 2220 1618 2254 Deiparae
1632 2229 1686 2248 non

903 2268 1083 2302 nianuiactae;
1109 2267 1181 2303 quod
1198 2274 1264 2294 sane
1281 2266 1352 2294 unde
1375 2267 1511 2301 acceperit
1527 2267 1592 2293 mihi
1602 2267 1690 2294 adhuc

903 2317 1046 2350 ignotum:
1065 2314 1112 2342 sed
1139 2321 1200 2341 eum
1226 2313 1270 2341 ille
1287 2313 1512 2348 diligentissimus
1535 2313 1614 2340 fuerit
1648 2313 1692 2340 Si-

903 2359 1055 2386 ciliensium
1076 2358 1222 2390 rerumiad
1250 2357 1570 2386 sanctorumSiculorum
1586 2358 1686 2386 cultum

903 2405 1093 2440 pertinentium
1117 2405 1268 2439 indagator,
1301 2404 1327 2430 id
1347 2411 1436 2438 neque
1450 2404 1576 2432 refellere
1590 2405 1687 2437 debeo,

904 2459 954 2478 uec
978 2455 1066 2478 tamen
1095 2449 1229 2477 allirmare
1258 2457 1379 2484 possum.
1403 2449 1471 2477 Nam
1514 2449 1690 2478 Tauromenii

903 2497 1019 2524 moranti
1045 2497 1109 2525 mihi
1124 2503 1151 2524 et
1175 2497 1248 2524 deeo
1268 2495 1336 2523 festo
1360 2495 1402 2522 die
1419 2496 1585 2524 sciscitanti.
1614 2497 1682 2524 nihil

906 2543 1045 2570 traditum.
1069 2543 1118 2570 nisi
1137 2543 1179 2569 die
1205 2542 1277 2569 dicto
1301 2541 1460 2569 Decembris
1474 2546 1572 2568 octavo
1589 2542 1688 2570 festum

904 2590 938 2617 ad
957 2589 1101 2624 imaginem
1126 2588 1247 2622 Deipara:
1264 2587 1320 2622 jam
1336 2593 1525 2620 memoratam,
1541 2595 1622 2622 quam
1637 2597 1690 2616 non

905 2635 1089 2663 manulactam
1119 2641 1180 2662 csse
1204 2634 1283 2661 nobis
1297 2632 1501 2668 persuademus,
1527 2634 1624 2661 eodem
1636 2643 1690 2669 quo

904 2682 965 2716 ejus
991 2680 1191 2708 immaculatam
1221 2678 1431 2713 Conceplionem
1455 2679 1597 2706 celebrari.
1622 2679 1693 2707 Fab

905 2733 978 2755 tasse
995 2734 1027 2754 ex
1058 2726 1142 2761 ipsius
1171 2725 1345 2760 Theophanis
1362 2724 1472 2751 homilia
1486 2725 1519 2752 de
1536 2725 1688 2753 indictione

904 2781 936 2800 ac
964 2773 1025 2799 anni
1049 2772 1183 2806 principio
1208 2771 1234 2798 id
1261 2771 1396 2798 Caetauus
1412 2770 1567 2805 collegerit:
1584 2771 1611 2798 iu
1635 2779 1689 2806 qua

908 2819 979 2846 inter
1004 2821 1118 2845 caeteras
1150 2816 1322 2844 celebritates
1351 2814 1431 2850 primi
1450 2814 1620 2849 Septembris
1635 2814 1691 2842 diei
