1874 3055
159 106 192 141 “
653 97 857 130 FRANCIFCI
880 98 899 127 s

1052 95 1249 126 ’i‘tOfENilUM
1266 95 1292 124 Ῐ.
1756 95 1792 127 72

157 166 282 196 utentinit
303 165 483 200 Theophanes
508 162 633 198 imaginis
665 162 734 189 divae
755 159 949 194 Virginis;cn—

153 215 199 250 jus
223 215 280 242 hac
314 213 394 240 verba
420 220 426 238 :
449 212 585 241 Ἅπαντες
606 205 680 236 οὗτοι
704 207 751 234 τοῦ
774 206 872 242 χρόνου
900 205 949 239 τὴν

157 259 246 296 ἀρχὴν
254 259 426 293 ἀγιάζουσιψ
437 259 451 285 ὁ
462 258 511 293 μὲν
522 257 618 292 Σωτὴρ
627 254 818 291 ἠμῶνῚησοῦς
843 251 951 285 εὐλογιῖ

158 305 203 332 τὸν
235 304 366 338 στέφανον
397 302 534 330 ἐνιαυτοῦ.
567 302 599 328 Ἡ
630 301 659 327 δὲ
687 300 731 327 διὰ
766 300 815 334 τῆς
847 299 950 334 σεπτῆς

159 351 263 381 εἰκόνος
279 349 422 384 τιμωμένη
441 349 577 382 πάναγνο;
595 347 730 373 Δέσποινα
745 345 859 380 μεσίτης
881 344 949 378 πρὸς

159 397 226 422 Θεὺν
253 395 332 430 ἡμῶν
355 394 474 428 γίνεται.
497 394 564 426 Quae
590 393 629 420 sic
645 400 693 418 nos
722 391 757 418 ibi
785 390 880 417 Latine
907 389 946 415 iu-

160 442 300 476 lerpretati
327 448 443 468 smnus:
470 439 509 467 Ab
532 439 573 466 Itis
590 438 709 466 omnibus
735 437 836 471 aliquid
852 435 951 462 sancti-

160 489 222 515 tatis
249 488 275 514 in
305 488 353 514 hoc
372 486 436 513 anui
461 485 619 520 principium
654 484 804 511 redundat:
836 490 897 508 nam
924 484 949 507 et

160 534 286 562 Salvator
323 538 413 560 noster
439 532 559 560 Christus
588 531 666 558 ictus
691 530 820 557 benedici!
843 534 948 555 rorante

159 581 223 607 anni
240 585 286 607 :et
313 579 467 607 renerandtz
484 578 607 612 imaginis
632 577 759 612 religione
776 575 848 602 culta
872 574 949 607 Virgo

158 627 303 663 purissima
323 627 391 653 inter
415 633 461 653 nos
486 630 510 653 et
536 624 619 651 Deum
642 627 775 658 sequestra
800 621 948 649 intercedit.

159 673 223 701 llaec
246 672 450 707 Timophanes:
478 672 524 706 qui
556 679 619 698 cum
646 678 699 697 nou
731 669 848 704 appellet
879 669 949 696 ima-

159 719 250 754 ginem
270 718 316 745 Dei
333 717 481 745 Genitricis
498 716 719 752 ἀχειροποίητον,
736 723 817 750 quam
830 722 879 742 cur
895 721 950 741 non

159 771 288 799 expresse
317 764 472 796 noiuinarit,
502 762 526 790 si
541 763 574 790 de
595 770 627 790 ca
641 769 731 789 sermo
753 766 822 793 erat,
842 767 904 788 cum
923 760 949 787 in

160 810 221 837 aliis
247 809 366 836 homiliis
397 813 526 842 tanquam
549 807 646 842 insigni
666 807 784 842 quodam
806 809 834 832 et
848 805 881 832 de
893 812 946 839 quo

159 855 327 889 gloriabatur
350 853 437 888 elogio
455 860 514 880 eam
539 853 701 887 designavit,
728 851 827 878 nullam
840 856 949 878 causam

159 901 258 928 video:
286 905 314 927 et
341 907 373 926 cx
391 899 475 925 altera
495 904 582 933 parte,
603 906 664 925 cum
695 897 722 924 in
739 897 839 924 Menmo
862 896 948 930 legam

159 954 194 973 eo
219 947 262 973 die
287 945 418 972 celebrari
441 944 552 978 σύναξιν
567 944 617 979 τῆς
641 944 796 978 crispum;
817 943 949 969 Θεοτόκου

160 993 214 1019 τῶν
246 991 409 1026 Μιιιςηνῶν,
437 992 488 1018 hoc
499 996 551 1023 est,
565 990 695 1026 Synaxim
712 998 758 1017 seu
774 990 949 1017 celebritatem

160 1038 337 1064 sanctissimae
353 1036 467 1071 Virginis
483 1036 674 1068 Miasenorum,
685 1036 755 1064 baud
767 1040 841 1063 certe
852 1036 948 1070 liquet,

161 1088 189 1111 et
204 1084 229 1110 in
242 1082 352 1117 ancipiti
366 1090 409 1109 res
420 1085 545 1109 versatur
561 1083 593 1108 de
604 1081 868 1109 Tauromenitanaue
883 1083 950 1108 ima-

161 1128 223 1162 gine
247 1127 425 1161 Timophanes
444 1126 580 1160 loquatur,
605 1135 638 1154 au
664 1128 698 1154 de
723 1126 884 1154 Miasenensi
901 1127 953 1154 ali-

161 1182 226 1209 qua,
253 1175 286 1201 ad
313 1182 395 1209 quam
415 1179 565 1201 conventus
575 1181 607 1201 eo
624 1173 667 1201 die
683 1174 772 1209 primo
784 1173 951 1208 Septembris

161 1219 358 1252 celebraretur,
377 1219 414 1246 uti
443 1218 487 1245 hic
505 1218 631 1246 Panormi
655 1224 814 1247 consuetum
847 1225 887 1246 est
908 1220 952 1247 die

162 1265 282 1292 secundo
304 1263 366 1292 Julii
401 1268 433 1290 ad
467 1268 554 1292 beata:
579 1263 710 1298 Virginis,
738 1271 818 1298 quam
851 1262 953 1291 Gratia

161 1311 338 1347 appellamus,
363 1311 520 1346 imaginem,
551 1315 578 1337 et
601 1311 634 1337 ad
659 1310 726 1337 alias
745 1310 798 1337 alio
818 1315 951 1344 tempore,

161 1363 189 1385 et
209 1357 307 1392 oppido
330 1357 486 1392 huiusmodi
507 1357 639 1391 imagines
660 1356 828 1385 venerabiles
856 1357 951 1390 agitari

162 1404 221 1431 dies
238 1403 299 1431 fasti
316 1404 413 1432 solent.
444 1403 588 1438 Equidem,
610 1408 640 1430 ut
654 1402 721 1435 dixi,
750 1410 800 1430 nec
826 1402 953 1430 refellere

161 1449 346 1484 conjecturam
369 1449 475 1478 Octavii
501 1450 625 1483 Caetani,
651 1456 701 1477 nec
730 1449 876 1482 afﬁrmare,
904 1449 952 1477 sed

161 1502 222 1522 eam
232 1495 350 1523 hominis
365 1497 527 1523 auctoritate
544 1495 638 1523 fultam
655 1495 681 1522 in
696 1495 786 1523 medio
794 1495 952 1530 relinquere

162 1541 257 1570 statui.

259 1611 273 1647 ᾗ
291 1610 335 1639 ιν.
356 1611 477 1647 Dignitas
494 1615 518 1638 et
537 1611 630 1638 titulus
650 1611 851 1647 archiepiscopi.

197 1678 265 1706 Cum
282 1678 308 1705 in
324 1678 448 1706 omnibus
471 1678 526 1706 fere
550 1685 618 1706 mss.
632 1679 833 1714 exemplaribus
857 1680 953 1707 harum

163 1724 348 1755 houniliarum,
375 1732 435 1759 quat
457 1725 484 1752 in
505 1724 692 1753 celeberrimis
718 1717 832 1760 Europae
852 1725 954 1754 biblio-

163 1770 260 1802 thecis,
282 1769 423 1804 Vaticana,
442 1769 626 1805 Hispaniensi,
644 1771 845 1799 Parisiensibus
867 1772 955 1800 tribus

161 1820 350 1848 asservantnr,
368 1823 400 1843 ex
423 1816 521 1851 quibus
547 1816 588 1844 vel
614 1817 735 1852 integras
760 1818 896 1850 homilias,
914 1818 954 1846 vel

161 1868 256 1888 earum
281 1861 424 1889 elenchum
448 1863 643 1897 transcriptum
667 1863 830 1896 amicorum,
845 1864 890 1898 qui
910 1863 956 1890 lit-

163 1906 229 1934 teris
252 1911 280 1934 et
301 1905 429 1934 litteratis
455 1907 576 1935 fautores
604 1915 664 1935 esse
688 1915 718 1936 se
741 1908 855 1943 professi
879 1912 954 1942 sunt,

163 1959 246 1986 opera
275 1952 395 1980 nancisci
422 1952 515 1987 potui,
546 1953 640 1981 titulus
668 1954 886 1989 archiepiscopi,
914 1953 956 1981 vol

162 1999 282 2026 auctoris
297 1999 397 2026 nomini
409 2000 444 2026 sit
456 2001 602 2034 ascriptus,
615 2000 660 2028 ubi
675 2002 833 2028 nominatur
847 2005 955 2034 auctor,

161 2045 203 2072 vel
217 2045 305 2072 solum
319 2045 347 2072 in
361 2045 470 2080 scriptis
483 2051 580 2074 auctor
594 2047 792 2082 archiepiscopi
806 2046 957 2075 Taurome-

161 2091 249 2118 nitaai
273 2091 463 2126 appellatione,
476 2091 503 2119 in
519 2099 572 2127 quo
587 2093 678 2120 omnia
692 2092 879 2125 consentiunt,
893 2100 955 2121 cum

162 2136 192 2163 in
214 2137 323 2164 nomine
346 2137 502 2173 discrepent
522 2137 567 2173 (de
583 2145 637 2173 quo
651 2139 741 2166 dicam
762 2138 898 2167 Procnmio
913 2147 957 2168 se-

162 2183 278 2218 quenti),
299 2191 351 2210 non
370 2188 473 2212 temere
494 2185 602 2212 videtur
626 2185 681 2212 illis
694 2185 848 2220 abroganda
872 2186 954 2220 ﬁdes;

162 2229 281 2263 alioquin
295 2229 376 2256 etiam
391 2230 481 2257 omnis
498 2231 565 2258 fides
577 2236 702 2258 veterum
718 2236 955 2260 monumentorum

162 2275 297 2308 intereat,
327 2284 389 2304 cum
422 2282 511 2304 tamen
540 2277 690 2306 doctissimi
716 2279 866 2315 scriptores
895 2287 955 2309 eam

161 2321 264 2349 salvam
289 2328 321 2348 ac
345 2321 450 2349 tlrmam
476 2329 537 2350 esse
562 2323 711 2357 voluerint,
736 2325 782 2360 qui
806 2325 832 2352 iu
858 2334 956 2354 monu-

162 2366 262 2394 mentis
277 2367 334 2394 suis
352 2368 459 2395 excusis
476 2368 550 2395 illum
564 2370 762 2406 archiepiscopi
780 2371 885 2399 titulum
901 2380 956 2401 non

162 2412 215 2439 alia
239 2420 321 2447 quam
344 2420 377 2441 ex
401 2421 467 2442 mss.
491 2414 545 2443 ﬁde
572 2419 599 2443 et
623 2417 784 2445 auctoritate
814 2422 955 2454 acceptum

163 2457 307 2486 ediderunt
329 2467 337 2486 :
362 2459 509 2488 cardntalis
532 2461 666 2489 Baronius
689 2466 756 2490 tom.
776 2462 822 2496 IX,
837 2463 956 2493 Jacobus

162 2503 307 2532 Gretserus
340 2509 405 2532 tom.
422 2505 443 2532 ll
461 2505 499 2534 De
513 2514 605 2541 crttce;
626 2507 789 2538 Franciscus
804 2509 956 2539 Turrianus

162 2550 209 2578 lib.
219 2555 310 2578 contra
320 2550 556 2587 Hagdeburgemea
565 2554 658 2583 lueret.
669 2563 715 2590 pro
723 2564 818 2584 canon.
829 2558 954 2592 aporiol.,

161 2606 222 2634 cap.
246 2599 278 2634 6;
305 2599 439 2628 Antonius
466 2600 631 2630 Possevinus
648 2603 674 2631 in
695 2604 845 2639 Apparatu,
862 2611 890 2633 et
909 2607 954 2634 alii

161 2652 277 2680 quorum
293 2647 448 2674 testimonia
463 2648 627 2677 contulimus
641 2649 668 2676 in
682 2649 735 2678 line
752 2651 848 2679 horum
863 2652 957 2680 Prom-

161 2692 288 2719 miorum.
307 2692 356 2720 Est
371 2693 455 2728 igitur
468 2695 613 2723 asserenda
630 2697 720 2731 potius
736 2697 793 2725 haec
807 2698 956 2727 Taurome-

161 2738 263 2766 nitanae
276 2738 404 2767 Ecclesiae
427 2740 558 2775 dignitas,
576 2749 637 2776 qua:
656 2743 724 2772 satis
740 2745 829 2779 ampla
847 2750 898 2780 est,
914 2751 956 2773 ut-

160 2789 225 2820 pote
248 2785 282 2813 ab
306 2786 364 2820 ipso
389 2786 417 2814 S.
441 2785 522 2814 Petro
547 2789 707 2823 constituta,
730 2795 760 2818 ut
782 2791 795 2827 §
820 2791 841 2819 ll
865 2792 956 2820 disse-

161 2829 277 2865 ruimus,
294 2835 321 2858 et
337 2839 351 2858 a
367 2839 410 2860 me
426 2837 486 2866 quae
501 2840 561 2861 mea
578 2841 642 2870 pars
662 2835 748 2865 virilis
765 2841 817 2872 est,
833 2837 866 2865 ab
879 2838 952 2866 omni

1004 158 1058 185 erit
1080 157 1234 193 subreptitii
1261 155 1329 184 tituli
1356 159 1416 182 nota
1432 158 1457 181 et
1474 152 1634 188 arrogantie
1660 152 1799 178 ra‘umnia

1003 203 1176 231 vindicanda.
1190 202 1264 230 Hanc
1279 203 1350 230 enim
1365 207 1454 228 notam
1469 201 1629 235 impressam
1643 206 1690 226 seu
1706 198 1798 230 potius

1003 249 1121 276 inustam
1139 249 1174 276 illi
1191 249 1270 276 video
1292 250 1318 275 in
1341 247 1440 274 Notitia
1466 247 1593 273 Ectlesiae
1615 245 1799 272 Tauromeni-

1005 299 1083 328 lana‘,
1109 303 1188 329 quam
1214 295 1299 322 edidit
1325 300 1389 322 tom.
1415 293 1435 320 ll
1461 293 1534 320 dum.
1563 292 1688 320 ltoccbus
1714 290 1797 322 Pirri,

1004 342 1088 368 abbas
1099 342 1220 375 Netiuus,
1233 342 1265 369 de
1277 341 1375 369 Sicilize
1389 341 1517 367 Ecclesiis
1528 344 1572 368 sat
1583 340 1650 366 bene
1664 338 1798 364 meritus:

1003 387 1049 414 sed
1071 394 1123 414 non
1148 392 1202 413 tam
1223 387 1257 413 ab
1280 389 1339 421 ipso
1362 387 1419 413 haec
1443 386 1566 420 imposita
1586 389 1649 411 nota
1664 391 1746 418 quam
1766 383 1801 409 ab

1005 431 1117 458 Alberto
1143 430 1260 463 Piccolo,
1287 431 1332 465 qui
1358 431 1394 458 illi
1420 430 1549 465 imposuit
1574 437 1581 456 :
1605 436 1660 463 quo
1685 432 1802 455 auctore

1004 477 1099 504 scribit
1123 476 1193 504 Pirri
1223 477 1383 504 Zachariam
1410 476 1612 504 schismaticutn
1639 475 1802 508 episcopum

1004 523 1177 550 Tauromenii
1190 531 1204 550 a
1219 523 1315 550 Photio
1334 522 1530 557 archiepiscopi
1550 521 1802 552 nomenclaturam,

1004 569 1076 604 quod
1093 574 1164 597 esset
1180 577 1262 604 opera
1277 569 1347 597 male
1363 569 1396 596 ab
1412 569 1457 596 illo
1468 568 1574 600 collata,
1587 574 1614 595 et
1629 566 1802 595 defensionis

1005 616 1122 649 partium
1138 615 1331 643 Photianarmn
1349 616 1462 650 pretium
1478 615 1552 650 prius
1567 621 1725 649 repensum.
1741 611 1802 638 Sed

1004 661 1075 688 unde
1088 661 1139 688 hoc
1151 661 1255 696 accepit
1268 661 1409 690 Piocolus?
1421 669 1476 696 quo
1490 660 1620 695 producto
1634 658 1800 687 testimonio

1006 707 1029 733 id
1046 707 1182 734 ailirmat?
1198 707 1318 734 Primum
1337 708 1420 738 enim.
1437 708 1459 735 si
1475 708 1500 736 is
1519 712 1634 742 ponatur
1650 708 1800 740 episcopus

1005 752 1179 781 Tauromenii
1194 755 1277 782 fuisse
1288 754 1446 787 Zacharias,
1457 755 1502 789 qui
1513 759 1695 790 cognomento
1707 755 1804 779 dictus

1005 805 1046 828 est
1062 801 1173 835 κωφός,
1198 801 1224 828 id
1239 805 1280 828 est
1296 804 1403 834 surdus,
1420 807 1495 829 certe
1509 801 1534 829 is
1547 809 1562 828 a
1577 800 1672 828 Photio
1695 808 1749 827 nou
1770 799 1807 825 ti-

1007 846 1092 872 tulum
1111 847 1309 882 archiepiscopi
1327 855 1377 882 pro
1398 855 1447 875 sua
1469 847 1591 875 Ecclesia
1617 847 1734 880 accepit,
1752 846 1806 873 sed

1006 893 1175 927 metropolita
1191 893 1372 921 Chalcedonis
1390 898 1516 928 creatus;
1536 894 1606 928 quod
1626 893 1807 928 apertissime

1006 940 1116 974 scripsit.
1141 939 1250 968 Nicetas
1272 940 1355 968 David
1381 941 1408 968 in
1431 939 1492 968 Vita
1517 941 1546 968 S.
1571 941 1677 975 lgnatii,
1703 943 1807 967 contra

1006 993 1086 1020 quem
1113 985 1225 1014 Photius
1255 992 1310 1014 tam
1337 987 1511 1021 pertinaciter
1534 987 1684 1021 acerbeque
1713 986 1807 1020 depu-

1006 1032 1119 1066 gnavit,
1153 1033 1270 1068 scriptor
1302 1040 1396 1060 eorum
1429 1037 1602 1067 temporum,
1633 1032 1678 1067 qui
1707 1031 1808 1058 omnia

1007 1077 1036 1105 S.
1062 1077 1158 1113 lgnatii
1185 1079 1335 1106 certamina
1363 1078 1567 1114 diligentissime
1589 1079 1810 1112 tideliSsimeque

1006 1131 1166 1159 persecutus
1191 1130 1233 1153 est
1257 1134 1264 1152 :
1290 1125 1367 1160 cujus
1390 1126 1502 1153 historia
1527 1126 1603 1152 initio
1627 1131 1675 1152 vnt
1702 1124 1808 1159 synodi

1007 1179 1056 1206 pro
1069 1179 1150 1198 cattsa
1164 1172 1213 1199 hac
1225 1171 1253 1199 S.
1268 1172 1363 1207 lgnatii
1376 1176 1403 1200 et
1416 1173 1503 1200 Photii
1518 1173 1653 1199 celebrata
1666 1173 1808 1206 impressa

1006 1221 1058 1245 est.
1079 1217 1117 1244 De
1132 1217 1230 1245 Photio
1245 1218 1337 1252 itaque
1358 1218 1398 1245 sic
1416 1218 1512 1245 scribit
1527 1226 1535 1244 :
1554 1217 1601 1244 llis
1618 1217 1663 1244 ille
1678 1217 1809 1243 omnibus

1006 1265 1163 1297 procuratis,
1186 1265 1281 1290 insana
1302 1269 1326 1290 et
1347 1265 1475 1298 sacrilega
1496 1272 1541 1297 per
1557 1263 1695 1290 lac/tario:
1717 1263 1810 1296 Ct-phi

1006 1310 1189 1344 manum,qui
1219 1309 1251 1336 ab
1286 1310 1343 1344 ipsa
1377 1309 1598 1336 Chalcedonensis
1633 1309 1809 1340 metropaIt'Ia

1007 1361 1109 1383 creatus
1135 1357 1233 1390 fuerat,
1255 1360 1281 1382 et
1308 1355 1472 1382 Theodorum
1497 1356 1655 1382 translatum
1678 1363 1694 1380 α
1719 1352 1809 1381 Caria

1007 1403 1041 1429 ad
1060 1401 1247 1430 Laudicensem
1269 1403 1446 1436 episcopatum
1469 1403 1496 1429 in
1513 1402 1621 1428 Italiam
1643 1401 1808 1428 transmisit.

1007 1448 1046 1475 Ea
1070 1448 1112 1476 his
1135 1455 1201 1475 sane
1224 1448 1327 1475 nullum
1351 1449 1462 1475 subesse
1487 1447 1598 1475 dubium
1626 1453 1714 1482 ρυιιει
1736 1447 1808 1480 quin

1007 1493 1154 1522 Zacharias
1177 1494 1221 1522 ille
1243 1495 1288 1530 qui
1311 1494 1421 1530 Cophus
1445 1498 1624 1529 cognomento
1642 1494 1731 1520 dictus
1748 1499 1807 1526 est,

1007 1548 1062 1568 non
1087 1540 1260 1568 Tauromenii
1285 1541 1428 1576 episcopus
1452 1546 1514 1568 ante
1539 1541 1632 1572 fuerit,
1659 1540 1706 1568 sed
1732 1548 1809 1567 nova

1007 1586 1188 1615 Chalcedonis
1204 1587 1383 1622 metropolitae
1407 1587 1537 1623 dignitate
1560 1587 1686 1615 donatus.
1705 1587 1809 1621 Atqui,

1008 1633 1123 1668 inquies,
1139 1633 1173 1661 ab
1188 1634 1343 1668 episcopatu
1359 1632 1589 1661 Tauromenitano
1609 1639 1754 1669 promotus
1772 1634 1810 1661 ad

1007 1679 1266 1707 Chalcedonensem.
1291 1680 1344 1708 Sed
1367 1688 1419 1708 non
1441 1681 1491 1708 hoc
1506 1681 1617 1708 verbum
1634 1681 1812 1716 χειροτονεῖν

1008 1733 1063 1761 quo
1077 1733 1142 1754 usus
1156 1726 1252 1760 David,
1263 1727 1415 1761 significare
1428 1732 1527 1762 potest,
1540 1727 1587 1756 sed
1600 1728 1642 1755 vel
1657 1728 1812 1762 designare

1008 1773 1176 1808 episcopum,
1191 1773 1233 1800 vel
1248 1780 1428 1807 consecrare;
1446 1774 1518 1809 quod
1534 1782 1568 1802 ex
1583 1775 1641 1810 ipsa
1657 1774 1768 1802 ratione
1783 1779 1813 1802 et

1008 1823 1099 1855 etymo
1117 1819 1237 1847 nominis
1252 1820 1323 1854 quod
1347 1827 1473 1847 manuum
1498 1820 1698 1855 impositionem
1718 1820 1814 1848 mani-

1008 1864 1079 1894 feste
1097 1866 1217 1899 denotat,
1237 1871 1262 1894 ct
1277 1875 1309 1894 ex
1325 1867 1386 1895 aliis
1402 1867 1594 1903 scriptoribus,
1609 1866 1712 1896 Iacobo
1725 1867 1814 1896 στει-

1008 1919 1081 1947 sero,
1093 1912 1197 1940 Joanne
1210 1913 1243 1941 de
1256 1913 1280 1940 la
1294 1912 1392 1946 Cerda,
1405 1913 1486 1942 Petro
1498 1914 1627 1947 Arcadio,
1645 1915 1813 1950 presbytero

1009 1957 1182 1994 Corcyreusi,
1203 1958 1249 1993 qui
1271 1958 1305 1986 de
1321 1958 1374 1986 ritu
1397 1964 1630 1986 sacramentorum
1647 1957 1814 1986 Cra-corum

1010 2003 1134 2031 volumen
1152 2003 1285 2039 integrum
1305 2004 1424 2038 scripsit,
1449 2005 1486 2032 ila
1512 2009 1616 2032 certum
1640 2011 1702 2032 esse
1725 2004 1816 2032 debet

1009 2050 1096 2077 cuivis
1113 2050 1290 2078 mediocriter
1305 2050 1399 2078 Graece
1415 2051 1522 2082 scienti,
1538 2055 1568 2078 ut
1585 2051 1612 2079 id
1632 2051 1750 2086 probare
1775 2051 1817 2080 sit.

1009 2103 1090 2131 opera
1102 2096 1193 2130 abuti;
1204 2101 1232 2124 et
1241 2105 1344 2132 quaeso,
1357 2097 1392 2125 ab
1403 2097 1580 2131 sequentibus
1591 2097 1693 2129 verbis,
1707 2097 1816 2132 quibus

1009 2141 1183 2170 Theodorum
1204 2142 1366 2170 translatum
1381 2150 1396 2170 a
1410 2141 1490 2170 Caria
1510 2142 1674 2171 Laodiceam
1696 2143 1814 2177 scribit,

1009 2189 1036 2216 in
1052 2196 1105 2224 quo
1118 2196 1183 2216 usus
1199 2189 1281 2217 verbo
1295 2189 1483 2224 μετατιθέναι,
1502 2196 1555 2216 non
1569 2189 1595 2216 id
1611 2193 1687 2216 certo
1702 2189 1816 2216 certius

1009 2234 1140 2270 apparet?
1153 2234 1221 2263 Cum
1235 2235 1306 2262 enim
1320 2237 1470 2263 secundum
1485 2244 1615 2271 expresse
1628 2236 1700 2264 dicat
1714 2240 1817 2264 trans-

1010 2281 1112 2316 latum,
1136 2284 1164 2309 et
1190 2281 1300 2317 proprio
1325 2287 1416 2309 utatur
1433 2283 1530 2315 verbo,
1557 2284 1590 2310 de
1615 2283 1703 2318 primo
1731 2288 1818 2311 certo

1010 2329 1199 2364 accipiendum
1226 2334 1270 2357 est
1292 2328 1377 2357 fuisse
1404 2336 1542 2363 creatum,
1567 2330 1668 2365 quippe
1691 2337 1756 2357 cum
1785 2335 1818 2357 ut

1010 2377 1117 2404 diversa
1141 2377 1260 2411 scriptor
1272 2385 1303 2404 ea
1329 2377 1485 2404 tradiderit.
1503 2376 1606 2404 Deinde
1627 2378 1698 2412 apud
1718 2377 1818 2405 Lenn-

1009 2421 1127 2464 clavium
1137 2422 1175 2450 De
1185 2423 1247 2457 jure
1264 2422 1452 2450 Gutta-liam.
1466 2427 1555 2450 exstat
1571 2427 1652 2458 caput
1669 2425 1701 2451 de
1719 2429 1819 2452 trans-

1011 2468 1111 2497 latione
1136 2469 1315 2496 Orientalium
1345 2469 1556 2505 episcoporum,
1581 2470 1608 2497 in
1632 2478 1687 2504 quo
1711 2479 1818 2499 omnes

1011 2516 1135 2543 translati
1152 2517 1269 2551 episcopi
1288 2522 1494 2549 enumerantur,
1510 2517 1565 2551 jam
1583 2516 1644 2544 inde
1660 2525 1674 2544 a
1691 2517 1722 2544 S.
1738 2517 1817 2546 Gre-

1009 2563 1087 2598 gorio
1100 2562 1301 2596 Nanzianzcuo,
1311 2562 1357 2597 qui
1370 2570 1401 2590 ex
1416 2562 1531 2591 Sasimis
1542 2562 1815 2599 Constantinopolim

1010 2608 1160 2636 translatus
1182 2615 1236 2641 est,
1252 2617 1339 2644 usque
1352 2610 1385 2637 ad
1402 2609 1562 2644 Gregorium
1585 2610 1743 2643 Asbestam,
1762 2613 1816 2646 qui

1009 2654 1096 2689 ipsius
1120 2654 1419 2687 schismatisfhotiaui
1444 2664 1539 2688 causa,
1563 2655 1680 2683 Nicaeam
1700 2657 1736 2684 ab
1752 2657 1819 2692 ipso

1009 2700 1108 2728 Photio
1129 2701 1277 2728 translatus
1292 2701 1386 2729 eodem
1405 2700 1498 2729 Niceta
1521 2702 1624 2730 Davide
1649 2703 1818 2737 scribente;

1010 2754 1061 2775 nec
1087 2747 1141 2775 ulla
1166 2747 1195 2774 in
1214 2755 1247 2775 eo
1263 2748 1350 2783 capite
1375 2747 1477 2775 mentio
1503 2748 1629 2776 translati
1655 2749 1818 2778 Zachariae.

1010 2792 1059 2821 Est
1084 2793 1167 2829 igitur
1191 2797 1247 2820 tam
1272 2793 1446 2821 manifestum
1470 2793 1632 2821 Zachariam
1656 2795 1738 2822 illum
1757 2795 1819 2824 Co-

1012 2839 1098 2875 phum
1116 2847 1169 2869 non
1186 2840 1383 2877 archiepiscopi
1401 2840 1523 2876 titulum,
1537 2841 1586 2869 scd
1603 2849 1659 2870 rem
1677 2847 1704 2870 et
1722 2843 1821 2880 digni-
