1874 3055
194 116 229 147 75
702 114 901 145 FRANCISCI
923 115 1054 145 SCOliSl
1077 116 1292 146 I‘RGCEMIUM
1314 117 1338 149 Ι.
1777 119 1806 149 τό

194 179 307 199 cessare:
322 170 480 203 patriarcha:
492 175 552 198 sunt
565 171 642 204 dicti;
658 171 728 199 Petri
741 178 828 199 autem
841 180 977 199 successor

193 227 240 251 pro
264 218 417 244 excellentia
449 216 572 251 principis
595 218 788 251 apostolorum,
812 219 977 251 Apostolirns

194 264 363 296 nominatur,-
379 264 424 298 qui
439 268 527 290 autem
541 264 572 289 ab
587 264 622 290 eis
637 264 745 298 (scilicet
762 264 790 291 S.
810 264 887 291 Petro
903 265 979 291 aliis-

193 317 242 343 que
267 309 406 343 apustolis)
428 317 473 344 per
493 310 640 343 provincias
666 311 738 337 missi
763 316 832 343 sinu,
857 316 909 337 tant
930 312 979 344 ipsi

193 363 272 388 quam
299 363 459 382 successores
483 355 540 388 ejus
569 357 756 390 archiepiscoﬁ
779 362 913 384 vocantur.
942 357 977 383 Ita

195 401 319 428 llocchus
343 400 412 427 Pirri
439 402 626 433 t'atiocinatur,
649 408 676 428 et
702 407 772 429 recte
792 411 868 434 sane,
899 411 978 430 nemo

194 448 297 481 negarit.
314 456 320 474 :
340 455 393 482 qua
413 447 618 474 ratiocinatione
637 449 696 483 quis
715 448 780 475 mihi
803 450 852 475 nisi
869 449 904 474 sit
920 457 980 483 pet-—

164 490 173 522 ἶ
194 494 311 527 Iniquus,
330 501 381 520 non
407 495 537 521 concedat
564 494 602 520 uti
623 495 654 521 ad
681 495 855 522 asserindant
875 494 980 521 Tauro-

195 540 338 566 menitana:
362 538 489 565 Ecclesiae
509 539 704 574 archiepiscopi
727 540 895 574 dignitatem,
918 549 978 566 (ιιιιιι

195 587 282 613 medio
295 586 369 613 nullo
385 586 569 613 intercedente
584 594 597 612 a
615 586 644 613 S.
659 586 738 612 Petro
754 587 862 613 fundata
881 586 980 613 fuerit?

194 634 263 666 ρίιίιι
287 633 368 660 etiam
384 640 442 667 qua:
458 633 515 666 ipse
536 631 648 659 disserit
668 633 701 658 de
723 632 853 666 dignitate
876 632 979 658 [’anor-

196 681 303 706 nutante
323 678 409 710 urbis,
432 678 464 704 ad
487 685 569 712 qttatn
593 677 674 704 etiam
701 678 794 704 referri
820 677 863 704 ille
885 677 979 704 titulus

196 725 291 759 possit,
313 730 427 758 qumque
443 730 476 749 ex
495 723 609 750 Baronio
630 722 710 750 refert
733 724 765 749 ad
783 730 840 750 eam
862 722 979 757 proban—

195 771 268 803 datn,
281 770 371 797 omnia
389 770 479 796 facere
493 776 542 804 pro
563 768 746 796 Tauromenio
762 774 882 803 possunt,
901 769 980 802 cujus

195 815 270 843 urbis
285 816 401 849 dignitas
416 815 539 849 quamvis
554 813 753 841 Panormitame
768 822 820 840 nott
837 822 895 848 par,
909 819 980 840 altar

195 869 257 888 tncn
274 866 326 888 tam
348 868 444 895 magna
469 860 564 895 primis
582 860 635 887 illis
651 860 795 894 aureisque
814 859 980 892 temporibus

195 907 317 940 exstitit,
343 911 372 934 ut
393 914 425 933 ex
449 905 627 933 Constantino
654 906 815 939 imperatore
840 909 979 931 ostensum

195 953 265 987 cst§
287 953 294 979 Ι
317 953 396 987 hujus
418 951 557 983 Promtnii,
584 955 612 978 ut
637 952 734 977 metito
757 950 794 976 illi
820 950 863 976 hic
887 949 980 976 titttlus

195 999 292 1026 ascribi
313 1006 390 1032 posse
406 998 539 1024 rideatur.
558 997 666 1024 Advoco
681 1004 744 1023 vero
760 997 841 1023 etiam
860 996 892 1022 ad
907 1003 981 1021 eatu-

196 1046 255 1072 dem
270 1044 506 1071 Tauromenilanzc
520 1050 629 1070 causam
649 1042 870 1076 patrocinatulam
887 1041 981 1067 affines

197 1090 393 1125 Syracusanam
423 1093 451 1116 et
475 1088 652 1115 Catanensent
681 1087 835 1118 Ecclesias,
866 1094 979 1120 quarum

197 1137 360 1163 honorificos
400 1135 490 1161 titulos
526 1133 742 1168 archiepiscopi,
774 1141 827 1168 quo
863 1133 980 1165 Syracu-

195 1190 279 1210 sanus
310 1182 422 1209 antistes
455 1185 482 1207 et
514 1180 710 1215 tnetropolitas,
740 1187 792 1213 quo
822 1179 982 1206 Catanensis

195 1230 227 1257 ab
248 1229 341 1256 eadetn
362 1227 491 1255 natalium
511 1234 621 1254 suorum
646 1226 802 1253 conditione
822 1230 900 1252 natos
922 1232 982 1251 esse

193 1282 302 1307 censeo,
323 1273 396 1308 quod
419 1273 503 1300 altera
528 1271 556 1299 S.
577 1270 757 1302 Marcianum,
774 1270 859 1296 altera
884 1269 913 1296 S.
934 1269 983 1294 Be-

196 1321 291 1355 ryllum
322 1319 424 1354 pritttos
449 1325 464 1344 a
490 1317 522 1344 D.
550 1317 629 1344 Petro
657 1320 781 1350 parentes
805 1320 832 1342 et
862 1318 983 1348 pastores

198 1365 334 1399 acceperit
348 1373 355 1391 :
376 1371 531 1398 quanquam
553 1363 602 1390 hos
618 1362 699 1390 etiam
716 1361 824 1388 venales
839 1360 940 1393 titulos,
957 1364 984 1386 et

197 1420 210 1437 a
228 1410 325 1438 Photio
348 1414 467 1444 emptos,
484 1410 518 1436 ob
541 1413 693 1442 susceptam
709 1407 768 1441 ejus
793 1407 819 1433 in
837 1406 984 1433 aehisntate

198 1455 329 1483 adversus
343 1455 476 1488 lgnatium
492 1458 519 1481 et.
534 1454 672 1480 defensam
685 1460 794 1479 causam
810 1452 898 1486 arguit
913 1451 982 1478 idem

198 1501 324 1528 Pieeolus
341 1501 439 1527 citatus
455 1499 470 1526 ὲ
489 1499 557 1526 Pirri
582 1503 651 1533 part.
667 1506 693 1530 ι,
709 1505 770 1532 cap.
785 1497 820 1523 26
831 1517 838 1529 ,
857 1501 884 1524 et
900 1503 932 1523 ex
951 1503 984 1523 eo

196 1547 267 1574 Pirri
284 1548 310 1573 in
330 1545 428 1573 Notitia
448 1545 530 1572 Mess.
557 1544 682 1572 Ecclesia:
701 1548 766 1571 tom.
789 1542 860 1574 1|,f.
879 1550 980 1575 ccuv;

196 1602 230 1628 qu
239 1600 356 1628 anquatn
377 1592 420 1619 ltic
449 1596 514 1618 lout.
532 1590 579 1622 Ill,
595 1590 619 1616 in
640 1589 738 1616 Notitia
755 1588 934 1622 Syracusana:
957 1591 984 1613 et

196 1639 356 1667 Catanensis
385 1638 481 1673 pedem
516 1637 645 1672 paulatim
675 1635 776 1663 referre
804 1635 928 1661 videatur
950 1633 983 1661 iis

197 1686 293 1720 pulsus
309 1683 475 1719 argumentis
496 1690 556 1717 qua:
581 1682 636 1716 jatn
659 1682 804 1716 proferam.
832 1680 904 1707 Sane
931 1687 984 1706 non

196 1730 304 1758 inliciar
323 1730 349 1756 in
368 1736 398 1755 ea
418 1732 579 1762 tempestate
594 1727 767 1760 naufragasse
781 1733 828 1753 eos
838 1726 984 1758 antistites,

196 1781 222 1804 et
238 1774 400 1810 Gregorium
419 1774 562 1801 Asbestant
579 1772 781 1807 Syracusanum
800 1771 885 1798 facem
902 1772 984 1799 fuisse

196 1823 271 1850 illitts
287 1821 360 1851 belli.
379 1827 495 1854 eumque
510 1819 535 1845 itt
559 1819 707 1845 schismate
721 1823 907 1845 contumacem
923 1817 984 1844 ani-

194 1875 268 1895 mum
310 1866 478 1897 ohstinasse;
509 1863 683 1898 Euthytninm
710 1871 775 1890 vero
805 1863 983 1890 Catanensem

195 1913 272 1947 prius
285 1911 394 1946 quidem
410 1910 557 1937 adita-sisse
574 1909 670 1935 Photio
681 1928 688 1940 ,
707 1909 804 1935 deimle
827 1909 984 1942 pmniteutia

194 1957 261 1984 facti
289 1960 499 1990 compunctum,
523 1954 705 1981 secessionem
724 1953 758 1980 ab
781 1960 814 1980 eo
829 1953 940 1985 fecisse,
956 1957 983 1979 et

196 2011 258 2030 cum
275 2006 348 2029 reete
363 2001 542 2029 sentientibus
569 2000 594 2027 in
614 2000 735 2035 synodo,
756 2000 816 2026 Act.
832 2000 865 2031 5,
881 2004 907 2026 et
923 1998 982 2026 aliis

196 2048 326 2082 deinceps
340 2051 525 2082 aggregatum.
541 2046 616 2079 Quod
632 2054 696 2073 vero
722 2045 755 2072 ad
773 2045 866 2072 titulos
890 2044 984 2071 attinet

195 2094 268 2121 haud
294 2093 352 2120 seio
372 2093 419 2128 qui
444 2093 496 2120 hoc
512 2096 588 2120 certo
602 2092 688 2127 possit
702 2092 838 2119 affirmare
862 2095 889 2118 et
916 2091 983 2117 scri-

195 2139 260 2164 bere
287 2142 400 2171 uterque
426 2137 561 2171 scriptor,
587 2144 648 2163 cutn
675 2137 701 2163 in
725 2137 827 2170 synodo
842 2143 897 2168 vn,
922 2143 982 2169 qua:

194 2185 328 2212 adversus
354 2183 556 2214 lconoclastas,
585 2183 781 2217 imperantibus
804 2182 982 2209 Constantino

193 2234 221 2256 et
242 2228 338 2260 lrene,
354 2229 404 2255 sub
430 2227 575 2254 Adrianol
607 2228 743 2261 pontifice,
769 2227 903 2254 celebrata
929 2231 980 2259 ρει,

195 2274 240 2301 ubi
268 2273 479 2300 subscribuntur
512 2271 648 2306 episeqpi,
677 2279 805 2306 expresse
829 2271 982 2298 nominetur

195 2317 354 2351 Stephanus
373 2316 564 2351 Syracusanus
592 2316 820 2350 archiepiscopus.
839 2315 884 2342 Sic
910 2317 980 2342 cuitu

174 2366 249 2394 -,act.
266 2360 300 2392 4,
325 2361 351 2386 in
373 2359 532 2386 recensione
555 2360 754 2393 episcoporum.
773 2358 900 2384 Γαλατῶν
918 2357 980 2384 ἐλά-

192 2414 286 2441 χιστος
306 2405 503 2441 πρεσὸύτερος,
520 2406 567 2432 sui
595 2406 626 2433 ἐκ
647 2405 791 2439 προσώπου
806 2405 982 2439 ἀρχιεπισκόο

191 2460 246 2478 που
264 2450 391 2480 Σικελίας
409 2450 546 2484 ἀσμένως,
566 2455 618 2477 etc.
636 2450 683 2477 Cui
698 2451 862 2485 respondens
887 2449 981 2476 Latina

193 2496 316 2522 nominat
337 2495 525 2529 Stephanum,
549 2502 610 2529 qua:
635 2493 726 2522 Gratca
754 2495 902 2528 suppressit
926 2493 981 2521 Gu-

192 2542 253 2568 bato
267 2541 378 2575 exiguus
394 2540 538 2574 presbyter,
557 2545 582 2566 et
598 2547 630 2566 ex
654 2548 763 2574 perwna
786 2539 913 2574 Stephani
934 2549 980 2566 ar-

192 2585 350 2620 chiepiscopi
375 2584 475 2612 Sicilia:
500 2585 610 2612 libenter
632 2585 730 2618 omnia,
747 2591 799 2613 etc.
824 2587 858 2612 At
875 2594 939 2613 vero
957 2587 981 2612 Ι·

193 2633 275 2659 etiam
302 2631 329 2658 in
363 2630 457 2658 Graeco
483 2637 574 2665 textu,
608 2632 767 2663 Γαλατώνος
793 2632 980 2666 πρεῦϐυτέρου

193 2680 241 2706 καὶ
256 2679 302 2705 τὸν
321 2678 404 2704 τόπον
422 2678 567 2713 ἐπέχοντος
591 2678 726 2712 Στεφάνου
752 2679 901 2706 ἐπισκόπου
923 2680 982 2705 Συ-

195 2724 359 2759 ρακουσίων.
385 2722 515 2750 Galatone
536 2725 685 2757 presbytero
699 2744 706 2756 ,
722 2729 745 2750 et
767 2725 851 2750 locum
881 2729 981 2751 tenente

193 2769 319 2804 Stephani
343 2769 459 2804 episcopi
486 2768 660 2803 Syracusani.
686 2769 742 2797 Non
768 2769 892 2804 fugerunt
926 2771 982 2799 lucc

194 2814 254 2843 loco
278 2813 435 2847 Piccoium,
459 2815 506 2842 sed
529 2821 623 2843 eorum
659 2816 712 2843 vim
743 2821 769 2844 et
794 2817 979 2844 auctoritatem

1032 178 1147 200 conatur
1164 174 1298 209 effugere,
1316 178 1343 202 et
1358 174 1383 201 in
1404 174 1582 209 suspicionem
1596 175 1698 202 erroris
1714 179 1807 204 textum

1031 219 1176 245 adducere.
1195 219 1247 246 Sed
1273 227 1368 254 ungat:
1394 228 1461 254 quas
1476 220 1519 246 hic.
1541 227 1592 246 non
1619 219 1753 252 referant;
1773 229 1810 247 rc-

1032 264 1083 291 fert
1100 267 1170 291 enim
1195 265 1282 297 Pirri,
1301 265 1346 299 qui
1366 273 1428 292 cutn
1451 265 1476 292 itt
1493 266 1552 300 ejus
1578 264 1691 291 inclinet
1714 266 1809 299 opinio-

1033 319 1107 343 nem,
1129 315 1217 338 tamen
1238 316 1330 344 aperte
1341 311 1440 338 fatetur
1453 319 1505 338 non
1528 318 1607 345 posse
1623 312 1724 337 elevari
1743 313 1812 338 testi-

1032 358 1114 383 monii
1139 357 1219 391 hujns
1243 358 1455 384 auctoritatem:
1473 365 1534 384 nam
1549 358 1621 391 quod
1636 362 1676 383 est
1692 357 1810 391 effugiunt

1032 404 1140 436 Piccoli,
1156 410 1181 431 et
1195 409 1388 436 commentum,
1405 404 1531 431 nimirum
1547 409 1601 431 act.
1619 404 1646 436 2,
1662 403 1812 431 Galatonetn

1031 450 1085 477 dici
1105 454 1197 484 aperte
1217 450 1303 477 loctttn
1322 455 1414 476 tenere
1437 450 1551 484 Rhegii;
1569 450 1640 476 unde
1655 449 1713 482 ipse
1729 454 1813 475 t'etts‘rl.

1031 496 1263 530 archiepiscopum
1281 496 1381 523 Sicilia:
1396 495 1546 530 theginum
1562 495 1614 522 dici
1634 495 1718 522 veteri
1735 503 1812 523 more,

1031 549 1085 575 quo
1113 542 1238 568 Calabria
1268 541 1361 568 Sicilia
1386 547 1539 575 nuncupata
1559 546 1618 573 est,
1635 546 1662 567 ct
1685 548 1745 567 cum
1761 540 1815 567 Str-

1032 587 1139 621 phanus
1163 592 1216 613 act.
1235 587 1252 613 4
1269 587 1376 620 legitur,
1393 586 1611 612 subslituendum
1629 593 1680 620 pro
1704 592 1736 612 co
1749 584 1814 611 Cott-

1031 633 1198 663 stantinuut,
1221 633 1331 660 omnino
1347 633 1494 659 evanescit.
1518 631 1585 658 Nam
1602 632 1648 658 illa
1666 636 1720 657 :th.
1737 631 1754 657 2
1769 639 1816 656 non

1031 677 1178 710 Γαλατῶν,
1196 677 1308 710 Galate,
1326 681 1354 704 ut
1380 677 1406 703 in
1422 677 1509 712 prima
1527 676 1674 708 scribitur,
1702 675 1748 702 sed
1768 675 1816 701 Fa-

1031 724 1140 756 ).a'.tto;,
1159 729 1186 751 et
1205 723 1301 751 Latine
1317 723 1432 750 vertitur
1455 723 1573 754 Galata;
1590 723 1663 749 unde
1687 723 1710 748 si
1732 722 1757 748 in
1780 722 1818 748 his

1032 770 1152 796 tniuutiis
1176 769 1277 804 aliquid
1301 769 1431 795 momenti
1466 768 1621 802 ponendum
1647 772 1708 800 est,
1731 774 1817 793 ansam

1031 815 1163 841 habemus
1189 813 1332 849 colligendi
1360 814 1443 840 alium
1477 813 1580 844 fuisse,
1612 812 1738 846 adeoque
1763 820 1819 838 con-

1027 861 1163 895 jeeturatn
1194 861 1267 889 illius
1294 861 1346 887 alia
1375 865 1468 888 nostra
1499 860 1682 886 retunditnus.
1714 859 1746 886 Et
1772 864 1818 886 aet.

1031 908 1089 942 ipsa
1109 908 1142 939 4,
1169 908 1195 933 in
1220 914 1271 941 qua
1304 908 1431 933 mendum
1453 906 1610 939 suspicatur
1633 904 1781 936 Piccolus,
1799 911 1821 931 et

1032 944 1248 980 substituendum
1273 960 1320 986 pro
1341 952 1481 986 Stephano
1504 951 1719 978 Constantinum
1737 951 1820 981 velit-t,

1033 999 1166 1032 reperitur
1197 998 1294 1025 adesse
1321 998 1518 1024 Constantinus
1538 1006 1543 1024 :
1563 1005 1644 1031 quem
1672 997 1719 1023 ille
1742 997 1821 1023 locum

1033 1044 1152 1071 fortasse
1169 1044 1368 1076 dissimulavit,
1394 1043 1465 1078 quod
1482 1043 1509 1070 in
1523 1042 1621 1069 Latina
1645 1043 1772 1069 versione
1787 1042 1823 1067 di-

1032 1095 1108 1117 catur
1130 1089 1208 1121 Chii,
1230 1097 1282 1117 non
1309 1089 1403 1124 thegii
1426 1098 1433 1116 :
1459 1089 1533 1122 atqui
1560 1089 1648 1114 miror
1670 1095 1724 1114 non
1745 1088 1823 1113 anim-

1033 1136 1185 1162 advertisse
1212 1136 1238 1162 in
1267 1135 1390 1169 margine
1413 1135 1637 1162 emendationem
1664 1134 1740 1160 vocis
1759 1133 1822 1163 Chii.

1033 1186 1060 1208 ct
1075 1181 1218 1214 repositam
1237 1180 1329 1214 Reg/iii
1341 1188 1350 1206 :
1367 1185 1393 1207 et
1418 1181 1555 1207 hominem
1571 1179 1671 1207 Grmce
1688 1180 1823 1209 scientem,

1034 1233 1086 1251 tton
1106 1225 1203 1259 legisse
1220 1225 1246 1251 in
1264 1224 1359 1252 Grzcco
1383 1225 1442 1251 sine
1465 1225 1520 1251 ttllo
1548 1224 1686 1251 asterisco
1711 1224 1744 1250 ad
1760 1223 1825 1249 libe-

1033 1271 1069 1305 gii
1090 1278 1183 1297 vocem
1212 1271 1418 1301 Κωνσταντῐνος
1439 1272 1453 1297 ὁ
1475 1271 1586 1302 ἀνάξιος
1610 1271 1765 1301 ἐπίσκοπος
1783 1269 1825 1295 τοῦ

1041 1315 1152 1351 Ῥηγιωυ
1177 1317 1326 1350 ἀσμένως.
1354 1317 1380 1343 id
1405 1322 1464 1348 esl,
1487 1317 1687 1344 Constantinus
1710 1316 1825 1350 indignus

1033 1363 1168 1396 episwpus
1197 1362 1271 1397 Regii
1293 1362 1413 1394 libenter,
1434 1368 1508 1394 εις..
1535 1367 1563 1389 ct
1587 1364 1701 1389 deruunt
1724 1366 1776 1388 at-t.
1803 1361 1827 1393 't,

1033 1410 1175 1444 jugulatur
1190 1408 1287 1435 l'iecoli
1302 1408 1459 1442 conjectura
1474 1417 1538 1436 cutn
1555 1409 1591 1436 ibi
1608 1409 1721 1435 dicatur
1738 1408 1827 1435 Galato

1034 1457 1154 1484 vicarius
1170 1455 1303 1489 Stephani
1319 1455 1438 1490 episcopi
1451 1455 1640 1490 Syracusani,
1657 1459 1686 1481 et
1700 1455 1727 1480 in
1740 1454 1827 1481 eadem

1034 1506 1087 1530 act.
1104 1501 1222 1529 adfuisse
1237 1501 1444 1528 Constantinum
1466 1501 1628 1535 episcopum
1646 1499 1746 1534 Bhegii
1770 1506 1828 1525 con-

1034 1552 1109 1579 stat;
1129 1548 1200 1582 quod
1223 1547 1325 1581 optime
1343 1546 1410 1573 vidit
1434 1545 1525 1579 Pirri,
1550 1546 1673 1580 ideoque
1688 1565 1695 1577 ,
1713 1550 1743 1571 ut
1767 1544 1829 1585 dixi,

1034 1593 1125 1620 tuittus
1139 1592 1287 1619 assentitur
1300 1591 1419 1619 Piccolo.
1442 1592 1497 1619 Sed
1517 1593 1591 1627 quod
1619 1592 1745 1626 apertius
1760 1591 1828 1617 testi-

1034 1637 1154 1664 monittm
1172 1644 1252 1672 quam
1268 1636 1382 1672 epistola
1398 1636 1501 1664 Nicolai
1519 1637 1530 1663 Ι
1554 1637 1700 1671 pontificis
1718 1636 1750 1662 ad
1765 1634 1828 1661 Pho-

1034 1685 1101 1711 tium
1127 1689 1154 1711 et
1180 1684 1373 1717 imperatorem
1397 1682 1558 1710 Michaelem
1585 1683 1715 1718 scripta,
1734 1682 1761 1709 in
1783 1689 1829 1715 qua

1034 1737 1096 1756 eum
1125 1729 1162 1756 illi
1189 1728 1388 1764 Syracusanam
1410 1727 1566 1755 Ecelesiam
1591 1735 1652 1755 sua:
1679 1726 1789 1754 ditionis
1803 1725 1826 1751 in

1035 1779 1195 1809 perpetuum
1227 1773 1338 1806 facere,
1362 1781 1422 1801 cum
1448 1773 1617 1808 Gregorium
1648 1772 1829 1801 divulsisscnt,

1034 1824 1211 1852 conarentur,
1236 1819 1383 1854 respondet
1406 1818 1552 1846 Nicotaus:
1578 1818 1658 1845 Inter
1674 1818 1727 1844 ista
1752 1822 1774 1843 et
1791 1824 1830 1842 su-

1036 1866 1125 1899 perius
1140 1865 1211 1891 dicta
1226 1865 1358 1897 volumus,
1375 1869 1403 1890 ut
1421 1865 1590 1891 consecratio
1609 1863 1778 1899 Syracusani
1793 1871 1832 1888 ar-

1034 1908 1191 1942 chiepiscopi
1214 1913 1305 1934 nostra
1323 1915 1338 1933 a
1365 1906 1431 1934 Sede
1455 1907 1644 1941 impendatur,
1673 1912 1703 1933 ut
1731 1906 1831 1933 traditio

1034 1955 1066 1981 ab
1090 1955 1218 1989 apostolis
1233 1955 1356 1981 instituta
1377 1955 1531 1982 nullatenus
1555 1955 1656 1982 vestris
1679 1954 1832 1988 temporibus

1035 2002 1160 2028 violetur.
1185 2000 1247 2028 Han:
1273 2001 1424 2028 Nicolaus:
1444 2008 1478 2028 cx
1507 2009 1562 2036 quo
1590 2002 1658 2035 quis
1689 2009 1743 2028 tton
1767 2000 1832 2026 videt

1036 2048 1231 2080 archiepiscopi
1255 2054 1352 2074 nomen
1370 2047 1545 2081 Syracusano
1568 2047 1692 2073 antistiti
1721 2054 1773 2072 non
1794 2053 1833 2071 so-

1035 2092 1089 2118 lutn
1106 2100 1121 2118 a
1141 2092 1238 2118 l’hotio
1262 2100 1314 2118 non
1336 2092 1420 2119 fuisse
1437 2092 1582 2124 afﬁctttm,
1603 2092 1654 2119 sed
1683 2099 1697 2118 a
1718 2091 1833 2118 Romano

1035 2137 1161 2172 pontifice
1176 2138 1328 2164 donatum?
1351 2138 1391 2164 An
1407 2137 1479 2164 enim
1495 2145 1621 2171 unquatn
1648 2137 1773 2172 pontifex
1787 2137 1833 2170 Sy-

1034 2190 1198 2210 racusanum
1228 2183 1468 2217 archiepiscopum
1505 2184 1694 2217 nominaret,
1717 2191 1778 2210 cum
1804 2183 1833 2208 ad

1033 2227 1236 2255 scltisintaticos
1261 2228 1413 2260 scriberet,
1433 2228 1455 2254 si
1488 2227 1513 2254 is
1543 2228 1644 2254 titulus
1674 2235 1789 2259 recens,
1811 2232 1835 2252 et

1032 2273 1134 2300 venalis
1147 2292 1153 2304 ,
1172 2278 1199 2299 et
1226 2272 1305 2299 malis
1328 2273 1433 2299 artibus
1455 2273 1489 2299 ab
1508 2273 1567 2307 ipso
1584 2272 1691 2305 Photio
1713 2279 1741 2299 et
1757 2274 1835 2306 impe-

1034 2324 1123 2345 ratore
1140 2318 1237 2345 fuisset
1255 2317 1431 2352 acquisitus?
1448 2318 1550 2345 Credat
1567 2319 1595 2346 id
1614 2319 1663 2352 qui
1681 2319 1758 2350 velit,
1776 2318 1836 2351 mliti

1033 2371 1097 2390 sane
1112 2365 1275 2398 persuadere
1292 2371 1372 2389 nemo
1387 2364 1499 2398 poterit.
1525 2364 1598 2396 Quid
1616 2372 1685 2390 vero
1701 2365 1790 2391 dicent
1806 2363 1835 2388 ad

1033 2409 1113 2435 alium
1133 2409 1220 2435 locttm
1238 2410 1360 2442 epistola:
1379 2410 1500 2444 ejusdem
1529 2410 1639 2438 Nicolai
1657 2411 1666 2437 Ι
1693 2411 1792 2445 pontif.
1806 2409 1835 2435 ad

1032 2454 1191 2482 Mieltaelem
1210 2456 1423 2490 imperatorem,
1447 2457 1475 2483 in
1491 2464 1545 2491 qua
1563 2457 1709 2491 lguatium
1726 2457 1836 2492 patriar-

1033 2502 1111 2528 eltam
1126 2502 1459 2536 Constantinopolitanum
1474 2507 1502 2530 ct
1514 2505 1748 2532 eontminlstrum
1763 2510 1837 2531 suum

1033 2547 1161 2580 appellat,
1185 2547 1211 2572 in
1230 2555 1282 2581 qua
1298 2548 1420 2581 ptazeipit
1437 2553 1466 2575 ut
1490 2549 1616 2583 Ignalius
1629 2555 1660 2577 et
1679 2550 1797 2577 Photins
1813 2553 1838 2574 ct

1032 2592 1135 2625 aliquot
1152 2600 1184 2619 ex
1200 2592 1232 2619 iis
1250 2593 1296 2626 qui
1318 2600 1380 2619 cum
1396 2593 1532 2628 Gregorio
1550 2594 1740 2630 Syracusano
1753 2599 1838 2623 erant.

1032 2638 1065 2663 ad
1081 2645 1110 2664 se
1123 2638 1231 2664 veniant
1243 2658 1250 2670 ,
1269 2643 1296 2664 et
1311 2643 1442 2672 pra-terea
1460 2641 1537 2667 addit
1552 2651 1558 2668 :
1581 2641 1738 2668 Mittantur
1760 2641 1838 2668 etiam

1033 2684 1063 2708 de
1089 2688 1163 2715 parte
1189 2683 1290 2718 lgnatit’
1329 2684 1521 2720 archiepiscopi
1549 2688 1667 2720 quidam
1707 2687 1838 2713 Antonius

1032 2728 1143 2763 Cyzici,
1163 2729 1278 2756 Basilius
1304 2728 1530 2763 Thessalonicae,
1556 2732 1766 2760 Constantinus
1792 2731 1838 2758 La-

1035 2774 1126 2805 rissae,
1159 2774 1319 2802 Theodorus
1349 2775 1614 2811 Syracusanorum,
1646 2778 1840 2812 Metrophaan

1035 2819 1175 2849 Smyrnae:
1192 2825 1217 2847 et
1233 2820 1319 2851 fuerat
1335 2822 1378 2849 hic
1394 2821 1560 2851 Theodorus
1583 2826 1684 2852 (ouem
1703 2825 1751 2852 alii
1769 2830 1839 2852 eum-
