1874 3055
61 155 90 186 ¹ΓΙ
562 126 742 183 FRANClSI
764 151 896 183 SCOHSI
918 151 1136 182 PROEMIUM
1153 152 1195 182 II.
1639 150 1674 180 78

63 210 113 238 dem
130 207 309 236 Theodosium
324 208 467 236 nominum
477 227 485 240 ,
507 208 578 241 quod
592 215 685 242 parum
703 207 736 235 ad
751 214 838 235 meam

65 255 225 290 quaestionem
252 255 380 288 interest)
407 254 433 281 in
454 253 542 281 locum
572 253 694 289 Gregorii
718 253 838 280 Asberta:

65 300 209 328 substitutus
224 299 259 327 ab
274 299 380 334 lgnatio
405 298 579 333 patriarcha,
594 299 639 334 qui
663 299 750 333 ipsum
772 298 839 326 Gre-

64 346 153 381 gorium
164 346 328 380 deposuerat
341 355 348 372 :
362 345 436 379 atqui
453 344 527 371 illum
539 345 609 372 inter
620 344 838 379 archiepiscopus

64 395 143 425 aperte
157 395 278 418 recenset
294 389 423 418 Nicolaus
438 389 466 422 Ι,
490 397 628 424 nunquam
654 390 680 417 id
705 390 835 421 tacturus.

65 436 110 463 nisi
123 443 177 462 eam
192 435 356 471 dignitatem
386 440 471 463 ratam
490 435 623 467 haberet",
648 440 741 470 utpote
768 436 838 462 anti-

64 481 155 516 quitate
176 481 231 515 jam
254 481 313 515 ipsa
333 480 538 513 conﬁrmatam,
560 489 612 508 non
636 488 700 508 vero
717 488 748 508 ex
770 481 839 508 Gre-

65 527 131 561 gorio
154 527 180 553 in
205 535 386 555 successores
413 528 563 555 derivatam
577 547 585 560 ,
606 532 636 554 ut
652 526 777 555 Piccolus
790 534 837 554 au-

65 576 148 598 tumat.
174 571 206 598 Et
228 572 344 607 quidem
364 580 398 600 ex
427 573 507 608 hujus
530 572 651 608 epistola:
676 573 837 600 auctoritate

64 616 202 648 convictus.
229 622 257 644 et
281 625 332 645 sua
351 617 486 645 sententia
509 618 608 646 cadere
629 622 739 646 coactus
755 617 835 649 Pirri,

66 664 147 696 pedem
173 662 287 690 houeste
305 663 410 696 refert,
435 667 462 690 et
476 664 557 691 modo
572 671 625 690 non
649 670 776 698 expresse
791 671 836 692 re-

69 712 156 735 tractat
170 716 229 743 qua:
245 713 312 736 tom.
333 708 354 735 ll
370 708 434 736 locis
447 708 538 736 citatis
552 709 585 736 de
610 708 661 737 hac
680 703 836 736 nomencla-

65 759 115 780 tura
139 753 262 786 dixerat,
288 753 427 782 Piccolum
459 761 588 789 sequens.
613 753 690 787 Quod
715 755 785 782 idem
809 755 835 782 in

65 799 190 826 Catanensi
213 800 348 834 episcopo
363 800 386 827 ei
410 799 538 834 contigit;
554 806 614 826 cum
638 799 710 827 enitn
734 799 836 834 Euthy-

66 845 134 870 tnium
151 844 332 871 Catanenscm
361 845 438 871 tnodo
455 844 653 879 metropolitam
665 864 673 878 ,
698 845 777 872 tnodo
792 852 836 871 ar~

65 890 249 924 cltiepiscopum
268 890 295 916 in
324 890 428 925 synodo
453 897 517 923 Vttt.
534 890 560 917 in
588 897 640 924 qua
663 889 782 924 lgnatius
797 890 838 917 le-

65 935 156 967 gitimus
183 935 342 970 patriarcha
378 935 553 968 restituitur,
582 936 632 963 sub
659 936 780 963 Adriano
806 935 837 968 11,

66 981 173 1014 pontilice
196 987 221 1009 et
244 981 348 1009 Basilio
369 981 517 1009 Macedone
541 982 666 1017 imperat.
691 981 837 1013 celebrata,

67 1027 182 1053 nominari
195 1045 202 1059 ,
222 1031 248 1053 et
276 1027 352 1054 inter
368 1027 552 1060 metropolitas
567 1027 722 1055 consedisse
737 1027 836 1061 videat,

67 1078 109 1097 non
125 1070 248 1105 rejectos,
268 1071 325 1099 imo
342 1072 503 1106 approbatos
523 1079 569 1099 eos
593 1072 684 1100 titulos
701 1080 715 1099 a
733 1080 838 1100 summo

67 1116 192 1150 pontiﬁce,
210 1116 334 1144 fateatur
347 1124 460 1144 necesse
482 1123 541 1149 cst,
559 1123 587 1144 et
614 1117 714 1145 l'atrtur
728 1119 836 1152 quidem

68 1169 106 1189 eos
117 1163 280 1198 antiquiores
294 1163 382 1190 fuisse
399 1162 539 1190 Pltotianis
557 1164 730 1198 temporibus.
749 1164 838 1192 Redeo

71 1208 137 1243 igitur
150 1215 180 1236 eo
203 1210 274 1236 unde
290 1213 419 1244 suscepta
438 1209 586 1243 disputatio
608 1217 668 1236 cum
692 1209 824 1245 SyfaCUsa

70 1261 120 1281 num
133 1259 158 1282 et
173 1254 356 1283 Catanensem
377 1255 510 1284 antistites
521 1276 529 1288 ,
546 1263 613 1290 quos
633 1256 665 1282 ad
680 1260 821 1283 contestan
831 1270 838 1276 -

71 1299 120 1326 dum
142 1301 340 1336 archiepiscopi
365 1301 470 1328 titulunt
500 1301 730 1330 Tauromenitano
756 1303 838 1330 adro-

70 1350 155 1379 catam,
183 1346 303 1381 legitime
333 1347 416 1374 etiam
455 1347 488 1375 iis
521 1348 659 1383 dignitatis
688 1349 839 1383 ittsignibus

72 1392 192 1419 decoratos
207 1393 294 1420 fuisse
309 1393 511 1428 comprobarim
523 1412 530 1426 ,
546 1394 572 1421 in
589 1401 675 1428 eoque
697 1394 837 1429 sutiragari

70 1437 120 1463 mihi
139 1441 163 1464 et
184 1438 291 1465 veritati
321 1439 499 1474 compulerim
527 1439 614 1474 ipsum
638 1439 709 1466 Pirri
727 1448 734 1467 :
753 1448 839 1475 neque

73 1490 123 1509 vero
135 1483 235 1511 initium
255 1484 338 1519 hujus
352 1484 541 1519 appellationis
566 1490 640 1513 certo
655 1490 771 1519 constet,
782 1486 838 1520 jam

71 1528 121 1556 inde
143 1538 156 1556 a
174 1530 324 1564 primordio
354 1538 413 1558 eam
447 1531 505 1559 illos
532 1533 736 1567 praerogativam
768 1533 838 1560 obti-

71 1576 143 1602 nuisse
172 1576 318 1603 verisimile
334 1581 394 1609 est,
419 1578 489 1611 qttod
511 1585 527 1604 a
555 1578 585 1605 Β.
609 1579 689 1606 Petro
704 1578 760 1606 sint
775 1586 839 1606 con-

73 1621 165 1647 stituti:
183 1623 252 1656 quod
268 1622 342 1649 idem
365 1623 398 1650 de
414 1623 642 1652 Tauromenilauo
665 1624 838 1652 allirmaram.

70 1665 181 1694 Ceterum
206 1668 298 1703 enim,
317 1669 389 1703 quod
415 1677 467 1696 non
490 1677 596 1705 semper
609 1678 642 1698 co
666 1671 743 1699 titulo
760 1672 839 1698 deco-

77 1774 992 1786 ῃ

890 211 983 234 rentur
1002 207 1029 234 in
1045 205 1289 242 subscriptionibus
1311 205 1505 238 conciliorum,
1523 207 1673 241 praesertim

890 253 994 288 synodo
1011 260 1047 280 vtt
1061 257 1155 280 contra
1179 251 1385 284 Monothelitas,
1403 251 1429 278 in
1446 258 1498 286 qua
1515 251 1603 286 primo
1617 252 1676 280 loco

890 296 961 324 inter
980 297 1086 324 Siculos
1112 296 1496 330 subscribitur,Syracusanus
1521 297 1674 331 episcopus,

890 347 917 370 et
933 343 996 370 item
1015 344 1041 370 in
1057 342 1156 370 litteris
1171 342 1202 369 Β.
1217 342 1337 376 Gregorii
1355 341 1469 377 aliisque
1484 343 1676 374 monumentis.

889 387 916 416 id
929 389 1027 416 nullius
1042 393 1083 416 est
1096 388 1224 416 momenti
1236 408 1243 420 ,
1253 395 1327 420 eum
1342 388 1422 415 etiant
1438 388 1488 422 ipsi
1503 388 1674 422 patriarchae.

894 440 920 462 et
936 435 993 469 ipse
1005 441 1128 461 summus
1145 433 1267 469 pontifex
1283 433 1402 468 episcopi
1424 432 1582 467 simpliciter
1604 440 1676 468 saepe

892 479 1072 514 appellentur.
1093 478 1184 506 Solum
1200 478 1271 506 enim
1297 477 1361 505 illud
1379 477 1514 506 contendo
1538 485 1676 512 nunquam

888 532 935 553 eos
951 525 1187 565 archiepiscopos,
1204 531 1253 552 nec
1273 523 1356 551 semel
1370 524 1477 559 quidem
1504 524 1677 558 appellandos

889 571 983 603 fuisse,
998 572 1146 606 praesertim
1163 579 1176 597 a
1193 578 1299 599 summo
1312 570 1447 606 pontiﬁce,
1461 574 1489 598 et
1501 571 1527 598 in
1543 571 1677 602 conciliis,

889 620 918 642 ut
937 615 971 643 de
984 615 1157 650 Syracusano
1180 621 1208 642 et
1231 615 1375 643 Catanensi
1396 616 1452 650 jam
1481 616 1601 649 ostendi,
1624 617 1676 644 nisi

888 667 922 688 eo
936 660 1015 687 titulo
1028 659 1088 694 jure
1103 661 1265 695 potirentur.
1282 661 1414 688 Caeterum
1427 660 1548 688 inferiori
1564 669 1678 690 nomen-

889 705 994 734 clatura
1011 711 1090 740 prout
1105 706 1202 734 libebat
1219 707 1349 734 scribenti
1362 707 1460 742 szepius
1471 707 1529 734 sine
1539 707 1678 743 dignitatis

889 752 1073 780 diminutione
1100 753 1303 787 antiquioribus
1338 753 1392 780 illis
1420 753 1525 781 sarculis
1557 755 1678 788 potuisse

890 798 1044 833 appellari;
1067 799 1137 833 quod
1168 798 1237 826 idem
1266 799 1298 826 de
1329 798 1556 827 Tauromenitauo
1578 801 1677 828 dictum

896 845 988 871 velim.
1005 844 1034 871 Si
1050 844 1109 878 quis
1132 844 1243 879 objiciat
1264 852 1324 872 etttn
1349 853 1483 879 nunquam
1509 850 1570 873 ante
1588 845 1678 874 Pltotii

894 895 1015 925 tempora
1040 889 1236 925 archiepiscopi
1255 890 1364 918 nutttine
1387 890 1512 918 allectum
1534 891 1633 925 fuisse;
1652 893 1678 919 id

892 943 945 964 non
974 935 1065 970 arguit
1088 936 1243 963 necessario
1265 944 1281 963 a
1308 935 1405 963 Pltotio
1422 936 1504 964 fuisse
1528 945 1677 973 cognomen

895 983 1061 1018 impositum.
1077 982 1153 1015 Quod
1170 982 1192 1009 si
1206 982 1248 1010 cui
1267 989 1329 1010 vero
1343 982 1457 1010 similius
1469 983 1591 1010 videatur
1606 983 1677 1011 Tau-

893 1030 1091 1057 rontenitanum
1119 1029 1351 1064 archiepiscopum
1377 1036 1514 1063 nunquam
1536 1030 1604 1057 alios
1626 1029 1676 1057 ha‘

891 1075 982 1103 buisse
994 1075 1045 1103 sibi
1060 1075 1196 1110 subjectos
1211 1075 1362 1110 episeopos,
1376 1083 1464 1110 neque
1478 1076 1675 1111 archiepiscopi

901 1126 947 1148 aut
971 1120 1148 1155 metropolitat
1171 1120 1318 1154 legitimum
1339 1119 1383 1154 jus
1401 1120 1426 1146 in
1450 1119 1555 1155 aliquos
1577 1121 1676 1148 Siciliae

895 1166 1038 1200 episcrtpos
1055 1171 1181 1199 tauquam
1198 1164 1382 1198 sulTragancos
1394 1165 1541 1193 obtinuisse
1553 1171 1579 1193 et
1597 1174 1677 1194 excr-

891 1212 1002 1242 ('lllSSC.
1027 1212 1098 1246 quod
1124 1211 1157 1238 de
1183 1211 1353 1246 Syracusano
1380 1212 1534 1244 contendit,
1559 1217 1586 1239 et
1606 1212 1676 1239 facta

893 1263 1041 1292 temporum
1061 1258 1206 1292 partitione
1221 1257 1317 1292 probat
1340 1257 1430 1290 Pirri,
1453 1263 1598 1293 censetque
1617 1267 1677 1287 om-

892 1309 950 1334 nes,
965 1302 1058 1329 saltem
1077 1302 1106 1329 D.
1123 1301 1246 1336 Gregorii
1263 1306 1396 1336 tempore,
1415 1301 1522 1330 Siculos
1538 1303 1678 1338 episcopos

892 1347 1014 1374 llomano
1030 1346 1149 1380 pontifici
1173 1351 1200 1373 et
1216 1354 1269 1373 non
1284 1346 1360 1374 alteri
1379 1347 1500 1381 proxime
1516 1347 1600 1375 fuisse
1616 1350 1677 1376 sult-

891 1394 988 1429 jectos,
1010 1402 1070 1421 cum
1091 1398 1190 1426 tamen,
1209 1397 1236 1419 nt
1248 1393 1303 1428 jam
1327 1393 1453 1424 vidimus,
1479 1393 1676 1429 archiepiscopi

895 1440 999 1468 titttlum
1018 1444 1073 1467 tum
1099 1440 1289 1475 SyracuSnno,
1304 1444 1358 1466 ttttn
1374 1439 1519 1468 Catanensi
1544 1441 1678 1475 denegare

893 1494 945 1514 non
970 1487 1074 1522 possit,
1099 1487 1124 1513 id
1152 1486 1233 1512 etiam
1259 1485 1372 1512 libenter
1389 1485 1422 1512 de
1447 1483 1676 1512 Tauromenitana

891 1532 1093 1565 concesserim,
1115 1532 1194 1558 modo
1223 1530 1396 1557 honorarium
1426 1529 1621 1565 archiepiscopi
1645 1531 1678 1556 ti-

894 1579 977 1605 tulum
1004 1578 1038 1604 ob
1061 1577 1265 1612 pra-rogativam
1285 1575 1339 1611 jam
1364 1580 1619 1610 commemoratam,
1640 1575 1676 1603 le-

893 1625 1026 1659 gitimum,
1044 1632 1097 1651 non
1112 1623 1291 1650 adulterinum
1308 1622 1392 1650 fuisse
1406 1621 1567 1650 concedant.

455 1879 850 1941 PRO(EMIUM
896 1880 1278 1938 SECUNDUM

737 1982 982 2023 uenenum,

211 2068 496 2100 COMPLECTENS
520 2069 571 2100 DE
597 2068 857 2100 THEOPHANIS
885 2068 1065 2100 CERAMEI
1090 2069 1187 2100 VITA
1215 2068 1514 2102 CONJECTANEA.

75 2219 113 2254 Η.
133 2219 294 2256 Theophanes
317 2222 366 2248 alii
389 2223 434 2256 qui
449 2231 494 2255 per
511 2222 601 2249 eadem
617 2227 734 2254 lempora
761 2223 831 2250 viae-

145 2263 200 2283 rtmt
218 2266 234 2283 α
251 2256 409 2292 Theophane
423 2257 545 2284 Cerameo
558 2263 737 2284 secernuntur.

99 2309 162 2342 Quod
175 2311 222 2338 sub
238 2311 321 2337 tinem
337 2310 507 2338 Praefationis
521 2311 554 2338 ad
566 2310 696 2338 Lectores
711 2311 835 2346 promisi,

74 2354 114 2386 iam
131 2355 176 2383 hoc
197 2357 320 2383 secundo
343 2357 474 2391 prooemio
490 2357 635 2391 praestabo,
654 2362 684 2383 ut
701 2365 733 2384 ex
750 2357 833 2384 variis

75 2399 147 2426 harum
164 2401 332 2428 homiliarum
350 2401 428 2429 lineis
441 2409 488 2428 seu
503 2401 684 2433 liueatnentis,
698 2404 724 2429 in
738 2402 836 2436 quibus

75 2445 129 2472 Iclut
146 2447 169 2473 itt
181 2447 289 2482 speculo
305 2446 424 2475 auctoris
439 2447 527 2482 imago
544 2447 642 2476 reﬂexa
662 2456 721 2475 sese
743 2448 836 2481 objicit

76 2494 143 2526 nobis,
163 2495 240 2522 vitam
267 2496 436 2528 adumbrem,
458 2495 481 2524 si
509 2496 597 2524 mintts
620 2496 688 2523 vivis
702 2496 836 2523 coloribus

76 2539 189 2567 deﬁciente
205 2541 380 2569 historiarum
398 2541 457 2568 luce
478 2541 580 2576 possim
596 2541 767 2576 exprimere;
788 2549 836 2568 nec

75 2592 123 2613 sane
136 2588 158 2614 id
172 2588 227 2617 sine
248 2588 393 2616 multorum
416 2590 580 2624 scriptorum
606 2590 729 2624 exemplo
746 2594 772 2617 ct
788 2597 837 2616 att-

76 2633 175 2661 ttoritate
197 2635 340 2670 prastabo.
357 2634 520 2663 Consuetum
546 2634 638 2662 multis
660 2635 710 2662 fuit
724 2643 757 2662 ex
772 2644 835 2671 0pc-

78 2678 134 2705 nbus
151 2680 253 2714 scriptis
278 2685 420 2708 auctorum
450 2681 569 2715 ipsorum
588 2680 670 2707 vitam
694 2687 724 2707 ac
747 2688 836 2708 mures

78 2725 223 2759 rxsrribere;
251 2727 278 2755 id
301 2734 331 2755 se
355 2726 487 2754 facturum
519 2726 544 2753 in
568 2727 764 2754 conscribenda
779 2728 835 2755 Vita

79 2767 173 2804 Gregorii
184 2772 344 2800 Nazianzeni
361 2773 500 2807 prolitetur
517 2771 665 2806 Gregorius
680 2772 834 2807 presbyter:

80 2812 170 2842 Ἔπειτα
183 2818 222 2844 ὃτι
239 2820 308 2854 μηδὲ
320 2828 363 2852 τις
377 2819 411 2846 τὰ
428 2818 489 2846 κατ’
500 2818 581 2845 αὑτὸν
599 2818 665 2852 ἡμῖν
689 2819 836 2852 γεγραφὼς

80 2862 256 2899 καταλέλοιπεν,
272 2865 340 2893 ἀλλὰ
352 2865 487 2901 σποράδην
506 2865 537 2892 ὲκ
546 2864 600 2892 τῶν
613 2863 695 2892 aurai
707 2863 836 2897 συλλέξας

886 2224 972 2258 λόγων
994 2225 1028 2251 τὰ
1052 2225 1112 2251 κατ’
1127 2225 1209 2252 αὐτὸν
1232 2225 1370 2261 μιμοῦμαι
1392 2227 1456 2259 τοὺς
1476 2226 1634 2262 λιθολόγους
1649 2226 1675 2256 οἳ

887 2271 958 2297 κατὰ
972 2271 1086 2306 σμικρδν
1104 2271 1153 2302 τὰς
1174 2271 1292 2306 ψηφῖδας
1316 2272 1528 2308 συνηϐροικότες
1549 2273 1590 2303 εἰς
1610 2274 1675 2310 μίαν

885 2316 961 2342 οἴκου
978 2316 1174 2351 συμπλήρωσιν
1187 2317 1294 2344 ἅπαντα
1307 2317 1532 2352 συνιρμόζουσιν,
1555 2320 1626 2354 ἀρχὴ
1645 2321 1674 2346 δὲ

887 2360 953 2392 τῶν,
970 2365 1022 2387 etc.
1042 2360 1097 2388 lloc
1118 2366 1159 2387 est
1172 2381 1180 2393 ,
1209 2361 1355 2396 interprete
1375 2362 1433 2390 Jac.
1450 2363 1527 2390 Billio
1544 2373 1551 2390 :
1577 2364 1675 2392 Deinde

887 2407 951 2439 quia
971 2413 1015 2432 nec
1030 2405 1103 2432 illius
1121 2405 1205 2433 Vitam
1218 2407 1354 2441 quisquam
1378 2407 1472 2435 litteris
1492 2410 1674 2443 consignatum

888 2451 962 2477 nobis
984 2450 1098 2485 reliquit,
1115 2459 1203 2478 verum
1234 2452 1315 2486 ipsius
1329 2453 1380 2479 vita
1404 2461 1436 2479 ea.
1462 2453 1542 2486 ipsius
1570 2456 1674 2489 scriptis

887 2496 1001 2530 sparsim
1016 2496 1136 2529 collecta,
1152 2497 1263 2524 [atomos
1280 2497 1369 2524 imitor
1383 2499 1427 2532 qui
1445 2505 1614 2534 posteaquam
1630 2501 1674 2528 la-

887 2543 959 2575 pides
981 2543 1108 2577 paulatim
1132 2548 1319 2577 aggesserunt,
1344 2546 1383 2570 ita
1406 2544 1508 2571 (tantum
1532 2545 1567 2571 ad
1590 2554 1671 2574 unam

888 2590 1054 2624 cumdemque
1076 2589 1180 2615 domum
1204 2590 1405 2616 construendum
1437 2594 1461 2616 et
1486 2584 1672 2618 absolvendum

888 2640 1024 2659 eosonmcs
1037 2633 1243 2658 accommodant.
1255 2631 1325 2658 Idem
1335 2631 1449 2659 allirmat
1462 2633 1578 2669 Sytneon
1589 2633 1673 2662 Meta-

890 2679 1014 2712 plirastcs
1028 2677 1196 2706 elllcientlunt
1208 2677 1249 2704 his
1268 2677 1357 2703 verbis
1370 2685 1378 2704 ς
1398 2677 1505 2712 Magnus
1517 2679 1559 2705 hic
1574 2678 1674 2714 Grego-

889 2725 943 2751 rius
959 2724 1104 2759 T/ieologus
1122 2724 1200 2749 vitam
1218 2723 1273 2757 ipse
1290 2731 1364 2749 suam
1384 2725 1503 2757 exposuit
1517 2725 1543 2751 in
1558 2725 1590 2752 iis
1599 2725 1676 2759 [uite-

889 2771 979 2797 bribus
998 2770 1171 2800 orationibus,
1188 2768 1280 2804 quibus
1299 2768 1427 2796 Basiliam
1449 2769 1587 2805 Magnum,
1608 2771 1675 2798 Gre—

890 2818 994 2852 gorium
1021 2821 1134 2851 patrem,
1163 2815 1315 2842 Cmareum
1335 2815 1456 2850 fratrem,
1477 2822 1500 2843 et
1517 2817 1675 2852 Gergouiam

889 2871 1006 2892 serarent
1030 2866 1116 2890 ornat.
1136 2860 1173 2888 At:
1198 2860 1314 2895 proinde,
1344 2861 1388 2896 qui
1412 2860 1498 2889 Vitam
1524 2861 1595 2889 illius
1611 2868 1675 2889 ccu-
