1874 3055
178 164 213 194 83
668 163 868 194 FHANCISCI
887 161 1020 193 SCORSI
1040 162 1259 194 PROCEMIUM
1275 162 1318 192 II.
1774 160 1806 192 ξι

180 228 240 248 mus
263 219 338 247 Nunc
350 219 383 247 de
393 219 492 254 duplici
504 219 676 253 Theophanis
688 223 714 245 et
724 218 845 253 Gregorii
856 217 965 245 nomine

178 266 344 300 exponendm
362 266 387 292 in
404 265 493 292 medio
510 264 683 299 conjectum.
700 264 727 291 ln
749 263 869 298 pluribus
890 263 966 289 nobi-

180 312 291 340 lissimis
306 312 477 339 bibliothecis
491 311 612 345 Europae.
624 309 771 343 Gallicana,
786 308 968 342 Hispaniensi,

182 357 330 393 prazscrtim
344 365 407 384 vero
422 358 550 384 Vaticana
566 357 668 384 duobus
684 356 818 383 distinctis
831 355 969 382 codicibus

181 405 207 432 in
234 411 298 432 mss.
321 404 420 431 eardem
447 408 473 431 et
497 408 623 431 contextu
649 407 675 430 et
700 408 812 429 numero
833 401 887 427 fere.
911 399 968 434 pari

183 450 300 478 homilia:
323 451 349 478 in
374 450 460 476 altero
481 449 670 483 Theophanis,
688 448 715 474 in
740 446 824 474 altero
846 444 968 480 Gregorii

183 497 369 530 praescriptum
391 495 535 530 pra'fertlul
557 502 665 522 nomen.
682 494 733 521 Sed
752 494 777 520 in
795 493 847 520 hac
864 492 968 518 dissen-

182 543 257 571 sione
281 542 346 570 illud
371 541 451 569 modo
474 541 615 573 convertit,
632 540 702 574 quod
728 543 755 566 et
776 539 924 565 Cerameus
943 540 971 562 et

181 587 402 622 archiepiscopus
414 585 657 614 Tauromenitanus
672 585 747 619 isque
763 583 932 617 σοφώτειτος,
943 584 970 607 et

183 633 420 670 ρητορικώτατος,
435 632 641 667 sapientissimus
663 631 788 658 nimirum
806 634 832 656 et
846 628 969 662 eloquen-

181 680 300 708 tissimus
318 679 485 707 inscribitur.
502 678 580 706 Unde
597 681 643 705 aut
659 677 725 704 duos
743 676 882 710 episcopos
897 673 968 700 Tau-

183 725 296 754 romenii
308 726 403 753 eodem
418 724 578 759 cognomine
591 723 713 755 affectos,
725 721 818 749 eadem
831 719 970 754 sapientiae

182 777 209 800 et
221 772 381 807 eloquentiae
396 771 475 799 laude
491 770 609 805 insignes
623 768 755 804 suspicari
770 768 844 798 licet.
857 773 969 801 quorum

181 817 306 846 fortassis
326 817 395 844 alter
415 817 448 844 ab
471 817 557 844 altero
578 815 702 844 homilias
725 812 914 848 exscripserit,
929 810 971 838 vel

183 865 247 899 quid
271 864 342 892 aliud
366 864 466 891 certius
488 871 503 891 a
528 871 570 891 me
588 868 630 890 est
653 861 828 889 afferendum.
853 859 886 886 Et
906 864 972 886 sane

183 911 248 938 illud
274 910 309 938 ita
334 910 473 938 censuisse
499 909 558 936 \ide
583 909 614 936 P.
651 907 792 936 Octavium
823 905 971 933 Caelanum

185 963 241 985 tum
270 957 296 984 in
326 956 389 984 Idea
418 955 522 990 operis,
549 962 629 990 quam
660 959 786 988 tanquam
819 951 972 986 πρόδρομον

183 1003 316 1040 praemisit
339 1003 366 1030 in
396 1003 501 1036 lucem,
530 1006 585 1029 tum
614 1001 641 1028 in
668 1000 730 1028 aliis
754 999 880 1030 schedis,
905 1003 973 1031 quas

184 1058 251 1078 mss.
275 1050 397 1084 reliquit;
425 1049 495 1076 idem
521 1049 592 1076 dom.
614 1047 739 1075 Recchus
762 1046 870 1076 Pirrus,
889 1043 974 1070 abbas

184 1096 309 1129 Netinus,
322 1096 354 1123 de
370 1102 422 1129 quo
437 1102 517 1129 supra
534 1101 605 1127 saepe
620 1093 803 1122 meminimus,
820 1091 845 1118 in
865 1089 972 1117 Notitia

184 1143 312 1170 Ecclesia:
331 1141 573 1173 Tauromenitanw,
590 1140 616 1167 in
635 1146 687 1174 qua
706 1142 766 1173 post
782 1136 972 1171 Theophanem

184 1192 312 1216 accenset
337 1187 495 1222 Grcgorium
525 1186 701 1217 Ccrameum;
735 1184 804 1210 idem
834 1187 897 1209 ante
924 1182 973 1208 hos

184 1242 278 1262 omnes
288 1234 420 1262 Antonius
432 1232 605 1265 Possevinus,
615 1231 659 1266 qui
674 1231 699 1257 in
712 1230 799 1256 indice
811 1228 972 1262 scriptorum

184 1281 246 1309 libri
264 1281 309 1315 qui
328 1280 484 1307 inscribitur
503 1279 653 1314 Apparatus
670 1285 755 1307 sacer,
773 1275 852 1302 alium
869 1273 973 1308 Grcgo-

185 1328 266 1358 rium,
280 1326 361 1353 alium
376 1325 567 1358 Theophanem
581 1323 727 1350 (leratneos
740 1326 868 1354 utrosque
881 1323 973 1346 aucto-

185 1380 230 1400 tcs
258 1371 430 1399 honiiliarnm
459 1370 532 1397 facit.
558 1370 610 1396 Sed
637 1368 757 1403 profecto
781 1367 822 1394 his
849 1365 974 1393 omnibus

186 1417 379 1453 scriptoribus,
397 1417 442 1452 qui
463 1416 489 1442 in
509 1423 591 1450 opere
612 1422 660 1442 suo
681 1413 785 1441 edendo
802 1417 910 1439 strenue
926 1418 975 1445 pro

187 1471 218 1493 se
236 1464 350 1498 quisque
371 1461 557 1494 elaborarunt,
573 1462 631 1488 laus
652 1465 694 1488 est
714 1466 809 1494 magna
833 1458 973 1486 lrilmcnda

187 1510 258 1544 quod
289 1514 415 1545 egerunt.
439 1508 516 1537 venia
544 1508 631 1535 danda
663 1507 684 1534 si
713 1506 776 1541 quid
805 1508 973 1532 erraverunt.

188 1555 330 1591 Negotium
347 1555 398 1582 illis
415 1554 462 1581 fuit
478 1555 563 1582 solum
580 1552 720 1587 colligendi
736 1552 807 1579 viros
824 1556 933 1578 sanctos
949 1554 975 1576 et

187 1602 287 1629 virtute
307 1602 427 1636 insignes
448 1601 557 1630 Siciliaa.
577 1605 606 1627 ut
628 1600 757 1631 Caetano,
773 1598 814 1625 vel
834 1597 975 1632 episcopos

188 1649 308 1684 ejusdem
331 1648 486 1683 provincitc,
505 1652 531 1674 ut
552 1647 638 1679 Pirro,
656 1645 696 1674 vel
720 1645 868 1680 scriptores
887 1642 975 1670 eccle-

189 1695 327 1729 siasticos,
340 1699 369 1722 ut
390 1693 551 1727 Posscvino;
578 1693 661 1726 igitur
683 1692 727 1719 ubi
753 1698 877 1726 reperere
900 1689 974 1715 varia

189 1744 300 1770 nomina
324 1745 490 1772 sanctorum,
511 1739 709 1774 cpiseoporum,
729 1737 902 1771 scriptorum,
922 1742 974 1762 n0n

189 1793 231 1815 sat
248 1787 316 1815 bene
333 1787 409 1814 lectis
427 1791 454 1813 et
469 1786 606 1819 inspectis,
624 1785 687 1819 quin
709 1784 763 1810 imo
783 1790 833 1809 nec
853 1789 868 1808 e
888 1782 975 1816 primo

189 1833 282 1860 limine
299 1833 363 1860 visis
380 1831 445 1867 ipsis
461 1830 643 1863 sermonibus,
660 1837 753 1857 eorum
773 1833 896 1856 auctores
915 1832 975 1855 tan-

187 1886 267 1913 quam
279 1879 398 1906 diversos
413 1885 527 1913 posuere
539 1886 547 1907 :
560 1881 634 1904 certo
646 1876 716 1904 enim
732 1875 796 1902 mihi
813 1874 974 1909 persuadeo,

188 1932 325 1960 nunquam
344 1932 400 1955 eos.
418 1924 488 1959 quod
506 1924 625 1958 ipsorum
645 1929 758 1950 acumen
776 1927 827 1954 est,
842 1921 976 1955 judicatu-

189 1978 232 1998 ros
246 1971 314 1997 duos
330 1975 416 1997 tresve
433 1970 521 2004 operis
538 1969 616 2004 hujus
634 1975 769 2001 auctores,
785 1969 807 1995 si
825 1967 850 1994 id
868 1967 975 2001 penitus

188 2017 397 2052 perspexissent.
416 2016 481 2044 Mihi
507 2022 611 2049 autem,
629 2017 674 2051 qui
697 2017 722 2043 in
744 2024 777 2044 eo
798 2015 893 2043 Latine
913 2022 975 2042 ver-

186 2062 269 2089 tendo
284 2063 406 2097 notisque
422 2062 582 2097 explicando
597 2062 768 2090 elucubratus
783 2069 852 2092 sum,
867 2060 912 2095 qui
929 2067 976 2086 cos

189 2116 330 2137 sermones
345 2117 397 2136 non
414 2109 445 2136 de
461 2108 529 2136 facie
545 2113 647 2136 tantum
665 2108 737 2140 novi,
752 2106 800 2135 sed
816 2107 888 2134 intus
901 2106 975 2140 peni-

188 2161 284 2189 tusque
303 2155 424 2190 pernovi,
441 2155 516 2187 fides,
533 2155 626 2185 crcdo,
642 2153 694 2180 erit
716 2161 730 2180 a
753 2153 831 2180 bonis
851 2152 974 2179 omnibus

190 2201 330 2234 habenda,
346 2201 368 2228 si
386 2201 554 2229 contrarium
571 2205 685 2227 statuam
704 2204 785 2234 atque
802 2199 838 2226 illi
857 2198 974 2233 scripse-

188 2252 252 2275 runt
265 2253 292 2275 et
308 2255 391 2274 unttm
409 2248 588 2281 euntdeutquc
605 2253 664 2273 esse
682 2250 818 2272 auctorem
833 2244 973 2271 afﬁrmem.

189 2293 332 2321 Methodus
344 2296 385 2319 est
395 2293 421 2319 in
433 2292 559 2319 omnibus
571 2291 676 2322 cadent,
686 2291 771 2326 stylus
783 2291 852 2318 idem
865 2291 976 2318 omnino

188 2340 279 2375 gravis
297 2342 324 2366 et
340 2338 489 2373 expolitus;
512 2338 597 2372 pietas
621 2338 646 2364 in
668 2337 794 2364 omnibus
812 2344 859 2372 par
876 2336 974 2364 elucet.

189 2385 243 2413 Sed
256 2385 371 2413 fortasse
385 2385 446 2419 quis
460 2389 582 2411 autumet
593 2391 675 2410 unum
691 2383 723 2410 ab
735 2383 822 2410 altcro
837 2389 976 2410 sermones

189 2431 310 2465 integros
323 2429 501 2464 exseripsissc
518 2437 525 2456 :
543 2428 594 2456 fuit
603 2429 674 2456 enim
688 2428 744 2456 hare
759 2428 831 2455 inter
844 2427 977 2462 sequioris

189 2477 280 2506 steculi
294 2476 403 2511 Grtecos
421 2475 504 2503 nimia
521 2475 629 2502 licentia
648 2479 674 2502 et
687 2474 866 2510 ἀναισχυντία
884 2478 977 2500 mutuo

188 2531 247 2552 sese
260 2522 428 2551 exscribendi
443 2526 469 2549 et
481 2521 654 2556 compilandi,
665 2521 735 2555 quod
749 2520 885 2547 adnotavit
898 2520 977 2547 Gret-

169 2586 171 2592 ι
189 2578 266 2599 serus
285 2575 349 2597 tom.
367 2568 389 2596 ll
403 2568 440 2595 De
457 2577 548 2601 cruce,
566 2569 591 2595 in
611 2569 682 2595 notis
699 2568 807 2602 Georgii
826 2567 974 2594 llamartoli

188 2616 328 2644 nomiliam
346 2627 352 2642 ;
369 2615 440 2648 huic,
454 2616 574 2650 inquam,
590 2623 647 2649 quae
661 2614 747 2650 quivis
762 2614 899 2649 objectare
914 2622 976 2648 pos-

189 2664 223 2690 sit
240 2663 307 2690 scio.
325 2661 378 2690 Sed
399 2662 431 2689 de
452 2662 502 2689 hoc
522 2669 604 2694 opere
625 2661 776 2695 suspicetur
795 2661 820 2688 id
839 2660 883 2695 qui
902 2660 975 2691 velit,

191 2716 241 2743 cgo
266 2707 390 2743 equidem
415 2714 553 2743 nunquam
576 2707 688 2734 inducar
712 2712 742 2734 ut
765 2706 896 2741 suspicer.
913 2705 978 2739 Quis

187 2755 277 2788 enim,
297 2754 513 2788 Theophanesne
539 2761 553 2780 a
581 2753 712 2788 Gregorio
738 2761 772 2779 an
800 2753 843 2780 bic
869 2753 902 2779 ab
931 2752 976 2779 illo

191 2801 308 2836 sublcgit
328 2800 469 2827 homilias?
488 2801 528 2826 An
551 2804 664 2834 uterque
687 2798 849 2832 Cerameus,
868 2804 980 2834 uterque

190 2846 411 2882 archiepiscopus
421 2846 606 2877 Tauromenii,
619 2850 731 2880 uterque
746 2845 980 2880 sapientissimus?

190 2898 217 2921 et
234 2898 324 2921 tamen
342 2900 410 2921 unus
427 2893 459 2922 ab
478 2891 563 2920 altero
579 2891 682 2921 furatus
697 2893 755 2920 est?
774 2891 826 2920 Sed
844 2899 877 2920 nc
894 2891 977 2926 gratis

1020 225 1047 245 et
1063 226 1095 246 ex
1113 226 1206 246 amore
1226 218 1344 254 suscepti
1367 217 1458 253 operis
1477 218 1503 245 id
1525 217 1638 246 inficiari
1657 216 1806 249 videamur.

1021 270 1094 292 certe
1115 265 1246 299 prommia
1270 266 1326 299 ipsa
1347 272 1462 299 quorum
1484 264 1567 291 multa
1590 271 1642 291 non
1664 270 1697 290 cx
1720 263 1808 297 aliquo

1022 311 1080 338 loco
1097 311 1245 342 communi,
1259 310 1306 338 sed
1325 317 1357 337 ex
1378 315 1499 344 tempore
1514 313 1539 336 et
1555 309 1614 336 loco
1630 309 1698 342 ipso,
1715 308 1741 334 in
1758 315 1810 342 quo

1023 356 1192 389 dicebantur,
1207 361 1232 384 et
1250 363 1281 383 ex
1299 355 1407 384 casibus
1422 355 1540 383 fortuitis
1556 363 1588 382 eo
1605 360 1725 389 tempore
1742 354 1809 381 inci-

1023 401 1148 428 dentibus
1169 406 1286 435 sumpta,
1303 405 1330 428 et
1349 408 1417 436 pene
1436 400 1630 434 extemporalia
1649 405 1724 431 sunt.
1739 402 1766 426 et
1784 403 1811 425 ut

1022 452 1078 474 tum
1101 447 1270 479 dicebautur,
1288 451 1412 481 excepta,
1431 451 1457 474 et
1477 446 1560 473 multa
1583 444 1731 480 singularia
1752 451 1812 478 qua:

1024 499 1080 520 tum
1106 493 1132 521 in
1155 493 1237 527 ipsis.
1254 498 1308 520 tum
1333 493 1405 520 inter
1428 493 1572 520 dicendum
1596 495 1746 519 occurrunt
1767 490 1811 516 uni

1022 539 1164 573 eidemque
1181 538 1327 574 contigisse
1345 538 1522 571 credendum,
1537 537 1641 565 duobus
1659 542 1688 563 ut
1705 535 1812 563 comin-

1024 589 1086 620 gant
1101 584 1157 612 fieri
1172 585 1282 612 omnino
1299 591 1351 611 non
1370 589 1468 618 potest,
1482 589 1509 611 et
1524 589 1612 610 tamen
1630 589 1774 610 sermones
1788 581 1812 608 hi

1025 630 1073 657 toti
1092 638 1153 657 cum
1170 629 1296 657 omnibus
1313 634 1339 657 et
1356 629 1470 664 singulis
1487 629 1545 656 suis
1565 628 1687 663 partibus
1706 628 1814 661 utrique

1024 677 1189 707 tribuuntur.
1206 676 1326 711 Tangam
1342 680 1501 710 argumenta
1517 675 1606 710 aliqua
1622 675 1689 702 dicis
1705 681 1789 701 causa
1806 682 1812 700 :

1023 724 1056 751 de
1070 724 1175 750 caeteris
1185 731 1244 758 quae
1259 730 1364 758 possem
1378 722 1484 752 afferre.
1498 729 1611 756 quaeque
1626 720 1712 748 lector
1726 719 1814 746 anim-

1023 771 1163 798 advertere
1184 777 1231 804 per
1248 777 1276 797 se
1294 774 1397 804 potest,
1414 768 1495 796 faciat
1510 767 1598 803 quivis
1614 766 1812 800 conjecturam.

1024 816 1052 843 ln
1079 816 1189 843 homilia
1214 816 1246 842 de
1268 815 1321 842 lilio
1341 815 1427 841 vidua:
1449 813 1552 847 (Immz'l.
1566 811 1604 846 vr)
1626 815 1723 837 auctor
1743 809 1814 836 aliud

1024 861 1074 889 sibi
1091 861 1251 896 prooemium
1267 861 1433 895 propositum
1447 858 1530 886 fuisse
1543 857 1618 886 dicit.
1630 855 1676 883 sed
1692 853 1817 887 conjecto

1026 908 1051 934 in
1079 912 1182 941 partem
1206 906 1281 934 chori
1307 907 1445 933 dexteram
1472 903 1566 935 oculo,
1585 907 1612 929 et
1637 901 1703 928 sede
1727 899 1817 925 fratris

1024 954 1158 982 demortui
1178 961 1259 980 vacua
1277 957 1433 987 conspecta,
1451 955 1483 978 de
1503 958 1535 977 eo
1557 954 1583 976 et
1599 949 1660 975 vitrc
1682 946 1818 974 brcvitate

1024 1001 1165 1028 exordium
1188 1000 1289 1033 facere,
1308 1004 1335 1026 ct
1358 999 1438 1026 animi
1460 997 1627 1033 propositum
1653 999 1776 1026 mutare,
1792 996 1818 1018 et

1024 1047 1057 1073 ad
1081 1046 1282 1081 lacrymandum
1303 1044 1360 1079 cogi
1382 1052 1411 1071 se
1432 1044 1586 1071 conﬁtetur.
1603 1041 1630 1067 In
1650 1039 1764 1067 homilia
1785 1036 1817 1064 de

1026 1092 1055 1120 S.
1069 1092 1213 1120 Pancratio
1228 1091 1334 1126 (hamil.
1350 1090 1415 1123 Lvtt)
1431 1097 1525 1124 parum
1539 1088 1656 1115 abfuisse
1672 1085 1741 1112 dicit
1753 1083 1817 1118 quin

1026 1142 1087 1172 post
1103 1137 1198 1164 festum
1211 1135 1326 1168 venerit,
1340 1143 1399 1162 cum
1419 1134 1596 1162 maturaverit
1610 1137 1702 1159 tamen
1721 1131 1773 1157 iter
1786 1129 1818 1155 ad

1025 1191 1086 1210 eutn
1099 1182 1169 1210 diem
1184 1190 1244 1209 cum
1261 1188 1311 1209 suo
1326 1180 1423 1215 populo
1437 1178 1643 1210 Cclebrandum;
1661 1176 1709 1203 sed
1722 1181 1818 1209 quam-

1026 1229 1066 1257 vis
1088 1229 1175 1256 fessus
1199 1233 1226 1255 et
1250 1227 1373 1264 infirmus
1395 1233 1427 1253 ex
1455 1225 1550 1252 itinere
1573 1222 1731 1254 advenerit,
1748 1220 1820 1247 nolle

1027 1282 1115 1302 tamen
1141 1274 1258 1301 scrmoni
1284 1274 1386 1300 deesse.
1406 1272 1432 1299 In
1457 1271 1566 1298 homilia
1593 1271 1625 1297 de
1649 1268 1819 1296 Centurione

1027 1322 1132 1357 (homil.
1149 1320 1222 1355 xtttv)
1239 1320 1402 1346 mentionem
1419 1318 1482 1345 facit
1497 1315 1689 1343 controversia
1704 1313 1817 1348 indicia-

1029 1369 1084 1399 riae,
1100 1368 1158 1401 ipso
1175 1366 1292 1393 habendi
1312 1365 1444 1393 sermonis
1462 1363 1577 1391 articulo
1593 1362 1642 1389 sibi
1661 1361 1771 1391 oblatzc,
1790 1363 1819 1386 ut

1024 1415 1079 1448 iam
1093 1415 1176 1441 ferme
1189 1413 1285 1440 diaboli
1298 1411 1393 1438 fraude
1406 1416 1554 1438 conventus
1567 1408 1646 1435 fuerit
1659 1406 1818 1441 impeditus.

1027 1461 1054 1487 lu
1071 1461 1178 1488 homilia
1194 1461 1225 1486 de
1239 1459 1272 1486 iis
1284 1458 1372 1484 verbis
1388 1467 1394 1485 :
1408 1457 1527 1483 Luccrnu
1542 1455 1660 1487 corporis
1675 1458 1716 1479 est
1729 1452 1819 1479 oculus

1027 1508 1132 1542 (homil.
1160 1507 1244 1540 xui),
1274 1507 1416 1532 diaconum
1446 1503 1566 1539 graviter
1593 1503 1720 1534 increpat
1750 1499 1818 1533 quod

1027 1563 1123 1582 somno
1143 1562 1173 1581 se
1190 1552 1305 1587 opprimi
1329 1552 1399 1579 inter
1420 1557 1570 1577 sermonem
1592 1547 1696 1578 siverit,
1715 1550 1745 1573 et
1762 1546 1819 1572 lon-

1030 1602 1131 1635 giorem
1155 1600 1352 1635 pcrorationcm
1372 1605 1404 1624 ex
1425 1602 1545 1630 tempore
1564 1595 1597 1622 de
1617 1600 1716 1621 somno
1738 1592 1820 1619 trahit

1027 1655 1112 1682 caque
1134 1653 1286 1674 sermonem
1309 1643 1455 1671 concludit.
1472 1642 1534 1669 llam
1556 1645 1582 1667 ct
1603 1643 1734 1667 sexcenta
1757 1638 1817 1667 alia,

1027 1701 1087 1729 quze
1109 1700 1160 1719 non
1185 1691 1272 1720 solum
1297 1692 1323 1717 in
1349 1689 1511 1724 promtnium
1535 1693 1560 1715 et
1582 1684 1818 1722 perorationibus.

1028 1741 1074 1768 sud
1094 1741 1119 1766 in
1136 1739 1194 1773 ipso
1211 1737 1318 1765 dicendi
1337 1744 1417 1764 cursu
1437 1743 1486 1770 pro
1505 1742 1532 1762 re
1549 1740 1609 1760 nata
1631 1733 1773 1762 dicuntur,
1788 1737 1817 1754 cx

1030 1792 1163 1821 tempore.
1177 1785 1234 1811 loco
1250 1789 1276 1811 et
1292 1790 1405 1818 persona
1423 1781 1579 1814 catcrisque
1594 1775 1818 1805 circumstantiis.

1027 1834 1136 1860 omnino
1149 1832 1275 1859 evincunt
1289 1837 1339 1856 non
1356 1829 1474 1863 potuisse
1486 1828 1535 1854 bos
1549 1832 1686 1852 scrmoncs
1701 1823 1818 1857 plurium

1029 1888 1088 1907 esse
1102 1886 1162 1905 cum
1178 1877 1232 1903 τῶν
1249 1876 1389 1902 ἀδυνάτων
1403 1875 1436 1901 sit
1452 1882 1482 1900 ea
1499 1880 1578 1908 posse
1593 1870 1698 1898 duobus
1713 1870 1820 1896 diverso

1030 1930 1150 1958 tempore
1173 1922 1265 1949 cadem
1287 1920 1406 1947 evenire.
1423 1919 1556 1946 ιιι-πιαίνει
1581 1924 1677 1944 sensus
1698 1914 1820 1948 explica-

1030 1971 1170 2004 tionesque
1193 1967 1312 1994 auctoris
1333 1966 1480 1992 concinunt
1502 1963 1564 1997 sibi,
1580 1967 1607 1989 et
1625 1961 1696 1996 quod
1719 1960 1747 1987 in
1770 1966 1819 1986 nua

1029 2011 1147 2046 dictaui,
1165 2014 1191 2041 in
1213 2013 1264 2040 alia
1290 2012 1435 2046 repetitur;
1460 2014 1486 2036 et
1512 2009 1570 2042 ipse
1593 2014 1622 2035 se
1644 2007 1676 2034 ad
1700 2007 1820 2041 seipsum

1031 2063 1121 2092 refert,
1138 2069 1190 2088 non
1207 2067 1269 2087 raro
1283 2067 1343 2093 qua:
1355 2065 1405 2085 nos
1421 2057 1446 2084 iu
1463 2056 1532 2083 notis
1546 2049 1715 2088 singularum
1735 2052 1821 2080 homi-

1031 2109 1128 2135 liarum
1146 2112 1273 2140 tanquam
1290 2102 1481 2132 concordantia
1501 2100 1689 2128 annotavimus
1709 2107 1717 2126 :
1738 2106 1823 2132 eaque

1031 2155 1065 2182 ab
1082 2161 1134 2181 uno
1149 2152 1254 2179 artiﬁce
1266 2152 1316 2178 hoc
1329 2157 1396 2185 opus
1411 2154 1491 2183 atque
1503 2149 1536 2175 ab
1549 2155 1600 2174 una
1612 2145 1719 2174 officina
1733 2145 1823 2172 exisse

1031 2201 1110 2235 plane
1132 2199 1330 2226 demonstrant.
1347 2195 1416 2223 Cum
1439 2195 1521 2231 igitur
1545 2194 1596 2220 hoc
1619 2196 1694 2219 certo
1721 2191 1823 2218 certius

1031 2234 1183 2282 ponendum
1199 2244 1244 2276 sit,
1258 2249 1356 2270 censeo
1370 2242 1441 2268 hunc
1453 2244 1592 2267 auctorem
1608 2237 1690 2264 fuiSse
1703 2234 1824 2263 binomi-

1029 2301 1103 2325 nem,
1116 2296 1143 2319 et
1153 2290 1276 2318 eumdem
1288 2287 1480 2322 Theophanem
1493 2290 1520 2313 et
1532 2283 1689 2319 Gregorium
1705 2282 1822 2311 dictum,

1031 2345 1137 2373 semper
1155 2344 1220 2364 vero
1243 2334 1424 2365 Ceramcum-,
1443 2330 1512 2366 quod
1534 2337 1568 2357 ex
1594 2334 1734 2356 consensu
1757 2333 1822 2353 mss.

1031 2378 1091 2414 cod.
1126 2387 1232 2412 constat
1253 2381 1333 2414 satis,
1348 2385 1375 2408 ct
1395 2379 1518 2407 eumdem
1541 2384 1624 2404 unum
1646 2376 1698 2402 hoc
1722 2381 1823 2410 cogno-

1032 2433 1115 2464 mine,
1128 2430 1174 2458 sed
1187 2428 1287 2464 duplici
1301 2427 1411 2455 nomine
1425 2423 1657 2459 archiepiscopum
1669 2420 1823 2448 Taurome-

1031 2480 1067 2507 nii
1084 2479 1165 2505 fuisse
1180 2486 1186 2504 :
1201 2481 1228 2504 et
1241 2475 1353 2502 alterum
1364 2473 1471 2509 quidem
1485 2478 1583 2498 nomen
1594 2470 1627 2497 ab
1647 2467 1823 2496 incunabulis

1031 2526 1068 2553 illi
1093 2525 1222 2555 inditum,
1245 2522 1360 2549 alterum
1385 2524 1527 2553 postquam
1551 2515 1676 2543 monachi
1698 2514 1822 2542 habitum

1032 2571 1073 2599 vel
1094 2569 1211 2605 cpiscopi
1239 2574 1335 2594 munus
1360 2564 1524 2598 suscepisset
1546 2561 1715 2597 impositum.
1737 2560 1822 2593 Quam

1032 2617 1149 2644 nominis
1162 2613 1400 2642 commutationem
1414 2618 1467 2637 una
1482 2618 1542 2637 cum
1557 2613 1659 2636 mutato
1671 2608 1738 2634 vita:
1752 2611 1823 2634 statu

1034 2663 1091 2690 ﬁeri
1112 2665 1267 2688 consuetam
1288 2657 1358 2692 apud
1378 2656 1486 2684 Graecos
1504 2663 1556 2683 non
1573 2655 1660 2682 solum
1677 2660 1711 2680 ex
1731 2652 1823 2679 Theo-

1034 2708 1130 2744 phanis
1146 2706 1230 2734 nostri
1243 2705 1352 2736 saeculo,
1364 2704 1409 2731 sed
1425 2703 1465 2730 vel
1480 2703 1506 2729 in
1521 2700 1720 2736 antiquissimis
1736 2698 1826 2726 Patri-

1033 2755 1083 2782 bus
1099 2752 1250 2787 excinplum
1269 2751 1409 2778 habemus.
1425 2749 1454 2777 S.
1471 2747 1618 2782 Gregorius
1636 2745 1824 2773 Neocazsareze

1031 2801 1183 2835 episcopus,
1199 2798 1240 2826 cui
1265 2796 1481 2832 θαυματουργός
1506 2801 1655 2828 cognomen
1675 2791 1711 2819 ab
1735 2791 1823 2819 admi-

1030 2845 1122 2874 randis
1135 2844 1260 2880 operibus
1275 2843 1373 2870 factum
1388 2847 1440 2873 cst,
1451 2841 1608 2869 Theodorus
1624 2844 1716 2872 antea,
1730 2845 1822 2874 postea

1030 2891 1176 2926 Gregorius
1191 2895 1232 2919 est
1246 2889 1409 2925 appellatus;
1425 2888 1496 2924 quod
1511 2892 1644 2916 testantur
1655 2893 1754 2915 omnes
1769 2885 1826 2913 fere
