  <div class='ocr_page' id='page_1' title='image "/cluster/home/n/w/nwhite01/storage/ocr_20150623/132/njp.32101077773081/050.png"; bbox 0 0 1874 3055; ppageno 0'>
   <div class='ocr_carea' id='block_1_1' title="bbox 1287 146 1294 160">
    <p class='ocr_par' dir='ltr' id='par_1_1' title="bbox 1287 146 1294 160">
     <span class='ocr_line' id='line_1_1' title="bbox 1287 146 1294 160; baseline 0 0"><span class='ocrx_word' id='word_1_1' title='bbox 1287 146 1294 160; x_wconf 65' lang='grc' dir='ltr'><strong>κ</strong></span> 
     </span>
    </p>
   </div>
   <div class='ocr_carea' id='block_1_2' title="bbox 74 160 1680 197">
    <p class='ocr_par' dir='ltr' id='par_1_2' title="bbox 74 160 1680 197">
     <span class='ocr_line' id='line_1_2' title="bbox 74 160 1680 197; baseline 0.006 -9"><span class='ocrx_word' id='word_1_2' title='bbox 74 160 99 188; x_wconf 53' lang='lat'><strong>$5</strong></span> <span class='ocrx_word' id='word_1_3' title='bbox 528 162 726 192; x_wconf 75' lang='lat' dir='ltr'><strong>FRANCISCI</strong></span> <span class='ocrx_word' id='word_1_4' title='bbox 750 163 883 193; x_wconf 81' lang='lat' dir='ltr'><strong>SCORSI</strong></span> <span class='ocrx_word' id='word_1_5' title='bbox 904 164 1120 194; x_wconf 68' lang='lat' dir='ltr'><strong>PROGEMIUM</strong></span> <span class='ocrx_word' id='word_1_6' title='bbox 1138 165 1181 195; x_wconf 86' lang='grc' dir='ltr'><strong>Π.</strong></span> <span class='ocrx_word' id='word_1_7' title='bbox 1645 165 1680 197; x_wconf 80' lang='grc'><strong>86</strong></span> 
     </span>
    </p>
   </div>
   <div class='ocr_carea' id='block_1_3' title="bbox 74 217 836 256">
    <p class='ocr_par' dir='ltr' id='par_1_3' title="bbox 74 217 836 256">
     <span class='ocr_line' id='line_1_3' title="bbox 74 217 836 256; baseline 0.01 -15"><span class='ocrx_word' id='word_1_8' title='bbox 74 218 108 250; x_wconf 82' lang='lat' dir='ltr'><strong>qui</strong></span> <span class='ocrx_word' id='word_1_9' title='bbox 134 217 162 244; x_wconf 72' lang='grc' dir='ltr'><strong>«ὀ</strong></span> <span class='ocrx_word' id='word_1_10' title='bbox 192 223 222 243; x_wconf 88' lang='lat' dir='ltr'><strong>eo</strong></span> <span class='ocrx_word' id='word_1_11' title='bbox 251 217 396 252; x_wconf 82' lang='lat' dir='ltr'><strong>scripsere.</strong></span> <span class='ocrx_word' id='word_1_12' title='bbox 426 218 454 246; x_wconf 91' lang='lat' dir='ltr'><strong>S.</strong></span> <span class='ocrx_word' id='word_1_13' title='bbox 483 219 662 256; x_wconf 80' lang='lat' dir='ltr'><strong>llieronymus</strong></span> <span class='ocrx_word' id='word_1_14' title='bbox 695 222 721 248; x_wconf 91' lang='lat' dir='ltr'><strong>in</strong></span> <span class='ocrx_word' id='word_1_15' title='bbox 752 222 836 250; x_wconf 87' lang='lat' dir='ltr'><strong>Catal.</strong></span> 
     </span>
    </p>
   </div>
   <div class='ocr_carea' id='block_1_4' title="bbox 74 263 836 303">
    <p class='ocr_par' dir='ltr' id='par_1_4' title="bbox 74 263 836 303">
     <span class='ocr_line' id='line_1_4' title="bbox 74 263 836 303; baseline 0.009 -15"><span class='ocrx_word' id='word_1_16' title='bbox 74 263 212 296; x_wconf 66' lang='lat' dir='ltr'><strong>scriptorum</strong></span> <span class='ocrx_word' id='word_1_17' title='bbox 229 264 325 291; x_wconf 83' lang='lat' dir='ltr'><strong>eccles.</strong></span> <span class='ocrx_word' id='word_1_18' title='bbox 346 265 371 291; x_wconf 91' lang='lat' dir='ltr'><strong>in</strong></span> <span class='ocrx_word' id='word_1_19' title='bbox 391 264 526 293; x_wconf 77' lang='lat' dir='ltr'><strong>Theodoro</strong></span> <span class='ocrx_word' id='word_1_20' title='bbox 542 267 580 293; x_wconf 88' lang='lat' dir='ltr'><strong>sic</strong></span> <span class='ocrx_word' id='word_1_21' title='bbox 597 268 634 295; x_wconf 87' lang='lat' dir='ltr'><strong>ait</strong></span> <span class='ocrx_word' id='word_1_22' title='bbox 651 277 657 294; x_wconf 72' lang='grc' dir='ltr'><strong>ι</strong></span> <span class='ocrx_word' id='word_1_23' title='bbox 675 267 836 303; x_wconf 72' lang='lat' dir='ltr'><strong>Theodorus,</strong></span> 
     </span>
    </p>
   </div>
   <div class='ocr_carea' id='block_1_5' title="bbox 72 308 840 347">
    <p class='ocr_par' dir='ltr' id='par_1_5' title="bbox 72 308 840 347">
     <span class='ocr_line' id='line_1_5' title="bbox 72 308 840 347; baseline 0.012 -13"><span class='ocrx_word' id='word_1_24' title='bbox 72 310 107 339; x_wconf 72' lang='lat' dir='ltr'><strong>qui</strong></span> <span class='ocrx_word' id='word_1_25' title='bbox 127 314 207 342; x_wconf 81' lang='lat' dir='ltr'><strong>postea</strong></span> <span class='ocrx_word' id='word_1_26' title='bbox 233 308 379 345; x_wconf 80' lang='lat' dir='ltr'><strong>Gregorius</strong></span> <span class='ocrx_word' id='word_1_27' title='bbox 405 313 554 347; x_wconf 76' lang='lat' dir='ltr'><strong>appellatus</strong></span> <span class='ocrx_word' id='word_1_28' title='bbox 581 319 633 346; x_wconf 74' lang='lat' dir='ltr'><strong>est,</strong></span> <span class='ocrx_word' id='word_1_29' title='bbox 660 314 840 343; x_wconf 71' lang='lat' dir='ltr'><strong>Neorazsarere</strong></span> 
     </span>
    </p>
   </div>
   <div class='ocr_carea' id='block_1_6' title="bbox 74 355 839 395">
    <p class='ocr_par' dir='ltr' id='par_1_6' title="bbox 74 355 839 395">
     <span class='ocr_line' id='line_1_6' title="bbox 74 355 839 395; baseline 0.009 -15"><span class='ocrx_word' id='word_1_30' title='bbox 74 355 137 381; x_wconf 71' lang='lat' dir='ltr'><strong>Ponti</strong></span> <span class='ocrx_word' id='word_1_31' title='bbox 150 356 288 390; x_wconf 70' lang='lat' dir='ltr'><strong>cpiscopus.</strong></span> <span class='ocrx_word' id='word_1_32' title='bbox 304 362 356 384; x_wconf 78' lang='lat' dir='ltr'><strong>etc.</strong></span> <span class='ocrx_word' id='word_1_33' title='bbox 373 358 503 387; x_wconf 81' lang='lat' dir='ltr'><strong>Eusebius</strong></span> <span class='ocrx_word' id='word_1_34' title='bbox 518 360 647 395; x_wconf 85' lang='lat' dir='ltr'><strong>Pamphili</strong></span> <span class='ocrx_word' id='word_1_35' title='bbox 663 361 839 388; x_wconf 71' lang='lat' dir='ltr'><strong>Cmsariensis</strong></span> 
     </span>
    </p>
   </div>
   <div class='ocr_carea' id='block_1_7' title="bbox 73 402 838 441">
    <p class='ocr_par' dir='ltr' id='par_1_7' title="bbox 73 402 838 441">
     <span class='ocr_line' id='line_1_7' title="bbox 73 402 838 441; baseline 0.008 -14"><span class='ocrx_word' id='word_1_36' title='bbox 73 402 108 428; x_wconf 59' lang='lat' dir='ltr'><strong>lib.</strong></span> <span class='ocrx_word' id='word_1_37' title='bbox 127 410 132 428; x_wconf 92' lang='grc' dir='ltr'><strong>ι</strong></span> <span class='ocrx_word' id='word_1_38' title='bbox 155 402 221 428; x_wconf 83' lang='lat' dir='ltr'><strong>llist.</strong></span> <span class='ocrx_word' id='word_1_39' title='bbox 240 403 305 430; x_wconf 79' lang='lat' dir='ltr'><strong>ccci.</strong></span> <span class='ocrx_word' id='word_1_40' title='bbox 325 413 334 430; x_wconf 94' lang='lat'><em>:</em></span> <span class='ocrx_word' id='word_1_41' title='bbox 359 404 438 431; x_wconf 80' lang='lat' dir='ltr'><strong>Ponti</strong></span> <span class='ocrx_word' id='word_1_42' title='bbox 463 405 596 433; x_wconf 73' lang='lat' dir='ltr'><strong>Ecclesias</strong></span> <span class='ocrx_word' id='word_1_43' title='bbox 621 407 779 441; x_wconf 71' lang='lat' dir='ltr'><strong>Gregorius,</strong></span> <span class='ocrx_word' id='word_1_44' title='bbox 795 408 838 440; x_wconf 79' lang='lat' dir='ltr'><strong>qui</strong></span> 
     </span>
    </p>
   </div>
   <div class='ocr_carea' id='block_1_8' title="bbox 71 447 835 487">
    <p class='ocr_par' dir='ltr' id='par_1_8' title="bbox 71 447 835 487">
     <span class='ocr_line' id='line_1_8' title="bbox 71 447 835 487; baseline 0.01 -15"><span class='ocrx_word' id='word_1_45' title='bbox 71 448 130 480; x_wconf 72' lang='lat' dir='ltr'><strong>prius</strong></span> <span class='ocrx_word' id='word_1_46' title='bbox 148 447 294 475; x_wconf 73' lang='lat' dir='ltr'><strong>Theodorus</strong></span> <span class='ocrx_word' id='word_1_47' title='bbox 317 455 355 477; x_wconf 77' lang='lat' dir='ltr'><strong>est</strong></span> <span class='ocrx_word' id='word_1_48' title='bbox 379 451 475 482; x_wconf 81' lang='lat' dir='ltr'><strong>dictus,</strong></span> <span class='ocrx_word' id='word_1_49' title='bbox 492 460 523 478; x_wconf 68' lang='lat' dir='ltr'><strong>ex</strong></span> <span class='ocrx_word' id='word_1_50' title='bbox 546 451 664 487; x_wconf 72' lang='lat' dir='ltr'><strong>Origenis</strong></span> <span class='ocrx_word' id='word_1_51' title='bbox 687 453 835 487; x_wconf 77' lang='lat' dir='ltr'><strong>discipulis,</strong></span> 
     </span>
    </p>
   </div>
   <div class='ocr_carea' id='block_1_9' title="bbox 71 494 836 532">
    <p class='ocr_par' dir='ltr' id='par_1_9' title="bbox 71 494 836 532">
     <span class='ocr_line' id='line_1_9' title="bbox 71 494 836 532; baseline 0.005 -12"><span class='ocrx_word' id='word_1_52' title='bbox 71 504 116 520; x_wconf 76' lang='lat' dir='ltr'><strong>rum</strong></span> <span class='ocrx_word' id='word_1_53' title='bbox 132 494 208 528; x_wconf 75' lang='lat' dir='ltr'><strong>fratre</strong></span> <span class='ocrx_word' id='word_1_54' title='bbox 228 496 397 523; x_wconf 73' lang='lat' dir='ltr'><strong>Athenodoro</strong></span> <span class='ocrx_word' id='word_1_55' title='bbox 418 498 603 532; x_wconf 80' lang='lat' dir='ltr'><strong>gubernandas</strong></span> <span class='ocrx_word' id='word_1_56' title='bbox 624 500 747 532; x_wconf 74' lang='lat' dir='ltr'><strong>suscepit.</strong></span> <span class='ocrx_word' id='word_1_57' title='bbox 765 499 836 526; x_wconf 84' lang='lat' dir='ltr'><strong>Idem</strong></span> 
     </span>
    </p>
   </div>
   <div class='ocr_carea' id='block_1_10' title="bbox 69 540 834 580">
    <p class='ocr_par' dir='ltr' id='par_1_10' title="bbox 69 540 834 580">
     <span class='ocr_line' id='line_1_10' title="bbox 69 540 834 580; baseline 0.01 -16"><span class='ocrx_word' id='word_1_58' title='bbox 69 546 89 564; x_wconf 77' lang='lat' dir='ltr'><strong>cl</strong></span> <span class='ocrx_word' id='word_1_59' title='bbox 103 540 197 571; x_wconf 56' lang='lat' dir='ltr'><strong>Snitlas.</strong></span> <span class='ocrx_word' id='word_1_60' title='bbox 210 541 287 575; x_wconf 88' lang='lat' dir='ltr'><strong>cujus</strong></span> <span class='ocrx_word' id='word_1_61' title='bbox 300 543 383 569; x_wconf 68' lang='lat' dir='ltr'><strong>Verba</strong></span> <span class='ocrx_word' id='word_1_62' title='bbox 400 543 493 570; x_wconf 86' lang='lat' dir='ltr'><strong>eadem</strong></span> <span class='ocrx_word' id='word_1_63' title='bbox 512 543 567 570; x_wconf 78' lang='lat' dir='ltr'><strong>fere</strong></span> <span class='ocrx_word' id='word_1_64' title='bbox 579 552 638 578; x_wconf 77' lang='lat' dir='ltr'><strong>quze</strong></span> <span class='ocrx_word' id='word_1_65' title='bbox 653 545 834 580; x_wconf 88' lang='lat' dir='ltr'><strong>superiorum.</strong></span> 
     </span>
    </p>
   </div>
   <div class='ocr_carea' id='block_1_11' title="bbox 70 584 836 626">
    <p class='ocr_par' dir='ltr' id='par_1_11' title="bbox 70 584 836 626">
     <span class='ocr_line' id='line_1_11' title="bbox 70 584 836 626; baseline 0.009 -16"><span class='ocrx_word' id='word_1_66' title='bbox 70 584 98 610; x_wconf 76' lang='lat' dir='ltr'><strong>De</strong></span> <span class='ocrx_word' id='word_1_67' title='bbox 113 584 204 611; x_wconf 86' lang='lat' dir='ltr'><strong>Latinis</strong></span> <span class='ocrx_word' id='word_1_68' title='bbox 222 586 287 613; x_wconf 83' lang='lat' dir='ltr'><strong>nihil</strong></span> <span class='ocrx_word' id='word_1_69' title='bbox 307 587 449 623; x_wconf 78' lang='lat' dir='ltr'><strong>:tttingam,</strong></span> <span class='ocrx_word' id='word_1_70' title='bbox 467 590 512 624; x_wconf 86' lang='lat' dir='ltr'><strong>qui</strong></span> <span class='ocrx_word' id='word_1_71' title='bbox 531 590 637 617; x_wconf 88' lang='lat' dir='ltr'><strong>dttobus</strong></span> <span class='ocrx_word' id='word_1_72' title='bbox 659 591 836 626; x_wconf 85' lang='lat' dir='ltr'><strong>pluribusque</strong></span> 
     </span>
    </p>
   </div>
   <div class='ocr_carea' id='block_1_12' title="bbox 69 631 835 671">
    <p class='ocr_par' dir='ltr' id='par_1_12' title="bbox 69 631 835 671">
     <span class='ocr_line' id='line_1_12' title="bbox 69 631 835 671; baseline 0.012 -16"><span class='ocrx_word' id='word_1_73' title='bbox 69 631 200 657; x_wconf 61' lang='lat' dir='ltr'><strong>numinibus</strong></span> <span class='ocrx_word' id='word_1_74' title='bbox 214 633 281 664; x_wconf 89' lang='lat' dir='ltr'><strong>noti,</strong></span> <span class='ocrx_word' id='word_1_75' title='bbox 293 634 373 660; x_wconf 85' lang='lat' dir='ltr'><strong>modo</strong></span> <span class='ocrx_word' id='word_1_76' title='bbox 389 643 453 666; x_wconf 75' lang='lat' dir='ltr'><strong>uno,</strong></span> <span class='ocrx_word' id='word_1_77' title='bbox 464 636 543 662; x_wconf 88' lang='lat' dir='ltr'><strong>modo</strong></span> <span class='ocrx_word' id='word_1_78' title='bbox 557 636 642 663; x_wconf 82' lang='lat' dir='ltr'><strong>altero</strong></span> <span class='ocrx_word' id='word_1_79' title='bbox 655 636 728 664; x_wconf 88' lang='lat' dir='ltr'><strong>citati</strong></span> <span class='ocrx_word' id='word_1_80' title='bbox 743 637 835 671; x_wconf 80' lang='lat' dir='ltr'><strong>legun-</strong></span> 
     </span>
    </p>
   </div>
   <div class='ocr_carea' id='block_1_13' title="bbox 69 677 833 718">
    <p class='ocr_par' dir='ltr' id='par_1_13' title="bbox 69 677 833 718">
     <span class='ocr_line' id='line_1_13' title="bbox 69 677 833 718; baseline 0.008 -14"><span class='ocrx_word' id='word_1_81' title='bbox 69 682 109 704; x_wconf 87' lang='lat' dir='ltr'><strong>lttr.</strong></span> <span class='ocrx_word' id='word_1_82' title='bbox 118 677 146 710; x_wconf 90' lang='lat' dir='ltr'><strong>Q.</strong></span> <span class='ocrx_word' id='word_1_83' title='bbox 159 677 309 706; x_wconf 82' lang='lat' dir='ltr'><strong>Florentius</strong></span> <span class='ocrx_word' id='word_1_84' title='bbox 320 679 466 715; x_wconf 85' lang='lat' dir='ltr'><strong>Septimius</strong></span> <span class='ocrx_word' id='word_1_85' title='bbox 476 681 672 715; x_wconf 82' lang='lat' dir='ltr'><strong>Tcrtullianus;</strong></span> <span class='ocrx_word' id='word_1_86' title='bbox 684 683 833 718; x_wconf 79' lang='lat' dir='ltr'><strong>Cyprianus</strong></span> 
     </span>
    </p>
   </div>
   <div class='ocr_carea' id='block_1_14' title="bbox 68 722 833 763">
    <p class='ocr_par' dir='ltr' id='par_1_14' title="bbox 68 722 833 763">
     <span class='ocr_line' id='line_1_14' title="bbox 68 722 833 763; baseline 0.012 -16"><span class='ocrx_word' id='word_1_87' title='bbox 68 722 161 749; x_wconf 79' lang='lat' dir='ltr'><strong>alternat</strong></span> <span class='ocrx_word' id='word_1_88' title='bbox 171 731 262 750; x_wconf 82' lang='lat' dir='ltr'><strong>nomen</strong></span> <span class='ocrx_word' id='word_1_89' title='bbox 273 724 413 752; x_wconf 70' lang='lat' dir='ltr'><strong>Cmcilium</strong></span> <span class='ocrx_word' id='word_1_90' title='bbox 425 734 437 751; x_wconf 87' lang='lat' dir='ltr'><strong>a</strong></span> <span class='ocrx_word' id='word_1_91' title='bbox 447 726 554 754; x_wconf 69' lang='lat' dir='ltr'><strong>Caecilio</strong></span> <span class='ocrx_word' id='word_1_92' title='bbox 564 729 720 763; x_wconf 85' lang='lat' dir='ltr'><strong>presbytero</strong></span> <span class='ocrx_word' id='word_1_93' title='bbox 735 750 741 761; x_wconf 88' lang='lat'><strong>,</strong></span> <span class='ocrx_word' id='word_1_94' title='bbox 755 736 833 763; x_wconf 87' lang='lat' dir='ltr'><strong>aquo</strong></span> 
     </span>
    </p>
   </div>
   <div class='ocr_carea' id='block_1_15' title="bbox 68 768 832 808">
    <p class='ocr_par' dir='ltr' id='par_1_15' title="bbox 68 768 832 808">
     <span class='ocr_line' id='line_1_15' title="bbox 68 768 832 808; baseline 0.01 -14"><span class='ocrx_word' id='word_1_95' title='bbox 68 768 178 801; x_wconf 68' lang='lat' dir='ltr'><strong>baptismo</strong></span> <span class='ocrx_word' id='word_1_96' title='bbox 195 769 337 803; x_wconf 84' lang='lat' dir='ltr'><strong>lustratus,</strong></span> <span class='ocrx_word' id='word_1_97' title='bbox 356 772 406 798; x_wconf 91' lang='lat' dir='ltr'><strong>sibi</strong></span> <span class='ocrx_word' id='word_1_98' title='bbox 430 773 568 807; x_wconf 88' lang='lat' dir='ltr'><strong>adjunxit;</strong></span> <span class='ocrx_word' id='word_1_99' title='bbox 591 773 748 808; x_wconf 75' lang='lat' dir='ltr'><strong>Fulgentius</strong></span> <span class='ocrx_word' id='word_1_100' title='bbox 764 774 832 802; x_wconf 86' lang='lat' dir='ltr'><strong>idem</strong></span> 
     </span>
    </p>
   </div>
   <div class='ocr_carea' id='block_1_16' title="bbox 66 813 831 854">
    <p class='ocr_par' dir='ltr' id='par_1_16' title="bbox 66 813 831 854">
     <span class='ocr_line' id='line_1_16' title="bbox 66 813 831 854; baseline 0.014 -17"><span class='ocrx_word' id='word_1_101' title='bbox 66 813 217 841; x_wconf 75' lang='lat' dir='ltr'><strong>ell‘luciadcs</strong></span> <span class='ocrx_word' id='word_1_102' title='bbox 229 815 317 842; x_wconf 86' lang='lat' dir='ltr'><strong>dictus</strong></span> <span class='ocrx_word' id='word_1_103' title='bbox 335 825 342 843; x_wconf 87' lang='lat'>:</span> <span class='ocrx_word' id='word_1_104' title='bbox 358 817 421 849; x_wconf 86' lang='lat' dir='ltr'><strong>hos,</strong></span> <span class='ocrx_word' id='word_1_105' title='bbox 439 818 558 852; x_wconf 88' lang='lat' dir='ltr'><strong>inquam,</strong></span> <span class='ocrx_word' id='word_1_106' title='bbox 575 824 601 847; x_wconf 90' lang='lat' dir='ltr'><strong>ct</strong></span> <span class='ocrx_word' id='word_1_107' title='bbox 619 820 686 847; x_wconf 86' lang='lat' dir='ltr'><strong>alios</strong></span> <span class='ocrx_word' id='word_1_108' title='bbox 709 822 804 848; x_wconf 89' lang='lat' dir='ltr'><strong>omitto</strong></span> <span class='ocrx_word' id='word_1_109' title='bbox 823 830 831 854; x_wconf 88' lang='lat'><strong>;</strong></span> 
     </span>
    </p>
   </div>
   <div class='ocr_carea' id='block_1_17' title="bbox 66 859 833 901">
    <p class='ocr_par' dir='ltr' id='par_1_17' title="bbox 66 859 833 901">
     <span class='ocr_line' id='line_1_17' title="bbox 66 859 833 901; baseline 0.012 -16"><span class='ocrx_word' id='word_1_110' title='bbox 66 859 134 886; x_wconf 75' lang='lat' dir='ltr'><strong>solum</strong></span> <span class='ocrx_word' id='word_1_111' title='bbox 147 867 176 887; x_wconf 77' lang='lat' dir='ltr'><strong>ex</strong></span> <span class='ocrx_word' id='word_1_112' title='bbox 187 861 361 895; x_wconf 88' lang='lat' dir='ltr'><strong>Theophanis</strong></span> <span class='ocrx_word' id='word_1_113' title='bbox 377 865 460 891; x_wconf 82' lang='lat' dir='ltr'><strong>nostri</strong></span> <span class='ocrx_word' id='word_1_114' title='bbox 474 866 514 892; x_wconf 88' lang='lat' dir='ltr'><strong>vel</strong></span> <span class='ocrx_word' id='word_1_115' title='bbox 529 873 588 892; x_wconf 86' lang='lat' dir='ltr'><strong>eum</strong></span> <span class='ocrx_word' id='word_1_116' title='bbox 605 867 833 901; x_wconf 87' lang='lat' dir='ltr'><strong>consequentibus</strong></span> 
     </span>
    </p>
   </div>
   <div class='ocr_carea' id='block_1_18' title="bbox 66 906 830 948">
    <p class='ocr_par' dir='ltr' id='par_1_18' title="bbox 66 906 830 948">
     <span class='ocr_line' id='line_1_18' title="bbox 66 906 830 948; baseline 0.013 -17"><span class='ocrx_word' id='word_1_117' title='bbox 66 906 150 933; x_wconf 76' lang='lat' dir='ltr'><strong>sarulis</strong></span> <span class='ocrx_word' id='word_1_118' title='bbox 164 906 316 935; x_wconf 67' lang='lat' dir='ltr'><strong>Grrecorum</strong></span> <span class='ocrx_word' id='word_1_119' title='bbox 347 909 443 937; x_wconf 87' lang='lat' dir='ltr'><strong>iterum</strong></span> <span class='ocrx_word' id='word_1_120' title='bbox 474 917 630 946; x_wconf 79' lang='lat' dir='ltr'><strong>argumenta</strong></span> <span class='ocrx_word' id='word_1_121' title='bbox 664 914 830 948; x_wconf 84' lang='lat' dir='ltr'><strong>depromam.</strong></span> 
     </span>
    </p>
   </div>
   <div class='ocr_carea' id='block_1_19' title="bbox 66 951 831 995">
    <p class='ocr_par' dir='ltr' id='par_1_19' title="bbox 66 951 831 995">
     <span class='ocr_line' id='line_1_19' title="bbox 66 951 831 995; baseline 0.012 -18"><span class='ocrx_word' id='word_1_122' title='bbox 66 951 218 987; x_wconf 76' lang='lat' dir='ltr'><strong>S.lgnatium</strong></span> <span class='ocrx_word' id='word_1_123' title='bbox 243 954 427 987; x_wconf 85' lang='lat' dir='ltr'><strong>patriarcham</strong></span> <span class='ocrx_word' id='word_1_124' title='bbox 454 956 662 993; x_wconf 85' lang='lat' dir='ltr'><strong>Coustantinop.</strong></span> <span class='ocrx_word' id='word_1_125' title='bbox 688 965 831 995; x_wconf 89' lang='lat' dir='ltr'><strong>antequam</strong></span> 
     </span>
    </p>
   </div>
   <div class='ocr_carea' id='block_1_20' title="bbox 66 998 830 1040">
    <p class='ocr_par' dir='ltr' id='par_1_20' title="bbox 66 998 830 1040">
     <span class='ocr_line' id='line_1_20' title="bbox 66 998 830 1040; baseline 0.014 -18"><span class='ocrx_word' id='word_1_126' title='bbox 66 998 168 1024; x_wconf 76' lang='lat' dir='ltr'><strong>monachi</strong></span> <span class='ocrx_word' id='word_1_127' title='bbox 189 999 269 1026; x_wconf 86' lang='lat' dir='ltr'><strong>vitam</strong></span> <span class='ocrx_word' id='word_1_128' title='bbox 294 1001 393 1035; x_wconf 84' lang='lat' dir='ltr'><strong>iniret,</strong></span> <span class='ocrx_word' id='word_1_129' title='bbox 410 1002 532 1030; x_wconf 79' lang='lat' dir='ltr'><strong>Nicctanl</strong></span> <span class='ocrx_word' id='word_1_130' title='bbox 555 1005 718 1040; x_wconf 80' lang='lat' dir='ltr'><strong>appellatum</strong></span> <span class='ocrx_word' id='word_1_131' title='bbox 732 1026 740 1038; x_wconf 93' lang='lat'><strong>,</strong></span> <span class='ocrx_word' id='word_1_132' title='bbox 756 1010 783 1032; x_wconf 88' lang='lat' dir='ltr'><strong>et</strong></span> <span class='ocrx_word' id='word_1_133' title='bbox 805 1006 830 1032; x_wconf 93' lang='lat' dir='ltr'><strong>iu</strong></span> 
     </span>
    </p>
   </div>
   <div class='ocr_carea' id='block_1_21' title="bbox 65 1044 830 1086">
    <p class='ocr_par' dir='ltr' id='par_1_21' title="bbox 65 1044 830 1086">
     <span class='ocr_line' id='line_1_21' title="bbox 65 1044 830 1086; baseline 0.013 -17"><span class='ocrx_word' id='word_1_134' title='bbox 65 1044 122 1070; x_wconf 81' lang='lat' dir='ltr'><strong>aditu</strong></span> <span class='ocrx_word' id='word_1_135' title='bbox 137 1045 264 1079; x_wconf 49' lang='lat' dir='ltr'><strong>religione</strong></span> <span class='ocrx_word' id='word_1_136' title='bbox 280 1048 345 1074; x_wconf 69' lang='lat' dir='ltr'><strong>vitm</strong></span> <span class='ocrx_word' id='word_1_137' title='bbox 362 1048 387 1075; x_wconf 92' lang='lat' dir='ltr'><strong>id</strong></span> <span class='ocrx_word' id='word_1_138' title='bbox 404 1057 500 1077; x_wconf 89' lang='lat' dir='ltr'><strong>nomen</strong></span> <span class='ocrx_word' id='word_1_139' title='bbox 521 1051 545 1077; x_wconf 92' lang='lat' dir='ltr'><strong>in</strong></span> <span class='ocrx_word' id='word_1_140' title='bbox 566 1051 696 1086; x_wconf 79' lang='lat' dir='ltr'><strong>[gnatium</strong></span> <span class='ocrx_word' id='word_1_141' title='bbox 719 1052 830 1079; x_wconf 89' lang='lat' dir='ltr'><strong>submu-</strong></span> 
     </span>
    </p>
   </div>
   <div class='ocr_carea' id='block_1_22' title="bbox 65 1091 831 1132">
    <p class='ocr_par' dir='ltr' id='par_1_22' title="bbox 65 1091 831 1132">
     <span class='ocr_line' id='line_1_22' title="bbox 65 1091 831 1132; baseline 0.013 -18"><span class='ocrx_word' id='word_1_142' title='bbox 65 1094 120 1115; x_wconf 76' lang='lat' dir='ltr'><strong>hssc</strong></span> <span class='ocrx_word' id='word_1_143' title='bbox 131 1096 218 1117; x_wconf 77' lang='lat' dir='ltr'><strong>auctor</strong></span> <span class='ocrx_word' id='word_1_144' title='bbox 227 1097 267 1118; x_wconf 84' lang='lat' dir='ltr'><strong>est</strong></span> <span class='ocrx_word' id='word_1_145' title='bbox 282 1091 393 1121; x_wconf 86' lang='lat' dir='ltr'><strong>Nicetas</strong></span> <span class='ocrx_word' id='word_1_146' title='bbox 408 1094 489 1122; x_wconf 82' lang='lat' dir='ltr'><strong>David</strong></span> <span class='ocrx_word' id='word_1_147' title='bbox 503 1096 529 1122; x_wconf 93' lang='lat' dir='ltr'><strong>in</strong></span> <span class='ocrx_word' id='word_1_148' title='bbox 541 1097 600 1131; x_wconf 85' lang='lat' dir='ltr'><strong>ejus</strong></span> <span class='ocrx_word' id='word_1_149' title='bbox 615 1096 671 1124; x_wconf 85' lang='lat' dir='ltr'><strong>Vita</strong></span> <span class='ocrx_word' id='word_1_150' title='bbox 686 1106 691 1124; x_wconf 92' lang='lat'><strong><em>:</em></strong></span> <span class='ocrx_word' id='word_1_151' title='bbox 707 1097 831 1132; x_wconf 62' lang='grc' dir='ltr'><strong>Νικήτης</strong></span> 
     </span>
    </p>
   </div>
   <div class='ocr_carea' id='block_1_23' title="bbox 64 1135 829 1178">
    <p class='ocr_par' dir='ltr' id='par_1_23' title="bbox 64 1135 829 1178">
     <span class='ocr_line' id='line_1_23' title="bbox 64 1135 829 1178; baseline 0.013 -18"><span class='ocrx_word' id='word_1_152' title='bbox 64 1135 85 1160; x_wconf 75' lang='grc' dir='ltr'><strong>ὁὲ</strong></span> <span class='ocrx_word' id='word_1_153' title='bbox 101 1135 264 1170; x_wconf 73' lang='grc' dir='ltr'><strong>ἀποκείρεται</strong></span> <span class='ocrx_word' id='word_1_154' title='bbox 291 1139 358 1173; x_wconf 72' lang='grc' dir='ltr'><strong>μὲν,</strong></span> <span class='ocrx_word' id='word_1_155' title='bbox 383 1141 430 1167; x_wconf 80' lang='grc' dir='ltr'><strong>καὶ</strong></span> <span class='ocrx_word' id='word_1_156' title='bbox 453 1141 535 1174; x_wconf 73' lang='grc' dir='ltr'>αὐτὸς</span> <span class='ocrx_word' id='word_1_157' title='bbox 559 1143 688 1176; x_wconf 77' lang='grc' dir='ltr'><strong>Ἰγνάτιος</strong></span> <span class='ocrx_word' id='word_1_158' title='bbox 711 1143 829 1178; x_wconf 77' lang='grc' dir='ltr'><strong>μετωνό-</strong></span> 
     </span>
    </p>
   </div>
   <div class='ocr_carea' id='block_1_24' title="bbox 66 1182 830 1224">
    <p class='ocr_par' dir='ltr' id='par_1_24' title="bbox 66 1182 830 1224">
     <span class='ocr_line' id='line_1_24' title="bbox 66 1182 830 1224; baseline 0.016 -19"><span class='ocrx_word' id='word_1_159' title='bbox 66 1189 156 1214; x_wconf 63' lang='lat' dir='ltr'><strong>parm.</strong></span> <span class='ocrx_word' id='word_1_160' title='bbox 176 1182 280 1211; x_wconf 62' lang='lat' dir='ltr'><strong>N’icclas</strong></span> <span class='ocrx_word' id='word_1_161' title='bbox 299 1186 426 1213; x_wconf 82' lang='lat' dir='ltr'><strong>tondetur</strong></span> <span class='ocrx_word' id='word_1_162' title='bbox 440 1188 561 1220; x_wconf 76' lang='lat' dir='ltr'><strong>quidem,</strong></span> <span class='ocrx_word' id='word_1_163' title='bbox 577 1194 601 1215; x_wconf 85' lang='lat' dir='ltr'><strong>et</strong></span> <span class='ocrx_word' id='word_1_164' title='bbox 619 1189 687 1216; x_wconf 72' lang='lat' dir='ltr'><strong>idem</strong></span> <span class='ocrx_word' id='word_1_165' title='bbox 705 1190 732 1216; x_wconf 86' lang='lat' dir='ltr'><strong>in</strong></span> <span class='ocrx_word' id='word_1_166' title='bbox 750 1189 830 1224; x_wconf 82' lang='lat' dir='ltr'><strong>Igna-</strong></span> 
     </span>
    </p>
   </div>
   <div class='ocr_carea' id='block_1_25' title="bbox 65 1227 828 1271">
    <p class='ocr_par' dir='ltr' id='par_1_25' title="bbox 65 1227 828 1271">
     <span class='ocr_line' id='line_1_25' title="bbox 65 1227 828 1271; baseline 0.017 -20"><span class='ocrx_word' id='word_1_167' title='bbox 65 1227 114 1252; x_wconf 84' lang='lat' dir='ltr'><strong>tium</strong></span> <span class='ocrx_word' id='word_1_168' title='bbox 134 1230 235 1256; x_wconf 76' lang='lat' dir='ltr'><strong>mutarit</strong></span> <span class='ocrx_word' id='word_1_169' title='bbox 262 1239 369 1258; x_wconf 76' lang='lat' dir='ltr'><strong>nonten.</strong></span> <span class='ocrx_word' id='word_1_170' title='bbox 388 1232 470 1260; x_wconf 77' lang='lat' dir='ltr'><strong>Paulo</strong></span> <span class='ocrx_word' id='word_1_171' title='bbox 497 1239 574 1268; x_wconf 87' lang='lat' dir='ltr'><strong>post,</strong></span> <span class='ocrx_word' id='word_1_172' title='bbox 593 1235 638 1262; x_wconf 92' lang='lat' dir='ltr'><strong>ubi</strong></span> <span class='ocrx_word' id='word_1_173' title='bbox 664 1236 698 1262; x_wconf 88' lang='lat' dir='ltr'><strong>de</strong></span> <span class='ocrx_word' id='word_1_174' title='bbox 721 1244 754 1263; x_wconf 90' lang='lat' dir='ltr'><strong>co</strong></span> <span class='ocrx_word' id='word_1_175' title='bbox 773 1237 828 1271; x_wconf 89' lang='lat' dir='ltr'><strong>jam</strong></span> 
     </span>
    </p>
   </div>
   <div class='ocr_carea' id='block_1_26' title="bbox 65 1275 829 1316">
    <p class='ocr_par' dir='ltr' id='par_1_26' title="bbox 65 1275 829 1316">
     <span class='ocr_line' id='line_1_26' title="bbox 65 1275 829 1316; baseline 0.017 -19"><span class='ocrx_word' id='word_1_176' title='bbox 65 1275 172 1300; x_wconf 84' lang='lat' dir='ltr'><strong>monacho</strong></span> <span class='ocrx_word' id='word_1_177' title='bbox 182 1276 301 1303; x_wconf 73' lang='lat' dir='ltr'><strong>scribere</strong></span> <span class='ocrx_word' id='word_1_178' title='bbox 320 1278 413 1312; x_wconf 87' lang='lat' dir='ltr'><strong>incipit</strong></span> <span class='ocrx_word' id='word_1_179' title='bbox 432 1289 438 1305; x_wconf 93' lang='lat'>:</span> <span class='ocrx_word' id='word_1_180' title='bbox 454 1280 588 1316; x_wconf 80' lang='grc' dir='ltr'><strong>Νικήτας,</strong></span> <span class='ocrx_word' id='word_1_181' title='bbox 605 1282 619 1308; x_wconf 84' lang='grc' dir='ltr'>ὁ</span> <span class='ocrx_word' id='word_1_182' title='bbox 638 1282 684 1308; x_wconf 77' lang='grc' dir='ltr'><strong>καὶ</strong></span> <span class='ocrx_word' id='word_1_183' title='bbox 699 1283 829 1316; x_wconf 82' lang='grc' dir='ltr'><strong>Ἰγνάτιος</strong></span> 
     </span>
    </p>
   </div>
   <div class='ocr_carea' id='block_1_27' title="bbox 64 1316 827 1363">
    <p class='ocr_par' dir='ltr' id='par_1_27' title="bbox 64 1316 827 1363">
     <span class='ocr_line' id='line_1_27' title="bbox 64 1316 827 1363; baseline 0.016 -20"><span class='ocrx_word' id='word_1_184' title='bbox 64 1316 97 1344; x_wconf 58' lang='lat' dir='ltr'><strong>siti</strong></span> <span class='ocrx_word' id='word_1_185' title='bbox 111 1328 146 1351; x_wconf 77' lang='grc' dir='ltr'>τις</span> <span class='ocrx_word' id='word_1_186' title='bbox 166 1321 360 1354; x_wconf 70' lang='grc' dir='ltr'><strong>εὖγενέστατος</strong></span> <span class='ocrx_word' id='word_1_187' title='bbox 383 1324 472 1360; x_wconf 47' lang='lat' dir='ltr'><strong>apt-.155</strong></span> <span class='ocrx_word' id='word_1_188' title='bbox 495 1327 524 1352; x_wconf 75' lang='grc' dir='ltr'>ὲν</span> <span class='ocrx_word' id='word_1_189' title='bbox 544 1327 582 1362; x_wconf 83' lang='grc' dir='ltr'><strong>τῷ</strong></span> <span class='ocrx_word' id='word_1_190' title='bbox 604 1327 671 1363; x_wconf 77' lang='grc' dir='ltr'><strong>οἴκῳ</strong></span> <span class='ocrx_word' id='word_1_191' title='bbox 692 1329 740 1354; x_wconf 80' lang='grc' dir='ltr'><strong>τοῦ</strong></span> <span class='ocrx_word' id='word_1_192' title='bbox 760 1329 827 1355; x_wconf 73' lang='grc' dir='ltr'><strong>Θεοῦ</strong></span> 
     </span>
    </p>
   </div>
   <div class='ocr_carea' id='block_1_28' title="bbox 65 1366 827 1406">
    <p class='ocr_par' dir='ltr' id='par_1_28' title="bbox 65 1366 827 1406">
     <span class='ocr_line' id='line_1_28' title="bbox 65 1366 827 1406; baseline 0.013 -16"><span class='ocrx_word' id='word_1_193' title='bbox 65 1366 193 1397; x_wconf 61' lang='grc' dir='ltr'><strong>ςυτευοείς.</strong></span> <span class='ocrx_word' id='word_1_194' title='bbox 209 1366 333 1401; x_wconf 70' lang='grc' dir='ltr'><strong>Νἱιριαδ,</strong></span> <span class='ocrx_word' id='word_1_195' title='bbox 349 1370 395 1404; x_wconf 81' lang='lat' dir='ltr'><strong>qui</strong></span> <span class='ocrx_word' id='word_1_196' title='bbox 416 1375 440 1396; x_wconf 88' lang='lat' dir='ltr'><strong>et</strong></span> <span class='ocrx_word' id='word_1_197' title='bbox 461 1370 592 1406; x_wconf 80' lang='lat' dir='ltr'><strong>Ignotius,</strong></span> <span class='ocrx_word' id='word_1_198' title='bbox 606 1373 686 1400; x_wconf 70' lang='lat' dir='ltr'><strong>veluti</strong></span> <span class='ocrx_word' id='word_1_199' title='bbox 706 1375 827 1401; x_wconf 78' lang='lat' dir='ltr'><strong>surculus</strong></span> 
     </span>
    </p>
   </div>
   <div class='ocr_carea' id='block_1_29' title="bbox 64 1411 825 1451">
    <p class='ocr_par' dir='ltr' id='par_1_29' title="bbox 64 1411 825 1451">
     <span class='ocr_line' id='line_1_29' title="bbox 64 1411 825 1451; baseline 0.018 -18"><span class='ocrx_word' id='word_1_200' title='bbox 64 1411 147 1443; x_wconf 71' lang='lat' dir='ltr'><strong>quidam</strong></span> <span class='ocrx_word' id='word_1_201' title='bbox 160 1413 339 1442; x_wconf 73' lang='lat' dir='ltr'><strong>nobilissimus</strong></span> <span class='ocrx_word' id='word_1_202' title='bbox 355 1416 379 1442; x_wconf 86' lang='lat' dir='ltr'><strong>in</strong></span> <span class='ocrx_word' id='word_1_203' title='bbox 394 1416 471 1442; x_wconf 70' lang='lat' dir='ltr'><strong>(toruo</strong></span> <span class='ocrx_word' id='word_1_204' title='bbox 484 1417 532 1444; x_wconf 81' lang='lat' dir='ltr'><strong>Dei</strong></span> <span class='ocrx_word' id='word_1_205' title='bbox 546 1419 693 1451; x_wconf 68' lang='grc' dir='ltr'>Ιιιίιιιιηιιιδ.</span> <span class='ocrx_word' id='word_1_206' title='bbox 706 1420 825 1447; x_wconf 80' lang='lat' dir='ltr'><strong>Alterum</strong></span> 
     </span>
    </p>
   </div>
   <div class='ocr_carea' id='block_1_30' title="bbox 64 1457 826 1498">
    <p class='ocr_par' dir='ltr' id='par_1_30' title="bbox 64 1457 826 1498">
     <span class='ocr_line' id='line_1_30' title="bbox 64 1457 826 1498; baseline 0.014 -16"><span class='ocrx_word' id='word_1_207' title='bbox 64 1457 189 1492; x_wconf 80' lang='lat' dir='ltr'><strong>cxctnphtm</strong></span> <span class='ocrx_word' id='word_1_208' title='bbox 204 1460 289 1487; x_wconf 75' lang='lat' dir='ltr'><strong>habeo</strong></span> <span class='ocrx_word' id='word_1_209' title='bbox 304 1461 426 1494; x_wconf 82' lang='lat' dir='ltr'><strong>ejusdem</strong></span> <span class='ocrx_word' id='word_1_210' title='bbox 443 1465 572 1498; x_wconf 88' lang='lat' dir='ltr'><strong>temporis</strong></span> <span class='ocrx_word' id='word_1_211' title='bbox 582 1473 613 1491; x_wconf 84' lang='lat' dir='ltr'><strong>ex</strong></span> <span class='ocrx_word' id='word_1_212' title='bbox 627 1466 720 1493; x_wconf 76' lang='lat' dir='ltr'><strong>eodem</strong></span> <span class='ocrx_word' id='word_1_213' title='bbox 734 1466 826 1494; x_wconf 77' lang='lat' dir='ltr'><strong>Niceta</strong></span> 
     </span>
    </p>
   </div>
   <div class='ocr_carea' id='block_1_31' title="bbox 66 1503 826 1546">
    <p class='ocr_par' dir='ltr' id='par_1_31' title="bbox 66 1503 826 1546">
     <span class='ocr_line' id='line_1_31' title="bbox 66 1503 826 1546; baseline 0.016 -18"><span class='ocrx_word' id='word_1_214' title='bbox 66 1503 129 1530; x_wconf 71' lang='lat' dir='ltr'><strong>lltrid</strong></span> <span class='ocrx_word' id='word_1_215' title='bbox 150 1506 258 1538; x_wconf 82' lang='lat' dir='ltr'><strong>petitum</strong></span> <span class='ocrx_word' id='word_1_216' title='bbox 280 1508 329 1541; x_wconf 88' lang='lat' dir='ltr'><strong>qui</strong></span> <span class='ocrx_word' id='word_1_217' title='bbox 354 1508 387 1535; x_wconf 87' lang='lat' dir='ltr'><strong>de</strong></span> <span class='ocrx_word' id='word_1_218' title='bbox 412 1509 496 1541; x_wconf 79' lang='lat' dir='ltr'><strong>ipsius</strong></span> <span class='ocrx_word' id='word_1_219' title='bbox 518 1511 605 1537; x_wconf 87' lang='lat' dir='ltr'><strong>sancti</strong></span> <span class='ocrx_word' id='word_1_220' title='bbox 629 1511 722 1546; x_wconf 76' lang='lat' dir='ltr'><strong>lgnatii</strong></span> <span class='ocrx_word' id='word_1_221' title='bbox 743 1513 826 1540; x_wconf 79' lang='lat' dir='ltr'><strong>fra&#39;re</strong></span> 
     </span>
    </p>
   </div>
   <div class='ocr_carea' id='block_1_32' title="bbox 64 1548 825 1592">
    <p class='ocr_par' dir='ltr' id='par_1_32' title="bbox 64 1548 825 1592">
     <span class='ocr_line' id='line_1_32' title="bbox 64 1548 825 1592; baseline 0.013 -17"><span class='ocrx_word' id='word_1_222' title='bbox 64 1548 237 1585; x_wconf 74' lang='lat' dir='ltr'><strong>Thcophylacto</strong></span> <span class='ocrx_word' id='word_1_223' title='bbox 252 1552 326 1578; x_wconf 76' lang='lat' dir='ltr'><strong>idem</strong></span> <span class='ocrx_word' id='word_1_224' title='bbox 345 1557 461 1580; x_wconf 86' lang='lat' dir='ltr'><strong>testatur</strong></span> <span class='ocrx_word' id='word_1_225' title='bbox 476 1563 483 1582; x_wconf 88' lang='lat'><strong>:</strong></span> <span class='ocrx_word' id='word_1_226' title='bbox 500 1555 608 1581; x_wconf 78' lang='grc' dir='ltr'><strong>τούτων</strong></span> <span class='ocrx_word' id='word_1_227' title='bbox 635 1551 825 1592; x_wconf 62' lang='grc' dir='ltr'><strong>ΘΞοφύΜικ-εος</strong></span> 
     </span>
    </p>
   </div>
   <div class='ocr_carea' id='block_1_33' title="bbox 64 1595 823 1637">
    <p class='ocr_par' dir='ltr' id='par_1_33' title="bbox 64 1595 823 1637">
     <span class='ocr_line' id='line_1_33' title="bbox 64 1595 823 1637; baseline 0.013 -17"><span class='ocrx_word' id='word_1_228' title='bbox 64 1595 100 1627; x_wconf 57' lang='grc' dir='ltr'><strong>μὲν</strong></span> <span class='ocrx_word' id='word_1_229' title='bbox 111 1596 123 1622; x_wconf 81' lang='grc' dir='ltr'><strong>ὁ</strong></span> <span class='ocrx_word' id='word_1_230' title='bbox 133 1597 234 1623; x_wconf 78' lang='grc' dir='ltr'>πάντων</span> <span class='ocrx_word' id='word_1_231' title='bbox 246 1599 423 1633; x_wconf 76' lang='grc' dir='ltr'><strong>πρωτότοκος</strong></span> <span class='ocrx_word' id='word_1_232' title='bbox 439 1600 497 1634; x_wconf 72' lang='grc' dir='ltr'><strong>ἅμα</strong></span> <span class='ocrx_word' id='word_1_233' title='bbox 511 1601 566 1633; x_wconf 73' lang='grc' dir='ltr'><strong>τοῖς</strong></span> <span class='ocrx_word' id='word_1_234' title='bbox 581 1603 717 1637; x_wconf 72' lang='grc' dir='ltr'><strong>πατράσιν</strong></span> <span class='ocrx_word' id='word_1_235' title='bbox 730 1604 823 1636; x_wconf 62' lang='grc' dir='ltr'><strong>αὑτοῦ,</strong></span> 
     </span>
    </p>
   </div>
   <div class='ocr_carea' id='block_1_34' title="bbox 64 1641 824 1684">
    <p class='ocr_par' dir='ltr' id='par_1_34' title="bbox 64 1641 824 1684">
     <span class='ocr_line' id='line_1_34' title="bbox 64 1641 824 1684; baseline 0.013 -18"><span class='ocrx_word' id='word_1_236' title='bbox 64 1641 96 1666; x_wconf 74' lang='lat' dir='ltr'><strong>ul</strong></span> <span class='ocrx_word' id='word_1_237' title='bbox 107 1641 235 1675; x_wconf 60' lang='grc' dir='ltr'><strong>βασιλεῦσι</strong></span> <span class='ocrx_word' id='word_1_238' title='bbox 246 1644 309 1671; x_wconf 82' lang='grc' dir='ltr'><strong>τότε</strong></span> <span class='ocrx_word' id='word_1_239' title='bbox 325 1646 489 1680; x_wconf 71' lang='grc' dir='ltr'><strong>κειράμενος</strong></span> <span class='ocrx_word' id='word_1_240' title='bbox 504 1647 543 1678; x_wconf 72' lang='grc' dir='ltr'><strong>εἰς</strong></span> <span class='ocrx_word' id='word_1_241' title='bbox 559 1647 724 1684; x_wconf 76' lang='grc' dir='ltr'><strong>Εὐστράτιον</strong></span> <span class='ocrx_word' id='word_1_242' title='bbox 737 1658 824 1684; x_wconf 80' lang='grc' dir='ltr'><strong>μετω-</strong></span> 
     </span>
    </p>
   </div>
   <div class='ocr_carea' id='block_1_35' title="bbox 63 1687 823 1728">
    <p class='ocr_par' dir='ltr' id='par_1_35' title="bbox 63 1687 823 1728">
     <span class='ocr_line' id='line_1_35' title="bbox 63 1687 823 1728; baseline 0.013 -16"><span class='ocrx_word' id='word_1_243' title='bbox 63 1687 169 1722; x_wconf 58' lang='grc' dir='ltr'><strong>κ-μάεθη.</strong></span> <span class='ocrx_word' id='word_1_244' title='bbox 181 1688 281 1716; x_wconf 80' lang='lat' dir='ltr'><strong>[lorum</strong></span> <span class='ocrx_word' id='word_1_245' title='bbox 290 1690 500 1726; x_wconf 71' lang='lat' dir='ltr'><strong>Tlrcapltylartus</strong></span> <span class='ocrx_word' id='word_1_246' title='bbox 508 1694 698 1728; x_wconf 73' lang='lat' dir='ltr'><strong>primogenitus</strong></span> <span class='ocrx_word' id='word_1_247' title='bbox 710 1695 823 1723; x_wconf 80' lang='lat' dir='ltr'><strong>omnium</strong></span> 
     </span>
    </p>
   </div>
   <div class='ocr_carea' id='block_1_36' title="bbox 63 1737 822 1776">
    <p class='ocr_par' dir='ltr' id='par_1_36' title="bbox 63 1737 822 1776">
     <span class='ocr_line' id='line_1_36' title="bbox 63 1737 822 1776; baseline 0.011 -17"><span class='ocrx_word' id='word_1_248' title='bbox 63 1741 100 1759; x_wconf 78' lang='lat' dir='ltr'><strong>tum</strong></span> <span class='ocrx_word' id='word_1_249' title='bbox 114 1743 164 1761; x_wconf 82' lang='lat' dir='ltr'><strong>(um</strong></span> <span class='ocrx_word' id='word_1_250' title='bbox 177 1737 297 1770; x_wconf 82' lang='lat' dir='ltr'><strong>patribus</strong></span> <span class='ocrx_word' id='word_1_251' title='bbox 318 1739 375 1765; x_wconf 72' lang='lat' dir='ltr'><strong>suis</strong></span> <span class='ocrx_word' id='word_1_252' title='bbox 393 1743 417 1765; x_wconf 79' lang='lat' dir='ltr'><strong>ct</strong></span> <span class='ocrx_word' id='word_1_253' title='bbox 433 1739 635 1773; x_wconf 78' lang='lat' dir='ltr'><strong>imperatoribus</strong></span> <span class='ocrx_word' id='word_1_254' title='bbox 655 1740 822 1776; x_wconf 84' lang='lat' dir='ltr'><strong>(Michaelem</strong></span> 
     </span>
    </p>
   </div>
   <div class='ocr_carea' id='block_1_37' title="bbox 63 1779 825 1820">
    <p class='ocr_par' dir='ltr' id='par_1_37' title="bbox 63 1779 825 1820">
     <span class='ocr_line' id='line_1_37' title="bbox 63 1779 825 1820; baseline 0.012 -16"><span class='ocrx_word' id='word_1_255' title='bbox 63 1779 223 1814; x_wconf 75' lang='lat' dir='ltr'><strong>(annpalatam</strong></span> <span class='ocrx_word' id='word_1_256' title='bbox 238 1787 266 1810; x_wconf 87' lang='lat' dir='ltr'><strong>et</strong></span> <span class='ocrx_word' id='word_1_257' title='bbox 280 1782 439 1818; x_wconf 83' lang='lat' dir='ltr'><strong>Procopiam</strong></span> <span class='ocrx_word' id='word_1_258' title='bbox 458 1785 597 1819; x_wconf 75' lang='lat' dir='ltr'><strong>utriusque</strong></span> <span class='ocrx_word' id='word_1_259' title='bbox 609 1791 735 1820; x_wconf 86' lang='lat' dir='ltr'><strong>parentes</strong></span> <span class='ocrx_word' id='word_1_260' title='bbox 747 1791 825 1814; x_wconf 85' lang='lat' dir='ltr'><strong>vocat</strong></span> 
     </span>
    </p>
   </div>
   <div class='ocr_carea' id='block_1_38' title="bbox 64 1825 823 1867">
    <p class='ocr_par' dir='ltr' id='par_1_38' title="bbox 64 1825 823 1867">
     <span class='ocr_line' id='line_1_38' title="bbox 64 1825 823 1867; baseline 0.008 -14"><span class='ocrx_word' id='word_1_261' title='bbox 64 1825 210 1859; x_wconf 74' lang='lat' dir='ltr'><strong>imperatores</strong></span> <span class='ocrx_word' id='word_1_262' title='bbox 231 1830 264 1856; x_wconf 89' lang='lat' dir='ltr'><strong>de</strong></span> <span class='ocrx_word' id='word_1_263' title='bbox 285 1830 386 1864; x_wconf 88' lang='lat' dir='ltr'><strong>quibus</strong></span> <span class='ocrx_word' id='word_1_264' title='bbox 408 1838 489 1865; x_wconf 83' lang='lat' dir='ltr'><strong>supra</strong></span> <span class='ocrx_word' id='word_1_265' title='bbox 512 1831 630 1867; x_wconf 79' lang='lat' dir='ltr'><strong>dixerat)</strong></span> <span class='ocrx_word' id='word_1_266' title='bbox 652 1837 773 1860; x_wconf 74' lang='lat' dir='ltr'><strong>altonsua</strong></span> <span class='ocrx_word' id='word_1_267' title='bbox 796 1834 823 1859; x_wconf 88' lang='lat' dir='ltr'><strong>in</strong></span> 
     </span>
    </p>
   </div>
   <div class='ocr_carea' id='block_1_39' title="bbox 64 1872 825 1913">
    <p class='ocr_par' dir='ltr' id='par_1_39' title="bbox 64 1872 825 1913">
     <span class='ocr_line' id='line_1_39' title="bbox 64 1872 825 1913; baseline 0.013 -16"><span class='ocrx_word' id='word_1_268' title='bbox 64 1872 199 1900; x_wconf 73' lang='lat' dir='ltr'><strong>Eustratium</strong></span> <span class='ocrx_word' id='word_1_269' title='bbox 215 1884 312 1902; x_wconf 83' lang='lat' dir='ltr'><strong>nomen</strong></span> <span class='ocrx_word' id='word_1_270' title='bbox 327 1876 448 1903; x_wconf 83' lang='lat' dir='ltr'><strong>mutarit.</strong></span> <span class='ocrx_word' id='word_1_271' title='bbox 461 1877 498 1903; x_wconf 75' lang='lat' dir='ltr'><strong>Ex</strong></span> <span class='ocrx_word' id='word_1_272' title='bbox 514 1878 680 1912; x_wconf 85' lang='lat' dir='ltr'><strong>temporibus</strong></span> <span class='ocrx_word' id='word_1_273' title='bbox 693 1880 825 1913; x_wconf 87' lang='lat' dir='ltr'><strong>posterio-</strong></span> 
     </span>
    </p>
   </div>
   <div class='ocr_carea' id='block_1_40' title="bbox 63 1917 824 1959">
    <p class='ocr_par' dir='ltr' id='par_1_40' title="bbox 63 1917 824 1959">
     <span class='ocr_line' id='line_1_40' title="bbox 63 1917 824 1959; baseline 0.012 -14"><span class='ocrx_word' id='word_1_274' title='bbox 63 1917 118 1946; x_wconf 80' lang='lat' dir='ltr'><strong>tihns</strong></span> <span class='ocrx_word' id='word_1_275' title='bbox 130 1921 275 1954; x_wconf 80' lang='lat' dir='ltr'><strong>exemplqu</strong></span> <span class='ocrx_word' id='word_1_276' title='bbox 298 1922 392 1949; x_wconf 79' lang='lat' dir='ltr'><strong>subest</strong></span> <span class='ocrx_word' id='word_1_277' title='bbox 407 1923 433 1949; x_wconf 86' lang='lat' dir='ltr'><strong>in</strong></span> <span class='ocrx_word' id='word_1_278' title='bbox 449 1923 579 1959; x_wconf 78' lang='lat' dir='ltr'><strong>Gregorio</strong></span> <span class='ocrx_word' id='word_1_279' title='bbox 597 1925 750 1957; x_wconf 84' lang='lat' dir='ltr'><strong>Scholario,</strong></span> <span class='ocrx_word' id='word_1_280' title='bbox 766 1926 824 1954; x_wconf 88' lang='lat' dir='ltr'><strong>viro</strong></span> 
     </span>
    </p>
   </div>
   <div class='ocr_carea' id='block_1_41' title="bbox 62 1964 822 2005">
    <p class='ocr_par' dir='ltr' id='par_1_41' title="bbox 62 1964 822 2005">
     <span class='ocr_line' id='line_1_41' title="bbox 62 1964 822 2005; baseline 0.014 -16"><span class='ocrx_word' id='word_1_281' title='bbox 62 1964 115 1990; x_wconf 84' lang='lat' dir='ltr'><strong>inter</strong></span> <span class='ocrx_word' id='word_1_282' title='bbox 134 1965 236 1994; x_wconf 65' lang='lat' dir='ltr'><strong>Grrecos</strong></span> <span class='ocrx_word' id='word_1_283' title='bbox 261 1968 482 2003; x_wconf 84' lang='lat' dir='ltr'><strong>sapientissimo,</strong></span> <span class='ocrx_word' id='word_1_284' title='bbox 497 1972 541 2005; x_wconf 91' lang='lat' dir='ltr'><strong>qui</strong></span> <span class='ocrx_word' id='word_1_285' title='bbox 567 1971 723 2000; x_wconf 81' lang='lat' dir='ltr'><strong>Gennadius</strong></span> <span class='ocrx_word' id='word_1_286' title='bbox 744 1978 822 2000; x_wconf 86' lang='lat' dir='ltr'><strong>antea</strong></span> 
     </span>
    </p>
   </div>
   <div class='ocr_carea' id='block_1_42' title="bbox 63 2015 823 2053">
    <p class='ocr_par' dir='ltr' id='par_1_42' title="bbox 63 2015 823 2053">
     <span class='ocr_line' id='line_1_42' title="bbox 63 2015 823 2053; baseline 0.017 -18"><span class='ocrx_word' id='word_1_287' title='bbox 63 2017 149 2038; x_wconf 77' lang='lat' dir='ltr'><strong>iocatus</strong></span> <span class='ocrx_word' id='word_1_288' title='bbox 165 2015 280 2041; x_wconf 79' lang='lat' dir='ltr'><strong>mutavit</strong></span> <span class='ocrx_word' id='word_1_289' title='bbox 301 2023 400 2042; x_wconf 84' lang='lat' dir='ltr'><strong>tmmen</strong></span> <span class='ocrx_word' id='word_1_290' title='bbox 423 2022 577 2052; x_wconf 87' lang='lat' dir='ltr'><strong>assumptus</strong></span> <span class='ocrx_word' id='word_1_291' title='bbox 596 2019 630 2045; x_wconf 91' lang='lat' dir='ltr'><strong>ad</strong></span> <span class='ocrx_word' id='word_1_292' title='bbox 653 2019 823 2053; x_wconf 86' lang='lat' dir='ltr'><strong>patriarcha-</strong></span> 
     </span>
    </p>
   </div>
   <div class='ocr_carea' id='block_1_43' title="bbox 63 2058 822 2102">
    <p class='ocr_par' dir='ltr' id='par_1_43' title="bbox 63 2058 822 2102">
     <span class='ocr_line' id='line_1_43' title="bbox 63 2058 822 2102; baseline 0.017 -21"><span class='ocrx_word' id='word_1_293' title='bbox 63 2062 102 2082; x_wconf 85' lang='lat' dir='ltr'><strong>nnn</strong></span> <span class='ocrx_word' id='word_1_294' title='bbox 114 2058 170 2092; x_wconf 83' lang='lat' dir='ltr'><strong>CP.,</strong></span> <span class='ocrx_word' id='word_1_295' title='bbox 185 2061 254 2094; x_wconf 91' lang='lat' dir='ltr'><strong>quod</strong></span> <span class='ocrx_word' id='word_1_296' title='bbox 272 2061 370 2088; x_wconf 89' lang='lat' dir='ltr'><strong>scribit</strong></span> <span class='ocrx_word' id='word_1_297' title='bbox 385 2061 562 2091; x_wconf 86' lang='lat' dir='ltr'><strong>Bellarminus</strong></span> <span class='ocrx_word' id='word_1_298' title='bbox 578 2072 661 2099; x_wconf 88' lang='lat' dir='ltr'><strong>opere</strong></span> <span class='ocrx_word' id='word_1_299' title='bbox 675 2065 714 2093; x_wconf 85' lang='lat' dir='ltr'><strong>De</strong></span> <span class='ocrx_word' id='word_1_300' title='bbox 729 2067 822 2102; x_wconf 78' lang='lat' dir='ltr'><strong>script.</strong></span> 
     </span>
    </p>
   </div>
   <div class='ocr_carea' id='block_1_44' title="bbox 62 2103 823 2147">
    <p class='ocr_par' dir='ltr' id='par_1_44' title="bbox 62 2103 823 2147">
     <span class='ocr_line' id='line_1_44' title="bbox 62 2103 823 2147; baseline 0.016 -18"><span class='ocrx_word' id='word_1_301' title='bbox 62 2103 141 2136; x_wconf 56' lang='lat' dir='ltr'><strong>ralem,</strong></span> <span class='ocrx_word' id='word_1_302' title='bbox 153 2107 223 2140; x_wconf 88' lang='lat' dir='ltr'><strong>cujus</strong></span> <span class='ocrx_word' id='word_1_303' title='bbox 238 2113 360 2142; x_wconf 87' lang='lat' dir='ltr'><strong>quatuor</strong></span> <span class='ocrx_word' id='word_1_304' title='bbox 372 2110 508 2137; x_wconf 87' lang='lat' dir='ltr'><strong>orationes</strong></span> <span class='ocrx_word' id='word_1_305' title='bbox 521 2111 554 2138; x_wconf 89' lang='lat' dir='ltr'><strong>de</strong></span> <span class='ocrx_word' id='word_1_306' title='bbox 568 2119 633 2146; x_wconf 82' lang='lat' dir='ltr'><strong>pace</strong></span> <span class='ocrx_word' id='word_1_307' title='bbox 647 2120 696 2147; x_wconf 89' lang='lat' dir='ltr'><strong>pro</strong></span> <span class='ocrx_word' id='word_1_308' title='bbox 708 2115 823 2141; x_wconf 84' lang='lat' dir='ltr'><strong>concilio</strong></span> 
     </span>
    </p>
   </div>
   <div class='ocr_carea' id='block_1_45' title="bbox 63 2151 823 2196">
    <p class='ocr_par' dir='ltr' id='par_1_45' title="bbox 63 2151 823 2196">
     <span class='ocr_line' id='line_1_45' title="bbox 63 2151 823 2196; baseline 0.014 -18"><span class='ocrx_word' id='word_1_309' title='bbox 63 2151 155 2180; x_wconf 76' lang='lat' dir='ltr'><strong>Floreat.</strong></span> <span class='ocrx_word' id='word_1_310' title='bbox 167 2154 191 2180; x_wconf 94' lang='lat' dir='ltr'><strong>in</strong></span> <span class='ocrx_word' id='word_1_311' title='bbox 208 2154 260 2182; x_wconf 87' lang='lat' dir='ltr'><strong>line</strong></span> <span class='ocrx_word' id='word_1_312' title='bbox 279 2155 398 2189; x_wconf 75' lang='lat' dir='ltr'><strong>ejusdem</strong></span> <span class='ocrx_word' id='word_1_313' title='bbox 413 2156 548 2192; x_wconf 74' lang='lat' dir='ltr'><strong>leguntur.</strong></span> <span class='ocrx_word' id='word_1_314' title='bbox 561 2158 644 2187; x_wconf 84' lang='lat' dir='ltr'><strong>Multa</strong></span> <span class='ocrx_word' id='word_1_315' title='bbox 659 2161 710 2188; x_wconf 87' lang='lat' dir='ltr'><strong>alia</strong></span> <span class='ocrx_word' id='word_1_316' title='bbox 724 2169 823 2196; x_wconf 83' lang='lat' dir='ltr'><strong>Suppe-</strong></span> 
     </span>
    </p>
   </div>
   <div class='ocr_carea' id='block_1_46' title="bbox 63 2201 823 2243">
    <p class='ocr_par' dir='ltr' id='par_1_46' title="bbox 63 2201 823 2243">
     <span class='ocr_line' id='line_1_46' title="bbox 63 2201 823 2243; baseline 0.018 -21"><span class='ocrx_word' id='word_1_317' title='bbox 63 2201 130 2223; x_wconf 76' lang='lat' dir='ltr'><strong>terent</strong></span> <span class='ocrx_word' id='word_1_318' title='bbox 143 2201 260 2234; x_wconf 84' lang='lat' dir='ltr'><strong>exempla</strong></span> <span class='ocrx_word' id='word_1_319' title='bbox 283 2201 363 2235; x_wconf 76' lang='lat' dir='ltr'><strong>hujus</strong></span> <span class='ocrx_word' id='word_1_320' title='bbox 383 2201 536 2231; x_wconf 69' lang='lat' dir='ltr'><strong>Grmcorurtt</strong></span> <span class='ocrx_word' id='word_1_321' title='bbox 556 2205 639 2238; x_wconf 89' lang='lat' dir='ltr'><strong>ritus;</strong></span> <span class='ocrx_word' id='word_1_322' title='bbox 658 2207 703 2235; x_wconf 86' lang='lat' dir='ltr'><strong>sed</strong></span> <span class='ocrx_word' id='word_1_323' title='bbox 718 2216 750 2235; x_wconf 87' lang='lat' dir='ltr'><strong>ea</strong></span> <span class='ocrx_word' id='word_1_324' title='bbox 765 2217 823 2243; x_wconf 65' lang='lat' dir='ltr'><strong>quin</strong></span> 
     </span>
    </p>
   </div>
   <div class='ocr_carea' id='block_1_47' title="bbox 64 2243 823 2286">
    <p class='ocr_par' dir='ltr' id='par_1_47' title="bbox 64 2243 823 2286">
     <span class='ocr_line' id='line_1_47' title="bbox 64 2243 823 2286; baseline 0.021 -20"><span class='ocrx_word' id='word_1_325' title='bbox 64 2243 135 2270; x_wconf 77' lang='lat' dir='ltr'><strong>induxi</strong></span> <span class='ocrx_word' id='word_1_326' title='bbox 150 2245 214 2273; x_wconf 84' lang='lat' dir='ltr'><strong>satis</strong></span> <span class='ocrx_word' id='word_1_327' title='bbox 230 2246 399 2280; x_wconf 87' lang='lat' dir='ltr'><strong>probabilem</strong></span> <span class='ocrx_word' id='word_1_328' title='bbox 420 2254 539 2277; x_wconf 85' lang='lat' dir='ltr'><strong>nostram</strong></span> <span class='ocrx_word' id='word_1_329' title='bbox 559 2252 744 2286; x_wconf 69' lang='lat' dir='ltr'><strong>coajecturam</strong></span> <span class='ocrx_word' id='word_1_330' title='bbox 765 2255 823 2282; x_wconf 84' lang='lat' dir='ltr'><strong>elli-</strong></span> 
     </span>
    </p>
   </div>
   <div class='ocr_carea' id='block_1_48' title="bbox 63 2288 822 2333">
    <p class='ocr_par' dir='ltr' id='par_1_48' title="bbox 63 2288 822 2333">
     <span class='ocr_line' id='line_1_48' title="bbox 63 2288 822 2333; baseline 0.024 -22"><span class='ocrx_word' id='word_1_331' title='bbox 63 2288 126 2321; x_wconf 82' lang='lat' dir='ltr'><strong>ciunt,</strong></span> <span class='ocrx_word' id='word_1_332' title='bbox 137 2290 324 2326; x_wconf 85' lang='lat' dir='ltr'><strong>Theophanem</strong></span> <span class='ocrx_word' id='word_1_333' title='bbox 346 2299 467 2321; x_wconf 88' lang='lat' dir='ltr'><strong>nostrum</strong></span> <span class='ocrx_word' id='word_1_334' title='bbox 488 2297 528 2323; x_wconf 87' lang='lat' dir='ltr'><strong>vel</strong></span> <span class='ocrx_word' id='word_1_335' title='bbox 548 2305 675 2333; x_wconf 71' lang='lat' dir='ltr'><strong>susrcpto</strong></span> <span class='ocrx_word' id='word_1_336' title='bbox 697 2301 822 2330; x_wconf 85' lang='lat' dir='ltr'><strong>monachi</strong></span> 
     </span>
    </p>
   </div>
   <div class='ocr_carea' id='block_1_49' title="bbox 64 2334 822 2375">
    <p class='ocr_par' dir='ltr' id='par_1_49' title="bbox 64 2334 822 2375">
     <span class='ocr_line' id='line_1_49' title="bbox 64 2334 822 2375; baseline 0.022 -17"><span class='ocrx_word' id='word_1_337' title='bbox 64 2334 145 2369; x_wconf 84' lang='lat' dir='ltr'><strong>habitu,</strong></span> <span class='ocrx_word' id='word_1_338' title='bbox 160 2338 198 2364; x_wconf 85' lang='lat' dir='ltr'><strong>vel</strong></span> <span class='ocrx_word' id='word_1_339' title='bbox 220 2339 252 2364; x_wconf 88' lang='lat' dir='ltr'><strong>ad</strong></span> <span class='ocrx_word' id='word_1_340' title='bbox 276 2339 395 2374; x_wconf 85' lang='lat' dir='ltr'><strong>episcopi</strong></span> <span class='ocrx_word' id='word_1_341' title='bbox 417 2340 574 2375; x_wconf 81' lang='lat' dir='ltr'><strong>dignitatern</strong></span> <span class='ocrx_word' id='word_1_342' title='bbox 596 2350 718 2372; x_wconf 83' lang='lat' dir='ltr'><strong>evectum</strong></span> <span class='ocrx_word' id='word_1_343' title='bbox 740 2355 822 2374; x_wconf 89' lang='lat' dir='ltr'><strong>uuttm</strong></span> 
     </span>
    </p>
   </div>
   <div class='ocr_carea' id='block_1_50' title="bbox 64 2384 822 2426">
    <p class='ocr_par' dir='ltr' id='par_1_50' title="bbox 64 2384 822 2426">
     <span class='ocr_line' id='line_1_50' title="bbox 64 2384 822 2426; baseline 0.021 -21"><span class='ocrx_word' id='word_1_344' title='bbox 64 2387 139 2407; x_wconf 84' lang='lat' dir='ltr'><strong>nomen</strong></span> <span class='ocrx_word' id='word_1_345' title='bbox 151 2389 207 2409; x_wconf 90' lang='lat' dir='ltr'><strong>cum</strong></span> <span class='ocrx_word' id='word_1_346' title='bbox 220 2384 308 2411; x_wconf 84' lang='lat' dir='ltr'><strong>altero</strong></span> <span class='ocrx_word' id='word_1_347' title='bbox 322 2391 511 2419; x_wconf 83' lang='lat' dir='ltr'><strong>commutasse,</strong></span> <span class='ocrx_word' id='word_1_348' title='bbox 525 2393 550 2415; x_wconf 90' lang='lat' dir='ltr'><strong>cl</strong></span> <span class='ocrx_word' id='word_1_349' title='bbox 564 2394 615 2415; x_wconf 81' lang='lat' dir='ltr'><strong>tam</strong></span> <span class='ocrx_word' id='word_1_350' title='bbox 629 2389 822 2426; x_wconf 85' lang='lat' dir='ltr'><strong>Theophanem</strong></span> 
     </span>
    </p>
   </div>
   <div class='ocr_carea' id='block_1_51' title="bbox 63 2427 821 2471">
    <p class='ocr_par' dir='ltr' id='par_1_51' title="bbox 63 2427 821 2471">
     <span class='ocr_line' id='line_1_51' title="bbox 63 2427 821 2471; baseline 0.021 -21"><span class='ocrx_word' id='word_1_351' title='bbox 63 2434 125 2459; x_wconf 76' lang='lat' dir='ltr'><strong>quam</strong></span> <span class='ocrx_word' id='word_1_352' title='bbox 143 2427 300 2464; x_wconf 81' lang='lat' dir='ltr'><strong>Gregorium</strong></span> <span class='ocrx_word' id='word_1_353' title='bbox 321 2429 443 2464; x_wconf 85' lang='lat' dir='ltr'><strong>ejusdem</strong></span> <span class='ocrx_word' id='word_1_354' title='bbox 466 2434 608 2468; x_wconf 83' lang='lat' dir='ltr'><strong>scriptoris</strong></span> <span class='ocrx_word' id='word_1_355' title='bbox 631 2443 690 2463; x_wconf 87' lang='lat' dir='ltr'><strong>esse</strong></span> <span class='ocrx_word' id='word_1_356' title='bbox 712 2446 821 2471; x_wconf 81' lang='lat' dir='ltr'><strong>nomen,</strong></span> 
     </span>
    </p>
   </div>
   <div class='ocr_carea' id='block_1_52' title="bbox 63 2475 824 2515">
    <p class='ocr_par' dir='ltr' id='par_1_52' title="bbox 63 2475 824 2515">
     <span class='ocr_line' id='line_1_52' title="bbox 63 2475 824 2515; baseline 0.022 -20"><span class='ocrx_word' id='word_1_357' title='bbox 63 2475 162 2504; x_wconf 79' lang='lat' dir='ltr'><strong>quamvis</strong></span> <span class='ocrx_word' id='word_1_358' title='bbox 183 2476 215 2502; x_wconf 83' lang='lat' dir='ltr'><strong>ab</strong></span> <span class='ocrx_word' id='word_1_359' title='bbox 237 2476 272 2502; x_wconf 87' lang='lat' dir='ltr'><strong>iis</strong></span> <span class='ocrx_word' id='word_1_360' title='bbox 295 2477 340 2510; x_wconf 88' lang='lat' dir='ltr'><strong>qui</strong></span> <span class='ocrx_word' id='word_1_361' title='bbox 365 2478 423 2511; x_wconf 86' lang='lat' dir='ltr'><strong>ejus</strong></span> <span class='ocrx_word' id='word_1_362' title='bbox 446 2480 614 2514; x_wconf 79' lang='lat' dir='ltr'><strong>exscripsere</strong></span> <span class='ocrx_word' id='word_1_363' title='bbox 638 2482 776 2515; x_wconf 83' lang='lat' dir='ltr'><strong>homilias,</strong></span> <span class='ocrx_word' id='word_1_364' title='bbox 795 2489 824 2511; x_wconf 91' lang='lat' dir='ltr'><strong>ut</strong></span> 
     </span>
    </p>
   </div>
   <div class='ocr_carea' id='block_1_53' title="bbox 64 2521 822 2558">
    <p class='ocr_par' dir='ltr' id='par_1_53' title="bbox 64 2521 822 2558">
     <span class='ocr_line' id='line_1_53' title="bbox 64 2521 822 2558; baseline 0.016 -12"><span class='ocrx_word' id='word_1_365' title='bbox 64 2521 116 2551; x_wconf 66' lang='lat' dir='ltr'><strong>apud</strong></span> <span class='ocrx_word' id='word_1_366' title='bbox 133 2526 247 2554; x_wconf 85' lang='lat' dir='ltr'><strong>posteros</strong></span> <span class='ocrx_word' id='word_1_367' title='bbox 267 2529 459 2557; x_wconf 83' lang='lat' dir='ltr'><strong>perennarcnt,</strong></span> <span class='ocrx_word' id='word_1_368' title='bbox 478 2534 549 2554; x_wconf 88' lang='lat' dir='ltr'><strong>nunc</strong></span> <span class='ocrx_word' id='word_1_369' title='bbox 570 2535 623 2555; x_wconf 90' lang='lat' dir='ltr'><strong>uno</strong></span> <span class='ocrx_word' id='word_1_370' title='bbox 645 2537 717 2556; x_wconf 88' lang='lat' dir='ltr'><strong>nune</strong></span> <span class='ocrx_word' id='word_1_371' title='bbox 737 2530 822 2558; x_wconf 86' lang='lat' dir='ltr'><strong>altero</strong></span> 
     </span>
    </p>
   </div>
   <div class='ocr_carea' id='block_1_54' title="bbox 65 2570 822 2611">
    <p class='ocr_par' dir='ltr' id='par_1_54' title="bbox 65 2570 822 2611">
     <span class='ocr_line' id='line_1_54' title="bbox 65 2570 822 2611; baseline 0.017 -21"><span class='ocrx_word' id='word_1_372' title='bbox 65 2570 165 2599; x_wconf 72' lang='lat' dir='ltr'><strong>vocetur;</strong></span> <span class='ocrx_word' id='word_1_373' title='bbox 188 2575 294 2603; x_wconf 81' lang='lat' dir='ltr'><strong>semper</strong></span> <span class='ocrx_word' id='word_1_374' title='bbox 316 2575 404 2598; x_wconf 87' lang='lat' dir='ltr'><strong>autem</strong></span> <span class='ocrx_word' id='word_1_375' title='bbox 429 2576 456 2598; x_wconf 87' lang='lat' dir='ltr'><strong>et</strong></span> <span class='ocrx_word' id='word_1_376' title='bbox 473 2574 694 2602; x_wconf 83' lang='lat' dir='ltr'><strong>constantissime</strong></span> <span class='ocrx_word' id='word_1_377' title='bbox 715 2577 822 2611; x_wconf 88' lang='lat' dir='ltr'><strong>utrique</strong></span> 
     </span>
    </p>
   </div>
   <div class='ocr_carea' id='block_1_55' title="bbox 65 2611 822 2657">
    <p class='ocr_par' dir='ltr' id='par_1_55' title="bbox 65 2611 822 2657">
     <span class='ocr_line' id='line_1_55' title="bbox 65 2611 822 2657; baseline 0.017 -21"><span class='ocrx_word' id='word_1_378' title='bbox 65 2611 143 2638; x_wconf 87' lang='lat' dir='ltr'><strong>nomini</strong></span> <span class='ocrx_word' id='word_1_379' title='bbox 158 2612 274 2641; x_wconf 69' lang='grc' dir='ltr'><strong>(ζει-αηιεὶ</strong></span> <span class='ocrx_word' id='word_1_380' title='bbox 288 2619 315 2642; x_wconf 90' lang='lat' dir='ltr'><strong>et</strong></span> <span class='ocrx_word' id='word_1_381' title='bbox 328 2615 524 2652; x_wconf 82' lang='lat' dir='ltr'><strong>archiepiscopi</strong></span> <span class='ocrx_word' id='word_1_382' title='bbox 536 2618 710 2648; x_wconf 85' lang='lat' dir='ltr'><strong>Tauromenii</strong></span> <span class='ocrx_word' id='word_1_383' title='bbox 723 2630 822 2657; x_wconf 80' lang='lat' dir='ltr'><strong>cogno-</strong></span> 
     </span>
    </p>
   </div>
   <div class='ocr_carea' id='block_1_56' title="bbox 66 2660 820 2702">
    <p class='ocr_par' dir='ltr' id='par_1_56' title="bbox 66 2660 820 2702">
     <span class='ocr_line' id='line_1_56' title="bbox 66 2660 820 2702; baseline 0.02 -21"><span class='ocrx_word' id='word_1_384' title='bbox 66 2664 111 2683; x_wconf 82' lang='lat' dir='ltr'><strong>men</strong></span> <span class='ocrx_word' id='word_1_385' title='bbox 131 2663 155 2685; x_wconf 88' lang='lat' dir='ltr'><strong>et</strong></span> <span class='ocrx_word' id='word_1_386' title='bbox 179 2660 271 2688; x_wconf 87' lang='lat' dir='ltr'><strong>titulus</strong></span> <span class='ocrx_word' id='word_1_387' title='bbox 296 2667 360 2689; x_wconf 89' lang='lat' dir='ltr'><strong>sunt</strong></span> <span class='ocrx_word' id='word_1_388' title='bbox 384 2663 474 2690; x_wconf 79' lang='lat' dir='ltr'><strong>allixa.</strong></span> <span class='ocrx_word' id='word_1_389' title='bbox 494 2663 553 2691; x_wconf 80' lang='lat' dir='ltr'><strong>Jaut</strong></span> <span class='ocrx_word' id='word_1_390' title='bbox 577 2673 641 2693; x_wconf 89' lang='lat' dir='ltr'><strong>vero</strong></span> <span class='ocrx_word' id='word_1_391' title='bbox 665 2668 820 2702; x_wconf 74' lang='lat' dir='ltr'><strong>episcopum</strong></span> 
     </span>
    </p>
   </div>
   <div class='ocr_carea' id='block_1_57' title="bbox 64 2708 820 2747">
    <p class='ocr_par' dir='ltr' id='par_1_57' title="bbox 64 2708 820 2747">
     <span class='ocr_line' id='line_1_57' title="bbox 64 2708 820 2747; baseline 0.017 -19"><span class='ocrx_word' id='word_1_392' title='bbox 64 2708 162 2731; x_wconf 77' lang='lat' dir='ltr'><strong>nosntnu</strong></span> <span class='ocrx_word' id='word_1_393' title='bbox 187 2712 264 2734; x_wconf 82' lang='lat' dir='ltr'><strong>antea</strong></span> <span class='ocrx_word' id='word_1_394' title='bbox 293 2709 420 2736; x_wconf 87' lang='lat' dir='ltr'><strong>monachi</strong></span> <span class='ocrx_word' id='word_1_395' title='bbox 448 2709 529 2736; x_wconf 81' lang='lat' dir='ltr'><strong>vitam</strong></span> <span class='ocrx_word' id='word_1_396' title='bbox 557 2710 640 2738; x_wconf 79' lang='lat' dir='ltr'><strong>fuisse</strong></span> <span class='ocrx_word' id='word_1_397' title='bbox 670 2714 820 2747; x_wconf 80' lang='lat' dir='ltr'><strong>professum</strong></span> 
     </span>
    </p>
   </div>
   <div class='ocr_carea' id='block_1_58' title="bbox 65 2753 820 2792">
    <p class='ocr_par' dir='ltr' id='par_1_58' title="bbox 65 2753 820 2792">
     <span class='ocr_line' id='line_1_58' title="bbox 65 2753 820 2792; baseline 0.019 -19"><span class='ocrx_word' id='word_1_398' title='bbox 65 2753 145 2776; x_wconf 69' lang='lat' dir='ltr'><strong>certum</strong></span> <span class='ocrx_word' id='word_1_399' title='bbox 166 2757 207 2779; x_wconf 87' lang='lat' dir='ltr'><strong>cst</strong></span> <span class='ocrx_word' id='word_1_400' title='bbox 230 2754 311 2786; x_wconf 90' lang='lat' dir='ltr'><strong>mihi,</strong></span> <span class='ocrx_word' id='word_1_401' title='bbox 330 2759 357 2781; x_wconf 88' lang='lat' dir='ltr'><strong>et</strong></span> <span class='ocrx_word' id='word_1_402' title='bbox 379 2755 464 2783; x_wconf 82' lang='lat' dir='ltr'><strong>cuivis</strong></span> <span class='ocrx_word' id='word_1_403' title='bbox 487 2757 579 2790; x_wconf 83' lang='lat' dir='ltr'><strong>debet,</strong></span> <span class='ocrx_word' id='word_1_404' title='bbox 597 2759 642 2792; x_wconf 86' lang='lat' dir='ltr'><strong>qui</strong></span> <span class='ocrx_word' id='word_1_405' title='bbox 667 2760 820 2788; x_wconf 60' lang='lat' dir='ltr'><strong>Graecorum</strong></span> 
     </span>
    </p>
   </div>
   <div class='ocr_carea' id='block_1_59' title="bbox 66 2801 820 2837">
    <p class='ocr_par' dir='ltr' id='par_1_59' title="bbox 66 2801 820 2837">
     <span class='ocr_line' id='line_1_59' title="bbox 66 2801 820 2837; baseline 0.016 -16"><span class='ocrx_word' id='word_1_406' title='bbox 66 2801 155 2829; x_wconf 84' lang='lat' dir='ltr'><strong>morem,</strong></span> <span class='ocrx_word' id='word_1_407' title='bbox 168 2806 258 2827; x_wconf 84' lang='lat' dir='ltr'><strong>eorum</strong></span> <span class='ocrx_word' id='word_1_408' title='bbox 283 2806 357 2828; x_wconf 86' lang='lat' dir='ltr'><strong>certe</strong></span> <span class='ocrx_word' id='word_1_409' title='bbox 378 2806 542 2837; x_wconf 82' lang='lat' dir='ltr'><strong>temporum,</strong></span> <span class='ocrx_word' id='word_1_410' title='bbox 557 2804 672 2836; x_wconf 87' lang='lat' dir='ltr'><strong>noverit,</strong></span> <span class='ocrx_word' id='word_1_411' title='bbox 691 2813 743 2832; x_wconf 90' lang='lat' dir='ltr'><strong>non</strong></span> <span class='ocrx_word' id='word_1_412' title='bbox 770 2807 820 2834; x_wconf 90' lang='lat' dir='ltr'><strong>nisi</strong></span> 
     </span>
    </p>
   </div>
   <div class='ocr_carea' id='block_1_60' title="bbox 66 2845 822 2884">
    <p class='ocr_par' dir='ltr' id='par_1_60' title="bbox 66 2845 822 2884">
     <span class='ocr_line' id='line_1_60' title="bbox 66 2845 822 2884; baseline 0.016 -17"><span class='ocrx_word' id='word_1_413' title='bbox 66 2846 89 2865; x_wconf 69' lang='grc' dir='ltr'>ει</span> <span class='ocrx_word' id='word_1_414' title='bbox 106 2845 231 2872; x_wconf 82' lang='lat' dir='ltr'><strong>monachis</strong></span> <span class='ocrx_word' id='word_1_415' title='bbox 251 2846 392 2881; x_wconf 85' lang='lat' dir='ltr'><strong>episcopos</strong></span> <span class='ocrx_word' id='word_1_416' title='bbox 415 2848 560 2883; x_wconf 77' lang='lat' dir='ltr'><strong>deligendi,</strong></span> <span class='ocrx_word' id='word_1_417' title='bbox 577 2851 648 2884; x_wconf 87' lang='lat' dir='ltr'><strong>quod</strong></span> <span class='ocrx_word' id='word_1_418' title='bbox 671 2858 722 2878; x_wconf 92' lang='lat' dir='ltr'><strong>non</strong></span> <span class='ocrx_word' id='word_1_419' title='bbox 737 2853 822 2880; x_wconf 89' lang='lat' dir='ltr'><strong>-tuodo</strong></span> 
     </span>
    </p>
   </div>
   <div class='ocr_carea' id='block_1_61' title="bbox 68 2885 821 2931">
    <p class='ocr_par' dir='ltr' id='par_1_61' title="bbox 68 2885 821 2931">
     <span class='ocr_line' id='line_1_61' title="bbox 68 2885 821 2931; baseline 0.016 -18"><span class='ocrx_word' id='word_1_420' title='bbox 68 2885 122 2914; x_wconf 74' lang='lat' dir='ltr'><strong>1IIS.</strong></span> <span class='ocrx_word' id='word_1_421' title='bbox 137 2887 232 2924; x_wconf 65' lang='lat' dir='ltr'><strong>lauatio</strong></span> <span class='ocrx_word' id='word_1_422' title='bbox 244 2899 308 2920; x_wconf 85' lang='lat' dir='ltr'><strong>vcro</strong></span> <span class='ocrx_word' id='word_1_423' title='bbox 323 2893 477 2927; x_wconf 85' lang='lat' dir='ltr'><strong>patriarcha</strong></span> <span class='ocrx_word' id='word_1_424' title='bbox 493 2894 593 2922; x_wconf 78' lang='lat' dir='ltr'><strong>factum</strong></span> <span class='ocrx_word' id='word_1_425' title='bbox 611 2903 689 2931; x_wconf 86' lang='lat' dir='ltr'><strong>supra</strong></span> <span class='ocrx_word' id='word_1_426' title='bbox 704 2897 821 2925; x_wconf 83' lang='lat' dir='ltr'><strong>diximus</strong></span> 
     </span>
    </p>
   </div>
   <div class='ocr_carea' id='block_1_62' title="bbox 893 224 1681 262">
    <p class='ocr_par' dir='ltr' id='par_1_62' title="bbox 893 224 1681 262">
     <span class='ocr_line' id='line_1_62' title="bbox 893 224 1681 262; baseline 0.01 -12"><span class='ocrx_word' id='word_1_427' title='bbox 893 231 925 250; x_wconf 81' lang='lat' dir='ltr'><strong>ex</strong></span> <span class='ocrx_word' id='word_1_428' title='bbox 944 224 1035 251; x_wconf 83' lang='lat' dir='ltr'><strong>Nicela</strong></span> <span class='ocrx_word' id='word_1_429' title='bbox 1051 225 1145 258; x_wconf 80' lang='lat' dir='ltr'><strong>David,</strong></span> <span class='ocrx_word' id='word_1_430' title='bbox 1160 227 1207 253; x_wconf 80' lang='lat' dir='ltr'><strong>sed</strong></span> <span class='ocrx_word' id='word_1_431' title='bbox 1223 231 1248 254; x_wconf 89' lang='lat' dir='ltr'><strong>et</strong></span> <span class='ocrx_word' id='word_1_432' title='bbox 1263 226 1318 260; x_wconf 87' lang='lat' dir='ltr'><strong>ipse</strong></span> <span class='ocrx_word' id='word_1_433' title='bbox 1333 227 1447 255; x_wconf 77' lang='lat' dir='ltr'><strong>Phr-tius</strong></span> <span class='ocrx_word' id='word_1_434' title='bbox 1463 229 1507 262; x_wconf 87' lang='lat' dir='ltr'><strong>qui</strong></span> <span class='ocrx_word' id='word_1_435' title='bbox 1524 237 1555 256; x_wconf 77' lang='lat' dir='ltr'><strong>ex</strong></span> <span class='ocrx_word' id='word_1_436' title='bbox 1571 229 1640 258; x_wconf 86' lang='lat' dir='ltr'><strong>laico</strong></span> <span class='ocrx_word' id='word_1_437' title='bbox 1655 231 1681 258; x_wconf 73' lang='lat' dir='ltr'><strong>in</strong></span> 
     </span>
    </p>
   </div>
   <div class='ocr_carea' id='block_1_63' title="bbox 892 271 1682 311">
    <p class='ocr_par' dir='ltr' id='par_1_63' title="bbox 892 271 1682 311">
     <span class='ocr_line' id='line_1_63' title="bbox 892 271 1682 311; baseline 0.01 -14"><span class='ocrx_word' id='word_1_438' title='bbox 892 271 1055 305; x_wconf 79' lang='lat' dir='ltr'><strong>patriarchae</strong></span> <span class='ocrx_word' id='word_1_439' title='bbox 1079 273 1223 305; x_wconf 88' lang='lat' dir='ltr'><strong>thronum,</strong></span> <span class='ocrx_word' id='word_1_440' title='bbox 1246 274 1389 302; x_wconf 84' lang='lat' dir='ltr'><strong>deturbate</strong></span> <span class='ocrx_word' id='word_1_441' title='bbox 1416 282 1463 310; x_wconf 83' lang='lat' dir='ltr'><strong>per</strong></span> <span class='ocrx_word' id='word_1_442' title='bbox 1485 275 1538 303; x_wconf 87' lang='lat' dir='ltr'><strong>vim</strong></span> <span class='ocrx_word' id='word_1_443' title='bbox 1568 277 1624 311; x_wconf 87' lang='lat' dir='ltr'><strong>ipso</strong></span> <span class='ocrx_word' id='word_1_444' title='bbox 1651 277 1682 305; x_wconf 88' lang='lat' dir='ltr'><strong>S.</strong></span> 
     </span>
    </p>
   </div>
   <div class='ocr_carea' id='block_1_64' title="bbox 891 316 1681 356">
    <p class='ocr_par' dir='ltr' id='par_1_64' title="bbox 891 316 1681 356">
     <span class='ocr_line' id='line_1_64' title="bbox 891 316 1681 356; baseline 0.008 -14"><span class='ocrx_word' id='word_1_445' title='bbox 891 316 1009 351; x_wconf 76' lang='lat' dir='ltr'><strong>lgnatio,</strong></span> <span class='ocrx_word' id='word_1_446' title='bbox 1025 319 1171 354; x_wconf 84' lang='lat' dir='ltr'><strong>derepente</strong></span> <span class='ocrx_word' id='word_1_447' title='bbox 1188 319 1300 352; x_wconf 85' lang='lat' dir='ltr'><strong>iusiliit,</strong></span> <span class='ocrx_word' id='word_1_448' title='bbox 1320 326 1350 348; x_wconf 88' lang='lat' dir='ltr'><strong>ut</strong></span> <span class='ocrx_word' id='word_1_449' title='bbox 1368 326 1456 349; x_wconf 87' lang='lat' dir='ltr'><strong>tamen</strong></span> <span class='ocrx_word' id='word_1_450' title='bbox 1475 327 1502 348; x_wconf 87' lang='lat' dir='ltr'><strong>et</strong></span> <span class='ocrx_word' id='word_1_451' title='bbox 1519 322 1637 356; x_wconf 82' lang='lat' dir='ltr'><strong>legitime</strong></span> <span class='ocrx_word' id='word_1_452' title='bbox 1654 327 1681 350; x_wconf 89' lang='lat' dir='ltr'><strong>et</strong></span> 
     </span>
    </p>
   </div>
   <div class='ocr_carea' id='block_1_65' title="bbox 890 364 1677 404">
    <p class='ocr_par' dir='ltr' id='par_1_65' title="bbox 890 364 1677 404">
     <span class='ocr_line' id='line_1_65' title="bbox 890 364 1677 404; baseline 0.008 -15"><span class='ocrx_word' id='word_1_453' title='bbox 890 371 922 390; x_wconf 79' lang='lat' dir='ltr'><strong>ex</strong></span> <span class='ocrx_word' id='word_1_454' title='bbox 941 364 992 390; x_wconf 86' lang='lat' dir='ltr'><strong>ritu</strong></span> <span class='ocrx_word' id='word_1_455' title='bbox 1016 364 1102 396; x_wconf 80' lang='lat' dir='ltr'><strong>tactus</strong></span> <span class='ocrx_word' id='word_1_456' title='bbox 1123 366 1258 393; x_wconf 84' lang='lat' dir='ltr'><strong>videretur</strong></span> <span class='ocrx_word' id='word_1_457' title='bbox 1272 367 1432 402; x_wconf 85' lang='lat' dir='ltr'><strong>episcopus:</strong></span> <span class='ocrx_word' id='word_1_458' title='bbox 1448 369 1549 404; x_wconf 80' lang='grc' dir='ltr'><strong>Πρώτῃ</strong></span> <span class='ocrx_word' id='word_1_459' title='bbox 1573 369 1677 404; x_wconf 78' lang='grc' dir='ltr'><strong>ἡμέρᾳ,</strong></span> 
     </span>
    </p>
   </div>
   <div class='ocr_carea' id='block_1_66' title="bbox 890 409 1679 450">
    <p class='ocr_par' dir='ltr' id='par_1_66' title="bbox 890 409 1679 450">
     <span class='ocr_line' id='line_1_66' title="bbox 890 409 1679 450; baseline 0.009 -15"><span class='ocrx_word' id='word_1_460' title='bbox 890 409 973 443; x_wconf 88' lang='lat' dir='ltr'><strong>inquit</strong></span> <span class='ocrx_word' id='word_1_461' title='bbox 989 410 1057 437; x_wconf 82' lang='lat' dir='ltr'><strong>idem</strong></span> <span class='ocrx_word' id='word_1_462' title='bbox 1070 410 1187 443; x_wconf 78' lang='lat' dir='ltr'><strong>Nicctas,</strong></span> <span class='ocrx_word' id='word_1_463' title='bbox 1200 414 1316 448; x_wconf 67' lang='grc' dir='ltr'><strong>μοναχδς</strong></span> <span class='ocrx_word' id='word_1_464' title='bbox 1327 415 1388 441; x_wconf 79' lang='grc' dir='ltr'>ἀντὶ</span> <span class='ocrx_word' id='word_1_465' title='bbox 1401 415 1508 444; x_wconf 68' lang='grc' dir='ltr'><strong>λαῖκῦῦ.</strong></span> <span class='ocrx_word' id='word_1_466' title='bbox 1519 416 1550 450; x_wconf 84' lang='grc' dir='ltr'><strong>τῇ</strong></span> <span class='ocrx_word' id='word_1_467' title='bbox 1564 415 1679 450; x_wconf 73' lang='grc' dir='ltr'><strong>δευτέρᾳ</strong></span> 
     </span>
    </p>
   </div>
   <div class='ocr_carea' id='block_1_67' title="bbox 888 455 1678 496">
    <p class='ocr_par' dir='ltr' id='par_1_67' title="bbox 888 455 1678 496">
     <span class='ocr_line' id='line_1_67' title="bbox 888 455 1678 496; baseline 0.009 -15"><span class='ocrx_word' id='word_1_468' title='bbox 888 455 915 481; x_wconf 84' lang='grc' dir='ltr'><strong>δὲ</strong></span> <span class='ocrx_word' id='word_1_469' title='bbox 929 455 1117 494; x_wconf 77' lang='grc' dir='ltr'><strong>ἀναγνώστης,</strong></span> <span class='ocrx_word' id='word_1_470' title='bbox 1129 459 1176 485; x_wconf 78' lang='grc' dir='ltr'><strong>καὶ</strong></span> <span class='ocrx_word' id='word_1_471' title='bbox 1191 460 1368 492; x_wconf 69' lang='grc' dir='ltr'><strong>ὐποδιάκονος</strong></span> <span class='ocrx_word' id='word_1_472' title='bbox 1380 463 1412 496; x_wconf 83' lang='grc' dir='ltr'><strong>τῇ</strong></span> <span class='ocrx_word' id='word_1_473' title='bbox 1426 461 1500 496; x_wconf 75' lang='grc' dir='ltr'><strong>ἑξῆς,</strong></span> <span class='ocrx_word' id='word_1_474' title='bbox 1511 459 1571 487; x_wconf 69' lang='grc' dir='ltr'><strong>εἶτα</strong></span> <span class='ocrx_word' id='word_1_475' title='bbox 1586 461 1678 488; x_wconf 79' lang='grc' dir='ltr'><strong>διάκο-</strong></span> 
     </span>
    </p>
   </div>
   <div class='ocr_carea' id='block_1_68' title="bbox 888 500 1677 543">
    <p class='ocr_par' dir='ltr' id='par_1_68' title="bbox 888 500 1677 543">
     <span class='ocr_line' id='line_1_68' title="bbox 888 500 1677 543; baseline 0.006 -16"><span class='ocrx_word' id='word_1_476' title='bbox 888 510 944 533; x_wconf 73' lang='grc' dir='ltr'><strong>νος,</strong></span> <span class='ocrx_word' id='word_1_477' title='bbox 957 500 1016 529; x_wconf 77' lang='grc' dir='ltr'>εἶτα</span> <span class='ocrx_word' id='word_1_478' title='bbox 1030 504 1227 540; x_wconf 72' lang='grc' dir='ltr'><strong>πρεσϐύτερος.</strong></span> <span class='ocrx_word' id='word_1_479' title='bbox 1241 506 1336 533; x_wconf 76' lang='grc' dir='ltr'><strong>ἔπειτα</strong></span> <span class='ocrx_word' id='word_1_480' title='bbox 1350 508 1383 542; x_wconf 76' lang='grc' dir='ltr'><strong>τῇ</strong></span> <span class='ocrx_word' id='word_1_481' title='bbox 1398 507 1464 543; x_wconf 72' lang='grc' dir='ltr'>ἕκτῃ</span> <span class='ocrx_word' id='word_1_482' title='bbox 1481 508 1529 534; x_wconf 66' lang='grc' dir='ltr'><strong>καὶ</strong></span> <span class='ocrx_word' id='word_1_483' title='bbox 1544 507 1624 539; x_wconf 69' lang='grc' dir='ltr'>αὐτὸς</span> <span class='ocrx_word' id='word_1_484' title='bbox 1639 507 1677 542; x_wconf 82' lang='grc' dir='ltr'>τῷ</span> 
     </span>
    </p>
   </div>
   <div class='ocr_carea' id='block_1_69' title="bbox 889 547 1674 587">
    <p class='ocr_par' dir='ltr' id='par_1_69' title="bbox 889 547 1674 587">
     <span class='ocr_line' id='line_1_69' title="bbox 889 547 1674 587; baseline 0.009 -14"><span class='ocrx_word' id='word_1_485' title='bbox 889 547 1019 583; x_wconf 50' lang='lat' dir='ltr'><strong>lapsum?)</strong></span> <span class='ocrx_word' id='word_1_486' title='bbox 1036 550 1159 584; x_wconf 71' lang='grc' dir='ltr'><strong>προσὸὰς</strong></span> <span class='ocrx_word' id='word_1_487' title='bbox 1177 551 1274 586; x_wconf 79' lang='grc' dir='ltr'><strong>θρόνῳ,</strong></span> <span class='ocrx_word' id='word_1_488' title='bbox 1290 558 1341 579; x_wconf 87' lang='lat' dir='ltr'><strong>etc.</strong></span> <span class='ocrx_word' id='word_1_489' title='bbox 1359 552 1429 580; x_wconf 84' lang='lat' dir='ltr'><strong>Nam</strong></span> <span class='ocrx_word' id='word_1_490' title='bbox 1449 554 1533 587; x_wconf 85' lang='lat' dir='ltr'><strong>primo</strong></span> <span class='ocrx_word' id='word_1_491' title='bbox 1553 553 1595 580; x_wconf 78' lang='lat' dir='ltr'><strong>die</strong></span> <span class='ocrx_word' id='word_1_492' title='bbox 1617 562 1674 580; x_wconf 85' lang='lat' dir='ltr'><strong>mo-</strong></span> 
     </span>
    </p>
   </div>
   <div class='ocr_carea' id='block_1_70' title="bbox 888 594 1676 634">
    <p class='ocr_par' dir='ltr' id='par_1_70' title="bbox 888 594 1676 634">
     <span class='ocr_line' id='line_1_70' title="bbox 888 594 1676 634; baseline 0.008 -15"><span class='ocrx_word' id='word_1_493' title='bbox 888 594 987 621; x_wconf 78' lang='lat' dir='ltr'><strong>nac/tus</strong></span> <span class='ocrx_word' id='word_1_494' title='bbox 1003 603 1035 622; x_wconf 67' lang='lat' dir='ltr'><strong>ex.</strong></span> <span class='ocrx_word' id='word_1_495' title='bbox 1050 596 1131 629; x_wconf 78' lang='lat' dir='ltr'><strong>laico,</strong></span> <span class='ocrx_word' id='word_1_496' title='bbox 1146 598 1229 624; x_wconf 83' lang='lat' dir='ltr'><strong>altera</strong></span> <span class='ocrx_word' id='word_1_497' title='bbox 1246 599 1334 629; x_wconf 75' lang='lat' dir='ltr'><strong>lector,</strong></span> <span class='ocrx_word' id='word_1_498' title='bbox 1353 604 1408 626; x_wconf 90' lang='lat' dir='ltr'><strong>tum</strong></span> <span class='ocrx_word' id='word_1_499' title='bbox 1423 600 1629 634; x_wconf 78' lang='lat' dir='ltr'><strong>hypodiuronus,</strong></span> <span class='ocrx_word' id='word_1_500' title='bbox 1644 608 1676 626; x_wconf 81' lang='lat' dir='ltr'><strong>ac</strong></span> 
     </span>
    </p>
   </div>
   <div class='ocr_carea' id='block_1_71' title="bbox 886 639 1674 679">
    <p class='ocr_par' dir='ltr' id='par_1_71' title="bbox 886 639 1674 679">
     <span class='ocr_line' id='line_1_71' title="bbox 886 639 1674 679; baseline 0.008 -14"><span class='ocrx_word' id='word_1_501' title='bbox 886 639 1027 674; x_wconf 82' lang='lat' dir='ltr'><strong>diaconus,</strong></span> <span class='ocrx_word' id='word_1_502' title='bbox 1043 647 1066 668; x_wconf 88' lang='lat' dir='ltr'><strong>et</strong></span> <span class='ocrx_word' id='word_1_503' title='bbox 1082 643 1232 678; x_wconf 74' lang='lat' dir='ltr'><strong>presbyter;</strong></span> <span class='ocrx_word' id='word_1_504' title='bbox 1252 649 1326 672; x_wconf 70' lang='lat' dir='ltr'><strong>serto</strong></span> <span class='ocrx_word' id='word_1_505' title='bbox 1346 645 1439 672; x_wconf 77' lang='lat' dir='ltr'><strong>deinde</strong></span> <span class='ocrx_word' id='word_1_506' title='bbox 1455 650 1478 672; x_wconf 83' lang='lat' dir='ltr'><strong>et</strong></span> <span class='ocrx_word' id='word_1_507' title='bbox 1497 646 1551 679; x_wconf 77' lang='lat' dir='ltr'><strong>ipse</strong></span> <span class='ocrx_word' id='word_1_508' title='bbox 1569 654 1674 672; x_wconf 75' lang='lat' dir='ltr'><strong>sacrum</strong></span> 
     </span>
    </p>
   </div>
   <div class='ocr_carea' id='block_1_72' title="bbox 886 688 1672 724">
    <p class='ocr_par' dir='ltr' id='par_1_72' title="bbox 886 688 1672 724">
     <span class='ocr_line' id='line_1_72' title="bbox 886 688 1672 724; baseline 0.008 -14"><span class='ocrx_word' id='word_1_509' title='bbox 886 688 1060 713; x_wconf 75' lang='lat' dir='ltr'><strong>conscendens</strong></span> <span class='ocrx_word' id='word_1_510' title='bbox 1074 689 1203 719; x_wconf 77' lang='lat' dir='ltr'><strong>tribunal,</strong></span> <span class='ocrx_word' id='word_1_511' title='bbox 1215 695 1268 716; x_wconf 85' lang='lat' dir='ltr'><strong>etc.</strong></span> <span class='ocrx_word' id='word_1_512' title='bbox 1283 689 1372 717; x_wconf 87' lang='lat' dir='ltr'><strong>llabeo</strong></span> <span class='ocrx_word' id='word_1_513' title='bbox 1386 694 1514 724; x_wconf 66' lang='lat' dir='ltr'><strong>praterea</strong></span> <span class='ocrx_word' id='word_1_514' title='bbox 1531 690 1672 724; x_wconf 82' lang='lat' dir='ltr'><strong>epistolam</strong></span> 
     </span>
    </p>
   </div>
   <div class='ocr_carea' id='block_1_73' title="bbox 885 731 1672 771">
    <p class='ocr_par' dir='ltr' id='par_1_73' title="bbox 885 731 1672 771">
     <span class='ocr_line' id='line_1_73' title="bbox 885 731 1672 771; baseline 0.006 -14"><span class='ocrx_word' id='word_1_515' title='bbox 885 731 1006 765; x_wconf 76' lang='lat' dir='ltr'><strong>ejusdem</strong></span> <span class='ocrx_word' id='word_1_516' title='bbox 1023 733 1112 762; x_wconf 81' lang='lat' dir='ltr'><strong>Photii</strong></span> <span class='ocrx_word' id='word_1_517' title='bbox 1131 734 1158 762; x_wconf 91' lang='lat' dir='ltr'><strong>in</strong></span> <span class='ocrx_word' id='word_1_518' title='bbox 1175 735 1294 763; x_wconf 85' lang='lat' dir='ltr'><strong>Siciliam</strong></span> <span class='ocrx_word' id='word_1_519' title='bbox 1313 737 1460 771; x_wconf 81' lang='lat' dir='ltr'><strong>scriptam,</strong></span> <span class='ocrx_word' id='word_1_520' title='bbox 1475 737 1553 771; x_wconf 85' lang='lat' dir='ltr'><strong>cujus</strong></span> <span class='ocrx_word' id='word_1_521' title='bbox 1577 733 1672 763; x_wconf 60' lang='lat' dir='ltr'><strong>inscri-</strong></span> 
     </span>
    </p>
   </div>
   <div class='ocr_carea' id='block_1_74' title="bbox 884 778 1672 818">
    <p class='ocr_par' dir='ltr' id='par_1_74' title="bbox 884 778 1672 818">
     <span class='ocr_line' id='line_1_74' title="bbox 884 778 1672 818; baseline 0.005 -14"><span class='ocrx_word' id='word_1_522' title='bbox 884 778 949 812; x_wconf 90' lang='lat' dir='ltr'><strong>ptio,</strong></span> <span class='ocrx_word' id='word_1_523' title='bbox 967 779 1098 814; x_wconf 78' lang='grc' dir='ltr'>Θεοφάνει</span> <span class='ocrx_word' id='word_1_524' title='bbox 1115 781 1268 815; x_wconf 77' lang='grc' dir='ltr'><strong>μονάζοντι,</strong></span> <span class='ocrx_word' id='word_1_525' title='bbox 1286 791 1365 817; x_wconf 86' lang='lat' dir='ltr'><strong>quem</strong></span> <span class='ocrx_word' id='word_1_526' title='bbox 1382 783 1468 818; x_wconf 71' lang='lat' dir='ltr'><strong>ipsum</strong></span> <span class='ocrx_word' id='word_1_527' title='bbox 1483 784 1672 817; x_wconf 79' lang='lat' dir='ltr'><strong>Theophanem</strong></span> 
     </span>
    </p>
   </div>
   <div class='ocr_carea' id='block_1_75' title="bbox 886 829 1673 863">
    <p class='ocr_par' dir='ltr' id='par_1_75' title="bbox 886 829 1673 863">
     <span class='ocr_line' id='line_1_75' title="bbox 886 829 1673 863; baseline 0.006 -13"><span class='ocrx_word' id='word_1_528' title='bbox 886 829 1006 851; x_wconf 87' lang='lat' dir='ltr'><strong>nostrum</strong></span> <span class='ocrx_word' id='word_1_529' title='bbox 1041 833 1103 854; x_wconf 65' lang='lat' dir='ltr'><strong>esse</strong></span> <span class='ocrx_word' id='word_1_530' title='bbox 1135 835 1167 854; x_wconf 74' lang='lat' dir='ltr'><strong>ex</strong></span> <span class='ocrx_word' id='word_1_531' title='bbox 1200 829 1305 855; x_wconf 81' lang='lat' dir='ltr'><strong>ratione</strong></span> <span class='ocrx_word' id='word_1_532' title='bbox 1340 835 1490 863; x_wconf 87' lang='lat' dir='ltr'><strong>temporunt</strong></span> <span class='ocrx_word' id='word_1_533' title='bbox 1527 830 1673 863; x_wconf 80' lang='lat' dir='ltr'><strong>multisque</strong></span> 
     </span>
    </p>
   </div>
   <div class='ocr_carea' id='block_1_76' title="bbox 884 873 1672 909">
    <p class='ocr_par' dir='ltr' id='par_1_76' title="bbox 884 873 1672 909">
     <span class='ocr_line' id='line_1_76' title="bbox 884 873 1672 909; baseline 0.008 -13"><span class='ocrx_word' id='word_1_534' title='bbox 884 875 1002 897; x_wconf 84' lang='lat' dir='ltr'><strong>astruam</strong></span> <span class='ocrx_word' id='word_1_535' title='bbox 1024 873 1201 908; x_wconf 65' lang='lat' dir='ltr'><strong>conjecturis,</strong></span> <span class='ocrx_word' id='word_1_536' title='bbox 1218 876 1395 909; x_wconf 86' lang='lat' dir='ltr'><strong>eamdemque</strong></span> <span class='ocrx_word' id='word_1_537' title='bbox 1413 876 1482 902; x_wconf 86' lang='lat' dir='ltr'><strong>dabo</strong></span> <span class='ocrx_word' id='word_1_538' title='bbox 1501 875 1570 902; x_wconf 80' lang='lat' dir='ltr'><strong>inira</strong></span> <span class='ocrx_word' id='word_1_539' title='bbox 1591 876 1604 909; x_wconf 52' lang='grc' dir='ltr'>ᾗ</span> <span class='ocrx_word' id='word_1_540' title='bbox 1627 883 1672 902; x_wconf 80' lang='lat' dir='ltr'><strong>se-</strong></span> 
     </span>
    </p>
   </div>
   <div class='ocr_carea' id='block_1_77' title="bbox 872 916 1671 949">
    <p class='ocr_par' dir='ltr' id='par_1_77' title="bbox 872 916 1671 949">
     <span class='ocr_line' id='line_1_77' title="bbox 872 916 1671 949; baseline 0.005 -7"><span class='ocrx_word' id='word_1_541' title='bbox 872 917 985 949; x_wconf 78' lang='lat' dir='ltr'><strong>‘quenti.</strong></span> <span class='ocrx_word' id='word_1_542' title='bbox 1004 916 1078 945; x_wconf 78' lang='lat' dir='ltr'><strong>lianc</strong></span> <span class='ocrx_word' id='word_1_543' title='bbox 1101 921 1322 947; x_wconf 85' lang='lat' dir='ltr'><strong>censuetudinem</strong></span> <span class='ocrx_word' id='word_1_544' title='bbox 1348 921 1464 948; x_wconf 86' lang='lat' dir='ltr'><strong>retinent</strong></span> <span class='ocrx_word' id='word_1_545' title='bbox 1487 922 1567 948; x_wconf 89' lang='lat' dir='ltr'><strong>ctiaut</strong></span> <span class='ocrx_word' id='word_1_546' title='bbox 1592 921 1671 947; x_wconf 75' lang='lat' dir='ltr'><strong>hodie</strong></span> 
     </span>
    </p>
   </div>
   <div class='ocr_carea' id='block_1_78' title="bbox 883 962 1670 1003">
    <p class='ocr_par' dir='ltr' id='par_1_78' title="bbox 883 962 1670 1003">
     <span class='ocr_line' id='line_1_78' title="bbox 883 962 1670 1003; baseline 0.005 -14"><span class='ocrx_word' id='word_1_547' title='bbox 883 962 981 997; x_wconf 59' lang='grc' dir='ltr'><strong>(ἰαυοῖ,</strong></span> <span class='ocrx_word' id='word_1_548' title='bbox 996 969 1024 991; x_wconf 88' lang='lat' dir='ltr'><strong>ttt</strong></span> <span class='ocrx_word' id='word_1_549' title='bbox 1038 973 1070 993; x_wconf 84' lang='lat' dir='ltr'><strong>ex</strong></span> <span class='ocrx_word' id='word_1_550' title='bbox 1088 967 1280 994; x_wconf 87' lang='lat' dir='ltr'><strong>monachorum</strong></span> <span class='ocrx_word' id='word_1_551' title='bbox 1297 972 1367 996; x_wconf 71' lang='lat' dir='ltr'><strong>emfu</strong></span> <span class='ocrx_word' id='word_1_552' title='bbox 1384 969 1523 1003; x_wconf 75' lang='lat' dir='ltr'><strong>episcopos</strong></span> <span class='ocrx_word' id='word_1_553' title='bbox 1539 968 1670 1003; x_wconf 72' lang='lat' dir='ltr'><strong>deligant,</strong></span> 
     </span>
    </p>
   </div>
   <div class='ocr_carea' id='block_1_79' title="bbox 882 1013 1668 1048">
    <p class='ocr_par' dir='ltr' id='par_1_79' title="bbox 882 1013 1668 1048">
     <span class='ocr_line' id='line_1_79' title="bbox 882 1013 1668 1048; baseline 0.004 -11"><span class='ocrx_word' id='word_1_554' title='bbox 882 1015 908 1037; x_wconf 86' lang='lat' dir='ltr'><strong>et</strong></span> <span class='ocrx_word' id='word_1_555' title='bbox 941 1019 1038 1040; x_wconf 84' lang='lat' dir='ltr'><strong>nomen</strong></span> <span class='ocrx_word' id='word_1_556' title='bbox 1071 1013 1097 1039; x_wconf 94' lang='lat' dir='ltr'><strong>in</strong></span> <span class='ocrx_word' id='word_1_557' title='bbox 1131 1014 1299 1048; x_wconf 64' lang='lat' dir='ltr'><strong>professione</strong></span> <span class='ocrx_word' id='word_1_558' title='bbox 1324 1016 1386 1042; x_wconf 78' lang='lat' dir='ltr'><strong>vitae</strong></span> <span class='ocrx_word' id='word_1_559' title='bbox 1416 1016 1572 1042; x_wconf 74' lang='lat' dir='ltr'><strong>tuonastirm</strong></span> <span class='ocrx_word' id='word_1_560' title='bbox 1598 1015 1668 1041; x_wconf 80' lang='lat' dir='ltr'><strong>sult-</strong></span> 
     </span>
    </p>
   </div>
   <div class='ocr_carea' id='block_1_80' title="bbox 883 1058 1668 1096">
    <p class='ocr_par' dir='ltr' id='par_1_80' title="bbox 883 1058 1668 1096">
     <span class='ocr_line' id='line_1_80' title="bbox 883 1058 1668 1096; baseline 0.008 -14"><span class='ocrx_word' id='word_1_561' title='bbox 883 1062 1002 1090; x_wconf 85' lang='lat' dir='ltr'><strong>mutent;</strong></span> <span class='ocrx_word' id='word_1_562' title='bbox 1021 1060 1092 1094; x_wconf 88' lang='lat' dir='ltr'><strong>qttod</strong></span> <span class='ocrx_word' id='word_1_563' title='bbox 1108 1067 1141 1087; x_wconf 86' lang='lat' dir='ltr'><strong>ex</strong></span> <span class='ocrx_word' id='word_1_564' title='bbox 1159 1061 1224 1095; x_wconf 88' lang='lat' dir='ltr'><strong>ipsis</strong></span> <span class='ocrx_word' id='word_1_565' title='bbox 1239 1066 1345 1096; x_wconf 77' lang='lat' dir='ltr'><strong>egomet</strong></span> <span class='ocrx_word' id='word_1_566' title='bbox 1359 1058 1405 1089; x_wconf 82' lang='lat' dir='ltr'><strong>ore</strong></span> <span class='ocrx_word' id='word_1_567' title='bbox 1421 1067 1547 1089; x_wconf 86' lang='lat' dir='ltr'><strong>testatum</strong></span> <span class='ocrx_word' id='word_1_568' title='bbox 1566 1061 1668 1094; x_wconf 80' lang='lat' dir='ltr'><strong>accepi.</strong></span> 
     </span>
    </p>
   </div>
   <div class='ocr_carea' id='block_1_81' title="bbox 881 1103 1668 1143">
    <p class='ocr_par' dir='ltr' id='par_1_81' title="bbox 881 1103 1668 1143">
     <span class='ocr_line' id='line_1_81' title="bbox 881 1103 1668 1143; baseline 0.005 -13"><span class='ocrx_word' id='word_1_569' title='bbox 881 1103 1016 1132; x_wconf 80' lang='lat' dir='ltr'><strong>Addidere</strong></span> <span class='ocrx_word' id='word_1_570' title='bbox 1033 1113 1097 1133; x_wconf 82' lang='lat' dir='ltr'><strong>vero</strong></span> <span class='ocrx_word' id='word_1_571' title='bbox 1119 1107 1151 1134; x_wconf 88' lang='lat' dir='ltr'><strong>ad</strong></span> <span class='ocrx_word' id='word_1_572' title='bbox 1172 1109 1392 1136; x_wconf 81' lang='lat' dir='ltr'><strong>consuetudinem</strong></span> <span class='ocrx_word' id='word_1_573' title='bbox 1414 1109 1553 1143; x_wconf 85' lang='lat' dir='ltr'><strong>antiquam</strong></span> <span class='ocrx_word' id='word_1_574' title='bbox 1574 1109 1668 1134; x_wconf 81' lang='lat' dir='ltr'><strong>obser-</strong></span> 
     </span>
    </p>
   </div>
   <div class='ocr_carea' id='block_1_82' title="bbox 881 1151 1668 1189">
    <p class='ocr_par' dir='ltr' id='par_1_82' title="bbox 881 1151 1668 1189">
     <span class='ocr_line' id='line_1_82' title="bbox 881 1151 1668 1189; baseline 0.005 -12"><span class='ocrx_word' id='word_1_575' title='bbox 881 1151 1017 1179; x_wconf 87' lang='lat' dir='ltr'><strong>vationem</strong></span> <span class='ocrx_word' id='word_1_576' title='bbox 1032 1160 1140 1185; x_wconf 86' lang='lat' dir='ltr'><strong>novam,</strong></span> <span class='ocrx_word' id='word_1_577' title='bbox 1155 1158 1184 1180; x_wconf 88' lang='lat' dir='ltr'><strong>ut</strong></span> <span class='ocrx_word' id='word_1_578' title='bbox 1198 1154 1291 1181; x_wconf 81' lang='lat' dir='ltr'><strong>eadem</strong></span> <span class='ocrx_word' id='word_1_579' title='bbox 1308 1155 1395 1182; x_wconf 87' lang='lat' dir='ltr'><strong>littera</strong></span> <span class='ocrx_word' id='word_1_580' title='bbox 1413 1159 1556 1189; x_wconf 84' lang='lat' dir='ltr'><strong>utrumque</strong></span> <span class='ocrx_word' id='word_1_581' title='bbox 1572 1163 1668 1182; x_wconf 82' lang='lat' dir='ltr'><strong>nomen</strong></span> 
     </span>
    </p>
   </div>
   <div class='ocr_carea' id='block_1_83' title="bbox 881 1197 1669 1233">
    <p class='ocr_par' dir='ltr' id='par_1_83' title="bbox 881 1197 1669 1233">
     <span class='ocr_line' id='line_1_83' title="bbox 881 1197 1669 1233; baseline 0.005 -9"><span class='ocrx_word' id='word_1_582' title='bbox 881 1197 1063 1233; x_wconf 88' lang='lat' dir='ltr'><strong>incipiendum</strong></span> <span class='ocrx_word' id='word_1_583' title='bbox 1085 1200 1137 1232; x_wconf 90' lang='lat' dir='ltr'><strong>sit,</strong></span> <span class='ocrx_word' id='word_1_584' title='bbox 1153 1204 1209 1227; x_wconf 87' lang='lat' dir='ltr'><strong>tum</strong></span> <span class='ocrx_word' id='word_1_585' title='bbox 1227 1205 1305 1228; x_wconf 73' lang='lat' dir='ltr'><strong>vrtus</strong></span> <span class='ocrx_word' id='word_1_586' title='bbox 1324 1205 1379 1228; x_wconf 90' lang='lat' dir='ltr'><strong>tum</strong></span> <span class='ocrx_word' id='word_1_587' title='bbox 1399 1209 1507 1229; x_wconf 85' lang='lat' dir='ltr'><strong>novum.</strong></span> <span class='ocrx_word' id='word_1_588' title='bbox 1525 1202 1577 1229; x_wconf 83' lang='lat' dir='ltr'><strong>Sed</strong></span> <span class='ocrx_word' id='word_1_589' title='bbox 1598 1202 1669 1228; x_wconf 83' lang='lat' dir='ltr'><strong>hunc</strong></span> 
     </span>
    </p>
   </div>
   <div class='ocr_carea' id='block_1_84' title="bbox 881 1245 1672 1282">
    <p class='ocr_par' dir='ltr' id='par_1_84' title="bbox 881 1245 1672 1282">
     <span class='ocr_line' id='line_1_84' title="bbox 881 1245 1672 1282; baseline 0.005 -12"><span class='ocrx_word' id='word_1_590' title='bbox 881 1252 933 1271; x_wconf 89' lang='lat' dir='ltr'><strong>non</strong></span> <span class='ocrx_word' id='word_1_591' title='bbox 948 1245 1030 1272; x_wconf 81' lang='lat' dir='ltr'><strong>fuisse</strong></span> <span class='ocrx_word' id='word_1_592' title='bbox 1042 1253 1145 1273; x_wconf 88' lang='lat' dir='ltr'><strong>morem</strong></span> <span class='ocrx_word' id='word_1_593' title='bbox 1159 1247 1329 1281; x_wconf 86' lang='lat' dir='ltr'><strong>superiorum</strong></span> <span class='ocrx_word' id='word_1_594' title='bbox 1346 1253 1496 1282; x_wconf 86' lang='lat' dir='ltr'><strong>temporum</strong></span> <span class='ocrx_word' id='word_1_595' title='bbox 1508 1248 1564 1282; x_wconf 84' lang='lat' dir='ltr'><strong>jam</strong></span> <span class='ocrx_word' id='word_1_596' title='bbox 1578 1255 1672 1274; x_wconf 81' lang='lat' dir='ltr'><strong>exeru-</strong></span> 
     </span>
    </p>
   </div>
   <div class='ocr_carea' id='block_1_85' title="bbox 880 1290 1666 1327">
    <p class='ocr_par' dir='ltr' id='par_1_85' title="bbox 880 1290 1666 1327">
     <span class='ocr_line' id='line_1_85' title="bbox 880 1290 1666 1327; baseline 0.006 -11"><span class='ocrx_word' id='word_1_597' title='bbox 880 1290 925 1324; x_wconf 89' lang='lat' dir='ltr'><strong>plo</strong></span> <span class='ocrx_word' id='word_1_598' title='bbox 938 1290 1023 1324; x_wconf 89' lang='lat' dir='ltr'><strong>ipsius</strong></span> <span class='ocrx_word' id='word_1_599' title='bbox 1041 1290 1070 1318; x_wconf 91' lang='lat' dir='ltr'><strong>S.</strong></span> <span class='ocrx_word' id='word_1_600' title='bbox 1085 1291 1182 1325; x_wconf 77' lang='lat' dir='ltr'><strong>lgnatii</strong></span> <span class='ocrx_word' id='word_1_601' title='bbox 1200 1297 1318 1324; x_wconf 88' lang='lat' dir='ltr'><strong>constat,</strong></span> <span class='ocrx_word' id='word_1_602' title='bbox 1331 1293 1408 1327; x_wconf 90' lang='lat' dir='ltr'><strong>cujus</strong></span> <span class='ocrx_word' id='word_1_603' title='bbox 1422 1293 1531 1320; x_wconf 86' lang='lat' dir='ltr'><strong>nomina</strong></span> <span class='ocrx_word' id='word_1_604' title='bbox 1548 1293 1666 1326; x_wconf 84' lang='lat' dir='ltr'><strong>Nicetas,</strong></span> 
     </span>
    </p>
   </div>
   <div class='ocr_carea' id='block_1_86' title="bbox 879 1337 1666 1374">
    <p class='ocr_par' dir='ltr' id='par_1_86' title="bbox 879 1337 1666 1374">
     <span class='ocr_line' id='line_1_86' title="bbox 879 1337 1666 1374; baseline 0.004 -11"><span class='ocrx_word' id='word_1_605' title='bbox 879 1343 906 1364; x_wconf 89' lang='lat' dir='ltr'><strong>et</strong></span> <span class='ocrx_word' id='word_1_606' title='bbox 927 1337 1058 1372; x_wconf 77' lang='lat' dir='ltr'><strong>lgnatius,</strong></span> <span class='ocrx_word' id='word_1_607' title='bbox 1076 1338 1139 1365; x_wconf 89' lang='lat' dir='ltr'><strong>illud</strong></span> <span class='ocrx_word' id='word_1_608' title='bbox 1159 1339 1356 1374; x_wconf 77' lang='lat' dir='ltr'><strong>primogeuium</strong></span> <span class='ocrx_word' id='word_1_609' title='bbox 1379 1341 1429 1367; x_wconf 89' lang='lat' dir='ltr'><strong>hoe</strong></span> <span class='ocrx_word' id='word_1_610' title='bbox 1450 1341 1574 1368; x_wconf 89' lang='lat' dir='ltr'><strong>ascitum.</strong></span> <span class='ocrx_word' id='word_1_611' title='bbox 1592 1341 1666 1373; x_wconf 82' lang='lat' dir='ltr'><strong>Quod</strong></span> 
     </span>
    </p>
   </div>
   <div class='ocr_carea' id='block_1_87' title="bbox 878 1384 1667 1422">
    <p class='ocr_par' dir='ltr' id='par_1_87' title="bbox 878 1384 1667 1422">
     <span class='ocr_line' id='line_1_87' title="bbox 878 1384 1667 1422; baseline 0.005 -12"><span class='ocrx_word' id='word_1_612' title='bbox 878 1387 905 1410; x_wconf 88' lang='lat' dir='ltr'><strong>et</strong></span> <span class='ocrx_word' id='word_1_613' title='bbox 920 1384 1035 1412; x_wconf 85' lang='lat' dir='ltr'><strong>advertit</strong></span> <span class='ocrx_word' id='word_1_614' title='bbox 1048 1384 1176 1412; x_wconf 83' lang='lat' dir='ltr'><strong>Octavius</strong></span> <span class='ocrx_word' id='word_1_615' title='bbox 1192 1386 1328 1414; x_wconf 86' lang='lat' dir='ltr'><strong>Cactanus</strong></span> <span class='ocrx_word' id='word_1_616' title='bbox 1345 1387 1371 1413; x_wconf 94' lang='lat' dir='ltr'><strong>in</strong></span> <span class='ocrx_word' id='word_1_617' title='bbox 1391 1387 1500 1415; x_wconf 85' lang='lat' dir='ltr'><strong>schedis</strong></span> <span class='ocrx_word' id='word_1_618' title='bbox 1518 1395 1582 1415; x_wconf 90' lang='lat' dir='ltr'><strong>mss.</strong></span> <span class='ocrx_word' id='word_1_619' title='bbox 1599 1395 1667 1422; x_wconf 84' lang='lat' dir='ltr'><strong>quas</strong></span> 
     </span>
    </p>
   </div>
   <div class='ocr_carea' id='block_1_88' title="bbox 878 1430 1667 1467">
    <p class='ocr_par' dir='ltr' id='par_1_88' title="bbox 878 1430 1667 1467">
     <span class='ocr_line' id='line_1_88' title="bbox 878 1430 1667 1467; baseline 0.004 -10"><span class='ocrx_word' id='word_1_620' title='bbox 878 1437 928 1463; x_wconf 72' lang='lat' dir='ltr'><strong>ego</strong></span> <span class='ocrx_word' id='word_1_621' title='bbox 956 1430 1016 1465; x_wconf 75' lang='lat' dir='ltr'><strong>legi.</strong></span> <span class='ocrx_word' id='word_1_622' title='bbox 1038 1430 1096 1459; x_wconf 92' lang='lat' dir='ltr'><strong>Non</strong></span> <span class='ocrx_word' id='word_1_623' title='bbox 1113 1431 1193 1466; x_wconf 79' lang='lat' dir='ltr'><strong>igitur</strong></span> <span class='ocrx_word' id='word_1_624' title='bbox 1217 1439 1248 1459; x_wconf 86' lang='lat' dir='ltr'><strong>ex</strong></span> <span class='ocrx_word' id='word_1_625' title='bbox 1277 1433 1326 1460; x_wconf 83' lang='lat' dir='ltr'><strong>hac</strong></span> <span class='ocrx_word' id='word_1_626' title='bbox 1351 1440 1452 1467; x_wconf 79' lang='lat' dir='ltr'><strong>nupera</strong></span> <span class='ocrx_word' id='word_1_627' title='bbox 1479 1433 1667 1461; x_wconf 82' lang='lat' dir='ltr'><strong>observatione</strong></span> 
     </span>
    </p>
   </div>
   <div class='ocr_carea' id='block_1_89' title="bbox 877 1476 1666 1510">
    <p class='ocr_par' dir='ltr' id='par_1_89' title="bbox 877 1476 1666 1510">
     <span class='ocr_line' id='line_1_89' title="bbox 877 1476 1666 1510; baseline 0.005 -6"><span class='ocrx_word' id='word_1_628' title='bbox 877 1476 1050 1510; x_wconf 71' lang='lat' dir='ltr'><strong>Grmcorum,</strong></span> <span class='ocrx_word' id='word_1_629' title='bbox 1068 1477 1111 1505; x_wconf 85' lang='lat' dir='ltr'><strong>vel</strong></span> <span class='ocrx_word' id='word_1_630' title='bbox 1134 1482 1209 1507; x_wconf 85' lang='lat' dir='ltr'><strong>certe</strong></span> <span class='ocrx_word' id='word_1_631' title='bbox 1233 1487 1286 1506; x_wconf 91' lang='lat' dir='ltr'><strong>non</strong></span> <span class='ocrx_word' id='word_1_632' title='bbox 1311 1481 1445 1507; x_wconf 78' lang='lat' dir='ltr'><strong>Constanti</strong></span> <span class='ocrx_word' id='word_1_633' title='bbox 1472 1481 1666 1508; x_wconf 87' lang='lat' dir='ltr'><strong>consuetudine</strong></span> 
     </span>
    </p>
   </div>
   <div class='ocr_carea' id='block_1_90' title="bbox 878 1523 1667 1560">
    <p class='ocr_par' dir='ltr' id='par_1_90' title="bbox 878 1523 1667 1560">
     <span class='ocr_line' id='line_1_90' title="bbox 878 1523 1667 1560; baseline 0.005 -11"><span class='ocrx_word' id='word_1_634' title='bbox 878 1523 1059 1551; x_wconf 80' lang='lat' dir='ltr'><strong>infirmahitur</strong></span> <span class='ocrx_word' id='word_1_635' title='bbox 1073 1529 1166 1552; x_wconf 84' lang='lat' dir='ltr'><strong>nostra</strong></span> <span class='ocrx_word' id='word_1_636' title='bbox 1181 1526 1350 1560; x_wconf 83' lang='lat' dir='ltr'><strong>conjectura,</strong></span> <span class='ocrx_word' id='word_1_637' title='bbox 1365 1527 1386 1553; x_wconf 88' lang='lat' dir='ltr'><strong>si</strong></span> <span class='ocrx_word' id='word_1_638' title='bbox 1401 1526 1524 1560; x_wconf 82' lang='lat' dir='ltr'><strong>Gregorii</strong></span> <span class='ocrx_word' id='word_1_639' title='bbox 1538 1531 1565 1553; x_wconf 92' lang='lat' dir='ltr'><strong>et</strong></span> <span class='ocrx_word' id='word_1_640' title='bbox 1578 1526 1667 1553; x_wconf 86' lang='lat' dir='ltr'><strong>Theo-</strong></span> 
     </span>
    </p>
   </div>
   <div class='ocr_carea' id='block_1_91' title="bbox 877 1569 1664 1607">
    <p class='ocr_par' dir='ltr' id='par_1_91' title="bbox 877 1569 1664 1607">
     <span class='ocr_line' id='line_1_91' title="bbox 877 1569 1664 1607; baseline 0.005 -12"><span class='ocrx_word' id='word_1_641' title='bbox 877 1569 975 1604; x_wconf 89' lang='lat' dir='ltr'><strong>phanis</strong></span> <span class='ocrx_word' id='word_1_642' title='bbox 1001 1571 1111 1598; x_wconf 87' lang='lat' dir='ltr'><strong>nomina</strong></span> <span class='ocrx_word' id='word_1_643' title='bbox 1137 1572 1259 1599; x_wconf 84' lang='lat' dir='ltr'><strong>eamdem</strong></span> <span class='ocrx_word' id='word_1_644' title='bbox 1286 1572 1404 1599; x_wconf 87' lang='lat' dir='ltr'><strong>litteram</strong></span> <span class='ocrx_word' id='word_1_645' title='bbox 1434 1573 1584 1607; x_wconf 89' lang='lat' dir='ltr'><strong>principem</strong></span> <span class='ocrx_word' id='word_1_646' title='bbox 1611 1580 1664 1599; x_wconf 83' lang='lat' dir='ltr'><strong>non</strong></span> 
     </span>
    </p>
   </div>
   <div class='ocr_carea' id='block_1_92' title="bbox 877 1615 1664 1652">
    <p class='ocr_par' dir='ltr' id='par_1_92' title="bbox 877 1615 1664 1652">
     <span class='ocr_line' id='line_1_92' title="bbox 877 1615 1664 1652; baseline 0.003 -10"><span class='ocrx_word' id='word_1_647' title='bbox 877 1615 1005 1643; x_wconf 83' lang='lat' dir='ltr'><strong>habeant.</strong></span> <span class='ocrx_word' id='word_1_648' title='bbox 1033 1615 1070 1643; x_wconf 91' lang='lat' dir='ltr'><strong>De</strong></span> <span class='ocrx_word' id='word_1_649' title='bbox 1107 1617 1187 1643; x_wconf 89' lang='lat' dir='ltr'><strong>tertio</strong></span> <span class='ocrx_word' id='word_1_650' title='bbox 1220 1617 1347 1649; x_wconf 82' lang='lat' dir='ltr'><strong>nomine,</strong></span> <span class='ocrx_word' id='word_1_651' title='bbox 1375 1617 1416 1644; x_wconf 87' lang='lat' dir='ltr'><strong>ctti</strong></span> <span class='ocrx_word' id='word_1_652' title='bbox 1453 1617 1592 1652; x_wconf 58' lang='lat' dir='ltr'><strong>inscripta}</strong></span> <span class='ocrx_word' id='word_1_653' title='bbox 1624 1617 1664 1644; x_wconf 76' lang='lat' dir='ltr'><strong>ha:</strong></span> 
     </span>
    </p>
   </div>
   <div class='ocr_carea' id='block_1_93' title="bbox 877 1662 1665 1698">
    <p class='ocr_par' dir='ltr' id='par_1_93' title="bbox 877 1662 1665 1698">
     <span class='ocr_line' id='line_1_93' title="bbox 877 1662 1665 1698; baseline 0.003 -10"><span class='ocrx_word' id='word_1_654' title='bbox 877 1662 1008 1694; x_wconf 71' lang='lat' dir='ltr'><strong>homiliae,</strong></span> <span class='ocrx_word' id='word_1_655' title='bbox 1027 1662 1154 1690; x_wconf 89' lang='lat' dir='ltr'><strong>nimirum</strong></span> <span class='ocrx_word' id='word_1_656' title='bbox 1184 1663 1306 1698; x_wconf 82' lang='lat' dir='ltr'><strong>Philippo</strong></span> <span class='ocrx_word' id='word_1_657' title='bbox 1330 1663 1482 1696; x_wconf 85' lang='lat' dir='ltr'><strong>Ccramita,</strong></span> <span class='ocrx_word' id='word_1_658' title='bbox 1500 1671 1584 1698; x_wconf 80' lang='lat' dir='ltr'><strong>pauca</strong></span> <span class='ocrx_word' id='word_1_659' title='bbox 1607 1662 1665 1697; x_wconf 87' lang='lat' dir='ltr'><strong>jam</strong></span> 
     </span>
    </p>
   </div>
   <div class='ocr_carea' id='block_1_94' title="bbox 877 1707 1664 1743">
    <p class='ocr_par' dir='ltr' id='par_1_94' title="bbox 877 1707 1664 1743">
     <span class='ocr_line' id='line_1_94' title="bbox 877 1707 1664 1743; baseline 0.003 -9"><span class='ocrx_word' id='word_1_660' title='bbox 877 1707 974 1734; x_wconf 70' lang='lat' dir='ltr'><strong>(licam.</strong></span> <span class='ocrx_word' id='word_1_661' title='bbox 999 1708 1086 1742; x_wconf 89' lang='lat' dir='ltr'><strong>Atque</strong></span> <span class='ocrx_word' id='word_1_662' title='bbox 1121 1709 1147 1735; x_wconf 90' lang='lat' dir='ltr'><strong>iu</strong></span> <span class='ocrx_word' id='word_1_663' title='bbox 1183 1709 1278 1743; x_wconf 85' lang='lat' dir='ltr'><strong>primis</strong></span> <span class='ocrx_word' id='word_1_664' title='bbox 1311 1709 1361 1736; x_wconf 87' lang='lat' dir='ltr'><strong>hoc</strong></span> <span class='ocrx_word' id='word_1_665' title='bbox 1396 1715 1494 1736; x_wconf 85' lang='lat' dir='ltr'><strong>nomen</strong></span> <span class='ocrx_word' id='word_1_666' title='bbox 1529 1709 1555 1736; x_wconf 88' lang='lat' dir='ltr'><strong>in</strong></span> <span class='ocrx_word' id='word_1_667' title='bbox 1590 1709 1664 1736; x_wconf 88' lang='lat' dir='ltr'><strong>nttllo</strong></span> 
     </span>
    </p>
   </div>
   <div class='ocr_carea' id='block_1_95' title="bbox 877 1754 1662 1790">
    <p class='ocr_par' dir='ltr' id='par_1_95' title="bbox 877 1754 1662 1790">
     <span class='ocr_line' id='line_1_95' title="bbox 877 1754 1662 1790; baseline 0 -9"><span class='ocrx_word' id='word_1_668' title='bbox 877 1754 968 1781; x_wconf 83' lang='lat' dir='ltr'><strong>codice</strong></span> <span class='ocrx_word' id='word_1_669' title='bbox 1001 1755 1215 1788; x_wconf 85' lang='lat' dir='ltr'><strong>manuscriptum</strong></span> <span class='ocrx_word' id='word_1_670' title='bbox 1245 1756 1294 1790; x_wconf 70' lang='lat' dir='ltr'><strong>legi</strong></span> <span class='ocrx_word' id='word_1_671' title='bbox 1322 1763 1415 1783; x_wconf 80' lang='lat' dir='ltr'><strong>eorum</strong></span> <span class='ocrx_word' id='word_1_672' title='bbox 1438 1764 1507 1790; x_wconf 80' lang='lat' dir='ltr'><strong>quos</strong></span> <span class='ocrx_word' id='word_1_673' title='bbox 1531 1757 1662 1783; x_wconf 73' lang='lat' dir='ltr'><strong>hactenus</strong></span> 
     </span>
    </p>
   </div>
   <div class='ocr_carea' id='block_1_96' title="bbox 876 1801 1663 1835">
    <p class='ocr_par' dir='ltr' id='par_1_96' title="bbox 876 1801 1663 1835">
     <span class='ocr_line' id='line_1_96' title="bbox 876 1801 1663 1835; baseline 0.005 -11"><span class='ocrx_word' id='word_1_674' title='bbox 876 1803 983 1826; x_wconf 77' lang='lat' dir='ltr'><strong>exstare</strong></span> <span class='ocrx_word' id='word_1_675' title='bbox 1013 1801 1130 1835; x_wconf 84' lang='lat' dir='ltr'><strong>comperi</strong></span> <span class='ocrx_word' id='word_1_676' title='bbox 1159 1801 1185 1827; x_wconf 92' lang='lat' dir='ltr'><strong>in</strong></span> <span class='ocrx_word' id='word_1_677' title='bbox 1211 1801 1381 1828; x_wconf 85' lang='lat' dir='ltr'><strong>bibliothecis</strong></span> <span class='ocrx_word' id='word_1_678' title='bbox 1411 1802 1540 1835; x_wconf 77' lang='lat' dir='ltr'><strong>Europzc,</strong></span> <span class='ocrx_word' id='word_1_679' title='bbox 1566 1801 1663 1834; x_wconf 87' lang='lat' dir='ltr'><strong>quibus</strong></span> 
     </span>
    </p>
   </div>
   <div class='ocr_carea' id='block_1_97' title="bbox 875 1844 1663 1879">
    <p class='ocr_par' dir='ltr' id='par_1_97' title="bbox 875 1844 1663 1879">
     <span class='ocr_line' id='line_1_97' title="bbox 875 1844 1663 1879; baseline 0.001 -10"><span class='ocrx_word' id='word_1_680' title='bbox 875 1844 1045 1877; x_wconf 86' lang='lat' dir='ltr'><strong>potissimum</strong></span> <span class='ocrx_word' id='word_1_681' title='bbox 1076 1845 1141 1871; x_wconf 82' lang='lat' dir='ltr'><strong>tides</strong></span> <span class='ocrx_word' id='word_1_682' title='bbox 1168 1845 1308 1878; x_wconf 81' lang='lat' dir='ltr'><strong>habenda;</strong></span> <span class='ocrx_word' id='word_1_683' title='bbox 1338 1853 1424 1879; x_wconf 77' lang='lat' dir='ltr'><strong>tneque</strong></span> <span class='ocrx_word' id='word_1_684' title='bbox 1452 1852 1516 1871; x_wconf 86' lang='lat' dir='ltr'><strong>vero</strong></span> <span class='ocrx_word' id='word_1_685' title='bbox 1545 1845 1571 1871; x_wconf 87' lang='lat' dir='ltr'><strong>in</strong></span> <span class='ocrx_word' id='word_1_686' title='bbox 1606 1845 1663 1870; x_wconf 88' lang='lat' dir='ltr'><strong>int--</strong></span> 
     </span>
    </p>
   </div>
   <div class='ocr_carea' id='block_1_98' title="bbox 876 1890 1662 1926">
    <p class='ocr_par' dir='ltr' id='par_1_98' title="bbox 876 1890 1662 1926">
     <span class='ocr_line' id='line_1_98' title="bbox 876 1890 1662 1926; baseline 0 -9"><span class='ocrx_word' id='word_1_687' title='bbox 876 1891 976 1924; x_wconf 82' lang='lat' dir='ltr'><strong>pressis</strong></span> <span class='ocrx_word' id='word_1_688' title='bbox 1009 1891 1171 1925; x_wconf 78' lang='lat' dir='ltr'><strong>scriptorum</strong></span> <span class='ocrx_word' id='word_1_689' title='bbox 1203 1891 1296 1924; x_wconf 81' lang='lat' dir='ltr'><strong>libris,</strong></span> <span class='ocrx_word' id='word_1_690' title='bbox 1328 1897 1506 1926; x_wconf 72' lang='lat' dir='ltr'><strong>pratterqnam</strong></span> <span class='ocrx_word' id='word_1_691' title='bbox 1540 1892 1565 1917; x_wconf 93' lang='lat' dir='ltr'><strong>in</strong></span> <span class='ocrx_word' id='word_1_692' title='bbox 1601 1890 1662 1917; x_wconf 84' lang='lat' dir='ltr'><strong>Idea</strong></span> 
     </span>
    </p>
   </div>
   <div class='ocr_carea' id='block_1_99' title="bbox 876 1937 1661 1969">
    <p class='ocr_par' dir='ltr' id='par_1_99' title="bbox 876 1937 1661 1969">
     <span class='ocr_line' id='line_1_99' title="bbox 876 1937 1661 1969; baseline -0.003 -4"><span class='ocrx_word' id='word_1_693' title='bbox 876 1937 981 1965; x_wconf 71' lang='lat' dir='ltr'><strong>Octavii</strong></span> <span class='ocrx_word' id='word_1_694' title='bbox 1002 1938 1128 1969; x_wconf 82' lang='lat' dir='ltr'><strong>Cactaui,</strong></span> <span class='ocrx_word' id='word_1_695' title='bbox 1144 1942 1172 1965; x_wconf 86' lang='lat' dir='ltr'><strong>et</strong></span> <span class='ocrx_word' id='word_1_696' title='bbox 1192 1938 1217 1964; x_wconf 92' lang='lat' dir='ltr'><strong>in</strong></span> <span class='ocrx_word' id='word_1_697' title='bbox 1241 1939 1352 1965; x_wconf 88' lang='lat' dir='ltr'><strong>eleucho</strong></span> <span class='ocrx_word' id='word_1_698' title='bbox 1373 1939 1468 1965; x_wconf 82' lang='lat' dir='ltr'><strong>harum</strong></span> <span class='ocrx_word' id='word_1_699' title='bbox 1492 1938 1661 1965; x_wconf 86' lang='lat' dir='ltr'><strong>homiliarum</strong></span> 
     </span>
    </p>
   </div>
   <div class='ocr_carea' id='block_1_100' title="bbox 876 1983 1661 2018">
    <p class='ocr_par' dir='ltr' id='par_1_100' title="bbox 876 1983 1661 2018">
     <span class='ocr_line' id='line_1_100' title="bbox 876 1983 1661 2018; baseline 0.001 -8"><span class='ocrx_word' id='word_1_700' title='bbox 876 1991 942 2011; x_wconf 90' lang='lat' dir='ltr'><strong>mss.</strong></span> <span class='ocrx_word' id='word_1_701' title='bbox 973 1991 1051 2018; x_wconf 86' lang='lat' dir='ltr'><strong>quem</strong></span> <span class='ocrx_word' id='word_1_702' title='bbox 1081 1983 1198 2018; x_wconf 87' lang='lat' dir='ltr'><strong>reliquit.</strong></span> <span class='ocrx_word' id='word_1_703' title='bbox 1217 1983 1282 2016; x_wconf 66' lang='lat' dir='ltr'><strong>Qua:</strong></span> <span class='ocrx_word' id='word_1_704' title='bbox 1310 1992 1370 2011; x_wconf 92' lang='lat' dir='ltr'><strong>cum</strong></span> <span class='ocrx_word' id='word_1_705' title='bbox 1401 1984 1500 2011; x_wconf 69' lang='lat' dir='ltr'><strong>credent</strong></span> <span class='ocrx_word' id='word_1_706' title='bbox 1527 1985 1582 2011; x_wconf 86' lang='lat' dir='ltr'><strong>sint</strong></span> <span class='ocrx_word' id='word_1_707' title='bbox 1605 1991 1661 2010; x_wconf 90' lang='lat' dir='ltr'><strong>0m-</strong></span> 
     </span>
    </p>
   </div>
   <div class='ocr_carea' id='block_1_101' title="bbox 876 2028 1662 2064">
    <p class='ocr_par' dir='ltr' id='par_1_101' title="bbox 876 2028 1662 2064">
     <span class='ocr_line' id='line_1_101' title="bbox 876 2028 1662 2064; baseline 0 -9"><span class='ocrx_word' id='word_1_708' title='bbox 876 2030 938 2056; x_wconf 87' lang='lat' dir='ltr'><strong>uino</strong></span> <span class='ocrx_word' id='word_1_709' title='bbox 966 2033 1046 2063; x_wconf 88' lang='lat' dir='ltr'><strong>atqtte</strong></span> <span class='ocrx_word' id='word_1_710' title='bbox 1075 2028 1126 2055; x_wconf 73' lang='lat' dir='ltr'><strong>illre</strong></span> <span class='ocrx_word' id='word_1_711' title='bbox 1152 2036 1211 2062; x_wconf 78' lang='lat' dir='ltr'><strong>qua:</strong></span> <span class='ocrx_word' id='word_1_712' title='bbox 1236 2028 1292 2062; x_wconf 88' lang='lat' dir='ltr'><strong>jam</strong></span> <span class='ocrx_word' id='word_1_713' title='bbox 1314 2028 1482 2063; x_wconf 85' lang='lat' dir='ltr'><strong>Theophani,</strong></span> <span class='ocrx_word' id='word_1_714' title='bbox 1507 2029 1562 2064; x_wconf 88' lang='lat' dir='ltr'><strong>jam</strong></span> <span class='ocrx_word' id='word_1_715' title='bbox 1592 2029 1662 2055; x_wconf 85' lang='lat' dir='ltr'><strong>Gre-</strong></span> 
     </span>
    </p>
   </div>
   <div class='ocr_carea' id='block_1_102' title="bbox 876 2075 1661 2109">
    <p class='ocr_par' dir='ltr' id='par_1_102' title="bbox 876 2075 1661 2109">
     <span class='ocr_line' id='line_1_102' title="bbox 876 2075 1661 2109; baseline 0 -8"><span class='ocrx_word' id='word_1_716' title='bbox 876 2075 951 2109; x_wconf 70' lang='lat' dir='ltr'><strong>gorio</strong></span> <span class='ocrx_word' id='word_1_717' title='bbox 980 2075 1005 2101; x_wconf 92' lang='lat' dir='ltr'><strong>in</strong></span> <span class='ocrx_word' id='word_1_718' title='bbox 1023 2075 1130 2101; x_wconf 62' lang='lat' dir='ltr'><strong>caeteris</strong></span> <span class='ocrx_word' id='word_1_719' title='bbox 1163 2082 1228 2102; x_wconf 90' lang='lat' dir='ltr'><strong>mss.</strong></span> <span class='ocrx_word' id='word_1_720' title='bbox 1255 2075 1455 2108; x_wconf 84' lang='lat' dir='ltr'><strong>exemplaribus</strong></span> <span class='ocrx_word' id='word_1_721' title='bbox 1478 2075 1661 2105; x_wconf 84' lang='lat' dir='ltr'><strong>ascribuntur,</strong></span> 
     </span>
    </p>
   </div>
   <div class='ocr_carea' id='block_1_103' title="bbox 877 2120 1664 2155">
    <p class='ocr_par' dir='ltr' id='par_1_103' title="bbox 877 2120 1664 2155">
     <span class='ocr_line' id='line_1_103' title="bbox 877 2120 1664 2155; baseline -0.003 -7"><span class='ocrx_word' id='word_1_722' title='bbox 877 2126 967 2148; x_wconf 85' lang='lat' dir='ltr'><strong>tamen</strong></span> <span class='ocrx_word' id='word_1_723' title='bbox 999 2120 1150 2155; x_wconf 77' lang='lat' dir='ltr'><strong>Philippum</strong></span> <span class='ocrx_word' id='word_1_724' title='bbox 1174 2120 1335 2147; x_wconf 84' lang='lat' dir='ltr'><strong>Ceramitatu</strong></span> <span class='ocrx_word' id='word_1_725' title='bbox 1354 2124 1492 2146; x_wconf 87' lang='lat' dir='ltr'><strong>auctorem</strong></span> <span class='ocrx_word' id='word_1_726' title='bbox 1518 2120 1664 2154; x_wconf 71' lang='lat' dir='ltr'><strong>przelerunt</strong></span> 
     </span>
    </p>
   </div>
   <div class='ocr_carea' id='block_1_104' title="bbox 877 2164 1662 2202">
    <p class='ocr_par' dir='ltr' id='par_1_104' title="bbox 877 2164 1662 2202">
     <span class='ocr_line' id='line_1_104' title="bbox 877 2164 1662 2202; baseline -0.001 -8"><span class='ocrx_word' id='word_1_727' title='bbox 877 2169 902 2195; x_wconf 91' lang='lat' dir='ltr'><strong>in</strong></span> <span class='ocrx_word' id='word_1_728' title='bbox 933 2168 1048 2202; x_wconf 84' lang='lat' dir='ltr'><strong>quodam</strong></span> <span class='ocrx_word' id='word_1_729' title='bbox 1079 2173 1145 2193; x_wconf 86' lang='lat' dir='ltr'><strong>mss.</strong></span> <span class='ocrx_word' id='word_1_730' title='bbox 1173 2165 1243 2193; x_wconf 91' lang='lat' dir='ltr'><strong>libro</strong></span> <span class='ocrx_word' id='word_1_731' title='bbox 1278 2166 1323 2200; x_wconf 88' lang='lat' dir='ltr'><strong>qui</strong></span> <span class='ocrx_word' id='word_1_732' title='bbox 1346 2165 1455 2193; x_wconf 85' lang='lat' dir='ltr'><strong>oblatus</strong></span> <span class='ocrx_word' id='word_1_733' title='bbox 1473 2164 1524 2192; x_wconf 83' lang='lat' dir='ltr'><strong>fuit</strong></span> <span class='ocrx_word' id='word_1_734' title='bbox 1548 2165 1662 2193; x_wconf 85' lang='lat' dir='ltr'><strong>Octavio</strong></span> 
     </span>
    </p>
   </div>
   <div class='ocr_carea' id='block_1_105' title="bbox 875 2210 1660 2246">
    <p class='ocr_par' dir='ltr' id='par_1_105' title="bbox 875 2210 1660 2246">
     <span class='ocr_line' id='line_1_105' title="bbox 875 2210 1660 2246; baseline -0.001 -7"><span class='ocrx_word' id='word_1_735' title='bbox 875 2213 995 2240; x_wconf 80' lang='lat' dir='ltr'><strong>Caetano</strong></span> <span class='ocrx_word' id='word_1_736' title='bbox 1024 2212 1155 2238; x_wconf 64' lang='lat' dir='ltr'><strong>Messana:</strong></span> <span class='ocrx_word' id='word_1_737' title='bbox 1183 2219 1245 2238; x_wconf 87' lang='lat' dir='ltr'><strong>cum</strong></span> <span class='ocrx_word' id='word_1_738' title='bbox 1275 2215 1346 2238; x_wconf 84' lang='lat' dir='ltr'><strong>esset</strong></span> <span class='ocrx_word' id='word_1_739' title='bbox 1370 2219 1384 2237; x_wconf 90' lang='lat' dir='ltr'><strong>a</strong></span> <span class='ocrx_word' id='word_1_740' title='bbox 1413 2210 1521 2238; x_wconf 87' lang='lat' dir='ltr'><strong>Meletio</strong></span> <span class='ocrx_word' id='word_1_741' title='bbox 1543 2211 1660 2246; x_wconf 82' lang='lat' dir='ltr'><strong>quodam</strong></span> 
     </span>
    </p>
   </div>
   <div class='ocr_carea' id='block_1_106' title="bbox 875 2257 1661 2286">
    <p class='ocr_par' dir='ltr' id='par_1_106' title="bbox 875 2257 1661 2286">
     <span class='ocr_line' id='line_1_106' title="bbox 875 2257 1661 2286; baseline -0.001 -1"><span class='ocrx_word' id='word_1_742' title='bbox 875 2259 1034 2286; x_wconf 76' lang='lat' dir='ltr'><strong>Atheniensi</strong></span> <span class='ocrx_word' id='word_1_743' title='bbox 1049 2257 1181 2285; x_wconf 82' lang='lat' dir='ltr'><strong>moaacho</strong></span> <span class='ocrx_word' id='word_1_744' title='bbox 1197 2264 1229 2284; x_wconf 88' lang='lat' dir='ltr'><strong>ex</strong></span> <span class='ocrx_word' id='word_1_745' title='bbox 1246 2257 1340 2284; x_wconf 85' lang='lat' dir='ltr'><strong>ordine</strong></span> <span class='ocrx_word' id='word_1_746' title='bbox 1364 2257 1393 2285; x_wconf 83' lang='lat' dir='ltr'>S.</span> <span class='ocrx_word' id='word_1_747' title='bbox 1421 2257 1511 2284; x_wconf 85' lang='lat' dir='ltr'><strong>Basilii</strong></span> <span class='ocrx_word' id='word_1_748' title='bbox 1525 2257 1551 2284; x_wconf 90' lang='lat' dir='ltr'><strong>in</strong></span> <span class='ocrx_word' id='word_1_749' title='bbox 1569 2262 1661 2284; x_wconf 84' lang='lat' dir='ltr'><strong>monte</strong></span> 
     </span>
    </p>
   </div>
   <div class='ocr_carea' id='block_1_107' title="bbox 877 2303 1658 2339">
    <p class='ocr_par' dir='ltr' id='par_1_107' title="bbox 877 2303 1658 2339">
     <span class='ocr_line' id='line_1_107' title="bbox 877 2303 1658 2339; baseline -0.004 -8"><span class='ocrx_word' id='word_1_750' title='bbox 877 2305 985 2336; x_wconf 81' lang='lat' dir='ltr'><strong>Sancto,</strong></span> <span class='ocrx_word' id='word_1_751' title='bbox 1010 2304 1055 2339; x_wconf 87' lang='lat' dir='ltr'><strong>qui</strong></span> <span class='ocrx_word' id='word_1_752' title='bbox 1070 2312 1103 2331; x_wconf 79' lang='lat' dir='ltr'><strong>ex</strong></span> <span class='ocrx_word' id='word_1_753' title='bbox 1121 2303 1231 2330; x_wconf 83' lang='lat' dir='ltr'><strong>Oriente</strong></span> <span class='ocrx_word' id='word_1_754' title='bbox 1256 2303 1319 2330; x_wconf 87' lang='lat' dir='ltr'><strong>illuc</strong></span> <span class='ocrx_word' id='word_1_755' title='bbox 1340 2303 1492 2338; x_wconf 85' lang='lat' dir='ltr'><strong>appulerat.</strong></span> <span class='ocrx_word' id='word_1_756' title='bbox 1519 2303 1571 2330; x_wconf 81' lang='lat' dir='ltr'><strong>Sed</strong></span> <span class='ocrx_word' id='word_1_757' title='bbox 1597 2310 1658 2329; x_wconf 84' lang='lat' dir='ltr'><strong>cunt</strong></span> 
     </span>
    </p>
   </div>
   <div class='ocr_carea' id='block_1_108' title="bbox 876 2345 1661 2376">
    <p class='ocr_par' dir='ltr' id='par_1_108' title="bbox 876 2345 1661 2376">
     <span class='ocr_line' id='line_1_108' title="bbox 876 2345 1661 2376; baseline -0.001 -5"><span class='ocrx_word' id='word_1_758' title='bbox 876 2346 946 2372; x_wconf 79' lang='lat' dir='ltr'><strong>nulla</strong></span> <span class='ocrx_word' id='word_1_759' title='bbox 972 2346 1022 2371; x_wconf 86' lang='lat' dir='ltr'><strong>alia</strong></span> <span class='ocrx_word' id='word_1_760' title='bbox 1047 2346 1218 2376; x_wconf 83' lang='lat' dir='ltr'><strong>auctoritate,</strong></span> <span class='ocrx_word' id='word_1_761' title='bbox 1245 2345 1317 2371; x_wconf 92' lang='lat' dir='ltr'><strong>nullo</strong></span> <span class='ocrx_word' id='word_1_762' title='bbox 1349 2345 1503 2371; x_wconf 82' lang='lat' dir='ltr'><strong>testimonio</strong></span> <span class='ocrx_word' id='word_1_763' title='bbox 1526 2345 1582 2372; x_wconf 80' lang='lat' dir='ltr'><strong>lucc</strong></span> <span class='ocrx_word' id='word_1_764' title='bbox 1622 2345 1661 2370; x_wconf 72' lang='lat' dir='ltr'><strong>iu-</strong></span> 
     </span>
    </p>
   </div>
   <div class='ocr_carea' id='block_1_109' title="bbox 874 2390 1659 2426">
    <p class='ocr_par' dir='ltr' id='par_1_109' title="bbox 874 2390 1659 2426">
     <span class='ocr_line' id='line_1_109' title="bbox 874 2390 1659 2426; baseline -0.001 -8"><span class='ocrx_word' id='word_1_765' title='bbox 874 2392 985 2426; x_wconf 81' lang='lat' dir='ltr'><strong>scriptio</strong></span> <span class='ocrx_word' id='word_1_766' title='bbox 1002 2391 1136 2422; x_wconf 72' lang='lat' dir='ltr'><strong>laniatur,</strong></span> <span class='ocrx_word' id='word_1_767' title='bbox 1151 2398 1230 2425; x_wconf 85' lang='lat' dir='ltr'><strong>quam</strong></span> <span class='ocrx_word' id='word_1_768' title='bbox 1245 2390 1324 2424; x_wconf 82' lang='lat' dir='ltr'><strong>hujus</strong></span> <span class='ocrx_word' id='word_1_769' title='bbox 1342 2390 1414 2423; x_wconf 88' lang='lat' dir='ltr'><strong>libri,</strong></span> <span class='ocrx_word' id='word_1_770' title='bbox 1438 2391 1564 2418; x_wconf 81' lang='lat' dir='ltr'><strong>existimo</strong></span> <span class='ocrx_word' id='word_1_771' title='bbox 1587 2391 1659 2417; x_wconf 89' lang='lat' dir='ltr'><strong>hunc</strong></span> 
     </span>
    </p>
   </div>
   <div class='ocr_carea' id='block_1_110' title="bbox 875 2436 1666 2471">
    <p class='ocr_par' dir='ltr' id='par_1_110' title="bbox 875 2436 1666 2471">
     <span class='ocr_line' id='line_1_110' title="bbox 875 2436 1666 2471; baseline -0.001 -7"><span class='ocrx_word' id='word_1_772' title='bbox 875 2438 1024 2471; x_wconf 83' lang='lat' dir='ltr'><strong>Philippum</strong></span> <span class='ocrx_word' id='word_1_773' title='bbox 1053 2437 1135 2464; x_wconf 80' lang='lat' dir='ltr'><strong>fuisse</strong></span> <span class='ocrx_word' id='word_1_774' title='bbox 1160 2436 1333 2463; x_wconf 79' lang='lat' dir='ltr'><strong>collectorctn</strong></span> <span class='ocrx_word' id='word_1_775' title='bbox 1359 2437 1455 2463; x_wconf 87' lang='lat' dir='ltr'><strong>harum</strong></span> <span class='ocrx_word' id='word_1_776' title='bbox 1478 2437 1666 2466; x_wconf 48' lang='lat' dir='ltr'><strong>horninur-nun</strong></span> 
     </span>
    </p>
   </div>
   <div class='ocr_carea' id='block_1_111' title="bbox 875 2482 1660 2518">
    <p class='ocr_par' dir='ltr' id='par_1_111' title="bbox 875 2482 1660 2518">
     <span class='ocr_line' id='line_1_111' title="bbox 875 2482 1660 2518; baseline -0.001 -9"><span class='ocrx_word' id='word_1_777' title='bbox 875 2485 916 2511; x_wconf 81' lang='lat' dir='ltr'><strong>vel</strong></span> <span class='ocrx_word' id='word_1_778' title='bbox 929 2484 960 2510; x_wconf 87' lang='lat' dir='ltr'><strong>iis</strong></span> <span class='ocrx_word' id='word_1_779' title='bbox 972 2483 1166 2518; x_wconf 87' lang='lat' dir='ltr'><strong>posterioribus</strong></span> <span class='ocrx_word' id='word_1_780' title='bbox 1183 2482 1289 2510; x_wconf 65' lang='lat' dir='ltr'><strong>sust-uiis</strong></span> <span class='ocrx_word' id='word_1_781' title='bbox 1306 2490 1394 2514; x_wconf 89' lang='lat' dir='ltr'><strong>nsum,</strong></span> <span class='ocrx_word' id='word_1_782' title='bbox 1408 2489 1488 2516; x_wconf 84' lang='lat' dir='ltr'><strong>atque</strong></span> <span class='ocrx_word' id='word_1_783' title='bbox 1515 2482 1581 2509; x_wconf 83' lang='lat' dir='ltr'><strong>adeo</strong></span> <span class='ocrx_word' id='word_1_784' title='bbox 1605 2482 1660 2508; x_wconf 89' lang='lat' dir='ltr'><strong>col-</strong></span> 
     </span>
    </p>
   </div>
   <div class='ocr_carea' id='block_1_112' title="bbox 875 2528 1660 2564">
    <p class='ocr_par' dir='ltr' id='par_1_112' title="bbox 875 2528 1660 2564">
     <span class='ocr_line' id='line_1_112' title="bbox 875 2528 1660 2564; baseline -0.001 -8"><span class='ocrx_word' id='word_1_785' title='bbox 875 2532 982 2557; x_wconf 71' lang='lat' dir='ltr'><strong>lertoris</strong></span> <span class='ocrx_word' id='word_1_786' title='bbox 995 2533 1023 2556; x_wconf 86' lang='lat' dir='ltr'><strong>ct.</strong></span> <span class='ocrx_word' id='word_1_787' title='bbox 1036 2530 1196 2564; x_wconf 85' lang='lat' dir='ltr'><strong>exeriptoris</strong></span> <span class='ocrx_word' id='word_1_788' title='bbox 1220 2537 1316 2556; x_wconf 81' lang='lat' dir='ltr'><strong>nomen</strong></span> <span class='ocrx_word' id='word_1_789' title='bbox 1342 2530 1369 2556; x_wconf 90' lang='lat' dir='ltr'><strong>in</strong></span> <span class='ocrx_word' id='word_1_790' title='bbox 1396 2528 1515 2556; x_wconf 83' lang='lat' dir='ltr'><strong>auctoris</strong></span> <span class='ocrx_word' id='word_1_791' title='bbox 1539 2529 1660 2563; x_wconf 79' lang='lat' dir='ltr'><strong>germani</strong></span> 
     </span>
    </p>
   </div>
   <div class='ocr_carea' id='block_1_113' title="bbox 876 2575 1660 2610">
    <p class='ocr_par' dir='ltr' id='par_1_113' title="bbox 876 2575 1660 2610">
     <span class='ocr_line' id='line_1_113' title="bbox 876 2575 1660 2610; baseline -0.005 -6"><span class='ocrx_word' id='word_1_792' title='bbox 876 2577 1015 2604; x_wconf 73' lang='lat' dir='ltr'><strong>trzinsiisse</strong></span> <span class='ocrx_word' id='word_1_793' title='bbox 1032 2584 1038 2603; x_wconf 93' lang='lat'><strong>:</strong></span> <span class='ocrx_word' id='word_1_794' title='bbox 1055 2577 1126 2610; x_wconf 91' lang='lat' dir='ltr'><strong>quod</strong></span> <span class='ocrx_word' id='word_1_795' title='bbox 1139 2583 1209 2610; x_wconf 70' lang='lat' dir='ltr'><strong>saepe.</strong></span> <span class='ocrx_word' id='word_1_796' title='bbox 1227 2575 1283 2602; x_wconf 73' lang='lat' dir='ltr'><strong>ﬁeri</strong></span> <span class='ocrx_word' id='word_1_797' title='bbox 1304 2575 1415 2607; x_wconf 83' lang='lat' dir='ltr'><strong>assolet,</strong></span> <span class='ocrx_word' id='word_1_798' title='bbox 1438 2580 1467 2603; x_wconf 85' lang='lat' dir='ltr'><strong>ut</strong></span> <span class='ocrx_word' id='word_1_799' title='bbox 1479 2583 1538 2602; x_wconf 87' lang='lat' dir='ltr'><strong>eum</strong></span> <span class='ocrx_word' id='word_1_800' title='bbox 1561 2575 1660 2602; x_wconf 82' lang='lat' dir='ltr'><strong>collec-</strong></span> 
     </span>
    </p>
   </div>
   <div class='ocr_carea' id='block_1_114' title="bbox 875 2622 1661 2657">
    <p class='ocr_par' dir='ltr' id='par_1_114' title="bbox 875 2622 1661 2657">
     <span class='ocr_line' id='line_1_114' title="bbox 875 2622 1661 2657; baseline -0.001 -8"><span class='ocrx_word' id='word_1_801' title='bbox 875 2629 946 2650; x_wconf 86' lang='lat' dir='ltr'><strong>tores</strong></span> <span class='ocrx_word' id='word_1_802' title='bbox 960 2630 1071 2657; x_wconf 89' lang='lat' dir='ltr'><strong>operum</strong></span> <span class='ocrx_word' id='word_1_803' title='bbox 1086 2623 1250 2657; x_wconf 76' lang='lat' dir='ltr'><strong>posteriores</strong></span> <span class='ocrx_word' id='word_1_804' title='bbox 1266 2630 1363 2649; x_wconf 88' lang='lat' dir='ltr'><strong>nomen</strong></span> <span class='ocrx_word' id='word_1_805' title='bbox 1385 2629 1462 2649; x_wconf 86' lang='lat' dir='ltr'><strong>suum</strong></span> <span class='ocrx_word' id='word_1_806' title='bbox 1493 2622 1519 2648; x_wconf 89' lang='lat' dir='ltr'><strong>in</strong></span> <span class='ocrx_word' id='word_1_807' title='bbox 1541 2622 1573 2648; x_wconf 87' lang='lat' dir='ltr'><strong>iis</strong></span> <span class='ocrx_word' id='word_1_808' title='bbox 1600 2629 1661 2655; x_wconf 75' lang='lat' dir='ltr'><strong>qua:</strong></span> 
     </span>
    </p>
   </div>
   <div class='ocr_carea' id='block_1_115' title="bbox 874 2669 1660 2704">
    <p class='ocr_par' dir='ltr' id='par_1_115' title="bbox 874 2669 1660 2704">
     <span class='ocr_line' id='line_1_115' title="bbox 874 2669 1660 2704; baseline -0.004 -8"><span class='ocrx_word' id='word_1_809' title='bbox 874 2669 1039 2703; x_wconf 71' lang='lat' dir='ltr'><strong>cttllegerunt</strong></span> <span class='ocrx_word' id='word_1_810' title='bbox 1057 2669 1283 2704; x_wconf 74' lang='lat' dir='ltr'><strong>pnescripserint,</strong></span> <span class='ocrx_word' id='word_1_811' title='bbox 1303 2669 1366 2696; x_wconf 87' lang='lat' dir='ltr'><strong>illud</strong></span> <span class='ocrx_word' id='word_1_812' title='bbox 1385 2674 1511 2703; x_wconf 84' lang='lat' dir='ltr'><strong>tanquam</strong></span> <span class='ocrx_word' id='word_1_813' title='bbox 1532 2669 1660 2694; x_wconf 85' lang='lat' dir='ltr'><strong>auctoriis</strong></span> 
     </span>
    </p>
   </div>
   <div class='ocr_carea' id='block_1_116' title="bbox 875 2714 1659 2750">
    <p class='ocr_par' dir='ltr' id='par_1_116' title="bbox 875 2714 1659 2750">
     <span class='ocr_line' id='line_1_116' title="bbox 875 2714 1659 2750; baseline -0.003 -8"><span class='ocrx_word' id='word_1_814' title='bbox 875 2716 969 2742; x_wconf 85' lang='lat' dir='ltr'><strong>deinde</strong></span> <span class='ocrx_word' id='word_1_815' title='bbox 984 2715 1065 2749; x_wconf 86' lang='lat' dir='ltr'><strong>vulgo</strong></span> <span class='ocrx_word' id='word_1_816' title='bbox 1076 2715 1218 2750; x_wconf 85' lang='lat' dir='ltr'><strong>prodatur.</strong></span> <span class='ocrx_word' id='word_1_817' title='bbox 1240 2716 1278 2742; x_wconf 85' lang='lat' dir='ltr'><strong>Ita</strong></span> <span class='ocrx_word' id='word_1_818' title='bbox 1294 2715 1430 2743; x_wconf 84' lang='lat' dir='ltr'><strong>Anastasii</strong></span> <span class='ocrx_word' id='word_1_819' title='bbox 1457 2714 1659 2742; x_wconf 86' lang='lat' dir='ltr'><strong>Bibliothecarii</strong></span> 
     </span>
    </p>
   </div>
   <div class='ocr_carea' id='block_1_117' title="bbox 877 2761 1661 2796">
    <p class='ocr_par' dir='ltr' id='par_1_117' title="bbox 877 2761 1661 2796">
     <span class='ocr_line' id='line_1_117' title="bbox 877 2761 1661 2796; baseline 0 -8"><span class='ocrx_word' id='word_1_820' title='bbox 877 2762 941 2788; x_wconf 75' lang='lat' dir='ltr'><strong>Viue</strong></span> <span class='ocrx_word' id='word_1_821' title='bbox 955 2761 1113 2788; x_wconf 82' lang='lat' dir='ltr'><strong>Pontiﬁcum</strong></span> <span class='ocrx_word' id='word_1_822' title='bbox 1128 2769 1187 2789; x_wconf 88' lang='lat' dir='ltr'><strong>esse</strong></span> <span class='ocrx_word' id='word_1_823' title='bbox 1199 2762 1336 2795; x_wconf 83' lang='lat' dir='ltr'><strong>dicuntur,</strong></span> <span class='ocrx_word' id='word_1_824' title='bbox 1352 2769 1419 2796; x_wconf 89' lang='lat' dir='ltr'><strong>quas</strong></span> <span class='ocrx_word' id='word_1_825' title='bbox 1438 2767 1526 2788; x_wconf 84' lang='lat' dir='ltr'><strong>tamen</strong></span> <span class='ocrx_word' id='word_1_826' title='bbox 1547 2762 1580 2788; x_wconf 87' lang='lat' dir='ltr'><strong>ab</strong></span> <span class='ocrx_word' id='word_1_827' title='bbox 1601 2761 1661 2788; x_wconf 88' lang='lat' dir='ltr'><strong>aliis</strong></span> 
     </span>
    </p>
   </div>
   <div class='ocr_carea' id='block_1_118' title="bbox 873 2807 1703 2843">
    <p class='ocr_par' dir='ltr' id='par_1_118' title="bbox 873 2807 1703 2843">
     <span class='ocr_line' id='line_1_118' title="bbox 873 2807 1703 2843; baseline -0.004 -9"><span class='ocrx_word' id='word_1_828' title='bbox 873 2807 1057 2842; x_wconf 78' lang='lat' dir='ltr'><strong>scriptasipse</strong></span> <span class='ocrx_word' id='word_1_829' title='bbox 1072 2808 1212 2843; x_wconf 77' lang='lat' dir='ltr'><strong>redegitin</strong></span> <span class='ocrx_word' id='word_1_830' title='bbox 1231 2808 1367 2835; x_wconf 85' lang='lat' dir='ltr'><strong>volumen,</strong></span> <span class='ocrx_word' id='word_1_831' title='bbox 1395 2808 1432 2835; x_wconf 88' lang='lat' dir='ltr'><strong>Ita</strong></span> <span class='ocrx_word' id='word_1_832' title='bbox 1455 2807 1522 2834; x_wconf 65' lang='lat' dir='ltr'><strong>Vitae</strong></span> <span class='ocrx_word' id='word_1_833' title='bbox 1549 2807 1659 2834; x_wconf 87' lang='lat' dir='ltr'><strong>Patrum</strong></span> <span class='ocrx_word' id='word_1_834' title='bbox 1702 2828 1703 2831; x_wconf 48' lang='grc' dir='ltr'><strong>η</strong></span> 
     </span>
    </p>
   </div>
   <div class='ocr_carea' id='block_1_119' title="bbox 873 2853 1660 2888">
    <p class='ocr_par' dir='ltr' id='par_1_119' title="bbox 873 2853 1660 2888">
     <span class='ocr_line' id='line_1_119' title="bbox 873 2853 1660 2888; baseline -0.003 -7"><span class='ocrx_word' id='word_1_835' title='bbox 873 2853 903 2881; x_wconf 84' lang='grc' dir='ltr'><strong>Ρ.</strong></span> <span class='ocrx_word' id='word_1_836' title='bbox 935 2853 1082 2881; x_wconf 82' lang='lat' dir='ltr'><strong>Hereberto</strong></span> <span class='ocrx_word' id='word_1_837' title='bbox 1102 2854 1212 2882; x_wconf 84' lang='lat' dir='ltr'><strong>Rosvidi</strong></span> <span class='ocrx_word' id='word_1_838' title='bbox 1237 2854 1299 2882; x_wconf 88' lang='lat' dir='ltr'><strong>Soc.</strong></span> <span class='ocrx_word' id='word_1_839' title='bbox 1321 2859 1433 2887; x_wconf 73' lang='lat' dir='ltr'><strong>uostrm,</strong></span> <span class='ocrx_word' id='word_1_840' title='bbox 1459 2861 1526 2888; x_wconf 84' lang='lat' dir='ltr'><strong>quas</strong></span> <span class='ocrx_word' id='word_1_841' title='bbox 1550 2853 1608 2888; x_wconf 87' lang='lat' dir='ltr'><strong>ipse</strong></span> <span class='ocrx_word' id='word_1_842' title='bbox 1626 2860 1660 2879; x_wconf 83' lang='lat' dir='ltr'><strong>ex</strong></span> 
     </span>
    </p>
   </div>
   <div class='ocr_carea' id='block_1_120' title="bbox 875 2899 1660 2935">
    <p class='ocr_par' dir='ltr' id='par_1_120' title="bbox 875 2899 1660 2935">
     <span class='ocr_line' id='line_1_120' title="bbox 875 2899 1660 2935; baseline -0.003 -9"><span class='ocrx_word' id='word_1_843' title='bbox 875 2899 970 2928; x_wconf 86' lang='lat' dir='ltr'><strong>multis</strong></span> <span class='ocrx_word' id='word_1_844' title='bbox 983 2900 1120 2935; x_wconf 83' lang='lat' dir='ltr'><strong>variisque</strong></span> <span class='ocrx_word' id='word_1_845' title='bbox 1135 2900 1312 2935; x_wconf 80' lang='lat' dir='ltr'><strong>scriptoribus</strong></span> <span class='ocrx_word' id='word_1_846' title='bbox 1327 2900 1355 2927; x_wconf 87' lang='lat' dir='ltr'><strong>in</strong></span> <span class='ocrx_word' id='word_1_847' title='bbox 1372 2907 1455 2928; x_wconf 89' lang='lat' dir='ltr'><strong>unum</strong></span> <span class='ocrx_word' id='word_1_848' title='bbox 1467 2899 1581 2928; x_wconf 88' lang='lat' dir='ltr'><strong>contulit</strong></span> <span class='ocrx_word' id='word_1_849' title='bbox 1597 2904 1660 2925; x_wconf 91' lang='lat' dir='ltr'><strong>cor-</strong></span> 
     </span>
    </p>
   </div>
  </div>
