1874 3055
194 141 226 171 87
686 143 884 173 FRANCISCI
906 145 1039 177 SCORSI
1060 145 1275 178 PROOEMIUM
1301 147 1343 177 Π.
1786 150 1811 181 83

196 206 245 232 p'Is
263 207 430 233 :cngnomcn
446 208 509 228 vero
523 201 570 227 toﬁ
592 202 754 236 Κερπμίτου
779 201 904 236 Philippo
935 202 982 228 ad-

196 245 289 276 ditum,
305 247 374 279 quod
399 247 468 274 idem
492 255 519 274 re
548 253 573 274 et
599 255 680 275 smsu
710 253 749 274 est
763 256 792 273 ac
816 247 982 283 Κεραμέως,

196 296 227 317 ut
254 298 334 325 supra
362 292 450 326 a'ligi.
477 293 503 319 in
528 293 682 326 opinionem
715 301 756 320 tne
779 293 888 320 addat-it
911 293 982 319 hunc

197 335 347 370 Philippum
361 344 392 363 ex
409 337 502 363 eadem
520 336 601 363 fuisse
617 338 695 363 domo
713 345 744 363 ac
773 341 850 371 gente
875 345 906 364 ac
937 344 982 363 no-

195 386 279 408 strqu
294 381 484 416 Theophanem
499 383 641 417 Κεραμέα.
654 382 720 409 Nam
739 389 834 410 nomen
853 383 904 409 hoc
919 389 982 409 esse

199 427 305 454 familia:
323 427 486 462 probabilius
504 428 569 454 mihi
580 428 683 454 videtur
694 435 773 462 quam
786 427 878 461 patrizc
892 435 898 454 :
911 427 983 461 quod

200 474 276 501 video
294 475 433 502 nonnullis
450 474 545 501 atrii-is
565 475 631 501 meis
649 474 761 501 eruditis
787 482 819 501 ac
846 473 981 500 nobilibus

199 521 266 547 viris
284 520 483 546 Panormitanis
500 519 604 553 placere
622 527 628 545 :
647 519 744 545 vellent
757 519 828 545 enim
847 519 871 545 hi
895 517 983 545 Theo-

198 566 311 600 phancm
326 565 483 592 Cerameum
502 566 601 593 dictum
616 565 650 592 ab
679 565 777 599 oppido
800 564 875 600 quod
902 564 981 591 hodie

197 612 320 640 Ccratnis
335 612 361 638 in
378 612 468 638 Sicilia
484 611 553 638 haud
575 611 651 644 longe
667 611 773 645 'l‘royua
796 611 822 637 in
846 610 914 637 valle
933 610 985 636 Do-

201 659 266 685 mini
277 658 359 684 silum
370 657 485 684 dicitur:
499 657 531 684 de
542 664 595 690 quo
614 656 738 683 Fazellus
752 663 835 683 ttunm
853 657 984 682 verbum:

200 712 230 731 ac
253 711 351 730 nomen
382 703 479 735 sohnn,
502 702 568 729 nihil
593 707 720 737 praetcrea
746 701 878 736 prodidit;
904 709 936 728 ne
959 701 984 728 in

200 758 292 777 eorum
308 750 461 784 opinionem
482 749 609 776 accedam
637 753 691 775 tres
713 748 819 774 obstant
842 747 959 774 rationes
977 755 984 774 :

201 796 286 829 prima
305 796 375 830 quod
388 795 446 830 ejus
465 795 551 829 patria
580 794 632 821 alia
649 801 710 821 esse
725 793 859 828 colligitur
882 801 914 820 ex
945 793 986 819 his

201 849 261 876 quin
281 842 368 869 dicam
394 841 407 876 §
427 840 568 875 sequenti;
597 840 714 867 secunda
736 840 799 874 quia
827 841 860 866 de
885 839 985 873 oppido

201 888 306 915 (Zerami
323 887 423 914 nullam
435 887 514 914 video
543 887 569 914 in
592 885 770 921 scriptoribus
803 885 985 912 Siciliensium

202 941 291 961 rerum
308 933 363 960 lieii
381 933 541 960 mentionem
553 936 616 959 ante
641 931 812 959 millesimum
835 938 850 957 a
878 930 987 957 Christo

203 985 274 1013 nato,
292 981 361 1006 unde
376 979 546 1014 Theophanis
559 978 747 1013 tempore,hoc
760 981 802 1004 est
818 981 878 1003 ante
890 977 988 1003 Sarra-

202 1034 329 1054 cenorum
346 1026 523 1057 dominatmn,
543 1029 630 1051 utrum
649 1024 785 1050 exstiterit
802 1029 896 1055 necne,
916 1022 988 1049 allir—

204 1073 270 1099 mari
295 1079 347 1099 non
364 1065 469 1106 potest;
488 1071 564 1097 tertia
580 1077 612 1096 ex
625 1069 682 1103 ipso
697 1069 823 1104 loquendi
847 1076 914 1095 usu:
937 1075 990 1094 non

202 1118 274 1144 enim
286 1119 321 1144 ita
331 1122 442 1144 vocatur
450 1115 628 1150 Theophanes
638 1116 795 1150 Κεραμεῦς,
814 1120 842 1141 ut
852 1114 991 1145 Διονύσιος

209 1162 449 1197 ’Λλικαρ-νασσεὺς,
460 1161 665 1196 ειΠ),ούταρχος
673 1159 843 1195 Χαιρωνεύς,
855 1159 992 1190 absolute,

203 1209 283 1236 sicuti
299 1209 324 1235 in
336 1208 541 1242 cognominibus
549 1215 581 1234 ex
593 1207 679 1242 patria
689 1207 804 1240 sumptis
817 1205 888 1238 loqui
906 1205 992 1232 Graeci

202 1254 469 1287 consucverunt,sed
489 1253 669 1288 Theophanes
690 1252 788 1279 dicitur
813 1257 993 1286 cognomento

201 1301 360 1336 Κεραμεὺς,
380 1299 457 1334 quasi
482 1298 524 1325 illa
550 1305 615 1325 \oce
649 1298 772 1332 apposita
810 1302 991 1331 cognomento,

205 1346 325 1380 signetur
337 1352 433 1372 nomen
449 1344 546 1379 gentis.
562 1343 603 1371 vel
618 1343 738 1374 familitc,
771 1342 932 1370 excludatur
949 1350 994 1376 pa-

205 1392 282 1424 trite;
300 1397 379 1418 nemo
397 1391 469 1417 enim
498 1390 616 1416 dixerit:
639 1388 802 1415 Plutarchus
817 1393 996 1422 cognomento

204 1437 378 1464 Chaeroncus.
397 1435 491 1462 Restat
505 1436 586 1469 igitur
603 1440 641 1467 ut,
665 1435 687 1462 si
714 1434 822 1461 familiae
844 1434 884 1461 vel
910 1434 998 1468 gentis

207 1490 304 1510 nomen
323 1482 412 1517 :quod
427 1489 460 1509 eo
476 1481 542 1508 mihi
560 1481 604 1508 liet
624 1480 792 1514 probabilius
824 1480 893 1513 quod
924 1487 997 1506 non-

207 1531 287 1558 nullis
308 1530 413 1564 reperio
428 1529 454 1555 in
483 1536 550 1556 mss.
573 1527 764 1559 monumentis,
784 1534 844 1562 qua:
872 1527 897 1553 in
919 1527 1000 1553 variis

207 1575 378 1603 bibliothecis
387 1576 571 1605 asservantnr,
583 1579 695 1606 quorum
706 1571 820 1600 indicem
837 1570 998 1597 luculentum

209 1620 338 1649 describit
352 1620 379 1646 in
394 1621 526 1653 Apparatu
536 1626 611 1644 sacro
626 1623 690 1644 tom.
700 1617 734 1644 ll.
747 1616 776 1645 P.
789 1617 921 1644 Antenins
937 1616 1011 1643 Pes;

208 1669 331 1700 scvinus,
352 1667 377 1692 in
404 1664 565 1692 bibliotheca
576 1664 717 1691 Viennensi
733 1663 835 1690 servari
866 1664 1002 1696 Cuiusdam

208 1712 427 1742 JoanisCeramei
437 1711 580 1739 conciones
587 1714 614 1738 et
624 1710 747 1738 homilias
759 1710 784 1736 in
796 1714 910 1744 quatuor
917 1709 1004 1736 Evan—

213 1760 297 1795 gelica
315 1767 323 1792 ;
351 1762 377 1785 et
393 1758 486 1785 eodem
503 1763 574 1785 tomo
590 1757 616 1783 in
629 1763 697 1783 mss.
717 1756 925 1790 Constantinop.
961 1755 1004 1782 Bi-

211 1806 308 1834 blioth.
327 1803 468 1838 Nicephori
490 1807 668 1838 cognomento
684 1801 780 1837 Figuli,
799 1802 855 1829 sive
868 1801 1001 1835 Ceramei,

212 1851 405 1886 explicationes
431 1854 459 1877 et
484 1855 624 1876 sermones
644 1848 670 1875 in
699 1853 900 1875 sacrosanctum
917 1848 1005 1875 Evan-

215 1898 326 1933 gelium.
338 1896 410 1924 Sane
422 1899 629 1928 cognomentum
645 1893 741 1928 Figuli,
752 1895 820 1928 quod
833 1893 902 1920 idem
918 1894 1005 1928 signat

215 1944 374 1972 acGrtecnm
384 1943 546 1974 Cerconicus,
564 1940 646 1968 fuisse
659 1940 785 1968 Romamn
800 1940 916 1975 antiquae
928 1939 1005 1967 fami-

218 1992 259 2018 lfze
274 1995 347 2026 patet
361 1997 393 2016 ex
411 1988 518 2022 Nigidio
532 1987 624 2022 Figulo
653 1986 762 2013 homine
776 1986 941 2021 temporibus
960 1986 1007 2013 Ci-

219 2036 324 2064 eerouis
341 2033 529 2062 litteratissnni
543 2034 575 2060 ad
593 2039 670 2067 quem
691 2037 754 2059 sunt
766 2031 904 2059 Ciceronis
921 2032 1004 2067 ipsius

217 2082 347 2117 epistol-te.
369 2081 409 2107 An
427 2079 460 2107 ab
476 2080 526 2106 hoc
544 2079 675 2113 originem
691 2078 799 2105 duxerit
829 2078 929 2109 fatnilia
953 2085 1004 2105 no-

218 2129 267 2157 stti
280 2128 402 2156 Ceramci
418 2127 483 2154 nihil
494 2127 579 2154 habeo
587 2126 656 2160 quod
675 2124 816 2157 aliirmcm,
833 2131 920 2159 neque
933 2124 1003 2159 quod

219 2182 332 2207 negem;
362 2179 515 2207 quanquam
542 2171 577 2197 ita
601 2170 707 2204 placere
735 2170 813 2196 video
848 2169 1004 2197 doctissimo

221 2219 323 2247 bontiui
337 2217 366 2245 Ρ.
383 2216 484 2245 Jacobo
497 2215 641 2243 Sirmondo
670 2215 695 2241 in
726 2213 838 2248 epistola
860 2221 940 2247 quam
973 2215 1005 2240 ad

222 2272 267 2291 me
295 2265 328 2291 de
351 2264 401 2290 hac
431 2271 460 2289 re
475 2261 612 2289 consultus
655 2259 804 2292 rescripsit.
843 2258 1006 2286 Existimare

222 2310 284 2344 quis
303 2307 450 2343 possitboe
474 2312 620 2340 cognomen
637 2311 669 2331 ex
696 2311 789 2330 eorum
817 2311 878 2330 esse
906 2312 1005 2338 genere

225 2355 323 2389 quibus
342 2353 430 2380 affecti
444 2350 594 2379 suntmulti
620 2349 679 2384 ejus
702 2348 793 2376 steculi
822 2349 862 2375 vel
888 2348 1006 2382 episcopi

225 2401 269 2429 vel
286 2400 441 2435 scriptores,
459 2398 494 2425 ita
509 2397 614 2424 scilicet
627 2395 717 2422 vocari
741 2394 931 2429 Theophanem
959 2395 1008 2421 Ce-

227 2454 346 2474 ra'nmun
367 2446 426 2479 quis
442 2444 539 2471 dixerit
556 2439 635 2470 sicuti
653 2441 807 2475 Dionysium
833 2440 965 2474 Exiguum
981 2445 1009 2468 et

268 2500 335 2517 (λεια.
359 2491 504 2516 Sardorum
526 2489 693 2521 episcopum,
720 2491 896 2520 cognomento
923 2485 1006 2512 Mise-

293 2538 421 2566 ,ῐν-ςςιμι-
503 2542 554 2563 «μυ
572 2533 702 2559 Βινυηὶιιδ
719 2539 789 2558 anno
814 2531 912 2558 Christi
943 2531 1008 2563 837,

484 2590 487 2591 ν
515 2587 571 2600 tu».
610 2578 718 2608 liultpio
742 2577 867 2608 Apamezc
883 2577 1010 2610 episeopo

231 2635 278 2654 μιν
310 2638 322 2651 λ.
351 2628 436 2652 illum
465 2631 628 2655 ιιιίι..ιῑ,‹›ιιθ;
651 2624 728 2650 snuti
754 2629 834 2648 etiam
853 2621 1010 2649 Zachariam

231 2674 351 2708 ejusdem
366 2671 500 2702 factionis,
518 2670 562 2705 qui
583 2669 686 2703 Cap/ius
707 2674 747 2695 est
764 2673 942 2702 cognmuento
958 2669 1011 2696 dic-

236 2726 276 2747 tus
292 2728 298 2746 :
314 2727 372 2753 qua:
386 2718 419 2744 ab
439 2718 528 2751 aliqua
549 2716 702 2742 conditione
724 2714 866 2744 natalium,
901 2714 1010 2740 habitu-

234 2774 286 2800 que
300 2765 420 2799 corporis
438 2762 478 2790 vel
495 2762 577 2788 animi
593 2762 644 2793 sui,
662 2762 701 2788 vel
729 2767 849 2788 suorum.
880 2761 1013 2794 apposita,

236 2813 277 2839 \cl
295 2812 373 2838 etiam
386 2818 417 2837 ex
430 2809 592 2836 demissione
611 2813 637 2833 et
653 2807 808 2834 inductione
832 2805 925 2832 volunt
957 2806 1013 2832 aria

240 2857 323 2885 animi
350 2856 434 2883 ascita
459 2862 518 2881 esse
532 2853 614 2879 videri
650 2857 770 2886 possunt,
787 2859 817 2878 ea
840 2853 942 2878 ratione
962 2858 1015 2885 qua

230 2548 285 2563 ,πίνη

1035 203 1104 236 apud
1119 203 1256 232 Romanos
1276 204 1406 232 Lentulus
1422 204 1558 239 Spcnthir,
1577 206 1696 233 Licinius
1712 206 1813 239 Calvus.

1034 249 1162 278 Aimilfus
1179 250 1287 282 Paulus,
1305 251 1447 278 Cornelius
1464 252 1555 286 Scipio
1579 252 1680 284 dictus,
1707 253 1742 279 de
1762 255 1812 286 qni-

1033 293 1083 319 bus
1098 294 1305 326 cognominibus
1323 302 1471 328 eorumque
1488 295 1593 330 origine
1615 296 1721 331 longius
1735 297 1813 324 disse-

1035 339 1068 365 rit
1089 338 1215 373 Sigonius
1235 340 1303 366 libro
1318 339 1354 366 De
1370 340 1446 374 [actis
1467 341 1658 373 consularibus,
1687 343 1813 374 opusrnio

1037 385 1072 412 De
1084 386 1230 413 nominibus
1243 386 1421 413 Romanorum
1437 387 1567 421 singulari
1584 397 1590 414 :
1607 387 1654 414 sed
1676 388 1729 414 hoc
1754 389 1816 415 diti-

1034 438 1100 457 nare
1116 431 1188 462 nolo,
1204 439 1264 457 eum
1278 431 1414 458 allirmare
1437 433 1478 458 vel
1498 433 1655 465 conjectare
1681 440 1736 459 non
1758 440 1815 466 pos-

1035 476 1098 502 sim.
1121 476 1184 502 lllud
1202 484 1266 510 ergo
1282 485 1312 503 ex
1331 482 1384 504 Iota
1403 478 1452 504 hac
1479 478 1667 504 dissertatione
1693 482 1816 512 tanquam

1035 526 1137 547 certum
1162 522 1295 549 coniicio:
1319 522 1370 549 hoc
1393 530 1460 557 opus
1490 522 1568 549 unius
1595 530 1657 549 esse
1689 523 1816 555 auctoris,

1035 575 1151 601 eamque
1165 567 1325 595 Cerameum
1348 569 1578 603 archiepiscopum
1610 568 1817 595 Tauromenita-

1037 620 1112 644 num,
1141 613 1196 646 jam
1219 612 1419 647 Theophanem,
1448 613 1503 648 jam
1525 613 1685 648 Gregorium
1715 615 1817 647 propri-

1038 663 1152 693 utroquc
1163 659 1271 686 nomine
1289 659 1401 686 inscribi
1415 659 1535 691 solitum,
1552 660 1622 693 quod
1638 667 1671 686 ex
1698 659 1751 686 lide
1767 666 1820 686 om-

1039 705 1112 731 nittm
1127 712 1192 732 mss.
1205 709 1232 732 ut
1246 706 1324 732 modo
1342 706 1408 747 dixi,
1426 712 1474 740 pro
1484 709 1623 738 comperto
1643 705 1817 735 habendum;

1040 751 1209 778 retinendum
1221 759 1285 778 vero
1296 757 1323 779 et
1333 753 1521 779 celebrandum
1533 752 1625 779 censui
1636 752 1726 787 magis
1739 752 1820 778 Tlteo~

1038 798 1133 831 phanis
1147 806 1253 829 nomen,
1269 799 1340 833 qttod
1363 806 1378 825 a
1400 799 1578 833 scriptoribus
1605 798 1723 833 optimae
1756 803 1820 824 nota;

1038 845 1082 878 qui
1097 851 1130 870 ex
1154 844 1197 871 his
1223 844 1393 871 sermonibus
1414 851 1555 878 sumpsere
1582 843 1754 875 testimonia,
1785 842 1821 868 vc}

1037 897 1084 918 eos
1104 892 1222 925 integros
1237 891 1376 925 impressis
1391 891 1466 918 libris
1477 891 1534 919 suis
1551 891 1741 922 inseruerunt,
1761 888 1813 916 cele

1039 937 1145 964 bratutn
1159 938 1245 971 magis
1257 945 1288 965 ae
1299 938 1434 973 vulgatum
1448 942 1500 965 est.

1161 983 1174 1018 ἓ
1189 982 1329 1010 lll.Palria
1342 988 1367 1010 et
1379 983 1501 1010 educatio
1517 982 1697 1012 Theophanis.

1080 1028 1131 1056 Ubi
1150 1034 1241 1061 natus,
1258 1029 1302 1055 ubi
1323 1031 1456 1055 educatus
1485 1028 1663 1061 Theophanes
1685 1026 1768 1052 luerit
1793 1033 1821 1051 ex

1042 1075 1126 1110 ipsius
1142 1074 1230 1101 verbis
1241 1079 1268 1101 et
1279 1074 1450 1102 confessione
1467 1073 1566 1107 liquido
1576 1076 1725 1103 constaret,
1751 1071 1772 1097 si
1797 1071 1824 1096 de

1043 1119 1135 1147 Sancti
1148 1121 1262 1146 Andreae
1277 1120 1388 1153 templo,
1406 1119 1431 1145 in
1445 1126 1498 1153 quo
1514 1118 1652 1145 homiliam
1679 1116 1750 1143 festo
1772 1115 1824 1149 ejus

1043 1166 1084 1192 dic
1101 1165 1193 1192 habuit
1210 1164 1314 1199 (ltotnil.
1339 1165 1390 1199 L),
1428 1164 1544 1198 liqueret
1576 1163 1654 1189 satis.
1695 1163 1825 1189 Ponamns

1045 1214 1125 1248 igitur
1139 1213 1182 1240 hic
1198 1214 1284 1248 primo
1302 1220 1360 1247 quae
1375 1213 1471 1247 ipsein
1489 1211 1620 1246 prowmio
1642 1210 1716 1237 illius
1745 1210 1826 1236 homi-

1045 1260 1087 1286 Iize
1113 1259 1213 1293 prodit,
1234 1264 1262 1286 ut
1292 1267 1323 1286 ex
1336 1266 1368 1285 eo
1386 1263 1514 1293 tanquam
1538 1259 1614 1283 lit'mo
1643 1255 1779 1290 principio
1800 1262 1826 1280 ac

1045 1302 1417 1335 fundamento:commentari
1439 1307 1465 1328 et
1485 1301 1611 1335 colligere
1637 1301 1699 1337 ejus
1721 1301 1825 1334 patria'n

1046 1346 1291 1381 educationemque
1323 1347 1466 1381 possimus.
1497 1346 1543 1372 Sic
1571 1346 1654 1379 igitur
1685 1344 1826 1378 loquitur:

1050 1393 1190 1420 llodiermz'
1203 1393 1454 1428 celebritatisZsermo
1467 1393 1559 1420 veteris
1572 1392 1652 1418 debiti
1664 1393 1773 1423 solutio,
1783 1398 1828 1416 non

1048 1440 1185 1473 sapientia:
1196 1439 1316 1474 qua‘dam
1330 1440 1466 1466 ostentatio
1483 1439 1556 1466 nobis
1574 1440 1623 1465 erit
1640 1446 1650 1467 :
1666 1446 1749 1473 neque
1767 1438 1827 1464 enim

1049 1488 1098 1514 huc
1108 1485 1162 1512 veni
1178 1489 1205 1512 ut
1223 1490 1331 1513 ornatus
1342 1484 1489 1520 eloquentia
1504 1493 1559 1511 mea
1570 1484 1745 1518 conspicerer,
1758 1489 1829 1516 neque

1050 1537 1076 1559 ut
1088 1532 1183 1566 lingua:
1197 1532 1280 1564 lepore
1294 1536 1317 1556 et
1330 1537 1423 1564 pompa
1448 1529 1574 1556 orationis
1595 1528 1721 1554 [tonarent
1745 1526 1828 1560 patrita

1050 1584 1198 1611 aucuparer
1215 1584 1223 1603 :
1238 1576 1323 1607 potius
1342 1576 1408 1602 enim
1424 1582 1520 1606 nteant,
1532 1581 1694 1609 qna’cunque
1721 1572 1766 1598 illa
1788 1572 1825 1601 sit,

1050 1622 1241 1657 philosophiam
1254 1620 1383 1648 occultant
1399 1620 1488 1646 haberi
1503 1620 1591 1650 uelim,
1615 1624 1642 1644 ut
1670 1617 1759 1644 inani:
1780 1617 1828 1650 glo-

1052 1669 1099 1696 ria’
1109 1668 1203 1702 ﬂatum
1220 1667 1365 1702 elfugiam:
1381 1666 1424 1693 sed
1436 1665 1560 1700 quoniam
1579 1672 1657 1691 lucra
1688 1664 1744 1690 lucc
1769 1663 1827 1689 uales

1053 1714 1164 1749 apostoli
1182 1712 1351 1747 primooocati
1364 1720 1404 1739 me
1416 1711 1495 1738 veluti
1511 1711 1601 1737 nutrix
1613 1717 1727 1742 pucrum
1742 1708 1827 1734 educu-

1053 1762 1100 1790 vit,
1119 1764 1143 1786 et
1166 1760 1312 1793 primarum
1336 1757 1531 1784 institutionum
1556 1763 1700 1782 mammam
1728 1753 1827 1789 praebuit

1053 1813 1239 1841 sacrarumque
1253 1805 1399 1832 litterarum
1412 1803 1560 1830 doctrinam
1572 1801 1650 1836 quasi
1669 1801 1712 1828 lac
1729 1800 1828 1827 instilla-

1055 1851 1090 1878 vit
1102 1849 1271 1885 (intercidant
1297 1847 1398 1881 aliqua,
1415 1854 1474 1881 qu:e
1490 1854 1541 1873 non
1555 1847 1588 1872 ad
1603 1845 1671 1879 rem)
1686 1844 1756 1878 quod
1777 1843 1828 1870 reli-

1054 1901 1133 1928 quum
1145 1897 1181 1920 est
1197 1893 1258 1918 huic
1270 1891 1387 1918 ecclesia:
1403 1890 1480 1925 quasi
1496 1889 1585 1915 altrici
1597 1887 1762 1914 educationis
1782 1893 1829 1919 pre-

1055 1941 1120 1966 tium
1131 1938 1259 1974 persolvo,
1288 1937 1393 1971 etquod
1411 1936 1438 1962 in
1453 1934 1596 1969 proverbiis
1615 1938 1666 1966 est,
1680 1934 1762 1967 legcm
1788 1931 1830 1957 Ρε-

1056 1987 1184 2022 largicam
1202 1984 1295 2016 impleo
1311 1991 1320 2010 :
1336 1988 1360 2010 et
1371 1991 1424 2010 una
1438 1982 1578 2012 vobiscum,
1600 1989 1615 2008 ο
1633 1985 1715 2007 cmtm
1733 1979 1783 2006 Deo
1795 1978 1830 2004 di-

1057 2033 1205 2064 lectissime,
1220 2031 1369 2058 concelebro
1383 2030 1521 2057 solemnem
1538 2029 1606 2054 hunc
1633 2028 1716 2059 diem,
1742 2030 1764 2053 et
1791 2033 1829 2058 pn-

1057 2080 1136 2107 triam
1161 2078 1269 2105 charum
1299 2076 1384 2103 solum
1401 2076 1541 2108 aspiciens,
1559 2079 1612 2101 tam
1640 2074 1761 2108 religiose
1781 2079 1831 2097 mii-

1057 2131 1158 2153 ctorttm
1187 2122 1339 2150 memoriam
1374 2119 1666 2153 celebrantent,eﬁ"eror
1699 2117 1791 2152 gaudia
1811 2119 1830 2140 et

1057 2171 1169 2198 exsulto.
1190 2170 1252 2197 Haec
1267 2169 1445 2202 Theophanes
1463 2167 1488 2193 in
1503 2165 1613 2193 homilia
1629 2166 1662 2191 tle
1676 2164 1706 2191 S.
1723 2163 1829 2190 Δηὼ-νει.

1059 2218 1087 2245 Si
1108 2217 1168 2251 quis
1180 2216 1261 2251 igitur
1275 2214 1400 2242 ostendat
1414 2211 1485 2247 quod
1502 2211 1566 2238 illud
1584 2210 1713 2244 templum
1731 2209 1760 2236 υ.
1786 2208 1832 2234 An-

1060 2264 1129 2291 dreae
1141 2262 1185 2289 ubi
1197 2268 1349 2288 sermonem
1366 2259 1399 2286 ad
1416 2259 1488 2298 cives
1504 2257 1618 2283 faciebat
1630 2263 1705 2287 suos,
1716 2256 1770 2289 jam
1790 2261 1829 2287 pa.

1061 2311 1139 2337 triam
1153 2307 1314 2336 ostenderit.
1329 2305 1382 2332 Sed
1399 2306 1459 2339 quis
1478 2300 1504 2331 in
1530 2303 1594 2330 illud
1623 2302 1735 2336 digitum
1760 2299 1833 2334 possit

1062 2356 1214 2386 intendere,
1232 2361 1263 2380 ac
1283 2357 1357 2380 certo
1377 2342 1574 2379 demonstrare,
1588 2348 1650 2383 quis
1665 2355 1697 2375 ex
1711 2350 1778 2373 tanta
1793 2353 1833 2370 an-

1061 2401 1197 2435 tiquitate,
1213 2403 1273 2433 post
1289 2402 1327 2424 tot
1343 2400 1531 2430 tempestatum
1547 2395 1629 2426 vices,
1645 2397 1706 2428 post
1720 2392 1833 2419 Sarrace

1064 2454 1157 2474 norunt
1170 2446 1272 2473 cladem
1288 2442 1545 2475 demolitionemquc
1556 2439 1716 2472 templorum
1739 2440 1765 2464 et
1791 2441 1832 2468 op-

1064 2493 1186 2526 pidorum
1204 2489 1288 2524 possit
1300 2486 1412 2514 eruere?
1426 2487 1478 2514 Sed
1490 2486 1598 2521 agejatn
1614 2483 1705 2511 atliatn
1718 2490 1767 2509 nou
1783 2481 1834 2506 Del-

1065 2538 1156 2572 phico,
1172 2535 1229 2568 sed,
1247 2539 1376 2568 utspcro,
1391 2531 1494 2560 ccelesti
1512 2538 1567 2558 rem
1586 2530 1747 2557 divinemns.
1773 2527 1835 2559 Qut-

1067 2589 1128 2611 luor
1144 2590 1207 2610 vero
1223 2582 1293 2608 unde
1313 2585 1366 2608 tota
1402 2578 1574 2606 ratiocinatio
1602 2577 1711 2611 pendet,
1735 2579 1834 2607 antepo-

1068 2631 1155 2656 nenda
1167 2633 1227 2655 sunt
1241 2636 1247 2653 :
1262 2627 1388 2661 primum,
1404 2626 1490 2651 locum
1510 2625 1553 2651 ubi
1583 2631 1673 2651 sermo
1702 2621 1836 2648 habt-batur

1069 2678 1152 2704 fuisse
1182 2675 1328 2703 nativitatis
1346 2679 1373 2700 et
1397 2671 1563 2699 educationis
1587 2669 1674 2696 locum
1705 2668 1772 2703 quod
1799 2673 1836 2700 per

1069 2730 1097 2750 sc
1129 2726 1219 2755 patet;
1246 2720 1371 2751 alterum,
1400 2717 1489 2744 dedita
1522 2722 1603 2749 opera
1633 2714 1738 2741 venisse
1760 2712 1835 2739 Theo-

1069 2769 1182 2802 phanem
1215 2766 1247 2792 ad
1278 2773 1338 2791 cum
1375 2772 1423 2791 suo
1452 2769 1576 2790 sermone
1608 2758 1834 2788 cohonestandum.

1068 2801 1139 2847 quod
1161 2811 1241 2838 etiam
1255 2817 1288 2837 ex
1306 2809 1370 2843 ipsis
1393 2808 1481 2834 verbis
1502 2814 1554 2838 nou
1580 2807 1695 2833 obscure
1727 2801 1835 2834 intelligi-

1069 2863 1123 2887 tur.
1143 2857 1262 2887 tcrtiutn,
1278 2856 1357 2883 taletn
1374 2854 1457 2882 fuisse
1468 2854 1556 2881 locum
1575 2852 1601 2879 iu
1627 2858 1680 2885 quo
1705 2858 1754 2878 non
1778 2855 1833 2876 sem-
