1874 3055
64 141 90 170 S‘J
545 142 744 172 FRANCISCI
767 142 894 172 SCORSI
915 143 1131 175 PROOEMIUM
1161 145 1202 175 II.
1648 148 1681 177 {‘0

65 197 207 231 rer-legere
231 204 263 223 ac
294 198 474 224 s~rmocinari
503 203 669 229 eonsttnssct,
694 198 743 225 hoc
767 198 839 224 cnim

65 243 174 269 ridentur
191 243 307 270 innucre
327 244 372 270 illa
401 244 478 269 verba
499 252 505 270 :
524 244 614 278 NI'IIUE
628 245 696 270 enim
711 241 760 270 huc
772 244 841 274 veni,

65 295 88 315 et
102 293 203 315 ornatus
217 288 373 322 eloquentia
389 290 565 323 conapicercr:
586 290 691 323 signum
713 290 783 316 enim
801 292 842 314 cst

65 340 104 359 eos
114 334 247 360 auditores
258 341 312 359 non
328 335 475 361 admiratus
488 339 549 359 ante
565 334 746 368 eloquentiam
759 332 841 360 fuisse

66 378 240 412 Theophanis;
268 385 412 412 quartum,
439 387 500 405 eum
526 384 671 413 antequam
700 380 842 413 episcopus

66 430 224 451 consecratus
267 424 384 456 Μίδεω,
421 425 597 452 monasticam
639 425 720 452 vitam
760 424 842 451 fuisse

65 470 199 505 professum
217 479 223 496 :
244 470 296 496 hoc
311 477 480 504 postremum
497 479 548 497 non
580 479 610 497 ex
636 472 768 505 protentio
794 471 842 497 ho-

64 517 142 547 militc,
161 521 189 542 ut
204 516 255 542 tria
274 517 467 544 antecedentia
485 517 658 550 colliguntur,
679 517 725 542 sed
751 520 842 542 osten-

61 563 126 589 ditur
140 570 170 589 ex
189 563 549 590 consuetudineOrientalis
563 563 699 594 Ecelcsia},
731 563 758 589 in
787 569 840 595 qua

64 616 90 635 ex
107 608 241 634 monachis
268 609 392 643 episcopi
420 609 498 643 deligi
524 612 736 636 consueverunt.
763 607 840 641 Quod

64 662 134 689 supra
165 653 214 689 §ll
240 655 353 682 ostendi
385 655 525 689 ipsiusmet
552 654 640 682 Photii
686 655 840 689 pscudopa-

65 701 176 727 triarclne
185 701 326 735 exemplo,
344 701 414 735 quod
431 702 510 727 ctiam
525 701 644 728 ostendit
672 700 842 734 apertissime

64 746 175 774 Nicolaus
189 755 257 781 papa
275 746 285 772 1
304 747 331 774 in
352 748 463 781 epistola
482 748 514 774 ad
537 746 709 774 llincmarttm
735 746 840 773 Gallia-

65 801 114 819 rnm
127 794 294 828 episcopum,
315 793 359 820 ubi
387 793 511 821 refellens
532 793 693 820 calnmninn
719 793 754 820 ab
785 792 842 828 ipso

66 839 149 866 l‘hotio
172 838 278 866 Latinis
309 839 478 874 impositam;
504 841 574 873 quod
597 839 739 870 diaconus.
761 843 840 866 ante-

67 891 133 916 quam
152 883 296 918 presbyter
308 889 382 910 esset
404 884 556 916 ordinatus,
577 883 610 910 ad
636 883 754 918 episcopi
783 892 841 910 mtt-

68 937 109 956 ntts
117 934 334 963 promoveretur,
348 929 388 956 sic
415 929 454 956 ait
468 938 475 957 :
491 929 525 955 Et
542 930 604 964 quia
628 929 754 956 diaconus
787 937 838 956 non

67 981 156 1008 sumpto
171 975 372 1010 presbyteratus
387 976 476 1010 ofﬁcio
492 975 562 1008 apud
579 983 625 1002 nos
648 976 782 1010 episcopus
798 983 843 1001 or-

68 1022 170 1053 dinatur,
197 1029 257 1047 cum
271 1022 322 1055 ipsi
347 1022 428 1048 etiam
461 1021 535 1048 illum
561 1029 636 1054 quem
661 1022 841 1056 potriarcham

68 1073 132 1091 suum
162 1065 312 1097 nominant,
341 1074 356 1092 α
391 1065 458 1092 laico
487 1064 571 1092 subito
598 1069 790 1095 consecratum.
817 1070 842 1092 et

57 1109 344 1142 monachumtfaclum
374 1109 445 1136 saltu
471 1109 505 1135 ad
546 1109 710 1143 episcopatus
745 1108 842 1142 apicem

69 1155 183 1188 imperiali
193 1155 284 1189 fauore
297 1160 322 1181 et
335 1155 444 1182 brachio
457 1155 594 1189 prouehere
615 1155 721 1181 minime
746 1154 842 1188 formi-

69 1202 154 1228 dan'nt.
179 1201 247 1233 Quid
278 1207 372 1228 autem
390 1209 501 1229 necesse
527 1206 586 1228 erat
613 1209 674 1228 eum
702 1203 842 1229 attendere

70 1247 140 1279 prius,
151 1252 175 1274 et
187 1247 354 1274 monachum
371 1247 488 1278 initiare,
503 1248 553 1274 nisi
571 1252 600 1274 ut
614 1248 695 1274 etiam
721 1248 747 1274 in
768 1251 842 1274 tanta

71 1293 225 1323 perversionc
241 1298 269 1319 et
284 1293 417 1320 violentia
436 1293 508 1324 facti.
521 1293 687 1321 consuetudo
701 1301 752 1321 non
776 1301 843 1328 pra:-

71 1338 257 1370 tt-rmitteretur,
274 1343 304 1365 et
315 1346 350 1366 ne
364 1338 502 1373 illegitime
522 1338 611 1366 factus
627 1338 775 1366 videretur.
789 1338 841 1365 Sed

72 1390 152 1418 pra-ter
165 1385 234 1411 hanc
248 1385 477 1412 consuetudinem
503 1385 590 1412 habeo
614 1384 694 1412 etiam
722 1384 748 1411 in
774 1384 842 1411 meis

72 1431 236 1458 monumentis
254 1431 272 1457 a‘
282 1430 315 1458 1).
333 1430 446 1458 Octavio
461 1430 579 1458 Caetano
602 1430 721 1458 collectis
742 1430 843 1464 episto-

73 1477 113 1502 lam
137 1477 218 1511 ipsius
255 1476 348 1504 Photii
377 1477 487 1504 missam
515 1475 673 1510 Theophani
709 1476 853 1502 monacho-

72 1521 147 1549 Grmce
157 1522 297 1557 scriptam.
315 1530 399 1550 manu
416 1521 447 1549 P.
459 1522 551 1550 Jacobi
566 1521 714 1555 Sirmundi,
738 1525 764 1548 et
792 1521 844 1548 La-

74 1569 116 1595 line
128 1570 159 1595 ab
173 1569 266 1595 eodem
283 1568 430 1601 redditam,
453 1569 654 1603 depromptam,
680 1572 711 1595 ut
739 1567 842 1602 judico,

73 1621 98 1640 ex
112 1613 267 1641 bibliotheca
281 1614 431 1641 eardinalis
440 1613 590 1645 Columnae,
605 1620 666 1648 quae
690 1613 740 1639 fuit.
763 1617 843 1639 antea

74 1658 203 1685 cardinalis
218 1658 326 1691 Sirleti,
337 1667 408 1686 nunc
424 1659 522 1686 dicitur
535 1659 613 1686 ducis
628 1659 760 1692 Altemps,
773 1658 844 1685 unde

74 1703 158 1731 multas
169 1704 300 1732 Baronius
313 1705 386 1732 eruit
403 1709 430 1732 et
449 1706 476 1732 in
503 1712 567 1732 suos
589 1704 704 1731 Annalea
732 1703 845 1731 contulit

75 1757 130 1783 quas
147 1758 204 1777 cum
234 1750 330 1778 multis
356 1750 417 1778 aliis
444 1751 469 1778 in
494 1758 525 1778 ea
551 1750 714 1777 bibliotheca
735 1755 843 1776 exstare

76 1795 171 1822 allirmat
184 1801 237 1823 tom
251 1796 287 1824 Χ.
303 1796 371 1823 Eam
384 1797 465 1831 igitur
480 1796 606 1830 quoniam
621 1799 647 1823 et
659 1795 693 1822 ad
708 1795 846 1828 bauc_dis-

77 1843 221 1875 putationem
243 1844 365 1869 maxime
382 1842 457 1874 facit,
470 1845 497 1869 et
511 1842 544 1868 ad
561 1842 645 1868 multa
660 1841 711 1868 alia
729 1845 772 1868 est
797 1848 844 1868 ac-

78 1889 226 1915 commodata
241 1889 275 1916 de
293 1889 394 1923 quibus
414 1888 514 1921 dicam,
527 1888 660 1922 inlegram
684 1887 778 1914 Gra‘ce
806 1887 846 1913 si—

79 1935 121 1961 mnl
139 1941 161 1962 et
184 1936 280 1963 Latine
303 1935 467 1962 describam.
491 1934 616 1970 Θεοφάνη
644 1933 798 1969 μονάζοντι.
816 1934 846 1960 Εἰ

80 1980 112 2006 σοὶ
134 1981 204 2014 φῡω
236 1983 269 2007 τὸ
296 1981 367 2016 πρὸς
390 1980 470 2016 ἡμῶν
495 1981 550 2006 τῶν
576 1979 693 2006 εὐτελῶν
719 1979 846 2014 γράμμα,

79 2035 99 2052 κ.
114 2036 135 2054 τ.
152 2027 177 2053 λ.
198 2027 350 2062 Theophani
365 2026 501 2053 monac/to.
527 2035 536 2051 ε
566 2025 596 2052 Si
630 2029 655 2051 te
686 2024 847 2051 humilitatis

80 2077 160 2098 nostm
172 2073 318 2104 delectant,
340 2081 349 2097 ι
371 2076 424 2098 etc.
442 2071 507 2098 Vide
531 2071 598 2097 inter
614 2069 739 2105 epistula:
760 2069 847 2096 Photii

80 2116 116 2142 sub
128 2124 192 2143 nunt.
207 2117 273 2149 202,
293 2119 406 2151 Operam
431 2117 511 2150 ipsius
530 2115 618 2141 Pliatt'i
646 2115 768 2142 editionis
796 2122 846 2140 no-

80 2168 129 2188 lim’
144 2169 201 2191 tam.
216 2163 257 2196 11,
274 2163 432 2197 Patrologitc
442 2161 517 2194 CCII,
529 2162 580 2188 col.
596 2162 660 2195 925.
674 2160 846 2188 Eot'r.Ptt'rtt.

108 2209 254 2244 Theophani
274 2214 367 2236 nostro
383 2209 489 2235 missam
506 2208 577 2235 hanc
594 2207 734 2242 epistolam
765 2207 847 2233 multa

82 2255 193 2288 suadent;
217 2255 310 2282 Sicilia
331 2255 388 2289 ipsa
406 2254 481 2287 cujus
495 2253 523 2281 ﬁt
538 2253 639 2280 mentio
656 2253 681 2280 in
711 2253 767 2287 ipsa
791 2253 849 2286 cpi-
862 2268 868 2272 -

82 2301 153 2334 stola;
164 2302 270 2336 etquod
281 2309 343 2329 cum
358 2301 411 2328 illis
423 2309 476 2327 una
494 2302 657 2335 reperiatur,
673 2307 732 2334 qua:
743 2305 770 2326 et
781 2299 849 2327 Grc.-

83 2348 144 2381 gnrio
165 2347 336 2382 Syracusano
364 2348 500 2381 episcopo,
528 2351 556 2374 et
573 2346 720 2381 Euthymio
741 2345 849 2373 Catane:

85 2394 239 2428 melropulitae
257 2399 285 2421 et
301 2394 393 2420 Marco
404 2393 495 2420 Siculo
515 2392 623 2427 scripta:
643 2396 718 2424 sunt,
737 2397 762 2419 et
778 2396 847 2418 tem-

84 2440 144 2471 poris
159 2441 222 2468 ratio
247 2448 329 2475 quam
347 2440 416 2466 infra
438 2439 563 2467 subtilius
593 2438 754 2473 supputabo.
781 2436 847 2464 Nam

85 2482 157 2512 Phoui
173 2490 291 2521 tempore
311 2485 457 2512 Zacharias
466 2491 524 2512 erat
540 2485 682 2519 episcopus
698 2484 849 2511 Taurome-

87 2530 115 2556 nii
128 2531 265 2566 eodemque
284 2539 339 2566 quo
355 2529 501 2566 Gregorius
518 2530 632 2558 Asbesla
655 2530 849 2565 Syracusarum

87 2575 261 2612 etEuthymius
275 2577 395 2603 (Iolaum.
417 2576 472 2603 lloc
501 2576 583 2610 igitur
611 2581 731 2610 tempore
760 2575 850 2602 Theo-

89 2621 183 2653 plnanem
194 2623 280 2650 adhuc
295 2623 471 2650 monasticam
485 2623 574 2657 egisse
587 2623 680 2653 vitam,
699 2630 730 2649 ex
751 2629 802 2656 qua
816 2622 848 2648 ad

89 2667 187 2702 episcopi
205 2669 363 2704 dignitatem
381 2673 501 2701 evectus,
518 2673 545 2695 et
568 2667 708 2695 Zacharire
738 2675 848 2694 succes-

90 2720 125 2739 εον
146 2714 230 2746 fuerit,
261 2715 381 2742 maxime
411 2715 545 2750 congruit,
575 2719 629 2742 tum
658 2715 795 2749 sapientiae
818 2721 849 2741 ac

91 2757 197 2786 doctrinae
207 2759 261 2786 laus
274 2759 326 2794 ipsi
346 2760 446 2787 tributa
463 2767 478 2787 a
504 2759 609 2791 Photio,
634 2767 693 2793 quat
720 2759 800 2786 etiam
822 2760 848 2786 in

91 2801 292 2836 inscriptionibus
319 2805 400 2839 hujus
430 2806 520 2840 operis
548 2810 702 2832 constanter
727 2805 847 2840 legitur:

92 2851 135 2874 tum
151 2849 232 2877 datum
246 2852 384 2886 negotium
398 2851 557 2886 coargncndi
574 2851 641 2886 ejus,
658 2851 701 2885 qui
723 2851 845 2878 Incrcsim

897 199 1100 232 disseminabat,
1114 207 1174 226 cum
1192 200 1290 226 diceret
1305 199 1439 226 Christum
1458 208 1509 226 non
1537 209 1596 228 csao
1620 204 1680 236 pitt-

895 243 1010 277 gendnm
1025 249 1051 270 et
1068 244 1093 270 in
1108 245 1224 276 imagine
1251 244 1430 276 adorandum,
1460 245 1531 278 quod
1553 247 1678 280 pietatem

895 289 1018 321 ctzelutu
1031 291 1135 316 tuendte
1154 290 1213 316 ﬁdei
1230 290 1255 316 in
1268 290 1431 324 Theophane
1447 290 1528 317 etiam
1544 295 1599 318 tum
1619 300 1680 319 mo-
1716 323 1719 326 ,

897 335 982 359 nacho
1003 338 1150 366 spectatam
1178 333 1317 360 indit-ant:
1345 333 1413 364 lucc,
1438 334 1561 367 inquam,
1587 336 1677 362 omnia

896 379 944 413 ipsi
967 380 1077 406 missam
1109 380 1177 406 hanc
1198 379 1338 413 epistolam
1364 379 1476 407 omnino
1498 386 1601 406 certum
1623 381 1680 408 elii-
1718 373 1721 379 y

895 425 978 452 ciunt.
999 425 1045 452 llis
1061 426 1142 459 igitur
1160 426 1270 459 putatis,
1285 425 1316 452 ad
1330 433 1385 452 rem
1414 426 1578 461 propositam
1601 435 1679 454 accc-

894 471 1000 497 datnus.
1022 471 1078 497 Duo
1098 471 1124 497 S.
1144 472 1257 498 Andrete
1271 471 1367 506 templa
1389 479 1421 498 ac
1436 472 1599 498 monasteria
1614 477 1679 500 sunt

895 517 927 543 de
943 524 1056 550 quorum
1075 517 1204 543 alterutro
1219 517 1293 551 loqui
1306 518 1331 543 in
1357 518 1468 544 homilia
1497 518 1676 552 Theophanes

896 564 979 596 possit
998 564 1132 597 :primum
1151 564 1214 590 illud
1227 564 1259 590 de
1277 571 1330 598 quo
1363 564 1391 590 S.
1424 564 1569 599 Gregorius
1597 565 1677 600 epist.

898 609 931 635 57
948 609 1004 636 ind.
1019 617 1059 641 xt,
1074 609 1121 636 lib.
1137 613 1165 640 ti,
1181 611 1213 636 ad
1231 610 1412 636 Secundinum
1437 610 1607 637 Tauremonii
1622 611 1679 646 epi-

895 655 1110 688 st-opumsrribit
1126 656 1167 682 his
1177 656 1266 682 verbis
1285 665 1291 682 :
1312 655 1417 682 Pridem
1433 657 1614 690 ρνιτνεερὶηιιιε,
1642 662 1670 684 ut

895 701 926 726 de
939 702 1095 727 monasterio
1109 701 1138 728 S.
1155 702 1277 733 AndrMe,
1294 703 1363 736 quod
1377 707 1413 728 est
1434 711 1510 735 super
1527 702 1676 736 Musca/im,

895 745 1074 778 baptisterium
1095 750 1199 779 propter
1223 746 1411 772 monac/torum
1440 747 1606 773 insolentiam
1631 748 1672 773 de-

895 791 990 817 buisset
1007 791 1116 825 auferri,
1130 796 1207 826 atque
1222 793 1247 818 in
1258 792 1346 818 eodeni
1359 792 1426 825 Iloro
1445 801 1494 826 quo
1507 791 1589 826 fontes
1605 797 1676 823 stntt,

895 836 979 862 altare
993 836 1110 871 fundari.
1127 835 1188 863 liter.
1205 836 1232 863 S.
1250 836 1399 871 Gregorius
1419 845 1426 863 :
1455 845 1487 863 ex
1512 845 1565 871 quo
1595 837 1679 864 habes

895 883 1111 916 antiquissimum
1129 882 1279 910 coenobium
1294 887 1321 909 et
1348 883 1474 916 templum
1499 883 1529 910 S.
1553 883 1677 915 Andt'ete,

894 932 919 954 et
929 929 1034 962 quidem
1048 928 1283 955 Tauromenitana:
1298 928 1423 956 diwccsis
1437 933 1497 955 ante
1512 929 1678 957 Sarraceno-

895 982 954 1000 rttm
980 974 1168 1008 irruptionem.
1196 973 1329 1008 Oppidum
1359 979 1447 1002 autem
1469 975 1594 1003 Mascalis
1623 984 1676 1003 non

894 1019 973 1054 longe
991 1020 1067 1047 abest
1084 1027 1098 1047 a
1115 1020 1306 1051 Tauromenio,
1323 1029 1450 1055 passuum
1478 1021 1582 1049 scilicet
1616 1027 1677 1049 orto

894 1068 1002 1096 millia:
1026 1075 1085 1095 nam
1116 1073 1143 1095 et
1167 1076 1231 1104 ager
1250 1068 1384 1101 Masculis,
1409 1069 1454 1104 qui
1482 1073 1508 1096 et
1538 1069 1617 1096 ltodic
1636 1069 1677 1097 sic

895 1113 1058 1145 nominatur,
1073 1113 1301 1142 Tauromenitano
1320 1122 1385 1148 agro
1401 1115 1516 1142 conﬁnis
1544 1119 1594 1142 est.
1609 1115 1676 1142 Illud

894 1162 983 1184 autem
997 1159 1125 1192 oppidum
1144 1159 1248 1193 regium
1262 1164 1330 1189 erat.
1350 1165 1377 1187 et
1396 1167 1481 1194 usque
1504 1159 1537 1186 ad
1556 1163 1676 1192 tempora

895 1203 1026 1230 Friderici
1039 1204 1162 1234 secundi.
1179 1204 1278 1230 Sicilire
1300 1204 1381 1237 regis.
1399 1205 1431 1231 ad
1450 1212 1549 1230 annum
1574 1204 1678 1231 scilicet

896 1247 964 1274 1296
980 1248 1066 1280 stetit,
1083 1255 1136 1282 quo
1152 1253 1281 1281 regnante
1305 1255 1319 1274 a
1353 1249 1469 1281 Rogcrio
1497 1248 1592 1274 Lauria
1618 1256 1679 1282 pcr-

895 1294 986 1326 duelli,
997 1294 1175 1320 intlurtoilluc
1187 1294 1306 1320 exercitu
1317 1294 1454 1320 incensum
1468 1293 1527 1321 fuit.
1547 1294 1598 1321 Sed
1613 1301 1678 1320 vero

895 1339 927 1366 de
937 1341 993 1366 aede
1009 1339 1038 1366 S.
1055 1339 1170 1366 Andrew
1178 1340 1209 1366 ad
1231 1339 1361 1366 lllasralas
1375 1344 1464 1367 exstat
1497 1340 1577 1366 ctiam
1603 1346 1678 1365 men.

896 1385 932 1411 lio
949 1385 1017 1418 apud
1036 1385 1157 1412 eumdem
1174 1385 1305 1412 Thomam
1326 1385 1460 1412 Fazellum
1478 1394 1485 1412 :
1508 1392 1565 1411 catn
1595 1385 1680 1418 siqni-

894 1431 954 1458 dem
968 1436 1085 1458 erectam
1103 1439 1116 1458 a
1132 1430 1234 1458 Joanne
1250 1432 1322 1463 Dive,
1337 1439 1432 1465 coque,
1454 1435 1481 1457 ttt
1504 1435 1604 1465 pestem
1635 1430 1679 1456 Si-

895 1479 956 1505 cilia
972 1483 1025 1504 tota
1040 1482 1207 1512 grassantem
1221 1478 1346 1504 eraderet
1361 1476 1525 1511 confugisse,
1543 1482 1569 1504 et
1587 1481 1676 1503 tamen

895 1524 992 1551 ibidem
1009 1531 1023 1550 a
1036 1528 1134 1556 morte,
1154 1531 1213 1559 qum
1228 1523 1348 1557 fugacem
1382 1523 1551 1557 persequitur
1578 1522 1677 1553 virum,

895 1577 1124 1604 cuntoppressnm
1146 1570 1240 1597 scribit
1256 1570 1302 1596 lib.
1320 1577 1358 1600 tr,
1380 1576 1440 1603 cap.
1467 1569 1499 1600 5;
1524 1568 1593 1602 quo-l
1621 1567 1678 1594 Iure

896 1616 989 1642 eadem
1010 1623 1069 1650 qua:
1084 1619 1203 1650 tempore
1225 1615 1254 1642 S.
1283 1614 1404 1647 Gregorii
1428 1617 1537 1640 steterat
1554 1621 1560 1639 :
1580 1612 1676 1638 iterum

895 1666 982 1689 erecta
999 1669 1012 1688 a
1033 1660 1134 1688 Jmnne
1148 1661 1220 1693 Dive,
1231 1668 1292 1695 qua).
1305 1667 1319 1686 a
1334 1659 1490 1686 Sarracenis
1512 1657 1592 1685 fuerit
1606 1657 1681 1691 deje-

896 1712 938 1734 cta
952 1707 1104 1734 verosimilc
1121 1706 1204 1733 videri
1229 1710 1330 1741 potest.
1346 1705 1408 1732 Mihi
1425 1705 1505 1738 igitur
1531 1703 1588 1730 haec
1615 1710 1680 1730 con-

893 1752 996 1786 jectura
1026 1753 1058 1778 ad
1085 1752 1225 1779 veritatem
1259 1751 1381 1785 proxime
1411 1749 1517 1776 videtur
1538 1747 1679 1780 accedere,

897 1799 1087 1833 Theophanem
1104 1802 1223 1825 nostrum
1236 1797 1261 1824 in
1274 1804 1306 1824 eo
1319 1796 1482 1824 monasterio
1497 1795 1525 1821 S.
1553 1794 1679 1824 Andreae.

897 1845 930 1873 de
940 1853 993 1880 quo
1008 1845 1035 1872 S.
1054 1844 1200 1879 Gregorius
1216 1845 1248 1871 ad
1267 1843 1448 1870 Secundinum
1468 1842 1572 1873 scribit,
1597 1840 1680 1867 fuisse

897 1891 1059 1926 educatum;
1074 1892 1099 1918 in
1115 1898 1146 1918 eo
1162 1890 1268 1917 litteras
1284 1897 1374 1916 sacras
1388 1896 1402 1915 a
1415 1895 1478 1915 sene
1492 1887 1547 1919 illo,
1571 1886 1605 1913 de
1628 1893 1680 1918 quo

898 1937 1027 1969 loquitur,
1055 1942 1167 1969 puerum
1196 1934 1339 1965 didicisse;
1372 1931 1560 1967 progrediente
1585 1929 1680 1956 deinde

900 1987 1029 2016 tempore,
1045 1988 1105 2008 cum
1124 1980 1179 2014 jam
1204 1978 1376 2005 Tauromcnii
1404 1978 1546 2011 cpiscopus
1571 1980 1679 2002 creatus

898 2035 980 2059 cssrt,
997 2030 1027 2055 ad
1048 2029 1073 2055 id
1090 2029 1217 2061 templum
1234 2027 1276 2053 die
1289 2026 1315 2054 S.
1332 2026 1446 2052 Andreat
1459 2032 1537 2051 sacro
1549 2032 1594 2050 sua
1611 2031 1680 2058 prm-

898 2075 984 2102 sentia
999 2081 1030 2101 ac
1047 2081 1172 2100 Sermone
1190 2071 1383 2102 decorandum,
1401 2078 1462 2097 cum
1482 2077 1537 2096 Sine
1555 2070 1680 2095 dimcesis

899 2127 981 2152 eset.
995 2129 1044 2148 nec
1059 2125 1112 2148 tam
1129 2119 1205 2154 longe
1221 2126 1234 2146 a
1256 2116 1436 2144 'l‘anromenio
1448 2115 1562 2146 abesset,
1577 2122 1609 2141 eo
1622 2119 1678 2140 slu-

898 2168 941 2195 dio
959 2167 1045 2194 altrici
1065 2165 1159 2200 patria:
1172 2164 1248 2199 pretii
1278 2161 1441 2196 rependendi
1467 2168 1496 2188 se
1522 2158 1680 2188 contulisse.

899 2213 1019 2240 Alterum
1041 2211 1069 2239 S.
1093 2210 1207 2236 Andreae
1222 2208 1349 2242 templum
1370 2214 1418 2233 seu
1445 2205 1532 2240 potius
1554 2204 1679 2236 aedicula,

899 2266 978 2293 quam
995 2258 1102 2285 trahere
1112 2256 1144 2283 ad
1157 2255 1339 2290 conjecturam
1355 2252 1501 2288 possimus,
1518 2255 1559 2278 est
1577 2249 1682 2276 Tauro-

899 2302 1147 2337 menii;cujusego
1163 2300 1265 2328 visendi
1278 2306 1359 2326 causa
1392 2297 1494 2325 nullam
1521 2297 1599 2323 aliam
1632 2295 1682 2322 ha-

899 2349 965 2376 heus
987 2347 1091 2374 itineris
1117 2346 1245 2379 faciundi,
1271 2353 1303 2372 co
1331 2352 1374 2372 me
1394 2342 1509 2375 contuli,
1533 2346 1562 2369 ut
1585 2341 1618 2368 de
1633 2341 1684 2368 hoc

902 2393 1010 2427 templo,
1036 2393 1107 2420 unde
1139 2393 1224 2426 patria
1251 2391 1428 2425 Theophanis
1451 2387 1554 2416 ostendi
1582 2390 1683 2421 posset,

900 2439 966 2466 certi
981 2438 1079 2472 aliquid
1099 2437 1219 2465 nancisci
1236 2443 1355 2470 possem.
1385 2434 1472 2461 Situm
1499 2437 1541 2460 est
1565 2432 1628 2458 illud
1657 2431 1683 2457 in

902 2484 972 2511 edita
998 2491 1064 2518 rupe
1093 2491 1152 2517 qum
1180 2489 1261 2516 supra
1283 2487 1357 2508 mare
1372 2479 1451 2506 altius
1462 2477 1591 2511 assurgit,
1607 2475 1685 2502 undi-

901 2536 1007 2563 quaquc
1023 2529 1134 2563 prtncisa
1150 2527 1290 2559 lateribus,
1315 2532 1343 2552 et
1367 2532 1428 2552 cuin
1455 2522 1685 2550 Tauromenitano

901 2573 960 2600 solo
976 2573 1010 2600 ad
1026 2580 1150 2600 occasum
1170 2571 1316 2598 continenti
1336 2572 1450 2604 angusta
1466 2567 1560 2595 semita
1594 2566 1684 2592 adim-

902 2627 979 2650 rcns;
995 2623 1075 2652 atque
1090 2617 1123 2644 ab
1138 2617 1251 2652 ipsatnct
1266 2616 1322 2643 :edc
1335 2613 1545 2650 promontorium
1563 2611 1592 2638 S.
1629 2611 1684 2637 Au-

901 2665 971 2691 dre:c
985 2664 1145 2698 appellatur,
1173 2663 1207 2689 ab
1218 2662 1316 2696 oppido
1331 2666 1360 2688 ut
1372 2667 1442 2687 nunc
1468 2667 1510 2686 res
1531 2662 1603 2689 sunt,
1631 2657 1684 2683 dno

902 2708 1025 2736 milliaria
1037 2707 1171 2734 dissitum.
1185 2707 1212 2734 Si
1225 2713 1284 2733 eam
1295 2706 1380 2732 aedem
1396 2703 1598 2737 contempleris,
1631 2709 1683 2728 non
1714 2734 1716 2740 ν

902 2753 1068 2781 monasterio
1082 2753 1235 2786 adjunctam
1251 2751 1380 2785 suspicari
1405 2750 1508 2784 possis;
1538 2753 1624 2775 tamen
1658 2752 1685 2773 et

903 2807 964 2827 arca
979 2806 1060 2832 capax
1074 2803 1115 2824 est
1134 2798 1239 2825 mdiﬁeii
1256 2797 1383 2828 coenobii,
1401 2801 1427 2823 ct
1454 2796 1528 2822 locus
1552 2796 1685 2824 desertus,

905 2850 931 2874 ct
945 2845 978 2872 ab
994 2844 1132 2872 hominum
1155 2851 1264 2872 accessu
1276 2847 1394 2872 semotus
1407 2841 1522 2875 videtur,
1539 2840 1604 2867 vita:
1627 2847 1685 2866 mo-
