1874 3055
224 121 254 152 fil
711 135 914 169 FRANCISCI
932 139 1066 170 SCORSI
1084 142 1300 178 PROOEMIUM
1322 150 1364 180 Il.
1798 162 1826 192 92

222 181 331 207 ttasticu-
347 186 373 209 et
387 185 608 220 contemplationi
639 191 733 219 dedita:
760 195 827 222 satis
861 203 1012 223 accommo-

220 224 280 252 dus.
303 226 416 255 Exstant
431 234 459 256 et
475 236 537 258 ante
549 233 632 261 mdent
655 236 742 264 adhuc
775 239 882 267 aedilicii
913 244 1013 271 veteris

220 277 413 308 murorumque
423 277 533 312 vestigia
544 287 554 307 :
565 287 676 313 qttorttm
687 283 774 318 aliqua
786 286 931 314 eminentia
942 290 1010 323 solo,

219 317 369 349 aliquorum
383 320 557 350 fundamenta
572 325 622 360 ipsi
638 328 696 354 solo
713 335 817 364 :cqnala
837 338 981 360 cernuntu'
1001 344 1009 362 :

219 368 348 394 praetcrea
363 366 495 395 columna
510 375 625 403 qttatuor
648 375 760 407 palmari
788 378 928 407 altitudine
959 381 1009 408 sIbi

218 407 331 434 invicem
345 411 478 443 quadrato
493 413 578 442 latere
598 421 805 452 respondentia.
831 423 883 451 Sed
919 429 1007 453 tamen

219 452 527 486 cujusmmlimdiliciuut
552 460 643 492 fuerit.
670 472 750 492 nemo
774 472 815 494 est
845 469 889 502 qui
909 472 1007 499 tradat.

217 497 304 524 Possit
316 500 377 533 quis
393 506 519 536 augurari
537 506 572 534 ibi
588 508 672 536 fuisse
693 515 888 541 monasterium
906 515 935 543 S.
950 517 1007 544 An-

216 542 288 569 dreze
302 545 400 580 templo
417 549 600 585 coniunctum,
622 556 693 588 qttod
705 563 752 590 per
767 565 797 585 ea
816 565 935 593 tempora
949 570 1007 590 ant-

215 587 285 621 plius
297 589 435 623 aliquanto
448 593 538 623 fuerit.
551 596 706 629 Concursus
715 610 782 631 sane
793 607 881 640 populi
893 615 924 634 eo
942 608 1004 642 loci,

214 636 362 666 praesertim
381 637 449 665 festo
465 641 493 668 S.
514 642 628 671 Andreae
639 646 693 680 die,
707 655 720 674 a
740 636 837 685 popqu
857 651 1006 681 Taurome-

215 679 306 707 ttitatto
323 682 380 710 lieri
391 692 549 719 consuetus,
564 690 678 719 suadere
691 700 780 727 posset
792 704 852 724 cum
866 707 880 726 a
907 701 1004 734 priscis

215 724 268 752 i'lis
286 730 452 762 temporibus
470 731 554 761 fuisse
568 735 722 772 deductum,
742 742 840 775 quibus
856 724 1001 781 Theopha-

214 779 262 798 nes
279 773 411 806 gloriatur
428 779 521 810 patrite
542 789 596 808 stne
618 785 745 818 populum
775 789 802 816 in
832 791 1002 822 celebrandis

211 822 365 846 sanctorum
379 820 454 855 [estis
468 831 527 851 esse
545 825 733 863 frequentem;
755 834 801 860 sed
828 835 878 863 hoc
911 837 1002 866 hario—

211 861 261 888 lari
279 869 320 891 est
335 867 424 898 potius
440 875 519 902 quam
533 872 624 906 aliquo
637 882 713 903 certo
740 877 916 909 fundamento
932 892 1000 912 con-

208 908 322 940 jectare.
340 911 424 945 Igitur
437 921 497 942 cum
516 918 605 952 templi
622 919 795 951 Mascalensis
823 926 936 956 habeam
966 938 998 957 ex

208 955 288 989 epist.
305 957 333 984 S.
353 958 475 993 Gregorii
492 961 546 995 iam
561 965 644 993 relata
657 967 874 1006 fundamentum,
890 975 923 1001 ad
944 978 1000 1010 pri-

209 1008 279 1027 mam
303 1003 486 1037 conjecturam
515 1010 599 1043 magis
625 1013 739 1042 inclinat
765 1018 881 1047 animUs.
911 1021 999 1055 Atque

209 1046 216 1055 ,
232 1047 236 1052 .
417 1051 448 1055 -.

209 1046 274 1074 hinc
285 1049 392 1083 colligo.
417 1051 589 1088 Theophanis
604 1060 720 1092 patriam
737 1063 778 1089 vel
804 1064 928 1095 Mascalis
951 1046 999 1103 op-

867 1092 870 1093 '
905 1092 926 1095 "
953 1092 982 1103 “r

207 1092 311 1125 pidum,
332 1096 372 1122 vel
391 1096 563 1128 Tauromeuii
582 1103 676 1132 fuisse.
693 1106 724 1134 Et
741 1109 850 1143 quidem
878 1113 928 1140 ltoc
952 1122 997 1141 se-

205 1139 323 1167 cundum
341 1144 430 1175 potius
441 1146 579 1179 opinarer.
592 1149 647 1178 Nec
663 1153 735 1181 enim
755 1155 865 1191 impedit
889 1167 922 1186 eo
953 1161 996 1189 die

203 1191 365 1215 concursum
385 1190 512 1221 factuma
527 1197 626 1230 popttlo
653 1198 883 1232 Tauromenitauo
908 1206 935 1233 in
968 1209 993 1235 id

203 1229 231 1257 S.
250 1232 365 1262 Andreze
383 1239 524 1273 tetnplum,
537 1249 622 1277 eoqtte
637 1246 718 1273 etiam
735 1251 895 1279 convenisse
907 1253 995 1281 Theo—

202 1277 390 1311 pltanent,su;e
400 1283 424 1310 in
442 1285 468 1311 id
485 1286 590 1320 pietatis
603 1297 677 1325 ergo.
692 1293 759 1320 Cum
769 1296 838 1322 ettim
849 1305 928 1333 supra
939 1300 994 1326 Ma-

203 1324 290 1351 scalas
305 1326 330 1352 id
346 1335 428 1356 essea
443 1331 472 1357 D.
486 1332 617 1369 Gregorio
634 1338 748 1372 dicatur,
762 1344 915 1372 certeinter
937 1346 994 1373 Ma-

203 1371 333 1400 scalituet
349 1374 557 1406 Tauromenium
575 1382 655 1409 situm
673 1384 758 1413 fuisse
770 1387 847 1416 facile
865 1396 905 1417 est
917 1392 991 1426 judi-

200 1424 273 1460 care,
291 1420 412 1454 adeoque
426 1430 478 1450 non
499 1428 552 1451 tam
569 1427 646 1463 longe
661 1438 676 1457 a
706 1431 891 1463 Tauromeuio
918 1439 992 1472 posi—

200 1455 353 1498 tutn'quam
371 1466 459 1500 ipsum
473 1468 597 1499 lilascalis
612 1476 737 1509 oppidum
751 1486 820 1508 erat.

280 1510 293 1546 §
308 1511 351 1539 ιν.
373 1513 505 1542 Saeculum
522 1525 572 1552 quo
589 1519 755 1556 Theophanes
772 1527 903 1560 ﬂoruerit.

234 1557 292 1585 Non
310 1564 398 1588 estex
415 1564 541 1592 omnibus
559 1574 618 1600 qure
632 1569 657 1595 itt
681 1570 722 1597 his
735 1577 875 1606 prommiis
897 1579 989 1614 dispu~

197 1607 299 1636 tantur,
316 1612 359 1632 res
379 1615 431 1634 una
448 1610 549 1638 certior
575 1617 601 1639 ct
627 1615 735 1650 clarior,
753 1626 832 1653 quam
860 1625 986 1653 srecnlmn

195 1657 249 1681 qtto
265 1649 307 1676 Inc
333 1655 427 1678 auctor
444 1657 608 1690 cxstisteril;
640 1668 699 1687 nam
721 1668 748 1689 et
775 1664 800 1691 in
828 1666 884 1700 ipsa
896 1671 986 1697 szeculi

195 1692 373 1728 t)l)SC|lt‘ll:Il(‘,
403 1696 448 1724 ille
477 1703 604 1735 tanquam
633 1704 722 1732 lumen
749 1708 855 1742 aliquod
882 1715 987 1742 cultoris

195 1740 338 1768 erstinctis
366 1741 462 1770 elucet.
485 1744 538 1772 Nec
559 1754 622 1775 vero
653 1750 678 1776 in
707 1752 757 1778 hoc
785 1759 916 1789 prommio
944 1767 986 1788 est

197 1784 261 1810 mihi
276 1786 390 1820 alicujus
405 1790 545 1824 scriptoris
572 1801 650 1821 secus
675 1799 818 1828 sentientis
837 1807 985 1834 auctoritas

194 1829 337 1858 refellenda
354 1835 400 1860 sed
417 1835 573 1864 allirmanda
604 1842 747 1870 multorum
771 1853 842 1875 recte
863 1852 983 1880 sentien-

194 1875 269 1903 tittttt.
292 1877 357 1904 Nam
374 1878 490 1908 Jacohus
504 1882 666 1919 iGretserus,
689 1896 746 1916 soc.
763 1890 837 1926 Jesu,
859 1895 892 1921 dc
911 1897 982 1925 litte-

192 1921 263 1947 raria
289 1923 470 1960 universaque
493 1935 521 1954 re
547 1929 701 1959 Christiana
726 1937 827 1969 optitne
858 1942 980 1975 meritus,

191 1969 257 1993 tom.
271 1967 291 1994 ll
309 1968 345 1995 De
358 1978 444 2003 cruce,
465 1973 491 1999 in
513 1976 584 2001 notis
599 1978 631 2003 ad
649 1979 714 2006 duas
737 1983 875 2012 orationes
891 1987 981 2016 Thro-

190 2011 286 2044 phanis
301 2013 436 2049 Ceramei,
452 2025 545 2046 censet
561 2029 622 2048 cum
635 2022 760 2054 ﬂoruisse
785 2035 839 2062 quo
859 2035 979 2067 tempore

794 2058 800 2062 _
915 2058 977 2067 Γ.-

189 2058 280 2086 Sicilia
301 2062 418 2088 nondum
449 2067 503 2092 tota
530 2074 543 2092 a
571 2068 715 2098 Saracenis
741 2080 813 2102 esset
840 2079 977 2108 subacta:

186 2105 257 2137 quod
271 2110 313 2132 est
328 2107 399 2134 circa
416 2116 515 2137 annum
533 2111 595 2143 900,
619 2121 708 2143 tnotus
724 2125 755 2144 ca
782 2121 886 2150 ratione
905 2126 976 2158 quod

185 2155 236 2176 suo
267 2150 347 2178 liuent
381 2155 513 2182 orationis
535 2160 660 2188 secunda:
685 2163 721 2189 De
749 2172 826 2192 cruce
853 2167 976 2203 imploret

184 2198 278 2220 auctor
294 2203 370 2230 opem
387 2203 414 2224 et
430 2201 555 2228 virtutem
578 2204 749 2239 imperatoris
765 2216 858 2238 contra
879 2214 975 2248 impios

184 2237 191 2248 I
272 2240 286 2248 ι·
441 2246 445 2248 ·
474 2246 496 2248 Αν

617 2237 623 2239 _
879 2237 974 2248 .,,,,..,,.,

183 2237 349 2275 lstttaelitas;
375 2246 446 2274 qttod
474 2246 543 2274 idem
575 2249 639 2277 facit
667 2252 693 2278 in
714 2260 782 2282 oret.
800 2256 837 2282 De
861 2259 974 2288 adventu

183 2285 299 2317 Spiritus
316 2291 410 2321 structi,
426 2291 452 2317 itt
467 2295 628 2329 apostropha
641 2298 673 2323 ad
684 2298 767 2332 ipsum
779 2301 806 2328 δ.
821 2302 951 2337 Spiritum
965 2315 971 2333 :

180 2331 229 2358 Pio
246 2338 335 2360 nostro
348 2335 512 2372 imperatori,
528 2347 706 2376 propugnator
722 2347 757 2373 sis
773 2353 865 2376 contra
878 2351 970 2385 impios

181 2380 254 2412 Agar
264 2380 350 2413 ﬁlios!
366 2382 424 2414 eius
446 2385 584 2418 imperium
607 2390 634 2415 in
655 2398 719 2424 pace
735 2398 759 2420 et
781 2398 970 2431 tranquillitate

179 2431 304 2453 conserva
318 2427 329 2453 !
342 2427 437 2456 Caneri
454 2431 499 2464 qui
514 2432 539 2458 itt
556 2433 623 2461 idem
638 2438 766 2465 satculum
777 2440 968 2476 Theophanem

181 2471 332 2506 conjccere,
347 2475 380 2501 ab
393 2475 460 2509 ipso,
471 2478 562 2510 credo,
575 2487 715 2516 sutnpsere
734 2485 873 2515 Grctsero.
901 2490 967 2518 Nam

182 2516 207 2542 iu
225 2517 391 2547 Bibliotheca
407 2521 516 2549 Patrum
530 2533 625 2561 magna
641 2527 760 2558 Coloniae
775 2533 856 2565 edita,
872 2535 897 2562 in
913 2544 966 2570 qua

180 2563 238 2590 dine
254 2564 304 2592 illae
317 2567 455 2596 orationes
477 2569 511 2597 de
526 2578 606 2599 cruce
621 2580 757 2608 ponuntur
786 2587 845 2612 qum
874 2588 938 2609 sunt
951 2591 965 2610 a

178 2609 306 2652 Grctsero
317 2613 406 2646 editze,
424 2622 582 2645 recensetur
593 2619 636 2647 hic
647 2626 744 2650 auctor
762 2632 823 2652 cum
837 2626 964 2656 Patribus

626 2646 634 2647 κ
648 2646 738 2650 πην.
837 2646 848 2652 -
860 2646 962 2656 ...ιι-ωε

177 2646 266 2682 siculi
282 2657 355 2686 noni.
368 2659 455 2694 Atque
471 2662 540 2690 inter
553 2663 672 2699 ejusdem
686 2669 775 2695 saeculi
792 2670 887 2699 Patres
901 2681 962 2700 eum

177 2709 338 2730 annumerat
366 2704 520 2735 Dominicus
547 2710 675 2744 Graviua,
701 2715 804 2742 oriiuis
831 2717 964 2746 Prmdica-

177 2749 275 2779 tarum,
291 2747 315 2774 itt
329 2749 397 2777 libro
412 2751 609 2782 Catholicarttm
628 2761 854 2794 prrvscriptiouum
873 2765 965 2792 adrer-

175 2801 220 2819 sus
248 2794 384 2823 Iurreticas
414 2800 498 2826 nostri
531 2805 672 2837 tetnporis,
712 2808 755 2834 ubi
795 2810 960 2844 singulorum

176 2839 334 2868 seculorum
356 2850 433 2871 reccn
453 2844 539 2873 ioncm
562 2847 671 2878 Patrum
694 2850 767 2881 facit.
788 2853 863 2883 Dom.
890 2856 960 2885 Roc-

1067 199 1136 227 clms
1166 201 1261 233 Pirrus
1288 206 1315 233 in
1331 206 1433 236 Notitia
1459 209 1586 239 Ecclesiae
1609 213 1824 250 Taurmnenitanm,

1064 248 1188 278 quamvis
1203 257 1255 276 nott
1269 257 1344 279 certo
1358 255 1439 281 statui
1456 264 1557 284 annum
1581 266 1661 293 posse
1688 261 1761 295 dicat,
1784 273 1824 300 quo

1064 296 1160 320 auctor
1171 294 1214 322 hic
1227 297 1377 331 scripserit,
1389 303 1479 327 tamen
1495 301 1554 336 pos‘t
1567 311 1665 332 annum
1688 306 1736 334 842
1748 294 1826 338 \ixisse

1065 342 1192 373 tanquam
1211 345 1394 372 necessarium
1419 347 1521 382 colligit
1542 356 1574 377 ex
1593 351 1698 380 homilia
1721 354 1782 382 dicta
1803 358 1823 384 in

1052 383 1131 410 .lesto
1146 385 1189 412 die
1202 388 1382 418 restitutionis
1406 391 1455 420 SS.
1472 393 1632 428 imaginum,
1647 405 1704 432 qua!
1717 399 1824 428 solemnis

1063 431 1192 458 memoria
1209 432 1331 462 instituta
1357 441 1399 464 est
1416 446 1487 466 anno
1509 440 1589 468 dicto.
1610 443 1697 474 Atque
1723 445 1773 473 haec
1794 454 1825 475 cst

1060 481 1203 504 auctorutn
1218 480 1265 513 qui
1291 485 1355 509 ante
1377 491 1419 510 me
1440 486 1574 520 scripsere
1597 491 1823 526 sententia;qaam

1059 530 1120 555 ego,
1137 530 1163 550 ut
1183 524 1248 557 diti,
1268 534 1320 553 non
1335 533 1388 555 tam
1406 537 1514 564 sequor,
1535 541 1615 568 quant
1633 542 1720 563 veram
1735 545 1787 565 esse
1799 547 1824 567 ex

1059 567 1118 595 aliis
1133 568 1306 599 ltomiliarum
1321 573 1398 606 locis,
1418 584 1477 609 qute
1494 577 1531 605 illi
1550 588 1602 606 non
1616 580 1714 613 legere,
1728 583 1823 611 demon-

1057 616 1123 644 stro,
1139 618 1166 640 ct
1180 621 1236 642 rem
1253 616 1279 642 in
1296 624 1439 651 angustum
1462 623 1546 656 magis
1566 624 1671 659 deduco
1685 632 1824 663 certumque

1057 656 1168 691 designo
1185 665 1300 694 tempus.
1325 662 1358 689 Et.
1381 671 1447 692 sane
1473 666 1540 694 duos
1555 675 1685 696 annorum
1713 671 1825 700 intercur-

1056 705 1172 731 rentium
1185 708 1320 736 coustituo
1337 711 1475 743 terminos.
1488 714 1557 740 intra
1572 722 1638 748 quos
1652 716 1824 752 Theophanem

1055 748 1156 777 vixisse
1182 756 1285 780 certum
1312 756 1423 783 omnino
1454 766 1563 786 censeo.
1590 760 1698 789 Primus
1732 770 1770 791 est
1790 766 1824 793 ille

1053 801 1136 828 supra
1160 802 1268 826 notatus
1296 807 1382 828 annus
1407 803 1459 830 842
1489 812 1649 839 argumento
1670 807 1723 841 jam
1748 811 1823 845 dicto;

1053 840 1122 868 alter
1138 847 1179 870 est
1194 851 1281 872 annus
1296 854 1349 880 quo
1366 855 1475 882 captum
1492 858 1504 876 a
1520 850 1683 879 Sarracenis
1697 853 1824 882 Taurome<

1053 886 1126 914 nium
1159 887 1220 921 fuit,
1247 891 1318 924 quod
1344 892 1394 919 sub
1421 893 1520 922 Leonis
1551 897 1666 932 imperio
1697 900 1824 935 contigisse

1053 932 1133 959 tradit
1156 935 1265 968 optimae
1289 936 1350 963 ﬁdei
1378 944 1472 966 auctor
1488 940 1512 967 in
1536 943 1630 975 primis
1647 943 1824 973 Constantinus

1051 977 1320 1015 Porphyrogenneta.
1338 984 1436 1013 Leonis
1449 987 1533 1021 ipsius
1555 989 1637 1021 titius,
1655 991 1700 1017 lib.
1717 999 1734 1018 ιι
1749 992 1823 1021 Tam.

1051 1025 1155 1058 imperii
1171 1027 1278 1055 Orient.
1300 1037 1379 1064 quem
1404 1031 1492 1059 locttm
1511 1041 1590 1067 supra
1614 1037 1725 1063 relatum
1750 1039 1823 1065 recole

1049 1071 1063 1106 §
1082 1071 1224 1101 lPromm.
1239 1083 1257 1102 t.
1276 1076 1457 1106 Consentium
1483 1079 1602 1109 Joannes
1622 1083 1788 1117 Curopalatcs
1803 1092 1823 1112 ct

1048 1124 1080 1143 ex
1097 1125 1128 1146 eo
1143 1119 1261 1148 Thomas
1279 1122 1414 1156 Fazellus,
1436 1130 1462 1151 ct
1484 1126 1563 1154 Dom.
1585 1128 1709 1156 Bocchus
1732 1131 1821 1158 Pirrus.

1048 1163 1136 1196 Quoto
1161 1172 1225 1192 vero
1251 1166 1346 1195 Leonis
1367 1170 1498 1204 sapientis
1532 1180 1604 1199 anno
1627 1173 1822 1204 Tauromenium

1046 1215 1153 1243 captum
1164 1219 1176 1237 a
1192 1211 1348 1240 Sarraccnis
1362 1215 1571 1250 sitcompertum
1587 1219 1672 1246 Itaheo
1681 1227 1712 1247 ex
1725 1221 1821 1248 historh

1046 1263 1125 1289 quant
1144 1257 1177 1283 tle
1194 1257 1325 1293 Procopio
1339 1261 1466 1296 episcopo
1482 1268 1510 1290 et
1529 1265 1609 1291 sociis
1639 1265 1667 1293 iu
1696 1275 1821 1302 expugna-

1047 1301 1119 1328 tione
1134 1302 1305 1332 Tauromcnii
1325 1306 1359 1332 ab
1376 1307 1498 1335 hostibus
1523 1310 1574 1336 illis
1596 1301 1754 1340 Christiana:
1769 1301 1820 1341 lidci

1045 1346 1241 1376 immanissima
1267 1352 1407 1380 trucidatis
1435 1355 1544 1389 scripsit
1562 1355 1682 1385 Joannes
1705 1359 1821 1387 diaconus

1045 1392 1172 1421 Ecclesia:
1204 1398 1429 1432 metropolitautc,
1454 1402 1596 1429 occasione
1625 1411 1705 1438 quam
1732 1406 1818 1433 dicant.

1047 1439 1164 1473 Scripsit
1179 1441 1202 1468 is
1220 1442 1338 1470 libellum
1359 1445 1391 1471 tle
1405 1445 1597 1477 Translatione
1614 1449 1642 1476 S.
1663 1449 1778 1478 Severini
1792 1460 1818 1480 ex

1042 1486 1153 1513 castello
1169 1487 1306 1515 Luculauo
1321 1490 1347 1516 itt
1375 1491 1466 1519 urbem
1493 1493 1640 1527 Neapolim,
1663 1504 1723 1531 quze
1741 1503 1820 1526 trans-

1042 1531 1106 1558 latio
1130 1532 1199 1560 l'acta
1224 1539 1265 1561 cst
1290 1535 1414 1563 Brachini
1447 1538 1501 1572 (alii
1527 1540 1662 1575 Abruyam
1683 1544 1817 1575 nominant,

1039 1579 1086 1605 sed
1107 1587 1138 1606 ex
1165 1580 1216 1607 hoc
1240 1581 1303 1608 illud
1322 1585 1499 1620 corruptum),
1518 1586 1728 1616 Sdll‘lCCllOl‘lltll
1746 1592 1816 1624 regis,

1041 1630 1124 1657 metu,
1141 1626 1196 1660 qui,
1215 1634 1323 1662 recepta
1340 1629 1474 1657 Pauortno
1485 1630 1616 1668 captoque
1632 1634 1815 1670 Tauromenio,

1040 1671 1065 1696 itt
1080 1671 1234 1700 Calabriam
1260 1676 1409 1702 transmisit
1426 1679 1587 1710 exercitum,
1606 1683 1743 1716 regionem
1765 1691 1815 1709 eam

1037 1723 1146 1744 omnem
1165 1718 1276 1746 Romam
1294 1729 1378 1756 usque
1394 1731 1566 1753 excursurus.
1587 1727 1721 1755 Pranuisit
1747 1730 1816 1764 igitur

1036 1763 1154 1798 scriptor
1184 1769 1411 1801 expugnationem
1435 1770 1608 1799 'l‘auromenii
1648 1775 1737 1802 libello
1762 1785 1813 1807 suo,

1035 1810 1190 1845 ca'demque
1212 1813 1308 1840 laetanti
1335 1815 1458 1850 oncopii
1486 1818 1620 1854 episcopi.
1638 1822 1671 1848 de
1696 1831 1747 1857 qua
1773 1831 1814 1850 nos

1034 1855 1114 1882 etiam
1138 1865 1220 1891 supra
1247 1858 1363 1887 Promm.
1397 1862 1421 1891 Ι,
1448 1863 1461 1898 §
1483 1863 1669 1893 ‘2..llistoriaut
1698 1877 1728 1896 ex
1758 1878 1812 1897 mss.

1034 1902 1199 1930 membranis
1216 1907 1372 1932 monasterii
1470 1909 1592 1938 Severini
1609 1917 1634 1939 ct
1661 1914 1757 1946 Sossii,
1773 1923 1813 1942 or-

1033 1947 1103 1973 tliuis
1116 1948 1143 1974 Β.
1161 1948 1308 1982 Benedicti,
1325 1952 1349 1978 itt
1369 1954 1435 1980 urbe
1458 1954 1566 1990 Neapoli
1591 1961 1755 1995 exscriptatn
1772 1971 1812 1989 ξιιμ

1031 1992 1101 2025 cepit
1128 1992 1162 2019 ab
1191 1995 1355 2023 amicissimo
1380 2005 1429 2024 suo
1458 1999 1587 2029 Octavius
1618 2004 1763 2038 Caetanns,
1788 2008 1810 2034 in

1030 2037 1222 2071 conquirendis
1238 2039 1388 2071 huiusmodi
1419 2052 1507 2071 rerum
1533 2046 1707 2077 Sicilcusium
1725 2060 1810 2078 ntoutt-

1032 2083 1131 2109 nicntis
1153 2084 1331 2118 diligentissia
1346 2096 1386 2120 us,
1408 2093 1434 2115 et
1459 2099 1511 2124 qua
1526 2098 1586 2119 erat
1605 2097 1765 2125 auctoritate
1786 2104 1808 2125 et

1028 2128 1155 2155 comitate
1170 2132 1240 2164 apud
1259 2133 1360 2160 amicos
1373 2135 1585 2168 cliicacissitnus.
1600 2142 1637 2166 Ad
1656 2151 1722 2171 t'etn.
1739 2144 1810 2171 Notat

1028 2172 1072 2199 ltic
1100 2175 1216 2209 scriptor
1243 2176 1362 2206 Joannes
1391 2188 1490 2208 annum
1526 2185 1629 2217 imperii
1661 2189 1757 2218 Leonis
1786 2198 1809 2218 et

1026 2219 1171 2247 Alexandri
1199 2221 1293 2250 XXIV.
1320 2225 1374 2252 l.eo
1397 2233 1487 2254 autem
1510 2237 1523 2255 a
1541 2231 1620 2259 Patre
1646 2233 1744 2262 Basilio
1766 2245 1808 2271 per

1025 2264 1054 2291 S.
1088 2265 1218 2300 lgnatium
1247 2270 1429 2303 patriarchatu
1454 2281 1598 2302 coronatus
1629 2285 1670 2305 est
1699 2281 1807 2308 solemni

1025 2310 1263 2346 Tlteophaniontut
1293 2316 1353 2348 die,
1386 2325 1457 2345 anno
1487 2320 1571 2353 ipsius
1602 2323 1691 2351 Basilii
1723 2329 1806 2357 tertio,

1023 2355 1124 2383 Christi
1139 2358 1200 2387 870.
1216 2360 1364 2394 eodemque
1378 2362 1531 2392 Alexander
1552 2367 1620 2394 alter
1636 2370 1709 2397 titius
1722 2372 1806 2398 (λι-ςδι-

1022 2409 1139 2431 creatus.
1156 2404 1231 2437 Quad
1250 2406 1368 2440 prodidit
1392 2409 1554 2438 Anastasius
1576 2414 1803 2450 Bibliotltccatius,

1021 2449 1066 2482 qui
1082 2449 1106 2476 ei
1135 2451 1302 2477 coronationi
1328 2453 1458 2486 interfuit,
1477 2460 1670 2495 eottscntitque
1689 2463 1804 2499 Curopa-

1021 2494 1096 2527 lates,
1113 2500 1140 2523 cl.
1156 2504 1188 2523 ex
1216 2497 1247 2524 iis
1265 2498 1394 2527 Barouius
1416 2509 1488 2529 anno
1507 2505 1579 2531 dicto
1595 2514 1603 2533 :
1622 2513 1648 2533 et
1673 2508 1804 2539 Cactanus

1017 2541 1071 2575 jam
1089 2541 1188 2569 citattts
1199 2543 1293 2570 eodem
1317 2545 1396 2572 modo
1422 2555 1555 2582 numerat,
1574 2553 1725 2590 probatque
1740 2557 1804 2584 ulte-

1020 2588 1076 2614 rius
1104 2595 1136 2615 ex
1157 2588 1216 2615 Vita
1247 2590 1276 2616 S.
1304 2591 1368 2618 Elim
1386 2592 1531 2628 Enneusis,
1556 2606 1636 2632 quem
1665 2602 1715 2630 hoc
1736 2612 1803 2631 anno

1018 2635 1119 2662 obiisse
1133 2638 1236 2664 statuit.
1252 2637 1289 2665 Ex
1308 2639 1359 2666 hoc
1376 2640 1455 2674 igitur
1469 2649 1539 2670 anno
1552 2644 1618 2673 inita
1633 2648 1736 2676 ratione
1748 2650 1802 2676 elli-

1016 2679 1089 2706 citur
1113 2683 1318 2715 expugnationis
1344 2684 1516 2714 Tauronteuii
1542 2698 1629 2717 anuus
1652 2693 1715 2720 895.
1739 2695 1801 2721 Cum

1018 2724 1099 2758 igitur
1124 2725 1175 2752 ltoc
1200 2734 1270 2754 anno
1295 2727 1443 2763 Procopius
1467 2737 1538 2760 esset
1565 2735 1708 2771 cpiscopus
1730 2739 1801 2773 (quot

1017 2777 1080 2795 vero
1095 2770 1138 2796 hic
1152 2772 1230 2797 annis
1253 2773 1354 2800 rexerit
1378 2774 1632 2806 'l‘aurotnenitanatn
1661 2782 1799 2810 ecclesiam

1015 2815 1174 2849 nescimus),
1201 2824 1272 2845 anno
1298 2819 1439 2847 mittimum
1462 2830 1515 2849 uno
1544 2825 1661 2854 alterove
1692 2836 1800 2862 prmccs-

1016 2860 1084 2889 sisse
1097 2861 1288 2896 'l'ltcophanmn
1304 2867 1432 2902 oportuit,
1457 2876 1550 2898 rursus
1565 2879 1626 2899 cum
1654 2873 1799 2902 Zacltatias
