1874 3055
56 125 82 157 93

55 181 164 215 eiusdem
192 179 336 209 Ecclesiae
359 183 503 218 episcopus
526 185 680 219 reperiatur
694 192 780 220 usque
808 185 841 211 ad

55 227 134 254 Basilii
147 234 253 254 annum
272 228 301 258 1,
321 236 376 263 quo
389 229 523 257 celebrata
538 234 581 257 est
598 232 717 266 synodus
730 239 793 264 vnt,
814 231 840 258 in

55 282 98 307 qua
106 273 284 308 impaenitens
299 274 347 302 ille
355 275 494 310 depositus
508 276 656 312 itidemque
665 279 755 305 carteri
768 277 844 304 schi-

55 318 147 346 smatici
171 326 234 345 cum
257 319 363 348 Photio
384 326 568 354 contumaces.
595 328 625 350 tit
644 323 726 350 etiam
758 331 840 358 supra

55 365 230 396 disseruimus,
247 370 276 392 et
293 371 370 394 certo
385 372 502 399 constat,
521 369 657 396 constabit
668 369 750 397 etiam
768 370 839 397 intra

54 412 136 437 horum
159 418 300 439 annorum
317 413 448 440 ambitum
465 413 659 448 Theophanem
683 416 839 449 episcopum

54 456 163 484 ﬂoruisse
187 456 384 491 Tauromenii,
403 460 531 487 nimirum
554 460 588 488 ab
610 469 681 488 anno
700 461 792 489 Basilii
810 463 837 496 5,

53 510 126 537 usque
151 504 184 530 ad
213 504 321 533 Leonis
335 513 435 534 annum
455 507 505 540 i6;
523 507 594 535 ultra
620 508 744 544 citraque
769 517 838 544 quos

54 551 111 579 ﬁnes
122 550 211 583 egredi
237 555 267 579 et
291 553 404 588 evagari
425 553 504 582 latius
520 561 572 582 non
602 554 684 582 licere
700 555 777 583 nobis
805 556 837 582 Ii-

53 601 115 632 quer.
141 597 193 624 Sed
218 597 279 631 jam
310 599 382 627 hanc
402 601 536 628 rationem
570 602 701 637 temporis
718 609 750 629 ex
778 602 838 630 aliis

55 643 134 671 multis
146 643 269 677 indiciis,
289 652 326 672 ex
343 645 465 678 ipsismet
477 647 595 676 homiliis
612 655 761 684 earumque
773 656 837 682 pro-

55 691 130 717 atmiis
145 690 271 719 deductis
285 691 397 725 planius
421 693 506 721 multo
521 694 749 723 demonstremus.
768 696 835 724 Nam

56 741 138 771 praeter
152 744 182 764 ea
201 736 262 764 loca
279 738 340 772 jam
357 739 483 774 superius
494 740 589 772 relata,
606 741 651 768 ubi
669 746 762 769 contra
783 742 835 769 im-

55 784 102 814 pios
125 783 273 811 lsmaelitas
293 785 427 813 virtutem
459 786 615 821 imperatori
640 787 801 822 deprecatur
820 797 834 816 a

55 828 100 856 Deo
113 829 220 862 (certum
235 835 281 857 est
295 834 389 858 autem
408 831 559 866 legentibus
571 833 721 867 (historias,
743 834 833 862 Basilii

56 880 77 901 et
95 874 184 902 Leonis
204 879 335 909 tempore
359 884 420 904 cum
434 878 592 906 Sarraeenis
616 880 643 907 in
667 881 757 908 Sicilia
772 888 834 909 esse

56 927 198 955 magnopere
214 921 427 959 conﬂictatum),
440 928 481 952 est
494 925 575 953 etiam
587 926 663 954 locus
676 926 789 961 insignis
801 935 832 954 ex

56 967 116 994 hom.
134 967 170 994 De
187 969 321 1002 parabola
337 979 418 998 εοεηιε
435 972 540 1006 (homil.
560 973 631 1008 xm),
647 973 674 1000 in
691 981 744 1008 qua
770 981 831 1001 cum

56 1013 81 1039 de
98 1014 234 1048 gentilibus
261 1022 370 1050 ageret,
386 1019 430 1053 qui
459 1024 522 1046 ante
545 1020 721 1054 pra-dicatum
744 1020 832 1048 Evan-

57 1061 136 1093 geliutn
151 1063 274 1096 corporis
293 1064 480 1099 voluptatibus
502 1068 594 1094 cuncti
615 1068 726 1102 penitus
748 1068 830 1096 dediti

57 1106 186 1140 exemplum
202 1108 288 1135 etiam
305 1117 320 1135 a
337 1109 498 1140 Sarracenis
517 1113 831 1149 adducil,6noiou;696i-

59 1160 98 1185 μεν
107 1152 162 1183 τοὺς
173 1153 291 1188 ὁμόρους
313 1155 380 1189 ἡμῖν
393 1157 543 1195 ρπογὸνους
557 1158 605 1185 τοῦ
626 1159 747 1194 Ἰσμαὴλ,
763 1161 787 1186 oi
801 1160 829 1186 δὲ

58 1197 157 1230 Θιμινῶς
165 1198 248 1230 ἄλλας
258 1200 320 1226 ἀντ’
335 1200 422 1228 ἄλλων
434 1204 565 1236 γυναῖκας
580 1205 751 1240 ἀμείϐονται,
763 1211 827 1240 eun,

60 1243 183 1275 cttjiismodi
199 1245 318 1272 ridemus
342 1248 389 1274 hos
407 1247 532 1282 ﬁnitimos
551 1251 674 1278 lsmaelt’s
697 1257 826 1287 posteros,

59 1289 162 1322 quiaiias
184 1291 333 1319 identidem
358 1293 419 1321 aliis
442 1301 621 1329 permutantes
642 1306 747 1330 uxores,
773 1304 826 1326 etc.

43 1372 46 1375 _
62 1336 111 1362 Cum
127 1335 247 1364 ﬁnitimos
265 1337 419 1366 lsmaelitas
431 1341 506 1374 dicit,
527 1349 632 1376 oportet
648 1351 694 1371 eos
708 1345 825 1372 nondum

61 1381 206 1408 Tauromenii
231 1383 332 1417 fuisse,
357 1386 404 1413 sed
421 1386 447 1413 in
472 1388 571 1421 oppido
595 1390 685 1425 aliquo
697 1390 741 1417 vel
762 1398 826 1418 arce

62 1428 87 1454 ῑὶιῑ
100 1427 184 1455 vicina.
200 1428 293 1463 Neque
309 1438 377 1458 vero
392 1433 536 1460 verisimile
553 1439 592 1461 est
611 1436 730 1469 potuisSe
754 1437 827 1464 chri-

61 1473 133 1500 sriante
153 1475 287 1509 religionis
308 1477 412 1504 cultum
432 1479 467 1506 ita
490 1479 588 1508 ﬂorere
610 1482 637 1508 in
669 1483 735 1509 urbe
768 1483 824 1516 jam

62 1520 99 1547 sub
109 1521 239 1555 tyrannide
257 1522 486 1554 {Sarracenorum
509 1533 637 1561 oppressa
666 1536 673 1555 :
698 1529 771 1563 atqui
797 1529 823 1555 in

61 1567 91 1594 his
111 1567 218 1596 homiliis
241 1568 375 1604 frequens
393 1571 422 1598 lit
445 1564 548 1600 mentio
573 1574 762 1602 celebritatum
797 1579 825 1602 et

63 1615 142 1641 dierum
155 1615 282 1644 festorum
298 1617 330 1645 S.
357 1619 503 1653 Pancratii,
522 1620 550 1648 S.
576 1621 701 1657 Philippi,
718 1622 747 1650 S.
766 1623 823 1650 An-

62 1661 122 1694 drer,
135 1662 160 1690 S.
179 1662 313 1698 Onuphrii
327 1669 357 1692 et
383 1666 496 1694 aliorum
513 1666 540 1694 in
560 1668 661 1702 quibus
681 1669 739 1703 ipse
766 1677 824 1696 ser-

63 1715 134 1735 mones
159 1709 190 1737 ad
215 1710 348 1744 populum
373 1711 487 1740 habuit.
521 1712 656 1742 Praeterea
685 1715 711 1741 in
747 1715 821 1743 hom.

63 1751 88 1778 De
99 1752 139 1780 SS.
152 1755 270 1788 apostolis
285 1754 368 1783 Petro
381 1761 406 1783 et
420 1756 504 1785 Paulo
519 1758 625 1792 (homil.
644 1760 700 1793 ιν),
722 1761 748 1788 in
763 1761 821 1796 ipso

63 1797 166 1830 prouunio
181 1800 323 1835 magniﬁce
338 1807 454 1830 exornat
473 1804 603 1838 templum
624 1806 764 1832 conditum
787 1807 821 1833 ab

64 1843 195 1876 imperatore
208 1845 233 1872 in
247 1846 365 1880 palatio,
376 1847 528 1884 Συνήδομαι
541 1859 593 1883 σοι,
613 1850 700 1884 πόλις,
718 1852 765 1878 καί
781 1861 821 1879 σοι

64 1887 160 1915 Gaia-nim
173 1889 330 1926 ἀνακτόρων
352 1894 412 1919 ναέ.
435 1893 562 1921 Gratulor
588 1896 646 1928 tibi,
670 1897 773 1928 civitas,
796 1902 820 1924 et

65 1931 98 1958 tibi
109 1941 198 1960 sacrum
213 1934 238 1961 in
254 1935 359 1968 palatio
378 1937 500 1970 templum
516 1943 639 1966 erectum.
655 1939 711 1967 Hoc
729 1945 819 1968 autem

65 1977 112 2005 illud
122 1987 173 2007 esse
189 1982 256 2016 quod
272 1989 286 2008 a
303 1982 407 2010 Basilio
432 1983 578 2012 Macedone
602 1987 742 2013 conditum
760 1995 819 2014 ma-

66 2025 251 2056 gniﬁcentissime
278 2029 515 2065 Constantinopoli
541 2031 579 2066 (ιι)
611 2033 713 2060 indicat
739 2032 817 2062 Joan.

65 2069 205 2106 Curopalates
222 2074 264 2102 his
283 2075 388 2108 verbis,
400 2084 489 2109 nemo,
508 2078 601 2112 credo,
620 2078 668 2106 ibit
682 2079 789 2107 inﬁcias
805 2090 812 2108 ε

66 2116 109 2143 illia
119 2119 189 2145 multa
201 2128 274 2147 sacra
295 2122 395 2157 templa
417 2123 445 2149 in
468 2124 567 2157 palatio
589 2125 748 2155 mdiﬁcanda
769 2135 814 2153 cu-

66 2162 110 2188 rarit
122 2163 142 2189 in
154 2171 236 2192 nomen
253 2165 472 2202 Elimprophetaz,
487 2173 512 2196 et
522 2171 644 2205 martyris
663 2171 813 2206 Clementis,

67 2206 210 2236 ttSalratoris
226 2210 324 2238 Clariin
354 2216 379 2239 et
395 2214 506 2244 apostoli
522 2213 607 2248 Petri,
635 2221 660 2243 et
681 2216 814 2252 Principia

66 2252 156 2286 militiot;
167 2263 268 2289 quorum
283 2258 505 2291 pulchritudinem
518 2263 663 2295 exprimere
674 2271 705 2290 ne
714 2266 815 2298 poetica

67 2299 143 2330 quidem
165 2302 239 2334 possit
261 2305 494 2340 magniloquentia.
519 2307 571 2341 Qui
601 2313 694 2336 autem
721 2310 815 2345 legerit

68 2344 192 2374 prooemium
203 2347 272 2374 illius
290 2350 409 2377 homilim
424 2359 504 2386 quam
522 2354 652 2389 graphice
680 2344 814 2384 illudiro-

69 2392 124 2436 [ntus
146 2391 176 2418 sit
196 2392 358 2427 describere,
383 2401 410 2423 et
436 2405 568 2427 exornare
592 2401 748 2436 eloquentia
763 2410 813 2430 Sua

69 2431 210 2469 Theophanes
225 2441 300 2474 plane
325 2445 506 2477 perspexerit.
531 2445 590 2473 Jam
615 2431 813 2476 Cdnstantino-

70 2479 106 2523 poli
115 2484 235 2513 nonnullas
244 2495 274 2513 ex
289 2487 331 2515 his
344 2488 462 2517 homiliis
472 2490 577 2520 habitas
589 2495 728 2522 ostendam
743 2495 814 2523 infra

71 2521 103 2572 ἐξ,
110 2526 229 2572 quidquod
238 2531 264 2558 in
277 2532 318 2559 his
328 2533 449 2562 homillis
461 2535 666 2566 inﬁrmtnaatalis
675 2547 731 2566 suae
741 2548 814 2567 men-

72 2572 143 2620 lllo'nem
157 2571 252 2606 laciI,et
266 2583 391 2608 excusat.
407 2581 711 2617 quominuslongiorem
727 2587 814 2620 possit

71 2610 146 2664 liabere‘
154 2623 292 2648 sermonem
302 2630 310 2655 ;
322 2623 394 2656 quod
403 2624 509 2658 signum
525 2631 565 2654 est
581 2610 679 2656 LeJonis
693 2610 813 2664 tempore

77 2662 108 2684 um
119 2659 185 2690 fuisse
193 2669 437 2702 septuagenarium,
447 2671 488 2698 vel
502 2672 583 2699 etiam
597 2675 812 2709 octogenarium.

531 127 733 159 FRANCISCI
753 126 887 158 SCORSI
908 127 1129 157 ΡῐῖοίΕὶῙΙΠΜ
1150 126 1192 158 II.

1651 129 1689 161 94

893 182 1059 210 Concludam
1076 183 1149 210 hunc
1166 189 1370 218 paragrapnum
1388 189 1551 220 argumento
1573 183 1689 220 palmari

893 228 1019 263 quodque
1031 236 1086 256 rem
1099 236 1208 256 omnem
1234 229 1377 256 evidenter
1397 225 1509 257 evincit.
1525 231 1690 266 Thophanes

892 273 950 308 ipse
958 274 1083 308 quamvis
1104 281 1156 301 non
1173 274 1305 307 nominet,
1320 274 1452 302 describit
1465 280 1554 303 tamen
1570 277 1687 311 impera-

892 325 965 348 tores
992 328 1041 355 pro
1061 320 1158 354 quibus
1181 321 1207 347 in
1240 321 1392 355 perorando
1417 321 1581 355 precabatur
1601 323 1686 350 Deum

892 366 919 393 in
939 367 1013 394 hom.
1027 366 1136 401 quidem
1152 366 1189 393 De
1205 366 1287 393 ramis
1298 366 1449 401 palmarum
1462 366 1569 401 (homil.
1587 367 1662 402 xxvr)
1678 376 1685 394 :

882 408 1132 447 ’Ἐπευχόμενοιτὸ
1145 411 1348 447 θεοφρούρητον
1365 413 1467 448 κράτος
1489 411 1536 439 τοῦ
1556 413 1686 444 εὐσεϐοῦς

891 458 1024 493 βασιλέως
1038 459 1117 494 ἡμῶν
1131 460 1187 491 τοῖς
1202 459 1268 491 uici;
1279 460 1363 486 αὐτοῦ
1373 459 1512 493 διαμένειν
1523 460 1685 492 ἀσάλευτον,

890 505 1068 538 ἐντείνεσθαι,
1085 506 1133 532 καὶ
1145 505 1355 533 κατευοδοῦσοαι
1368 506 1420 533 ὑπὸ
1435 506 1503 532 Θεοῦ
1519 506 1566 533 τοῦ
1579 506 1684 541 κοσμή-

891 559 987 583 σαντος
1018 551 1114 579 τοῦτον
1144 552 1226 587 σοφίᾳ
1255 552 1302 578 καὶ
1330 551 1436 587 ἀνδρίᾳ,
1468 551 1516 579 καὶ
1549 552 1682 588 βασιλικῷ

888 599 1047 634 διαδήματι.
1067 599 1132 632 Quae
1151 600 1191 627 sic
1207 607 1257 628 nos
1280 600 1424 628 vertimus.
1455 600 1568 628 Oremus
1589 602 1683 635 etiam,

887 650 915 672 ut
940 646 1055 680 piissimi
1084 646 1252 680 imperatoris
1279 647 1364 674 nostri
1392 647 1531 681 imperium
1558 647 1682 675 divinitus

887 692 1047 719 custoditum
1058 692 1122 727 ﬁliis
1130 693 1209 719 etiam
1216 693 1272 727 ejus
1280 698 1433 727 permaneat
1444 693 1644 727 inconcussum;
1654 699 1682 721 ut

887 737 1015 771 intendat,
1029 743 1053 765 et
1063 747 1185 772 prospere
1200 739 1249 766 Dei
1269 739 1351 766 ductu
1376 740 1512 773 procedat,
1535 740 1580 775 qui
1612 741 1681 767 [tunc

887 783 1026 816 rapientia,
1049 789 1074 811 et
1091 785 1258 820 fortitudine,
1283 790 1309 812 et
1335 786 1506 819 imperatorio
1530 786 1679 813 diademate

886 829 1034 856 exornavit.
1046 829 1077 856 Et
1086 830 1111 856 in
1125 830 1198 858 hom.
1211 830 1247 857 De
1255 829 1305 858 SS.
1319 831 1447 865 apostolis
1459 831 1564 865 (homil.
1577 830 1676 866 XLVII):

891 875 1085 907 Ἀδιαλειπτως
1108 876 1249 911 εὐχόμενοι
1267 878 1295 903 ἐν
1313 877 1424 908 πολλοῖς
1447 877 1516 904 ἑτῶν
1542 878 1678 913 περιόδοις

885 921 916 948 τὸ
941 921 1041 956 κράτος
1065 923 1293 957 διαφυλάττεσθαι
1318 923 1365 950 τοῦ
1390 923 1519 955 εὺσεὸοὖς
1545 923 1678 959 βασιλέως

883 966 973 1001 ἡμῶν,
988 967 1026 1000 ὡς
1041 968 1166 1003 εὐσεϐεἷᾳ
1181 968 1231 1001 τῆς
1254 969 1341 1004 ἀρχῆς
1361 968 1459 995 ἰθύνων
1482 969 1546 1001 τοὺς
1569 970 1677 1002 οἴακας,

883 1013 930 1039 καὶ
957 1012 1047 1047 λόγοις
1075 1014 1187 1048 κοσμῶν
1217 1014 1247 1041 τὺ
1271 1015 1401 1050 διάδημα,
1435 1017 1483 1042 καὶ
1511 1015 1677 1050 χρηστότητι

882 1061 991 1094 τρόπων
1016 1060 1205 1094 κοσμούμενος
1229 1060 1259 1092 ἐξ
1287 1061 1388 1096 ἀρετῆς
1407 1062 1521 1095 γνήσιον
1548 1061 1606 1096 ἔχει
1630 1061 1677 1088 τὸν

881 1104 1002 1133 ἔπαινον.
1033 1105 1090 1133 Hoc
1120 1110 1188 1133 est:
1225 1106 1259 1133 Et
1280 1108 1337 1133 sine
1366 1107 1563 1134 intermissione
1594 1106 1675 1133 Deum

881 1159 996 1184 oremus,
1014 1156 1041 1178 ut
1053 1160 1098 1186 per
1113 1152 1196 1178 multa
1207 1160 1337 1179 annomm
1350 1153 1439 1186 spatia
1463 1152 1507 1184 pio
1519 1152 1675 1186 imperatori

881 1202 970 1224 nostra
986 1202 1119 1224 conseruet
1134 1199 1292 1232 potentiam,
1304 1199 1349 1233 qui
1369 1199 1433 1225 dum
1452 1198 1556 1224 clauum
1570 1198 1674 1232 imperii

879 1251 925 1276 per
941 1244 1062 1277 pietatem
1075 1244 1180 1279 dirigit,
1193 1248 1218 1271 et
1230 1252 1288 1271 cum
1302 1252 1405 1271 morum
1421 1243 1552 1277 probitate
1563 1249 1673 1270 ornatus

879 1289 934 1322 ipse
943 1289 989 1319 sit,
1008 1294 1061 1316 tum
1080 1290 1159 1316 etiam
1170 1290 1293 1316 diadema
1307 1289 1435 1316 doctrinis
1446 1293 1569 1319 exornat,
1586 1297 1673 1316 veram

879 1333 1070 1368 ingenuumque
1085 1334 1183 1361 obtinet
1205 1334 1322 1362 laudem.
1345 1334 1412 1367 Quis
1436 1338 1524 1362 autem
1549 1338 1602 1366 est,
1622 1333 1674 1360 ob-

879 1386 968 1410 secro,
984 1379 1055 1406 alius
1080 1379 1124 1406 hic
1148 1379 1296 1412 imperator
1319 1381 1365 1414 qui
1393 1380 1526 1415 sapientia
1547 1384 1671 1410 ornatus.

878 1427 905 1450 et
931 1424 1056 1451 diadema
1082 1425 1207 1451 doctrina
1222 1416 1388 1458 exornavit,
1415 1425 1467 1452 nisi
1491 1425 1555 1457 Leo,
1577 1425 1670 1452 Basilii

877 1467 1033 1496 Macedonis
1058 1468 1139 1500 ﬁlius,
1155 1468 1201 1502 qui
1219 1467 1333 1503 Sapiens
1358 1476 1405 1496 seu
1432 1469 1614 1503 Philosophus
1636 1469 1669 1495 ab

876 1514 1005 1541 omnibus
1032 1515 1212 1548 scriptoribus
1242 1516 1454 1550 cognominatus
1480 1520 1521 1543 est
1551 1520 1577 1543 et
1599 1516 1671 1542 inter

876 1560 1022 1595 scriptores
1046 1560 1247 1588 ecclesiasticos
1263 1565 1420 1589 recensetur
1436 1561 1486 1596 (b).
1505 1561 1606 1588 Metilio
1625 1562 1669 1588 in-

875 1612 957 1639 super
975 1604 1093 1632 ﬁliorum
1109 1605 1293 1640 imperatoris,
1317 1613 1377 1641 quae
1404 1606 1433 1634 lit
1461 1614 1476 1633 a
1502 1606 1670 1640 Theophane

875 1649 1056 1684 conjecturam
1074 1651 1151 1678 valde
1175 1652 1337 1679 corroborat
1354 1661 1360 1679 :
1378 1652 1475 1679 habttit
1501 1652 1573 1679 enim
1591 1651 1668 1679 Basi<

875 1694 928 1724 lius
953 1695 1062 1729 quidem
1084 1695 1203 1723 Leonem
1229 1696 1301 1724 httnc
1325 1701 1353 1724 et
1382 1697 1577 1730 Alexandrum,
1607 1698 1665 1725 Leo

873 1740 1093 1769 Constantinum.
1108 1740 1169 1768 Alia
1185 1749 1217 1769 ex
1238 1742 1355 1769 Baronio
1376 1742 1428 1770 huc
1456 1743 1594 1770 ascribere
1621 1752 1666 1772 su-

873 1785 1016 1820 persedeo,
1033 1794 1065 1813 ne
1075 1787 1134 1821 plus
1145 1787 1213 1814 satis
1223 1787 1250 1815 in
1267 1789 1318 1815 hoc
1331 1789 1499 1823 paragrapho
1509 1796 1664 1817 excurrant.

877 1830 994 1858 Notctur
1014 1836 1102 1859 tamen
1123 1833 1230 1860 interim
1245 1840 1276 1860 ex
1296 1833 1460 1861 Bcllarmino
1482 1835 1507 1862 id
1522 1834 1593 1868 quod
1609 1842 1666 1861 ma~

872 1875 946 1903 xime
973 1876 1005 1903 ad
1018 1877 1283 1905 commendationem
1302 1879 1387 1906 nostri
1407 1879 1580 1913 Theophanis
1596 1887 1660 1906 con-

872 1919 970 1948 ducit:
990 1923 1104 1955 primum
1130 1922 1294 1950 illustratum
1313 1931 1326 1950 a
1348 1924 1437 1952 Leone
1466 1925 1594 1953 steculum
1613 1927 1647 1952 ob

870 1973 998 1999 scurum;
1013 1966 1063 1994 hoc
1079 1971 1119 1994 est
1133 1967 1160 1994 in
1176 1976 1229 2002 quo
1242 1969 1352 2002 penuria
1364 1970 1506 1997 doctorum
1517 1971 1658 1998 hominum

872 2017 898 2040 et
918 2013 1080 2048 scriptorum
1096 2014 1157 2042 fuit.
1176 2015 1253 2042 Unde
1268 2015 1349 2042 etiam
1365 2016 1544 2052 Theophanes
1565 2018 1664 2046 merito

870 2058 914 2086 i‘ax
933 2059 1006 2087 illius
1033 2061 1135 2092 sreculi,
1154 2066 1182 2088 ut
1209 2061 1312 2088 dictum
1336 2067 1377 2090 est
1393 2071 1408 2089 a
1439 2070 1481 2090 me
1508 2071 1601 2098 supra,
1626 2064 1665 2096 si;

865 2106 1064 2134 existimandus
1075 2114 1162 2142 eoque
1174 2107 1254 2134 etiam
1265 2108 1406 2135 numineiu
1417 2109 1503 2143 pretio
1513 2109 1663 2141 habendus,

868 2151 881 2186 ς
914 2150 946 2188 ν,
973 2151 1032 2188 Quo
1063 2152 1161 2179 strculo
1186 2153 1279 2180 riserit
1309 2153 1424 2188 Symeon
1453 2153 1660 2187 Metaphrastex.

901 2186 978 2221 gijtlr
1009 2186 1179 2221 Theon/mnes
1214 2186 1348 2215 sententiis
1380 2189 1465 2215 utitur
1514 2186 1546 2215 ab
1579 2190 1663 2220 ipsius

902 2220 1066 2255 Theophanis
1084 2227 1162 2249 relate
1175 2224 1322 2258 afﬁrmatur
1338 2223 1386 2259 (ι’).

903 2265 930 2292 Si
946 2267 990 2293 cui
1003 2267 1035 2294 de
1057 2267 1204 2302 Symeonis
1225 2268 1414 2303 Metaphrasta:
1428 2271 1489 2298 'tevo
1503 2270 1593 2298 adhuc
1608 2278 1662 2299 non

865 2315 938 2338 esset
952 2318 1131 2347 compertum,
1149 2314 1191 2341 hic
1203 2314 1324 2349 profecto
1344 2315 1378 2342 de
1391 2315 1564 2349 Theophanis
1576 2317 1661 2344 nostri

865 2358 981 2390 saeculo,
1003 2359 1073 2392 quod
1097 2367 1112 2386 a
1135 2360 1212 2387 nobis
1229 2365 1271 2387 est
1291 2361 1484 2394 constitutum,
1510 2362 1658 2389 etiamnum

865 2402 1000 2434 dubitare,
1019 2410 1183 2438 omnemque
1196 2405 1414 2432 dissertatiouem
1436 2413 1518 2440 supra
1537 2411 1658 2434 contex—

866 2452 919 2474 tam
945 2447 1069 2475 refellere
1096 2453 1123 2475 et
1151 2449 1283 2476 subruere
1307 2452 1405 2477 merito
1424 2450 1519 2484 possit.
1554 2449 1661 2478 Laudat

865 2501 926 2519 eum
943 2498 1083 2520 auctorem
1098 2494 1278 2530 Theophanes
1294 2495 1372 2522 modo
1391 2496 1560 2528 describens,
1578 2496 1659 2524 modo

865 2546 963 2566 nomen
991 2539 1147 2574 indigitans,
1179 2541 1204 2567 in
1237 2541 1311 2567 hom.
1331 2540 1369 2567 De
1397 2540 1501 2568 Lazaro
1531 2543 1657 2568 tuscita'o

866 2585 968 2613 (homil.
981 2592 1091 2620 xxv),et
1105 2587 1130 2612 in
1143 2591 1266 2619 quartum
1280 2586 1437 2613 Matutinum
1450 2587 1553 2622 (homil.
1566 2587 1655 2623 χχιιι),

865 2630 972 2657 Γλυκὺν
999 2632 1196 2667 μεταφράσεων
1219 2632 1380 2666 συγγραφέα
1404 2638 1497 2664 vocat;
1531 2634 1557 2659 in
1580 2633 1655 2660 hom.

867 2677 894 2704 in
907 2677 1029 2712 quintum
1045 2677 1135 2705 itidem
1149 2677 1309 2705 Matulittum
1323 2677 1425 2712 (homil.
1436 2678 1534 2713 xuii),
1548 2678 1655 2714 Συμεώ-

74 2747 714 2801 £15321i3!3£§f§‘3.'.§a333'2.h‘ztt'i'éejrscrirtio
735 2762 759 2801 i9
785 2765 871 2801 οοιιξςε
889 2765 1127 2801 Matritensmuem
1143 2767 1305 2801 rzenziditti-
1319 2767 1439 2794 εεοτευεε
1459 2768 1558 2801 Ἐλέκθη
1581 2768 1654 2801 ιντιῑ»
1679 2766 1682 2776 “

98 2784 441 2829 ἱῖῗρῗηῗῗ)ἐῖἑίέηὲἑῗιρὲ’ἒέο
518 2791 586 2829 “Pii
592 2784 646 2829 ,τῧρ
654 2784 820 2829 triviis;

892 2784 1132 2829 '."i'i'dé"§6i§r5‘,"€6't'.
1144 2784 1191 2822 ’ἐέῗ
1200 2784 1270 2824 alii".
1279 2784 1361 2824 ἰέιέἒῖ

101 2808 117 2831 bi
128 2808 188 2831 ΙΜιηὶ

94 2811 117 2837 lbi
128 2811 203 2847 Leonis
215 2811 335 2849 Sapientis
347 2811 437 2855 opéfa'
445 2811 716 2853 omina—,-
722 2811 758 2848 to;

95 2840 119 2870 lt)
132 2841 183 2869 Vide
194 2845 305 2873 Montium
318 2850 437 2875 volumini
451 2852 587 2881 praeﬁxum.
601 2852 670 2878 Eutr.
684 2855 758 2880 l’a-ra.

246 2818 335 2853 pientis
347 2819 437 2853 φρει-ει
445 2818 534 2853 omnia,
545 2818 710 2853 'Patrologiw,
725 2827 784 2850 tom.
796 2818 870 2852 Cll-llr.
