1874 3055
222 155 257 187 95
709 161 908 191 FRANCISCI
931 162 1064 192 SCORSI
1084 162 1305 194 PRO(EMlUM
1323 163 1364 193 II.
1805 162 1834 196 96

222 218 270 244 νην
284 209 328 236 τὸν
338 209 387 242 τὰς
400 212 584 246 μεταφράσεις
602 212 632 239 εὖ
646 213 718 247 μάλα
734 215 907 249 συνθέμενον.
920 216 1010 249 Itaque

223 259 283 288 post
299 255 372 282 illum
386 256 442 282 hare
461 257 605 291 scripsisse
617 258 809 293 Theophanem
833 269 942 288 neceSsc
958 267 1008 288 est.

224 301 282 334 Quo
297 302 379 336 igitur
394 310 450 329 atto
479 304 675 339 Metapbrastes
692 308 823 341 scripsit?
846 308 940 335 Adhuc
960 310 1010 335 sub

220 346 311 381 judice
323 347 395 374 litem
411 356 470 375 esse
491 350 526 376 ait
543 350 680 378 Gerardos
695 352 807 379 Vossius
827 352 863 379 De
880 353 1009 379 historic-is

224 389 334 422 Gravis.
359 391 405 418 lib.
429 400 459 423 tt,
476 400 534 426 cap.
553 394 603 426 26;
621 396 667 421 sed
693 402 752 421 eam
780 395 834 430 jam
866 396 1009 429 diiudicari

224 437 330 463 tandctn
350 444 429 470 posse
448 439 492 465 aio
507 447 539 465 ex
557 440 607 466 hoc
622 448 703 474 opere
726 441 752 468 in
773 441 859 468 lucem
880 442 966 475 edito;
984 448 1011 469 et

223 483 331 515 quidem
364 484 399 510 ita
429 489 457 510 ttt
483 486 769 518 praestat:tissimornm
796 488 959 523 scriptorum
985 494 1011 516 et

223 528 450 563 chronologorum
465 530 554 564 opinio
571 532 730 565 perrincat;
748 541 861 566 quorum
880 534 1009 561 familiam

222 574 296 600 ducit
320 576 552 603 eminentissimus
576 577 717 604 Annalium
741 580 859 613 scriptor
886 584 913 607 et
941 585 1010 607 tent-

222 628 317 652 pornm
335 628 495 655 supputator
509 623 656 650 cardinalis
672 624 814 657 Baronitts,
833 627 876 660 qni
894 632 960 654 tom.
975 627 1008 659 Χ,

222 665 255 691 ad
281 674 380 692 annum
404 667 505 695 Christi
527 668 590 701 859,
609 677 670 696 cum
696 670 728 697 de
752 670 881 698 Mithaele
913 672 1009 706 Psello,

222 710 322 738 Leonis
340 711 493 746 Philosophi
508 716 646 749 magistro,
678 723 709 742 ex
733 715 834 743 Joanne
849 717 1009 752 Curopalata

223 755 386 782 mentionem
408 756 514 783 lt-cissct
529 758 592 790 (non
610 759 652 786 hic
674 765 719 787 est
736 768 800 787 vero
817 760 869 788 Leo
889 761 1010 789 Philoso-

221 801 290 834 phus
307 802 377 828 idem
405 803 450 836 qui
476 803 529 831 Leo
545 804 658 839 Sapiens
682 806 779 838 (ll('l.'tS,
804 806 894 834 Basilii
923 808 1010 835 Macc-

220 845 298 873 donis
313 846 395 880 lilius,
415 849 459 881 qni
479 849 502 875 ei
520 850 670 877 associatns
689 851 714 877 in
733 852 846 886 imperio
862 861 932 879 anno
944 853 1008 886 870,

222 892 269 919 srd
289 892 368 924 alittsI
387 894 431 928 qui
446 894 535 921 ﬂoruit
547 900 574 921 et
589 896 678 923 docuit
696 897 746 923 sub
760 897 873 926 Michael
887 898 919 925 lll
943 899 1009 925 Por-

220 940 423 974 phyrogenneta
446 941 519 968 circa
538 949 637 969 annutn
653 943 754 971 Christi
771 944 824 972 859
846 946 909 972 :sic
928 946 1011 977 igitur

219 985 254 1012 (lc
274 985 404 1013 Michaele
427 987 527 1020 Psello,
541 987 622 1021 hujus
641 983 741 1017 Leonis
765 991 905 1025 magistro,
923 992 1009 1019 [Saro-

222 1031 281 1057 nius
294 1040 300 1057 :
313 1031 352 1058 Ex
364 1033 404 1059 his
414 1033 609 1068 pariter/tabes,
626 1035 717 1066 lector,
731 1045 781 1070 quo
796 1042 910 1070 tempore
919 1039 1010 1065 vixerit

222 1074 338 1109 Psellns,
355 1078 398 1111 qui
410 1078 461 1111 fuit
473 1080 598 1114 magister
614 1079 705 1106 Leonis
723 1080 894 1115 Philosophi;
908 1091 941 1109 ea:
961 1091 1031 1127 φλοχΧ

225 1123 326 1156 pariter
352 1124 471 1150 addisces
487 1133 537 1157 qua
561 1130 675 1159 letnpore
693 1127 783 1153 riserit
809 1128 1009 1163 .‘lletaphrastes,

218 1169 245 1195 in
261 1169 337 1202 cujus
351 1169 455 1196 laudem
483 1169 586 1198 Psellus
606 1172 660 1205 ipse
684 1173 830 1200 orationem
847 1175 948 1206 habuit,
960 1183 1011 1209 qua

219 1215 329 1241 ostendit
355 1215 425 1242 haud
449 1216 550 1250 pridem
572 1225 626 1244 esse
646 1218 808 1253 defundunt,
830 1220 892 1246 dum
918 1222 956 1247 ait
980 1222 1011 1247 de

219 1259 276 1294 ejus
300 1260 369 1286 obitu
391 1261 495 1288 audisse
519 1270 562 1288 eos
586 1264 631 1297 qui
651 1264 772 1291 viderunt
791 1265 848 1298 ejus
874 1267 908 1293 ad
929 1267 1010 1294 Deum

220 1307 377 1338 transitum,-
398 1311 458 1333 sunt
478 1307 532 1334 hrcc
553 1309 610 1342 ejus
630 1310 706 1336 verba
723 1318 732 1336 :
748 1321 756 1336 ι
778 1310 838 1337 Non
860 1312 928 1339 enim
952 1321 1010 1340 eum

218 1350 297 1377 veluti
321 1351 464 1378 abscissum
485 1358 529 1378 aut
550 1354 662 1380 divisum
679 1355 759 1389 fuisse
775 1356 864 1383 dicunt
879 1358 898 1384 ii
916 1360 959 1392 qui
973 1359 1010 1385 ri-

219 1396 315 1422 derunt
330 1404 338 1427 ;
354 1397 398 1423 sed
415 1398 553 1424 videbatur
572 1399 678 1426 relutia
694 1402 808 1435 quodam
826 1403 928 1430 rinenlo
950 1405 1012 1430 Iibe-

220 1441 275 1467 rari
295 1446 317 1467 at
333 1441 413 1468 hilari
427 1447 490 1468 nutu
509 1451 536 1469 se
554 1444 690 1471 extendere
706 1446 865 1473 adducentes
889 1449 1008 1482 angelos,

218 1490 243 1511 et
257 1485 449 1520 quodammodo
467 1489 580 1522 seipsum
606 1491 726 1517 tradebat
746 1491 850 1518 illorum
872 1495 1003 1527 manibus,

221 1535 248 1555 ut
267 1531 317 1556 rito
332 1538 474 1566 emergeret
488 1533 519 1559 de
535 1541 651 1567 corpore.
672 1544 681 1560 ι
702 1536 834 1564 llactcnns
851 1538 982 1566 Baronius
998 1549 1004 1566 :

219 1581 308 1603 exstat
328 1582 417 1604 autem
435 1578 492 1605 htec
508 1580 596 1607 oratio
612 1580 691 1608 Psclli
706 1583 776 1616 apud
793 1583 902 1611 Suriunt
916 1585 957 1612 die
972 1586 1006 1613 29

219 1621 349 1649 Novemb.
370 1623 471 1658 (αι-ατε
486 1631 509 1652 et
527 1621 619 1654 Latine
633 1636 676 1662 np.
698 1629 825 1656 Allnlium
846 1630 882 1657 De
898 1631 1007 1666 Symeo‘

219 1667 316 1702 nibus).
347 1669 448 1696 Deinde
466 1678 526 1698 cum
552 1673 700 1700 monuisset
724 1674 850 1702 lectorem
882 1677 914 1703 de
938 1677 1006 1704 Vitis

219 1718 374 1740 sanctorum
398 1715 442 1748 qui
464 1722 525 1750 post
543 1717 600 1745 htcc
625 1719 749 1747 vixerunt
769 1726 900 1755 tempora,
919 1723 944 1750 id
967 1724 1007 1751 ia-

220 1763 293 1784 ctum
321 1759 407 1786 aliena
428 1768 520 1795 opera,
550 1763 594 1797 qui
617 1765 672 1791 suis
697 1765 789 1792 diebus
814 1775 846 1794 ac
870 1769 1006 1796 mensibus

218 1802 367 1837 alicgerttnt
388 1811 497 1833 sanctos
517 1807 647 1842 singulos,
672 1814 699 1836 et
714 1811 876 1839 addiderunt
891 1821 904 1840 a
920 1814 1006 1842 Meta-

221 1848 330 1880 phraste
350 1851 523 1885 conscriptis,
546 1861 592 1880 seu
613 1855 703 1888 potius
724 1857 855 1892 collectis,
880 1867 913 1885 ne
935 1860 1007 1887 vide-

220 1898 314 1920 rentnr
325 1900 403 1922 extra
422 1896 536 1924 classem
552 1901 653 1933 vagari,
667 1901 707 1927 sic
726 1902 830 1929 tandem
849 1904 1004 1932 concludit:

220 1939 263 1965 Ea:
283 1943 395 1974 lctnpore
418 1942 497 1976 igitur
518 1943 601 1971 Pselli
624 1946 717 1973 melius
740 1948 867 1983 intelliges
890 1954 1005 1985 tempora

219 1985 415 2031 Metaphrame,
430 1991 500 2022 quod
514 1996 537 2017 et
550 1992 573 2018 si
584 1993 672 2026 plures
687 1993 789 2021 Psellos
801 1995 882 2029 fuisse
897 1992 1016 2031 dixeris,

217 2030 267 2057 ista
284 2032 383 2059 nullum
402 2035 568 2063 celebriorem
591 2046 636 2064 nec
655 2040 828 2074 antiquiorem
849 2042 1005 2071 invenimus.

218 2075 273 2103 lloc
290 2077 395 2106 Baronii
411 2080 541 2114 judicium
559 2085 645 2111 secuti
667 2091 730 2112 sunt
749 2087 854 2114 nobiles
873 2088 919 2115 alii
938 2090 1006 2116 scri-

218 2127 309 2156 ptores
339 2131 438 2152 nostra:
461 2126 614 2156 Societatis.
633 2130 784 2158 Cardinalis
808 2132 1003 2166 Bellarntinus,

218 2169 332 2196 alterum
359 2171 485 2199 Ecclesiae
510 2173 598 2201 lumen
622 2181 649 2202 et
665 2184 790 2211 purpuras
812 2179 938 2212 splendor
956 2181 1003 2208 lib.

218 2213 256 2241 De
271 2217 395 2249 scriptor.
416 2219 506 2245 eules.
522 2227 532 2246 :
546 2219 658 2255 Symean
683 2222 886 2257 Metophrasles,
908 2226 1004 2260 inquit,

216 2259 307 2293 ﬂoruit
322 2262 402 2295 paulo
425 2268 486 2291 ante
507 2274 606 2293 annuat
631 2266 708 2294 Dom.
732 2268 785 2296 859
805 2269 853 2305 ((ι),
878 2259 1005 2306 siquidem

220 2304 332 2336 I’tellus,
348 2309 393 2341 qui
406 2308 535 2346 hocgnno
550 2311 648 2338 virebat
669 2314 811 2341 orationem
825 2304 948 2344 habuisse
964 2319 1005 2344 di-

218 2352 287 2377 citur
303 2353 329 2378 in
345 2353 402 2385 eius
417 2355 518 2388 funere.
533 2355 649 2384 Jacobus
663 2358 808 2387 Gretserus
835 2361 860 2388 in
877 2364 1007 2395 opusculo

218 2399 309 2424 aldito
335 2399 367 2425 ad
398 2399 541 2436 Georgium
566 2403 698 2431 Codinum
716 2405 754 2431 De
782 2407 871 2441 oﬁiciis
901 2407 1007 2443 Magna:

219 2442 344 2470 Ecclesia:
360 2450 383 2471 et
405 2446 473 2472 aula:
493 2448 705 2483 l.’onstanlinop.,
731 2451 852 2486 disputat
873 2453 905 2480 de
927 2442 1007 2481 Meta-

219 2488 337 2521 phrastae
352 2498 409 2517 tero
436 2499 468 2518 ex
496 2494 630 2522 sententia
658 2495 766 2523 Baronii
792 2503 885 2525 contra
912 2498 1007 2534 llospi.

218 2535 327 2561 niannm
344 2537 531 2572 Calvinistam,
552 2540 596 2574 qui
613 2548 673 2568 eum
699 2543 826 2569 novitium
844 2545 1005 2578 scriptorem

220 2587 280 2607 esse
302 2581 470 2618 hlaterahat;
491 2585 535 2612 ubi
553 2586 610 2613 lucc
627 2587 708 2614 habet
730 2587 800 2615 inter
821 2594 928 2620 ets-tera,
945 2599 1006 2618 Clllll

220 2625 390 2660 (Inrnpalatze
413 2628 503 2657 locum
528 2631 560 2658 de
579 2630 711 2659 ltlichaete
736 2632 824 2660 Pscllo
848 2635 1005 2665 rctntisset:

222 2666 294 2699 "uie
307 2674 388 2709 igitur
410 2675 497 2704 I’sello
512 2678 587 2705 annis
603 2678 678 2714 longe
694 2680 794 2714 mujore
805 2689 851 2707 cur
862 2681 1007 2710 Calvinisla

218 2720 366 2746 encontium
389 2721 579 2756 Memphrastw
600 2733 658 2751 cum
680 2725 797 2753 Baranio
827 2735 876 2754 non
897 2729 1006 2762 tribuat,

219 2772 308 2792 tuum
323 2766 389 2793 nihil
406 2768 492 2802 habet,
510 2770 560 2797 nisi
576 2770 664 2797 odium
683 2771 880 2806 Metaphrasta’,
904 2775 929 2801 in
947 2784 1006 2803 sun-

1062 221 1165 243 rtarum
1181 218 1318 245 historias.
1340 217 1416 249 Quod
1429 222 1516 244 autem
1528 217 1644 243 historia:
1658 218 1773 250 qna’dum
1785 226 1834 243 tun-

1062 267 1175 293 ctornm,
1195 264 1238 297 qui
1258 268 1315 297 post
1344 263 1544 297 Illelapbrustem
1565 263 1697 294 vixerunt,
1719 263 1745 288 in
1766 263 1835 289 Μετα-

1060 308 1174 340 ιιΙινιιδΙαι
1189 309 1264 334 Ioniis
1287 308 1464 340 inreniunlur,
1481 316 1512 334 ne
1525 308 1629 334 mireris
1643 315 1651 333 .'
1668 316 1681 333 η
1695 309 1834 341 posteriori-

1063 353 1108 378 bus
1129 352 1309 386 superaddin
1329 358 1388 379 sunt
1401 373 1409 385 ,
1433 358 1461 380 ut
1486 353 1545 386 ﬁeri
1569 353 1633 379 solet
1654 353 1680 378 in
1701 353 1836 385 hujusmot‘i

1063 399 1233 432 scriptoribus
1248 405 1270 424 et
1286 399 1478 425 collectoribus.
1492 399 1555 425 [an
1569 398 1723 426 Grelscrus.
1740 399 1836 424 thnntn

1061 444 1194 470 Antonius
1203 444 1363 471 l’ossevinus
1372 445 1398 470 in
1409 445 1547 479 Apparulu
1557 452 1652 471 sacro:
1667 444 1837 478 Jletaphratta:

1062 494 1180 522 lcntpora
1197 491 1300 521 melius,
1319 491 1404 524 inquit
1418 490 1549 516 Baronitts
1568 494 1631 516 tam.
1657 489 1691 522 Χ,
1712 499 1836 524 cognosces

1061 542 1094 560 ex
1115 534 1194 561 l’selli
1212 539 1337 568 tempore.
1357 535 1417 561 lltcc
1438 536 1610 562 Passerinus.
1625 535 1782 569 Quanquam
1804 537 1837 563 hic

1063 580 1089 605 in
1108 579 1237 607 Michaele
1253 580 1341 607 Psello
1362 589 1414 607 non
1430 582 1495 607 satis
1515 581 1637 607 distinxit
1653 581 1767 608 Leonem
1786 582 1836 608 1³1ιὶ-

1062 624 1216 659 losophum,
1243 625 1322 659 cujus
1346 626 1476 660 magister
1503 627 1594 653 senior
1619 627 1722 653 Pscllus
1748 627 1802 659 luit,
1827 638 1836 652 a

1065 670 1155 697 Leone
1180 670 1251 698 dicto
1271 671 1408 705 Sapiente,
1435 672 1617 705 imperatore;
1638 672 1685 698 scd
1708 677 1838 705 lllrtltnqttc

1062 715 1183 741 confudit
1215 725 1222 742 :
1252 716 1327 750 alqui
1355 716 1398 742 ille
1431 721 1552 750 tempore
1580 717 1721 743 Michaelis
1743 717 1797 743 CXI
1819 723 1839 744 ri

1062 760 1215 787 Theodoro:
1235 762 1330 788 matris
1355 761 1478 794 llorcbat,
1500 763 1573 789 circa
1597 771 1698 789 annum
1720 762 1780 793 812.
1805 765 1838 790 hic

1063 813 1134 832 anno
1156 806 1208 832 870
1228 807 1363 841 imperare
1386 807 1468 841 coepit
1493 807 1594 834 :sicuti
1613 816 1700 842 neque
1715 809 1778 835 ducs
1798 809 1835 834 λι-

1063 851 1170 878 chaeles
1185 851 1297 884 Psellos,
1311 853 1357 880 scd
1371 853 1494 880 eumdem
1509 853 1582 880 aitet
1594 855 1753 888 magistrum
1768 853 1838 880 fuisse

1068 896 1166 924 Leonis
1189 897 1335 932 Sapientis,
1356 905 1382 925 et
1404 899 1502 926 librum
1526 899 1563 925 De
1583 899 1634 933 ﬁde
1656 899 1798 934 scripsisse
1813 904 1837 925 ait

1062 942 1219 970 llichaelcm
1243 944 1342 971 Durant
1364 944 1554 978 imperatorem
1573 953 1578 970 :
1605 945 1653 972 sed
1674 945 1720 971 hic
1743 950 1838 972 centnn.

1061 995 1088 1017 ει
1115 989 1311 1024 quinquaginta
1344 997 1430 1017 annos
1459 995 1518 1024 post
1548 991 1666 1018 Leonem
1697 991 1839 1024 Sapientem

1063 1035 1218 1068 imperavit.
1240 1036 1296 1062 Nec
1321 1034 1432 1062 multum
1452 1036 1484 1062 ab
1502 1036 1544 1063 bis
1564 1036 1704 1070 discrepat
1726 1036 1840 1063 lloratius

1062 1080 1229 1107 Torsellinus
1253 1081 1278 1107 in
1302 1080 1387 1114 Epist.
1409 1081 1471 1108 hist.
1493 1081 1538 1108 lib.
1557 1089 1610 1114 vtt;
1633 1082 1690 1108 vult
1705 1082 1775 1109 enim
1798 1082 1838 1116 Sy-

1066 1133 1188 1152 meonem
1212 1125 1420 1160 Metaphraslcm
1447 1131 1510 1153 ante
1535 1135 1634 1154 amtntn
1662 1127 1715 1155 900
1738 1128 1838 1158 vixisse.

1063 1171 1195 1207 Reginoni
1223 1172 1375 1199 Prutnicnsi
1406 1173 1507 1206 abbati,
1534 1178 1562 1200 et
1587 1174 1672 1200 Adoni
1705 1174 1839 1201 Viennensi

1062 1226 1220 1253 supparem.
1240 1218 1339 1245 Verum
1360 1219 1415 1253 jam
1433 1219 1466 1245 de
1484 1219 1582 1253 dttplici
1608 1219 1697 1247 l’sello
1716 1222 1840 1247 mentione

1065 1266 1147 1297 facta,
1174 1266 1368 1292 controversiae
1393 1272 1484 1292 semen
1510 1265 1644 1300 jecimus,
1669 1274 1732 1300 qua:
1762 1272 1840 1293 tamen

1062 1311 1172 1336 Omnino
1190 1311 1364 1344 exstirpanda
1381 1310 1443 1341 erit,
1460 1315 1489 1336 ιιι
1506 1318 1594 1344 spero.
1613 1311 1751 1338 Cerardns
1766 1311 1839 1339 Joan-

1062 1364 1110 1383 nvs
1122 1355 1233 1383 Vossius
1246 1355 1391 1382 Baronium
1401 1362 1428 1383 et
1437 1356 1631 1384 Bellarminum
1646 1359 1750 1385 erroris
1762 1365 1840 1392 arguit

1063 1403 1108 1428 lib.
1127 1411 1164 1429 xx.
1183 1401 1217 1428 De
1231 1402 1363 1429 historicis
1384 1402 1496 1431 Cra-cis.
1514 1411 1573 1436 cap.
1586 1403 1638 1435 26;
1662 1411 1725 1430 nam
1741 1412 1797 1431 cum
1815 1407 1841 1431 de

1063 1448 1197 1482 Sytneone
1221 1447 1402 1481 Mrtaphrasle
1417 1456 1510 1475 eorum
1534 1450 1697 1476 sententiam
1717 1450 1842 1477 retulisset

1057 1502 1088 1520 ex
1109 1493 1246 1521 Michaelis
1265 1493 1342 1521 Pselli
1357 1494 1462 1521 funebri
1483 1495 1605 1523 oratione
1621 1504 1627 1521 :
1645 1495 1772 1530 Uterque,
1798 1497 1839 1528 ait,

1058 1547 1133 1567 e.t:tra
1157 1541 1369 1581 rontroversianr
1387 1542 1459 1574 ponit
1484 1541 1638 1569 Michaelem
1659 1542 1777 1569 Psellum
1797 1544 1841 1570 clu-

1059 1587 1142 1612 ruisse
1163 1585 1209 1612 sub
1233 1585 1361 1612 Micltacle
1383 1586 1442 1617 ΙΙΙ.
1464 1593 1490 1614 ut
1514 1593 1574 1614 an'e
1597 1589 1663 1615 dixi.
1683 1589 1741 1616 Nec
1759 1599 1840 1624 negare

1058 1640 1161 1666 possunt
1177 1633 1207 1659 iis
1221 1633 1378 1665 temporibus
1390 1633 1426 1660 vel
1438 1633 1517 1666 paulo
1531 1639 1592 1661 ante
1603 1635 1699 1662 vixisse
1714 1637 1839 1670 quemdam

1062 1677 1218 1704 Michaelcm
1234 1678 1350 1704 Psallam
1365 1678 1436 1713 (nam
1453 1679 1480 1705 id
1496 1685 1586 1711 aperte
1606 1685 1721 1707 testatur
1735 1682 1840 1708 Joannes

1058 1724 1254 1759 Curopulutes),
1271 1725 1315 1752 sed
1332 1733 1395 1760 nego
1410 1726 1488 1751 istum
1503 1734 1558 1752 esse
1572 1726 1686 1753 nobilem
1709 1728 1780 1754 illum
1791 1728 1839 1760 phi-

1057 1770 1193 1804 losophum
1206 1771 1280 1804 cujus
1294 1771 1423 1806 permulta
1436 1772 1562 1806 hodieque
1589 1780 1743 1807 supersunt.
1757 1773 1837 1801 Νίσηε

1057 1821 1164 1846 temere,
1183 1825 1214 1843 ne
1226 1817 1275 1843 huc
1291 1818 1317 1844 in
1330 1825 1356 1843 re
1371 1825 1385 1843 a
1401 1819 1511 1844 summis
1529 1818 1591 1844 viris
1604 1818 1757 1851 dissentire,
1770 1820 1838 1852 paulo

1056 1866 1112 1896 post
1136 1861 1244 1895 planum
1268 1862 1376 1896 faciant,
1400 1871 1457 1889 cum
1481 1863 1513 1889 de
1538 1863 1620 1890 Pselli
1647 1870 1726 1892 a‘tate
1753 1865 1838 1891 dicunt.

1058 1907 1120 1934 llmc
1144 1908 1254 1935 Vossius
1279 1908 1322 1941 qui
1351 1908 1448 1935 deinde
1473 1908 1631 1937 Michaelem
1657 1910 1776 1937 Psellnm
1797 1910 1838 1936 llo-

1057 1955 1146 1982 rnisse
1176 1954 1233 1981 vult
1257 1954 1424 1988 temporibus
1448 1955 1589 1982 Michaelis
1614 1955 1658 1982 Vl.
1686 1956 1839 1987 Stratiotici,

1057 2000 1103 2027 lilii
1119 1999 1212 2027 lsaacii
1227 1999 1380 2032 Commeni,
1400 1999 1571 2028 Constantini
1588 2001 1645 2028 ΧΗ.
1664 2002 1755 2034 Duce,
1776 2010 1834 2028 uxo-

1059 2046 1096 2073 ris
1110 2047 1169 2081 ejus
1186 2046 1325 2080 Eudoxiae,
1340 2047 1453 2074 Romani
1470 2047 1598 2082 Diogenis
1608 2053 1635 2075 et
1650 2048 1789 2076 Michaelis
1800 2048 1838 2075 \‘ll

1059 2091 1148 2118 Durae.
1179 2090 1418 2118 Verutnonimvcro
1452 2091 1494 2119 his
1514 2093 1545 2119 de
1571 2092 1686 2127 duplicis
1705 2094 1840 2121 Michaelis

1059 2136 1138 2163 Pselli
1168 2141 1247 2163 aetate
1275 2137 1431 2170 concessis;
1460 2145 1512 2164 non
1542 2141 1631 2164 tamen
1652 2139 1742 2166 adhuc
1772 2139 1840 2166 rideo

1058 2190 1138 2217 quam
1160 2183 1228 2210 satis
1249 2183 1349 2216 justam
1370 2184 1465 2210 habeat
1481 2191 1589 2210 causam
1610 2184 1728 2212 Vossius
1750 2193 1763 2212 a
1785 2194 1841 2212 scn-

1058 2227 1143 2254 tentia
1172 2227 1277 2254 Baronii
1303 2233 1330 2255 et
1355 2228 1512 2256 Bcllartnini
1543 2229 1720 2263 discedendi;
1749 2235 1775 2258 et
1797 2239 1840 2258 cur

1054 2274 1153 2308 juniori
1169 2275 1259 2309 potius
1275 2283 1358 2309 qttam
1375 2276 1522 2309 antiquiori
1541 2275 1629 2303 Psello
1648 2277 1799 2304 orationem
1818 2279 1839 2303 in

1057 2319 1267 2355 Metaphraslem
1294 2321 1374 2348 tribui
1400 2321 1473 2348 velit.
1500 2321 1537 2348 Ex
1563 2330 1614 2356 qua
1636 2323 1711 2349 enim
1731 2323 1838 2350 littcrnla

1058 2368 1182 2395 Encomii
1201 2368 1251 2394 hoc
1274 2367 1432 2402 exsrulpsit,
1455 2373 1483 2394 ut
1497 2368 1565 2395 bene
1580 2373 1674 2395 contra
1696 2370 1839 2396 Calviuico-

1059 2412 1109 2438 lam
1137 2412 1331 2446 llospiniantnn
1359 2413 1515 2445 Gretserus,
1544 2414 1585 2440 vel
1608 2415 1768 2449 exsrnlpct?
1789 2415 1839 2447 Quo

1060 2458 1168 2492 inquam
1185 2459 1285 2484 llltllt‘lt)
1304 2459 1482 2485 recentiorem
1499 2458 1616 2486 Psellum
1634 2460 1756 2488 lincomii
1777 2461 1839 2487 illius

1059 2509 1197 2530 auctorem
1222 2511 1303 2537 quam
1329 2504 1462 2530 seniorem
1488 2504 1569 2531 facit?
1594 2504 1701 2531 Nullum
1728 2507 1839 2541 proferto

1059 2546 1131 2573 aliud
1157 2546 1286 2574 indicium
1307 2547 1396 2579 video,
1415 2555 1494 2582 quam
1520 2556 1625 2575 mentm
1651 2549 1736 2583 ipsius
1761 2550 1838 2577 γοεδἰὶ

1056 2592 1198 2626 judicium,
1222 2593 1343 2626 adeoque
1368 2597 1470 2620 temere
1495 2594 1545 2621 hoc
1578 2594 1666 2628 ipsum
1693 2596 1767 2627 dicit,
1795 2604 1839 2622 non

1060 2642 1160 2664 temere
1171 2645 1223 2664 sea
1240 2637 1349 2665 Baronii
1361 2645 1387 2665 et
1402 2638 1557 2666 Bellartnini
1574 2640 1676 2674 judicio
1690 2642 1838 2669 dissentire.

1059 2683 1158 2710 Verum
1184 2685 1241 2711 etsi.
1257 2685 1357 2711 nttllam
1382 2687 1522 2720 utriusque
1538 2687 1633 2721 judicii
1659 2689 1790 2716 rationem
1809 2690 1840 2715 at-

1058 2730 1129 2757 l‘errc
1142 2729 1288 2763 possimus,
1304 2738 1390 2765 neque
1404 2739 1434 2758 ex
1452 2733 1542 2766 aliquo
1557 2733 1619 2761 ιοιτο
1636 2734 1708 2761 illius
1724 2736 1837 2762 Encomii

1059 2776 1148 2811 colligi
1179 2776 1275 2810 possit,
1306 2781 1364 2804 uter
1392 2777 1509 2806 Michael
1536 2779 1639 2807 l‘scllus
1667 2787 1764 2808 auctor
1788 2782 1838 2813 eius

252 2838 286 2866 (nl
304 2837 340 2881 {te
353 2839 481 2867 Synwonis
495 2841 666 2872 Metaphrasta:
690 2849 747 2868 vera
760 2846 834 2868 tetate
848 2844 901 2870 \ide
916 2846 1095 2879 Proiegomena
1111 2847 1139 2872 ad
1152 2850 1244 2872 tomum
1259 2845 1345 2876 CXIV;
1358 2846 1389 2871 de
1403 2846 1522 2874 Michacle
1539 2848 1632 2881 Psello,
1646 2853 1741 2875 tomum
1752 2849 1829 2877 CAS'I

223 2868 290 2893 ljmr.
308 2870 382 2893 l’atn.
