1874 3055
35 134 71 163 ,ςιτ
520 127 719 159 FRANCISCI
743 128 875 157 SCORSI
898 129 1117 159 PROtEMlUM
1139 130 1178 159 ll.
1624 133 1661 164 93

43 187 110 215 fuerit
133 186 231 222 (neque
249 184 333 218 enim,
352 185 444 216 crcdo.
470 192 509 211 ex-
527 184 654 219 operibus
680 183 759 210 Psclli
780 182 818 217 ju-

43 234 115 261 nioris
126 233 151 259 id
166 239 284 266 unquam
303 233 429 258 ostendet
445 230 575 263 Vossius;
590 238 652 256 nam
669 229 816 267 attulisset,

42 281 58 307 si
83 279 222 309 habuisset)
252 284 279 305 et
303 278 326 305 si
350 277 435 312 igitur
460 284 503 304 res
531 276 647 311 pendeat
676 274 765 303 adhuc
791 275 816 301 in

42 330 194 359 equameuto
209 329 236 351 et
261 323 363 358 dignus
384 324 427 350 hic
445 323 554 349 \‘indice
576 323 702 349 videatur
719 323 815 354 nodus,

42 371 129 398 at’tedtt
142 371 195 405 jam
212 371 286 398 velut
302 370 357 397 ἀπὸ
370 369 494 404 μηχανῆς
510 369 524 394 ὁ
543 368 620 401 Θεὸς,
635 367 816 402 Theophanes

43 418 86 446 hic,
108 416 149 450 qui
166 416 284 442 Baronio
299 421 326 442 ct
344 415 507 442 Bcllarmino
524 415 599 441 litem
625 413 770 447 adjudicet,
789 417 815 439 et

41 468 118 488 eorum
139 462 241 495 judicio
268 466 374 488 tantum
397 460 524 494 ponderis
549 459 640 492 addat,
666 463 695 486 nt
717 459 749 486 dc
771 466 814 490 co,

42 508 120 541 reique
134 507 248 534 veritate
259 507 317 541 jam
335 514 387 533 non
404 506 440 532 sit
454 505 571 539 amplius
588 505 722 539 integrum
737 503 815 530 dubi-

42 557 98 579 tare.
111 551 174 579 Cum
192 552 266 578 enim
287 551 426 585 superiore
447 550 460 585 §
480 549 523 577 IV.
540 550 710 584 apertissime
724 555 815 576 osten-

21 592 23 595 ’
41 604 88 622 sunt
101 596 142 627 sit,
157 595 351 630 Theophanem
370 595 441 622 hunc
456 595 617 621 Cerameum
633 594 814 627 archiepisco-

42 650 92 675 putn
110 640 365 667 Tauromenitanum
390 640 514 668 lloruisse
533 640 583 667 sub
604 639 703 666 Basilio
723 639 812 666 Macc-

41 689 106 718 done.
121 693 146 714 et
164 686 254 714 Leone
270 687 330 721 ejus
350 686 405 714 lilio
419 687 464 721 qui
480 693 542 713 cum
560 686 640 712 Patre
657 686 738 720 cmpit
761 686 812 713 im-

42 736 173 767 perare,"ttt
188 732 257 764 dixi,
270 740 343 759 anno
357 731 421 765 8'10,
439 732 596 767 planissime
609 732 690 759 etiam
706 736 811 758 constet

42 778 183 813 Sytneonem
201 777 413 812 Metaphrastem
426 783 490 806 ante
505 786 566 805 eum
580 778 722 809 claruisse.
735 779 811 806 adeo-

41 832 83 857 que
98 824 249 851 alit-haelcm
270 824 388 851 Psellum
400 824 458 859 ejus
471 824 662 852 encomiastem
678 825 812 860 antiquio-

41 876 85 893 rem
106 868 175 893 illtun
201 867 297 900 fuisse,
321 875 373 894 non
395 868 541 902 juniorem,
569 869 608 895 uti
632 868 763 895 Batonius
785 873 811 895 et

41 913 198 940 ltetlarminus
223 913 371 947 czeterique
396 913 543 940 doctissimi
568 914 715 948 scriptores
738 913 812 947 jndi~

40 963 128 984 rarunl.
145 957 196 984 Nec
208 958 266 992 jam
286 959 364 986 video
381 966 434 991 qua
457 959 562 986 ratione
580 966 632 985 non
651 959 729 986 modo
745 964 811 986 aela-

42 1011 83 1031 tvm
104 1004 275 1039 Theophanis
303 1006 329 1031 in
347 1004 459 1032 dubium
481 1005 611 1037 revocari,
634 1005 680 1032 sed
704 1012 735 1032 ea
755 1005 810 1039 jam

41 1051 94 1076 satis
106 1058 236 1084 superque
253 1050 399 1082 alIirutata,
413 1058 466 1085 qua
480 1051 584 1078 ratione
596 1051 680 1085 possit
695 1051 811 1086 ampl‘us

41 1098 66 1123 de
85 1097 136 1131 ipsa
153 1096 346 1130 Metaphrastte
365 1102 445 1124 altate
468 1097 642 1124 controverti.
664 1096 722 1123 Jam
738 1098 809 1124 enim

41 1151 65 1168 rt
79 1143 130 1169 luce
144 1150 224 1177 quam
247 1142 405 1176 Theophani
426 1143 531 1176 dqtnus,
548 1144 590 1169 fax
607 1143 698 1170 itidem
717 1145 808 1170 eadem

43 1196 106 1222 opera
122 1189 229 1222 pra-lata
249 1188 356 1215 \idetnr
372 1189 397 1215 in
415 1193 487 1215 tanta
500 1189 665 1216 obscuritate
681 1189 807 1224 Symeoni

43 1233 216 1267 |l.-taphrasta3.
234 1232 330 1267 Neque
348 1241 412 1260 vero
427 1233 539 1261 Gilberti
555 1233 721 1261 Genebrardi
740 1234 809 1269 judi-

41 1287 96 1304 ("unt
118 1279 140 1304 in
163 1287 210 1306 sua
235 1279 417 1314 Chronologia
438 1287 544 1306 morere
567 1279 622 1313 jam
649 1280 745 1314 debet;
763 1281 807 1314 qui

42 1325 97 1350 [irra
117 1331 211 1351 annum
233 1325 299 1357 700,
318 1325 373 1351 \‘tlll
391 1325 489 1351 vixisse
502 1325 729 1359 illctaphrastem:
746 1335 807 1352 nam

43 1371 80 1395 huc
99 1370 183 1396 itidem
208 1370 342 1403 judicium
368 1371 451 1406 ipsius
468 1377 527 1405 est;
552 1379 638 1407 neque
654 1367 735 1400 ullﬁm
750 1374 808 1407 ejus

43 1416 70 1440 rei
96 1422 280 1449 argumentum
316 1416 412 1449 amart;
454 1418 524 1452 quod
557 1423 644 1445 tamen
675 1419 805 1452 judiciqu

40 1461 115 1486 tndem
142 1461 277 1488 refellitur
306 1463 385 1489 modo
411 1471 464 1497 quo
490 1463 576 1491 Vossii
608 1465 691 1492 tnulto
718 1466 807 1492 ntittus

43 1506 176 1540 llospiniani
198 1507 274 1535 illius
303 1508 456 1536 Calvinista;
477 1510 621 1537 convitium
659 1511 750 1545 potius
776 1519 807 1538 ac

43 1551 143 1579 .lrl'lrium
167 1553 192 1580 in
216 1553 442 1588 Metaphrastem,
466 1563 544 1590 quam
567 1564 660 1582 sanum
676 1556 806 1590 judicium

43 1599 110 1624 rudere
124 1599 211 1630 debet,
230 1600 278 1634 qui
303 1601 377 1626 illurn
401 1601 482 1628 fuisse
501 1602 635 1628 tririalent
651 1602 807 1630 Constanti-

44 1644 112 1678 nr-poli
138 1645 190 1671 ludi
229 1646 408 1681 magistrum,
443 1648 645 1675 mendaciorum
680 1649 806 1683 legendas

46 1690 172 1724 srripsisse,
199 1699 250 1718 nec
278 1692 392 1726 amplius
419 1693 452 1718 ah
479 1693 542 1720 hinc
565 1694 688 1722 ducentis
714 1695 804 1730 viginti

45 1737 103 1762 unus
117 1737 211 1763 risisse
227 1746 234 1763 :
253 1745 316 1764 eum
337 1738 408 1764 enim
427 1739 492 1765 satis
513 1739 650 1773 redarguit
669 1745 696 1767 et
712 1740 806 1767 irridet

43 1780 160 1807 Grctserus
181 1782 315 1815 opusculo
339 1783 422 1815 dicto,
445 1784 562 1811 maxime
584 1793 616 1812 ex
639 1793 671 1812 eo
692 1787 760 1820 quod
779 1787 804 1813 in

42 1827 133 1853 "-mcilio
146 1827 306 1855 Florentino
319 1836 386 1856 sess.
397 1837 446 1862 vn,
464 1830 503 1857 bis
519 1839 616 1866 magno
628 1839 687 1858 cum
704 1832 806 1860 honore

42 1872 139 1899 Lu-letur
155 1874 274 1908 Syrneon
298 1874 505 1910 Metapbrastes.
528 1876 573 1903 Sic
592 1877 662 1903 enim
683 1878 805 1904 Andreas

42 1916 105 1944 l’hodi
125 1920 219 1951 prtesnl
241 1920 352 1948 Graecos
369 1921 527 1956 alloquens:
551 1921 584 1948 lu
605 1923 696 1955 primis
723 1923 804 1958 igitur

42 1962 130 1995 Symron
141 1963 336 1998 [letali/trames
348 1967 438 1994 vestris
451 1968 476 1994 in
490 1967 612 1995 Etclesiis
624 1969 803 1996 celeberrimus

42 2009 140 2041 mredat,’
163 2015 190 2036 et
214 2006 286 2037 sess.
309 2009 401 2038 eadem
418 2012 488 2038 idem
507 2021 512 2038 :
533 2004 644 2047 Legatur
660 2013 706 2040 ille
723 2015 767 2048 qui
787 2023 802 2041 a

41 2054 92 2080 rotis
108 2056 221 2088 quotidie
247 2057 346 2091 legitur
369 2058 396 2084 iu
418 2057 554 2090 Ecclesiis,
575 2058 688 2093 Symeon
715 2059 801 2086 Meta-

41 2099 145 2126 tr’irastu.
169 2101 258 2128 Locus
279 2107 368 2129 autem
393 2103 522 2138 legendus
549 2109 608 2131 erat
633 2113 665 2132 ex
686 2105 745 2132 Vita
770 2105 799 2132 S.

42 2143 135 2178 llmuysii
147 2145 328 2182 Areopagum,
348 2148 375 2174 in
391 2155 444 2182 quo
461 2149 655 2184 Metaphrastes
671 2149 799 2184 Spiritum

41 2195 136 2216 sanctum
160 2199 192 2218 ex
215 2191 299 2219 Putre
322 2198 347 2220 et
375 2191 444 2220 Filio
465 2192 611 2228 procedere
636 2201 728 2230 aperte
752 2196 800 2222 ait.
820 2202 826 2208 '

41 2235 148 2263 l’rzeterea
172 2236 307 2272 Iosephus
330 2238 514 2266 Melhoncnsis
538 2241 680 2276 episcopus
706 2247 801 2269 contra

42 2279 128 2308 \Iurium
147 2283 327 2316 Epltcsiuum,
344 2285 454 2320 Symeon
474 2294 556 2314 novus
578 2287 733 2322 Theologus,
758 2288 802 2322 qui

40 2333 55 2350 ιι
75 2325 265 2362 Metapltrastes.
290 2331 328 2357 Ex
356 2331 453 2366 quibus
478 2333 686 2360 auctoritatibus
714 2334 802 2367 arguit

42 2371 208 2405 ltuspinianum
239 2375 406 2408 Gretserus.
436 2379 509 2413 quod
538 2379 582 2413 qui
613 2379 639 2406 in
672 2379 801 2407 Ecetcsiis

36 2416 170 2457 linteorum
185 2421 380 2449 celeberrimus
402 2423 493 2454 fuerit,
513 2428 540 2451 et
561 2430 663 2451 tantum
689 2426 801 2453 auctori-

42 2463 87 2489 tatis
97 2470 195 2498 nactus,
210 2475 264 2493 non
279 2468 395 2501 potuerit
408 2476 468 2496 esse
483 2469 669 2504 ludimagister
679 2477 694 2496 e
709 2471 798 2503 trivio,

41 2516 106 2543 teque
124 2518 185 2538 vero
207 2513 330 2540 ducentis
348 2518 411 2541 ante
426 2515 505 2541 annis
528 2515 645 2548 vixisse;
661 2524 740 2550 quam
756 2517 799 2543 illa

40 2561 118 2581 -tceret
142 2557 338 2592 llospinianus,
362 2567 422 2586 cum
447 2560 590 2588 concilium
616 2561 799 2588 Florentintun

40 2600 175 2628 ~eh~bratum
187 2603 221 2629 sit
234 2611 306 2630 anno
324 2604 398 2636 I459,
413 2605 463 2632 hoc
472 2610 512 2632 est
522 2611 584 2633 ante
594 2614 680 2634 annos
692 2613 798 2634 centum

41 2647 150 2679 «toginta
167 2655 232 2680 tres,
257 2650 378 2684 adeoque
396 2651 554 2679 incredibile
576 2653 698 2680 videatur
715 2653 799 2680 Meta-

42 2691 151 2721 lhrastem
166 2699 220 2721 tam
235 2703 368 2730 nuperum
384 2701 483 2724 tantam
493 2698 681 2725 auctoritatem
694 2699 799 2726 tantillo

42 2742 135 2770 i.-:npore
145 2741 287 2775 acquirere
299 2743 428 2776 potuisse.
442 2748 470 2769 ut
487 2750 517 2770 ea
531 2743 632 2772 Grtecis
644 2745 670 2772 in
684 2745 799 2773 concilio

871 186 1040 212 (Bt'lttllCttlt't)
1053 192 1103 211 una
1120 193 1180 212 cntn
1197 184 1311 212 vetustis
1327 184 1452 212 I’utribus
1467 193 1657 222 opponeretur.

872 229 941 265 Lege
956 231 1030 264 plura
1045 235 1139 257 contra
1155 230 1347 264 llospinianum
1366 233 1435 266 apud
1452 232 1538 266 ipsum
1554 233 1660 261 Grelse-

860 265 941 302 irum.
959 275 1051 309 Neque
1064 276 1146 302 aliutn
1163 275 1221 309 lego
1234 276 1279 310 qui
1291 279 1383 302 contra
1399 265 1502 304 tetatem
1518 277 1659 312 Symconis

872 331 884 346 ιι
901 322 979 348 nobis
996 322 1110 355 positam
1125 321 1274 355 scripserit.
1287 322 1352 348 Nam
1366 322 1436 356 quod
1449 323 1486 349 ait
1501 322 1659 351 Theodorus

870 365 995 391 Balsama
1009 367 1035 392 in
1053 374 1114 395 can.
1129 365 1173 398 65,
1189 366 1283 401 synodi
1297 365 1394 398 Trull.,
1409 367 1451 394 ubi
1466 367 1498 393 de
1513 374 1658 394 secernen-

869 411 911 438 dis
930 411 1052 438 historiis
1066 416 1093 438 et
1108 412 1175 438 actis
1197 416 1351 438 sanctorum
1371 412 1534 447 apocryphis
1555 420 1570 439 a
1587 413 1658 440 veris

868 457 1022 483 decernitur
1037 466 1042 483 :
1060 457 1148 490 Χάρις
1159 457 1250 483 τοίνυν
1262 457 1301 492 τῷ
1314 457 1455 493 μακαρίτῃ
1469 458 1655 494 Μεταφραστῇ

867 501 906 537 τῷ
935 502 968 528 τὰ
995 503 1151 538 μαρτυρικὰ
1176 503 1242 530 ὡσεὶ
1267 503 1318 537 τῆς
1345 503 1478 539 ἀληθείας
1507 504 1657 539 σκάμματα

866 548 972 579 πολλοῖς
982 549 1083 580 πόνοις,
1097 550 1144 576 καὶ
1159 549 1253 584 ἱδρῶσι
1269 549 1507 583 κατακαλλύνοντι,
1518 550 1558 580 εἰς
1572 549 1657 584 ὕμνον

867 593 947 625 Θεοῦ,
963 594 1009 620 καὶ
1028 594 1108 626 δόξαν
1129 594 1309 627 αἱωνίζουσαν
1325 595 1380 622 τῶν
1397 595 1482 629 dryin
1499 595 1656 630 μαρτύρων.

865 640 958 666 Gratia
982 641 1069 675 itaque
1094 640 1127 666 Β.
1153 640 1342 675 Metapltrastm
1363 642 1499 673 habenda,
1524 642 1593 675 quod
1615 649 1656 668 res

865 690 1009 720 martyrum
1029 691 1155 721 tanquam
1176 687 1292 713 veritatis
1308 686 1394 721 fossas
1407 695 1458 713 non
1475 687 1530 714 sine
1546 687 1647 713 labori-

866 732 913 759 bus
930 737 953 758 et
967 732 1107 759 sitdoribus
1125 733 1275 767 repurgauit
1291 737 1315 759 et
1335 733 1473 759 exornavit
1487 733 1520 759 ad
1535 732 1583 759 Dei
1595 733 1655 759 lau-

867 777 926 803 dent
953 782 978 803 et
1006 776 1058 804 SS.
1087 782 1235 812 martyrum
1260 785 1396 811 perennem
1424 778 1548 812 gloriam.
1579 777 1655 810 lloc,

867 822 989 855 inquam.
1007 827 1106 849 nostra:
1117 822 1173 856 jam
1188 822 1330 849 illustratus
1342 823 1484 850 sententiae
1496 830 1548 850 non
1562 823 1654 854 olIicit,

866 868 989 901 quamvis
1007 868 1050 895 hic
1067 868 1142 895 locus
1154 868 1274 903 objectus
1296 868 1360 895 mihi
1376 868 1412 896 sit
1427 869 1453 896 in
1467 869 1581 903 epistola
1598 868 1654 903 pri-

866 918 928 939 vata
950 912 983 939 ab
999 913 1107 940 homine
1122 913 1280 940 doctissimo
1301 913 1445 940 Societatis
1465 919 1575 947 nostrae,
1592 921 1654 941 cum

866 959 899 985 de
923 959 973 985 hac
991 966 1020 985 rc
1043 965 1090 993 per
1114 958 1218 985 litteras
1243 959 1462 993 disputaremus;
1483 959 1526 986 cui
1551 959 1656 986 videtur

866 1004 990 1031 Balsamo
1006 1004 1038 1031 de
1055 1003 1236 1038 Metaphraste
1253 1009 1281 1030 ut
1298 1011 1400 1038 nupero
1423 1005 1555 1039 scriptore
1571 1004 1653 1039 loqui.

866 1050 980 1084 Scripsit
995 1056 1084 1077 autetu
1099 1050 1222 1078 Balsama
1232 1051 1276 1077 ille
1289 1050 1478 1077 schismaticus
1489 1055 1515 1077 et
1527 1050 1656 1078 Romanae

865 1097 985 1124 lltfcllSlls
1000 1097 1128 1124 Ecclesia!
1148 1097 1256 1132 Gcorg‘i
1280 1097 1409 1132 Xiphilini
1428 1098 1587 1131 patriarcha:
1600 1098 1652 1125 (2P.

866 1147 999 1177 tempore,
1025 1144 1067 1170 cui
1091 1144 1225 1170 dedicarit
1239 1151 1306 1178 opus
1330 1151 1418 1177 suum,
1437 1143 1481 1178 qui
1500 1143 1652 1178 Xiphilinus

864 1195 935 1214 anno
964 1187 1028 1215 H9!
1055 1189 1149 1215 sedere
1175 1189 1257 1221 cwpit
1279 1197 1286 1214 :
1305 1188 1349 1214 illa
1372 1189 1443 1215 enim
1468 1188 1561 1220 verba,
1588 1189 1652 1224 quid

863 1233 952 1260 obstat
966 1234 1109 1268 quominus
1132 1235 1165 1261 de
1187 1234 1379 1270 Metaphraste,
1397 1235 1502 1263 etiamsi
1527 1236 1653 1264 trecentis

864 1279 925 1312 plus
947 1285 1010 1306 ante
1034 1280 1113 1306 annis
1136 1281 1244 1312 vixerit,
1273 1281 1471 1316 intelligamus?
1490 1281 1558 1314 Quid
1581 1283 1652 1309 cnim

864 1325 935 1350 aliud
963 1325 1078 1351 intendit
1105 1325 1229 1352 Balsama
1243 1334 1322 1360 quam
1340 1334 1409 1361 opus
1425 1327 1497 1353 illius
1516 1334 1653 1354 commen-

863 1369 939 1402 dare,
964 1370 1009 1403 qui
1035 1375 1191 1398 sanctorum
1210 1376 1268 1398 acta
1292 1379 1307 1398 a
1329 1371 1426 1399 fabulis
1451 1373 1484 1399 ad
1512 1373 1651 1400 veritatem

864 1415 1002 1442 traduxit?
1028 1416 1109 1450 hujus
1134 1422 1221 1443 autem
1248 1418 1286 1444 rei
1313 1419 1504 1452 sempiternam
1536 1425 1595 1446 esse
1623 1423 1652 1446 et

860 1467 980 1492 manere,
998 1460 1097 1486 nedum
1112 1465 1171 1494 post
1189 1466 1325 1488 trecentos
1338 1468 1422 1488 annos
1436 1462 1547 1496 gratiam
1565 1461 1648 1490 Meta-

858 1505 977 1538 phrasta:
994 1505 1091 1539 perire.
1109 1505 1150 1532 fas
1164 1511 1214 1533 est.

860 1572 874 1608 ᾗ
897 1573 939 1600 Vl.
952 1589 986 1593 —
1002 1571 1158 1606 Explicatur
1175 1573 1311 1608 inscriptio
1327 1573 1443 1600 ltomilt'a:
1461 1573 1538 1601 dicta:
1556 1573 1648 1600 Domi-

1103 1609 1164 1633 uim
1178 1608 1220 1634 die
1235 1607 1402 1634 l’almarum.

864 1663 976 1698 Ἐλὲχθη
993 1664 1020 1690 δὲ
1037 1663 1152 1690 ἐνώπιον
1167 1663 1212 1689 τοῦ
1227 1664 1311 1698 ρηγδς
1334 1663 1429 1696 Ῥόγου
1446 1663 1495 1698 (n).
1512 1669 1536 1691 et
1551 1664 1649 1698 conﬁr-

893 1705 980 1725 matur
996 1699 1078 1733 tungis
1092 1699 1163 1725 dicta
1176 1699 1304 1725 sententia
1314 1699 1345 1724 tle
1359 1698 1520 1733 Theophanis
1529 1698 1648 1727 σει-(ιηιεί

892 1734 998 1762 stertilo.

893 1792 943 1819 Tot
964 1792 1122 1826 luminibus,
1139 1799 1198 1826 quzc
1219 1793 1251 1820 ad
1271 1792 1467 1820 ostendendum
1486 1799 1541 1827 quo
1554 1791 1645 1819 Theo-

856 1839 959 1873 phanes
971 1847 1028 1865 asro
1042 1838 1193 1872 scripserit,
1210 1838 1347 1873 al'lulgent,
1365 1838 1440 1864 nobis
1456 1845 1524 1864 ttuus
1541 1838 1646 1864 videtur

855 1884 997 1911 obstruere
1022 1884 1123 1917 paries,
1142 1888 1169 1911 et
1183 1884 1262 1911 oculo
1280 1884 1368 1911 minus
1380 1883 1416 1910 ad
1431 1883 1644 1918 perspiciendum

855 1935 935 1957 acuto
950 1929 1088 1956 olluudere
1111 1929 1246 1956 tenebras.
1264 1928 1315 1956 Ubi
1336 1929 1408 1956 ettim
1431 1929 1456 1955 in
1477 1928 1586 1955 ltomilia
1607 1928 1646 1955 De

856 1975 936 2002 rami:
952 1975 1107 2001 Palmarutu
1120 1974 1224 2009 (homil.
1238 1976 1312 2008 xxvr)
1326 1974 1457 2008 adjectam
1467 1974 1538 2000 illam
1553 1974 1646 2008 legerit

854 2025 957 2051 notam,
977 2019 1053 2045 Dicta
1073 2027 1131 2046 vero
1149 2023 1187 2045 est
1203 2027 1291 2045 caram
1318 2027 1375 2054 rege
1393 2020 1465 2054 Ilogo
1487 2019 1537 2055 (sic
1552 2020 1645 2048 Graeca

857 2066 882 2091 in
901 2064 1077 2098 inscriptione
1098 2063 1235 2098 praemissa
1259 2069 1368 2096 sonant,
1389 2069 1418 2091 ut
1434 2065 1517 2092 semel
1532 2065 1644 2100 dicam),

854 2109 963 2143 Rogerii
982 2109 1052 2144 regis
1073 2113 1203 2143 tempore,
1222 2108 1267 2143 qui
1283 2115 1298 2135 e
1315 2107 1508 2136 Northmannis
1530 2110 1643 2144 prinms,

855 2155 968 2182 devictis
998 2154 1135 2188 pulsisque
1155 2148 1335 2186 Sarracenis,
1363 2155 1389 2181 in
1417 2154 1509 2182 Sicilia
1539 2155 1641 2188 regium
1687 2183 1689 2185 ,

855 2208 951 2227 nomen
984 2204 1011 2227 et
1035 2207 1162 2227 coronam
1189 2200 1239 2227 sibi
1270 2199 1416 2234 imposuit,
1443 2200 1541 2227 dictatn
1570 2201 1642 2227 illum

853 2245 1036 2277 existimabit,
1062 2249 1088 2271 et
1109 2252 1158 2280 pro
1184 2244 1325 2279 Ῥογερίου
1345 2245 1496 2279 compendii
1526 2252 1608 2272 causa
1628 2253 1642 2272 a

853 2292 985 2325 scriptore
1014 2290 1154 2325 positum,
1180 2290 1288 2323 Ῥόγου,
1318 2289 1352 2316 Et
1375 2289 1489 2324 ingenue
1519 2290 1642 2324 equidem

854 2336 952 2369 fateor,
982 2336 1054 2362 illam
1084 2335 1286 2370 inscriptionem
1315 2335 1381 2362 mihi
1413 2342 1538 2370 magnum
1567 2335 1643 2362 initio

856 2381 962 2409 dedisse
986 2381 1141 2416 negotium;
1165 2385 1192 2408 el
1212 2381 1244 2408 de
1266 2380 1440 2415 Theophanis
1459 2381 1557 2408 saeculo
1573 2388 1642 2414 pra:-

853 2432 959 2462 ceptam
993 2427 1147 2462 opinionem
1184 2434 1236 2453 non
1268 2427 1402 2453 exeruisse
1436 2427 1559 2460 quidem,
1596 2426 1642 2452 scd

858 2473 1058 2504 inobscurasse,
1077 2473 1205 2507 auxitque
1220 2473 1288 2499 hanc
1306 2472 1502 2499 dubitationem
1523 2471 1643 2498 auctori-

857 2523 897 2546 tas
919 2518 950 2545 Ρ.
976 2518 1070 2545 Jacobi
1095 2518 1247 2552 Sirmnndi,
1271 2517 1423 2544 eruditione
1442 2517 1556 2552 insignis
1579 2517 1640 2548 viri,

854 2566 898 2599 qui
915 2564 1063 2592 sciscitanti
1084 2565 1149 2591 mihi
1171 2571 1219 2598 per
1235 2563 1375 2598 epistolam
1402 2562 1539 2598 respondit.
1561 2563 1597 2589 ita
1613 2570 1642 2589 sc

857 2610 946 2643 legere
969 2614 996 2636 et
1011 2609 1120 2635 omnino
1140 2608 1293 2635 rcrositnile
1309 2607 1392 2634 videri
1415 2607 1573 2634 Cerameum
1588 2607 1642 2634 llo-

853 2655 920 2690 gctii
943 2659 1064 2689 tempore
1085 2654 1216 2681 ﬂoruisse.
1239 2653 1292 2680 Sed
1316 2653 1386 2679 enim
1408 2653 1514 2680 tandem
1533 2659 1562 2680 re
1577 2660 1642 2680 exa-

856 2701 939 2733 gitata
956 2701 999 2727 diu
1023 2700 1195 2733 studioseque
1209 2699 1341 2730 discussa,
1362 2699 1455 2726 clavus
1472 2699 1516 2726 hic
1530 2699 1575 2734 qui
1594 2699 1639 2726 diu

853 2746 955 2773 inﬁxus
970 2746 1058 2779 luesit,
1073 2749 1099 2772 et
1111 2746 1176 2772 mihi
1191 2750 1218 2772 et
1231 2745 1261 2772 Ρ.
1277 2745 1423 2773 Sitmundo
1438 2753 1485 2780 per
1496 2750 1640 2780 sequenth

65 2806 89 2827 7;!
104 2807 153 2831 ('od.
167 2808 271 2845 diatritq
296 2816 370 2846 ting
384 2810 411 2834 Ρ.
425 2811 532 2846 _Scprsns
553 2818 600 2835 non
615 2812 673 2846 vidit
687 2813 806 2846 :fpuﬁia

893 2823 911 2842 1v
934 2814 1075 2845 Baiopépov.
1088 2814 1188 2845 Ἐλέχοη
1210 2815 1233 2839 ἐν
1248 2818 1276 2846 τῇ
1298 2815 1455 2846 ΠΔΝΟΡΜῼ
1469 2817 1500 2844 εἷς
1512 2816 1554 2844 τὴν
1567 2815 1637 2844 λιτὴν

43 2842 131 2863 “eum
142 2841 181 2862 τοῦ
194 2842 275 2870 om};
294 2841 328 2865 (Χ.
342 2841 410 2864 Joatt.
425 2841 530 2869 \‘riartc.
547 2849 620 2873 supra
633 2844 680 2868 col.
693 2841 811 2870 30.130”.
827 2841 903 2870 rm;
1001 2841 1004 2845 ’
1028 2841 1031 2845 ’
1144 2841 1159 2845 ”
1184 2841 1187 2842 ν
1267 2841 1276 2846 ’Ἲ
1443 2841 1446 2848 λ
