1874 3055
220 136 256 169 99
723 137 923 167 FRANCISCI
944 137 1075 167 SCOllSI
1097 137 1316 170 PllOCEMlUM
1334 138 1373 168 Π.
1788 140 1828 171 100

221 191 353 229 epistolas
367 191 421 219 alio
435 196 564 219 extrusus
581 195 623 219 est
639 191 735 225 clavo;
751 191 797 218 sed
810 191 866 226 jam
879 199 934 218 rem
949 200 1012 226 pro-

219 240 280 274 pius
308 238 500 273 disquiramus.
527 237 671 265 Enimvero
696 238 718 265 si
746 246 798 265 non
833 238 927 272 Ῥόγου
944 257 952 270 ,
985 243 1014 265 ιιι

221 289 311 314 exstat
343 282 370 312 in
404 284 540 319 plerisque
576 291 641 311 mss.
681 283 928 316 bibliothecarum,
966 284 1013 311 sed

226 330 367 365 Ῥογερίου
394 329 529 364 integrum
553 337 650 357 nomen
674 331 859 365 praescriptum
881 334 953 357 esset
966 330 1014 357 ho-

223 376 315 409 miliae,
334 383 388 404 non
398 376 491 404 statim
505 383 520 402 e
531 375 664 402 sententia
676 375 819 410 dejicerer,
833 375 879 403 sed
892 382 1012 403 errorem

220 423 335 457 alicujus
356 421 514 457 posterioris
531 421 582 448 aeri
600 421 706 448 librarii
724 429 877 454 censerem,
893 421 940 456 qui
953 429 1012 448 cum

220 470 324 496 videret
334 469 363 495 .in
380 468 513 502 prooemio
527 467 643 494 humilia:
661 467 824 495 mentionem
835 466 893 494 fieri
905 467 951 494 τοῦ
962 467 1013 502 βα-

221 515 319 546 σιλέως
339 518 366 542 et
388 518 528 541 auctorem
555 514 583 541 in
607 513 701 540 Sicilia
722 520 863 541 sermones
884 513 1014 542 habuisse

220 561 314 593 sciret,
336 568 390 588 non
411 560 495 587 alium
515 567 597 594 quam
616 559 764 595 Rogerium
788 567 849 587 esse
865 560 942 587 illum
967 559 1013 587 τὸν

221 607 349 642 βασιλέα,
379 614 464 641 regem
496 605 576 633 facile
604 606 693 640 potuit
725 605 852 640 opinari;
879 611 906 633 et
931 605 1013 633 sicuti

222 652 344 680 assolent
362 651 447 679 facile
467 652 657 686 pronuntiare,
680 653 725 686 qui
743 659 829 686 pauca
850 652 1012 687 respiciunt,

220 699 247 726 id
264 704 393 733 tanquam
415 703 521 725 certum
535 697 685 725 ascribere.
699 698 757 731 Qua
778 699 884 726 ratione
904 705 1011 733 possent

220 745 294 772 illam
323 744 529 779 inscriptionem
557 744 594 771 uti
619 744 739 779 spuriam
759 749 787 771 et
811 744 1011 780 supposititiam

220 791 336 826 rejicere
361 799 393 818 ac
416 789 638 826 parvipendere:
660 791 813 826 praesertim
829 799 890 818 cum
910 798 964 818 non
984 791 1011 817 in

219 837 348 865 omnibus
377 838 489 865 omnino
506 837 646 864 codicibus
677 845 743 864 mss.
770 837 887 871 legatur,
915 836 962 863 sed
991 843 1006 862 a

220 883 328 910 duobus
345 882 494 910 Gallicanis
517 883 599 914 absit,
616 882 654 909 uti
677 882 787 916 scripsit
809 882 842 909 ad
860 889 903 909 me
921 881 950 909 Ρ.
966 880 1012 908 Ja-

219 928 305 955 cobus
327 927 491 955 Sirmundus
513 928 547 955 de
569 935 624 963 quo
648 928 729 962 paulo
745 936 828 962 supra
844 929 1010 956 mentionem

222 975 282 1002 l'eci.
300 974 353 1002 Sed
366 975 515 1010 recipiatur
526 982 592 1002 sane
607 977 635 1001 ιιι
647 974 771 1008 antiqua,
790 974 1011 1009 quandoquidem

223 1022 249 1046 in
268 1021 394 1054 plurimis
409 1029 487 1054 mss.,
507 1020 648 1048 Vaticanis
660 1021 779 1052 duobus,
794 1021 935 1048 Gallicano
947 1028 1010 1054 uno,

220 1067 357 1094 Escuriali
379 1075 432 1094 uno
456 1076 462 1094 :
487 1072 514 1094 et
547 1067 625 1094 fidem
648 1067 768 1094 debitam
795 1075 862 1095 mss.
880 1068 961 1094 etiam
984 1067 1012 1094 in

220 1113 327 1140 caloris
343 1112 424 1140 rebus
444 1113 537 1140 haberi
551 1113 658 1148 postulo
677 1122 685 1140 :
703 1113 749 1140 sed
762 1113 798 1139 ita
812 1113 957 1146 recipiatur
974 1113 1012 1140 uti

221 1159 324 1192 scripta
345 1164 397 1191 est,
430 1159 524 1193 Ῥόγου
550 1167 603 1186 non
629 1159 780 1193 Ῥογερὶου.
798 1158 907 1192 Quanto
922 1163 1011 1186 autent

221 1204 312 1231 minus
329 1204 437 1236 valebit,
462 1208 491 1231 ut
516 1211 560 1231 me
576 1204 609 1231 de
625 1205 761 1232 sententia
785 1204 911 1233 deturbet
924 1204 1012 1240 Rogus

221 1249 266 1276 ille
283 1257 330 1276 rex
353 1250 498 1282 barbarus,
524 1254 551 1277 et
576 1258 691 1284 prorsus
710 1250 876 1285 incognitus,
902 1259 953 1278 nec
978 1251 1011 1278 ab

223 1294 279 1322 ullo
308 1295 473 1329 scriptorum
500 1295 626 1327 traditus,
653 1302 715 1321 curn
737 1302 770 1321 ne
790 1294 922 1328 ltogerius
942 1294 1010 1329 ipse,

222 1340 263 1367 uti
275 1340 342 1374 dixi,
359 1340 472 1372 valeret,
489 1340 637 1373 pratscrtim
656 1347 718 1367 cum
735 1339 810 1366 nulla
832 1340 931 1366 alicubi
953 1347 1012 1366 cer-

220 1391 300 1413 natur
324 1387 430 1421 adjecta
448 1387 548 1413 lineola
561 1394 621 1420 quae
639 1387 831 1421 compendium
849 1387 889 1413 vel
913 1385 1010 1414 cifram

220 1432 310 1464 signet
334 1438 406 1463 esse,
431 1431 471 1458 sic
502 1431 595 1465 Ῥὀγου
624 1439 673 1466 pro
698 1431 850 1467 Ῥογερίου.
878 1431 931 1458 Sed
953 1431 1009 1466 jam

221 1475 295 1503 illam
329 1476 513 1504 convellamus
543 1484 557 1503 a
588 1476 776 1505 fundamentis
809 1481 836 1505 et
869 1478 1010 1505 machinas

221 1522 426 1549 admoveamus.
456 1522 579 1549 Primum
615 1527 807 1558 argumentum
839 1527 880 1550 est
901 1523 1012 1550 ratioci-

222 1567 297 1594 natio
328 1568 493 1603 paragraphi
520 1568 692 1604 superioris,
721 1577 781 1604 qua:
805 1568 874 1597 satis
905 1569 1012 1596 videtur

220 1613 359 1641 evidenter
391 1614 557 1642 concludere
592 1614 787 1650 Theophanem
816 1622 890 1643 nono
925 1622 1011 1650 eoque

220 1659 338 1687 obscuro
354 1660 454 1688 vixisse
465 1661 565 1689 saeculo
582 1662 632 1689 sub
649 1661 750 1689 Basilio
761 1667 788 1689 et
801 1661 891 1690 Leone
906 1662 989 1696 impp.
1002 1669 1009 1694 ;

221 1706 368 1733 secundum
396 1710 439 1733 est
463 1706 522 1740 ipsa
543 1707 742 1743 archiepiscopi
774 1707 947 1735 Tauromenii
970 1707 1012 1734 di-

220 1750 319 1785 gnitas,
346 1757 399 1785 qua
418 1756 478 1777 erat
502 1756 616 1778 ornatus
642 1758 738 1779 auctor
766 1753 820 1785 hic,
856 1759 884 1779 et
915 1757 1011 1779 auctor

221 1803 390 1824 sermonum,
417 1803 470 1830 quo
487 1801 608 1832 tempore
631 1805 679 1825 eos
702 1799 734 1824 ad
753 1798 879 1832 populum
892 1803 918 1825 et
933 1798 1010 1832 prin-

221 1842 308 1876 cipem
332 1841 460 1869 habebat.
492 1841 542 1870 Ubi
564 1850 628 1870 vero
657 1842 763 1878 Roget-ii
788 1845 860 1879 regis
891 1849 1012 1879 tempore

221 1887 484 1914 Tauromenitanum
513 1887 672 1922 episcopum
701 1889 836 1923 ﬂoruisse,
856 1890 898 1917 vel
927 1891 1009 1917 etiam

222 1933 306 1961 fuisse
332 1941 358 1960 tn
386 1933 478 1961 Sicilia
495 1934 556 1969 quis
575 1934 685 1967 dixerit,
700 1936 742 1963 vel
761 1935 870 1968 lectum,
887 1936 929 1963 vel
957 1940 1013 1964 tra-

221 1979 319 2012 ditum,
343 1980 424 2007 modo
444 1980 619 2007 historiarum
643 1981 769 2015 lectione,
803 1989 835 2009 ac
858 1983 1009 2017 prmsertim

221 2025 406 2053 Siciliensiutn
434 2033 525 2053 rerum
561 2027 699 2061 paululum
721 2027 758 2054 sit
785 2028 926 2055 imbutus?
950 2028 1010 2056 Una

220 2071 256 2098 sit
281 2071 347 2098 satis
375 2071 408 2099 ad
435 2079 495 2099 eum
526 2073 681 2106 negandum
707 2075 859 2102 auctoritas
888 2075 1010 2102 Gaufridi

220 2117 371 2145 Malaterrae
395 2119 532 2152 monachi,
560 2119 660 2146 oculati
682 2120 759 2147 testis
783 2128 877 2147 e0rum
905 2128 964 2155 qua:
981 2122 1010 2148 in

221 2162 314 2189 Sicilia
345 2172 358 2188 a
373 2162 568 2191 Northmannis
596 2168 670 2199 gesta
690 2170 764 2198 suttt,
783 2166 884 2200 quique
900 2166 1011 2194 Malhil—

221 2208 273 2241 dis,
299 2208 408 2244 Rogcrii
437 2211 550 2241 sororis,
567 2210 643 2243 jussu
661 2219 753 2238 earum
783 2212 903 2240 confecit
927 2213 1012 2240 histo-

220 2254 302 2287 riam,
331 2261 390 2288 quae
414 2259 511 2289 exstat,
542 2257 600 2282 rudi
628 2257 797 2292 barbaroque
818 2258 889 2292 stylo
913 2265 1010 2286 eorum

221 2299 300 2333 plane
333 2304 484 2334 temporum
522 2302 634 2335 scripta,
661 2307 690 2329 et
721 2303 852 2337 impressa
883 2309 948 2333 tom.
975 2305 1011 2332 III

222 2344 358 2378 Hispania:
378 2345 522 2374 illustrata:
540 2346 589 2380 (α).
608 2348 678 2378 ουτ,
697 2348 794 2382 inquit,
807 2348 936 2377 Robertus
966 2359 1010 2378 cu-

221 2398 323 2424 mesque
352 2389 481 2425 Rogerius
510 2392 597 2423 adepti
621 2392 783 2421 Panormum
794 2395 929 2422 ecclesiam
942 2404 1007 2424 san-

220 2435 345 2461 ctissimw
369 2435 417 2461 Dei
443 2435 583 2462 Genitricia
597 2436 702 2470 Mariw,
721 2446 779 2473 qua:
803 2441 949 2474 antiquitus
967 2449 1012 2467 ar-

220 2480 427 2514 chiepiscopatus
441 2480 539 2514 fuerat,
565 2484 610 2508 sed
622 2487 683 2508 tunc
698 2483 730 2509 ab
748 2484 835 2517 impiis
850 2483 1008 2512 Sarracenis

225 2526 323 2553 riolata
355 2526 479 2560 templum
504 2528 699 2562 superstitionis
723 2537 813 2556 eorum
843 2530 916 2564 facta
942 2536 1010 2563 erat,

221 2578 282 2597 cum
309 2578 407 2604 magna
423 2572 558 2599 devotione
585 2573 783 2600 reconciliatam
802 2575 862 2601 dote
880 2580 905 2602 et
930 2583 1013 2603 orna-

222 2620 317 2646 mentis
340 2620 526 2648 ecclesiasticis
544 2626 653 2655 augent.
676 2623 958 2659 Arcltiepiscopua,qui
979 2625 1011 2650 ab

221 2665 308 2698 impiis
341 2666 457 2700 dejectus
473 2667 500 2693 in
527 2675 643 2702 paupere
667 2667 777 2694 ecclesia
800 2668 894 2695 Sancti
909 2669 1012 2704 ουν-ἱαεί

224 2710 342 2737 auumrt‘s
358 2711 477 2744 timidus,
499 2713 603 2739 natione
613 2711 730 2744 Crwcus,
741 2713 840 2739 cultum
851 2713 1011 2741 Christiana:

226 2756 357 2790 religionis
387 2765 435 2792 pro
461 2766 536 2792 posse
548 2760 750 2794 exsequebatur,
765 2765 915 2786 revocantes
933 2761 1010 2787 resti-

1065 198 1153 220 tuunt.
1170 192 1233 219 Ihec
1248 192 1402 219 Malnterra.
1429 192 1478 226 Qui
1499 200 1565 220 sane
1588 201 1648 220 cum
1667 199 1719 221 tam
1735 194 1819 230 diligeu

1066 242 1116 269 ter,
1134 244 1227 264 eorum
1242 242 1392 271 temporum
1408 237 1478 264 facta
1493 238 1640 269 describat,
1664 239 1686 266 si
1705 239 1761 272 quis
1773 241 1829 268 alius

1064 283 1098 309 ab
1122 282 1165 309 illa
1191 283 1269 310 clade
1286 283 1428 309 incolumis
1448 283 1580 310 evasisset
1591 284 1830 319 episcopus,dicerc

1063 333 1137 356 certe
1163 336 1217 355 non
1243 327 1401 360 omisisset;
1426 328 1594 355 uterniuisset
1610 329 1692 355 etiam
1709 328 1831 362 eiusTho-

1064 382 1123 402 mas
1143 373 1276 406 Fazellus,
1299 374 1435 401 studiosus
1461 375 1577 408 scriptor
1611 382 1699 401 rerum
1722 375 1832 402 Sicilien-

1063 420 1156 448 sium:
1185 421 1250 455 quin
1288 421 1371 447 etiam
1387 420 1464 447 Dom.
1495 419 1621 447 Rocchus
1649 419 1751 452 Pirrus,
1769 421 1834 455 cujus

1063 467 1114 494 hoc
1134 466 1221 500 ipsum
1249 466 1299 493 fuit.
1321 465 1475 494 institutum
1498 466 1663 500 perscrutari
1679 470 1705 493 el
1720 466 1744 492 in
1759 466 1831 493 lucetu

1063 512 1178 546 prodere
1206 511 1331 538 notitiam
1348 511 1534 546 episcoporum
1549 512 1669 538 omnium
1687 515 1832 545 temporum,

1063 557 1208 592 omnisque
1234 557 1344 591 Siciliae,
1375 558 1399 585 si
1431 557 1539 592 aliquod
1566 558 1599 584 de
1619 558 1832 584 Tauromenitana

1063 604 1190 639 episeopo
1208 604 1241 631 ad
1268 604 1378 640 Rogerii
1402 606 1472 639 regis
1498 609 1619 639 tempora
1637 605 1780 639 superstite
1792 606 1833 632 ali-

1063 651 1126 678 cubi
1155 650 1285 685 scriptum
1311 657 1372 677 esse
1404 650 1560 685 reperisset,
1578 649 1742 685 evulgasset.
1762 650 1832 684 Cujus

1063 704 1112 733 ego
1144 704 1204 724 cum
1222 697 1385 724 sententiam
1404 697 1437 724 de
1460 697 1510 723 hac
1527 704 1566 728 re,
1583 702 1681 730 praeter
1696 704 1753 724 eam
1765 704 1832 730 quam

1062 744 1095 771 de
1119 743 1221 777 scripto
1252 742 1412 777 protulerat,
1434 742 1495 769 vira
1521 749 1585 769 voce
1613 749 1760 777 rogassem,
1772 749 1833 768 SOIll-

1063 788 1139 815 niare
1173 794 1234 814 esse
1262 786 1412 821 respondit,
1449 787 1500 814 hoc
1533 786 1650 822 opinari.
1686 786 1722 813 At
1749 787 1834 814 dixerit

1062 834 1159 870 aliquis
1172 843 1178 861 :
1191 833 1218 861 Si
1234 837 1373 869 superstes
1387 840 1437 860 n0n
1455 832 1506 860 fuit
1520 833 1664 868 episcopus
1678 832 1833 859 Taurouicuii

1062 883 1095 909 ad
1119 887 1253 916 receptam
1283 889 1298 908 a
1326 881 1470 909 Saracenis
1502 880 1637 912 Siciliam,
1666 880 1833 914 redintegrati

1061 930 1136 954 certe
1156 926 1243 960 potuit
1264 929 1294 953 ut
1316 925 1406 952 catteri
1435 926 1468 952 ab
1481 925 1538 960 ipso
1554 924 1671 959 Rogerio
1689 924 1783 951 comite
1794 929 1833 950 aut

1063 980 1145 1008 rege:
1174 977 1200 999 et
1230 973 1281 999 hoc
1304 979 1396 1006 quer
1423 972 1494 999 unde
1525 971 1650 998 habeant.
1683 970 1749 997 Nam
1773 977 1832 1005 quas

1062 1020 1250 1053 ep‘scoporum
1277 1018 1355 1045 sedes
1388 1018 1429 1044 vel
1448 1017 1616 1044 restituerint
1633 1017 1676 1044 vel
1703 1018 1835 1044 constitue-

1063 1065 1118 1091 rint
1142 1064 1276 1092 ltobertus
1296 1064 1361 1094 dux,
1391 1071 1421 1090 ae
1455 1062 1587 1098 Rogerius
1617 1071 1710 1090 comes
1735 1067 1761 1090 et
1786 1071 1834 1096 rex,

1063 1110 1198 1143 proditum
1224 1110 1338 1144 legimus
1359 1109 1393 1136 ab
1427 1109 1485 1144 ipso
1514 1109 1657 1140 Gaufrido,
1688 1109 1834 1142 Maurolico,

1063 1156 1179 1183 Fazellio
1199 1161 1226 1183 et
1242 1156 1302 1183 aliis
1323 1156 1504 1191 scriptOribus
1530 1165 1537 1183 :
1572 1163 1633 1183 nam
1651 1156 1835 1183 Panortnitauae

1063 1203 1192 1231 Ecclesiae
1204 1212 1217 1229 a
1231 1202 1423 1230 Northmannis
1443 1202 1573 1229 fratribus
1583 1202 1757 1229 Nicodamum
1768 1210 1834 1229 suum

1063 1250 1115 1285 (sic
1129 1249 1200 1277 enim
1223 1249 1387 1284 appellatum
1409 1249 1523 1283 legimus
1536 1257 1596 1276 eum
1615 1249 1834 1284 archiepiscoptnn

1063 1295 1097 1323 de
1125 1303 1179 1330 quo
1196 1303 1278 1329 supra
1297 1294 1444 1322 Gaufridus
1478 1302 1532 1321 non
1555 1302 1687 1329 expresso
1721 1295 1834 1329 nomine)

1064 1349 1161 1376 magna
1195 1349 1256 1368 cum
1285 1341 1375 1375 populi
1404 1340 1584 1375 gratulatione
1611 1341 1782 1368 restitutum:
1809 1342 1836 1368 ab

1064 1387 1122 1423 ipso
1138 1393 1202 1414 vero
1229 1387 1344 1421 Rogerio
1369 1386 1467 1413 comite
1486 1385 1637 1421 Troynensi
1652 1385 1776 1414 Ecclesiae
1787 1387 1833 1413 Ro-

1064 1435 1171 1461 bertutn
1189 1432 1357 1467 praefectum,
1380 1440 1459 1466 quem
1485 1436 1545 1466 post
1569 1431 1712 1459 Menanam
1730 1437 1836 1459 transtu-

1064 1479 1118 1510 lit;
1149 1478 1332 1513 Agrigentina:
1359 1477 1521 1509 Gerardum,
1546 1485 1646 1512 genere
1675 1478 1834 1513 Allobrogem,

1062 1525 1223 1553 Mazurieuzi
1272 1524 1451 1559 Stephanum,
1484 1523 1731 1559 Rotomageusem;
1767 1524 1835 1552 Cata-

1063 1571 1138 1598 neusi
1149 1571 1308 1606 Angerium,
1328 1570 1507 1605 Syracusana:
1519 1570 1701 1605 Stephanum,
1718 1571 1835 1598 Melileusi

1063 1618 1233 1646 Guul‘ridum.
1266 1617 1394 1652 Reliquos
1421 1618 1533 1645 thronos
1551 1625 1567 1644 a
1595 1618 1768 1652 sequentibus
1800 1624 1836 1644 rc-

1063 1665 1141 1700 gihus
1162 1671 1267 1692 erectos
1290 1672 1350 1692 esse
1379 1664 1494 1695 scimus.
1510 1664 1743 1699 Cephaludensem
1758 1672 1770 1690 a
1792 1663 1837 1690 Ro-

1063 1712 1136 1746 gcrio
1148 1719 1219 1745 rege,
1229 1711 1325 1738 lllontis
1337 1710 1444 1746 Regalis
1456 1718 1470 1737 a
1486 1709 1622 1737 Willclmo
1637 1709 1672 1743 ll,
1695 1709 1836 1737 Pactcnsetn

1063 1757 1143 1784 etiam
1171 1757 1254 1783 multo
1285 1761 1354 1790 post,
1376 1756 1506 1783 Bonifacii
1538 1755 1594 1783 Vill
1616 1761 1748 1789 tempore,
1769 1759 1837 1789 atque

1063 1805 1144 1830 etiaut
1173 1802 1349 1836 Liparensem
1374 1807 1495 1829 creatos.
1510 1803 1597 1836 Atque
1613 1802 1640 1829 hi
1661 1801 1749 1829 throni
1765 1807 1836 1834 usque

1063 1849 1096 1875 ad
1130 1856 1248 1883 praesens
1284 1853 1389 1883 tempus
1417 1848 1444 1875 in
1468 1848 1560 1876 Sicilia
1588 1851 1711 1875 manent.
1734 1847 1799 1882 Ergo
1819 1846 1836 1872 si

1063 1894 1309 1922 Tauromenitanus
1323 1896 1490 1922 instauratus
1501 1902 1516 1921 a
1533 1893 1651 1930 Rogerio
1667 1901 1729 1928 rege
1742 1893 1836 1924 fuisset,

1063 1941 1089 1968 id
1118 1940 1217 1974 aliquis
1246 1940 1365 1975 scriptor
1391 1941 1531 1968 memoria:
1552 1940 1731 1976 prodidisset.
1762 1939 1801 1966 Vel
1818 1939 1836 1966 si

1063 1986 1124 2021 quis
1147 1986 1174 2013 id
1205 1986 1381 2020 pertinaciter
1409 1987 1566 2019 contendat,
1603 1986 1687 2014 debet
1711 1986 1837 2013 ostendere

1063 2039 1118 2065 quo
1141 2036 1270 2067 tempore,
1289 2040 1342 2066 qua
1364 2039 1456 2064 causa,
1472 2040 1526 2066 quo
1537 2039 1603 2059 casu
1621 2032 1765 2066 episcopus
1779 2030 1838 2056 'l‘au-

1063 2076 1177 2103 romenii
1205 2084 1264 2104 esse
1281 2077 1414 2104 desierit:
1441 2077 1472 2104 de
1481 2084 1534 2112 quo
1552 2077 1654 2103 mirum
1674 2077 1745 2110 apud
1756 2082 1838 2103 curnt-3

1065 2121 1212 2149 silentium.
1240 2122 1390 2150 Fatendum
1420 2123 1503 2158 igitur
1531 2127 1582 2155 est,
1602 2131 1655 2150 una
1681 2130 1743 2150 cum
1770 2122 1839 2148 liber-

1066 2172 1119 2194 tate
1137 2173 1164 2194 ct
1193 2168 1308 2203 imperio
1336 2169 1362 2195 in
1397 2168 1488 2196 Sicilia
1499 2168 1626 2195 orientali
1639 2168 1779 2198 cecidisse.
1795 2174 1836 2193 nec

1063 2220 1183 2247 unquam
1207 2219 1339 2241 erectum.
1373 2213 1450 2241 Unde
1481 2214 1541 2241 luce
1568 2213 1720 2240 meridiana
1750 2213 1838 2239 clarius

1062 2264 1104 2286 est
1138 2258 1328 2293 Theophanem
1353 2260 1584 2294 archiepiscopum
1620 2259 1670 2286 sub
1697 2259 1791 2286 Basilio
1817 2261 1839 2283 et

1063 2304 1153 2332 Leone
1174 2304 1355 2332 Taurotnenio
1383 2310 1409 2333 et
1434 2310 1572 2340 postremo
1601 2306 1753 2340 proximum
1775 2311 1835 2339 pra»

1063 2353 1167 2387 fuisse;
1187 2358 1213 2382 ct
1237 2354 1396 2389 perturbato
1422 2355 1534 2381 exsinde
1553 2353 1654 2382 Siciliae
1684 2360 1753 2382 statu
1764 2353 1837 2381 nemi-

1063 2407 1124 2426 nem
1155 2403 1284 2434 prmtcrea
1295 2407 1381 2434 usque
1409 2400 1442 2427 ad
1463 2400 1519 2428 hate
1546 2405 1665 2434 tempora
1694 2401 1776 2428 fuisse
1790 2399 1837 2426 sut-

1063 2440 1174 2473 fcctum.
1202 2446 1288 2481 Pergo
1309 2447 1342 2473 ad
1370 2447 1479 2473 tertium
1505 2447 1837 2482 argumentumquannis

1061 2489 1116 2523 jam
1138 2491 1219 2518 dictis
1249 2496 1393 2519 contentus
1407 2492 1496 2526 quivis
1516 2500 1576 2520 esse
1600 2497 1704 2528 posset.
1719 2493 1768 2525 Qui
1780 2499 1835 2519 cou-

1064 2537 1139 2563 venit
1161 2537 1301 2570 inscriptio
1329 2537 1376 2563 τοῦ
1406 2537 1490 2573 ρηγὸς
1529 2545 1590 2564 cum
1614 2538 1646 2565 iis
1665 2546 1726 2573 qua:
1754 2538 1778 2564 in
1791 2538 1838 2571 ipsa

1064 2582 1174 2609 homilia
1201 2582 1339 2616 dicuntur,
1380 2582 1407 2609 in
1437 2590 1489 2617 qua
1521 2574 1648 2618 βὰσιλεὺς
1677 2584 1838 2619 appellatur;

1063 2627 1138 2661 cujus
1165 2629 1317 2662 prwsentia,
1343 2636 1421 2663 quant
1448 2637 1527 2662 nunc,
1546 2630 1644 2664 inquit,
1663 2632 1740 2657 timeo
1755 2634 1840 2656 etcen-

1063 2674 1182 2700 tremicca
1211 2677 1306 2701 sudore
1328 2682 1459 2708 aspersus,
1494 2683 1587 2709 pauore
1608 2681 1760 2710 occupatus,
1781 2682 1839 2700 γειτ-

1063 2719 1149 2745 rentia
1178 2720 1310 2752 detentus,
1335 2726 1444 2754 pavente
1465 2723 1567 2753 animo,
1585 2728 1696 2750 nutante
1722 2723 1837 2750 meum?!

1065 2762 1235 2792 subsultante
1253 2766 1342 2800 corde,
1354 2766 1498 2795 intercluso
1512 2768 1591 2795 etiam
1607 2769 1678 2796 vocis
1691 2775 1762 2800 tono,
1780 2764 1838 2801 quod

255 2847 292 2880 (α)
310 2847 462 2880 Patrotogia:
472 2846 573 2880 Lutinw,
586 2850 759 2889 tomLCXLlX.
773 2852 852 2888 Locus
862 2851 952 2879 citatus
963 2855 1045 2880 exstat
1055 2856 1104 2882 col.
1117 2855 1186 2881 H52.
