1874 3055
213 118 223 150 1
230 119 264 151 03

211 177 326 213 μεγάλοι
344 176 482 210 αὐθένται,
513 177 561 203 καὶ
589 177 718 213 ρηγάὂες,
735 186 780 204 και
805 178 943 210 δουκάδες,
957 178 1000 204 ἵνα

210 223 320 255 ἔλθωσι,
336 223 473 250 mimi-.01
493 223 548 250 ἀπὸ
564 223 679 258 ὁρισμοῦ
696 222 743 249 τοῦ
769 224 859 256 πάπα,
885 224 932 250 καὶ
953 223 1001 250 τξῦ

212 270 344 304 βασιλέως
367 269 476 304 καὶτῆς
496 269 605 296 συνόδου
621 271 664 304 ἢν,
689 275 742 297 etc.
767 269 822 296 Hoc
840 273 901 296 est:
927 269 999 296 Idem

210 319 242 342 tte
259 316 362 350 magnis
386 315 559 350 principibus,
575 316 678 350 regibus
693 321 716 342 et
740 315 850 342 ducibus
867 315 1002 348 dicimus;

211 362 280 393 ipsos
304 362 382 388 etiam
402 362 493 388 debere
509 363 646 389 convenire
669 363 799 388 mandato
820 370 895 396 papw
911 367 935 389 et
953 362 1004 388 im-

209 409 339 441 peratoris
369 413 394 434 et
422 409 517 442 synodi
541 408 707 440 obedientes;
733 407 770 434 rel
789 413 857 434 certe
884 412 909 434 et
932 408 1001 442 ipsos

208 455 297 481 eadem
320 455 444 481 similiter
464 455 600 487 scribere;
623 461 654 481 ex
683 454 783 488 quibus
810 453 884 481 vides
920 453 998 488 βασι-

210 501 258 527 λέα
275 500 403 535 appellari
429 500 517 527 solum
546 500 656 535 imper.,
673 500 742 527 alias
771 507 849 534 rcges
867 499 1000 529 minores,

211 546 341 580 ρηγάδοις.
371 546 440 579 Quid
469 553 533 572 vero
563 546 597 573 de
623 546 744 580 epitheto
766 545 950 579 γαληνότατος
977 550 1003 570 et

209 593 364 628 γαληνότης
388 601 456 628 quas
473 600 553 620 voces
573 592 668 620 Latine
682 592 865 619 serenissima:
881 597 904 618 et
933 599 1002 618 sere-

211 644 294 674 nitas,
321 650 368 669 seu
386 641 566 676 tranquillitas
583 641 646 668 licet
661 645 779 672 vertere,
807 647 896 667 nonne
914 641 1001 675 impe-

211 690 294 716 ratori
320 688 374 716 CP.
402 689 552 723 appositum
575 689 676 722 passim
696 688 757 722 quis
779 687 874 721 legerit
895 687 1002 713 inscri-

211 736 356 770 νισι-11)υή
382 735 419 762 Ita
453 735 586 762 Meursius
613 734 693 768 paulo
718 741 803 767 supra
833 738 1000 760 memoratus

210 784 236 810 in
255 782 345 810 Gloss.
377 783 457 809 tradit
469 782 505 808 ibi
529 789 622 809 vocem
638 781 813 815 γαληνότητι
828 780 998 806 serenitatem

210 835 236 856 ct
253 829 478 863 tranquillitatmt
499 827 594 854 Latine
622 827 703 858 verti,
719 834 832 860 eamque
847 826 917 852 inter
936 825 1000 851 titti-

210 876 251 902 los
285 874 460 909 imperatoris
489 873 649 905 munerari;
675 872 807 906 affertqu
835 872 911 906 plura
941 871 998 898 loca

210 921 413 956 llarmenopuli,
440 920 548 949 Leonis.
581 919 688 946 Arcadii
714 923 740 945 et
770 917 892 950 Honorii,
910 917 1000 944 adcx-

210 974 325 994 lrcmutu
361 970 477 993 annotat
510 965 638 999 pra-lecto
666 966 741 991 urbis
766 962 859 992 datum
891 965 997 991 titulum

209 1014 382 1041 Serenitatis.
409 1014 476 1039 Cum
495 1012 578 1046 igitur
606 1012 641 1038 sit
672 1011 732 1038 luce
754 1011 854 1037 clarius
885 1012 997 1038 deumn-

209 1061 292 1087 strari
312 1067 365 1086 non
382 1066 461 1094 posse
475 1066 534 1086 eam
560 1058 762 1092 inscriptionem
795 1059 850 1092 regi
879 1050 1002 1092 Rogerio~

208 1106 365 1137 convenire,
384 1105 494 1131 tttaliud
510 1112 632 1138 qua-rere
644 1109 836 1138 argumentum
847 1104 879 1130 sit
900 1103 998 1138 λύχνον

207 1153 305 1178 ἅπτειν
326 1153 354 1177 ὲν
369 1151 539 1186 μεσημϐρὶᾳ,
557 1151 695 1177 videamus
708 1149 772 1184 quid
796 1150 846 1176 sibi
866 1150 930 1176 velit
953 1150 996 1176 illa

207 1199 348 1232 inscriptio
362 1203 388 1225 et
403 1198 537 1232 quomodo
554 1198 724 1232 explicanda.
741 1197 887 1224 Ειιίιιινιιιο
915 1197 995 1223 sit-nti

208 1244 350 1271 nonnullas
364 1251 397 1270 ολ
414 1244 455 1270 Itis
488 1243 607 1269 hotniliis
639 1242 814 1269 Tauromenii
846 1242 932 1268 dictas
963 1243 997 1268 ab

206 1291 334 1325 opiscOpo
359 1293 484 1316 constare
499 1294 575 1316 certo
599 1293 699 1322 potest,
718 1294 747 1314 ut
772 1288 815 1314 illa
829 1288 862 1315 de
876 1288 905 1314 S.
923 1288 994 1315 Pau-

206 1337 293 1363 ct'atio
310 1336 411 1371 (Itomit.
435 1335 513 1370 Lvn),
532 1335 559 1361 in
590 1343 641 1368 qua
662 1335 746 1369 ipsius
773 1335 865 1361 insula:
885 1335 995 1362 etnrbis

207 1383 233 1409 in
255 1390 308 1416 qtta
337 1387 401 1408 tunc
427 1386 496 1412 erat,
517 1381 618 1408 mentio
646 1381 684 1411 fit,
707 1386 733 1407 et
761 1385 891 1414 pratterea
909 1381 996 1407 ubifit

207 1428 307 1453 intentio
321 1425 473 1459 BNirginis
489 1426 711 1461 ’Λχειροποιήτου
725 1434 805 1459 quam
819 1427 993 1453 Tauromeuii

207 1472 379 1506 probavimus
396 1479 476 1499 eSsc:
492 1476 517 1497 et
536 1471 603 1498 alias
615 1479 647 1497 ex
661 1471 720 1497 aliis
735 1471 898 1505 conjectnris
913 1472 993 1506 ;quin

205 1522 232 1545 cl.
259 1519 402 1552 plerasque
415 1518 440 1544 in
461 1518 558 1551 quibus
577 1517 680 1543 nullum
709 1517 870 1544 adversatur
889 1517 993 1552 signum

205 1562 444 1590 verosintillimuln‘
460 1566 518 1594 est;
536 1562 570 1588 ita
586 1561 665 1588 etiam
685 1567 759 1588 extra
780 1561 992 1589 Tauromenium

206 1611 349 1637 nonnullas
366 1611 452 1636 dictas
477 1617 554 1643 aeque
572 1614 677 1636 certum
695 1617 756 1636 esse
771 1609 866 1642 debet;
883 1615 911 1636 et
934 1609 993 1643 qui-

203 1657 266 1684 dem
276 1657 356 1683 etiam
375 1656 401 1683 in
422 1655 479 1690 ipsa
495 1655 560 1682 urbe
573 1655 646 1690 regia
659 1655 905 1690 Constantinopoli,
920 1655 991 1689 quod

203 1703 318 1730 ulterius
345 1702 465 1736 probabo
490 1702 575 1729 infra:
600 1710 633 1729 ex
666 1701 762 1728 harum
793 1709 906 1729 numero
932 1710 992 1729 esse

204 1749 342 1777 homiliam
373 1756 435 1774 xxvi
466 1748 532 1775 mihi
559 1748 712 1782 persuadeo
737 1755 769 1775 ex
802 1749 945 1783 praesentia
964 1754 992 1776 et

204 1796 315 1822 nomine
326 1794 373 1821 τοῦ
391 1795 485 1830 ρηγδς,
498 1800 525 1822 et
543 1795 652 1829 quidem
661 1795 796 1827 coronati,
809 1803 842 1823 ex
857 1803 990 1823 concursu

203 1842 375 1875 adventuque
393 1842 580 1876 episcoporum
597 1850 604 1874 ;
629 1849 689 1876 qua;
717 1849 768 1868 non
783 1842 846 1869 alibi
863 1850 943 1876 quam
963 1843 989 1868 in

203 1888 271 1914 urbe
298 1887 356 1922 ipsa
385 1887 620 1921 Constantinopoli
657 1888 850 1922 congruentius
879 1889 989 1915 evenire

202 1941 281 1967 posse
300 1933 437 1959 videntur.
459 1932 517 1959 Jam
535 1934 560 1960 in
574 1934 769 1960 celebrioribns
786 1933 905 1960 homiliis
921 1941 989 1967 prm-

203 1985 243 2004 tor
263 1979 462 2014 inscriptionem
477 1979 544 2006 tituli
560 1979 660 2013 aliquid
674 1979 745 2006 aliud
763 1983 884 2006 notatum
901 1979 990 2006 attint-

200 2025 321 2056 adverto,
347 2029 376 2050 ut
405 2025 430 2051 in
452 2026 524 2051 hom.
552 2033 571 2051 11
605 2025 662 2051 sive
688 2025 810 2052 oratione
834 2024 872 2051 De
895 2029 987 2051 sancta

199 2080 275 2097 crure
289 2079 298 2098 :
321 2070 434 2104 Ἑλέχθη
459 2071 486 2096 δὲ
499 2071 528 2097 ἐν
544 2071 583 2105 τῷ
595 2070 712 2105 ἆμϐωνι,
741 2071 818 2097 Dicta
838 2076 875 2097 est
892 2072 917 2097 in
929 2080 987 2097 am-

198 2118 273 2148 boue,
301 2116 352 2143 hoc
373 2122 413 2143 est
440 2122 589 2151 snggestu;
615 2123 642 2143 et
665 2117 692 2144 in
719 2117 793 2144 hae:
817 2117 929 2153 Ἐλέχοη
956 2117 985 2144 δὲ

196 2162 324 2194 ἐνώπιον,
343 2167 395 2189 etc.
421 2162 476 2188 Mos
491 2168 580 2188 autem
593 2168 653 2188 erat
674 2162 826 2196 hujnsmodi
852 2163 986 2189 Constan-

198 2208 320 2241 tinopoli,
347 2210 381 2235 de
402 2216 455 2242 quo
476 2207 598 2234 Balsatno
627 2209 729 2235 relatus
743 2217 756 2234 a
771 2208 870 2235 Jacobo
903 2208 983 2235 Grot-

186 2262 257 2282 sero
269 2253 316 2280 lib.
331 2261 361 2279 111
377 2254 490 2280 [Ιυ111.111
507 2253 638 2279 Codinurn
654 2262 660 2283 ;
676 2254 722 2287 qui
737 2262 795 2288 rap.
811 2254 838 2285 5,
861 2253 917 2280 lluc
928 2255 983 2282 τῶν

195 2299 356 2333 lilio-eting
383 2299 424 2324 die
444 2299 612 2331 imperatores
631 2299 666 2324 ait
684 2299 745 2325 olim
771 2307 801 2325 ac
815 2300 982 2332 patriarchas

193 2344 361 2370 distitbuisse
379 2345 491 2370 subditis
503 2344 596 2377 ῥόγσις,
609 2343 656 2369 Ιιυε
673 2350 707 2370 est
725 2353 833 2370 munera
849 2350 872 2370 et
890 2346 981 2376 dona;

193 2389 312 2422 Ιιιιιι-ηιιε
334 2397 409 2414 nsum
431 2391 554 2422 usquead
569 2394 684 2423 [corpora
707 2390 873 2416 Constantini
888 2390 982 2416 Mono-

192 2435 281 2460 inaclti
306 2435 431 2466 durasse,
464 2440 488 2460 et
523 2439 612 2467 postea
640 2436 758 2462 desiisse.
793 2435 860 2462 Sunt
889 2441 978 2462 autem

191 2489 264 2513 ruga:
280 2481 412 2514 stipendia
437 2481 519 2507 etiam
549 2482 676 2507 mditaria
696 2482 729 2508 ab
745 2483 875 2515 eroganda
888 2484 977 2514 diettn,

190 2527 312 2561 adeoque
326 2535 358 2553 ex
375 2526 469 2554 Latino
483 2535 611 2554 sermone
623 2536 672 2554 vox
689 2528 891 2564 μιξίιόἀρὸαρος
907 2530 977 2557 facta

189 2573 220 2598 τὸ
249 2573 358 2606 inquam
389 2573 467 2607 ρόγα,
494 2573 632 2606 multaque
649 2580 690 2600 est
712 2576 813 2601 mentio
829 2576 906 2608 huius
928 2584 978 2603 no-

189 2618 271 2645 minis
287 2626 340 2645 non
354 2618 440 2645 solum
457 2618 542 2645 Graeci
562 2619 653 2654 ρόγαι,
676 2620 723 2646 sed
742 2625 768 2647 rt
788 2620 888 2653 Latini,
901 2630 975 2656 roga.

188 2666 264 2698 Quod
283 2673 316 2693 ex
341 2665 431 2693 libello
456 2666 563 2698 Rigaltii
596 2666 632 2693 De
650 2667 785 2693 uerborum
801 2669 977 2703 signiﬁcatio-

188 2712 262 2737 nibus
283 2711 362 2737 docet
391 2711 510 2738 Lacerda
534 2718 625 2738 noster
643 2713 668 2738 in
684 2713 795 2740 Advers.
815 2722 876 2748 Cap.
912 2716 972 2742 120.

189 2755 279 2783 Utitur
295 2764 326 2783 ea
344 2763 408 2783 voce
423 2756 571 2789 Gregorius
591 2756 703 2791 Magnus
717 2759 763 2785 lib.
787 2767 818 2791 tt,
832 2760 914 2792 epist.
928 2761 973 2788 32,

187 2800 254 2828 lnde
278 2805 305 2827 et
321 2802 421 2835 rogalia
439 2802 497 2828 dies
514 2802 578 2828 dicti
607 2807 670 2829 sunt
685 2804 783 2837 quibus
797 2805 830 2831 ab
855 2805 974 2839 impera-

182 2847 243 2870 tore
254 2848 280 2871 et
299 2845 452 2879 patriarcha
475 2846 610 2873 dabantur
634 2855 713 2881 roga‘,
741 2849 811 2882 apud
834 2849 968 2878 Codinum

707 117 885 148 FRANCISI
907 118 1063 149 SCORCSI
1084 118 1304 149 PROOEMIUM
1327 118 1368 148 ll.

1794 115 1840 147 ιιι

1055 185 1081 205 Cl
1101 178 1265 205 Cedrennm.
1284 177 1337 204 Vox
1350 177 1407 212 ipsa
1424 177 1514 212 ρὁαι,
1527 177 1624 204 ctinde
1636 176 1748 204 formata
1764 177 1838 212 ῥογά-

1053 232 1143 259 τορες,
1155 223 1251 250 milites
1262 224 1306 258 qui
1319 223 1458 258 Stipendia
1471 229 1584 251 merent.
1599 224 1665 250 Item
1678 223 1837 257 largitiones,

1055 270 1240 305 erogationes,
1253 277 1364 296 munera
1377 274 1404 296 et
1420 269 1489 296 dona
1501 277 1514 295 a
1525 268 1839 303 principibusliberaliter

1054 317 1179 344 distobui
1196 322 1325 344 consueta
1341 317 1436 343 eodem
1453 316 1562 344 nomine
1583 315 1768 348 continentur.
1783 314 1836 341 Hu-

1051 362 1168 395 jusntodi
1189 371 1280 397 rogatu
1299 370 1312 388 a
1332 370 1361 389 so
1385 362 1470 388 visam
1503 361 1632 388 describit
1658 359 1837 394 Luitprandus

1055 409 1207 437 Ticiuensis
1220 409 1265 436 lib.
1284 417 1319 435 \I.
1346 408 1404 435 Hoc
1427 408 1526 442 posito.
1540 408 1580 434 sic
1600 407 1695 434 videor
1720 407 1838 432 fortassis

1053 455 1190 489 εὐστόχως
1220 453 1282 488 conj
1294 459 1377 480 rotare
1405 460 1493 486 pos~e,
1523 457 1642 478 notatam
1666 451 1692 478 in
1708 450 1838 478 homiliaa

1056 500 1190 535 principio
1219 500 1301 526 fuisse
1327 499 1475 526 soteninem
1506 499 1590 530 diem,
1619 502 1647 525 et
1678 505 1837 524 concursum

1054 548 1223 581 frequentem
1248 547 1339 573 divum
1360 550 1387 573 et
1405 546 1613 580 magistratuum
1631 544 1698 570 aula:
1718 543 1772 570 (ΣΡ,
1796 550 1838 567 ro-

1054 601 1111 619 t'aul
1137 593 1234 627 quibus
1261 600 1293 618 ca
1321 591 1422 622 habita,
1445 591 1489 625 qui
1507 591 1539 618 ad
1561 598 1651 625 rogaui
1668 597 1699 617 ea
1718 589 1764 615 die.
1791 587 1840 615 fre-

1052 643 1165 674 quentes
1182 639 1326 666 convenirc
1344 638 1488 670 debebant,
1505 637 1627 671 adeoque
1641 636 1774 670 scriptum
1788 635 1840 661 ἑλζ-

1053 685 1104 719 χῦη
1136 683 1164 710 δὲ
1193 684 1222 709 ἐν
1241 684 1273 718 τῇ
1300 684 1389 718 ρὁα,
1423 683 1464 709 vel
1494 682 1619 709 fortassis
1647 680 1766 707 ἐνώπιον
1796 680 1838 714 τῆς

1052 731 1147 765 ρὁας,
1165 730 1260 765 reipsa
1289 735 1316 756 et
1341 729 1532 756 distributione
1551 736 1693 755 munerum
1708 735 1757 762 pro
1779 734 1839 753 con-

1053 781 1133 802 vcntu
1154 783 1341 810 consessuqne
1367 780 1472 810 sumpta
1489 783 1520 801 ex
1541 781 1616 801 more
1643 773 1780 800 communi
1804 776 1838 799 to-

1051 822 1174 857 qneudi;
1208 822 1269 848 inde
1297 829 1310 848 a
1338 821 1551 854 posterioribus,
1576 821 1621 854 qui
1657 827 1717 847 eam
1744 826 1839 846 exscri-

1052 877 1129 903 psere
1144 868 1282 895 hotniliani
1307 868 1484 902 depravatam
1512 867 1730 901 inscriptionem.
1747 870 1774 893 et
1795 865 1836 891 τοῦ

1052 917 1133 951 ρὁου
1158 924 1206 951 pro
1223 916 1305 950 ρὁας
1329 915 1458 949 scriptum
1475 916 1571 949 opinor
1585 923 1593 947 ;
1607 914 1706 940 deinde
1721 913 1756 940 ab
1771 913 1837 947 igno-

1051 963 1172 989 rantibus
1192 962 1256 996 quid
1274 961 1324 988 sibi
1350 961 1413 988 velit
1440 961 1468 986 ἐν
1485 961 1518 995 τῇ
1537 960 1606 995 ῥὸγᾳ
1637 959 1680 986 vel
1709 959 1833 994 p6yoo_et

1051 1008 1249 1035 hariolantibus
1274 1014 1370 1034 nomen
1395 1006 1461 1033 illud
1489 1013 1548 1032 esse
1574 1005 1682 1033 concise
1710 1005 1834 1039 Scriptum

1051 1062 1099 1088 pro
1120 1053 1273 1088 Ῥογερίου,
1294 1053 1398 1079 titulum
1413 1053 1499 1087 ipsum
1512 1052 1651 1079 addidisse
1677 1051 1726 1077 τοῦ
1745 1051 1833 1086 ρηγός.

1050 1100 1232 1127 Confirtnatur
1253 1099 1294 1126 vel
1311 1100 1476 1133 approbatur
1504 1099 1561 1125 hate
1587 1103 1677 1124 nostra
1699 1104 1834 1124 eommcn-

1052 1147 1118 1174 tatio
1141 1154 1174 1174 eo
1200 1147 1270 1181 quod
1302 1146 1441 1181 exemplar
1470 1145 1689 1180 antiquissimum
1716 1144 1832 1170 ontniutn

1049 1194 1110 1222 Vat.
1125 1195 1248 1222 hiblioth.
1266 1194 1433 1227 exscriptum
1449 1197 1554 1219 c0nstat
1577 1200 1609 1219 ex
1623 1192 1751 1225 apposita
1771 1196 1832 1217 tent-

1049 1242 1122 1277 poris
1153 1247 1216 1268 nota
1247 1247 1317 1267 anno
1339 1239 1419 1271 1418,
1444 1240 1571 1266 nimirum
1603 1244 1663 1273 post
1693 1237 1832 1272 Rogeriutn

1050 1297 1140 1323 regem
1176 1288 1255 1315 annis
1296 1288 1380 1314 ferme
1407 1287 1548 1319 trecentis,
1577 1292 1637 1319 post
1664 1286 1832 1319 Theophanis

1048 1340 1168 1368 tempora
1185 1335 1269 1361 ferme
1282 1333 1457 1368 quingentis;
1476 1338 1504 1360 ut
1520 1337 1547 1360 et
1558 1333 1706 1360 celebritas
1729 1332 1772 1358 illa
1787 1331 1831 1365 τῆς

1049 1383 1131 1417 ῥὸγας
1158 1381 1311 1408 11011·δο111111
1326 1387 1357 1407 ex
1380 1387 1430 1407 usu
1449 1380 1517 1406 aulae
1534 1379 1600 1412 CP.,
1617 1385 1646 1406 ut
1660 1379 1718 1414 jam
1737 1380 1829 1406 dictum

1047 1432 1100 1458 est.
1116 1427 1163 1454 sed
1186 1427 1271 1454 multo
1294 1427 1380 1461 magis
1409 1434 1440 1454 ex
1464 1426 1584 1460 ipsorum
1617 1426 1773 1453 Crtecorum
1788 1432 1830 1452 co-

1046 1474 1178 1508 gnitione,
1209 1473 1254 1507 qui
1271 1473 1401 1499 historias
1425 1480 1478 1499 non
1505 1472 1662 1503 lectitarint,
1693 1471 1790 1498 abolita
1806 1475 1829 1496 et

1045 1519 1187 1546 obliterata
1207 1527 1267 1545 esse
1292 1518 1430 1553 potuerit;
1453 1523 1604 1552 Contraque
1631 1525 1700 1544 vero
1727 1516 1827 1551 Rogerii

1046 1573 1143 1592 nomen
1163 1566 1188 1592 in
1210 1565 1302 1592 Sicilia
1317 1565 1406 1591 adhuc
1417 1565 1527 1598 vigere;
1547 1563 1617 1590 unde
1646 1563 1671 1590 in
1689 1571 1749 1590 eam
1777 1561 1828 1597 opi-

1045 1613 1153 1639 nionem
1198 1611 1326 1638 devenire
1355 1611 1485 1646 potuerit,
1519 1610 1565 1644 qui
1594 1617 1653 1637 eam
1685 1608 1825 1641 scribebat,

1044 1658 1182 1685 homiliain
1207 1657 1314 1692 κυκειίὶ
1342 1662 1462 1690 tempore
1489 1661 1516 1684 et
1530 1664 1620 1683 coram
1643 1656 1690 1683 illo
1705 1663 1764 1683 eam
1783 1655 1826 1681 ha-

1043 1705 1139 1737 ltitam,
1168 1712 1219 1731 non
1244 1704 1330 1731 solum
1356 1711 1388 1731 ex
1413 1703 1591 1738 inscriptione
1611 1704 1660 1738 τῆς
1691 1703 1772 1737 ρὀας
1788 1702 1822 1728 vel

1044 1751 1137 1785 ῥόγου,
1163 1749 1210 1776 sed
1228 1749 1309 1776 etiam
1332 1757 1364 1776 ex
1387 1749 1418 1776 iis
1441 1756 1499 1783 qua:
1517 1750 1542 1776 in
1570 1748 1709 1776 Prommio
1727 1749 1781 1784 ipso
1795 1748 1823 1774 de

1043 1796 1185 1831 praesentia
1205 1795 1337 1830 βασιλέως
1359 1795 1496 1823 dicuntur.
1528 1796 1616 1830 Atque
1638 1796 1697 1822 haec
1715 1796 1746 1822 de
1771 1799 1819 1822 tota

1042 1843 1093 1869 hac
1108 1842 1284 1876 inscriptione
1309 1845 1479 1868 commentus
1501 1841 1527 1868 in
1548 1841 1677 1872 medium,
1707 1841 1818 1874 nonqui-

1041 1890 1101 1914 dem
1120 1892 1247 1922 tanquam
1279 1895 1312 1914 ex
1328 1887 1443 1922 tripode,
1472 1887 1513 1914 vel
1545 1887 1684 1921 sortilegis
1711 1886 1820 1920 Delphis,

1040 1935 1086 1963 sed
1102 1943 1134 1962 ex
1166 1935 1271 1962 cortina
1299 1934 1458 1961 interiorotn
1487 1933 1640 1960 litterarum
1664 1937 1694 1960 et
1711 1932 1819 1966 antiqui-

1040 1983 1103 2010 tatis
1122 1981 1292 2016 proferrem:
1317 1988 1377 2015 qua:
1399 1985 1488 2007 tamen
1513 1984 1622 2012 accepta
1637 1987 1651 2005 a
1680 1978 1818 2006 lectoribus

1040 2029 1075 2055 ita
1100 2029 1190 2060 velim,
1218 2033 1247 2054 ut
1262 2035 1294 2054 ex
1315 2027 1357 2053 his
1373 2025 1437 2053 illud
1461 2033 1502 2052 me
1515 2025 1586 2053 seire
1604 2025 1744 2059 profitear,
1767 2031 1813 2051 non

1037 2083 1098 2102 esse
1114 2074 1319 2102 eamhomiliam
1331 2074 1363 2101 ad
1379 2073 1487 2108 Rogerii
1499 2077 1620 2106 tempora
1637 2071 1815 2101 referendam;

1037 2126 1135 2148 caetera
1151 2121 1183 2147 de
1197 2120 1343 2154 epigrapha
1360 2119 1550 2154 utexcogitata
1568 2126 1582 2145 a
1599 2123 1682 2146 meet
1703 2120 1814 2152 opinata,

1037 2174 1088 2193 non
1106 2167 1244 2201 explorata
1273 2171 1353 2200 atque
1377 2171 1514 2201 comperta
1531 2165 1595 2193 dici.
1622 2164 1701 2197 Quod
1733 2164 1754 2191 si
1778 2164 1815 2190 cui

1035 2213 1123 2245 potior
1151 2213 1285 2239 sententia
1317 2216 1472 2243 succurrat,
1499 2217 1526 2239 et
1544 2211 1638 2238 sedeat
1663 2211 1765 2242 animo,
1792 2209 1812 2235 ci

1034 2258 1213 2286 libentissime
1226 2258 1283 2293 ipse
1300 2266 1408 2292 quoque
1424 2258 1609 2286 subscribam.

1036 2335 1048 2370 §
1068 2336 1120 2362 Vll.
1149 2350 1183 2354 —
1198 2335 1218 2360 A
1241 2343 1291 2369 quo
1309 2339 1478 2361 consecratus
1503 2334 1714 2368 archiepiscopus
1739 2332 1813 2359 Theo-

1322 2371 1420 2403 phanes
1437 2370 1531 2404 fuerit.

1067 2438 1220 2466 Constituto
1233 2439 1287 2473 jam
1301 2443 1328 2464 et
1343 2436 1515 2464 conslabilito
1542 2435 1632 2462 ntultis
1657 2439 1811 2470 argument-5

1031 2493 1083 2520 quo
1103 2490 1222 2518 tempore
1240 2484 1417 2518 Theophanes
1441 2483 1567 2510 Ecclesia:
1585 2481 1810 2508 Tauromenitana

1029 2531 1178 2566 preefuerit,
1205 2530 1333 2557 nimirum
1348 2529 1381 2556 ab
1396 2536 1466 2555 anno
1491 2527 1583 2555 Basilii
1610 2528 1760 2554 Macedonis
1775 2533 1809 2555 11-,

1030 2578 1080 2604 hoc
1096 2581 1138 2604 est
1154 2583 1225 2602 anno
1248 2575 1349 2603 Christi
1365 2575 1427 2602 8l‘2.
1444 2582 1528 2609 usque
1543 2574 1575 2601 ad
1588 2573 1685 2601 Leonis
1701 2581 1744 2602 xv.
1759 2573 1810 2598 cvi-

1027 2624 1094 2651 dens
1111 2624 1175 2650 mihi
1202 2624 1282 2651 etiam
1300 2623 1363 2654 illud
1389 2623 1503 2650 etlicitur
1527 2630 1599 2652 eum.
1624 2626 1763 2656 postquam
1781 2619 1805 2643 F-

1028 2670 1145 2703 Igttatius
1168 2670 1322 2704 patriarcha
1341 2669 1392 2695 (ΖΡ.
1410 2669 1435 2695 111
1452 2677 1527 2694 suam
1554 2670 1656 2700 sedem,
1673 2675 1686 2693 a
1702 2674 1751 2701 qua
1766 2673 1806 2699 per

1026 2716 1079 2742 vim
1110 2715 1198 2742 fuerat
1221 2723 1235 2742 a
1261 2715 1354 2742 Photio
1386 2716 1563 2746 deturbatus,
1594 2723 1626 2741 ρ(
1656 2714 1806 2741 auctoritate

1026 2761 1136 2788 Adriani
1153 2761 1174 2787 11
1192 2767 1267 2795 pont.
1283 2767 1309 2788 ct
1323 2762 1415 2796 synodi
1432 2767 1489 2793 vin,
1506 2762 1556 2788 sub
1571 2769 1603 2788 eo
1618 2762 1652 2788 ad
1669 2762 1736 2787 hanc
1749 2766 1806 2785 rat:-

1025 2815 1082 2834 sam
1101 2807 1254 2838 celebratae,
1283 2809 1424 2835 restitutus
1441 2807 1501 2840 fuit,
1521 2808 1642 2842 legitime
1669 2812 1804 2834 consocra-

1027 2859 1083 2880 tum
1100 2853 1182 2881 fuisse
1206 2853 1449 2890 archiepiscopum,
1464 2860 1491 2883 et
1512 2855 1540 2883 in
1558 2855 1646 2884 locum
1667 2854 1803 2883 Zacharia‘i
