1874 3055
53 153 96 183 tua
535 147 732 179 FRANCISCI
753 146 885 177 SCORSI
907 147 1173 177 PROOEMIUM“.

49 212 96 245 jam
112 210 136 234 iu
157 207 212 241 ipso
232 206 352 234 concilio
379 205 496 240 depositi
509 211 536 233 ct
551 205 727 238 exauctorati,
748 204 830 232 fuisse

51 258 223 288 subrogatum.
251 253 272 279 A
300 261 355 287 qun
388 257 478 279 atttetn
507 259 566 278 eam
601 251 830 279 consecrationem

51 299 183 334 acceperit,
199 307 214 326 ει
235 299 365 334 pontiﬁce
394 297 524 330 Romano,
543 304 557 324 a
574 305 627 331 quo
654 295 752 324 Siciliae
772 296 830 330 epi~

52 347 116 381 scopi
139 346 173 373 ab
195 345 274 372 initio
295 344 433 376 Ecclesim,
458 349 549 378 utpote
584 343 711 370 Romanae
730 342 830 369 tlicecc-

53 393 95 424 sis,
120 391 238 418 ordinari
275 394 483 421 consueverant,
516 397 549 416 an
581 388 646 421 CP.,
671 389 778 416 videtur
805 389 830 415 in

51 439 151 465 dubium
178 437 299 464 revocari
317 443 398 472 posse
413 435 447 462 ab
462 435 494 462 iis
514 436 557 469 qui
574 435 600 461 in
624 435 732 469 antiqua
748 434 832 461 histo-

53 484 86 509 ria
105 490 136 509 ac
169 482 321 516 praesertim
348 481 406 515 ejus
435 481 564 515 tetnporis
595 481 778 511 monumentis
806 484 833 507 et

40 525 151 565 [synodis
169 527 251 554 (ἰΡοΙί
271 526 414 554 celebratis
440 525 541 552 versati
567 524 676 552 fuerint.
712 524 778 551 Nam
804 529 833 550 ut

40 568 82 601 [ab
103 578 195 600 octava
223 573 319 600 ordine
348 578 513 607 praepostero
538 572 639 604 ordiar,
667 572 693 598 in
723 578 754 598 ea
782 571 833 597 Za-

53 620 149 647 charias
168 618 413 646 Tauromenitanns
436 617 580 652 episcopus
608 625 621 643 a
648 617 677 644 S.
699 617 832 644 Mclhodio

53 665 194 700 patriarcha
219 664 284 696 CP.,
308 664 352 691 cui
375 664 460 698 cjecto
482 662 586 690 Joanne
609 663 787 690 lconomaclto
803 663 832 690 S.

53 710 158 746 lguatius
180 709 323 738 successit.
348 713 439 743 aperte
468 709 566 735 dicitur
588 707 765 743 χειροτονίαν,
784 709 834 735 hoc

53 763 88 784 est.
109 757 344 786 consecrationem,
375 755 521 790 accepisse.
551 754 653 782 Locum
677 763 710 782 ex
733 760 787 782 act.
804 762 833 782 ιιι

54 803 126 837 ipsius
162 802 260 837 synodi
288 801 367 828 retttli
400 800 534 828 Prommio
560 800 590 833 Ι,
625 799 639 836 §
665 808 701 827 tv.
732 800 759 827 In
791 808 835 827 se-

54 849 126 883 ptima
152 856 218 875 vero
247 848 424 882 stthjectionis
454 847 575 882 ejusdem
614 846 731 881 episcopi
764 846 837 873 Tau-

56 894 203 922 remenitani
233 894 395 929 patriarcha:
412 893 465 921 ΟΡ.
483 894 583 920 indicio
606 898 648 920 est
674 884 836 927 subscriptio

56 941 167 973 Joannis,
184 942 211 968 in
236 949 287 976 qtta
313 941 495 975 patriarchatn
520 948 599 968 suum
622 939 774 972 Tarasium,
791 939 836 972 qtti

56 996 83 1014 eo
101 993 217 1021 tempore
234 989 338 1023 synodo
364 992 486 1022 prmerat,
503 986 545 1013 Itis
563 987 652 1013 verbis
675 985 836 1020 proﬁtetur:

56 1034 158 1060 Joannes
176 1033 362 1060 sanctissimus
392 1034 527 1066 episcopus
545 1031 725 1059 Tauronteuiw
750 1033 814 1058 dixit
827 1041 837 1059 .'

58 1079 112 1107 Cum
128 1080 206 1106 veluti
228 1080 332 1106 divinus
356 1079 519 1115 orthodoart'w
536 1079 662 1104 terminus
678 1079 728 1104 sint
743 1078 838 1105 litterw

57 1134 105 1159 qut:
117 1127 145 1151 ab
161 1126 281 1151 Adriano
297 1134 366 1159 pupa
382 1125 491 1152 senioris
510 1124 599 1152 Roma:
611 1125 645 1150 ad
662 1125 717 1157 pios
732 1129 835 1151 nostros

58 1169 212 1202 imperatores
239 1177 339 1195 necnon
355 1169 392 1194 ad
421 1168 560 1195 Tarasiunt
599 1170 770 1196 uniuersalem
791 1177 837 1203 pa-

59 1217 187 1242 triam-liam
208 1221 330 1242 nostrum
357 1216 444 1242 ntisste
467 1221 538 1247 sunt,
554 1217 591 1242 ita
607 1217 730 1250 proﬁteor
754 1217 837 1242 διιδτί-

60 1261 118 1292 piem
131 1268 221 1286 saeros
235 1261 338 1291 iconas,
355 1265 407 1286 etc.
425 1259 502 1287 Vides
515 1265 543 1286 ttt
558 1261 735 1295 imperatores
749 1259 836 1287 elCP.

61 1305 226 1339 patriarcham
259 1312 338 1331 suum
372 1305 498 1340 appellet.
531 1305 713 1340 Similiterqtte
745 1313 838 1333 omnes

61 1350 162 1384 episcopi
187 1349 290 1376 Sicilia:
306 1350 351 1384 Qui
376 1350 402 1376 in
422 1358 452 1377 ea
477 1351 634 1377 interfuisse
661 1351 793 1386 leguntur,
811 1351 837 1377 in

62 1399 141 1430 synod.
161 1403 188 1424 et
205 1403 262 1425 acL
291 1397 474 1425 subscribttnt.
491 1396 529 1423 Ex
548 1404 601 1431 qtto
625 1397 723 1423 indicio
740 1397 839 1424 fatetur

62 1445 128 1469 etiam
147 1443 221 1471 dom.
246 1443 373 1470 Rncchtts
398 1442 466 1469 Pit'ri
497 1443 522 1469 itt
547 1441 611 1469 Not.
637 1442 709 1468 Ecrl.
732 1442 838 1477 ειμι-αι’..

63 1489 170 1521 tnui.lll,
191 1490 249 1524 jatn
276 1497 324 1524 per
352 1489 408 1516 haec
426 1493 547 1523 tempora
573 1489 714 1523 episcopos
740 1488 839 1515 Sicilire

62 1535 104 1560 (LP.
122 1535 175 1562 sedi
202 1536 321 1569 cmpisse
345 1535 492 1561 adhaerere.
521 1533 620 1561 Deinde
648 1535 729 1561 etiam
754 1542 785 1560 ex
807 1542 840 1561 eo

63 1580 153 1606 videtur
168 1580 193 1606 id
209 1580 322 1615 colligi,
344 1580 414 1614 quod
443 1579 569 1607 Nicolaus
585 1580 606 1612 l,
625 1581 700 1615 (ιριςι,
726 1580 752 1612 9,
771 1581 839 1607 (irc-

65 1625 117 1655 gorii
142 1623 308 1658 Syracusani
337 1623 464 1650 antistitis
493 1624 633 1650 audaciam
660 1624 686 1650 in
710 1623 839 1657 judicium

64 1674 135 1701 Vocet,
159 1670 230 1704 quod
257 1670 285 1696 in
311 1669 454 1704 lgnatiutn,
477 1677 554 1696 suum
576 1669 699 1697 videlicet
724 1670 840 1703 patriar—

66 1715 139 1746 chatn,
154 1714 409 1749 impietatisjacula
437 1715 613 1742 exercuisset.
643 1714 710 1741 Tum
741 1722 773 1741 cx
793 1715 840 1740 da-

66 1760 182 1788 mnatione
204 1761 330 1793 ejusdem
346 1760 466 1795 Gregorii
483 1765 508 1787 et
524 1761 654 1787 sententia
674 1761 725 1787 lata
745 1769 792 1795 per
811 1761 840 1788 S.

66 1805 178 1839 lgnalium
204 1806 412 1840 patriarcham;
439 1814 519 1840 quam
538 1806 588 1832 nisi
611 1811 768 1840 potestatem
795 1807 842 1832 ali—

67 1858 130 1883 quam
153 1857 227 1879 certe
245 1853 280 1878 ad
298 1852 399 1886 primas
425 1859 522 1880 causas
548 1853 696 1883 habuisset,
726 1853 840 1879 laturmu

68 1905 183 1932 tamquam
203 1898 292 1925 fuisse
317 1900 482 1925 censendum
497 1903 537 1925 est
551 1908 557 1925 :
571 1906 725 1933 quanquam
741 1904 767 1925 ttt
784 1905 840 1925 rata

69 1945 192 1972 traheretur
215 1945 250 1972 ad
276 1944 396 1972 Leonem
420 1944 451 1972 Ill
474 1946 626 1980 pontificem
651 1946 724 1972 missi
746 1946 841 1979 legali;

68 1995 88 2015 et
99 1996 195 2023 tatem,
211 1995 295 2025 prout
307 1991 332 2016 in
347 1990 459 2017 historia
474 1996 501 2018 et
516 1992 618 2025 synodo
630 1991 761 2018 habentur
776 1999 822 2024 per
833 2007 842 2011 -

70 2042 114 2063 acta
134 2042 193 2064 sunt
217 2037 271 2064 rite
296 2042 377 2070 atque
394 2037 522 2071 legitime.
539 2037 575 2064 Ex
594 2045 645 2071 quo
659 2038 843 2064 eminentissi-

70 2090 116 2108 ntus
132 2083 275 2109 cartlinalis
304 2081 434 2109 Baronius
449 2083 481 2110 de
496 2083 616 2118 ltocjttre
631 2091 644 2109 ιι
659 2083 710 2110 CP.
728 2085 844 2118 patriar-

71 2129 108 2153 cha
127 2129 149 2155 iu
165 2128 264 2155 Siciliae
282 2128 420 2155 Ecclesias
448 2130 583 2156 vindicato
616 2130 656 2156 sic
689 2131 784 2156 scribit.
811 2131 843 2157 ad

71 2183 152 2202 annum
167 2176 219 2203 854
235 2186 243 2204 ι
260 2176 370 2202 Audisti
397 2176 533 2210 synodalia
549 2181 620 2206 acta,
639 2177 780 2203 sententias
798 2186 845 2209 pa-

73 2223 228 2249 triarcharum
242 2243 250 2254 ,
275 2223 381 2256 judicia
401 2223 557 2255 episcopalia
583 2223 726 2256 indiguisse
749 2224 844 2257 ron/ir-

74 2268 168 2293 matione
187 2269 282 2301 prima:
299 2268 367 2294 sedis
395 2268 535 2300 pontificis.
556 2268 631 2300 Quod
647 2275 735 2295 autem
754 2268 844 2295 Sicilia

73 2310 143 2336 iitsuto
157 2313 201 2338 sub
211 2313 322 2345 juribus
343 2312 428 2338 adhuc
442 2318 509 2338 esset
530 2312 645 2339 Orientis
668 2314 845 2346 imperatoris,

74 2360 170 2387 quamvis
197 2363 327 2392 occupata
351 2363 416 2384 esset
430 2367 445 2384 ιι
461 2357 613 2389 Saracenis,
635 2359 733 2392 primas
751 2368 845 2386 causas

76 2408 223 2434 occuparunt
251 2403 303 2429 sibi
329 2402 384 2430 (ΣΡ.
414 2404 559 2437 episcopus,
580 2404 618 2430 ita
639 2409 724 2430 tamen
747 2409 773 2430 ut
799 2413 847 2431 sua

77 2454 121 2473 uta
149 2448 350 2482 confirmatione
383 2449 497 2482 indigere
521 2450 673 2483 apostolica:
699 2451 768 2476 sedis
797 2459 847 2478 nou

77 2491 197 2523 ignoraret.
216 2492 357 2520 Hactenus
379 2493 520 2527 Baronius,
548 2488 671 2528 idemque
694 2496 788 2522 scribit
799 2496 848 2523 Ja-

78 2538 144 2564 robus
170 2538 327 2566 Gordonins
352 2539 378 2566 in
405 2539 506 2567 Chron.
530 2540 563 2566 ad
587 2547 687 2567 annmn
712 2544 847 2575 eumdem,

79 2582 157 2610 citatos
176 2584 208 2610 ah
230 2584 347 2611 Octavio
374 2584 493 2612 Caetano
515 2586 541 2612 in
563 2585 687 2621 lmgages
715 2595 774 2622 cap.
801 2588 847 2621 58,

80 2632 99 2653 et
116 2629 211 2656 laudent
238 2629 414 2657 manifestum
435 2631 460 2658 id
475 2631 533 2658 ﬁeri
563 2631 668 2659 videtur
690 2640 722 2660 ex
746 2634 848 2661 novella

81 2678 149 2699 must.
164 2673 260 2702 Leonis
287 2681 468 2710 cognomento
491 2675 638 2711 Sapientis,
657 2678 733 2712 cujus
754 2680 850 2707 inscri-

82 2719 124 2751 ptio
145 2720 177 2746 ita
203 2728 232 2748 se
247 2721 351 2747 habet:
369 2721 400 2747 Ἦ
419 2723 545 2755 γεγονυῖα
576 2723 755 2757 Δια-τύπωσις·
776 2726 850 2761 παρὰ

82 2763 116 2787 7:3
130 2763 254 2798 βασιλέως
275 2766 392 2797 Λέοντος
417 2767 463 2792 τοῦ
480 2767 578 2802 Σοφοῦ,
591 2769 670 2804 ’ὅπως
692 2769 784 2805 ἔχουσι
804 2772 852 2799 τά·

84 2807 132 2840 ξξως
151 2811 173 2836 οἱ
197 2811 289 2846 θρόνοι
320 2812 373 2838 τῶν
409 2812 578 2847 Ἐκκλησιῶν
596 2814 784 2850 ὑποκειμένων
813 2819 851 2854 τῷ

86 2856 213 2894 πιτριὰρχῃ
230 2858 282 2893 τῆς
293 2859 616 2892 Κωνσταντινουπό).εως.
631 2860 770 2895 Dispositio
778 2864 850 2900 facta

215 2907 358 2938 Pas-non.
380 2907 440 2937 GR.
462 2907 607 2940 CXXXII.

1622 143 1672 175 ιιτσ

885 213 932 238 per
948 204 1129 239 imperatorem
1146 204 1256 230 Leonem
1280 203 1440 237 Sapientem.
1463 211 1538 238 quem
1555 203 1672 230 ordinem

881 252 992 277 habeant
1012 251 1099 277 throni
1129 250 1305 277 Ecclesiarum
1335 248 1495 284 patriarcha:
1514 248 1570 276 CP.
1586 249 1674 283 subje-

881 301 995 322 clarum.
1013 295 1041 322 ln
1059 301 1180 324 extremo
1195 303 1260 322 vero
1276 301 1337 330 post
1362 295 1546 322 recensionem
1566 294 1672 322 illorum

881 342 1063 369 subdunturol
1075 343 1297 375 ἀποσπασθέντες
1312 343 1343 368 ὲκ
1354 342 1404 377 τῆς
1428 341 1588 376 Ῥωμαῖκῆς
1609 342 1674 368 διοι-

881 390 998 424 κήσεως,
1020 390 1068 416 καὶ
1086 388 1134 415 νῦν
1159 388 1299 420 τελοῦντες
1323 388 1376 415 ὑπὸ
1401 388 1447 415 τὸν
1476 388 1570 423 θρόνον
1596 387 1672 414 Κων-

883 434 1129 466 οταντινουπόλεως
1161 435 1375 470 μητροπολῖτειι,
1390 435 1439 461 καὶ
1468 435 1493 460 οἱ
1521 433 1566 460 ὑπ’
1584 433 1674 460 αὐτῶν

883 479 1038 512 ἐπίσκοποι,
1052 480 1136 506 avulsi
1151 489 1167 507 a
1183 480 1301 507 Romana
1326 480 1430 507 dioecesi
1445 485 1468 506 et
1485 479 1538 506 (ΖΡ.
1563 478 1674 514 subjecti

883 526 988 553 throno.
1004 527 1103 554 Deinde
1118 533 1306 560 numerantur,
1321 527 1516 562 Syracusanus,
1530 526 1676 554 Thessalo-

883 572 999 599 nicensis
1015 577 1042 599 et
1064 572 1109 599 alii
1135 573 1313 608 mctropolitm
1342 573 1483 600 nonnulli:
1501 573 1674 608 Syracusano

883 617 1063 651 subjiciuntur
1090 617 1345 651 Tauromenitanus,
1373 617 1566 650 Messanensis,
1595 617 1675 652 Agri-

883 664 1019 697 gentinus,
1035 668 1062 690 et
1083 663 1127 690 alii
1147 664 1274 698 deinceps
1289 668 1423 698 quotquot
1440 667 1518 691 crant
1534 669 1589 690 tum
1606 663 1677 691 Sici-

885 709 926 736 liae
952 710 1082 744 episcopi.
1107 709 1170 737 llmc
1195 715 1258 737 sunt
1283 710 1436 738 testimonia
1459 718 1492 738 ex
1518 711 1630 745 synodis
1647 714 1675 737 et

885 754 996 782 historia
1031 755 1089 789 ejus
1114 755 1163 782 tevi
1191 756 1348 790 deprompta
1385 762 1444 789 qum
1467 755 1603 790 subiectas
1629 762 1677 790 per

885 804 1005 830 eamdem
1026 807 1210 837 tempestatem
1242 802 1376 830 Ecclesias
1397 803 1496 830 Siciliae
1515 803 1677 837 patriarcha:

885 849 937 876 ΟΡ.
955 850 1057 884 possint
1077 851 1144 877 satis
1159 850 1354 877 demonstrare.
1378 849 1455 877 Unde
1469 853 1497 877 et
1509 850 1603 877 eodetn
1616 849 1677 882 iure

886 895 1078 929 Theophanem
1099 900 1218 922 ttostrutn
1234 903 1248 921 ει
1265 895 1294 922 S.
1310 894 1422 930 lgnatio,
1441 895 1595 929 patriarcha
1611 894 1676 926 ΟΡ..

887 942 988 967 sedatis
1002 942 1057 976 jam
1076 949 1122 976 per
1139 941 1270 976 synodum
1289 949 1335 968 rttt
1352 941 1423 968 illius
1441 940 1567 968 Ecclesia:
1581 940 1677 972 turbis,

888 987 1041 1014 ordinatum
1063 988 1186 1021 augurari
1199 988 1258 1021 quis
1274 987 1451 1022 possit.Quod
1462 987 1482 1014 si
1498 987 1559 1020 quis
1572 987 1678 1021 opittari

888 1033 961 1065 velit,
981 1033 1078 1060 nullam
1095 1039 1167 1060 certe
1182 1026 1272 1059 notam
1289 1033 1444 1060 schismatis
1455 1032 1614 1067 Theophani
1631 1039 1681 1059 no-

888 1083 944 1106 stro
957 1079 1123 1113 intposttcrit,
1138 1087 1198 1106 cum
1216 1086 1264 1105 nec
1277 1086 1291 1105 a
1304 1078 1398 1106 Photio
1410 1078 1677 1113 pseudopatriarcha,

888 1125 1041 1158 scitistnatis
1067 1129 1188 1155 auctore,
1214 1123 1260 1150 scd
1273 1131 1287 1150 a
1303 1123 1332 1150 S.
1347 1124 1450 1156 lgnatio
1472 1124 1590 1158 legitimo
1610 1124 1678 1149 etin

888 1177 963 1196 suam
991 1170 1081 1196 sedem
1109 1170 1233 1196 restituto
1263 1175 1453 1196 consecratum
1477 1170 1566 1201 dicat;
1592 1176 1680 1203 neque

888 1216 922 1242 ab
947 1216 995 1241 hoc
1012 1215 1041 1242 S.
1061 1215 1214 1249 patriarcha
1236 1214 1261 1241 id
1286 1215 1433 1249 illegitime,
1456 1220 1485 1241 et
1504 1217 1564 1242 sine
1588 1215 1678 1250 aliqua

889 1266 1019 1296 potestate
1044 1261 1138 1287 saltem
1159 1261 1287 1295 peculiari
1303 1261 1354 1287 sibi
1372 1261 1502 1295 permissa
1517 1270 1532 1288 a
1547 1263 1610 1289 sede
1625 1262 1680 1288 lio-

889 1314 978 1332 ntana.
1003 1305 1068 1331 Nam
1095 1313 1149 1340 per_
1166 1306 1347 1336 occasionem,
1371 1306 1443 1340 quod
1470 1306 1505 1333 ibi
1529 1312 1680 1334 moraretur

890 1350 1066 1385 Timophanes
1084 1358 1116 1377 cx
1137 1351 1354 1384 peregrinatione
1380 1355 1505 1384 suscepta
1525 1351 1680 1388 Hierosoly-

891 1405 971 1429 mam,
991 1397 1022 1423 de
1038 1403 1090 1430 qua
1113 1396 1232 1422 dicemus
1248 1396 1261 1431 ξ
1275 1397 1408 1430 sequenti,
1426 1398 1466 1424 vel
1483 1398 1533 1424 alia
1553 1397 1640 1431 potuit
1654 1399 1681 1425 ιιι

891 1444 946 1470 licri
972 1443 1100 1477 legitime,
1119 1447 1146 1469 ιιι
1169 1442 1233 1468 dixi.
1255 1442 1307 1468 Sed
1332 1448 1419 1469 tamen
1447 1444 1554 1478 quando
1579 1445 1629 1471 hoc
1646 1452 1680 1472 ex

890 1489 1043 1523 conjectura
1057 1494 1084 1515 et
1107 1489 1311 1515 ratioeinatione
1339 1490 1455 1522 quadam
1483 1490 1599 1524 gratuita
1617 1491 1680 1525 quis

890 1535 1016 1569 augurari
1040 1535 1134 1568 possit,
1148 1541 1200 1561 non
1218 1539 1292 1560 certo
1306 1539 1466 1569 argumento
1489 1536 1679 1572 comprobare,

891 1579 970 1607 liceat
985 1579 1073 1614 potius
1088 1580 1253 1606 contrarium
1267 1581 1403 1613 augurari.
1417 1583 1443 1606 et
1456 1587 1517 1607 cum
1530 1587 1545 1607 a
1558 1580 1680 1608 Romano

892 1628 1019 1661 pontitice
1044 1627 1132 1660 potius
1146 1634 1226 1660 quam
1247 1633 1261 1651 a
1282 1626 1434 1660 patriarcha
1449 1626 1501 1653 (ΣΡ.
1520 1626 1602 1654 fuisse
1617 1635 1681 1655 cott-

892 1677 1026 1699 secratuut
1039 1681 1046 1706 ;
1064 1673 1134 1706 quod
1149 1678 1179 1698 cc
1195 1671 1257 1698 tttihi
1272 1672 1351 1699 liceat
1366 1672 1397 1698 dc
1411 1671 1576 1707 Theophane
1589 1679 1682 1701 nostro

892 1717 1040 1751 praiscrtitn
1061 1717 1178 1749 credere,
1200 1719 1271 1751 quod
1297 1724 1358 1744 eum
1389 1717 1492 1744 videant
1516 1719 1543 1745 ιιι
1566 1719 1607 1746 his
1625 1719 1682 1746 suis

892 1765 1071 1797 sermonibus,
1094 1764 1127 1791 ad
1152 1764 1279 1798 popttlutn
1302 1768 1329 1792 et
1351 1771 1457 1800 gregem
1483 1773 1560 1793 suum
1582 1767 1682 1794 habitis

893 1809 925 1836 de
940 1809 970 1836 S.
985 1809 1057 1836 Petri
1074 1813 1100 1836 ct
1117 1817 1306 1837 successorum
1323 1810 1381 1844 ejus
1397 1811 1513 1845 primatu
1529 1813 1640 1847 optime,
1655 1818 1683 1840 et

893 1860 921 1881 ut
949 1855 1109 1882 catholicum
1137 1855 1296 1890 scriptorem
1323 1855 1412 1888 decet,
1441 1858 1553 1892 se_tttire.
1580 1863 1606 1885 et
1628 1857 1682 1886 fre-

893 1905 1007 1935 quenter
1023 1901 1106 1933 illtttn,
1120 1902 1267 1936 prmserlint
1285 1909 1349 1930 vero
1365 1903 1474 1930 homilia
1492 1903 1530 1930 De
1543 1903 1591 1931 SS.
1604 1903 1682 1932 Petro

893 1951 917 1973 et
941 1946 1037 1978 Paulo,
1065 1948 1220 1974 cottlcstari.
1247 1947 1284 1974 Ex
1311 1956 1362 1982 qua
1388 1949 1470 1976 etiam
1499 1950 1681 1977 testimonium

894 1991 1005 2025 protulit
1029 1991 1158 2018 adversus
1173 1991 1416 2026 Magdeburgenscs
1439 1998 1583 2021 novatores
1598 1994 1684 2021 Fran-

894 2037 982 2063 ciscus
1011 2035 1168 2068 Turriauus,
1193 2041 1220 2062 ιιι
1244 2037 1270 2062 in
1296 2037 1390 2071 elogiis
1416 2038 1448 2064 ad
1476 2038 1555 2065 tinem
1586 2039 1682 2066 horum

895 2083 1091 2110 Prommiornm
1116 2083 1220 2116 positis,
1238 2089 1265 2109 et
1281 2083 1342 2110 alibi
1364 2083 1454 2110 videre
1467 2089 1516 2110 est.
1535 2084 1636 2112 Deinth
1651 2086 1684 2112 de

895 2131 1019 2157 universa
1039 2129 1172 2156 Siciliensi
1192 2129 1310 2156 Ecrlosia
1337 2129 1399 2156 illud
1416 2134 1444 2156 ut
1465 2135 1567 2158 certum
1593 2132 1684 2165 explo-

896 2180 1038 2208 ratumque
1065 2174 1214 2205 allirntabo,
1243 2182 1302 2201 eam
1332 2175 1452 2209 pontifici
1484 2176 1607 2202 Romano
1632 2185 1684 2203 non

895 2220 982 2247 solum
1014 2228 1067 2254 qua
1090 2219 1207 2253 pontifex
1225 2225 1265 2246 cst
1278 2226 1303 2246 et
1317 2221 1477 2249 universalis
1501 2223 1624 2256 antistes,
1638 2224 1685 2250 sed

896 2265 976 2291 etiam
1007 2265 1133 2298 peetiliari
1160 2266 1231 2299 jure,
1256 2274 1307 2300 qua
1337 2267 1491 2300 patriarcha
1519 2268 1685 2300 Occidentis,

897 2312 1007 2343 Sicilize,
1036 2319 1095 2344 qua:
1115 2312 1148 2337 ad
1174 2312 1347 2339 Occidentem
1381 2314 1507 2347 pertinet,
1538 2314 1685 2342 Ecclesium

898 2357 934 2384 illi
959 2357 1111 2384 immediate
1140 2357 1223 2384 fuisse
1254 2359 1414 2392 subjectum,
1433 2365 1525 2394 utpote
1547 2368 1606 2394 qum
1623 2368 1638 2387 a
1656 2361 1685 2387 S.

899 2404 978 2431 Petro
1003 2404 1083 2430 fuerit
1110 2404 1243 2431 instituta.
1265 2404 1300 2431 De
1315 2412 1367 2438 quo
1383 2405 1442 2432 vide
1458 2405 1619 2433 luculentam
1635 2407 1688 2433 (lis-

898 2450 1071 2476 sertationem
1089 2447 1181 2475 JaCobi
1201 2449 1338 2476 Sirtnttndi
1357 2449 1382 2476 in
1402 2449 1568 2484 Pt'otrcptico
1594 2456 1686 2477 contra

899 2495 1024 2522 Saltnztsii
1050 2495 1262 2528 Eucltaristicon,
1280 2497 1312 2522 de
1326 2496 1516 2522 suburbicariis
1538 2497 1687 2530 regionibus

899 2542 946 2569 lib.
963 2550 992 2572 ιι,
1008 2550 1067 2576 cap.
1083 2541 1126 2569 10,
1145 2541 1219 2574 Quod
1240 2541 1411 2568 manifestum
1427 2548 1489 2569 esse
1504 2543 1542 2569 ait
1555 2542 1687 2570 Innocen-

900 2589 953 2615 tius
977 2587 985 2613 l
1012 2593 1089 2622 pont.
1116 2587 1149 2614 ad
1176 2587 1339 2614 Deccnniutn
1366 2588 1512 2615 scribens:
1531 2587 1563 2615 In
1586 2597 1688 2616 omnem

901 2634 1020 2666 Italiam,
1037 2633 1146 2665 Gallias,
1169 2633 1322 2666 Hispanias,
1340 2633 1458 2668 Africum
1471 2640 1547 2669 atque
1567 2635 1623 2662 Sici
1635 2636 1688 2662 imu

899 2681 1051 2715 insulasque
1064 2680 1247 2714 interjacentes
1264 2680 1364 2706 nullum
1382 2681 1526 2707 instituisse
1544 2681 1687 2713 Ecclesitts,

900 2728 952 2754 nisi
969 2735 1012 2754 eos
1027 2735 1092 2761 quos
1116 2726 1272 2752 venerabilis
1303 2725 1398 2753 Petrus
1414 2727 1549 2761 apostolus
1563 2733 1607 2754 aut
1631 2728 1689 2762 ejus

900 2781 1059 2802 successores
1081 2773 1261 2799 constituerint
1285 2773 1443 2801 sacerdotes.
1464 2773 1516 2802 Sed
1533 2782 1582 2809 ego
1597 2780 1687 2802 actum

902 2827 1020 2855 agerem,
1037 2824 1063 2846 et
1078 2817 1195 2845 fabulam
1215 2823 1395 2852 recantarem,
1412 2820 1434 2846 si
1449 2820 1500 2846 hoc
1513 2825 1540 2847 et
1554 2821 1614 2848 aliis
1629 2827 1690 2847 cer-

905 2867 1015 2896 tissimis
1032 2866 1198 2900 argumentis
1213 2867 1383 2894 ostenderem
1407 2866 1575 2894 Siciliensem
1595 2865 1690 2894 Eccle—

1485 2914 1502 2945 4
