1874 3055
212 156 261 187 107

211 215 279 241 siam
308 214 442 249 pontiﬁcis
459 213 573 241 Romani
592 213 742 245 dioecesim,
759 213 800 240 vel
816 221 830 240 τι
846 213 933 248 prima
946 219 995 239 sua

210 261 314 295 origine
328 260 476 294 exstitisse,
491 261 524 287 ab
545 268 632 295 eoque
653 260 870 287 consecrationes
894 259 998 293 episco-

211 314 318 341 porutn,
334 311 361 334 et
379 311 476 334 caetera
492 307 553 342 jura
571 306 707 341 accepisse
725 314 732 332 :
751 313 812 332 cum
829 311 925 340 praeter
943 304 1000 331 Sir-
1023 314 1029 322 κ

211 353 338 385 tumidum
350 351 406 386 jam
422 353 545 385 citatum,
563 353 596 379 de
612 360 645 380 eo
658 356 739 386 agant
761 351 889 380 Octavius
903 351 999 378 Caela-

212 405 261 424 nus
278 398 302 424 in
320 397 440 433 lsagoge,
467 405 526 432 cap.
544 398 600 432 jam
617 398 708 428 citato.
723 402 751 424 et
772 397 846 425 dom.
875 396 999 424 Bocelms

210 443 279 471 Pirri
299 444 326 471 in
342 445 462 480 pluribus
487 444 595 472 Notitia:
620 444 697 477 locis,
716 445 834 478 satisque
857 443 998 478 probatum

211 491 245 518 ab
261 490 292 517 iis
307 491 353 522 sit,
369 498 400 518 ex
417 490 507 518 multis
522 490 643 526 epistolis
661 490 758 517 Leonis
776 498 851 525 papa:
868 490 876 517 Ι
892 494 918 517 et
933 489 1000 516 Gre-

210 537 278 570 (μιήὶ
300 536 397 571 Magni.
415 536 468 564 Sed
482 541 624 572 postquam
640 540 744 571 recepta
757 544 771 562 a
785 536 879 564 Gothis
895 536 997 568 Sicilia,

209 583 280 617 quod
296 582 344 609 fuit
356 583 406 610 sub
419 581 567 610 Justiniani
588 583 713 618 imperio,
727 584 760 610 ad
774 582 894 611 Orientis
912 583 999 617 impe-

210 630 279 656 rium
297 629 322 656 in
337 629 444 664 politica
468 630 703 657 administratione
727 630 866 664 pertinuit,
883 637 983 664 praeser

211 675 256 702 tim
274 683 338 702 vero
353 683 386 703 ex
404 681 524 710 tempore
549 675 643 711 synodi
663 683 707 709 vn,
726 684 805 711 quam
824 684 905 711 supra
926 681 998 703 retu-

209 721 301 752 limus,
327 727 353 748 et
379 722 496 748 maxime
520 729 585 749 vero
602 722 653 748 sub
679 722 791 756 imperio
814 722 952 748 Michaelis
972 727 999 748 ct

209 767 296 795 Photii
323 768 594 802 pseudopatriarchae,
611 776 661 802 per
675 769 847 796 occasionem
873 769 1000 803 potentia:

208 814 402 849 imperatorum
416 819 442 841 et
456 815 619 849 synodorum
644 823 704 850 quae
728 815 763 842 ibi
780 815 997 848 celebrabantur,

208 860 337 892 paulatim
352 859 405 887 (ΖΡ.
418 861 560 895 episcopus
576 862 658 888 etiam
674 861 885 889 ecclesiasticam
899 861 999 888 Sicilia:

208 904 430 940 gubernationem
456 906 490 932 ad
505 913 535 933 se
553 907 711 940 pertrahere
737 907 828 940 coepit.
855 907 997 942 Nunquam

207 954 299 977 tamen
313 951 338 977 in
354 951 616 979 uuiversamSieiliaa
627 952 775 980 Ei‘clesiatn
793 953 942 988 legitimum
954 953 998 988 jus

208 996 386 1029 acquisivisse
403 997 508 1024 ostendi
527 1002 618 1032 potest
634 1006 640 1024 :
658 998 705 1025 sed
718 1004 810 1025 contra
827 999 916 1033 potius
939 1007 998 1026 eain

209 1046 372 1076 potestatem
390 1042 439 1069 sibi
457 1050 611 1077 usurpasse.
631 1043 765 1071 renitente
778 1043 900 1070 Romano
914 1044 985 1078 ponti

209 1089 261 1115 tice
274 1088 428 1116 ostenditur
437 1096 469 1116 ex
479 1089 561 1124 epist.
572 1088 683 1116 Adriani
693 1089 701 1116 l
716 1091 748 1117 ad
760 1090 962 1118 Constantinum
974 1095 999 1118 et

208 1135 325 1167 lrenem,
343 1135 393 1162 sub
414 1135 512 1168 quibus
540 1137 659 1170 synodus
681 1135 727 1162 illa
741 1144 777 1162 vit
792 1141 885 1163 contra
904 1137 998 1164 leone-

208 1179 329 1212 ntachos,
349 1180 455 1212 utdixi,
484 1184 593 1215 peracta
619 1185 678 1213 est;
697 1181 722 1207 in
742 1189 794 1216 qua
815 1181 933 1214 pontifex
951 1189 999 1216 po-

207 1227 299 1260 stulat,
317 1232 344 1253 ut
357 1228 565 1254 consecratienea
589 1228 768 1262 episcoporum
784 1233 808 1254 et
825 1227 1001 1262 archiepisco-

209 1281 302 1307 porum
317 1273 384 1299 sicut
403 1273 507 1300 olitana
532 1278 633 1300 constat
649 1273 756 1300 traditio
775 1278 871 1301 nostra:
884 1274 999 1301 ditecesis

210 1319 362 1344 exsistentes
385 1318 488 1351 penitus
513 1319 638 1345 canonice
654 1319 684 1345 S.
702 1318 734 1345 R.
752 1318 784 1344 E.
805 1325 900 1346 nustrw
926 1321 1001 1346 resti—

209 1368 336 1395 tuantur;
353 1368 380 1390 et
397 1371 429 1390 ex
445 1363 526 1398 epist.
544 1363 646 1390 Nieolai
659 1364 669 1391 Ι
684 1364 717 1390 ad
733 1363 889 1391 Michaelem
915 1364 1000 1399 impe—

209 1414 328 1436 ratorem
342 1408 397 1442 jam
425 1409 525 1436 dictum
540 1417 547 1436 :
568 1409 706 1442 Volumus,
726 1415 751 1436 ut
769 1411 932 1438 consecratio
948 1411 1001 1446 Sy-

209 1462 339 1481 racusano
370 1454 488 1488 episcopo
517 1460 605 1482 nostra
630 1464 644 1481 a
668 1456 728 1482 sale
762 1456 946 1489 impendatur,
974 1462 999 1484 ut

210 1500 319 1526 traditio
335 1500 365 1526 ab
381 1500 505 1535 apostolis
521 1501 644 1527 instituta
659 1501 809 1528 nullatenus
829 1505 920 1529 vestris
936 1509 1000 1530 tem-

209 1546 316 1582 poribus
342 1547 470 1579 violetur;
486 1551 512 1574 et
532 1548 728 1581 posterioribus
751 1548 831 1575 etiam
850 1550 954 1576 saeculis
967 1557 1000 1575 ex

210 1592 324 1626 epistola
342 1591 487 1620 Alexandri
503 1592 535 1620 lll
551 1595 583 1620 ad
599 1593 761 1621 Willelmnm
783 1594 882 1621 Sicilia:
899 1603 999 1630 regem,

211 1639 256 1672 qui
273 1646 287 1665 a
306 1638 433 1672 pontillee
450 1638 637 1671 contenderat,
656 1647 689 1666 ne
702 1638 846 1666 Gualterus
861 1639 1002 1667 Panormi-

211 1687 292 1710 tanus
317 1683 535 1718 archiepiscopus
563 1683 675 1711 Romam
692 1685 767 1711 adire
789 1685 1002 1714 consecrationis

211 1736 294 1756 causa
323 1729 540 1763 compelleretur,
563 1729 609 1756 sed
631 1737 690 1756 eain
708 1730 742 1757 ab
766 1731 852 1757 tribus
872 1731 904 1758 de
927 1739 1002 1759 more

211 1775 345 1810 episeopis
374 1775 498 1802 Panormi
528 1776 677 1810 reciperet;
707 1776 783 1811 cujus
814 1777 936 1812 petitioni
965 1779 1001 1805 ita

213 1819 339 1847 rescribit
356 1819 509 1847 Alexander
524 1829 531 1848 :
548 1820 617 1847 Licet
633 1821 662 1847 in
684 1822 810 1848 memoria
840 1827 930 1848 nostra
950 1831 1003 1850 non

212 1866 342 1897 exsistat,
371 1869 399 1891 ut
428 1866 523 1900 aliquis
555 1866 776 1899 prwdecessornm
803 1869 908 1903 pra-fati
930 1869 1004 1896 electi

213 1909 344 1936 Cualterii
370 1918 484 1945 unquam
508 1912 586 1944 fuerit
610 1912 661 1938 nisi
684 1921 700 1938 a
725 1911 845 1940 Romano
881 1915 1003 1948 pontiﬁce

213 1961 390 1988 consecratus,
417 1956 613 1983 considerantes
632 1962 728 1990 tamen,
757 1963 820 1990 cte.,
837 1959 1003 1986 concedimus

215 2002 374 2034 consecrari,
391 2001 428 2026 ita
445 2005 530 2028 tamen
551 2001 621 2036 quod
635 2002 682 2028 hoc
708 2010 758 2029 non
774 2005 863 2030 debeat
882 2006 908 2030 in
921 2011 1004 2039 poste-

216 2053 273 2071 rum
289 2047 314 2071 in
331 2045 475 2079 exemplum
495 2046 606 2073 assumi.
631 2045 693 2074 ΙΙωο
705 2047 867 2080 Alexander,
883 2050 927 2083 qui
943 2057 1004 2076 cum

216 2092 248 2118 de
264 2091 455 2119 Panormitaua
482 2092 601 2119 Ecclesia
627 2098 740 2120 testctur
762 2094 863 2121 nullum
880 2096 1005 2130 superio-

217 2145 275 2163 rum
292 2137 351 2171 ejus
378 2137 528 2164 autistitum
544 2138 578 2165 ab
602 2138 655 2165 alio
672 2147 751 2173 quam
768 2148 781 2166 a
798 2139 918 2168 Romano
939 2149 1005 2175 pott-

216 2182 289 2208 titice
303 2182 386 2209 fuisse
404 2183 549 2213 initiatum.
566 2183 599 2210 de
613 2183 675 2211 aliis
687 2185 767 2211 etiam
786 2184 886 2212 Sic-ilic
902 2187 1005 2220 episeo-

216 2227 257 2261 pis
272 2227 297 2253 id
313 2227 391 2254 nobis
409 2227 543 2261 eoujieere
556 2228 632 2254 liceat
646 2237 653 2261 ;
671 2235 751 2263 atque
766 2231 833 2257 adeo
844 2239 895 2256 non
911 2239 1004 2259 omnes

219 2272 379 2306 patriarcha:
402 2271 454 2299 CP.
471 2273 617 2307 subjectos,
637 2279 665 2300 ut
680 2282 711 2300 ex
728 2275 772 2301 illa
793 2275 890 2303 Leonis
915 2278 1004 2312 dispo-

217 2319 317 2346 sitione
329 2318 426 2352 aliquis
449 2320 632 2352 argumentari
649 2321 742 2354 pcssit,
764 2329 851 2356 neque
865 2330 959 2350 omnes
971 2325 1004 2351 ab

219 2372 252 2391 eo
265 2364 497 2391 consecrationem
512 2365 658 2399 accepisse.
674 2365 729 2392 Nec
742 2367 830 2394 obstat
846 2370 917 2402 quoi
933 2369 1005 2403 lega-

220 2418 290 2442 mus,
317 2410 475 2438 Zachariam
491 2421 505 2438 a
523 2412 551 2438 S.
569 2412 705 2440 Methodio
722 2421 781 2440 eam
806 2417 952 2450 ﬂCCt‘ple'e,
978 2422 1006 2443 ut

217 2465 298 2492 supra
323 2457 378 2484 dixi
399 2465 431 2484 ex
448 2465 508 2492 syn.
535 2465 592 2490 νιιι,
611 2463 664 2485 aet.
681 2458 708 2490 5,
729 2459 799 2493 quod
824 2467 889 2487 sane
914 2462 1004 2496 negari

220 2512 272 2530 non
298 2508 404 2538 potest:
422 2511 483 2530 nam
502 2503 564 2531 illud
580 2511 613 2530 ex
629 2504 717 2539 aliqua
744 2505 871 2539 peculiari
895 2515 1007 2534 com-es-

217 2550 293 2577 sione
309 2553 336 2576 et
350 2549 489 2584 privilegio
505 2549 606 2577 factum
622 2549 711 2577 dicere
727 2558 880 2585 possumus.
896 2551 1006 2579 Postre-

218 2603 291 2621 mum
318 2596 378 2622 dico
395 2604 448 2623 non
467 2603 546 2630 posse
566 2596 630 2623 mihi
658 2597 813 2631 persuaderi
831 2597 902 2624 illam
929 2599 1005 2625 avul-

216 2642 320 2668 sionent
345 2641 494 2669 Siciliensis
512 2642 650 2675 Ecclesia),
675 2651 735 2678 quae
752 2644 850 2670 dicitur
872 2644 940 2672 facta
957 2646 1006 2672 sub

219 2686 318 2720 Leone,
333 2687 366 2715 ab
381 2695 413 2715 eo
429 2688 485 2716 ﬁeri
509 2689 645 2723 potuisse;
664 2696 724 2716 nam
740 2697 771 2717 eo
787 2691 936 2724 imperante
949 2691 1006 2726 jam

219 2734 308 2761 omnis
338 2733 430 2761 Sicilia
449 2742 462 2760 a
479 2735 624 2762 Saracenis
651 2736 739 2762 fuerat
763 2742 904 2770 occupata.
936 2738 1007 2772 quod

218 2787 250 2805 rx
268 2780 439 2814 chronologis
454 2782 546 2815 liquet,
564 2774 693 2813 Bai‘onio,
712 2782 885 2816 Curopalata,
901 2783 1008 2810 Fazello

219 2830 348 2857 nostrale,
361 2831 387 2853 et
395 2827 465 2859 aliis,
474 2833 500 2854 et
510 2828 608 2854 diserte
618 2826 812 2855 Constantinus
822 2828 1009 2863 l’orpbyrogo-

219 2876 280 2898 acta
300 2871 376 2906 imp.,
389 2871 484 2900 Lcouis
497 2873 579 2908 ipsius
592 2872 671 2906 ﬁlius,
686 2874 731 2901 lib.
742 2876 773 2906 tt,
783 2874 917 2906 Dctltem.,
931 2875 955 2901 in
968 2875 1008 2901 Si-

706 154 907 186 FBANCISCI
933 152 1064 183 SCORSl
1087 154 1302 186 PRO(EMlUM
1323 156 1362 186 Il.

1789 157 1839 188 103

1052 211 1120 237 εἰίἕιιε
1132 213 1227 245 them.,
1239 221 1316 248 quem
1328 214 1415 240 locum
1427 213 1569 241 retulimus
1579 213 1698 241 Proem.
1714 213 1757 249 l,§
1770 223 1788 245 ι,
1801 217 1846 249 qui

1049 259 1136 292 captis
1149 260 1255 286 etcteris
1272 259 1384 286 urbibus
1395 259 1547 294 Syracusas
1561 260 1612 286 sub
1626 259 1726 287 Basilio
1748 259 1848 287 Leuius

1051 310 1137 338 patre,
1150 305 1363 333 Tauromenium
1372 306 1422 333 sub
1433 305 1523 333 Leone
1534 311 1645 340 parente
1654 314 1705 333 suo
1712 313 1849 340 expugna.

1052 355 1106 378 tum
1123 351 1204 378 fuisse
1225 356 1358 379 testatur..
1374 351 1523 386 lgiturjam
1542 357 1596 379 tum
1611 352 1715 380 ditione
1739 353 1849 386 polllit'a

1051 398 1189 424 desierant
1205 398 1299 430 etiam,
1317 397 1357 424 Vel
1373 399 1462 432 potius
1478 398 1613 425 deturbati
1629 399 1718 425 throni
1736 398 1850 426 fuerant

1051 444 1250 478 episcoporum.
1273 443 1441 470 Crediderim
1470 444 1560 482 potius
1577 445 1603 471 in
1621 453 1651 471 ea
1674 445 1783 471 novella
1802 453 1849 471 εο-

1051 490 1106 516 lum
1126 490 1299 516 constitutam
1317 497 1378 516 esse
1391 497 1486 516 novam
1512 490 1715 524 episcoporum,
1737 490 1786 524 qui
1805 498 1852 524 pa-

1051 536 1175 563 triarcha:
1198 535 1250 562 Cl‘.
1269 535 1382 568 subjecti
1410 542 1496 567 erant,
1517 537 1722 570 dispositionem
1750 542 1779 563 et
1805 545 1853 561 or-

1051 582 1140 609 dinem
1169 589 1222 616 quo
1251 589 1321 608 unus
1347 582 1424 608 alteri
1457 584 1622 616 pnecetleret
1648 583 1675 609 in
1702 590 1852 610 cunse~stl.

1051 628 1184 656 Cmtemm
1203 628 1274 654 illam
1290 628 1458 655 avulsionem
1478 628 1575 655 factam
1593 634 1711 662 tempore
1729 628 1854 654 Michae-

1051 674 1082 701 lis
1101 675 1165 709 itup.
1190 678 1217 700 et
1237 675 1392 702 schismatis
1418 675 1559 704 Photiani.
1577 676 1634 708 qui,
1662 679 1689 701 nt
1713 674 1854 708 Grcgor'o

1050 721 1170 748 AsbeSta:
1190 720 1360 754 Syracusano
1386 722 1498 755 gratiam
1530 720 1654 753 referret,
1669 721 1733 755 ejus
1750 720 1854 746 Eccle—

1051 767 1119 794 siam
1145 766 1312 800 inetropolim
1346 773 1450 797 creare,
1479 767 1560 801 eique
1585 773 1697 793 ezeteras
1718 765 1855 792 Sicilien-

1051 819 1095 839 ses
1119 811 1254 845 subjicere
1279 819 1330 845 qua
1355 811 1416 846 jure
1444 819 1551 846 quaque
1580 812 1678 846 injuria
1707 811 1801 838 voluit
1830 815 1856 837 et

1051 863 1163 886 conatus
1179 864 1219 885 est
1235 858 1408 892 imperatoria
1435 858 1522 885 fretus
1543 858 1664 892 potentia
1679 866 1685 889 ;
1705 858 1750 884 cui
1767 857 1855 884 etiam

1051 906 1111 940 plus
1135 907 1203 932 satis
1225 905 1250 931 in
1277 912 1367 931 rerum
1394 904 1644 932 ecclesiasticarum
1670 903 1858 938 dispOSitione

1051 951 1206 978 tribuerunt
1227 950 1313 978 Gratci
1331 960 1337 977 :
1354 951 1424 985 quod
1442 952 1566 983 queritur
1585 949 1731 977 Gretserus
1755 954 1857 976 noster

1051 998 1077 1025 in
1092 998 1224 1025 Codinum
1243 997 1278 1024 De
1293 997 1389 1032 ofﬁciis
1406 997 1475 1024 aula:
1490 997 1641 1029 Constant.,
1652 998 1781 1031 adeoque
1802 1003 1853 1030 po—

1051 1044 1105 1070 tius
1118 1044 1144 1069 iu
1160 1043 1360 1070 contentionem
1375 1044 1532 1078 quamdam,
1548 1051 1628 1077 quam
1643 1042 1669 1069 in
1686 1042 1856 1077 possessio-

1051 1097 1112 1116 nem
1123 1089 1174 1117 CP.
1192 1094 1262 1124 patr.
1272 1088 1371 1116 Sicilitc
1384 1089 1468 1116 fuisse
1484 1090 1625 1120 deductam
1642 1087 1812 1120 Ecclesium,
1825 1095 1857 1115 eo

1051 1136 1247 1170 propemodum
1283 1136 1361 1161 modo
1393 1143 1448 1170 quo
1474 1137 1507 1162 de
1537 1135 1676 1169 Bulgariea
1706 1135 1857 1169 provincia

1052 1189 1147 1208 recens
1159 1181 1191 1207 ad
1209 1181 1286 1208 ﬁdem
1314 1189 1443 1208 conversa
1460 1189 1508 1215 per
1521 1181 1616 1207 eadem
1644 1185 1771 1214 tempora
1803 1179 1858 1205 Ba-

1052 1226 1103 1253 silii
1132 1226 1198 1261 imp.
1223 1232 1282 1253 orta
1308 1226 1494 1253 controversia
1519 1230 1562 1252 est
1585 1225 1658 1253 inter
1696 1224 1857 1259 patriarrh.

1053 1273 1184 1307 lgnatium
1202 1277 1229 1300 et
1247 1273 1400 1306 pontiﬁcem
1421 1271 1746 1306 Romanum,prmsertim
1762 1270 1857 1297 Joan-

1053 1325 1114 1345 nem
1132 1317 1198 1350 Vlll,
1216 1321 1245 1343 ut
1264 1317 1416 1352 legentibus
1445 1310 1584 1343 historiam
1597 1317 1717 1351 ejusdem
1734 1316 1787 1342 aevi
1806 1323 1857 1342 no-

1054 1372 1107 1392 tum
1134 1370 1185 1392 est.
1210 1363 1264 1391 Sed
1289 1363 1346 1390 haec
1367 1370 1426 1397 quae
1450 1363 1609 1389 obscuriora
1633 1367 1706 1391 sunt,
1735 1369 1825 1394 quam
1842 1369 1854 1386 ει

1053 1412 1130 1438 nobis
1157 1410 1228 1437 vela
1252 1409 1377 1444 quopiam
1394 1417 1427 1436 ex
1443 1409 1502 1436 luce
1526 1407 1639 1435 aliarum
1669 1408 1855 1435 historiarum

1053 1458 1196 1486 illuminari
1209 1461 1236 1485 et
1246 1457 1391 1492 disceptari
1407 1457 1524 1491 possint,
1541 1461 1679 1490 utcunque
1690 1455 1857 1482 existimata

1052 1506 1116 1536 sint,
1143 1504 1212 1531 haud
1228 1504 1253 1530 in
1269 1510 1366 1538 magno
1386 1510 1495 1537 ponam,
1526 1504 1606 1529 modo
1634 1501 1700 1528 illud
1728 1507 1855 1531 constet,

1053 1551 1123 1587 quod
1155 1552 1282 1578 omnibus
1314 1557 1474 1584 persuasum
1505 1550 1593 1579 velim,
1617 1554 1643 1575 et
1659 1548 1764 1581 Optima
1799 1548 1855 1573 [ide

1054 1601 1181 1632 pnestare
1199 1603 1319 1630 possum,
1349 1594 1449 1621 nullum
1466 1595 1492 1621 in
1510 1594 1551 1620 lllS
1569 1593 1687 1620 homiliis
1715 1599 1857 1627 apparere

1053 1644 1206 1672 schismatis
1223 1644 1302 1671 ullius
1321 1643 1477 1676 vestigium,
1501 1642 1571 1675 quod
1593 1639 1689 1666 attinet
1703 1640 1737 1665 at
1756 1638 1856 1672 Sall}:-

1053 1692 1169 1719 ctioncm
1197 1690 1229 1717 ad
1255 1689 1402 1716 Romanam
1418 1689 1522 1720 sedem,
1547 1686 1593 1714 sed
1614 1687 1703 1721 potius
1730 1685 1826 1720 plurin
1842 1693 1856 1711 a

1054 1746 1180 1772 expressa
1217 1743 1372 1772 argumenta
1405 1734 1603 1762 communionis
1629 1733 1662 1760 ad
1685 1731 1785 1763 illam,
1827 1736 1858 1756 ut

1054 1791 1134 1819 supra
1150 1784 1230 1811 etiam
1247 1783 1314 1815 dixi,
1333 1784 1454 1816 adeoque
1481 1780 1552 1815 quod
1569 1780 1602 1806 ad
1619 1780 1689 1806 hanc
1706 1786 1766 1805 rem
1787 1779 1858 1804 aut-

1056 1834 1110 1862 net,
1135 1836 1181 1855 cas
1197 1826 1329 1855 inoll‘enso
1346 1828 1412 1861 pede
1436 1826 1484 1860 legi
1503 1832 1592 1860 posse.
1618 1824 1712 1858 Neque
1731 1832 1803 1850 vero
1823 1831 1857 1849 «ς

1056 1876 1098 1903 illa
1126 1874 1249 1909 epistula,
1279 1882 1358 1907 quam
1386 1881 1467 1906 supra
1484 1879 1517 1899 ex
1541 1871 1726 1906 conjecturas
1752 1870 1858 1896 l’hotzo

1057 1922 1168 1948 missam
1187 1920 1343 1954 Theophani
1364 1920 1497 1946 monacho
1514 1918 1604 1949 retuli,
1626 1917 1728 1952 aliquid
1754 1917 1861 1943 advrt-

1057 1976 1104 1994 sus
1123 1966 1326 2000 Theophanem,
1351 1965 1425 1999 quasi
1438 1964 1579 1991 conscium
1600 1963 1758 1990 schismatis
1782 1963 1847 1989 rt...

1059 2013 1133 2044 tiani,
1150 2012 1262 2046 ejusque
1286 2011 1401 2046 partium
1421 2010 1571 2036 studiosum
1586 2009 1645 2036 elici
1659 2013 1766 2042 potest,
1788 2010 1827 2034 nil
1843 2009 1861 2035 il

1057 2058 1127 2084 enim
1149 2057 1175 2084 iu
1197 2065 1228 2084 ea
1253 2056 1340 2091 agitur
1363 2055 1433 2090 quod
1460 2055 1492 2081 ad
1521 2053 1676 2088 hujusmodi
1700 2053 1861 2080 factionem

1057 2107 1161 2138 spectet
1177 2111 1183 2130 :
1199 2102 1223 2129 id
1238 2103 1308 2136 quod
1329 2108 1417 2128 tamen
1437 2102 1463 2127 in
1479 2100 1540 2126 aliis
1559 2099 1681 2134 epistolis
1697 2099 1730 2124 ad
1746 2098 1863 2134 Euthy-

1059 2149 1141 2177 mium
1157 2153 1183 2175 et
1205 2148 1364 2181 Gregorium
1383 2147 1425 2181 agi
1443 2147 1565 2174 \idetur:
1581 2145 1628 2173 sed
1650 2146 1738 2172 solum
1755 2146 1794 2173 de
1812 2147 1864 2172 dr-

1059 2194 1180 2221 l'ensione
1197 2194 1330 2229 dogmatis
1359 2193 1518 2226 pertinentis
1533 2192 1566 2218 ad
1587 2199 1680 2218 sacras
1702 2192 1862 2225 imagiwa

1058 2247 1086 2268 et
1101 2240 1233 2274 pnceipne
1248 2248 1280 2266 an
1295 2240 1419 2266 tlhristus
1436 2243 1508 2265 esset
1522 2237 1718 2272 depingeudus,
1736 2242 1766 2263 ut
1782 2238 1864 2265 clare

1058 2295 1118 2314 eam
1137 2286 1234 2320 legenti
1251 2291 1378 2311 constare
1404 2289 1510 2318 potest:
1529 2284 1626 2310 deinde
1640 2290 1720 2309 nemo
1734 2283 1863 2310 alIirma-

1060 2333 1094 2359 rit
1114 2340 1128 2358 a
1150 2332 1245 2358 Pltotio
1263 2331 1317 2365 jam
1347 2331 1581 2357 excomtnutticalo
1604 2333 1632 2355 et
1653 2328 1761 2362 deiecto
1797 2337 1863 2355 eam

1058 2377 1199 2412 epistolam
1225 2377 1334 2403 missam
1352 2385 1358 2403 ε
1374 2376 1420 2402 sed
1438 2376 1526 2409 potius
1551 2374 1735 2409 probabiliorc
1765 2377 1862 2408 ('oujei

1059 2427 1133 2448 ctura
1153 2421 1283 2452 censebit,
1303 2429 1363 2447 cum
1387 2420 1543 2453 Theophani
1565 2419 1654 2446 adhuc
1672 2421 1862 2448 monasticam

1060 2468 1140 2494 vitam
1159 2467 1249 2502 agenti
1263 2469 1297 2494 sit
1321 2467 1434 2501 scripta,
1450 2475 1482 2493 eo
1500 2470 1621 2500 tempore
1650 2466 1784 2500 scriptam
1805 2474 1861 2500 quo

1059 2513 1146 2540 Photii
1162 2521 1242 2539 causa
1259 2514 1376 2539 nomlum
1393 2512 1461 2538 bene
1477 2516 1616 2545 perspecta
1637 2511 1830 2546 damnataque
1847 2519 1860 2540 λ

1058 2559 1121 2586 sede
1144 2558 1266 2584 Romana
1281 2563 1307 2584 et
1330 2563 1422 2591 postea
1435 2565 1449 2583 ιι
1466 2557 1568 2591 synodo
1589 2563 1636 2583 vut
1656 2556 1765 2584 l'uiSset.
1797 2558 1860 2584 Post

1060 2605 1129 2631 lianc
1159 2609 1247 2630 autem
1281 2604 1424 2638 synodum,
1446 2607 1473 2629 et
1499 2603 1678 2636 cotttpositunt
1713 2610 1762 2637 per
1801 2610 1859 2630 eam

1059 2651 1189 2682 scltisnta,
1215 2649 1373 2683 redditaque
1397 2649 1522 2675 Ecclesiae
1545 2647 1677 2675 Ot'ientali
1704 2651 1859 2683 tranquilla

1061 2702 1126 2728 tate,
1157 2696 1348 2730 Theophanem
1377 2696 1410 2722 ad
1435 2695 1633 2729 archicpiscnpi
1661 2696 1758 2722 sedem
1778 2695 1858 2722 [ms-1

1061 2747 1226 2777 promotum,
1243 2746 1271 2768 ut
1285 2741 1361 2768 initio
1378 2741 1433 2767 dixi
1453 2741 1517 2767 mihi
1532 2746 1637 2767 certum
1660 2747 1791 2775 apparet.

1099 2807 1112 2841 ᾗ
1133 2806 1200 2833 Vlll.
1220 2806 1449 2840 Peregrinationes
1471 2814 1486 2832 a
1507 2805 1660 2838 Theophane
1685 2812 1831 2838 suscepur.

1099 2875 1242 2909 Reliquum
1258 2874 1314 2909 jam
1329 2879 1380 2907 est,
1399 2879 1427 2900 ut
1441 2882 1501 2908 qua:
1515 2873 1549 2901 dc
1564 2874 1646 2900 rebus
1665 2881 1681 2899 a
1696 2873 1856 2907 Theophani
