  <div class='ocr_page' id='page_1' title='image "/cluster/home/n/w/nwhite01/storage/ocr_20150623/132/njp.32101077773081/065.png"; bbox 0 0 1874 3055; ppageno 0'>
   <div class='ocr_carea' id='block_1_1' title="bbox 194 132 244 164">
    <p class='ocr_par' dir='ltr' id='par_1_1' title="bbox 194 132 244 164">
     <span class='ocr_line' id='line_1_1' title="bbox 194 132 244 164; baseline 0 0"><span class='ocrx_word' id='word_1_1' title='bbox 194 132 244 164; x_wconf 79' lang='grc'><strong>115</strong></span> 
     </span>
    </p>
   </div>
   <div class='ocr_carea' id='block_1_2' title="bbox 190 190 974 226">
    <p class='ocr_par' dir='ltr' id='par_1_2' title="bbox 190 190 974 226">
     <span class='ocr_line' id='line_1_2' title="bbox 190 190 974 226; baseline 0.001 -9"><span class='ocrx_word' id='word_1_2' title='bbox 190 190 290 217; x_wconf 72' lang='lat' dir='ltr'><strong>videam</strong></span> <span class='ocrx_word' id='word_1_3' title='bbox 311 190 383 218; x_wconf 68' lang='lat' dir='ltr'><strong>:setl</strong></span> <span class='ocrx_word' id='word_1_4' title='bbox 417 191 496 218; x_wconf 90' lang='lat' dir='ltr'><strong>et&#39;am</strong></span> <span class='ocrx_word' id='word_1_5' title='bbox 532 196 631 218; x_wconf 69' lang='lat' dir='ltr'><strong>reterns</strong></span> <span class='ocrx_word' id='word_1_6' title='bbox 659 191 794 226; x_wconf 69' lang='lat' dir='ltr'><strong>Sapit-mia</strong></span> <span class='ocrx_word' id='word_1_7' title='bbox 823 192 974 219; x_wconf 76' lang='lat' dir='ltr'><strong>Pltnrissrns</strong></span> 
     </span>
    </p>
   </div>
   <div class='ocr_carea' id='block_1_3' title="bbox 192 236 972 271">
    <p class='ocr_par' dir='ltr' id='par_1_3' title="bbox 192 236 972 271">
     <span class='ocr_line' id='line_1_3' title="bbox 192 236 972 271; baseline -0.001 -9"><span class='ocrx_word' id='word_1_8' title='bbox 192 237 405 270; x_wconf 68' lang='lat' dir='ltr'><strong>reprehendens,</strong></span> <span class='ocrx_word' id='word_1_9' title='bbox 422 236 558 268; x_wconf 82' lang='lat' dir='ltr'><strong>Quomodo</strong></span> <span class='ocrx_word' id='word_1_10' title='bbox 575 245 618 263; x_wconf 76' lang='lat' dir='ltr'><strong>res</strong></span> <span class='ocrx_word' id='word_1_11' title='bbox 649 239 756 271; x_wconf 68' lang='lat' dir='ltr'><strong>potestis</strong></span> <span class='ocrx_word' id='word_1_12' title='bbox 786 238 852 263; x_wconf 87' lang='lat' dir='ltr'><strong>bona</strong></span> <span class='ocrx_word' id='word_1_13' title='bbox 888 237 972 270; x_wconf 82' lang='lat' dir='ltr'><strong>loqui,</strong></span> 
     </span>
    </p>
   </div>
   <div class='ocr_carea' id='block_1_4' title="bbox 190 283 974 312">
    <p class='ocr_par' dir='ltr' id='par_1_4' title="bbox 190 283 974 312">
     <span class='ocr_line' id='line_1_4' title="bbox 190 283 974 312; baseline 0.001 -2"><span class='ocrx_word' id='word_1_14' title='bbox 190 291 248 310; x_wconf 79' lang='lat' dir='ltr'><strong>cum</strong></span> <span class='ocrx_word' id='word_1_15' title='bbox 264 283 321 309; x_wconf 58' lang='lat' dir='ltr'><strong>siris</strong></span> <span class='ocrx_word' id='word_1_16' title='bbox 332 283 418 310; x_wconf 84' lang='lat' dir='ltr'><strong>ntali?</strong></span> <span class='ocrx_word' id='word_1_17' title='bbox 442 283 526 310; x_wconf 76' lang='lat' dir='ltr'><strong>llumo</strong></span> <span class='ocrx_word' id='word_1_18' title='bbox 542 284 572 310; x_wconf 82' lang='lat' dir='ltr'><strong>dc</strong></span> <span class='ocrx_word' id='word_1_19' title='bbox 589 286 653 311; x_wconf 86' lang='lat' dir='ltr'><strong>bona</strong></span> <span class='ocrx_word' id='word_1_20' title='bbox 677 285 798 311; x_wconf 73' lang='lat' dir='ltr'><strong>thesauro</strong></span> <span class='ocrx_word' id='word_1_21' title='bbox 821 284 907 311; x_wconf 87' lang='lat' dir='ltr'><strong>cordis</strong></span> <span class='ocrx_word' id='word_1_22' title='bbox 933 286 974 312; x_wconf 80' lang='lat' dir='ltr'><strong>sui</strong></span> 
     </span>
    </p>
   </div>
   <div class='ocr_carea' id='block_1_5' title="bbox 189 331 974 365">
    <p class='ocr_par' dir='ltr' id='par_1_5' title="bbox 189 331 974 365">
     <span class='ocr_line' id='line_1_5' title="bbox 189 331 974 365; baseline 0.001 -8"><span class='ocrx_word' id='word_1_23' title='bbox 189 331 290 365; x_wconf 77' lang='lat' dir='ltr'><strong>profert</strong></span> <span class='ocrx_word' id='word_1_24' title='bbox 307 331 385 362; x_wconf 86' lang='lat' dir='ltr'><strong>bona,</strong></span> <span class='ocrx_word' id='word_1_25' title='bbox 401 335 425 357; x_wconf 81' lang='lat' dir='ltr'><strong>ct</strong></span> <span class='ocrx_word' id='word_1_26' title='bbox 444 331 530 358; x_wconf 84' lang='lat' dir='ltr'><strong>malus</strong></span> <span class='ocrx_word' id='word_1_27' title='bbox 551 332 627 357; x_wconf 89' lang='lat' dir='ltr'><strong>homo</strong></span> <span class='ocrx_word' id='word_1_28' title='bbox 645 331 676 358; x_wconf 87' lang='lat' dir='ltr'><strong>de</strong></span> <span class='ocrx_word' id='word_1_29' title='bbox 693 331 762 358; x_wconf 83' lang='lat' dir='ltr'><strong>male</strong></span> <span class='ocrx_word' id='word_1_30' title='bbox 775 332 897 358; x_wconf 75' lang='lat' dir='ltr'><strong>thesauro</strong></span> <span class='ocrx_word' id='word_1_31' title='bbox 914 340 974 364; x_wconf 87' lang='lat' dir='ltr'><strong>pro-</strong></span> 
     </span>
    </p>
   </div>
   <div class='ocr_carea' id='block_1_6' title="bbox 168 377 973 411">
    <p class='ocr_par' dir='ltr' id='par_1_6' title="bbox 168 377 973 411">
     <span class='ocr_line' id='line_1_6' title="bbox 168 377 973 411; baseline 0.001 -9"><span class='ocrx_word' id='word_1_32' title='bbox 168 396 174 402; x_wconf 90' lang='lat'><strong>.</strong></span> <span class='ocrx_word' id='word_1_33' title='bbox 191 377 242 410; x_wconf 77' lang='lat' dir='ltr'><strong>fert</strong></span> <span class='ocrx_word' id='word_1_34' title='bbox 263 377 358 409; x_wconf 73' lang='lat' dir='ltr'><strong>malit;</strong></span> <span class='ocrx_word' id='word_1_35' title='bbox 382 384 414 403; x_wconf 73' lang='lat' dir='ltr'><strong>ea:</strong></span> <span class='ocrx_word' id='word_1_36' title='bbox 432 377 596 403; x_wconf 74' lang='lat' dir='ltr'><strong>abundantia</strong></span> <span class='ocrx_word' id='word_1_37' title='bbox 611 377 678 403; x_wconf 87' lang='lat' dir='ltr'><strong>enim</strong></span> <span class='ocrx_word' id='word_1_38' title='bbox 697 378 783 403; x_wconf 78' lang='lat' dir='ltr'><strong>cordis</strong></span> <span class='ocrx_word' id='word_1_39' title='bbox 799 385 827 403; x_wconf 71' lang='lat' dir='ltr'><strong>os</strong></span> <span class='ocrx_word' id='word_1_40' title='bbox 848 377 973 411; x_wconf 81' lang='lat' dir='ltr'><strong>loquitur.</strong></span> 
     </span>
    </p>
   </div>
   <div class='ocr_carea' id='block_1_7' title="bbox 191 422 975 457">
    <p class='ocr_par' dir='ltr' id='par_1_7' title="bbox 191 422 975 457">
     <span class='ocr_line' id='line_1_7' title="bbox 191 422 975 457; baseline 0.003 -10"><span class='ocrx_word' id='word_1_41' title='bbox 191 422 268 455; x_wconf 88' lang='lat' dir='ltr'><strong>Quod</strong></span> <span class='ocrx_word' id='word_1_42' title='bbox 286 423 320 449; x_wconf 86' lang='lat' dir='ltr'><strong>ita</strong></span> <span class='ocrx_word' id='word_1_43' title='bbox 338 430 352 449; x_wconf 89' lang='lat' dir='ltr'><strong>a</strong></span> <span class='ocrx_word' id='word_1_44' title='bbox 369 422 479 450; x_wconf 85' lang='lat' dir='ltr'><strong>Christo</strong></span> <span class='ocrx_word' id='word_1_45' title='bbox 495 423 597 449; x_wconf 65' lang='lat' dir='ltr'><strong>dictum</strong></span> <span class='ocrx_word' id='word_1_46' title='bbox 613 423 755 456; x_wconf 86' lang='lat' dir='ltr'><strong>accipitur,</strong></span> <span class='ocrx_word' id='word_1_47' title='bbox 771 428 799 449; x_wconf 90' lang='lat' dir='ltr'><strong>ut</strong></span> <span class='ocrx_word' id='word_1_48' title='bbox 816 422 975 457; x_wconf 84' lang='lat' dir='ltr'><strong>plerumque</strong></span> 
     </span>
    </p>
   </div>
   <div class='ocr_carea' id='block_1_8' title="bbox 192 468 975 502">
    <p class='ocr_par' dir='ltr' id='par_1_8' title="bbox 192 468 975 502">
     <span class='ocr_line' id='line_1_8' title="bbox 192 468 975 502; baseline 0 -8"><span class='ocrx_word' id='word_1_49' title='bbox 192 469 227 494; x_wconf 84' lang='lat' dir='ltr'><strong>ita</strong></span> <span class='ocrx_word' id='word_1_50' title='bbox 246 469 405 500; x_wconf 85' lang='lat' dir='ltr'><strong>nsnveniat;</strong></span> <span class='ocrx_word' id='word_1_51' title='bbox 424 474 449 495; x_wconf 88' lang='lat' dir='ltr'><strong>ct</strong></span> <span class='ocrx_word' id='word_1_52' title='bbox 467 468 631 502; x_wconf 65' lang='lat' dir='ltr'><strong>experientia</strong></span> <span class='ocrx_word' id='word_1_53' title='bbox 650 469 753 500; x_wconf 84' lang='lat' dir='ltr'><strong>doceat,</strong></span> <span class='ocrx_word' id='word_1_54' title='bbox 769 476 821 495; x_wconf 93' lang='lat' dir='ltr'><strong>non</strong></span> <span class='ocrx_word' id='word_1_55' title='bbox 835 475 911 502; x_wconf 85' lang='lat' dir='ltr'><strong>posse</strong></span> <span class='ocrx_word' id='word_1_56' title='bbox 921 472 975 494; x_wconf 90' lang='lat' dir='ltr'><strong>tam</strong></span> 
     </span>
    </p>
   </div>
   <div class='ocr_carea' id='block_1_9' title="bbox 191 515 975 550">
    <p class='ocr_par' dir='ltr' id='par_1_9' title="bbox 191 515 975 550">
     <span class='ocr_line' id='line_1_9' title="bbox 191 515 975 550; baseline 0 -10"><span class='ocrx_word' id='word_1_57' title='bbox 191 516 235 542; x_wconf 87' lang='lat' dir='ltr'><strong>diu</strong></span> <span class='ocrx_word' id='word_1_58' title='bbox 251 516 369 550; x_wconf 75' lang='lat' dir='ltr'><strong>aliquem</strong></span> <span class='ocrx_word' id='word_1_59' title='bbox 384 515 418 542; x_wconf 85' lang='lat' dir='ltr'><strong>ita</strong></span> <span class='ocrx_word' id='word_1_60' title='bbox 431 517 532 542; x_wconf 79' lang='lat' dir='ltr'><strong>vultum</strong></span> <span class='ocrx_word' id='word_1_61' title='bbox 549 519 575 541; x_wconf 84' lang='lat' dir='ltr'><strong>et</strong></span> <span class='ocrx_word' id='word_1_62' title='bbox 589 515 740 542; x_wconf 84' lang='lat' dir='ltr'><strong>orationem</strong></span> <span class='ocrx_word' id='word_1_63' title='bbox 759 515 870 550; x_wconf 74' lang='lat' dir='ltr'><strong>lingere,</strong></span> <span class='ocrx_word' id='word_1_64' title='bbox 882 518 911 541; x_wconf 92' lang='lat' dir='ltr'><strong>ut</strong></span> <span class='ocrx_word' id='word_1_65' title='bbox 923 521 975 540; x_wconf 92' lang='lat' dir='ltr'><strong>non</strong></span> 
     </span>
    </p>
   </div>
   <div class='ocr_carea' id='block_1_10' title="bbox 191 561 975 597">
    <p class='ocr_par' dir='ltr' id='par_1_10' title="bbox 191 561 975 597">
     <span class='ocr_line' id='line_1_10' title="bbox 191 561 975 597; baseline -0.003 -8"><span class='ocrx_word' id='word_1_66' title='bbox 191 563 218 589; x_wconf 93' lang='lat' dir='ltr'><strong>in</strong></span> <span class='ocrx_word' id='word_1_67' title='bbox 237 562 327 597; x_wconf 87' lang='lat' dir='ltr'><strong>aliquo</strong></span> <span class='ocrx_word' id='word_1_68' title='bbox 349 562 455 588; x_wconf 78' lang='lat' dir='ltr'><strong>obtecta</strong></span> <span class='ocrx_word' id='word_1_69' title='bbox 489 561 590 588; x_wconf 89' lang='lat' dir='ltr'><strong>malitia</strong></span> <span class='ocrx_word' id='word_1_70' title='bbox 618 561 846 596; x_wconf 83' lang='lat' dir='ltr'><strong>deprehendatur,</strong></span> <span class='ocrx_word' id='word_1_71' title='bbox 872 566 902 588; x_wconf 85' lang='grc' dir='ltr'><strong>ιιι</strong></span> <span class='ocrx_word' id='word_1_72' title='bbox 923 568 975 587; x_wconf 90' lang='lat' dir='ltr'><strong>non</strong></span> 
     </span>
    </p>
   </div>
   <div class='ocr_carea' id='block_1_11' title="bbox 191 605 975 640">
    <p class='ocr_par' dir='ltr' id='par_1_11' title="bbox 191 605 975 640">
     <span class='ocr_line' id='line_1_11' title="bbox 191 605 975 640; baseline 0 -8"><span class='ocrx_word' id='word_1_73' title='bbox 191 615 322 634; x_wconf 86' lang='lat' dir='ltr'><strong>venenum</strong></span> <span class='ocrx_word' id='word_1_74' title='bbox 343 607 451 634; x_wconf 85' lang='lat' dir='ltr'><strong>tandem</strong></span> <span class='ocrx_word' id='word_1_75' title='bbox 470 607 495 633; x_wconf 93' lang='lat' dir='ltr'><strong>in</strong></span> <span class='ocrx_word' id='word_1_76' title='bbox 522 607 576 633; x_wconf 91' lang='lat' dir='ltr'><strong>imo</strong></span> <span class='ocrx_word' id='word_1_77' title='bbox 591 607 714 634; x_wconf 82' lang='lat' dir='ltr'><strong>residens</strong></span> <span class='ocrx_word' id='word_1_78' title='bbox 737 610 854 633; x_wconf 86' lang='lat' dir='ltr'><strong>evomat.</strong></span> <span class='ocrx_word' id='word_1_79' title='bbox 880 605 975 640; x_wconf 88' lang='lat' dir='ltr'><strong>Itaque</strong></span> 
     </span>
    </p>
   </div>
   <div class='ocr_carea' id='block_1_12' title="bbox 191 651 976 687">
    <p class='ocr_par' dir='ltr' id='par_1_12' title="bbox 191 651 976 687">
     <span class='ocr_line' id='line_1_12' title="bbox 191 651 976 687; baseline -0.001 -7"><span class='ocrx_word' id='word_1_80' title='bbox 191 661 252 680; x_wconf 90' lang='lat' dir='ltr'><strong>cum</strong></span> <span class='ocrx_word' id='word_1_81' title='bbox 269 654 296 680; x_wconf 94' lang='lat' dir='ltr'><strong>in</strong></span> <span class='ocrx_word' id='word_1_82' title='bbox 315 653 356 680; x_wconf 83' lang='lat' dir='ltr'><strong>his</strong></span> <span class='ocrx_word' id='word_1_83' title='bbox 380 652 553 680; x_wconf 80' lang='lat' dir='ltr'><strong>sermOuibus</strong></span> <span class='ocrx_word' id='word_1_84' title='bbox 570 651 743 687; x_wconf 81' lang='lat' dir='ltr'><strong>Theophanis</strong></span> <span class='ocrx_word' id='word_1_85' title='bbox 758 652 881 680; x_wconf 87' lang='lat' dir='ltr'><strong>Ceramei</strong></span> <span class='ocrx_word' id='word_1_86' title='bbox 908 652 976 680; x_wconf 89' lang='lat' dir='ltr'><strong>nihil</strong></span> 
     </span>
    </p>
   </div>
   <div class='ocr_carea' id='block_1_13' title="bbox 191 699 976 735">
    <p class='ocr_par' dir='ltr' id='par_1_13' title="bbox 191 699 976 735">
     <span class='ocr_line' id='line_1_13' title="bbox 191 699 976 735; baseline -0.001 -9"><span class='ocrx_word' id='word_1_87' title='bbox 191 700 266 727; x_wconf 89' lang='lat' dir='ltr'><strong>illum</strong></span> <span class='ocrx_word' id='word_1_88' title='bbox 281 707 362 735; x_wconf 77' lang='lat' dir='ltr'><strong>agere</strong></span> <span class='ocrx_word' id='word_1_89' title='bbox 382 699 466 732; x_wconf 80' lang='lat' dir='ltr'><strong>aliud,</strong></span> <span class='ocrx_word' id='word_1_90' title='bbox 483 699 549 726; x_wconf 84' lang='lat' dir='ltr'><strong>nihil</strong></span> <span class='ocrx_word' id='word_1_91' title='bbox 566 699 676 726; x_wconf 86' lang='lat' dir='ltr'><strong>studere</strong></span> <span class='ocrx_word' id='word_1_92' title='bbox 694 699 810 732; x_wconf 81' lang='lat' dir='ltr'><strong>videam,</strong></span> <span class='ocrx_word' id='word_1_93' title='bbox 827 706 908 734; x_wconf 83' lang='lat' dir='ltr'><strong>quam</strong></span> <span class='ocrx_word' id='word_1_94' title='bbox 927 707 976 726; x_wconf 88' lang='lat' dir='ltr'><strong>au-</strong></span> 
     </span>
    </p>
   </div>
   <div class='ocr_carea' id='block_1_14' title="bbox 192 743 976 776">
    <p class='ocr_par' dir='ltr' id='par_1_14' title="bbox 192 743 976 776">
     <span class='ocr_line' id='line_1_14' title="bbox 192 743 976 776; baseline -0.003 -4"><span class='ocrx_word' id='word_1_95' title='bbox 192 745 297 772; x_wconf 89' lang='lat' dir='ltr'><strong>ditores</strong></span> <span class='ocrx_word' id='word_1_96' title='bbox 320 752 384 771; x_wconf 88' lang='lat' dir='ltr'><strong>suos</strong></span> <span class='ocrx_word' id='word_1_97' title='bbox 398 744 431 772; x_wconf 91' lang='lat' dir='ltr'><strong>ad</strong></span> <span class='ocrx_word' id='word_1_98' title='bbox 449 745 576 771; x_wconf 81' lang='lat' dir='ltr'><strong>virtutem</strong></span> <span class='ocrx_word' id='word_1_99' title='bbox 601 743 750 770; x_wconf 76' lang='lat' dir='ltr'><strong>informare</strong></span> <span class='ocrx_word' id='word_1_100' title='bbox 770 748 797 771; x_wconf 83' lang='lat' dir='ltr'><strong>et</strong></span> <span class='ocrx_word' id='word_1_101' title='bbox 813 744 976 776; x_wconf 81' lang='lat' dir='ltr'><strong>incendere;</strong></span> 
     </span>
    </p>
   </div>
   <div class='ocr_carea' id='block_1_15' title="bbox 191 781 977 824">
    <p class='ocr_par' dir='ltr' id='par_1_15' title="bbox 191 781 977 824">
     <span class='ocr_line' id='line_1_15' title="bbox 191 781 977 824; baseline -0.005 -6"><span class='ocrx_word' id='word_1_102' title='bbox 191 799 253 818; x_wconf 80' lang='lat' dir='ltr'><strong>eum</strong></span> <span class='ocrx_word' id='word_1_103' title='bbox 281 797 389 817; x_wconf 78' lang='lat' dir='ltr'><strong>Omnem</strong></span> <span class='ocrx_word' id='word_1_104' title='bbox 411 790 619 824; x_wconf 77' lang='lat' dir='ltr'><strong>explicationem</strong></span> <span class='ocrx_word' id='word_1_105' title='bbox 637 789 775 823; x_wconf 74' lang='lat' dir='ltr'><strong>Evangelii</strong></span> <span class='ocrx_word' id='word_1_106' title='bbox 796 789 829 815; x_wconf 86' lang='lat' dir='ltr'><strong>ad</strong></span> <span class='ocrx_word' id='word_1_107' title='bbox 849 781 977 815; x_wconf 81' lang='lat' dir='ltr'><strong>virtutum</strong></span> 
     </span>
    </p>
   </div>
   <div class='ocr_carea' id='block_1_16' title="bbox 192 835 976 870">
    <p class='ocr_par' dir='ltr' id='par_1_16' title="bbox 192 835 976 870">
     <span class='ocr_line' id='line_1_16' title="bbox 192 835 976 870; baseline -0.004 -6"><span class='ocrx_word' id='word_1_108' title='bbox 192 836 415 864; x_wconf 71' lang='lat' dir='ltr'><strong>exercitationem</strong></span> <span class='ocrx_word' id='word_1_109' title='bbox 442 836 641 870; x_wconf 86' lang='lat' dir='ltr'><strong>utilitatemque</strong></span> <span class='ocrx_word' id='word_1_110' title='bbox 655 836 809 862; x_wconf 89' lang='lat' dir='ltr'><strong>auditorum</strong></span> <span class='ocrx_word' id='word_1_111' title='bbox 838 835 871 862; x_wconf 90' lang='lat' dir='ltr'><strong>de</strong></span> <span class='ocrx_word' id='word_1_112' title='bbox 894 835 976 862; x_wconf 88' lang='lat' dir='ltr'><strong>indu-</strong></span> 
     </span>
    </p>
   </div>
   <div class='ocr_carea' id='block_1_17' title="bbox 195 881 978 916">
    <p class='ocr_par' dir='ltr' id='par_1_17' title="bbox 195 881 978 916">
     <span class='ocr_line' id='line_1_17' title="bbox 195 881 978 916; baseline -0.004 -5"><span class='ocrx_word' id='word_1_113' title='bbox 195 885 262 911; x_wconf 83' lang='lat' dir='ltr'><strong>stria</strong></span> <span class='ocrx_word' id='word_1_114' title='bbox 278 883 438 911; x_wconf 83' lang='lat' dir='ltr'><strong>conferatct</strong></span> <span class='ocrx_word' id='word_1_115' title='bbox 454 883 648 914; x_wconf 81' lang='lat' dir='ltr'><strong>accommodet,</strong></span> <span class='ocrx_word' id='word_1_116' title='bbox 665 882 784 916; x_wconf 78' lang='lat' dir='ltr'><strong>nihilque</strong></span> <span class='ocrx_word' id='word_1_117' title='bbox 797 883 832 909; x_wconf 89' lang='lat' dir='ltr'><strong>sit</strong></span> <span class='ocrx_word' id='word_1_118' title='bbox 849 881 978 909; x_wconf 63' lang='lat' dir='ltr'><strong>doctrinae</strong></span> 
     </span>
    </p>
   </div>
   <div class='ocr_carea' id='block_1_18' title="bbox 194 926 977 964">
    <p class='ocr_par' dir='ltr' id='par_1_18' title="bbox 194 926 977 964">
     <span class='ocr_line' id='line_1_18' title="bbox 194 926 977 964; baseline -0.005 -8"><span class='ocrx_word' id='word_1_119' title='bbox 194 930 305 957; x_wconf 85' lang='lat' dir='ltr'><strong>moralis</strong></span> <span class='ocrx_word' id='word_1_120' title='bbox 319 929 388 964; x_wconf 90' lang='lat' dir='ltr'><strong>quod</strong></span> <span class='ocrx_word' id='word_1_121' title='bbox 408 936 460 956; x_wconf 87' lang='lat' dir='ltr'><strong>non</strong></span> <span class='ocrx_word' id='word_1_122' title='bbox 482 936 630 956; x_wconf 87' lang='lat' dir='ltr'><strong>consonum</strong></span> <span class='ocrx_word' id='word_1_123' title='bbox 653 928 783 955; x_wconf 71' lang='lat' dir='ltr'><strong>doctrinm</strong></span> <span class='ocrx_word' id='word_1_124' title='bbox 804 926 977 959; x_wconf 85' lang='lat' dir='ltr'><strong>moribusque</strong></span> 
     </span>
    </p>
   </div>
   <div class='ocr_carea' id='block_1_19' title="bbox 191 972 978 1008">
    <p class='ocr_par' dir='ltr' id='par_1_19' title="bbox 191 972 978 1008">
     <span class='ocr_line' id='line_1_19' title="bbox 191 972 978 1008; baseline -0.008 -5"><span class='ocrx_word' id='word_1_125' title='bbox 191 979 350 1004; x_wconf 73' lang='lat' dir='ltr'><strong>sanctorum</strong></span> <span class='ocrx_word' id='word_1_126' title='bbox 365 975 487 1008; x_wconf 84' lang='lat' dir='ltr'><strong>Patrum,</strong></span> <span class='ocrx_word' id='word_1_127' title='bbox 504 974 569 1001; x_wconf 89' lang='lat' dir='ltr'><strong>nihil</strong></span> <span class='ocrx_word' id='word_1_128' title='bbox 582 974 652 1008; x_wconf 88' lang='lat' dir='ltr'><strong>quod</strong></span> <span class='ocrx_word' id='word_1_129' title='bbox 669 981 721 1001; x_wconf 87' lang='lat' dir='ltr'><strong>non</strong></span> <span class='ocrx_word' id='word_1_130' title='bbox 729 974 814 1000; x_wconf 87' lang='lat' dir='ltr'><strong>solum</strong></span> <span class='ocrx_word' id='word_1_131' title='bbox 825 972 886 998; x_wconf 80' lang='lat' dir='ltr'><strong>vitia</strong></span> <span class='ocrx_word' id='word_1_132' title='bbox 903 973 978 998; x_wconf 85' lang='lat' dir='ltr'><strong>dam-</strong></span> 
     </span>
    </p>
   </div>
   <div class='ocr_carea' id='block_1_20' title="bbox 192 1019 976 1056">
    <p class='ocr_par' dir='ltr' id='par_1_20' title="bbox 192 1019 976 1056">
     <span class='ocr_line' id='line_1_20' title="bbox 192 1019 976 1056; baseline -0.008 -8"><span class='ocrx_word' id='word_1_133' title='bbox 192 1027 237 1049; x_wconf 85' lang='lat' dir='ltr'><strong>net</strong></span> <span class='ocrx_word' id='word_1_134' title='bbox 251 1022 434 1056; x_wconf 82' lang='lat' dir='ltr'><strong>virtutemque</strong></span> <span class='ocrx_word' id='word_1_135' title='bbox 460 1020 645 1052; x_wconf 85' lang='lat' dir='ltr'><strong>commendet,</strong></span> <span class='ocrx_word' id='word_1_136' title='bbox 670 1021 717 1046; x_wconf 86' lang='lat' dir='ltr'><strong>sed</strong></span> <span class='ocrx_word' id='word_1_137' title='bbox 740 1019 822 1046; x_wconf 86' lang='lat' dir='ltr'><strong>etiam</strong></span> <span class='ocrx_word' id='word_1_138' title='bbox 841 1025 976 1045; x_wconf 88' lang='lat' dir='ltr'><strong>summum</strong></span> 
     </span>
    </p>
   </div>
   <div class='ocr_carea' id='block_1_21' title="bbox 191 1066 975 1104">
    <p class='ocr_par' dir='ltr' id='par_1_21' title="bbox 191 1066 975 1104">
     <span class='ocr_line' id='line_1_21' title="bbox 191 1066 975 1104; baseline -0.011 -8"><span class='ocrx_word' id='word_1_139' title='bbox 191 1068 320 1104; x_wconf 61' lang='lat' dir='ltr'><strong>perfecta:</strong></span> <span class='ocrx_word' id='word_1_140' title='bbox 332 1067 442 1094; x_wconf 82' lang='lat' dir='ltr'><strong>virtutis</strong></span> <span class='ocrx_word' id='word_1_141' title='bbox 456 1067 558 1101; x_wconf 83' lang='lat' dir='ltr'><strong>apicem</strong></span> <span class='ocrx_word' id='word_1_142' title='bbox 576 1069 692 1100; x_wconf 83' lang='lat' dir='ltr'><strong>spectet,</strong></span> <span class='ocrx_word' id='word_1_143' title='bbox 710 1066 791 1100; x_wconf 89' lang='lat' dir='ltr'><strong>idque</strong></span> <span class='ocrx_word' id='word_1_144' title='bbox 805 1071 902 1099; x_wconf 73' lang='lat' dir='ltr'><strong>magno</strong></span> <span class='ocrx_word' id='word_1_145' title='bbox 915 1069 975 1088; x_wconf 92' lang='lat' dir='ltr'><strong>cum</strong></span> 
     </span>
    </p>
   </div>
   <div class='ocr_carea' id='block_1_22' title="bbox 194 1107 978 1145">
    <p class='ocr_par' dir='ltr' id='par_1_22' title="bbox 194 1107 978 1145">
     <span class='ocr_line' id='line_1_22' title="bbox 194 1107 978 1145; baseline -0.008 -6"><span class='ocrx_word' id='word_1_146' title='bbox 194 1113 272 1139; x_wconf 84' lang='lat' dir='ltr'><strong>animi</strong></span> <span class='ocrx_word' id='word_1_147' title='bbox 287 1113 386 1144; x_wconf 89' lang='lat' dir='ltr'><strong>studio,</strong></span> <span class='ocrx_word' id='word_1_148' title='bbox 402 1119 481 1139; x_wconf 86' lang='lat' dir='ltr'><strong>sensu</strong></span> <span class='ocrx_word' id='word_1_149' title='bbox 498 1116 580 1145; x_wconf 86' lang='lat' dir='ltr'><strong>atque</strong></span> <span class='ocrx_word' id='word_1_150' title='bbox 594 1111 689 1137; x_wconf 89' lang='lat' dir='ltr'><strong>ardore</strong></span> <span class='ocrx_word' id='word_1_151' title='bbox 700 1111 798 1145; x_wconf 73' lang='lat' dir='ltr'><strong>smpius</strong></span> <span class='ocrx_word' id='word_1_152' title='bbox 813 1115 841 1136; x_wconf 88' lang='lat' dir='ltr'><strong>et</strong></span> <span class='ocrx_word' id='word_1_153' title='bbox 859 1107 978 1142; x_wconf 78' lang='lat' dir='ltr'><strong>graviter</strong></span> 
     </span>
    </p>
   </div>
   <div class='ocr_carea' id='block_1_23' title="bbox 191 1153 977 1189">
    <p class='ocr_par' dir='ltr' id='par_1_23' title="bbox 191 1153 977 1189">
     <span class='ocr_line' id='line_1_23' title="bbox 191 1153 977 1189; baseline -0.004 -6"><span class='ocrx_word' id='word_1_154' title='bbox 191 1157 352 1184; x_wconf 72' lang='lat' dir='ltr'><strong>iurulentum</strong></span> <span class='ocrx_word' id='word_1_155' title='bbox 380 1157 604 1188; x_wconf 80' lang='lat' dir='ltr'><strong>animadvertam,</strong></span> <span class='ocrx_word' id='word_1_156' title='bbox 630 1157 741 1184; x_wconf 84' lang='lat' dir='ltr'><strong>credere</strong></span> <span class='ocrx_word' id='word_1_157' title='bbox 766 1155 832 1182; x_wconf 92' lang='lat' dir='ltr'><strong>mihi</strong></span> <span class='ocrx_word' id='word_1_158' title='bbox 858 1153 977 1189; x_wconf 78' lang='lat' dir='ltr'><strong>profecto</strong></span> 
     </span>
    </p>
   </div>
   <div class='ocr_carea' id='block_1_24' title="bbox 189 1199 978 1234">
    <p class='ocr_par' dir='ltr' id='par_1_24' title="bbox 189 1199 978 1234">
     <span class='ocr_line' id='line_1_24' title="bbox 189 1199 978 1234; baseline -0.003 -6"><span class='ocrx_word' id='word_1_159' title='bbox 189 1202 263 1233; x_wconf 78' lang='lat' dir='ltr'><strong>licet,</strong></span> <span class='ocrx_word' id='word_1_160' title='bbox 282 1209 328 1229; x_wconf 90' lang='lat' dir='ltr'><strong>eas</strong></span> <span class='ocrx_word' id='word_1_161' title='bbox 340 1203 366 1229; x_wconf 90' lang='lat' dir='ltr'><strong>in</strong></span> <span class='ocrx_word' id='word_1_162' title='bbox 382 1209 410 1229; x_wconf 87' lang='lat' dir='ltr'><strong>se</strong></span> <span class='ocrx_word' id='word_1_163' title='bbox 421 1202 576 1229; x_wconf 56' lang='lat' dir='ltr'><strong>exercuisse</strong></span> <span class='ocrx_word' id='word_1_164' title='bbox 598 1203 723 1233; x_wconf 87' lang='lat' dir='ltr'><strong>virtutes,</strong></span> <span class='ocrx_word' id='word_1_165' title='bbox 750 1205 777 1228; x_wconf 88' lang='lat' dir='ltr'><strong>et</strong></span> <span class='ocrx_word' id='word_1_166' title='bbox 791 1199 886 1228; x_wconf 79' lang='lat' dir='ltr'><strong>fecisse</strong></span> <span class='ocrx_word' id='word_1_167' title='bbox 903 1200 978 1234; x_wconf 89' lang='lat' dir='ltr'><strong>prius</strong></span> 
     </span>
    </p>
   </div>
   <div class='ocr_carea' id='block_1_25' title="bbox 191 1247 976 1282">
    <p class='ocr_par' dir='ltr' id='par_1_25' title="bbox 191 1247 976 1282">
     <span class='ocr_line' id='line_1_25' title="bbox 191 1247 976 1282; baseline 0 -9"><span class='ocrx_word' id='word_1_168' title='bbox 191 1256 272 1282; x_wconf 76' lang='lat' dir='ltr'><strong>quam</strong></span> <span class='ocrx_word' id='word_1_169' title='bbox 297 1248 444 1282; x_wconf 87' lang='lat' dir='ltr'><strong>docuisse;</strong></span> <span class='ocrx_word' id='word_1_170' title='bbox 472 1253 499 1276; x_wconf 82' lang='lat' dir='ltr'><strong>et</strong></span> <span class='ocrx_word' id='word_1_171' title='bbox 521 1255 582 1276; x_wconf 89' lang='lat' dir='ltr'><strong>cum</strong></span> <span class='ocrx_word' id='word_1_172' title='bbox 600 1256 695 1276; x_wconf 88' lang='lat' dir='ltr'><strong>omnes</strong></span> <span class='ocrx_word' id='word_1_173' title='bbox 715 1247 832 1275; x_wconf 70' lang='lat' dir='ltr'><strong>humilia:</strong></span> <span class='ocrx_word' id='word_1_174' title='bbox 849 1247 976 1282; x_wconf 90' lang='lat' dir='ltr'><strong>pietatem</strong></span> 
     </span>
    </p>
   </div>
   <div class='ocr_carea' id='block_1_26' title="bbox 192 1291 976 1328">
    <p class='ocr_par' dir='ltr' id='par_1_26' title="bbox 192 1291 976 1328">
     <span class='ocr_line' id='line_1_26' title="bbox 192 1291 976 1328; baseline -0.003 -8"><span class='ocrx_word' id='word_1_175' title='bbox 192 1294 423 1328; x_wconf 77' lang='lat' dir='ltr'><strong>sanctitatemque</strong></span> <span class='ocrx_word' id='word_1_176' title='bbox 448 1292 633 1320; x_wconf 83' lang='lat' dir='ltr'><strong>Christianam</strong></span> <span class='ocrx_word' id='word_1_177' title='bbox 648 1298 674 1320; x_wconf 84' lang='lat' dir='ltr'><strong>et</strong></span> <span class='ocrx_word' id='word_1_178' title='bbox 689 1292 842 1326; x_wconf 76' lang='lat' dir='ltr'><strong>religiosam</strong></span> <span class='ocrx_word' id='word_1_179' title='bbox 861 1291 976 1326; x_wconf 83' lang='lat' dir='ltr'><strong>spirent,</strong></span> 
     </span>
    </p>
   </div>
   <div class='ocr_carea' id='block_1_27' title="bbox 190 1335 976 1373">
    <p class='ocr_par' dir='ltr' id='par_1_27' title="bbox 190 1335 976 1373">
     <span class='ocr_line' id='line_1_27' title="bbox 190 1335 976 1373; baseline -0.004 -8"><span class='ocrx_word' id='word_1_180' title='bbox 190 1339 264 1373; x_wconf 89' lang='lat' dir='ltr'><strong>pium</strong></span> <span class='ocrx_word' id='word_1_181' title='bbox 281 1338 372 1365; x_wconf 88' lang='lat' dir='ltr'><strong>itidem</strong></span> <span class='ocrx_word' id='word_1_182' title='bbox 390 1346 420 1366; x_wconf 89' lang='lat' dir='ltr'><strong>ac</strong></span> <span class='ocrx_word' id='word_1_183' title='bbox 436 1338 590 1372; x_wconf 80' lang='lat' dir='ltr'><strong>religiosum</strong></span> <span class='ocrx_word' id='word_1_184' title='bbox 607 1345 666 1365; x_wconf 88' lang='lat' dir='ltr'><strong>eum</strong></span> <span class='ocrx_word' id='word_1_185' title='bbox 691 1337 774 1364; x_wconf 80' lang='lat' dir='ltr'><strong>fuisse</strong></span> <span class='ocrx_word' id='word_1_186' title='bbox 793 1337 892 1362; x_wconf 84' lang='lat' dir='ltr'><strong>virum.</strong></span> <span class='ocrx_word' id='word_1_187' title='bbox 922 1335 976 1362; x_wconf 89' lang='lat' dir='ltr'><strong>Sed</strong></span> 
     </span>
    </p>
   </div>
   <div class='ocr_carea' id='block_1_28' title="bbox 190 1380 976 1417">
    <p class='ocr_par' dir='ltr' id='par_1_28' title="bbox 190 1380 976 1417">
     <span class='ocr_line' id='line_1_28' title="bbox 190 1380 976 1417; baseline -0.005 -7"><span class='ocrx_word' id='word_1_188' title='bbox 190 1391 252 1410; x_wconf 85' lang='lat' dir='ltr'><strong>cum</strong></span> <span class='ocrx_word' id='word_1_189' title='bbox 276 1384 311 1410; x_wconf 81' lang='lat' dir='ltr'><strong>de</strong></span> <span class='ocrx_word' id='word_1_190' title='bbox 335 1384 408 1410; x_wconf 90' lang='lat' dir='ltr'><strong>omni</strong></span> <span class='ocrx_word' id='word_1_191' title='bbox 435 1383 563 1410; x_wconf 79' lang='lat' dir='ltr'><strong>virtutum</strong></span> <span class='ocrx_word' id='word_1_192' title='bbox 583 1389 680 1417; x_wconf 76' lang='lat' dir='ltr'><strong>genere</strong></span> <span class='ocrx_word' id='word_1_193' title='bbox 707 1382 733 1408; x_wconf 91' lang='lat' dir='ltr'><strong>id</strong></span> <span class='ocrx_word' id='word_1_194' title='bbox 764 1381 820 1408; x_wconf 76' lang='lat' dir='ltr'><strong>fieri</strong></span> <span class='ocrx_word' id='word_1_195' title='bbox 845 1380 976 1414; x_wconf 85' lang='lat' dir='ltr'><strong>judicium</strong></span> 
     </span>
    </p>
   </div>
   <div class='ocr_carea' id='block_1_29' title="bbox 191 1427 976 1462">
    <p class='ocr_par' dir='ltr' id='par_1_29' title="bbox 191 1427 976 1462">
     <span class='ocr_line' id='line_1_29' title="bbox 191 1427 976 1462; baseline -0.006 -7"><span class='ocrx_word' id='word_1_196' title='bbox 191 1429 281 1462; x_wconf 87' lang='lat' dir='ltr'><strong>liceat,</strong></span> <span class='ocrx_word' id='word_1_197' title='bbox 299 1435 371 1456; x_wconf 89' lang='lat' dir='ltr'><strong>certe</strong></span> <span class='ocrx_word' id='word_1_198' title='bbox 387 1429 419 1456; x_wconf 91' lang='lat' dir='ltr'><strong>de</strong></span> <span class='ocrx_word' id='word_1_199' title='bbox 432 1428 592 1460; x_wconf 86' lang='lat' dir='ltr'><strong>humilitate,</strong></span> <span class='ocrx_word' id='word_1_200' title='bbox 605 1434 664 1462; x_wconf 68' lang='lat' dir='ltr'><strong>qua:</strong></span> <span class='ocrx_word' id='word_1_201' title='bbox 679 1427 795 1453; x_wconf 78' lang='lat' dir='ltr'><strong>maxime</strong></span> <span class='ocrx_word' id='word_1_202' title='bbox 810 1431 851 1453; x_wconf 84' lang='lat' dir='ltr'><strong>est</strong></span> <span class='ocrx_word' id='word_1_203' title='bbox 867 1434 976 1460; x_wconf 67' lang='grc' dir='ltr'><strong>χριστο·</strong></span> 
     </span>
    </p>
   </div>
   <div class='ocr_carea' id='block_1_30' title="bbox 192 1473 978 1510">
    <p class='ocr_par' dir='ltr' id='par_1_30' title="bbox 192 1473 978 1510">
     <span class='ocr_line' id='line_1_30' title="bbox 192 1473 978 1510; baseline -0.004 -10"><span class='ocrx_word' id='word_1_204' title='bbox 192 1475 323 1510; x_wconf 79' lang='grc' dir='ltr'><strong>μίμητος,</strong></span> <span class='ocrx_word' id='word_1_205' title='bbox 338 1479 366 1501; x_wconf 83' lang='grc' dir='ltr'><strong>ιιι</strong></span> <span class='ocrx_word' id='word_1_206' title='bbox 380 1474 500 1501; x_wconf 84' lang='lat' dir='ltr'><strong>auctoris</strong></span> <span class='ocrx_word' id='word_1_207' title='bbox 513 1473 593 1500; x_wconf 85' lang='lat' dir='ltr'><strong>etiam</strong></span> <span class='ocrx_word' id='word_1_208' title='bbox 610 1473 690 1500; x_wconf 82' lang='lat' dir='ltr'><strong>verbo</strong></span> <span class='ocrx_word' id='word_1_209' title='bbox 705 1479 776 1503; x_wconf 85' lang='lat' dir='ltr'><strong>utar,</strong></span> <span class='ocrx_word' id='word_1_210' title='bbox 791 1473 823 1498; x_wconf 89' lang='lat' dir='ltr'><strong>de</strong></span> <span class='ocrx_word' id='word_1_211' title='bbox 837 1476 978 1505; x_wconf 37' lang='lat' dir='ltr'><strong>contemp‘</strong></span> 
     </span>
    </p>
   </div>
   <div class='ocr_carea' id='block_1_31' title="bbox 193 1519 976 1554">
    <p class='ocr_par' dir='ltr' id='par_1_31' title="bbox 193 1519 976 1554">
     <span class='ocr_line' id='line_1_31' title="bbox 193 1519 976 1554; baseline -0.005 -8"><span class='ocrx_word' id='word_1_212' title='bbox 193 1520 264 1547; x_wconf 82' lang='lat' dir='ltr'><strong>tione</strong></span> <span class='ocrx_word' id='word_1_213' title='bbox 278 1520 444 1554; x_wconf 88' lang='lat' dir='ltr'><strong>voluptatum</strong></span> <span class='ocrx_word' id='word_1_214' title='bbox 463 1519 594 1554; x_wconf 84' lang='lat' dir='ltr'><strong>corporis,</strong></span> <span class='ocrx_word' id='word_1_215' title='bbox 612 1520 697 1554; x_wconf 81' lang='lat' dir='ltr'><strong>deque</strong></span> <span class='ocrx_word' id='word_1_216' title='bbox 712 1525 816 1546; x_wconf 87' lang='lat' dir='ltr'><strong>summa</strong></span> <span class='ocrx_word' id='word_1_217' title='bbox 835 1519 976 1551; x_wconf 79' lang='lat' dir='ltr'><strong>perturba—</strong></span> 
     </span>
    </p>
   </div>
   <div class='ocr_carea' id='block_1_32' title="bbox 192 1564 976 1600">
    <p class='ocr_par' dir='ltr' id='par_1_32' title="bbox 192 1564 976 1600">
     <span class='ocr_line' id='line_1_32' title="bbox 192 1564 976 1600; baseline -0.004 -7"><span class='ocrx_word' id='word_1_218' title='bbox 192 1567 293 1593; x_wconf 88' lang='lat' dir='ltr'><strong>tionum</strong></span> <span class='ocrx_word' id='word_1_219' title='bbox 309 1567 390 1593; x_wconf 89' lang='lat' dir='ltr'><strong>animi</strong></span> <span class='ocrx_word' id='word_1_220' title='bbox 407 1566 530 1598; x_wconf 78' lang='lat' dir='ltr'><strong>victoria,</strong></span> <span class='ocrx_word' id='word_1_221' title='bbox 545 1573 624 1600; x_wconf 84' lang='lat' dir='ltr'><strong>quam</strong></span> <span class='ocrx_word' id='word_1_222' title='bbox 641 1564 875 1592; x_wconf 84' lang='lat' dir='ltr'><strong>mortiﬁcationem</strong></span> <span class='ocrx_word' id='word_1_223' title='bbox 891 1564 976 1590; x_wconf 82' lang='lat' dir='ltr'><strong>sancti</strong></span> 
     </span>
    </p>
   </div>
   <div class='ocr_carea' id='block_1_33' title="bbox 191 1610 976 1647">
    <p class='ocr_par' dir='ltr' id='par_1_33' title="bbox 191 1610 976 1647">
     <span class='ocr_line' id='line_1_33' title="bbox 191 1610 976 1647; baseline -0.005 -8"><span class='ocrx_word' id='word_1_224' title='bbox 191 1617 297 1644; x_wconf 81' lang='lat' dir='ltr'><strong>vocant,</strong></span> <span class='ocrx_word' id='word_1_225' title='bbox 313 1617 341 1640; x_wconf 90' lang='lat' dir='ltr'><strong>et</strong></span> <span class='ocrx_word' id='word_1_226' title='bbox 358 1611 536 1647; x_wconf 81' lang='lat' dir='ltr'><strong>Theophanes</strong></span> <span class='ocrx_word' id='word_1_227' title='bbox 559 1612 595 1638; x_wconf 87' lang='lat' dir='ltr'><strong>uti</strong></span> <span class='ocrx_word' id='word_1_228' title='bbox 618 1611 752 1639; x_wconf 82' lang='lat' dir='ltr'><strong>Climacus</strong></span> <span class='ocrx_word' id='word_1_229' title='bbox 774 1610 906 1637; x_wconf 80' lang='grc' dir='ltr'><strong>ἀπάθειαν</strong></span> <span class='ocrx_word' id='word_1_230' title='bbox 924 1617 976 1636; x_wconf 88' lang='lat' dir='ltr'><strong>non</strong></span> 
     </span>
    </p>
   </div>
   <div class='ocr_carea' id='block_1_34' title="bbox 192 1655 977 1692">
    <p class='ocr_par' dir='ltr' id='par_1_34' title="bbox 192 1655 977 1692">
     <span class='ocr_line' id='line_1_34' title="bbox 192 1655 977 1692; baseline -0.003 -9"><span class='ocrx_word' id='word_1_231' title='bbox 192 1665 246 1684; x_wconf 90' lang='lat' dir='ltr'><strong>nuo</strong></span> <span class='ocrx_word' id='word_1_232' title='bbox 260 1659 318 1686; x_wconf 91' lang='lat' dir='ltr'><strong>loco</strong></span> <span class='ocrx_word' id='word_1_233' title='bbox 329 1658 456 1692; x_wconf 84' lang='lat' dir='ltr'><strong>appellat,</strong></span> <span class='ocrx_word' id='word_1_234' title='bbox 469 1658 586 1685; x_wconf 82' lang='lat' dir='ltr'><strong>maxima</strong></span> <span class='ocrx_word' id='word_1_235' title='bbox 602 1661 710 1685; x_wconf 74' lang='lat' dir='ltr'><strong>exstant</strong></span> <span class='ocrx_word' id='word_1_236' title='bbox 722 1657 835 1690; x_wconf 86' lang='lat' dir='ltr'><strong>judicia.</strong></span> <span class='ocrx_word' id='word_1_237' title='bbox 851 1655 930 1682; x_wconf 85' lang='lat' dir='ltr'><strong>llout.</strong></span> <span class='ocrx_word' id='word_1_238' title='bbox 945 1655 977 1682; x_wconf 84' lang='lat' dir='ltr'><strong>de</strong></span> 
     </span>
    </p>
   </div>
   <div class='ocr_carea' id='block_1_35' title="bbox 190 1701 974 1739">
    <p class='ocr_par' dir='ltr' id='par_1_35' title="bbox 190 1701 974 1739">
     <span class='ocr_line' id='line_1_35' title="bbox 190 1701 974 1739; baseline -0.001 -10"><span class='ocrx_word' id='word_1_239' title='bbox 190 1703 304 1731; x_wconf 79' lang='lat' dir='ltr'><strong>Zacha-o</strong></span> <span class='ocrx_word' id='word_1_240' title='bbox 322 1703 436 1739; x_wconf 86' lang='lat' dir='ltr'><strong>(homil.</strong></span> <span class='ocrx_word' id='word_1_241' title='bbox 451 1705 498 1738; x_wconf 82' lang='lat' dir='ltr'><strong>xv)</strong></span> <span class='ocrx_word' id='word_1_242' title='bbox 517 1704 556 1730; x_wconf 89' lang='lat' dir='ltr'><strong>sic</strong></span> <span class='ocrx_word' id='word_1_243' title='bbox 578 1703 750 1730; x_wconf 88' lang='lat' dir='ltr'><strong>conuueudat</strong></span> <span class='ocrx_word' id='word_1_244' title='bbox 770 1701 948 1729; x_wconf 77' lang='lat' dir='ltr'><strong>humilitatem</strong></span> <span class='ocrx_word' id='word_1_245' title='bbox 967 1710 974 1728; x_wconf 84' lang='lat'><strong>:</strong></span> 
     </span>
    </p>
   </div>
   <div class='ocr_carea' id='block_1_36' title="bbox 190 1749 975 1785">
    <p class='ocr_par' dir='ltr' id='par_1_36' title="bbox 190 1749 975 1785">
     <span class='ocr_line' id='line_1_36' title="bbox 190 1749 975 1785; baseline -0.003 -9"><span class='ocrx_word' id='word_1_246' title='bbox 190 1750 316 1783; x_wconf 60' lang='lat' dir='ltr'><strong>lac/tate,</strong></span> <span class='ocrx_word' id='word_1_247' title='bbox 340 1751 468 1785; x_wconf 75' lang='lat' dir='ltr'><strong>festinans</strong></span> <span class='ocrx_word' id='word_1_248' title='bbox 492 1750 625 1777; x_wconf 78' lang='lat' dir='ltr'><strong>descende.</strong></span> <span class='ocrx_word' id='word_1_249' title='bbox 650 1749 799 1784; x_wconf 81' lang='lat' dir='ltr'><strong>Anagagico</strong></span> <span class='ocrx_word' id='word_1_250' title='bbox 827 1757 903 1776; x_wconf 77' lang='lat' dir='ltr'><strong>sensu</strong></span> <span class='ocrx_word' id='word_1_251' title='bbox 929 1755 975 1774; x_wconf 86' lang='lat' dir='ltr'><strong>nos</strong></span> 
     </span>
    </p>
   </div>
   <div class='ocr_carea' id='block_1_37' title="bbox 190 1793 976 1827">
    <p class='ocr_par' dir='ltr' id='par_1_37' title="bbox 190 1793 976 1827">
     <span class='ocr_line' id='line_1_37' title="bbox 190 1793 976 1827; baseline -0.003 -7"><span class='ocrx_word' id='word_1_252' title='bbox 190 1796 264 1820; x_wconf 80' lang='lat' dir='ltr'><strong>docet</strong></span> <span class='ocrx_word' id='word_1_253' title='bbox 291 1794 413 1821; x_wconf 76' lang='lat' dir='ltr'><strong>Christus</strong></span> <span class='ocrx_word' id='word_1_254' title='bbox 441 1794 542 1820; x_wconf 89' lang='lat' dir='ltr'><strong>nullum</strong></span> <span class='ocrx_word' id='word_1_255' title='bbox 569 1793 643 1820; x_wconf 86' lang='lat' dir='ltr'><strong>aliud</strong></span> <span class='ocrx_word' id='word_1_256' title='bbox 667 1794 750 1827; x_wconf 89' lang='lat' dir='ltr'><strong>magis</strong></span> <span class='ocrx_word' id='word_1_257' title='bbox 777 1793 896 1818; x_wconf 78' lang='lat' dir='ltr'><strong>idoneum</strong></span> <span class='ocrx_word' id='word_1_258' title='bbox 922 1799 976 1818; x_wconf 76' lang='lat' dir='ltr'><strong>esse</strong></span> 
     </span>
    </p>
   </div>
   <div class='ocr_carea' id='block_1_38' title="bbox 190 1838 976 1874">
    <p class='ocr_par' dir='ltr' id='par_1_38' title="bbox 190 1838 976 1874">
     <span class='ocr_line' id='line_1_38' title="bbox 190 1838 976 1874; baseline -0.004 -8"><span class='ocrx_word' id='word_1_259' title='bbox 190 1841 331 1874; x_wconf 64' lang='lat' dir='ltr'><strong>paenitendi</strong></span> <span class='ocrx_word' id='word_1_260' title='bbox 353 1840 526 1874; x_wconf 77' lang='lat' dir='ltr'><strong>principium,</strong></span> <span class='ocrx_word' id='word_1_261' title='bbox 544 1848 621 1874; x_wconf 89' lang='lat' dir='ltr'><strong>quam</strong></span> <span class='ocrx_word' id='word_1_262' title='bbox 643 1840 804 1865; x_wconf 76' lang='lat' dir='ltr'><strong>descensum.</strong></span> <span class='ocrx_word' id='word_1_263' title='bbox 828 1838 890 1866; x_wconf 69' lang='lat' dir='ltr'><strong>Hmc</strong></span> <span class='ocrx_word' id='word_1_264' title='bbox 912 1845 976 1864; x_wconf 85' lang='lat' dir='ltr'><strong>vero</strong></span> 
     </span>
    </p>
   </div>
   <div class='ocr_carea' id='block_1_39' title="bbox 189 1884 977 1921">
    <p class='ocr_par' dir='ltr' id='par_1_39' title="bbox 189 1884 977 1921">
     <span class='ocr_line' id='line_1_39' title="bbox 189 1884 977 1921; baseline -0.005 -7"><span class='ocrx_word' id='word_1_265' title='bbox 189 1891 232 1914; x_wconf 87' lang='lat' dir='ltr'><strong>est</strong></span> <span class='ocrx_word' id='word_1_266' title='bbox 251 1887 268 1921; x_wconf 86' lang='grc' dir='ltr'><strong>ή</strong></span> <span class='ocrx_word' id='word_1_267' title='bbox 288 1886 411 1921; x_wconf 69' lang='grc' dir='ltr'><strong>μακαρία</strong></span> <span class='ocrx_word' id='word_1_268' title='bbox 426 1885 601 1917; x_wconf 78' lang='grc' dir='ltr'><strong>ταπείνωσις,</strong></span> <span class='ocrx_word' id='word_1_269' title='bbox 623 1885 699 1911; x_wconf 85' lang='lat' dir='ltr'><strong>beata</strong></span> <span class='ocrx_word' id='word_1_270' title='bbox 720 1884 767 1911; x_wconf 85' lang='lat' dir='ltr'><strong>illa</strong></span> <span class='ocrx_word' id='word_1_271' title='bbox 783 1884 929 1915; x_wconf 84' lang='lat' dir='ltr'><strong>humi/itas,</strong></span> <span class='ocrx_word' id='word_1_272' title='bbox 945 1891 977 1910; x_wconf 76' lang='lat' dir='ltr'><strong>ex</strong></span> 
     </span>
    </p>
   </div>
   <div class='ocr_carea' id='block_1_40' title="bbox 191 1930 975 1967">
    <p class='ocr_par' dir='ltr' id='par_1_40' title="bbox 191 1930 975 1967">
     <span class='ocr_line' id='line_1_40' title="bbox 191 1930 975 1967; baseline -0.004 -7"><span class='ocrx_word' id='word_1_273' title='bbox 191 1935 299 1961; x_wconf 74' lang='lat' dir='ltr'><strong>adverso</strong></span> <span class='ocrx_word' id='word_1_274' title='bbox 315 1933 413 1960; x_wconf 82' lang='lat' dir='ltr'><strong>diaboli</strong></span> <span class='ocrx_word' id='word_1_275' title='bbox 429 1933 557 1967; x_wconf 71' lang='lat' dir='ltr'><strong>superbiae</strong></span> <span class='ocrx_word' id='word_1_276' title='bbox 578 1933 707 1966; x_wconf 84' lang='lat' dir='ltr'><strong>opposita.</strong></span> <span class='ocrx_word' id='word_1_277' title='bbox 737 1930 780 1958; x_wconf 77' lang='lat' dir='ltr'><strong>Vis</strong></span> <span class='ocrx_word' id='word_1_278' title='bbox 799 1931 975 1966; x_wconf 81' lang='lat' dir='ltr'><strong>paenitentiam</strong></span> 
     </span>
    </p>
   </div>
   <div class='ocr_carea' id='block_1_41' title="bbox 191 1977 976 2014">
    <p class='ocr_par' dir='ltr' id='par_1_41' title="bbox 191 1977 976 2014">
     <span class='ocr_line' id='line_1_41' title="bbox 191 1977 976 2014; baseline -0.004 -9"><span class='ocrx_word' id='word_1_279' title='bbox 191 1980 322 2011; x_wconf 77' lang='lat' dir='ltr'><strong>auspicari</strong></span> <span class='ocrx_word' id='word_1_280' title='bbox 338 1987 347 2005; x_wconf 88' lang='lat'><strong>.&#39;</strong></span> <span class='ocrx_word' id='word_1_281' title='bbox 361 1980 558 2014; x_wconf 78' lang='lat' dir='ltr'><strong>funtlnmeutum</strong></span> <span class='ocrx_word' id='word_1_282' title='bbox 574 1983 597 2004; x_wconf 84' lang='lat' dir='ltr'><strong>et</strong></span> <span class='ocrx_word' id='word_1_283' title='bbox 617 1978 798 2004; x_wconf 70' lang='lat' dir='ltr'><strong>inconcussam</strong></span> <span class='ocrx_word' id='word_1_284' title='bbox 819 1977 976 2010; x_wconf 70' lang='lat' dir='ltr'><strong>pwnitcntiw</strong></span> 
     </span>
    </p>
   </div>
   <div class='ocr_carea' id='block_1_42' title="bbox 190 2023 975 2058">
    <p class='ocr_par' dir='ltr' id='par_1_42' title="bbox 190 2023 975 2058">
     <span class='ocr_line' id='line_1_42' title="bbox 190 2023 975 2058; baseline -0.005 -5"><span class='ocrx_word' id='word_1_285' title='bbox 190 2027 272 2053; x_wconf 86' lang='lat' dir='ltr'><strong>basim</strong></span> <span class='ocrx_word' id='word_1_286' title='bbox 291 2034 356 2058; x_wconf 75' lang='lat' dir='ltr'><strong>pone</strong></span> <span class='ocrx_word' id='word_1_287' title='bbox 371 2025 557 2052; x_wconf 78' lang='lat' dir='ltr'><strong>humilitatem.</strong></span> <span class='ocrx_word' id='word_1_288' title='bbox 573 2024 715 2056; x_wconf 74' lang='lat' dir='ltr'><strong>Descende,</strong></span> <span class='ocrx_word' id='word_1_289' title='bbox 731 2028 759 2050; x_wconf 87' lang='lat' dir='ltr'><strong>ut</strong></span> <span class='ocrx_word' id='word_1_290' title='bbox 774 2023 905 2050; x_wconf 79' lang='lat' dir='ltr'><strong>attallaris</strong></span> <span class='ocrx_word' id='word_1_291' title='bbox 924 2023 975 2049; x_wconf 79' lang='lat' dir='ltr'><strong>eir-</strong></span> 
     </span>
    </p>
   </div>
   <div class='ocr_carea' id='block_1_43' title="bbox 189 2070 971 2099">
    <p class='ocr_par' dir='ltr' id='par_1_43' title="bbox 189 2070 971 2099">
     <span class='ocr_line' id='line_1_43' title="bbox 189 2070 971 2099; baseline -0.005 -1"><span class='ocrx_word' id='word_1_292' title='bbox 189 2077 273 2098; x_wconf 86' lang='lat' dir='ltr'><strong>tutum</strong></span> <span class='ocrx_word' id='word_1_293' title='bbox 287 2072 336 2099; x_wconf 85' lang='lat' dir='ltr'><strong>alis</strong></span> <span class='ocrx_word' id='word_1_294' title='bbox 351 2072 462 2099; x_wconf 73' lang='lat' dir='ltr'><strong>levatus.</strong></span> <span class='ocrx_word' id='word_1_295' title='bbox 477 2071 603 2098; x_wconf 83' lang='lat' dir='ltr'><strong>Eamtlcm</strong></span> <span class='ocrx_word' id='word_1_296' title='bbox 624 2070 782 2098; x_wconf 78' lang='lat' dir='ltr'><strong>humilitatis</strong></span> <span class='ocrx_word' id='word_1_297' title='bbox 802 2070 971 2096; x_wconf 75' lang='lat' dir='ltr'><strong>commend-t-</strong></span> 
     </span>
    </p>
   </div>
   <div class='ocr_carea' id='block_1_44' title="bbox 189 2113 972 2143">
    <p class='ocr_par' dir='ltr' id='par_1_44' title="bbox 189 2113 972 2143">
     <span class='ocr_line' id='line_1_44' title="bbox 189 2113 972 2143; baseline 0 -2"><span class='ocrx_word' id='word_1_298' title='bbox 189 2117 290 2143; x_wconf 85' lang='lat' dir='ltr'><strong>tinucm</strong></span> <span class='ocrx_word' id='word_1_299' title='bbox 307 2123 338 2142; x_wconf 86' lang='lat' dir='ltr'><strong>ae</strong></span> <span class='ocrx_word' id='word_1_300' title='bbox 352 2116 536 2142; x_wconf 78' lang='lat' dir='ltr'><strong>celsitudinem</strong></span> <span class='ocrx_word' id='word_1_301' title='bbox 558 2115 639 2142; x_wconf 86' lang='lat' dir='ltr'><strong>babes</strong></span> <span class='ocrx_word' id='word_1_302' title='bbox 655 2115 727 2142; x_wconf 87' lang='lat' dir='ltr'><strong>hom.</strong></span> <span class='ocrx_word' id='word_1_303' title='bbox 742 2115 773 2141; x_wconf 86' lang='lat' dir='ltr'><strong>de</strong></span> <span class='ocrx_word' id='word_1_304' title='bbox 788 2113 935 2141; x_wconf 66' lang='lat' dir='ltr'><strong>Publii-ano</strong></span> <span class='ocrx_word' id='word_1_305' title='bbox 947 2119 972 2141; x_wconf 85' lang='lat' dir='ltr'><strong>et</strong></span> 
     </span>
    </p>
   </div>
   <div class='ocr_carea' id='block_1_45' title="bbox 189 2159 975 2196">
    <p class='ocr_par' dir='ltr' id='par_1_45' title="bbox 189 2159 975 2196">
     <span class='ocr_line' id='line_1_45' title="bbox 189 2159 975 2196; baseline -0.001 -9"><span class='ocrx_word' id='word_1_306' title='bbox 189 2161 326 2188; x_wconf 73' lang='lat' dir='ltr'><strong>I’lmriscco</strong></span> <span class='ocrx_word' id='word_1_307' title='bbox 355 2162 446 2196; x_wconf 89' lang='lat' dir='ltr'><strong>(hom.</strong></span> <span class='ocrx_word' id='word_1_308' title='bbox 474 2161 546 2195; x_wconf 82' lang='lat' dir='ltr'><strong>xvt).</strong></span> <span class='ocrx_word' id='word_1_309' title='bbox 573 2161 661 2194; x_wconf 83' lang='lat' dir='ltr'><strong>Atque</strong></span> <span class='ocrx_word' id='word_1_310' title='bbox 693 2160 734 2186; x_wconf 90' lang='lat' dir='ltr'><strong>his</strong></span> <span class='ocrx_word' id='word_1_311' title='bbox 767 2159 874 2193; x_wconf 87' lang='lat' dir='ltr'><strong>quidem</strong></span> <span class='ocrx_word' id='word_1_312' title='bbox 909 2159 975 2186; x_wconf 86' lang='lat' dir='ltr'><strong>locis</strong></span> 
     </span>
    </p>
   </div>
   <div class='ocr_carea' id='block_1_46' title="bbox 190 2205 974 2238">
    <p class='ocr_par' dir='ltr' id='par_1_46' title="bbox 190 2205 974 2238">
     <span class='ocr_line' id='line_1_46' title="bbox 190 2205 974 2238; baseline -0.001 -6"><span class='ocrx_word' id='word_1_313' title='bbox 190 2208 307 2234; x_wconf 78' lang='lat' dir='ltr'><strong>maxime</strong></span> <span class='ocrx_word' id='word_1_314' title='bbox 325 2207 394 2234; x_wconf 89' lang='lat' dir='ltr'><strong>hanc</strong></span> <span class='ocrx_word' id='word_1_315' title='bbox 417 2207 543 2234; x_wconf 85' lang='lat' dir='ltr'><strong>virtutem</strong></span> <span class='ocrx_word' id='word_1_316' title='bbox 567 2206 678 2238; x_wconf 84' lang='lat' dir='ltr'><strong>extollit,</strong></span> <span class='ocrx_word' id='word_1_317' title='bbox 695 2206 722 2232; x_wconf 90' lang='lat' dir='ltr'><strong>in</strong></span> <span class='ocrx_word' id='word_1_318' title='bbox 742 2205 803 2232; x_wconf 87' lang='lat' dir='ltr'><strong>aliis</strong></span> <span class='ocrx_word' id='word_1_319' title='bbox 822 2213 885 2232; x_wconf 84' lang='lat' dir='ltr'><strong>vero</strong></span> <span class='ocrx_word' id='word_1_320' title='bbox 899 2205 931 2232; x_wconf 88' lang='lat' dir='ltr'><strong>de</strong></span> <span class='ocrx_word' id='word_1_321' title='bbox 945 2211 974 2231; x_wconf 88' lang='lat' dir='ltr'><strong>se</strong></span> 
     </span>
    </p>
   </div>
   <div class='ocr_carea' id='block_1_47' title="bbox 189 2251 974 2286">
    <p class='ocr_par' dir='ltr' id='par_1_47' title="bbox 189 2251 974 2286">
     <span class='ocr_line' id='line_1_47' title="bbox 189 2251 974 2286; baseline -0.005 -6"><span class='ocrx_word' id='word_1_322' title='bbox 189 2254 245 2286; x_wconf 86' lang='lat' dir='ltr'><strong>ipse.</strong></span> <span class='ocrx_word' id='word_1_323' title='bbox 267 2252 462 2280; x_wconf 73' lang='lat' dir='ltr'><strong>demississime</strong></span> <span class='ocrx_word' id='word_1_324' title='bbox 485 2252 614 2286; x_wconf 83' lang='lat' dir='ltr'><strong>loquitur.</strong></span> <span class='ocrx_word' id='word_1_325' title='bbox 630 2251 707 2278; x_wconf 77' lang='lat' dir='ltr'><strong>llont.</strong></span> <span class='ocrx_word' id='word_1_326' title='bbox 722 2254 753 2278; x_wconf 84' lang='lat' dir='ltr'><strong>de</strong></span> <span class='ocrx_word' id='word_1_327' title='bbox 768 2251 974 2286; x_wconf 79' lang='lat' dir='ltr'><strong>Archisynagogi</strong></span> 
     </span>
    </p>
   </div>
   <div class='ocr_carea' id='block_1_48' title="bbox 188 2296 973 2332">
    <p class='ocr_par' dir='ltr' id='par_1_48' title="bbox 188 2296 973 2332">
     <span class='ocr_line' id='line_1_48' title="bbox 188 2296 973 2332; baseline -0.004 -7"><span class='ocrx_word' id='word_1_328' title='bbox 188 2299 247 2332; x_wconf 79' lang='lat' dir='ltr'><strong>[ilia</strong></span> <span class='ocrx_word' id='word_1_329' title='bbox 269 2303 294 2325; x_wconf 82' lang='lat' dir='ltr'><strong>et</strong></span> <span class='ocrx_word' id='word_1_330' title='bbox 319 2298 530 2324; x_wconf 70' lang='lat' dir='ltr'><strong>lircmorrhaissa</strong></span> <span class='ocrx_word' id='word_1_331' title='bbox 554 2297 658 2331; x_wconf 83' lang='lat' dir='ltr'><strong>(homil.</strong></span> <span class='ocrx_word' id='word_1_332' title='bbox 685 2298 723 2331; x_wconf 80' lang='lat' dir='ltr'><strong>tt),</strong></span> <span class='ocrx_word' id='word_1_333' title='bbox 746 2305 806 2324; x_wconf 91' lang='lat' dir='ltr'><strong>cum</strong></span> <span class='ocrx_word' id='word_1_334' title='bbox 833 2296 973 2324; x_wconf 79' lang='lat' dir='ltr'><strong>historiam</strong></span> 
     </span>
    </p>
   </div>
   <div class='ocr_carea' id='block_1_49' title="bbox 189 2343 973 2379">
    <p class='ocr_par' dir='ltr' id='par_1_49' title="bbox 189 2343 973 2379">
     <span class='ocr_line' id='line_1_49' title="bbox 189 2343 973 2379; baseline -0.003 -8"><span class='ocrx_word' id='word_1_335' title='bbox 189 2345 332 2379; x_wconf 71' lang='lat' dir='ltr'><strong>allegorice</strong></span> <span class='ocrx_word' id='word_1_336' title='bbox 355 2352 435 2371; x_wconf 80' lang='lat' dir='ltr'><strong>sensu</strong></span> <span class='ocrx_word' id='word_1_337' title='bbox 457 2343 629 2378; x_wconf 83' lang='lat' dir='ltr'><strong>explicasset,</strong></span> <span class='ocrx_word' id='word_1_338' title='bbox 652 2344 685 2370; x_wconf 84' lang='lat' dir='ltr'><strong>ad</strong></span> <span class='ocrx_word' id='word_1_339' title='bbox 710 2343 882 2378; x_wconf 71' lang='lat' dir='ltr'><strong>tropologiam</strong></span> <span class='ocrx_word' id='word_1_340' title='bbox 907 2351 973 2370; x_wconf 81' lang='lat' dir='ltr'><strong>con-</strong></span> 
     </span>
    </p>
   </div>
   <div class='ocr_carea' id='block_1_50' title="bbox 188 2389 974 2424">
    <p class='ocr_par' dir='ltr' id='par_1_50' title="bbox 188 2389 974 2424">
     <span class='ocr_line' id='line_1_50' title="bbox 188 2389 974 2424; baseline -0.004 -6"><span class='ocrx_word' id='word_1_341' title='bbox 188 2396 297 2418; x_wconf 83' lang='lat' dir='ltr'><strong>vertens</strong></span> <span class='ocrx_word' id='word_1_342' title='bbox 313 2390 458 2416; x_wconf 84' lang='lat' dir='ltr'><strong>orationem</strong></span> <span class='ocrx_word' id='word_1_343' title='bbox 475 2399 482 2416; x_wconf 88' lang='lat'><strong>:</strong></span> <span class='ocrx_word' id='word_1_344' title='bbox 496 2389 547 2416; x_wconf 82' lang='lat' dir='ltr'><strong>Sed</strong></span> <span class='ocrx_word' id='word_1_345' title='bbox 560 2390 623 2424; x_wconf 83' lang='lat' dir='ltr'><strong>quid</strong></span> <span class='ocrx_word' id='word_1_346' title='bbox 645 2390 719 2421; x_wconf 81' lang='lat' dir='ltr'><strong>abeo,</strong></span> <span class='ocrx_word' id='word_1_347' title='bbox 735 2389 876 2423; x_wconf 84' lang='lat' dir='ltr'><strong>inquit,ad</strong></span> <span class='ocrx_word' id='word_1_348' title='bbox 896 2396 974 2415; x_wconf 73' lang='lat' dir='ltr'><strong>voca-</strong></span> 
     </span>
    </p>
   </div>
   <div class='ocr_carea' id='block_1_51' title="bbox 189 2437 974 2472">
    <p class='ocr_par' dir='ltr' id='par_1_51' title="bbox 189 2437 974 2472">
     <span class='ocr_line' id='line_1_51' title="bbox 189 2437 974 2472; baseline -0.001 -8"><span class='ocrx_word' id='word_1_349' title='bbox 189 2439 284 2465; x_wconf 62' lang='lat' dir='ltr'><strong>tionem</strong></span> <span class='ocrx_word' id='word_1_350' title='bbox 307 2438 468 2464; x_wconf 79' lang='lat' dir='ltr'><strong>ethnicorum</strong></span> <span class='ocrx_word' id='word_1_351' title='bbox 490 2442 513 2463; x_wconf 78' lang='lat' dir='ltr'><strong>et</strong></span> <span class='ocrx_word' id='word_1_352' title='bbox 536 2438 660 2472; x_wconf 75' lang='lat' dir='ltr'><strong>reliquias</strong></span> <span class='ocrx_word' id='word_1_353' title='bbox 680 2437 800 2469; x_wconf 80' lang='lat' dir='ltr'><strong>Israclis,</strong></span> <span class='ocrx_word' id='word_1_354' title='bbox 816 2443 840 2464; x_wconf 74' lang='lat' dir='ltr'><strong>et</strong></span> <span class='ocrx_word' id='word_1_355' title='bbox 865 2442 974 2464; x_wconf 67' lang='lat' dir='ltr'><strong>externa</strong></span> 
     </span>
    </p>
   </div>
   <div class='ocr_carea' id='block_1_52' title="bbox 190 2485 975 2519">
    <p class='ocr_par' dir='ltr' id='par_1_52' title="bbox 190 2485 975 2519">
     <span class='ocr_line' id='line_1_52' title="bbox 190 2485 975 2519; baseline -0.001 -8"><span class='ocrx_word' id='word_1_356' title='bbox 190 2485 408 2519; x_wconf 65' lang='lat' dir='ltr'><strong>circumspiciat&quot;.</strong></span> <span class='ocrx_word' id='word_1_357' title='bbox 427 2492 466 2510; x_wconf 82' lang='lat' dir='ltr'><strong>me</strong></span> <span class='ocrx_word' id='word_1_358' title='bbox 481 2486 567 2519; x_wconf 75' lang='lat' dir='ltr'><strong>ipsum</strong></span> <span class='ocrx_word' id='word_1_359' title='bbox 587 2493 637 2511; x_wconf 89' lang='lat' dir='ltr'><strong>non</strong></span> <span class='ocrx_word' id='word_1_360' title='bbox 660 2486 733 2512; x_wconf 77' lang='lat' dir='ltr'><strong>video</strong></span> <span class='ocrx_word' id='word_1_361' title='bbox 752 2485 802 2511; x_wconf 86' lang='lat' dir='ltr'><strong>hac</strong></span> <span class='ocrx_word' id='word_1_362' title='bbox 824 2485 975 2511; x_wconf 84' lang='lat' dir='ltr'><strong>narratione</strong></span> 
     </span>
    </p>
   </div>
   <div class='ocr_carea' id='block_1_53' title="bbox 189 2530 974 2565">
    <p class='ocr_par' dir='ltr' id='par_1_53' title="bbox 189 2530 974 2565">
     <span class='ocr_line' id='line_1_53' title="bbox 189 2530 974 2565; baseline 0 -9"><span class='ocrx_word' id='word_1_363' title='bbox 189 2530 368 2564; x_wconf 71' lang='lat' dir='ltr'><strong>descriptum?</strong></span> <span class='ocrx_word' id='word_1_364' title='bbox 383 2531 497 2565; x_wconf 77' lang='lat' dir='ltr'><strong>Agedum</strong></span> <span class='ocrx_word' id='word_1_365' title='bbox 514 2533 539 2557; x_wconf 89' lang='lat' dir='ltr'><strong>in</strong></span> <span class='ocrx_word' id='word_1_366' title='bbox 555 2531 666 2557; x_wconf 78' lang='lat' dir='ltr'><strong>historia</strong></span> <span class='ocrx_word' id='word_1_367' title='bbox 683 2536 806 2564; x_wconf 85' lang='lat' dir='ltr'><strong>tanquam</strong></span> <span class='ocrx_word' id='word_1_368' title='bbox 827 2531 854 2556; x_wconf 84' lang='lat' dir='ltr'><strong>in</strong></span> <span class='ocrx_word' id='word_1_369' title='bbox 871 2531 974 2564; x_wconf 72' lang='lat' dir='ltr'><strong>speculo</strong></span> 
     </span>
    </p>
   </div>
   <div class='ocr_carea' id='block_1_54' title="bbox 189 2576 974 2611">
    <p class='ocr_par' dir='ltr' id='par_1_54' title="bbox 189 2576 974 2611">
     <span class='ocr_line' id='line_1_54' title="bbox 189 2576 974 2611; baseline 0.001 -9"><span class='ocrx_word' id='word_1_370' title='bbox 189 2577 301 2611; x_wconf 74' lang='lat' dir='ltr'><strong>ﬁgamus</strong></span> <span class='ocrx_word' id='word_1_371' title='bbox 315 2576 398 2602; x_wconf 78' lang='lat' dir='ltr'><strong>aciem</strong></span> <span class='ocrx_word' id='word_1_372' title='bbox 413 2577 516 2610; x_wconf 80' lang='lat' dir='ltr'><strong>tuentis,</strong></span> <span class='ocrx_word' id='word_1_373' title='bbox 528 2580 551 2602; x_wconf 87' lang='lat' dir='ltr'><strong>et</strong></span> <span class='ocrx_word' id='word_1_374' title='bbox 578 2577 752 2610; x_wconf 76' lang='lat' dir='ltr'><strong>unusquisque</strong></span> <span class='ocrx_word' id='word_1_375' title='bbox 766 2582 881 2602; x_wconf 80' lang='lat' dir='ltr'><strong>nostrum</strong></span> <span class='ocrx_word' id='word_1_376' title='bbox 899 2577 974 2603; x_wconf 72' lang='lat' dir='ltr'><strong>mise-</strong></span> 
     </span>
    </p>
   </div>
   <div class='ocr_carea' id='block_1_55' title="bbox 191 2622 974 2653">
    <p class='ocr_par' dir='ltr' id='par_1_55' title="bbox 191 2622 974 2653">
     <span class='ocr_line' id='line_1_55' title="bbox 191 2622 974 2653; baseline 0.003 -7"><span class='ocrx_word' id='word_1_377' title='bbox 191 2630 248 2648; x_wconf 77' lang='lat' dir='ltr'><strong>ram</strong></span> <span class='ocrx_word' id='word_1_378' title='bbox 271 2622 366 2648; x_wconf 78' lang='lat' dir='ltr'><strong>anima:</strong></span> <span class='ocrx_word' id='word_1_379' title='bbox 383 2629 436 2648; x_wconf 84' lang='lat' dir='ltr'><strong>sua:</strong></span> <span class='ocrx_word' id='word_1_380' title='bbox 458 2622 632 2648; x_wconf 65' lang='lat' dir='ltr'><strong>condirionent</strong></span> <span class='ocrx_word' id='word_1_381' title='bbox 654 2622 851 2653; x_wconf 73' lang='lat' dir='ltr'><strong>animadvertat,</strong></span> <span class='ocrx_word' id='word_1_382' title='bbox 873 2626 924 2647; x_wconf 80' lang='lat' dir='ltr'><strong>etc.</strong></span> <span class='ocrx_word' id='word_1_383' title='bbox 942 2622 974 2648; x_wconf 87' lang='lat' dir='ltr'><strong>Et</strong></span> 
     </span>
    </p>
   </div>
   <div class='ocr_carea' id='block_1_56' title="bbox 193 2667 971 2701">
    <p class='ocr_par' dir='ltr' id='par_1_56' title="bbox 193 2667 971 2701">
     <span class='ocr_line' id='line_1_56' title="bbox 193 2667 971 2701; baseline 0 -9"><span class='ocrx_word' id='word_1_384' title='bbox 193 2667 302 2693; x_wconf 68' lang='lat' dir='ltr'><strong>ltomilia</strong></span> <span class='ocrx_word' id='word_1_385' title='bbox 326 2667 357 2692; x_wconf 80' lang='lat' dir='ltr'><strong>de</strong></span> <span class='ocrx_word' id='word_1_386' title='bbox 378 2675 407 2692; x_wconf 85' lang='lat' dir='ltr'><strong>co</strong></span> <span class='ocrx_word' id='word_1_387' title='bbox 428 2668 472 2701; x_wconf 85' lang='lat' dir='ltr'><strong>qui</strong></span> <span class='ocrx_word' id='word_1_388' title='bbox 493 2668 585 2693; x_wconf 74' lang='lat' dir='ltr'><strong>incidit</strong></span> <span class='ocrx_word' id='word_1_389' title='bbox 609 2667 636 2692; x_wconf 90' lang='lat' dir='ltr'><strong>in</strong></span> <span class='ocrx_word' id='word_1_390' title='bbox 658 2667 771 2693; x_wconf 72' lang='lat' dir='ltr'><strong>latrones</strong></span> <span class='ocrx_word' id='word_1_391' title='bbox 797 2667 900 2701; x_wconf 83' lang='lat' dir='ltr'><strong>(lminil.</strong></span> <span class='ocrx_word' id='word_1_392' title='bbox 924 2668 971 2694; x_wconf 66' lang='lat' dir='ltr'><strong>xxi:</strong></span> 
     </span>
    </p>
   </div>
   <div class='ocr_carea' id='block_1_57' title="bbox 192 2713 974 2748">
    <p class='ocr_par' dir='ltr' id='par_1_57' title="bbox 192 2713 974 2748">
     <span class='ocr_line' id='line_1_57' title="bbox 192 2713 974 2748; baseline 0.003 -10"><span class='ocrx_word' id='word_1_393' title='bbox 192 2713 270 2740; x_wconf 43' lang='lat' dir='ltr'><strong>lic/ix</strong></span> <span class='ocrx_word' id='word_1_394' title='bbox 286 2713 366 2748; x_wconf 77' lang='lat' dir='ltr'><strong>igitur</strong></span> <span class='ocrx_word' id='word_1_395' title='bbox 382 2714 424 2740; x_wconf 81' lang='lat' dir='ltr'><strong>ille</strong></span> <span class='ocrx_word' id='word_1_396' title='bbox 441 2713 533 2740; x_wconf 83' lang='lat' dir='ltr'><strong>doctor</strong></span> <span class='ocrx_word' id='word_1_397' title='bbox 546 2713 591 2748; x_wconf 87' lang='lat' dir='ltr'><strong>qui</strong></span> <span class='ocrx_word' id='word_1_398' title='bbox 608 2714 732 2740; x_wconf 74' lang='lat' dir='ltr'><strong>doctrinm</strong></span> <span class='ocrx_word' id='word_1_399' title='bbox 753 2714 874 2740; x_wconf 84' lang='lat' dir='ltr'><strong>denarios</strong></span> <span class='ocrx_word' id='word_1_400' title='bbox 890 2715 974 2740; x_wconf 84' lang='lat' dir='ltr'><strong>adau-</strong></span> 
     </span>
    </p>
   </div>
   <div class='ocr_carea' id='block_1_58' title="bbox 190 2759 972 2792">
    <p class='ocr_par' dir='ltr' id='par_1_58' title="bbox 190 2759 972 2792">
     <span class='ocr_line' id='line_1_58' title="bbox 190 2759 972 2792; baseline 0.001 -8"><span class='ocrx_word' id='word_1_401' title='bbox 190 2759 270 2792; x_wconf 77' lang='lat' dir='ltr'><strong>gebit,</strong></span> <span class='ocrx_word' id='word_1_402' title='bbox 285 2759 410 2785; x_wconf 83' lang='lat' dir='ltr'><strong>nimirum</strong></span> <span class='ocrx_word' id='word_1_403' title='bbox 425 2767 482 2786; x_wconf 80' lang='lat' dir='ltr'><strong>cum</strong></span> <span class='ocrx_word' id='word_1_404' title='bbox 497 2759 572 2786; x_wconf 81' lang='lat' dir='ltr'><strong>t&#39;cluti</strong></span> <span class='ocrx_word' id='word_1_405' title='bbox 585 2760 615 2786; x_wconf 81' lang='lat' dir='ltr'><strong>tle</strong></span> <span class='ocrx_word' id='word_1_406' title='bbox 629 2767 654 2786; x_wconf 85' lang='lat' dir='ltr'><strong>re</strong></span> <span class='ocrx_word' id='word_1_407' title='bbox 666 2767 712 2785; x_wconf 84' lang='lat' dir='ltr'><strong>sua</strong></span> <span class='ocrx_word' id='word_1_408' title='bbox 726 2759 867 2786; x_wconf 75' lang='lat' dir='ltr'><strong>dontestica</strong></span> <span class='ocrx_word' id='word_1_409' title='bbox 881 2767 972 2786; x_wconf 79' lang='lat' dir='ltr'><strong>sanum</strong></span> 
     </span>
    </p>
   </div>
   <div class='ocr_carea' id='block_1_59' title="bbox 673 134 1798 173">
    <p class='ocr_par' dir='ltr' id='par_1_59' title="bbox 673 134 1798 173">
     <span class='ocr_line' id='line_1_59' title="bbox 673 134 1798 173; baseline 0.007 -9"><span class='ocrx_word' id='word_1_410' title='bbox 673 134 872 165; x_wconf 80' lang='lat' dir='ltr'><strong>FBANCISCI</strong></span> <span class='ocrx_word' id='word_1_411' title='bbox 892 135 1023 167; x_wconf 63' lang='lat' dir='ltr'><strong>SliORSl</strong></span> <span class='ocrx_word' id='word_1_412' title='bbox 1043 135 1259 168; x_wconf 64' lang='lat' dir='ltr'><strong>PROOEMIUM</strong></span> <span class='ocrx_word' id='word_1_413' title='bbox 1279 139 1320 169; x_wconf 86' lang='grc' dir='ltr'><strong>ΙΙ.</strong></span> <span class='ocrx_word' id='word_1_414' title='bbox 1755 141 1798 173; x_wconf 67' lang='lat'><strong>136</strong></span> 
     </span>
    </p>
   </div>
   <div class='ocr_carea' id='block_1_60' title="bbox 1027 194 1800 228">
    <p class='ocr_par' dir='ltr' id='par_1_60' title="bbox 1027 194 1800 228">
     <span class='ocr_line' id='line_1_60' title="bbox 1027 194 1800 228; baseline 0.006 -9"><span class='ocrx_word' id='word_1_415' title='bbox 1027 194 1128 220; x_wconf 85' lang='lat' dir='ltr'><strong>rerbum</strong></span> <span class='ocrx_word' id='word_1_416' title='bbox 1145 200 1167 220; x_wconf 84' lang='lat' dir='ltr'><strong>ct</strong></span> <span class='ocrx_word' id='word_1_417' title='bbox 1188 195 1266 222; x_wconf 75' lang='lat' dir='ltr'><strong>vimm</strong></span> <span class='ocrx_word' id='word_1_418' title='bbox 1282 195 1356 222; x_wconf 77' lang='lat' dir='ltr'><strong>t&#39;arbo</strong></span> <span class='ocrx_word' id='word_1_419' title='bbox 1375 200 1573 223; x_wconf 71' lang='lat' dir='ltr'><strong>consentaneum</strong></span> <span class='ocrx_word' id='word_1_420' title='bbox 1589 195 1748 228; x_wconf 78' lang='lat' dir='ltr'><strong>impenderit,</strong></span> <span class='ocrx_word' id='word_1_421' title='bbox 1764 199 1800 224; x_wconf 87' lang='lat' dir='ltr'><strong>in-</strong></span> 
     </span>
    </p>
   </div>
   <div class='ocr_carea' id='block_1_61' title="bbox 1026 239 1801 278">
    <p class='ocr_par' dir='ltr' id='par_1_61' title="bbox 1026 239 1801 278">
     <span class='ocr_line' id='line_1_61' title="bbox 1026 239 1801 278; baseline 0.006 -14"><span class='ocrx_word' id='word_1_422' title='bbox 1026 239 1112 273; x_wconf 78' lang='lat' dir='ltr'><strong>felices</strong></span> <span class='ocrx_word' id='word_1_423' title='bbox 1134 248 1194 266; x_wconf 74' lang='lat' dir='ltr'><strong>vero</strong></span> <span class='ocrx_word' id='word_1_424' title='bbox 1217 249 1306 267; x_wconf 79' lang='lat' dir='ltr'><strong>omnes</strong></span> <span class='ocrx_word' id='word_1_425' title='bbox 1328 249 1359 267; x_wconf 85' lang='lat' dir='ltr'><strong>ac</strong></span> <span class='ocrx_word' id='word_1_426' title='bbox 1376 242 1549 274; x_wconf 81' lang='lat' dir='ltr'><strong>miserabiles,</strong></span> <span class='ocrx_word' id='word_1_427' title='bbox 1567 242 1647 276; x_wconf 68' lang='lat' dir='ltr'><strong>juxta</strong></span> <span class='ocrx_word' id='word_1_428' title='bbox 1670 247 1744 277; x_wconf 86' lang='lat' dir='ltr'><strong>atque</strong></span> <span class='ocrx_word' id='word_1_429' title='bbox 1761 253 1801 278; x_wconf 65' lang='lat' dir='ltr'><strong>ego</strong></span> 
     </span>
    </p>
   </div>
   <div class='ocr_carea' id='block_1_62' title="bbox 1027 287 1800 324">
    <p class='ocr_par' dir='ltr' id='par_1_62' title="bbox 1027 287 1800 324">
     <span class='ocr_line' id='line_1_62' title="bbox 1027 287 1800 324; baseline 0.005 -13"><span class='ocrx_word' id='word_1_430' title='bbox 1027 293 1099 315; x_wconf 79' lang='lat' dir='ltr'><strong>sum,</strong></span> <span class='ocrx_word' id='word_1_431' title='bbox 1126 287 1170 320; x_wconf 86' lang='lat' dir='ltr'><strong>qui</strong></span> <span class='ocrx_word' id='word_1_432' title='bbox 1195 287 1308 313; x_wconf 83' lang='lat' dir='ltr'><strong>inaniter</strong></span> <span class='ocrx_word' id='word_1_433' title='bbox 1331 288 1357 314; x_wconf 89' lang='lat' dir='ltr'><strong>in</strong></span> <span class='ocrx_word' id='word_1_434' title='bbox 1383 296 1443 314; x_wconf 81' lang='lat' dir='ltr'><strong>acre</strong></span> <span class='ocrx_word' id='word_1_435' title='bbox 1464 294 1651 323; x_wconf 73' lang='lat' dir='ltr'><strong>pcrstrepentcs</strong></span> <span class='ocrx_word' id='word_1_436' title='bbox 1675 291 1747 324; x_wconf 73' lang='lat' dir='ltr'><strong>quasi</strong></span> <span class='ocrx_word' id='word_1_437' title='bbox 1770 299 1800 316; x_wconf 68' lang='grc' dir='ltr'><strong>(τι</strong></span> 
     </span>
    </p>
   </div>
   <div class='ocr_carea' id='block_1_63' title="bbox 1026 333 1801 368">
    <p class='ocr_par' dir='ltr' id='par_1_63' title="bbox 1026 333 1801 368">
     <span class='ocr_line' id='line_1_63' title="bbox 1026 333 1801 368; baseline 0.005 -12"><span class='ocrx_word' id='word_1_438' title='bbox 1026 339 1122 358; x_wconf 77' lang='lat' dir='ltr'><strong>sonans</strong></span> <span class='ocrx_word' id='word_1_439' title='bbox 1147 336 1192 358; x_wconf 86' lang='lat' dir='ltr'><strong>aut</strong></span> <span class='ocrx_word' id='word_1_440' title='bbox 1218 333 1365 367; x_wconf 77' lang='lat' dir='ltr'><strong>cymbalum</strong></span> <span class='ocrx_word' id='word_1_441' title='bbox 1391 334 1505 360; x_wconf 84' lang='lat' dir='ltr'><strong>tinuiem</strong></span> <span class='ocrx_word' id='word_1_442' title='bbox 1533 334 1669 361; x_wconf 80' lang='lat' dir='ltr'><strong>dimidium</strong></span> <span class='ocrx_word' id='word_1_443' title='bbox 1693 334 1801 368; x_wconf 64' lang='lat' dir='ltr'><strong>efﬁtiunt</strong></span> 
     </span>
    </p>
   </div>
   <div class='ocr_carea' id='block_1_64' title="bbox 1026 376 1802 413">
    <p class='ocr_par' dir='ltr' id='par_1_64' title="bbox 1026 376 1802 413">
     <span class='ocr_line' id='line_1_64' title="bbox 1026 376 1802 413; baseline 0.005 -12"><span class='ocrx_word' id='word_1_444' title='bbox 1026 377 1108 408; x_wconf 76' lang='lat' dir='ltr'><strong>operis</strong></span> <span class='ocrx_word' id='word_1_445' title='bbox 1131 376 1202 409; x_wconf 88' lang='lat' dir='ltr'><strong>boni,</strong></span> <span class='ocrx_word' id='word_1_446' title='bbox 1222 383 1245 404; x_wconf 83' lang='lat' dir='ltr'><strong>et</strong></span> <span class='ocrx_word' id='word_1_447' title='bbox 1267 378 1323 412; x_wconf 80' lang='lat' dir='ltr'><strong>ejus</strong></span> <span class='ocrx_word' id='word_1_448' title='bbox 1344 379 1413 413; x_wconf 88' lang='lat' dir='ltr'><strong>quod</strong></span> <span class='ocrx_word' id='word_1_449' title='bbox 1436 381 1604 413; x_wconf 73' lang='lat' dir='ltr'><strong>prwstantius</strong></span> <span class='ocrx_word' id='word_1_450' title='bbox 1626 384 1674 409; x_wconf 79' lang='lat' dir='ltr'><strong>cst,</strong></span> <span class='ocrx_word' id='word_1_451' title='bbox 1695 385 1802 413; x_wconf 48' lang='lat' dir='ltr'><strong>expertus</strong></span> 
     </span>
    </p>
   </div>
   <div class='ocr_carea' id='block_1_65' title="bbox 1027 421 1803 460">
    <p class='ocr_par' dir='ltr' id='par_1_65' title="bbox 1027 421 1803 460">
     <span class='ocr_line' id='line_1_65' title="bbox 1027 421 1803 460; baseline 0.008 -14"><span class='ocrx_word' id='word_1_452' title='bbox 1027 427 1141 450; x_wconf 86' lang='lat' dir='ltr'><strong>manent.</strong></span> <span class='ocrx_word' id='word_1_453' title='bbox 1162 421 1264 450; x_wconf 87' lang='lat' dir='ltr'><strong>Similia</strong></span> <span class='ocrx_word' id='word_1_454' title='bbox 1290 425 1370 451; x_wconf 80' lang='lat' dir='ltr'><strong>halxet</strong></span> <span class='ocrx_word' id='word_1_455' title='bbox 1395 425 1467 451; x_wconf 93' lang='lat' dir='ltr'><strong>hom.</strong></span> <span class='ocrx_word' id='word_1_456' title='bbox 1486 426 1517 452; x_wconf 84' lang='lat' dir='ltr'><strong>de</strong></span> <span class='ocrx_word' id='word_1_457' title='bbox 1543 425 1574 453; x_wconf 90' lang='lat' dir='ltr'><strong>S.</strong></span> <span class='ocrx_word' id='word_1_458' title='bbox 1596 425 1719 460; x_wconf 70' lang='lat' dir='ltr'><strong>Philippo</strong></span> <span class='ocrx_word' id='word_1_459' title='bbox 1742 427 1803 460; x_wconf 83' lang='lat' dir='ltr'><strong>(lu-</strong></span> 
     </span>
    </p>
   </div>
   <div class='ocr_carea' id='block_1_66' title="bbox 1026 467 1802 505">
    <p class='ocr_par' dir='ltr' id='par_1_66' title="bbox 1026 467 1802 505">
     <span class='ocr_line' id='line_1_66' title="bbox 1026 467 1802 505; baseline 0.005 -12"><span class='ocrx_word' id='word_1_460' title='bbox 1026 467 1082 495; x_wconf 74' lang='lat' dir='ltr'><strong>mil.</strong></span> <span class='ocrx_word' id='word_1_461' title='bbox 1109 470 1209 502; x_wconf 75' lang='lat' dir='ltr'><strong>XLIX):</strong></span> <span class='ocrx_word' id='word_1_462' title='bbox 1233 468 1361 504; x_wconf 73' lang='lat' dir='ltr'><strong>Equidem</strong></span> <span class='ocrx_word' id='word_1_463' title='bbox 1383 479 1429 505; x_wconf 71' lang='lat' dir='ltr'><strong>ego</strong></span> <span class='ocrx_word' id='word_1_464' title='bbox 1443 479 1561 504; x_wconf 71' lang='lat' dir='ltr'><strong>cuperem</strong></span> <span class='ocrx_word' id='word_1_465' title='bbox 1589 472 1624 497; x_wconf 89' lang='lat' dir='ltr'><strong>ad</strong></span> <span class='ocrx_word' id='word_1_466' title='bbox 1652 471 1802 497; x_wconf 78' lang='lat' dir='ltr'><strong>hortandum</strong></span> 
     </span>
    </p>
   </div>
   <div class='ocr_carea' id='block_1_67' title="bbox 1026 513 1804 548">
    <p class='ocr_par' dir='ltr' id='par_1_67' title="bbox 1026 513 1804 548">
     <span class='ocr_line' id='line_1_67' title="bbox 1026 513 1804 548; baseline 0.003 -10"><span class='ocrx_word' id='word_1_467' title='bbox 1026 513 1105 538; x_wconf 66' lang='lat' dir='ltr'><strong>vitam</strong></span> <span class='ocrx_word' id='word_1_468' title='bbox 1128 519 1188 540; x_wconf 70' lang='lat' dir='ltr'><strong>ante</strong></span> <span class='ocrx_word' id='word_1_469' title='bbox 1210 522 1286 546; x_wconf 88' lang='lat' dir='ltr'><strong>quam</strong></span> <span class='ocrx_word' id='word_1_470' title='bbox 1311 515 1387 541; x_wconf 69' lang='lat' dir='ltr'><strong>verba</strong></span> <span class='ocrx_word' id='word_1_471' title='bbox 1413 523 1573 548; x_wconf 80' lang='lat' dir='ltr'><strong>proponere;</strong></span> <span class='ocrx_word' id='word_1_472' title='bbox 1597 516 1637 542; x_wconf 85' lang='lat' dir='ltr'><strong>hic</strong></span> <span class='ocrx_word' id='word_1_473' title='bbox 1656 516 1723 541; x_wconf 86' lang='lat' dir='ltr'><strong>enim</strong></span> <span class='ocrx_word' id='word_1_474' title='bbox 1745 519 1804 541; x_wconf 56' lang='lat' dir='ltr'><strong>esset</strong></span> 
     </span>
    </p>
   </div>
   <div class='ocr_carea' id='block_1_68' title="bbox 1027 560 1803 593">
    <p class='ocr_par' dir='ltr' id='par_1_68' title="bbox 1027 560 1803 593">
     <span class='ocr_line' id='line_1_68' title="bbox 1027 560 1803 593; baseline 0.001 -8"><span class='ocrx_word' id='word_1_475' title='bbox 1027 560 1114 593; x_wconf 85' lang='lat' dir='ltr'><strong>aptior</strong></span> <span class='ocrx_word' id='word_1_476' title='bbox 1132 560 1242 586; x_wconf 73' lang='lat' dir='ltr'><strong>ducendi</strong></span> <span class='ocrx_word' id='word_1_477' title='bbox 1259 561 1360 592; x_wconf 78' lang='lat' dir='ltr'><strong>modus,</strong></span> <span class='ocrx_word' id='word_1_478' title='bbox 1378 563 1400 588; x_wconf 83' lang='lat' dir='ltr'><strong>si</strong></span> <span class='ocrx_word' id='word_1_479' title='bbox 1416 563 1498 589; x_wconf 67' lang='lat' dir='ltr'><strong>verbis</strong></span> <span class='ocrx_word' id='word_1_480' title='bbox 1521 563 1571 588; x_wconf 79' lang='lat' dir='ltr'><strong>vita</strong></span> <span class='ocrx_word' id='word_1_481' title='bbox 1586 562 1729 589; x_wconf 66' lang='lat' dir='ltr'><strong>concineret</strong></span> <span class='ocrx_word' id='word_1_482' title='bbox 1741 569 1751 591; x_wconf 85' lang='lat'><strong><em>;-</em></strong></span> <span class='ocrx_word' id='word_1_483' title='bbox 1764 562 1803 587; x_wconf 78' lang='lat' dir='ltr'><strong>sed</strong></span> 
     </span>
    </p>
   </div>
   <div class='ocr_carea' id='block_1_69' title="bbox 1026 606 1804 640">
    <p class='ocr_par' dir='ltr' id='par_1_69' title="bbox 1026 606 1804 640">
     <span class='ocr_line' id='line_1_69' title="bbox 1026 606 1804 640; baseline 0.001 -10"><span class='ocrx_word' id='word_1_484' title='bbox 1026 606 1147 638; x_wconf 86' lang='lat' dir='ltr'><strong>quoniam</strong></span> <span class='ocrx_word' id='word_1_485' title='bbox 1163 606 1242 632; x_wconf 84' lang='lat' dir='ltr'><strong>vitam</strong></span> <span class='ocrx_word' id='word_1_486' title='bbox 1257 606 1376 632; x_wconf 89' lang='lat' dir='ltr'><strong>omnibus</strong></span> <span class='ocrx_word' id='word_1_487' title='bbox 1391 613 1554 640; x_wconf 75' lang='lat' dir='ltr'><strong>peccatorum</strong></span> <span class='ocrx_word' id='word_1_488' title='bbox 1571 609 1681 633; x_wconf 72' lang='lat' dir='ltr'><strong>uinculis</strong></span> <span class='ocrx_word' id='word_1_489' title='bbox 1695 611 1804 633; x_wconf 81' lang='lat' dir='ltr'><strong>notatum</strong></span> 
     </span>
    </p>
   </div>
   <div class='ocr_carea' id='block_1_70' title="bbox 1026 651 1804 684">
    <p class='ocr_par' dir='ltr' id='par_1_70' title="bbox 1026 651 1804 684">
     <span class='ocr_line' id='line_1_70' title="bbox 1026 651 1804 684; baseline 0.003 -8"><span class='ocrx_word' id='word_1_490' title='bbox 1026 651 1155 684; x_wconf 68' lang='lat' dir='ltr'><strong>pra/ero,</strong></span> <span class='ocrx_word' id='word_1_491' title='bbox 1179 660 1210 678; x_wconf 77' lang='lat' dir='ltr'><strong>ne</strong></span> <span class='ocrx_word' id='word_1_492' title='bbox 1233 653 1321 678; x_wconf 79' lang='lat' dir='ltr'><strong>videar</strong></span> <span class='ocrx_word' id='word_1_493' title='bbox 1347 657 1431 679; x_wconf 84' lang='lat' dir='ltr'><strong>tamen</strong></span> <span class='ocrx_word' id='word_1_494' title='bbox 1457 653 1517 679; x_wconf 84' lang='lat' dir='ltr'><strong>huic</strong></span> <span class='ocrx_word' id='word_1_495' title='bbox 1541 653 1686 680; x_wconf 75' lang='lat' dir='ltr'><strong>celebritati</strong></span> <span class='ocrx_word' id='word_1_496' title='bbox 1710 653 1804 678; x_wconf 76' lang='lat' dir='ltr'><strong>inutilis</strong></span> 
     </span>
    </p>
   </div>
   <div class='ocr_carea' id='block_1_71' title="bbox 1027 697 1804 733">
    <p class='ocr_par' dir='ltr' id='par_1_71' title="bbox 1027 697 1804 733">
     <span class='ocr_line' id='line_1_71' title="bbox 1027 697 1804 733; baseline 0.003 -11"><span class='ocrx_word' id='word_1_497' title='bbox 1027 697 1165 729; x_wconf 63' lang='lat' dir='ltr'><strong>exstitisse,</strong></span> <span class='ocrx_word' id='word_1_498' title='bbox 1178 705 1225 732; x_wconf 77' lang='lat' dir='ltr'><strong>age</strong></span> <span class='ocrx_word' id='word_1_499' title='bbox 1234 698 1291 731; x_wconf 84' lang='lat' dir='ltr'><strong>jam</strong></span> <span class='ocrx_word' id='word_1_500' title='bbox 1306 699 1427 731; x_wconf 72' lang='lat' dir='ltr'><strong>Apostolo</strong></span> <span class='ocrx_word' id='word_1_501' title='bbox 1440 700 1605 733; x_wconf 74' lang='lat' dir='ltr'><strong>deprecatore</strong></span> <span class='ocrx_word' id='word_1_502' title='bbox 1619 699 1744 733; x_wconf 76' lang='lat' dir='ltr'><strong>conﬁsus,</strong></span> <span class='ocrx_word' id='word_1_503' title='bbox 1757 704 1804 725; x_wconf 77' lang='lat' dir='ltr'><strong>etc.</strong></span> 
     </span>
    </p>
   </div>
   <div class='ocr_carea' id='block_1_72' title="bbox 1029 742 1806 776">
    <p class='ocr_par' dir='ltr' id='par_1_72' title="bbox 1029 742 1806 776">
     <span class='ocr_line' id='line_1_72' title="bbox 1029 742 1806 776; baseline 0 -7"><span class='ocrx_word' id='word_1_504' title='bbox 1029 742 1065 769; x_wconf 76' lang='lat' dir='ltr'><strong>Ex</strong></span> <span class='ocrx_word' id='word_1_505' title='bbox 1085 743 1126 770; x_wconf 89' lang='lat' dir='ltr'><strong>his</strong></span> <span class='ocrx_word' id='word_1_506' title='bbox 1141 749 1207 770; x_wconf 87' lang='lat' dir='ltr'><strong>sane</strong></span> <span class='ocrx_word' id='word_1_507' title='bbox 1222 744 1322 776; x_wconf 81' lang='lat' dir='ltr'><strong>verbis,</strong></span> <span class='ocrx_word' id='word_1_508' title='bbox 1337 744 1416 771; x_wconf 89' lang='lat' dir='ltr'><strong>etiam</strong></span> <span class='ocrx_word' id='word_1_509' title='bbox 1441 753 1494 771; x_wconf 93' lang='lat' dir='ltr'><strong>non</strong></span> <span class='ocrx_word' id='word_1_510' title='bbox 1513 745 1741 772; x_wconf 85' lang='lat' dir='ltr'><strong>animadvertente</strong></span> <span class='ocrx_word' id='word_1_511' title='bbox 1758 752 1806 776; x_wconf 79' lang='lat' dir='ltr'><strong>tne,</strong></span> 
     </span>
    </p>
   </div>
   <div class='ocr_carea' id='block_1_73' title="bbox 1029 789 1805 823">
    <p class='ocr_par' dir='ltr' id='par_1_73' title="bbox 1029 789 1805 823">
     <span class='ocr_line' id='line_1_73' title="bbox 1029 789 1805 823; baseline 0.003 -9"><span class='ocrx_word' id='word_1_512' title='bbox 1029 789 1211 823; x_wconf 87' lang='lat' dir='ltr'><strong>unusquisque</strong></span> <span class='ocrx_word' id='word_1_513' title='bbox 1233 789 1326 820; x_wconf 79' lang='lat' dir='ltr'><strong>lector,</strong></span> <span class='ocrx_word' id='word_1_514' title='bbox 1351 791 1402 817; x_wconf 85' lang='lat' dir='ltr'><strong>nisi</strong></span> <span class='ocrx_word' id='word_1_515' title='bbox 1425 791 1624 818; x_wconf 85' lang='lat' dir='ltr'><strong>simulationem</strong></span> <span class='ocrx_word' id='word_1_516' title='bbox 1647 790 1805 817; x_wconf 73' lang='lat' dir='ltr'><strong>venditatio-</strong></span> 
     </span>
    </p>
   </div>
   <div class='ocr_carea' id='block_1_74' title="bbox 1027 836 1805 871">
    <p class='ocr_par' dir='ltr' id='par_1_74' title="bbox 1027 836 1805 871">
     <span class='ocr_line' id='line_1_74' title="bbox 1027 836 1805 871; baseline 0.003 -10"><span class='ocrx_word' id='word_1_517' title='bbox 1027 842 1141 869; x_wconf 85' lang='lat' dir='ltr'><strong>nemquc</strong></span> <span class='ocrx_word' id='word_1_518' title='bbox 1158 836 1276 867; x_wconf 81' lang='lat' dir='ltr'><strong>virtutis,</strong></span> <span class='ocrx_word' id='word_1_519' title='bbox 1291 841 1321 863; x_wconf 89' lang='lat' dir='ltr'><strong>ut</strong></span> <span class='ocrx_word' id='word_1_520' title='bbox 1338 837 1369 863; x_wconf 90' lang='lat' dir='ltr'><strong>de</strong></span> <span class='ocrx_word' id='word_1_521' title='bbox 1386 836 1553 871; x_wconf 87' lang='lat' dir='ltr'><strong>philosophis</strong></span> <span class='ocrx_word' id='word_1_522' title='bbox 1571 837 1667 871; x_wconf 86' lang='lat' dir='ltr'><strong>priscis</strong></span> <span class='ocrx_word' id='word_1_523' title='bbox 1685 836 1805 864; x_wconf 79' lang='lat' dir='ltr'><strong>arbitrari</strong></span> 
     </span>
    </p>
   </div>
   <div class='ocr_carea' id='block_1_75' title="bbox 1027 881 1806 917">
    <p class='ocr_par' dir='ltr' id='par_1_75' title="bbox 1027 881 1806 917">
     <span class='ocr_line' id='line_1_75' title="bbox 1027 881 1806 917; baseline 0.004 -10"><span class='ocrx_word' id='word_1_524' title='bbox 1027 881 1100 912; x_wconf 75' lang='lat' dir='ltr'><strong>Velit,</strong></span> <span class='ocrx_word' id='word_1_525' title='bbox 1125 886 1226 915; x_wconf 80' lang='lat' dir='ltr'><strong>quanta</strong></span> <span class='ocrx_word' id='word_1_526' title='bbox 1251 882 1364 910; x_wconf 79' lang='lat' dir='ltr'><strong>dicentis</strong></span> <span class='ocrx_word' id='word_1_527' title='bbox 1387 884 1422 910; x_wconf 91' lang='lat' dir='ltr'><strong>sit</strong></span> <span class='ocrx_word' id='word_1_528' title='bbox 1444 883 1539 915; x_wconf 73' lang='lat' dir='ltr'><strong>virtus,</strong></span> <span class='ocrx_word' id='word_1_529' title='bbox 1552 889 1651 917; x_wconf 88' lang='lat' dir='ltr'><strong>quanta</strong></span> <span class='ocrx_word' id='word_1_530' title='bbox 1673 883 1806 910; x_wconf 77' lang='lat' dir='ltr'><strong>humilitas</strong></span> 
     </span>
    </p>
   </div>
   <div class='ocr_carea' id='block_1_76' title="bbox 1027 928 1806 964">
    <p class='ocr_par' dir='ltr' id='par_1_76' title="bbox 1027 928 1806 964">
     <span class='ocr_line' id='line_1_76' title="bbox 1027 928 1806 964; baseline 0.001 -12"><span class='ocrx_word' id='word_1_531' title='bbox 1027 932 1170 962; x_wconf 79' lang='lat' dir='ltr'><strong>agnoscat;</strong></span> <span class='ocrx_word' id='word_1_532' title='bbox 1186 932 1212 954; x_wconf 83' lang='lat' dir='ltr'><strong>et</strong></span> <span class='ocrx_word' id='word_1_533' title='bbox 1229 928 1291 955; x_wconf 92' lang='lat' dir='ltr'><strong>illud</strong></span> <span class='ocrx_word' id='word_1_534' title='bbox 1310 929 1456 961; x_wconf 69' lang='lat' dir='ltr'><strong>prmsertim</strong></span> <span class='ocrx_word' id='word_1_535' title='bbox 1471 937 1524 964; x_wconf 88' lang='lat' dir='ltr'><strong>quo</strong></span> <span class='ocrx_word' id='word_1_536' title='bbox 1540 929 1573 957; x_wconf 92' lang='lat' dir='ltr'><strong>de</strong></span> <span class='ocrx_word' id='word_1_537' title='bbox 1588 929 1703 963; x_wconf 78' lang='lat' dir='ltr'><strong>agimus.</strong></span> <span class='ocrx_word' id='word_1_538' title='bbox 1720 929 1806 956; x_wconf 82' lang='lat' dir='ltr'><strong>docto-</strong></span> 
     </span>
    </p>
   </div>
   <div class='ocr_carea' id='block_1_77' title="bbox 1027 974 1806 1009">
    <p class='ocr_par' dir='ltr' id='par_1_77' title="bbox 1027 974 1806 1009">
     <span class='ocr_line' id='line_1_77' title="bbox 1027 974 1806 1009; baseline 0 -10"><span class='ocrx_word' id='word_1_539' title='bbox 1027 981 1081 1000; x_wconf 76' lang='lat' dir='ltr'><strong>rem</strong></span> <span class='ocrx_word' id='word_1_540' title='bbox 1095 974 1193 1000; x_wconf 89' lang='lat' dir='ltr'><strong>bonum</strong></span> <span class='ocrx_word' id='word_1_541' title='bbox 1205 981 1265 1000; x_wconf 89' lang='lat' dir='ltr'><strong>cum</strong></span> <span class='ocrx_word' id='word_1_542' title='bbox 1278 981 1343 1002; x_wconf 86' lang='lat' dir='ltr'><strong>sano</strong></span> <span class='ocrx_word' id='word_1_543' title='bbox 1353 975 1433 1001; x_wconf 84' lang='lat' dir='ltr'><strong>verho</strong></span> <span class='ocrx_word' id='word_1_544' title='bbox 1444 975 1526 1002; x_wconf 76' lang='lat' dir='ltr'><strong>vitam</strong></span> <span class='ocrx_word' id='word_1_545' title='bbox 1539 975 1702 1009; x_wconf 77' lang='lat' dir='ltr'><strong>conjungere</strong></span> <span class='ocrx_word' id='word_1_546' title='bbox 1715 974 1806 1000; x_wconf 86' lang='lat' dir='ltr'><strong>bonam</strong></span> 
     </span>
    </p>
   </div>
   <div class='ocr_carea' id='block_1_78' title="bbox 1025 1018 1806 1054">
    <p class='ocr_par' dir='ltr' id='par_1_78' title="bbox 1025 1018 1806 1054">
     <span class='ocr_line' id='line_1_78' title="bbox 1025 1018 1806 1054; baseline -0.001 -9"><span class='ocrx_word' id='word_1_547' title='bbox 1025 1024 1167 1053; x_wconf 87' lang='lat' dir='ltr'><strong>oportere;</strong></span> <span class='ocrx_word' id='word_1_548' title='bbox 1184 1019 1253 1054; x_wconf 90' lang='lat' dir='ltr'><strong>quod</strong></span> <span class='ocrx_word' id='word_1_549' title='bbox 1271 1027 1331 1046; x_wconf 90' lang='lat' dir='ltr'><strong>cum</strong></span> <span class='ocrx_word' id='word_1_550' title='bbox 1348 1020 1382 1046; x_wconf 86' lang='lat' dir='ltr'><strong>ila</strong></span> <span class='ocrx_word' id='word_1_551' title='bbox 1398 1021 1490 1048; x_wconf 83' lang='lat' dir='ltr'><strong>doceat</strong></span> <span class='ocrx_word' id='word_1_552' title='bbox 1507 1028 1537 1047; x_wconf 84' lang='lat' dir='ltr'><strong>ac</strong></span> <span class='ocrx_word' id='word_1_553' title='bbox 1552 1020 1660 1048; x_wconf 81' lang='lat' dir='ltr'><strong>sentiat.</strong></span> <span class='ocrx_word' id='word_1_554' title='bbox 1678 1019 1716 1046; x_wconf 90' lang='lat' dir='ltr'><strong>ita</strong></span> <span class='ocrx_word' id='word_1_555' title='bbox 1731 1018 1806 1046; x_wconf 85' lang='lat' dir='ltr'><strong>etiam</strong></span> 
     </span>
    </p>
   </div>
   <div class='ocr_carea' id='block_1_79' title="bbox 1027 1063 1808 1100">
    <p class='ocr_par' dir='ltr' id='par_1_79' title="bbox 1027 1063 1808 1100">
     <span class='ocr_line' id='line_1_79' title="bbox 1027 1063 1808 1100; baseline -0.004 -8"><span class='ocrx_word' id='word_1_556' title='bbox 1027 1072 1056 1090; x_wconf 85' lang='lat' dir='ltr'><strong>re</strong></span> <span class='ocrx_word' id='word_1_557' title='bbox 1077 1065 1134 1098; x_wconf 84' lang='lat' dir='ltr'><strong>ipsa</strong></span> <span class='ocrx_word' id='word_1_558' title='bbox 1153 1072 1213 1092; x_wconf 88' lang='lat' dir='ltr'><strong>eum</strong></span> <span class='ocrx_word' id='word_1_559' title='bbox 1228 1065 1386 1100; x_wconf 74' lang='lat' dir='ltr'><strong>prmstitisse</strong></span> <span class='ocrx_word' id='word_1_560' title='bbox 1402 1070 1610 1092; x_wconf 70' lang='lat' dir='ltr'><strong>consentaneum</strong></span> <span class='ocrx_word' id='word_1_561' title='bbox 1625 1069 1666 1091; x_wconf 86' lang='lat' dir='ltr'><strong>est</strong></span> <span class='ocrx_word' id='word_1_562' title='bbox 1680 1063 1808 1098; x_wconf 78' lang='lat' dir='ltr'><strong>judicare.</strong></span> 
     </span>
    </p>
   </div>
   <div class='ocr_carea' id='block_1_80' title="bbox 1026 1108 1807 1149">
    <p class='ocr_par' dir='ltr' id='par_1_80' title="bbox 1026 1108 1807 1149">
     <span class='ocr_line' id='line_1_80' title="bbox 1026 1108 1807 1149; baseline -0.001 -13"><span class='ocrx_word' id='word_1_563' title='bbox 1026 1109 1083 1136; x_wconf 84' lang='lat' dir='ltr'><strong>Jam</strong></span> <span class='ocrx_word' id='word_1_564' title='bbox 1101 1110 1172 1149; x_wconf 78' lang='lat' dir='ltr'><strong>hem.</strong></span> <span class='ocrx_word' id='word_1_565' title='bbox 1192 1110 1223 1136; x_wconf 81' lang='lat' dir='ltr'><strong>de</strong></span> <span class='ocrx_word' id='word_1_566' title='bbox 1238 1110 1363 1137; x_wconf 78' lang='lat' dir='ltr'><strong>Zacchreo</strong></span> <span class='ocrx_word' id='word_1_567' title='bbox 1380 1111 1416 1137; x_wconf 89' lang='lat' dir='ltr'><strong>ita</strong></span> <span class='ocrx_word' id='word_1_568' title='bbox 1437 1111 1555 1144; x_wconf 85' lang='lat' dir='ltr'><strong>loquitur</strong></span> <span class='ocrx_word' id='word_1_569' title='bbox 1572 1110 1658 1145; x_wconf 88' lang='lat' dir='ltr'><strong>(hom.</strong></span> <span class='ocrx_word' id='word_1_570' title='bbox 1683 1110 1727 1142; x_wconf 79' lang='lat' dir='ltr'><strong>xv)</strong></span> <span class='ocrx_word' id='word_1_571' title='bbox 1749 1119 1755 1136; x_wconf 94' lang='lat'>:</span> <span class='ocrx_word' id='word_1_572' title='bbox 1778 1108 1807 1135; x_wconf 85' lang='lat' dir='ltr'><strong>Et</strong></span> 
     </span>
    </p>
   </div>
   <div class='ocr_carea' id='block_1_81' title="bbox 1027 1155 1808 1191">
    <p class='ocr_par' dir='ltr' id='par_1_81' title="bbox 1027 1155 1808 1191">
     <span class='ocr_line' id='line_1_81' title="bbox 1027 1155 1808 1191; baseline -0.001 -9"><span class='ocrx_word' id='word_1_573' title='bbox 1027 1155 1147 1182; x_wconf 87' lang='lat' dir='ltr'><strong>altiorem</strong></span> <span class='ocrx_word' id='word_1_574' title='bbox 1162 1164 1223 1182; x_wconf 79' lang='lat' dir='ltr'><strong>sane</strong></span> <span class='ocrx_word' id='word_1_575' title='bbox 1237 1157 1409 1191; x_wconf 79' lang='lat' dir='ltr'><strong>anagogirum</strong></span> <span class='ocrx_word' id='word_1_576' title='bbox 1427 1165 1529 1183; x_wconf 78' lang='lat' dir='ltr'><strong>sensum</strong></span> <span class='ocrx_word' id='word_1_577' title='bbox 1547 1156 1709 1191; x_wconf 72' lang='lat' dir='ltr'><strong>perscrutari</strong></span> <span class='ocrx_word' id='word_1_578' title='bbox 1724 1161 1808 1188; x_wconf 79' lang='lat' dir='ltr'><strong>potue-</strong></span> 
     </span>
    </p>
   </div>
   <div class='ocr_carea' id='block_1_82' title="bbox 1027 1202 1808 1237">
    <p class='ocr_par' dir='ltr' id='par_1_82' title="bbox 1027 1202 1808 1237">
     <span class='ocr_line' id='line_1_82' title="bbox 1027 1202 1808 1237; baseline -0.003 -9"><span class='ocrx_word' id='word_1_579' title='bbox 1027 1207 1088 1228; x_wconf 89' lang='lat' dir='ltr'><strong>runt</strong></span> <span class='ocrx_word' id='word_1_580' title='bbox 1104 1202 1123 1228; x_wconf 87' lang='lat' dir='ltr'><strong>ii</strong></span> <span class='ocrx_word' id='word_1_581' title='bbox 1139 1202 1184 1236; x_wconf 87' lang='lat' dir='ltr'><strong>qui</strong></span> <span class='ocrx_word' id='word_1_582' title='bbox 1206 1203 1302 1229; x_wconf 88' lang='lat' dir='ltr'><strong>mundo</strong></span> <span class='ocrx_word' id='word_1_583' title='bbox 1326 1207 1385 1229; x_wconf 73' lang='lat' dir='ltr'><strong>stult</strong></span> <span class='ocrx_word' id='word_1_584' title='bbox 1409 1203 1496 1235; x_wconf 83' lang='lat' dir='ltr'><strong>corde,</strong></span> <span class='ocrx_word' id='word_1_585' title='bbox 1519 1202 1610 1237; x_wconf 71' lang='lat' dir='ltr'><strong>quibus</strong></span> <span class='ocrx_word' id='word_1_586' title='bbox 1633 1203 1664 1228; x_wconf 84' lang='lat' dir='ltr'><strong>ob</strong></span> <span class='ocrx_word' id='word_1_587' title='bbox 1689 1202 1808 1228; x_wconf 74' lang='lat' dir='ltr'><strong>virtutum</strong></span> 
     </span>
    </p>
   </div>
   <div class='ocr_carea' id='block_1_83' title="bbox 1028 1246 1807 1282">
    <p class='ocr_par' dir='ltr' id='par_1_83' title="bbox 1028 1246 1807 1282">
     <span class='ocr_line' id='line_1_83' title="bbox 1028 1246 1807 1282; baseline 0 -8"><span class='ocrx_word' id='word_1_588' title='bbox 1028 1249 1128 1281; x_wconf 86' lang='lat' dir='ltr'><strong>copiam</strong></span> <span class='ocrx_word' id='word_1_589' title='bbox 1145 1256 1161 1274; x_wconf 92' lang='lat' dir='ltr'><strong>a</strong></span> <span class='ocrx_word' id='word_1_590' title='bbox 1180 1248 1266 1274; x_wconf 75' lang='lat' dir='ltr'><strong>divino</strong></span> <span class='ocrx_word' id='word_1_591' title='bbox 1284 1249 1385 1282; x_wconf 85' lang='lat' dir='ltr'><strong>Spiritu</strong></span> <span class='ocrx_word' id='word_1_592' title='bbox 1409 1257 1479 1275; x_wconf 76' lang='lat' dir='ltr'><strong>mens</strong></span> <span class='ocrx_word' id='word_1_593' title='bbox 1502 1249 1662 1274; x_wconf 85' lang='lat' dir='ltr'><strong>illustratur.</strong></span> <span class='ocrx_word' id='word_1_594' title='bbox 1684 1246 1737 1274; x_wconf 71' lang='lat' dir='ltr'><strong>Nos</strong></span> <span class='ocrx_word' id='word_1_595' title='bbox 1754 1255 1807 1274; x_wconf 75' lang='grc' dir='ltr'><strong>ιιι·νο</strong></span> 
     </span>
    </p>
   </div>
   <div class='ocr_carea' id='block_1_84' title="bbox 1027 1294 1808 1328">
    <p class='ocr_par' dir='ltr' id='par_1_84' title="bbox 1027 1294 1808 1328">
     <span class='ocr_line' id='line_1_84' title="bbox 1027 1294 1808 1328; baseline -0.001 -9"><span class='ocrx_word' id='word_1_596' title='bbox 1027 1298 1190 1327; x_wconf 77' lang='lat' dir='ltr'><strong>peccatorum</strong></span> <span class='ocrx_word' id='word_1_597' title='bbox 1217 1294 1272 1320; x_wconf 88' lang='lat' dir='ltr'><strong>luto</strong></span> <span class='ocrx_word' id='word_1_598' title='bbox 1293 1295 1463 1326; x_wconf 74' lang='lat' dir='ltr'><strong>inha&#39;rentes,</strong></span> <span class='ocrx_word' id='word_1_599' title='bbox 1487 1301 1532 1328; x_wconf 78' lang='lat' dir='ltr'><strong>per</strong></span> <span class='ocrx_word' id='word_1_600' title='bbox 1556 1294 1700 1320; x_wconf 80' lang='lat' dir='ltr'><strong>mediocres</strong></span> <span class='ocrx_word' id='word_1_601' title='bbox 1723 1301 1808 1320; x_wconf 76' lang='lat' dir='ltr'><strong>sensus</strong></span> 
     </span>
    </p>
   </div>
   <div class='ocr_carea' id='block_1_85' title="bbox 1028 1338 1807 1374">
    <p class='ocr_par' dir='ltr' id='par_1_85' title="bbox 1028 1338 1807 1374">
     <span class='ocr_line' id='line_1_85' title="bbox 1028 1338 1807 1374; baseline -0.001 -9"><span class='ocrx_word' id='word_1_602' title='bbox 1028 1340 1213 1374; x_wconf 74' lang='lat' dir='ltr'><strong>ingredimur.</strong></span> <span class='ocrx_word' id='word_1_603' title='bbox 1228 1340 1315 1374; x_wconf 86' lang='lat' dir='ltr'><strong>Atque</strong></span> <span class='ocrx_word' id='word_1_604' title='bbox 1332 1340 1388 1366; x_wconf 75' lang='lat' dir='ltr'><strong>hrec</strong></span> <span class='ocrx_word' id='word_1_605' title='bbox 1406 1340 1564 1366; x_wconf 88' lang='lat' dir='ltr'><strong>humilitatis</strong></span> <span class='ocrx_word' id='word_1_606' title='bbox 1581 1340 1742 1366; x_wconf 85' lang='lat' dir='ltr'><strong>documenta</strong></span> <span class='ocrx_word' id='word_1_607' title='bbox 1759 1338 1807 1365; x_wconf 85' lang='lat' dir='ltr'><strong>sint</strong></span> 
     </span>
    </p>
   </div>
   <div class='ocr_carea' id='block_1_86' title="bbox 1028 1385 1806 1420">
    <p class='ocr_par' dir='ltr' id='par_1_86' title="bbox 1028 1385 1806 1420">
     <span class='ocr_line' id='line_1_86' title="bbox 1028 1385 1806 1420; baseline -0.004 -8"><span class='ocrx_word' id='word_1_608' title='bbox 1028 1386 1100 1412; x_wconf 60' lang='lat' dir='ltr'><strong>Szllis‘.</strong></span> <span class='ocrx_word' id='word_1_609' title='bbox 1117 1385 1153 1412; x_wconf 89' lang='lat' dir='ltr'><strong>De</strong></span> <span class='ocrx_word' id='word_1_610' title='bbox 1167 1387 1322 1420; x_wconf 88' lang='lat' dir='ltr'><strong>passionum</strong></span> <span class='ocrx_word' id='word_1_611' title='bbox 1336 1393 1400 1412; x_wconf 77' lang='lat' dir='ltr'><strong>Vero</strong></span> <span class='ocrx_word' id='word_1_612' title='bbox 1412 1385 1615 1412; x_wconf 83' lang='lat' dir='ltr'><strong>mortiﬁcatioue</strong></span> <span class='ocrx_word' id='word_1_613' title='bbox 1628 1385 1666 1412; x_wconf 89' lang='lat' dir='ltr'><strong>uti</strong></span> <span class='ocrx_word' id='word_1_614' title='bbox 1681 1386 1806 1419; x_wconf 78' lang='lat' dir='ltr'><strong>loqua&#39;ur,</strong></span> 
     </span>
    </p>
   </div>
   <div class='ocr_carea' id='block_1_87' title="bbox 1030 1430 1808 1465">
    <p class='ocr_par' dir='ltr' id='par_1_87' title="bbox 1030 1430 1808 1465">
     <span class='ocr_line' id='line_1_87' title="bbox 1030 1430 1808 1465; baseline -0.003 -8"><span class='ocrx_word' id='word_1_615' title='bbox 1030 1439 1080 1457; x_wconf 89' lang='lat' dir='ltr'><strong>non</strong></span> <span class='ocrx_word' id='word_1_616' title='bbox 1094 1436 1135 1458; x_wconf 87' lang='lat' dir='ltr'><strong>est</strong></span> <span class='ocrx_word' id='word_1_617' title='bbox 1152 1439 1220 1458; x_wconf 89' lang='lat' dir='ltr'><strong>unus</strong></span> <span class='ocrx_word' id='word_1_618' title='bbox 1241 1431 1324 1457; x_wconf 88' lang='lat' dir='ltr'><strong>locus.</strong></span> <span class='ocrx_word' id='word_1_619' title='bbox 1341 1430 1400 1457; x_wconf 87' lang='lat' dir='ltr'><strong>lluc</strong></span> <span class='ocrx_word' id='word_1_620' title='bbox 1421 1430 1522 1462; x_wconf 78' lang='lat' dir='ltr'><strong>adesto,</strong></span> <span class='ocrx_word' id='word_1_621' title='bbox 1549 1431 1635 1465; x_wconf 84' lang='lat' dir='ltr'><strong>inquit</strong></span> <span class='ocrx_word' id='word_1_622' title='bbox 1651 1431 1724 1457; x_wconf 89' lang='lat' dir='ltr'><strong>hom.</strong></span> <span class='ocrx_word' id='word_1_623' title='bbox 1739 1431 1768 1456; x_wconf 82' lang='lat' dir='ltr'><strong>de</strong></span> <span class='ocrx_word' id='word_1_624' title='bbox 1781 1438 1808 1455; x_wconf 70' lang='lat' dir='ltr'><strong>eo</strong></span> 
     </span>
    </p>
   </div>
   <div class='ocr_carea' id='block_1_88' title="bbox 1027 1476 1808 1512">
    <p class='ocr_par' dir='ltr' id='par_1_88' title="bbox 1027 1476 1808 1512">
     <span class='ocr_line' id='line_1_88' title="bbox 1027 1476 1808 1512; baseline 0 -10"><span class='ocrx_word' id='word_1_625' title='bbox 1027 1477 1071 1512; x_wconf 87' lang='lat' dir='ltr'><strong>qui</strong></span> <span class='ocrx_word' id='word_1_626' title='bbox 1092 1477 1201 1503; x_wconf 85' lang='lat' dir='ltr'><strong>habebat</strong></span> <span class='ocrx_word' id='word_1_627' title='bbox 1231 1477 1357 1511; x_wconf 81' lang='lat' dir='ltr'><strong>legionem</strong></span> <span class='ocrx_word' id='word_1_628' title='bbox 1386 1478 1534 1503; x_wconf 76' lang='lat' dir='ltr'><strong>da&#39;monum</strong></span> <span class='ocrx_word' id='word_1_629' title='bbox 1554 1476 1661 1511; x_wconf 86' lang='lat' dir='ltr'><strong>(lmmil.</strong></span> <span class='ocrx_word' id='word_1_630' title='bbox 1676 1477 1724 1510; x_wconf 70' lang='lat' dir='ltr'><strong>lx).</strong></span> <span class='ocrx_word' id='word_1_631' title='bbox 1737 1480 1808 1510; x_wconf 79' lang='lat' dir='ltr'><strong>quol-</strong></span> 
     </span>
    </p>
   </div>
   <div class='ocr_carea' id='block_1_89' title="bbox 1027 1521 1808 1557">
    <p class='ocr_par' dir='ltr' id='par_1_89' title="bbox 1027 1521 1808 1557">
     <span class='ocr_line' id='line_1_89' title="bbox 1027 1521 1808 1557; baseline -0.003 -9"><span class='ocrx_word' id='word_1_632' title='bbox 1027 1528 1088 1556; x_wconf 85' lang='lat' dir='ltr'><strong>quot</strong></span> <span class='ocrx_word' id='word_1_633' title='bbox 1106 1527 1229 1557; x_wconf 87' lang='lat' dir='ltr'><strong>tauquam</strong></span> <span class='ocrx_word' id='word_1_634' title='bbox 1246 1531 1260 1548; x_wconf 91' lang='lat' dir='ltr'><strong>a</strong></span> <span class='ocrx_word' id='word_1_635' title='bbox 1276 1522 1435 1549; x_wconf 82' lang='lat' dir='ltr'><strong>damtonibus</strong></span> <span class='ocrx_word' id='word_1_636' title='bbox 1451 1522 1488 1548; x_wconf 87' lang='lat' dir='ltr'><strong>sic</strong></span> <span class='ocrx_word' id='word_1_637' title='bbox 1504 1530 1520 1548; x_wconf 80' lang='grc' dir='ltr'><em>α</em></span> <span class='ocrx_word' id='word_1_638' title='bbox 1540 1521 1709 1556; x_wconf 74' lang='lat' dir='ltr'><strong>passionibus</strong></span> <span class='ocrx_word' id='word_1_639' title='bbox 1725 1527 1808 1555; x_wconf 83' lang='lat' dir='ltr'><strong>tyran-</strong></span> 
     </span>
    </p>
   </div>
   <div class='ocr_carea' id='block_1_90' title="bbox 1028 1566 1807 1606">
    <p class='ocr_par' dir='ltr' id='par_1_90' title="bbox 1028 1566 1807 1606">
     <span class='ocr_line' id='line_1_90' title="bbox 1028 1566 1807 1606; baseline -0.004 -12"><span class='ocrx_word' id='word_1_640' title='bbox 1028 1569 1086 1594; x_wconf 81' lang='lat' dir='ltr'><strong>nica</strong></span> <span class='ocrx_word' id='word_1_641' title='bbox 1105 1569 1245 1601; x_wconf 83' lang='lat' dir='ltr'><strong>premimur</strong></span> <span class='ocrx_word' id='word_1_642' title='bbox 1261 1567 1413 1598; x_wconf 84' lang='lat' dir='ltr'><strong>dominatu;</strong></span> <span class='ocrx_word' id='word_1_643' title='bbox 1429 1571 1452 1593; x_wconf 83' lang='lat' dir='ltr'><strong>et</strong></span> <span class='ocrx_word' id='word_1_644' title='bbox 1473 1567 1542 1606; x_wconf 69' lang='lat' dir='ltr'><strong>hanc</strong></span> <span class='ocrx_word' id='word_1_645' title='bbox 1561 1567 1701 1593; x_wconf 86' lang='lat' dir='ltr'><strong>historiam</strong></span> <span class='ocrx_word' id='word_1_646' title='bbox 1717 1566 1750 1592; x_wconf 87' lang='lat' dir='ltr'><strong>nd</strong></span> <span class='ocrx_word' id='word_1_647' title='bbox 1765 1573 1807 1591; x_wconf 84' lang='lat' dir='ltr'><strong>nol</strong></span> 
     </span>
    </p>
   </div>
   <div class='ocr_carea' id='block_1_91' title="bbox 1028 1611 1823 1647">
    <p class='ocr_par' dir='ltr' id='par_1_91' title="bbox 1028 1611 1823 1647">
     <span class='ocr_line' id='line_1_91' title="bbox 1028 1611 1823 1647; baseline -0.006 -8"><span class='ocrx_word' id='word_1_648' title='bbox 1028 1614 1096 1647; x_wconf 81' lang='lat' dir='ltr'><strong>ipsos</strong></span> <span class='ocrx_word' id='word_1_649' title='bbox 1109 1612 1332 1639; x_wconf 69' lang='lat' dir='ltr'><strong>accommodamus</strong></span> <span class='ocrx_word' id='word_1_650' title='bbox 1347 1621 1356 1640; x_wconf 88' lang='lat'><strong><em>:</em></strong></span> <span class='ocrx_word' id='word_1_651' title='bbox 1371 1620 1426 1639; x_wconf 71' lang='lat' dir='ltr'><strong>rere</strong></span> <span class='ocrx_word' id='word_1_652' title='bbox 1438 1612 1506 1639; x_wconf 86' lang='lat' dir='ltr'><strong>enim</strong></span> <span class='ocrx_word' id='word_1_653' title='bbox 1520 1620 1535 1637; x_wconf 92' lang='lat' dir='ltr'><strong>a</strong></span> <span class='ocrx_word' id='word_1_654' title='bbox 1551 1612 1652 1646; x_wconf 84' lang='lat' dir='ltr'><strong>legione</strong></span> <span class='ocrx_word' id='word_1_655' title='bbox 1665 1611 1781 1637; x_wconf 78' lang='lat' dir='ltr'><strong>da‘monu</strong></span> <span class='ocrx_word' id='word_1_656' title='bbox 1793 1618 1805 1634; x_wconf 67' lang='grc' dir='ltr'><strong>ιι</strong></span> <span class='ocrx_word' id='word_1_657' title='bbox 1820 1639 1823 1644; x_wconf 35' lang='grc' dir='ltr'><strong>η</strong></span> 
     </span>
    </p>
   </div>
   <div class='ocr_carea' id='block_1_92' title="bbox 1027 1657 1805 1694">
    <p class='ocr_par' dir='ltr' id='par_1_92' title="bbox 1027 1657 1805 1694">
     <span class='ocr_line' id='line_1_92' title="bbox 1027 1657 1805 1694; baseline -0.005 -9"><span class='ocrx_word' id='word_1_658' title='bbox 1027 1659 1183 1692; x_wconf 83' lang='lat' dir='ltr'><strong>possidetur,</strong></span> <span class='ocrx_word' id='word_1_659' title='bbox 1199 1659 1242 1694; x_wconf 87' lang='lat' dir='ltr'><strong>qui</strong></span> <span class='ocrx_word' id='word_1_660' title='bbox 1263 1663 1428 1692; x_wconf 75' lang='lat' dir='ltr'><strong>peccatorum</strong></span> <span class='ocrx_word' id='word_1_661' title='bbox 1445 1658 1614 1685; x_wconf 82' lang='lat' dir='ltr'><strong>multitudine</strong></span> <span class='ocrx_word' id='word_1_662' title='bbox 1635 1657 1771 1692; x_wconf 81' lang='lat' dir='ltr'><strong>premitur,</strong></span> <span class='ocrx_word' id='word_1_663' title='bbox 1783 1660 1805 1682; x_wconf 90' lang='lat' dir='ltr'><strong>et</strong></span> 
     </span>
    </p>
   </div>
   <div class='ocr_carea' id='block_1_93' title="bbox 1027 1702 1806 1740">
    <p class='ocr_par' dir='ltr' id='par_1_93' title="bbox 1027 1702 1806 1740">
     <span class='ocr_line' id='line_1_93' title="bbox 1027 1702 1806 1740; baseline -0.008 -8"><span class='ocrx_word' id='word_1_664' title='bbox 1027 1710 1122 1733; x_wconf 74' lang='lat' dir='ltr'><strong>cmtera</strong></span> <span class='ocrx_word' id='word_1_665' title='bbox 1142 1705 1262 1740; x_wconf 78' lang='lat' dir='ltr'><strong>legantur</strong></span> <span class='ocrx_word' id='word_1_666' title='bbox 1277 1704 1303 1732; x_wconf 88' lang='lat' dir='ltr'><strong>in</strong></span> <span class='ocrx_word' id='word_1_667' title='bbox 1317 1704 1414 1739; x_wconf 83' lang='lat' dir='ltr'><strong>quibus</strong></span> <span class='ocrx_word' id='word_1_668' title='bbox 1437 1704 1649 1738; x_wconf 87' lang='lat' dir='ltr'><strong>uniuscujusque</strong></span> <span class='ocrx_word' id='word_1_669' title='bbox 1669 1702 1806 1737; x_wconf 65' lang='lat' dir='ltr'><strong>passionis,</strong></span> 
     </span>
    </p>
   </div>
   <div class='ocr_carea' id='block_1_94' title="bbox 1027 1747 1805 1786">
    <p class='ocr_par' dir='ltr' id='par_1_94' title="bbox 1027 1747 1805 1786">
     <span class='ocr_line' id='line_1_94' title="bbox 1027 1747 1805 1786; baseline -0.008 -8"><span class='ocrx_word' id='word_1_670' title='bbox 1027 1751 1176 1786; x_wconf 53' lang='lat' dir='ltr'><strong>praesertim</strong></span> <span class='ocrx_word' id='word_1_671' title='bbox 1190 1757 1254 1777; x_wconf 81' lang='lat' dir='ltr'><strong>vero</strong></span> <span class='ocrx_word' id='word_1_672' title='bbox 1269 1749 1325 1781; x_wconf 80' lang='lat' dir='ltr'><strong>irae,</strong></span> <span class='ocrx_word' id='word_1_673' title='bbox 1343 1750 1540 1777; x_wconf 80' lang='lat' dir='ltr'><strong>deformitatem</strong></span> <span class='ocrx_word' id='word_1_674' title='bbox 1559 1749 1676 1776; x_wconf 75' lang='lat' dir='ltr'><strong>maxime</strong></span> <span class='ocrx_word' id='word_1_675' title='bbox 1693 1747 1805 1782; x_wconf 74' lang='lat' dir='ltr'><strong>depingit</strong></span> 
     </span>
    </p>
   </div>
   <div class='ocr_carea' id='block_1_95' title="bbox 1027 1793 1804 1824">
    <p class='ocr_par' dir='ltr' id='par_1_95' title="bbox 1027 1793 1804 1824">
     <span class='ocr_line' id='line_1_95' title="bbox 1027 1793 1804 1824; baseline -0.008 0"><span class='ocrx_word' id='word_1_676' title='bbox 1027 1803 1054 1824; x_wconf 84' lang='lat' dir='ltr'><strong>et</strong></span> <span class='ocrx_word' id='word_1_677' title='bbox 1067 1797 1223 1824; x_wconf 78' lang='lat' dir='ltr'><strong>detestatur.</strong></span> <span class='ocrx_word' id='word_1_678' title='bbox 1237 1795 1294 1822; x_wconf 87' lang='lat' dir='ltr'><strong>Alia</strong></span> <span class='ocrx_word' id='word_1_679' title='bbox 1308 1795 1389 1822; x_wconf 89' lang='lat' dir='ltr'><strong>etiam</strong></span> <span class='ocrx_word' id='word_1_680' title='bbox 1404 1795 1534 1822; x_wconf 83' lang='lat' dir='ltr'><strong>virtutum</strong></span> <span class='ocrx_word' id='word_1_681' title='bbox 1550 1794 1663 1821; x_wconf 81' lang='lat' dir='ltr'><strong>aliarum</strong></span> <span class='ocrx_word' id='word_1_682' title='bbox 1680 1793 1772 1821; x_wconf 85' lang='lat' dir='ltr'><strong>indicia</strong></span> <span class='ocrx_word' id='word_1_683' title='bbox 1785 1793 1804 1818; x_wconf 91' lang='lat' dir='ltr'><strong>si</strong></span> 
     </span>
    </p>
   </div>
   <div class='ocr_carea' id='block_1_96' title="bbox 1028 1839 1806 1876">
    <p class='ocr_par' dir='ltr' id='par_1_96' title="bbox 1028 1839 1806 1876">
     <span class='ocr_line' id='line_1_96' title="bbox 1028 1839 1806 1876; baseline -0.008 -6"><span class='ocrx_word' id='word_1_684' title='bbox 1028 1851 1080 1870; x_wconf 89' lang='lat' dir='ltr'><strong>non</strong></span> <span class='ocrx_word' id='word_1_685' title='bbox 1103 1850 1242 1876; x_wconf 81' lang='lat' dir='ltr'><strong>expressa,</strong></span> <span class='ocrx_word' id='word_1_686' title='bbox 1265 1847 1338 1869; x_wconf 87' lang='lat' dir='ltr'><strong>certe</strong></span> <span class='ocrx_word' id='word_1_687' title='bbox 1360 1841 1517 1868; x_wconf 83' lang='lat' dir='ltr'><strong>adumbrata</strong></span> <span class='ocrx_word' id='word_1_688' title='bbox 1540 1840 1628 1876; x_wconf 79' lang='lat' dir='ltr'><strong>quivis</strong></span> <span class='ocrx_word' id='word_1_689' title='bbox 1650 1840 1733 1866; x_wconf 89' lang='lat' dir='ltr'><strong>ctiam</strong></span> <span class='ocrx_word' id='word_1_690' title='bbox 1755 1839 1806 1865; x_wconf 82' lang='lat' dir='ltr'><strong>sine</strong></span> 
     </span>
    </p>
   </div>
   <div class='ocr_carea' id='block_1_97' title="bbox 1027 1885 1804 1921">
    <p class='ocr_par' dir='ltr' id='par_1_97' title="bbox 1027 1885 1804 1921">
     <span class='ocr_line' id='line_1_97' title="bbox 1027 1885 1804 1921; baseline -0.006 -5"><span class='ocrx_word' id='word_1_691' title='bbox 1027 1897 1085 1916; x_wconf 83' lang='lat' dir='ltr'><strong>mea</strong></span> <span class='ocrx_word' id='word_1_692' title='bbox 1101 1889 1151 1916; x_wconf 86' lang='lat' dir='ltr'><strong>hac</strong></span> <span class='ocrx_word' id='word_1_693' title='bbox 1171 1888 1372 1916; x_wconf 87' lang='lat' dir='ltr'><strong>enumeratione</strong></span> <span class='ocrx_word' id='word_1_694' title='bbox 1390 1887 1596 1918; x_wconf 77' lang='lat' dir='ltr'><strong>animadvertet,</strong></span> <span class='ocrx_word' id='word_1_695' title='bbox 1620 1894 1682 1921; x_wconf 79' lang='lat' dir='ltr'><strong>qua:-</strong></span> <span class='ocrx_word' id='word_1_696' title='bbox 1705 1885 1804 1920; x_wconf 85' lang='lat' dir='ltr'><strong>quidem</strong></span> 
     </span>
    </p>
   </div>
   <div class='ocr_carea' id='block_1_98' title="bbox 1027 1931 1805 1968">
    <p class='ocr_par' dir='ltr' id='par_1_98' title="bbox 1027 1931 1805 1968">
     <span class='ocr_line' id='line_1_98' title="bbox 1027 1931 1805 1968; baseline -0.006 -6"><span class='ocrx_word' id='word_1_697' title='bbox 1027 1936 1061 1962; x_wconf 90' lang='lat' dir='ltr'><strong>iis</strong></span> <span class='ocrx_word' id='word_1_698' title='bbox 1079 1934 1218 1968; x_wconf 72' lang='lat' dir='ltr'><strong>praeditum</strong></span> <span class='ocrx_word' id='word_1_699' title='bbox 1237 1933 1318 1968; x_wconf 89' lang='lat' dir='ltr'><strong>hujus</strong></span> <span class='ocrx_word' id='word_1_700' title='bbox 1335 1938 1472 1960; x_wconf 80' lang='lat' dir='ltr'><strong>auctorem</strong></span> <span class='ocrx_word' id='word_1_701' title='bbox 1490 1933 1578 1968; x_wconf 89' lang='lat' dir='ltr'><strong>operis</strong></span> <span class='ocrx_word' id='word_1_702' title='bbox 1597 1932 1729 1960; x_wconf 90' lang='lat' dir='ltr'><strong>indicant.</strong></span> <span class='ocrx_word' id='word_1_703' title='bbox 1745 1931 1805 1958; x_wconf 75' lang='lat' dir='ltr'><strong>illud</strong></span> 
     </span>
    </p>
   </div>
   <div class='ocr_carea' id='block_1_99' title="bbox 1028 1978 1805 2014">
    <p class='ocr_par' dir='ltr' id='par_1_99' title="bbox 1028 1978 1805 2014">
     <span class='ocr_line' id='line_1_99' title="bbox 1028 1978 1805 2014; baseline -0.004 -7"><span class='ocrx_word' id='word_1_704' title='bbox 1028 1988 1090 2008; x_wconf 85' lang='lat' dir='ltr'><strong>vero</strong></span> <span class='ocrx_word' id='word_1_705' title='bbox 1105 1981 1189 2008; x_wconf 91' lang='lat' dir='ltr'><strong>solum</strong></span> <span class='ocrx_word' id='word_1_706' title='bbox 1204 1981 1237 2008; x_wconf 90' lang='lat' dir='ltr'><strong>ad</strong></span> <span class='ocrx_word' id='word_1_707' title='bbox 1253 1981 1309 2008; x_wconf 60' lang='lat' dir='ltr'><strong>hate</strong></span> <span class='ocrx_word' id='word_1_708' title='bbox 1324 1985 1415 2007; x_wconf 86' lang='lat' dir='ltr'><strong>nostra</strong></span> <span class='ocrx_word' id='word_1_709' title='bbox 1433 1979 1608 2014; x_wconf 88' lang='lat' dir='ltr'><strong>conjectanea</strong></span> <span class='ocrx_word' id='word_1_710' title='bbox 1625 1978 1805 2013; x_wconf 78' lang='lat' dir='ltr'><strong>consignanda</strong></span> 
     </span>
    </p>
   </div>
   <div class='ocr_carea' id='block_1_100' title="bbox 1027 2026 1804 2060">
    <p class='ocr_par' dir='ltr' id='par_1_100' title="bbox 1027 2026 1804 2060">
     <span class='ocr_line' id='line_1_100' title="bbox 1027 2026 1804 2060; baseline -0.004 -7"><span class='ocrx_word' id='word_1_711' title='bbox 1027 2028 1104 2053; x_wconf 84' lang='lat' dir='ltr'><strong>nobis</strong></span> <span class='ocrx_word' id='word_1_712' title='bbox 1124 2027 1206 2057; x_wconf 76' lang='lat' dir='ltr'><strong>deest,</strong></span> <span class='ocrx_word' id='word_1_713' title='bbox 1231 2033 1304 2054; x_wconf 89' lang='lat' dir='ltr'><strong>mors</strong></span> <span class='ocrx_word' id='word_1_714' title='bbox 1325 2027 1385 2053; x_wconf 83' lang='lat' dir='ltr'><strong>vita:</strong></span> <span class='ocrx_word' id='word_1_715' title='bbox 1407 2026 1590 2060; x_wconf 64' lang='lat' dir='ltr'><strong>doctrinaeque</strong></span> <span class='ocrx_word' id='word_1_716' title='bbox 1611 2030 1804 2055; x_wconf 84' lang='lat' dir='ltr'><strong>consentanea,</strong></span> 
     </span>
    </p>
   </div>
   <div class='ocr_carea' id='block_1_101' title="bbox 1028 2070 1806 2106">
    <p class='ocr_par' dir='ltr' id='par_1_101' title="bbox 1028 2070 1806 2106">
     <span class='ocr_line' id='line_1_101' title="bbox 1028 2070 1806 2106; baseline -0.006 -7"><span class='ocrx_word' id='word_1_717' title='bbox 1028 2073 1060 2100; x_wconf 87' lang='lat' dir='ltr'><strong>de</strong></span> <span class='ocrx_word' id='word_1_718' title='bbox 1075 2080 1126 2106; x_wconf 84' lang='lat' dir='ltr'><strong>qua</strong></span> <span class='ocrx_word' id='word_1_719' title='bbox 1143 2073 1270 2106; x_wconf 85' lang='lat' dir='ltr'><strong>quoniam</strong></span> <span class='ocrx_word' id='word_1_720' title='bbox 1288 2071 1314 2099; x_wconf 93' lang='lat' dir='ltr'><strong>in</strong></span> <span class='ocrx_word' id='word_1_721' title='bbox 1333 2071 1488 2106; x_wconf 87' lang='lat' dir='ltr'><strong>perturbata</strong></span> <span class='ocrx_word' id='word_1_722' title='bbox 1506 2070 1549 2097; x_wconf 88' lang='lat' dir='ltr'><strong>illa</strong></span> <span class='ocrx_word' id='word_1_723' title='bbox 1568 2070 1662 2097; x_wconf 86' lang='lat' dir='ltr'><strong>incidit</strong></span> <span class='ocrx_word' id='word_1_724' title='bbox 1681 2075 1806 2103; x_wconf 82' lang='lat' dir='ltr'><strong>tempera,</strong></span> 
     </span>
    </p>
   </div>
   <div class='ocr_carea' id='block_1_102' title="bbox 1028 2115 1806 2152">
    <p class='ocr_par' dir='ltr' id='par_1_102' title="bbox 1028 2115 1806 2152">
     <span class='ocr_line' id='line_1_102' title="bbox 1028 2115 1806 2152; baseline -0.006 -7"><span class='ocrx_word' id='word_1_725' title='bbox 1028 2120 1093 2145; x_wconf 88' lang='lat' dir='ltr'><strong>certi</strong></span> <span class='ocrx_word' id='word_1_726' title='bbox 1111 2117 1244 2152; x_wconf 88' lang='lat' dir='ltr'><strong>quidpiam</strong></span> <span class='ocrx_word' id='word_1_727' title='bbox 1262 2125 1295 2145; x_wconf 75' lang='lat' dir='ltr'><strong>ex</strong></span> <span class='ocrx_word' id='word_1_728' title='bbox 1312 2117 1432 2144; x_wconf 81' lang='lat' dir='ltr'><strong>historiis</strong></span> <span class='ocrx_word' id='word_1_729' title='bbox 1448 2116 1489 2144; x_wconf 84' lang='lat' dir='ltr'><strong>vel</strong></span> <span class='ocrx_word' id='word_1_730' title='bbox 1508 2116 1697 2144; x_wconf 88' lang='lat' dir='ltr'><strong>traditionibus</strong></span> <span class='ocrx_word' id='word_1_731' title='bbox 1714 2115 1806 2142; x_wconf 86' lang='lat' dir='ltr'><strong>habere</strong></span> 
     </span>
    </p>
   </div>
   <div class='ocr_carea' id='block_1_103' title="bbox 1025 2162 1807 2196">
    <p class='ocr_par' dir='ltr' id='par_1_103' title="bbox 1025 2162 1807 2196">
     <span class='ocr_line' id='line_1_103' title="bbox 1025 2162 1807 2196; baseline -0.006 -6"><span class='ocrx_word' id='word_1_732' title='bbox 1025 2171 1079 2190; x_wconf 89' lang='lat' dir='ltr'><strong>non</strong></span> <span class='ocrx_word' id='word_1_733' title='bbox 1095 2163 1241 2196; x_wconf 89' lang='lat' dir='ltr'><strong>potuimus.</strong></span> <span class='ocrx_word' id='word_1_734' title='bbox 1257 2163 1289 2189; x_wconf 86' lang='lat' dir='ltr'><strong>Et</strong></span> <span class='ocrx_word' id='word_1_735' title='bbox 1303 2163 1365 2196; x_wconf 88' lang='lat' dir='ltr'><strong>quid</strong></span> <span class='ocrx_word' id='word_1_736' title='bbox 1381 2162 1477 2189; x_wconf 90' lang='lat' dir='ltr'><strong>mirum</strong></span> <span class='ocrx_word' id='word_1_737' title='bbox 1496 2162 1547 2189; x_wconf 89' lang='lat' dir='ltr'><strong>hoc</strong></span> <span class='ocrx_word' id='word_1_738' title='bbox 1564 2162 1659 2189; x_wconf 61' lang='lat' dir='ltr'><strong>deesse</strong></span> <span class='ocrx_word' id='word_1_739' title='bbox 1677 2162 1703 2188; x_wconf 90' lang='lat' dir='ltr'><strong>in</strong></span> <span class='ocrx_word' id='word_1_740' title='bbox 1721 2167 1807 2188; x_wconf 76' lang='lat' dir='ltr'><strong>nosrro</strong></span> 
     </span>
    </p>
   </div>
   <div class='ocr_carea' id='block_1_104' title="bbox 1025 2208 1807 2242">
    <p class='ocr_par' dir='ltr' id='par_1_104' title="bbox 1025 2208 1807 2242">
     <span class='ocr_line' id='line_1_104' title="bbox 1025 2208 1807 2242; baseline -0.006 -6"><span class='ocrx_word' id='word_1_741' title='bbox 1025 2208 1200 2242; x_wconf 73' lang='lat' dir='ltr'><strong>Theophane,</strong></span> <span class='ocrx_word' id='word_1_742' title='bbox 1223 2217 1282 2236; x_wconf 90' lang='lat' dir='ltr'><strong>cutn</strong></span> <span class='ocrx_word' id='word_1_743' title='bbox 1307 2208 1364 2242; x_wconf 86' lang='lat' dir='ltr'><strong>ejus</strong></span> <span class='ocrx_word' id='word_1_744' title='bbox 1388 2209 1450 2236; x_wconf 74' lang='lat' dir='ltr'><strong>vita:</strong></span> <span class='ocrx_word' id='word_1_745' title='bbox 1473 2213 1636 2242; x_wconf 88' lang='lat' dir='ltr'><strong>postremam</strong></span> <span class='ocrx_word' id='word_1_746' title='bbox 1662 2212 1766 2242; x_wconf 86' lang='lat' dir='ltr'><strong>partem</strong></span> <span class='ocrx_word' id='word_1_747' title='bbox 1782 2211 1807 2232; x_wconf 88' lang='lat' dir='ltr'><strong>et</strong></span> 
     </span>
    </p>
   </div>
   <div class='ocr_carea' id='block_1_105' title="bbox 1026 2253 1804 2289">
    <p class='ocr_par' dir='ltr' id='par_1_105' title="bbox 1026 2253 1804 2289">
     <span class='ocr_line' id='line_1_105' title="bbox 1026 2253 1804 2289; baseline -0.006 -7"><span class='ocrx_word' id='word_1_748' title='bbox 1026 2261 1139 2282; x_wconf 83' lang='lat' dir='ltr'><strong>mortem</strong></span> <span class='ocrx_word' id='word_1_749' title='bbox 1163 2256 1306 2282; x_wconf 85' lang='lat' dir='ltr'><strong>obscurum</strong></span> <span class='ocrx_word' id='word_1_750' title='bbox 1332 2254 1468 2289; x_wconf 83' lang='lat' dir='ltr'><strong>exceperit</strong></span> <span class='ocrx_word' id='word_1_751' title='bbox 1492 2255 1630 2285; x_wconf 63' lang='lat' dir='ltr'><strong>saeculum,</strong></span> <span class='ocrx_word' id='word_1_752' title='bbox 1657 2258 1687 2280; x_wconf 91' lang='lat' dir='ltr'><strong>ut</strong></span> <span class='ocrx_word' id='word_1_753' title='bbox 1707 2253 1761 2287; x_wconf 88' lang='lat' dir='ltr'><strong>jam</strong></span> <span class='ocrx_word' id='word_1_754' title='bbox 1781 2253 1804 2278; x_wconf 92' lang='lat' dir='ltr'><strong>in</strong></span> 
     </span>
    </p>
   </div>
   <div class='ocr_carea' id='block_1_106' title="bbox 1025 2297 1804 2335">
    <p class='ocr_par' dir='ltr' id='par_1_106' title="bbox 1025 2297 1804 2335">
     <span class='ocr_line' id='line_1_106' title="bbox 1025 2297 1804 2335; baseline -0.004 -9"><span class='ocrx_word' id='word_1_755' title='bbox 1025 2301 1156 2335; x_wconf 84' lang='lat' dir='ltr'><strong>prooemio</strong></span> <span class='ocrx_word' id='word_1_756' title='bbox 1171 2301 1202 2327; x_wconf 91' lang='lat' dir='ltr'><strong>ad</strong></span> <span class='ocrx_word' id='word_1_757' title='bbox 1218 2301 1332 2328; x_wconf 77' lang='lat' dir='ltr'><strong>lectores</strong></span> <span class='ocrx_word' id='word_1_758' title='bbox 1345 2300 1482 2332; x_wconf 90' lang='lat' dir='ltr'><strong>admonui,</strong></span> <span class='ocrx_word' id='word_1_759' title='bbox 1497 2307 1550 2333; x_wconf 91' lang='lat' dir='ltr'><strong>quo</strong></span> <span class='ocrx_word' id='word_1_760' title='bbox 1565 2300 1665 2327; x_wconf 66' lang='lat' dir='ltr'><strong>saeculo</strong></span> <span class='ocrx_word' id='word_1_761' title='bbox 1682 2305 1764 2334; x_wconf 86' lang='lat' dir='ltr'><strong>usque</strong></span> <span class='ocrx_word' id='word_1_762' title='bbox 1775 2297 1804 2323; x_wconf 90' lang='lat' dir='ltr'><strong>ad</strong></span> 
     </span>
    </p>
   </div>
   <div class='ocr_carea' id='block_1_107' title="bbox 1024 2334 1805 2380">
    <p class='ocr_par' dir='ltr' id='par_1_107' title="bbox 1024 2334 1805 2380">
     <span class='ocr_line' id='line_1_107' title="bbox 1024 2334 1805 2380; baseline -0.008 -7"><span class='ocrx_word' id='word_1_763' title='bbox 1024 2334 1189 2373; x_wconf 82' lang='lat' dir='ltr'><strong>Clementem</strong></span> <span class='ocrx_word' id='word_1_764' title='bbox 1207 2334 1227 2371; x_wconf 84' lang='lat' dir='ltr'><strong>ll</strong></span> <span class='ocrx_word' id='word_1_765' title='bbox 1245 2350 1319 2379; x_wconf 91' lang='lat' dir='ltr'><strong>pont.</strong></span> <span class='ocrx_word' id='word_1_766' title='bbox 1342 2346 1421 2372; x_wconf 78' lang='lat' dir='ltr'><strong>etiam</strong></span> <span class='ocrx_word' id='word_1_767' title='bbox 1444 2349 1516 2380; x_wconf 77' lang='lat' dir='ltr'><strong>gesta</strong></span> <span class='ocrx_word' id='word_1_768' title='bbox 1542 2343 1698 2378; x_wconf 80' lang='lat' dir='ltr'><strong>pontillctun</strong></span> <span class='ocrx_word' id='word_1_769' title='bbox 1721 2344 1745 2368; x_wconf 91' lang='lat' dir='ltr'><strong>in</strong></span> <span class='ocrx_word' id='word_1_770' title='bbox 1760 2342 1805 2368; x_wconf 87' lang='lat' dir='ltr'><strong>ob-</strong></span> 
     </span>
    </p>
   </div>
   <div class='ocr_carea' id='block_1_108' title="bbox 1026 2389 1805 2426">
    <p class='ocr_par' dir='ltr' id='par_1_108' title="bbox 1026 2389 1805 2426">
     <span class='ocr_line' id='line_1_108' title="bbox 1026 2389 1805 2426; baseline -0.009 -7"><span class='ocrx_word' id='word_1_771' title='bbox 1026 2399 1105 2419; x_wconf 76' lang='lat' dir='ltr'><strong>scuro</strong></span> <span class='ocrx_word' id='word_1_772' title='bbox 1117 2392 1274 2426; x_wconf 82' lang='lat' dir='ltr'><strong>incertoque</strong></span> <span class='ocrx_word' id='word_1_773' title='bbox 1287 2395 1359 2423; x_wconf 91' lang='lat' dir='ltr'><strong>sunt,</strong></span> <span class='ocrx_word' id='word_1_774' title='bbox 1373 2398 1433 2418; x_wconf 85' lang='lat' dir='ltr'><strong>cum</strong></span> <span class='ocrx_word' id='word_1_775' title='bbox 1451 2396 1606 2424; x_wconf 88' lang='lat' dir='ltr'><strong>perpetuum</strong></span> <span class='ocrx_word' id='word_1_776' title='bbox 1621 2398 1676 2416; x_wconf 89' lang='lat' dir='ltr'><strong>non</strong></span> <span class='ocrx_word' id='word_1_777' title='bbox 1695 2389 1805 2415; x_wconf 85' lang='lat' dir='ltr'><strong>habeant</strong></span> 
     </span>
    </p>
   </div>
   <div class='ocr_carea' id='block_1_109' title="bbox 1026 2436 1803 2472">
    <p class='ocr_par' dir='ltr' id='par_1_109' title="bbox 1026 2436 1803 2472">
     <span class='ocr_line' id='line_1_109' title="bbox 1026 2436 1803 2472; baseline -0.008 -8"><span class='ocrx_word' id='word_1_778' title='bbox 1026 2438 1196 2472; x_wconf 77' lang='lat' dir='ltr'><strong>scriptorem.</strong></span> <span class='ocrx_word' id='word_1_779' title='bbox 1212 2442 1239 2464; x_wconf 89' lang='lat' dir='ltr'><strong>et</strong></span> <span class='ocrx_word' id='word_1_780' title='bbox 1255 2436 1381 2470; x_wconf 85' lang='lat' dir='ltr'><strong>majorem</strong></span> <span class='ocrx_word' id='word_1_781' title='bbox 1398 2443 1507 2463; x_wconf 81' lang='lat' dir='ltr'><strong>suorum</strong></span> <span class='ocrx_word' id='word_1_782' title='bbox 1523 2436 1685 2468; x_wconf 84' lang='lat' dir='ltr'><strong>scriptorum</strong></span> <span class='ocrx_word' id='word_1_783' title='bbox 1706 2439 1803 2468; x_wconf 86' lang='lat' dir='ltr'><strong>partem</strong></span> 
     </span>
    </p>
   </div>
   <div class='ocr_carea' id='block_1_110' title="bbox 1026 2480 1804 2516">
    <p class='ocr_par' dir='ltr' id='par_1_110' title="bbox 1026 2480 1804 2516">
     <span class='ocr_line' id='line_1_110' title="bbox 1026 2480 1804 2516; baseline -0.006 -7"><span class='ocrx_word' id='word_1_784' title='bbox 1026 2482 1175 2514; x_wconf 86' lang='lat' dir='ltr'><strong>amiserint,</strong></span> <span class='ocrx_word' id='word_1_785' title='bbox 1189 2488 1307 2516; x_wconf 84' lang='lat' dir='ltr'><strong>tempora</strong></span> <span class='ocrx_word' id='word_1_786' title='bbox 1320 2483 1386 2508; x_wconf 82' lang='lat' dir='ltr'><strong>adeo</strong></span> <span class='ocrx_word' id='word_1_787' title='bbox 1398 2482 1512 2508; x_wconf 56' lang='lat' dir='ltr'><strong>obseura</strong></span> <span class='ocrx_word' id='word_1_788' title='bbox 1525 2486 1550 2507; x_wconf 87' lang='lat' dir='ltr'><strong>et</strong></span> <span class='ocrx_word' id='word_1_789' title='bbox 1564 2481 1666 2507; x_wconf 85' lang='lat' dir='ltr'><strong>incerta</strong></span> <span class='ocrx_word' id='word_1_790' title='bbox 1683 2480 1804 2509; x_wconf 83' lang='lat' dir='ltr'><strong>habeant,</strong></span> 
     </span>
    </p>
   </div>
   <div class='ocr_carea' id='block_1_111' title="bbox 1026 2526 1804 2563">
    <p class='ocr_par' dir='ltr' id='par_1_111' title="bbox 1026 2526 1804 2563">
     <span class='ocr_line' id='line_1_111' title="bbox 1026 2526 1804 2563; baseline -0.004 -7"><span class='ocrx_word' id='word_1_791' title='bbox 1026 2535 1055 2556; x_wconf 88' lang='lat' dir='ltr'><strong>ut</strong></span> <span class='ocrx_word' id='word_1_792' title='bbox 1072 2536 1157 2563; x_wconf 76' lang='lat' dir='ltr'><strong>neque</strong></span> <span class='ocrx_word' id='word_1_793' title='bbox 1174 2536 1227 2563; x_wconf 91' lang='lat' dir='ltr'><strong>quo</strong></span> <span class='ocrx_word' id='word_1_794' title='bbox 1247 2535 1378 2563; x_wconf 84' lang='lat' dir='ltr'><strong>tempore,</strong></span> <span class='ocrx_word' id='word_1_795' title='bbox 1395 2536 1480 2562; x_wconf 87' lang='lat' dir='ltr'><strong>neque</strong></span> <span class='ocrx_word' id='word_1_796' title='bbox 1496 2535 1550 2562; x_wconf 90' lang='lat' dir='ltr'><strong>quo</strong></span> <span class='ocrx_word' id='word_1_797' title='bbox 1568 2526 1638 2559; x_wconf 85' lang='lat' dir='ltr'><strong>loco,</strong></span> <span class='ocrx_word' id='word_1_798' title='bbox 1656 2533 1743 2560; x_wconf 83' lang='lat' dir='ltr'><strong>neque</strong></span> <span class='ocrx_word' id='word_1_799' title='bbox 1757 2533 1804 2560; x_wconf 83' lang='lat' dir='ltr'><strong>quo</strong></span> 
     </span>
    </p>
   </div>
   <div class='ocr_carea' id='block_1_112' title="bbox 1026 2574 1806 2608">
    <p class='ocr_par' dir='ltr' id='par_1_112' title="bbox 1026 2574 1806 2608">
     <span class='ocr_line' id='line_1_112' title="bbox 1026 2574 1806 2608; baseline -0.005 -6"><span class='ocrx_word' id='word_1_800' title='bbox 1026 2577 1119 2603; x_wconf 70' lang='lat' dir='ltr'><strong>ordine</strong></span> <span class='ocrx_word' id='word_1_801' title='bbox 1133 2576 1222 2608; x_wconf 86' lang='lat' dir='ltr'><strong>aliqua</strong></span> <span class='ocrx_word' id='word_1_802' title='bbox 1238 2576 1420 2602; x_wconf 77' lang='lat' dir='ltr'><strong>Romanorum</strong></span> <span class='ocrx_word' id='word_1_803' title='bbox 1436 2574 1590 2608; x_wconf 80' lang='lat' dir='ltr'><strong>pontiﬁcum</strong></span> <span class='ocrx_word' id='word_1_804' title='bbox 1607 2574 1717 2601; x_wconf 86' lang='lat' dir='ltr'><strong>nomina</strong></span> <span class='ocrx_word' id='word_1_805' title='bbox 1735 2580 1806 2606; x_wconf 83' lang='lat' dir='ltr'><strong>repe-</strong></span> 
     </span>
    </p>
   </div>
   <div class='ocr_carea' id='block_1_113' title="bbox 1027 2618 1803 2656">
    <p class='ocr_par' dir='ltr' id='par_1_113' title="bbox 1027 2618 1803 2656">
     <span class='ocr_line' id='line_1_113' title="bbox 1027 2618 1803 2656; baseline -0.008 -7"><span class='ocrx_word' id='word_1_806' title='bbox 1027 2623 1132 2649; x_wconf 82' lang='lat' dir='ltr'><strong>ri..n!nr</strong></span> <span class='ocrx_word' id='word_1_807' title='bbox 1148 2622 1213 2649; x_wconf 86' lang='lat' dir='ltr'><strong>satis</strong></span> <span class='ocrx_word' id='word_1_808' title='bbox 1236 2622 1336 2656; x_wconf 84' lang='lat' dir='ltr'><strong>liqueat</strong></span> <span class='ocrx_word' id='word_1_809' title='bbox 1353 2631 1359 2648; x_wconf 91' lang='lat'>:</span> <span class='ocrx_word' id='word_1_810' title='bbox 1377 2621 1448 2656; x_wconf 88' lang='lat' dir='ltr'><strong>quod</strong></span> <span class='ocrx_word' id='word_1_811' title='bbox 1472 2620 1593 2655; x_wconf 79' lang='lat' dir='ltr'><strong>deplorat</strong></span> <span class='ocrx_word' id='word_1_812' title='bbox 1608 2619 1766 2647; x_wconf 85' lang='lat' dir='ltr'><strong>Ciacconius</strong></span> <span class='ocrx_word' id='word_1_813' title='bbox 1781 2618 1803 2643; x_wconf 92' lang='lat' dir='ltr'><strong>in</strong></span> 
     </span>
    </p>
   </div>
   <div class='ocr_carea' id='block_1_114' title="bbox 1031 2665 1804 2702">
    <p class='ocr_par' dir='ltr' id='par_1_114' title="bbox 1031 2665 1804 2702">
     <span class='ocr_line' id='line_1_114' title="bbox 1031 2665 1804 2702; baseline -0.004 -8"><span class='ocrx_word' id='word_1_814' title='bbox 1031 2668 1097 2694; x_wconf 71' lang='lat' dir='ltr'><strong>Vitis</strong></span> <span class='ocrx_word' id='word_1_815' title='bbox 1120 2669 1273 2702; x_wconf 75' lang='lat' dir='ltr'><strong>ponti/icui&quot;</strong></span> <span class='ocrx_word' id='word_1_816' title='bbox 1305 2668 1429 2695; x_wconf 65' lang='lat' dir='ltr'><strong>editionis</strong></span> <span class='ocrx_word' id='word_1_817' title='bbox 1457 2673 1599 2702; x_wconf 74' lang='lat' dir='ltr'><strong>peslretntc</strong></span> <span class='ocrx_word' id='word_1_818' title='bbox 1623 2667 1648 2694; x_wconf 90' lang='lat' dir='ltr'><strong>in</strong></span> <span class='ocrx_word' id='word_1_819' title='bbox 1676 2667 1735 2693; x_wconf 77' lang='lat' dir='ltr'><strong>Vita</strong></span> <span class='ocrx_word' id='word_1_820' title='bbox 1761 2665 1804 2692; x_wconf 76' lang='lat' dir='ltr'><strong>Ni-</strong></span> 
     </span>
    </p>
   </div>
   <div class='ocr_carea' id='block_1_115' title="bbox 1024 2712 1804 2749">
    <p class='ocr_par' dir='ltr' id='par_1_115' title="bbox 1024 2712 1804 2749">
     <span class='ocr_line' id='line_1_115' title="bbox 1024 2712 1804 2749; baseline -0.005 -8"><span class='ocrx_word' id='word_1_821' title='bbox 1024 2714 1092 2741; x_wconf 71' lang='lat' dir='ltr'><strong>colai</strong></span> <span class='ocrx_word' id='word_1_822' title='bbox 1108 2714 1126 2746; x_wconf 93' lang='lat' dir='ltr'><strong>l,</strong></span> <span class='ocrx_word' id='word_1_823' title='bbox 1141 2715 1182 2748; x_wconf 90' lang='lat' dir='ltr'><strong>qui</strong></span> <span class='ocrx_word' id='word_1_824' title='bbox 1197 2722 1228 2740; x_wconf 89' lang='lat' dir='ltr'><strong>eo</strong></span> <span class='ocrx_word' id='word_1_825' title='bbox 1241 2719 1360 2749; x_wconf 83' lang='lat' dir='ltr'><strong>tempore</strong></span> <span class='ocrx_word' id='word_1_826' title='bbox 1373 2713 1465 2741; x_wconf 73' lang='lat' dir='ltr'><strong>Roma:</strong></span> <span class='ocrx_word' id='word_1_827' title='bbox 1480 2713 1549 2741; x_wconf 76' lang='lat' dir='ltr'><strong>sedit</strong></span> <span class='ocrx_word' id='word_1_828' title='bbox 1562 2721 1616 2748; x_wconf 88' lang='lat' dir='ltr'><strong>qtto</strong></span> <span class='ocrx_word' id='word_1_829' title='bbox 1630 2712 1804 2747; x_wconf 82' lang='lat' dir='ltr'><strong>Theophanes</strong></span> 
     </span>
    </p>
   </div>
   <div class='ocr_carea' id='block_1_116' title="bbox 1026 2760 1251 2787">
    <p class='ocr_par' dir='ltr' id='par_1_116' title="bbox 1026 2760 1251 2787">
     <span class='ocr_line' id='line_1_116' title="bbox 1026 2760 1251 2787; baseline 0 -1"><span class='ocrx_word' id='word_1_830' title='bbox 1026 2765 1118 2787; x_wconf 57' lang='lat' dir='ltr'><strong>uoster</strong></span> <span class='ocrx_word' id='word_1_831' title='bbox 1137 2760 1251 2787; x_wconf 74' lang='lat' dir='ltr'><strong>\&#39;i\‘L‘b:ll.</strong></span> 
     </span>
    </p>
   </div>
  </div>
