1874 3055
145 130 197 162 119

144 195 198 215 non
211 195 275 215 raro
297 187 445 222 iitterales,
468 190 515 217 sed
541 190 699 225 plerumque
722 192 840 227 mystici,
865 191 927 218 allu-

143 234 246 266 goriei,
273 234 451 269 tropologici,
477 237 618 271 anagogici
637 245 652 264 a
678 238 767 265 verbis
790 239 929 273 Evangelii

144 284 296 310 eruuntur,
324 287 392 314 quos
417 281 449 306 ad
474 281 657 309 inforntandos
686 283 854 316 potissimunt
880 284 930 317 piis

146 325 268 353 moribus
281 330 308 352 et
321 325 476 353 Christlana
491 327 655 360 perfectione
673 328 809 357 auditores
824 337 930 356 accom-

147 370 249 397 ntodat.
276 370 364 398 Erunt
389 371 470 406 igitur
489 373 514 400 lti
537 378 564 400 et
586 374 671 401 sacris
695 375 930 402 concionatoribtts

142 416 233 450 utiles,
250 424 319 451 quos
335 417 448 445 afferant
464 420 496 445 ad
514 419 650 453 populum,
671 424 696 446 et
711 420 820 454 privatze
833 421 930 455 cuique

143 462 278 496 spirituali
292 464 388 491 anima:
404 465 511 492 utilitati
530 467 736 493 aecontntodati.
753 466 781 493 Si
799 467 844 501 qtti
864 474 928 494 vero

144 508 201 542 (qui
217 509 325 542 quidem
345 510 487 537 admodum
503 511 578 546 pauci
595 513 668 547 sunt)
685 512 835 547 singulares
851 513 928 547 hujus

144 556 265 582 auctoris
283 563 379 584 sensus
393 557 542 585 admirandi
568 559 656 592 potius
672 567 752 594 quant
768 560 927 594 recipiendi,

141 603 209 629 etin
238 603 374 638 publicum
402 596 614 633 tton‘rel'ercndi
643 606 793 639 videantur,
819 616 832 634 a
851 608 928 635 nobis

142 648 169 675 in
198 649 269 676 notis
296 650 558 683 animadvertuntur,
586 656 614 678 ut.
639 660 672 678 ne
699 657 799 680 temere
822 658 848 680 et
871 654 928 680 sine

142 694 247 722 delectu
265 695 296 722 iis
313 696 447 730 quispiam
466 701 568 723 tttatttr.
587 697 768 726 Concionandi
787 699 928 727 methodus

143 739 202 767 hac
217 746 258 768 est
273 740 308 767 illi
327 740 469 769 familiaris
482 751 489 769 ι
500 743 660 776 protendunt
679 743 760 771 breve
775 745 925 779 prastttittit,

140 787 254 820 petituttt
270 787 313 814 vel
330 787 365 815 ab
381 788 439 822 ipso
455 795 614 823 argumento
634 795 661 817 et
675 792 827 826 evangelica
843 793 927 820 histo-

142 832 202 860 ria:
218 833 258 860 vel
275 833 348 868 quod
366 841 420 861 non
440 842 511 866 raro.
527 844 541 862 a
556 835 625 868 loco,
643 841 773 871 tempore,
790 839 930 866 eventibus

141 879 437 916 circumstatttibusqtte
462 882 562 915 rebus;
590 888 616 909 et
641 891 725 917 usque
748 885 814 911 adeo
837 889 878 911 est
893 885 930 911 illi

142 924 291 959 legitimum
317 927 354 953 uti
376 928 528 962 prooemio,
553 933 582 956 ιιι
606 929 632 956 itt
656 929 765 956 homilia
781 930 814 957 de
837 931 931 958 Sunia-

144 972 236 999 ritana
264 972 370 1008 (homil.
398 977 533 1008 xxxvnt),
558 983 617 1001 cum
651 971 746 1009 praeter
772 985 872 1004 ntorent
898 978 931 1004 ab

147 1018 206 1051 ipsa
222 1025 250 1044 re
264 1022 292 1045 ct
305 1018 418 1045 historia
437 1019 517 1046 vellet
540 1020 641 1053 ordiri,
666 1027 833 1055 prmoccnpet
855 1022 931 1048 andi-

146 1069 234 1090 torum
261 1064 490 1098 exspectationem
517 1069 544 1092 et
575 1066 798 1101 ἀπροοιμιάστως
824 1073 931 1094 moueat

143 1109 195 1136 sibi
215 1106 409 1144 incipiendum.
430 1110 532 1138 Deinde
547 1111 668 1139 recitatis
690 1113 819 1147 evangelii
840 1121 872 1140 eo
889 1113 931 1140 die

143 1157 262 1190 pra-lecti
289 1157 383 1191 primis
397 1158 487 1184 verbis
497 1177 505 1190 ,
522 1166 602 1192 quant
616 1165 676 1185 cunt
699 1159 779 1186 rebus
794 1167 808 1185 a
823 1159 932 1186 Christo

142 1207 206 1229 ante
227 1203 310 1236 gestis
323 1208 351 1230 et
377 1204 511 1231 enarratis
536 1205 569 1232 ab
585 1205 756 1240 evangelistis
779 1212 810 1232 ea
835 1213 933 1233 conse-

141 1248 280 1276 cutionem
295 1249 416 1277 habeant
428 1269 435 1282 ,
453 1251 545 1284 utique
563 1251 736 1284 cohaereant,
754 1253 830 1286 quasi
846 1252 931 1280 altero

143 1294 257 1322 exordio
267 1314 274 1327 ,
289 1295 330 1322 vel
346 1296 435 1331 potius
449 1297 617 1331 expositione
638 1298 793 1325 summatim
816 1306 886 1333 satpe
899 1299 932 1326 ob

142 1341 235 1368 oculos
250 1342 325 1376 ponit
340 1351 347 1374 ;
365 1346 422 1370 tum
439 1343 472 1369 ad
492 1343 548 1376 ipsa
561 1343 644 1371 verba
668 1344 833 1372 enucleanda
856 1353 932 1373 acce-

143 1387 200 1419 di-t,
223 1387 340 1421 quibus,
359 1394 388 1414 ut
410 1389 484 1421 dixi,
513 1389 624 1417 litterali
649 1395 675 1418 et
699 1391 828 1418 historico
851 1399 930 1418 sensu

148 1433 282 1467 explicato
297 1434 414 1461 libenter
429 1435 461 1461 ad
480 1436 607 1470 ntystieos
622 1441 648 1463 et
662 1437 777 1464 ntorales
791 1437 928 1470 dilabitur,

127 1485 246 1513 -eosque
261 1483 287 1506 et
311 1479 338 1506 in
354 1479 413 1513 ipso
429 1480 544 1507 decursu
568 1481 701 1508 sermonis
718 1482 886 1516 perspergit,
903 1487 931 1509 et

143 1525 298 1557 praisertint
318 1525 345 1552 itt
367 1526 520 1560 perorando
546 1531 627 1553 totam
652 1522 793 1554 historiam
814 1535 931 1563 evange-

144 1570 225 1597 licatn
245 1577 292 1598 seu
317 1571 401 1598 vitam
420 1571 492 1599 illius
514 1573 602 1600 sancti
629 1573 704 1606 cujus
721 1573 790 1601 festo
804 1574 846 1601 die
861 1574 932 1601 dicta

143 1617 268 1648 bomilia.
288 1618 383 1652 paucis
398 1619 460 1645 item
477 1620 649 1653 perstrictum
668 1619 700 1646 ad
715 1621 869 1656 allegoriam
885 1628 933 1648 sett

145 1663 325 1698 tropologiam
349 1665 487 1692 subtiliter
511 1673 563 1692 non
581 1666 669 1693 minus
683 1674 763 1701 quam
780 1666 890 1699 utiliter,
907 1672 935 1694 et

144 1709 191 1743 pie
207 1709 287 1744 juxta
314 1715 396 1745 atque
421 1711 559 1745 ingeniose
585 1713 734 1740 transfert:
752 1713 777 1740 in
793 1721 847 1748 quo
870 1714 936 1740 nihil

147 1755 219 1783 aliud
234 1757 402 1790 propositunt
418 1757 517 1789 habet,
533 1765 614 1792 quant
635 1758 731 1791 iuvare
744 1763 771 1786 et
794 1759 937 1787 instituere

148 1809 258 1829 suorum
286 1803 441 1836 auditorum
464 1804 579 1831 animos.
606 1804 683 1837 Quod
709 1807 767 1840 ejus
792 1807 936 1834 consilium

147 1847 241 1876 minus
268 1849 454 1876 consideranti
480 1849 576 1877 lectori
604 1851 694 1886 aliqua
720 1852 834 1880 fortasse
861 1853 939 1888 longe

145 1893 248 1926 petita,
273 1899 299 1920 et
326 1902 378 1922 tton
397 1899 451 1922 tant
468 1901 626 1924 emuncmm
646 1898 776 1925 doctrina:
797 1899 839 1926 lac
858 1907 937 1933 quant

145 1939 258 1974 sanguis
277 1939 383 1968 elicitus
407 1941 494 1968 videri
519 1943 629 1976 poterit.
655 1943 831 1979 Etymologiae
847 1945 939 1972 itidcttt

145 1992 172 2013 et
186 1986 396 2021 supputationes
411 1991 586 2016 numerorum
602 1989 716 2017 subtiles
730 1990 842 2018 nimium
854 2011 861 2023 ,
879 1999 942 2018 sen-

147 2040 234 2066 saque
261 2033 295 2059 ab
313 2033 346 2060 iis
369 2034 394 2060 vi
421 2039 515 2061 exorta
542 2035 631 2070 potius
659 2040 686 2062 et
711 2038 834 2070 precario
858 2039 941 2071 petita

145 2085 226 2110 quam
253 2084 350 2113 sponte
376 2084 437 2105 nata
459 2081 590 2108 censebit.
618 2081 671 2108 Sed
699 2081 831 2114 ejusmodi
855 2083 937 2110 rttulta

146 2129 256 2156 quoque
273 2121 299 2148 in
317 2122 378 2150 aliis
391 2122 517 2151 Patribus
542 2129 597 2151 tttnt
620 2125 737 2158 Graecis,
757 2131 812 2154 tum
833 2127 938 2156 Latinis

147 2167 359 2202 deprehenderit
376 2170 422 2204 qui
437 2170 550 2204 legerit;
575 2179 635 2206 qua:
648 2179 713 2199 sane
729 2180 781 2200 non
803 2182 863 2201 cttttt
882 2180 938 2202 sto-

148 2214 247 2241 macho
264 2215 423 2250 rejieienda,
439 2216 487 2244 sed
503 2224 563 2244 cunt
588 2225 620 2244 eo
637 2218 744 2252 pietatis
761 2227 841 2247 settsu
868 2221 938 2248 reci—

148 2260 245 2293 pienda
277 2268 340 2288 cum
364 2270 417 2296 quo
441 2263 532 2294 dicta,
558 2267 586 2290 et
611 2264 649 2290 uti
678 2272 692 2291 a
724 2265 765 2298 pia
793 2271 882 2293 mente
906 2274 937 2294 ac

104 2316 109 2319 -
149 2310 260 2340 pectore
294 2307 398 2334 co-lcsti
419 2308 557 2343 sapientia:
574 2309 675 2336 imbttto
690 2309 809 2344 profecta
823 2331 830 2344 ,
856 2319 937 2339 vene-

151 2352 238 2379 randa
258 2357 331 2380 sunt.
354 2353 447 2388 Neque
467 2361 532 2381 vero
553 2355 666 2389 sapienti
693 2364 724 2384 ac
744 2357 818 2391 justo
848 2365 938 2385 rerum

150 2398 323 2431 estimatori,
342 2407 403 2432 qua:
420 2401 452 2426 ab
470 2400 589 2435 antiquis
605 2400 730 2428 Patriltus
747 2402 844 2430 tradita
866 2409 938 2435 sunt,

154 2451 218 2470 cum
238 2445 357 2471 nondum
376 2444 528 2473 Christiana
554 2447 675 2474 doctrina
700 2455 732 2475 eo
756 2449 939 2483 amplitudinis

153 2489 345 2526 claritatisqtte
369 2497 549 2525 processerat,
563 2500 595 2520 ea
619 2501 651 2520 ex
674 2500 766 2521 ttostro
786 2502 843 2521 (evo
857 2495 940 2521 dime—

151 2536 242 2564 tienda
266 2546 272 2564 :
292 2545 344 2572 quo
360 2546 444 2566 aureo
457 2547 521 2566 sane
549 2541 670 2567 videmus
695 2541 827 2574 explicata
851 2543 939 2569 omnia

150 2585 181 2609 et
196 2581 331 2610 illustrata
343 2603 350 2616 ,
367 2591 428 2611 cum
445 2589 471 2612 et
499 2585 524 2612 in
546 2585 723 2613 scholasticas
743 2586 941 2621 disputationes

153 2628 270 2656 deducta
286 2648 294 2661 ,
320 2634 347 2656 et
367 2631 520 2665 exagitata,
539 2635 567 2658 et
593 2631 618 2657 itt
645 2632 731 2659 sacris
753 2633 939 2665 concionilttts,

153 2680 268 2707 quarunt
282 2673 439 2702 Christiano
455 2676 551 2711 populo
570 2677 653 2704 ntnlto
676 2678 760 2712 major
777 2686 848 2706 nunc
863 2679 941 2713 copia

154 2721 205 2748 est.
223 2719 380 2753 pervulgata
403 2725 430 2747 et
442 2720 583 2748 decantata
599 2722 671 2753 sint.
695 2727 759 2750 tunc
781 2729 859 2750 erant
886 2724 940 2758 ple-

154 2770 245 2797 ra-qtte
257 2763 393 2798 injmajore
406 2766 491 2799 pretio
504 2772 530 2793 et
545 2768 620 2802 quasi
630 2769 778 2803 peregrinae
792 2770 941 2802 sententiae,

157 2817 217 2843 qua:
240 2817 312 2836 nunc
329 2811 399 2837 douti
416 2817 585 2843 nascuntur,
603 2819 630 2840 et
651 2814 812 2841 assiduitate
828 2815 885 2849 ipsa
901 2817 942 2843 di-

156 2855 233 2883 cendi
254 2862 306 2883 non
323 2856 389 2884 tanti
413 2862 485 2885 sunt.
503 2858 555 2887 Sed
572 2858 608 2886 illi
633 2860 708 2888 rudia
725 2859 900 2890 fundamenta
916 2867 943 2890 et

636 135 837 166 FRANCISCI
858 136 990 166 SCORSl
1010 136 1227 166 PROOEMIUM
1246 135 1306 166 IlI.

1732 135 1783 166 120

986 192 1080 218 rudera
1095 191 1153 226 ipsa
1165 191 1300 224 iecerunt,
1318 198 1366 218 uOs
1390 199 1472 226 super
1486 199 1517 219 ea
1531 191 1679 226 quadratos
1695 198 1782 225 "po.

984 237 1102 272 litosqtte
1128 237 1250 272 lapides,
1279 238 1422 265 Corinthia
1451 237 1580 272 loniaqtte
1614 243 1781 264 ornatttenta

984 284 1182 318 coronidesque
1208 283 1450 310 exaedilicavimus.
1469 282 1496 310 ld
1520 283 1603 310 etiam
1631 290 1665 309 ex
1691 282 1782 308 forma

983 334 1010 356 et
1024 329 1186 356 charactere
1200 329 1305 356 dicendi
1319 329 1438 363 judicari
1452 333 1550 363 potest,
1564 336 1644 363 qttant
1662 328 1783 362 simplex

982 375 1027 402 ille
1050 375 1196 410 nativoque
1215 375 1307 403 colore
1329 375 1455 409 cultuque
1482 374 1601 407 decens,
1616 382 1698 409 quant
1724 381 1783 400 nun

983 421 1088 449 iucatus
1122 426 1149 448 et
1175 421 1345 455 phaleratus.
1371 421 1426 449 Sed
1453 421 1529 448 illttm
1556 422 1582 447 itt
1603 420 1785 455 lTlteOphane

983 475 1085 494 morem
1110 468 1252 502 antiquum
1276 467 1339 494 licet
1366 467 1590 494 animadvertere.
1617 466 1710 494 Genus
1734 466 1780 492 di-

981 513 1059 539 cendi
1077 512 1102 538 itt
1119 512 1169 539 ltoe
1182 517 1289 539 oratore
1308 512 1438 547 liquidttnt
1454 517 1495 538 est
1513 517 1539 539 et
1551 512 1654 546 fsponte
1671 512 1782 542 fusum,

985 562 1013 585 et
1029 565 1089 584 cuttt
1107 557 1218 585 lenitate
1231 557 1346 592 quadam
1363 557 1489 592 aequabili
1505 557 1652 592 proﬂuens,
1664 557 1786 584 omnino

981 604 1060 638 quale
1091 604 1316 639 ἀπροωμιάστως
1331 605 1419 631 decet.
1447 603 1518 630 Sunt
1541 604 1614 631 ettint
1638 604 1678 631 Ita:
1701 603 1788 630 dida-

980 653 1056 679 cticte
1085 659 1152 687 quas
1168 651 1201 678 ad
1225 651 1375 678 docendum
1390 656 1417 678 et
1437 651 1623 678 instruendunt
1647 650 1787 686 populum

984 696 1071 723 bonus
1094 704 1126 723 ae
1157 696 1216 730 pius
1237 696 1381 730 episcopus
1405 696 1518 729 ltabttit,
1543 703 1596 723 non
1620 701 1712 724 tamen
1731 703 1788 730 pe—

980 742 1088 769 destres
1112 746 1140 769 et
1159 741 1295 774 indoctae,
1314 749 1364 769 nec
1380 742 1535 769 dissolutae:
1556 738 1607 769 nec
1622 741 1696 768 enim
1716 748 1786 776 gra-

983 789 1084 819 vitate,
1117 788 1300 815 concinnitate
1325 793 1515 823 concentuque
1543 795 1738 820 nunterorunt,
1754 793 1787 814 et

983 835 1098 862 tttodicis
1129 834 1258 862 oratoriis
1282 834 1420 862 coloribus
1454 840 1566 865 carent,
1590 835 1638 862 sed
1667 839 1729 868 qua:
1757 833 1788 860 in

984 888 1100 915 corpore
1119 881 1190 908 bene
1203 888 1218 908 a
1240 885 1336 907 natura
1359 880 1509 908 constituto
1527 880 1620 907 ittnata
1633 899 1641 911 ,
1666 887 1722 907 non
1740 880 1789 906 itt-

982 929 1082 961 ducta,
1111 935 1196 955 succo
1222 927 1407 961 sanguineque
1438 927 1496 961 ipso
1527 925 1710 957 exsistentia,
1728 933 1789 952 ttou

984 975 1118 1002 accercita
1134 979 1180 1002 aut
1200 974 1348 1001 adventitia
1363 981 1425 1000 esse
1443 973 1596 1000 vidcantur.
1612 971 1670 999 Nec
1685 971 1790 1006 figuris

983 1028 1029 1047 seu
1047 1021 1192 1047 luminibus
1203 1028 1293 1047 rerum
1307 1024 1391 1047 caret.
1405 1019 1492 1047 llahet
1507 1019 1651 1054 aliquando
1662 1019 1789 1053 σωροὺς,

983 1066 1105 1094 cumulos
1120 1067 1264 1093 verborum
1289 1071 1315 1092 et
1334 1073 1438 1093 rerum.
1460 1065 1674 1100 Παρονομασίας
1695 1069 1790 1094 autat,

982 1117 1008 1139 ct
1030 1111 1165 1142 ἰσόκωλα,
1184 1116 1210 1138 ct
1229 1111 1420 1146 ὁμοιοτέλευτα
1432 1131 1440 1143 ,
1460 1115 1488 1138 et
1506 1110 1702 1146 ὁμοιόπτωτα,
1719 1117 1790 1142 qua:

984 1166 998 1184 a
1019 1157 1122 1184 Latinis
1151 1157 1243 1191 figurae
1270 1157 1642 1190 dicutttttr,-alliteratiencs,
1666 1156 1792 1182 membra

983 1203 1061 1236 paria
1075 1222 1082 1234 ,
1113 1201 1234 1228 similiter
1254 1202 1400 1229 desinentia
1433 1201 1607 1235 similiterque
1635 1200 1792 1230 cadentia;

985 1248 1032 1274 sed
1055 1247 1127 1274 ttulla
1153 1255 1182 1274 re
1205 1248 1291 1281 magis
1315 1247 1445 1274 delectari
1463 1247 1572 1273 videtttr
1589 1253 1670 1280 quant
1686 1245 1793 1272 simili—

985 1292 1077 1319 tudine
1088 1312 1096 1325 ,
1112 1292 1183 1326 quod
1204 1292 1358 1319 ornatnettti
1375 1299 1461 1326 genus
1488 1291 1587 1325 ingenii
1611 1295 1670 1322 est,
1687 1294 1717 1317 et
1731 1289 1792 1316 uti-

984 1337 1070 1364 litatis
1088 1337 1122 1364 ad
1147 1338 1255 1372 caplttitt
1284 1337 1360 1364 rudis
1384 1337 1470 1372 plebis
1494 1337 1612 1364 eximim.
1629 1336 1793 1372 Perspergit

984 1385 1066 1411 etiam
1080 1384 1163 1416 sales,
1185 1385 1232 1411 sed
1248 1392 1308 1410 cuin
1323 1384 1378 1411 sale
1392 1391 1425 1410 ex
1444 1384 1566 1411 historiis
1584 1388 1707 1410 veterum
1721 1403 1729 1415 ,
1753 1390 1792 1409 ex

985 1431 1085 1458 fabulis
1100 1435 1128 1458 et
1149 1431 1292 1458 scr-tentiis
1316 1435 1459 1464 poetarum
1483 1438 1624 1458 sacrorum
1649 1435 1674 1456 et
1691 1428 1792 1463 profa-

982 1484 1091 1509 norum,
1112 1483 1144 1503 ex
1169 1476 1310 1504 dialectico
1332 1477 1409 1509 item,
1424 1476 1638 1508 mathematico,
1665 1475 1793 1509 philoso—

983 1523 1063 1557 pltico
1082 1522 1288 1557 theologicoque
1312 1529 1382 1556 penu
1414 1529 1468 1548 non
1500 1529 1601 1556 paucas
1624 1521 1791 1552 doctrinas;

986 1569 1022 1595 ita
1042 1573 1071 1595 ut
1084 1568 1127 1596 his
1140 1569 1266 1595 omnibus
1284 1568 1389 1596 artibus
1403 1573 1430 1595 et
1448 1568 1582 1595 doctrinis
1594 1588 1601 1600 ,
1616 1573 1643 1595 et
1668 1568 1794 1595 lectione

987 1616 1151 1649 scriptorum
1175 1619 1297 1642 veterum
1323 1615 1473 1641 instructus
1495 1615 1620 1649 apprime
1636 1614 1790 1641 videatur:

986 1669 1018 1687 ea
1038 1666 1128 1688 tamett
1155 1668 1188 1688 ac
1203 1660 1352 1695 prmsertint
1379 1661 1518 1688 doctrinas
1533 1665 1661 1687 externas
1673 1679 1680 1692 ,
1698 1665 1726 1687 et
1742 1668 1792 1687 cu-

994 1709 1064 1736 lores
1082 1710 1218 1736 oratorios
1232 1717 1280 1744 pro
1295 1717 1324 1736 re
1338 1716 1370 1736 ac
1389 1714 1511 1742 tempore
1527 1707 1648 1740 adltibct,
1666 1715 1718 1734 nec
1729 1708 1793 1734 sine

988 1757 1211 1791 praemunitione,
1253 1757 1332 1791 idque
1357 1764 1406 1791 pro
1428 1760 1565 1791 potestate
1590 1755 1682 1790 potius
1706 1763 1792 1788 quant

989 1810 1038 1836 pro
1064 1802 1202 1836 voluptate
1231 1810 1262 1830 ac
1286 1803 1427 1835 vanitate;
1447 1810 1496 1829 nec
1523 1810 1556 1829 ea
1584 1806 1640 1828 toto
1668 1802 1794 1836 tltylaco,

991 1852 1020 1874 ut
1051 1848 1170 1881 dicitttr,
1198 1848 1353 1880 effundere,
1389 1847 1436 1874 sed
1469 1855 1550 1882 parca
1581 1855 1662 1874 ntanu
1692 1855 1794 1880 prosc-

992 1894 1097 1921 tttinare
1117 1895 1233 1921 videtur.
1257 1894 1315 1921 Non
1341 1900 1442 1921 tentere
1461 1894 1544 1928 igitur
1567 1893 1728 1928 σοφώτατος
1742 1895 1795 1920 καὶ

994 1939 1214 1974 ρητορικώτατος
1230 1947 1245 1967 a
1266 1941 1332 1972 suis,
1349 1940 1393 1974 qui
1406 1947 1548 1967 sermones
1565 1939 1637 1973 ejus,
1651 1945 1681 1966 ut
1699 1945 1795 1974 poste-

996 1985 1071 2012 ritati
1107 1985 1263 2018 traderent,
1289 1986 1511 2020 descripserunt,
1537 1993 1642 2020 suoque
1666 1987 1794 2013 auctoris

996 2030 1106 2057 nomine
1139 2031 1354 2064 inscripserunt,
1386 2030 1539 2065 appellatus
1573 2035 1626 2058 est.
1655 2030 1794 2058 Clautlant

993 2075 1121 2103 brevibus
1139 2081 1225 2103 totam
1250 2076 1321 2103 hanc
1342 2075 1564 2103 dissertatiottem
1577 2095 1585 2108 ,
1608 2081 1635 2103 et
1653 2076 1795 2111 judicium

994 2131 1084 2151 meum
1112 2123 1198 2150 tribus
1226 2123 1318 2150 verbis
1349 2123 1505 2158 explicabo.
1532 2121 1605 2149 Visae
1631 2127 1694 2150 sttnt
1723 2123 1796 2150 tttibi

992 2169 1111 2196 ltomilize
1143 2169 1224 2203 hujus
1248 2167 1374 2196 Ceramei
1407 2167 1634 2196 Tauromenitani
1667 2169 1796 2204 episcopi

992 2215 1044 2250 piae
1071 2234 1078 2247 ,
1114 2215 1200 2242 doctae
1229 2219 1256 2241 et
1290 2213 1451 2249 elegantes.
1485 2220 1568 2249 atque
1600 2215 1670 2242 adeo
1688 2214 1798 2250 'digua:

992 2269 1052 2297 quas
1071 2262 1104 2289 ad
1128 2269 1275 2289 commune
1302 2262 1477 2289 commodum
1507 2266 1534 2289 et
1560 2261 1743 2296 proferantur
1769 2267 1799 2290 et

990 2309 1174 2344 perlegantur.

993 2389 1007 2424 §
1025 2387 1058 2415 ll.
1075 2388 1155 2415 Ratio
1172 2397 1233 2416 mss.
1254 2390 1329 2416 codri.
1345 2398 1378 2416 ea:
1391 2390 1490 2423 quibus
1504 2395 1588 2417 erute
1605 2391 1725 2418 Itomilia:
1741 2398 1750 2418 :
1769 2395 1796 2418 et

1104 2425 1224 2451 nonnulli
1239 2433 1330 2451 earum
1345 2426 1495 2459 superiore:
1511 2426 1680 2460 interpretes.

1029 2492 1062 2520 Ut
1076 2499 1130 2527 qua
1144 2493 1194 2520 [ide
1205 2500 1236 2519 ex
1253 2500 1319 2520 mss.
1339 2493 1389 2520 bas
1405 2493 1533 2521 homilias
1545 2494 1664 2528 publica:
1677 2493 1796 2521 utilitati

993 2538 1122 2573 legendas
1143 2538 1286 2572 ediderim,
1304 2543 1473 2574 compertum
1490 2540 1537 2571 sit,
1555 2544 1582 2567 et
1597 2547 1653 2574 quo
1667 2541 1798 2575 exemplo

1000 2585 1143 2612 doctorum
1169 2585 1308 2612 hominum
1325 2585 1350 2612 id
1368 2585 1540 2619 perfeceritn,
1564 2585 1638 2621 quod
1663 2586 1700 2613 illi
1717 2587 1798 2614 ince-

993 2636 1112 2666 ptarunl,
1137 2631 1277 2665 expediant
1294 2632 1412 2658 breviter
1423 2632 1475 2659 hoc
1499 2633 1635 2667 protentio
1651 2640 1659 2659 :
1677 2638 1737 2660 tum
1762 2634 1798 2660 de

994 2685 1071 2709 mss.,
1087 2682 1143 2703 tum
1158 2677 1192 2704 de
1206 2677 1237 2704 iis
1251 2677 1295 2712 qui
1311 2683 1374 2704 ante
1389 2685 1432 2704 nte
1447 2678 1556 2712 aliquas
1573 2686 1606 2706 ex
1624 2679 1668 2706 his
1685 2686 1798 2706 sermo.

994 2723 1072 2750 nibus
1084 2722 1176 2750 Latine
1188 2723 1316 2757 preloque
1328 2730 1471 2758 expressas
1481 2724 1660 2759 evulgarunt.
1672 2725 1797 2752 Primam

995 2769 1058 2797 huic
1075 2768 1232 2803 Theophani
1256 2769 1342 2796 lucent
1358 2770 1459 2801 attulit,
1474 2769 1608 2804 quantum
1624 2770 1677 2805 ego
1695 2773 1800 2805 putatis

996 2813 1119 2841 omnibus
1146 2821 1310 2848 cognoscere
1333 2815 1417 2849 potui,
1445 2814 1614 2844 Franciscus
1640 2815 1800 2844 Turrianus

995 2869 1009 2890 e
1021 2862 1148 2891 societate
1161 2861 1234 2891 Jcsu.
1247 2861 1296 2891 llic
1308 2862 1336 2891 in
1358 2869 1408 2892 sua
1428 2862 1594 2898 ltoplothcca
1608 2871 1663 2892 ms.
1675 2864 1801 2893 codicem
