  <div class='ocr_page' id='page_1' title='image "/cluster/home/n/w/nwhite01/storage/ocr_20150623/132/njp.32101077773081/068.png"; bbox 0 0 1874 3055; ppageno 0'>
   <div class='ocr_carea' id='block_1_1' title="bbox 80 134 820 176">
    <p class='ocr_par' dir='ltr' id='par_1_1' title="bbox 80 134 820 176">
     <span class='ocr_line' id='line_1_1' title="bbox 80 134 820 176; baseline -0.007 -1"><span class='ocrx_word' id='word_1_1' title='bbox 80 143 114 176; x_wconf 81' lang='lat' dir='ltr'><strong>m</strong></span> <span class='ocrx_word' id='word_1_2' title='bbox 550 134 749 172; x_wconf 62' lang='lat' dir='ltr'><strong>snANCIscr</strong></span> <span class='ocrx_word' id='word_1_3' title='bbox 769 142 820 172; x_wconf 72' lang='grc' dir='ltr'><strong>ες(</strong></span> 
     </span>
    </p>
   </div>
   <div class='ocr_carea' id='block_1_2' title="bbox 472 134 1212 176">
    <p class='ocr_par' dir='ltr' id='par_1_2' title="bbox 550 134 1212 174">
     <span class='ocr_line' id='line_1_2' title="bbox 550 134 1212 174; baseline 0.003 -2"><span class='ocrx_word' id='word_1_4' title='bbox 550 134 749 172; x_wconf 63' lang='grc' dir='ltr'>ἓιιΑΝοιεεῑ</span> <span class='ocrx_word' id='word_1_5' title='bbox 769 141 900 172; x_wconf 77' lang='lat' dir='ltr'><strong>sconsr</strong></span> <span class='ocrx_word' id='word_1_6' title='bbox 921 142 1137 174; x_wconf 71' lang='lat' dir='ltr'><strong>Pnomuwu</strong></span> <span class='ocrx_word' id='word_1_7' title='bbox 1157 143 1212 174; x_wconf 81' lang='grc' dir='ltr'>ιιι.</span> 
     </span>
    </p>
   </div>
   <div class='ocr_carea' id='block_1_3' title="bbox 79 198 834 234">
    <p class='ocr_par' dir='ltr' id='par_1_3' title="bbox 79 198 834 234">
     <span class='ocr_line' id='line_1_3' title="bbox 79 198 834 234; baseline -0.004 -5"><span class='ocrx_word' id='word_1_8' title='bbox 79 204 155 229; x_wconf 83' lang='lat' dir='ltr'><strong>barum</strong></span> <span class='ocrx_word' id='word_1_9' title='bbox 168 198 332 227; x_wconf 85' lang='lat' dir='ltr'><strong>homiliarum</strong></span> <span class='ocrx_word' id='word_1_10' title='bbox 353 198 524 234; x_wconf 78' lang='lat' dir='ltr'><strong>Theophanis</strong></span> <span class='ocrx_word' id='word_1_11' title='bbox 539 199 662 226; x_wconf 85' lang='lat' dir='ltr'><strong>Ccramei</strong></span> <span class='ocrx_word' id='word_1_12' title='bbox 681 200 785 232; x_wconf 81' lang='lat' dir='ltr'><strong>habuit,</strong></span> <span class='ocrx_word' id='word_1_13' title='bbox 801 207 834 226; x_wconf 81' lang='lat' dir='ltr'><strong>ex</strong></span> 
     </span>
    </p>
   </div>
   <div class='ocr_carea' id='block_1_4' title="bbox 79 245 835 282">
    <p class='ocr_par' dir='ltr' id='par_1_4' title="bbox 79 245 835 282">
     <span class='ocr_line' id='line_1_4' title="bbox 79 245 835 282; baseline 0 -9"><span class='ocrx_word' id='word_1_14' title='bbox 79 255 118 282; x_wconf 80' lang='lat' dir='ltr'><strong>qua</strong></span> <span class='ocrx_word' id='word_1_15' title='bbox 139 246 309 273; x_wconf 83' lang='lat' dir='ltr'><strong>testimonium</strong></span> <span class='ocrx_word' id='word_1_16' title='bbox 337 245 447 280; x_wconf 87' lang='lat' dir='ltr'><strong>protulit</strong></span> <span class='ocrx_word' id='word_1_17' title='bbox 474 250 568 272; x_wconf 85' lang='lat' dir='ltr'><strong>contra</strong></span> <span class='ocrx_word' id='word_1_18' title='bbox 592 245 835 282; x_wconf 75' lang='lat' dir='ltr'><strong>Magdcburgeuses</strong></span> 
     </span>
    </p>
   </div>
   <div class='ocr_carea' id='block_1_5' title="bbox 79 291 836 326">
    <p class='ocr_par' dir='ltr' id='par_1_5' title="bbox 79 291 836 326">
     <span class='ocr_line' id='line_1_5' title="bbox 79 291 836 326; baseline -0.003 -6"><span class='ocrx_word' id='word_1_19' title='bbox 79 292 252 320; x_wconf 80' lang='lat' dir='ltr'><strong>Ceutnriatorcs</strong></span> <span class='ocrx_word' id='word_1_20' title='bbox 265 291 298 318; x_wconf 89' lang='lat' dir='ltr'><strong>de</strong></span> <span class='ocrx_word' id='word_1_21' title='bbox 312 291 429 323; x_wconf 93' lang='lat' dir='ltr'><strong>primatu</strong></span> <span class='ocrx_word' id='word_1_22' title='bbox 446 291 474 318; x_wconf 70' lang='grc' dir='ltr'><strong>ὃ.</strong></span> <span class='ocrx_word' id='word_1_23' title='bbox 491 291 561 318; x_wconf 80' lang='lat' dir='ltr'><strong>Petri</strong></span> <span class='ocrx_word' id='word_1_24' title='bbox 581 291 750 325; x_wconf 77' lang='lat' dir='ltr'><strong>Romanique</strong></span> <span class='ocrx_word' id='word_1_25' title='bbox 770 300 836 326; x_wconf 90' lang='lat' dir='ltr'><strong>pou-</strong></span> 
     </span>
    </p>
   </div>
   <div class='ocr_carea' id='block_1_6' title="bbox 80 337 835 371">
    <p class='ocr_par' dir='ltr' id='par_1_6' title="bbox 80 337 835 371">
     <span class='ocr_line' id='line_1_6' title="bbox 80 337 835 371; baseline 0 -7"><span class='ocrx_word' id='word_1_26' title='bbox 80 339 150 365; x_wconf 85' lang='lat' dir='ltr'><strong>Iiticis.</strong></span> <span class='ocrx_word' id='word_1_27' title='bbox 175 337 208 363; x_wconf 81' lang='lat' dir='ltr'><strong>Ex</strong></span> <span class='ocrx_word' id='word_1_28' title='bbox 237 338 285 364; x_wconf 88' lang='lat' dir='ltr'><strong>hac</strong></span> <span class='ocrx_word' id='word_1_29' title='bbox 313 337 407 364; x_wconf 82' lang='lat' dir='ltr'><strong>cadent</strong></span> <span class='ocrx_word' id='word_1_30' title='bbox 442 337 601 371; x_wconf 84' lang='lat' dir='ltr'><strong>hoplotheca</strong></span> <span class='ocrx_word' id='word_1_31' title='bbox 636 337 774 364; x_wconf 91' lang='lat' dir='ltr'><strong>homiliam</strong></span> <span class='ocrx_word' id='word_1_32' title='bbox 803 339 835 364; x_wconf 85' lang='lat' dir='ltr'><strong>de</strong></span> 
     </span>
    </p>
   </div>
   <div class='ocr_carea' id='block_1_7' title="bbox 80 381 835 417">
    <p class='ocr_par' dir='ltr' id='par_1_7' title="bbox 80 381 835 417">
     <span class='ocr_line' id='line_1_7' title="bbox 80 381 835 417; baseline -0.001 -7"><span class='ocrx_word' id='word_1_33' title='bbox 80 383 118 411; x_wconf 81' lang='lat' dir='ltr'><strong>SS.</strong></span> <span class='ocrx_word' id='word_1_34' title='bbox 135 382 279 417; x_wconf 66' lang='lat' dir='ltr'><strong>imaginibus</strong></span> <span class='ocrx_word' id='word_1_35' title='bbox 296 387 435 416; x_wconf 80' lang='lat' dir='ltr'><strong>acceptam</strong></span> <span class='ocrx_word' id='word_1_36' title='bbox 455 388 520 410; x_wconf 93' lang='lat' dir='ltr'><strong>tom.</strong></span> <span class='ocrx_word' id='word_1_37' title='bbox 543 381 579 408; x_wconf 76' lang='lat' dir='ltr'><strong>lx</strong></span> <span class='ocrx_word' id='word_1_38' title='bbox 599 383 742 410; x_wconf 76' lang='lat' dir='ltr'><strong>Annalium</strong></span> <span class='ocrx_word' id='word_1_39' title='bbox 765 383 835 410; x_wconf 85' lang='lat' dir='ltr'><strong>inse-</strong></span> 
     </span>
    </p>
   </div>
   <div class='ocr_carea' id='block_1_8' title="bbox 79 427 833 461">
    <p class='ocr_par' dir='ltr' id='par_1_8' title="bbox 79 427 833 461">
     <span class='ocr_line' id='line_1_8' title="bbox 79 427 833 461; baseline 0 -7"><span class='ocrx_word' id='word_1_40' title='bbox 79 427 260 454; x_wconf 81' lang='lat' dir='ltr'><strong>ruitcardinalis</strong></span> <span class='ocrx_word' id='word_1_41' title='bbox 276 427 417 460; x_wconf 81' lang='lat' dir='ltr'><strong>Baronius,</strong></span> <span class='ocrx_word' id='word_1_42' title='bbox 436 427 469 454; x_wconf 86' lang='lat' dir='ltr'><strong>ab</strong></span> <span class='ocrx_word' id='word_1_43' title='bbox 486 428 543 461; x_wconf 89' lang='lat' dir='ltr'><strong>ipso</strong></span> <span class='ocrx_word' id='word_1_44' title='bbox 561 427 698 454; x_wconf 87' lang='lat' dir='ltr'><strong>Turriano</strong></span> <span class='ocrx_word' id='word_1_45' title='bbox 712 427 833 455; x_wconf 90' lang='lat' dir='ltr'><strong>Latinam</strong></span> 
     </span>
    </p>
   </div>
   <div class='ocr_carea' id='block_1_9' title="bbox 79 473 835 510">
    <p class='ocr_par' dir='ltr' id='par_1_9' title="bbox 79 473 835 510">
     <span class='ocr_line' id='line_1_9' title="bbox 79 473 835 510; baseline 0.003 -10"><span class='ocrx_word' id='word_1_46' title='bbox 79 473 340 506; x_wconf 82' lang='lat' dir='ltr'><strong>lactam,eta.lacobo</strong></span> <span class='ocrx_word' id='word_1_47' title='bbox 362 473 508 502; x_wconf 86' lang='lat' dir='ltr'><strong>Sirmnndo</strong></span> <span class='ocrx_word' id='word_1_48' title='bbox 530 475 631 509; x_wconf 81' lang='lat' dir='ltr'><strong>aliquot</strong></span> <span class='ocrx_word' id='word_1_49' title='bbox 653 475 719 502; x_wconf 91' lang='lat' dir='ltr'><strong>locis</strong></span> <span class='ocrx_word' id='word_1_50' title='bbox 748 475 835 510; x_wconf 83' lang='lat' dir='ltr'><strong>perle-</strong></span> 
     </span>
    </p>
   </div>
   <div class='ocr_carea' id='block_1_10' title="bbox 78 519 835 554">
    <p class='ocr_par' dir='ltr' id='par_1_10' title="bbox 78 519 835 554">
     <span class='ocr_line' id='line_1_10' title="bbox 78 519 835 554; baseline 0.003 -8"><span class='ocrx_word' id='word_1_51' title='bbox 78 525 149 552; x_wconf 74' lang='lat' dir='ltr'><strong>ctam;</strong></span> <span class='ocrx_word' id='word_1_52' title='bbox 163 519 232 552; x_wconf 82' lang='lat' dir='ltr'><strong>cujus</strong></span> <span class='ocrx_word' id='word_1_53' title='bbox 246 520 338 546; x_wconf 71' lang='lat' dir='ltr'><strong>itidem</strong></span> <span class='ocrx_word' id='word_1_54' title='bbox 349 521 528 548; x_wconf 83' lang='lat' dir='ltr'><strong>testimonium</strong></span> <span class='ocrx_word' id='word_1_55' title='bbox 543 521 676 554; x_wconf 74' lang='lat' dir='ltr'><strong>integrum</strong></span> <span class='ocrx_word' id='word_1_56' title='bbox 686 521 835 548; x_wconf 80' lang='lat' dir='ltr'><strong>referemus</strong></span> 
     </span>
    </p>
   </div>
   <div class='ocr_carea' id='block_1_11' title="bbox 78 565 834 598">
    <p class='ocr_par' dir='ltr' id='par_1_11' title="bbox 78 565 834 598">
     <span class='ocr_line' id='line_1_11' title="bbox 78 565 834 598; baseline -0.001 -5"><span class='ocrx_word' id='word_1_57' title='bbox 78 573 116 593; x_wconf 81' lang='lat' dir='ltr'><strong>suo</strong></span> <span class='ocrx_word' id='word_1_58' title='bbox 128 565 187 593; x_wconf 85' lang='lat' dir='ltr'><strong>loco.</strong></span> <span class='ocrx_word' id='word_1_59' title='bbox 209 565 292 598; x_wconf 86' lang='lat' dir='ltr'><strong>Quam</strong></span> <span class='ocrx_word' id='word_1_60' title='bbox 311 566 434 592; x_wconf 82' lang='lat' dir='ltr'><strong>eamdem</strong></span> <span class='ocrx_word' id='word_1_61' title='bbox 460 566 598 593; x_wconf 77' lang='lat' dir='ltr'><strong>homiliam</strong></span> <span class='ocrx_word' id='word_1_62' title='bbox 614 565 731 594; x_wconf 86' lang='lat' dir='ltr'><strong>Jacobus</strong></span> <span class='ocrx_word' id='word_1_63' title='bbox 753 566 834 594; x_wconf 88' lang='lat' dir='ltr'><strong>Gret-</strong></span> 
     </span>
    </p>
   </div>
   <div class='ocr_carea' id='block_1_12' title="bbox 77 609 833 643">
    <p class='ocr_par' dir='ltr' id='par_1_12' title="bbox 77 609 833 643">
     <span class='ocr_line' id='line_1_12' title="bbox 77 609 833 643; baseline 0 -5"><span class='ocrx_word' id='word_1_64' title='bbox 77 619 136 638; x_wconf 66' lang='lat' dir='ltr'><strong>Serus</strong></span> <span class='ocrx_word' id='word_1_65' title='bbox 149 616 207 636; x_wconf 89' lang='lat' dir='ltr'><strong>tom.</strong></span> <span class='ocrx_word' id='word_1_66' title='bbox 232 609 253 636; x_wconf 90' lang='lat' dir='ltr'><strong>ll</strong></span> <span class='ocrx_word' id='word_1_67' title='bbox 268 609 304 636; x_wconf 88' lang='lat' dir='ltr'><strong>De</strong></span> <span class='ocrx_word' id='word_1_68' title='bbox 320 619 396 636; x_wconf 77' lang='lat' dir='ltr'><strong>crure</strong></span> <span class='ocrx_word' id='word_1_69' title='bbox 411 611 535 638; x_wconf 71' lang='lat' dir='ltr'><strong>secundae</strong></span> <span class='ocrx_word' id='word_1_70' title='bbox 546 611 684 643; x_wconf 88' lang='lat' dir='ltr'><strong>editionis,</strong></span> <span class='ocrx_word' id='word_1_71' title='bbox 699 617 726 638; x_wconf 91' lang='lat' dir='ltr'><strong>ut</strong></span> <span class='ocrx_word' id='word_1_72' title='bbox 741 617 833 639; x_wconf 86' lang='lat' dir='ltr'><strong>aucta-</strong></span> 
     </span>
    </p>
   </div>
   <div class='ocr_carea' id='block_1_13' title="bbox 78 655 834 692">
    <p class='ocr_par' dir='ltr' id='par_1_13' title="bbox 78 655 834 692">
     <span class='ocr_line' id='line_1_13' title="bbox 78 655 834 692; baseline 0.001 -8"><span class='ocrx_word' id='word_1_73' title='bbox 78 658 131 684; x_wconf 87' lang='lat' dir='ltr'><strong>rium</strong></span> <span class='ocrx_word' id='word_1_74' title='bbox 139 655 234 682; x_wconf 85' lang='lat' dir='ltr'><strong>addidit</strong></span> <span class='ocrx_word' id='word_1_75' title='bbox 249 661 309 690; x_wconf 85' lang='lat' dir='ltr'><strong>post</strong></span> <span class='ocrx_word' id='word_1_76' title='bbox 325 656 464 683; x_wconf 89' lang='lat' dir='ltr'><strong>homiliam</strong></span> <span class='ocrx_word' id='word_1_77' title='bbox 480 655 607 684; x_wconf 84' lang='lat' dir='ltr'><strong>Germani</strong></span> <span class='ocrx_word' id='word_1_78' title='bbox 624 658 794 692; x_wconf 73' lang='lat' dir='ltr'><strong>patriarcbze,</strong></span> <span class='ocrx_word' id='word_1_79' title='bbox 807 663 834 685; x_wconf 85' lang='lat' dir='ltr'><strong>et</strong></span> 
     </span>
    </p>
   </div>
   <div class='ocr_carea' id='block_1_14' title="bbox 79 702 833 738">
    <p class='ocr_par' dir='ltr' id='par_1_14' title="bbox 79 702 833 738">
     <span class='ocr_line' id='line_1_14' title="bbox 79 702 833 738; baseline 0.005 -11"><span class='ocrx_word' id='word_1_80' title='bbox 79 703 132 729; x_wconf 87' lang='lat' dir='ltr'><strong>unde</strong></span> <span class='ocrx_word' id='word_1_81' title='bbox 149 710 201 728; x_wconf 81' lang='lat' dir='ltr'><strong>eam</strong></span> <span class='ocrx_word' id='word_1_82' title='bbox 223 702 361 734; x_wconf 72' lang='lat' dir='ltr'><strong>habuerit,</strong></span> <span class='ocrx_word' id='word_1_83' title='bbox 383 707 411 729; x_wconf 92' lang='lat' dir='ltr'><strong>et</strong></span> <span class='ocrx_word' id='word_1_84' title='bbox 435 710 486 737; x_wconf 87' lang='lat' dir='ltr'><strong>qua</strong></span> <span class='ocrx_word' id='word_1_85' title='bbox 510 703 673 731; x_wconf 87' lang='lat' dir='ltr'><strong>auctoritate</strong></span> <span class='ocrx_word' id='word_1_86' title='bbox 696 709 833 738; x_wconf 89' lang='lat' dir='ltr'><strong>permotus</strong></span> 
     </span>
    </p>
   </div>
   <div class='ocr_carea' id='block_1_15' title="bbox 78 747 833 784">
    <p class='ocr_par' dir='ltr' id='par_1_15' title="bbox 78 747 833 784">
     <span class='ocr_line' id='line_1_15' title="bbox 78 747 833 784; baseline 0.001 -9"><span class='ocrx_word' id='word_1_87' title='bbox 78 748 177 780; x_wconf 81' lang='lat' dir='ltr'><strong>ediderit,</strong></span> <span class='ocrx_word' id='word_1_88' title='bbox 194 747 233 773; x_wconf 89' lang='lat' dir='ltr'><strong>bis</strong></span> <span class='ocrx_word' id='word_1_89' title='bbox 251 747 341 774; x_wconf 82' lang='lat' dir='ltr'><strong>verbis</strong></span> <span class='ocrx_word' id='word_1_90' title='bbox 360 751 474 775; x_wconf 72' lang='lat' dir='ltr'><strong>testatur</strong></span> <span class='ocrx_word' id='word_1_91' title='bbox 486 748 518 775; x_wconf 87' lang='lat' dir='ltr'><strong>ad</strong></span> <span class='ocrx_word' id='word_1_92' title='bbox 535 756 590 776; x_wconf 87' lang='lat' dir='ltr'><strong>rem</strong></span> <span class='ocrx_word' id='word_1_93' title='bbox 611 750 733 776; x_wconf 77' lang='lat' dir='ltr'><strong>maxime</strong></span> <span class='ocrx_word' id='word_1_94' title='bbox 749 750 833 784; x_wconf 88' lang='lat' dir='ltr'><strong>perti-</strong></span> 
     </span>
    </p>
   </div>
   <div class='ocr_carea' id='block_1_16' title="bbox 78 792 833 829">
    <p class='ocr_par' dir='ltr' id='par_1_16' title="bbox 78 792 833 829">
     <span class='ocr_line' id='line_1_16' title="bbox 78 792 833 829; baseline 0.004 -9"><span class='ocrx_word' id='word_1_95' title='bbox 78 795 178 820; x_wconf 86' lang='lat' dir='ltr'><strong>nentibus</strong></span> <span class='ocrx_word' id='word_1_96' title='bbox 191 802 196 819; x_wconf 89' lang='lat'><strong>:</strong></span> <span class='ocrx_word' id='word_1_97' title='bbox 210 792 281 820; x_wconf 80' lang='lat' dir='ltr'><strong>Inter</strong></span> <span class='ocrx_word' id='word_1_98' title='bbox 295 794 364 820; x_wconf 72' lang='lat' dir='ltr'><strong>alia;</strong></span> <span class='ocrx_word' id='word_1_99' title='bbox 376 794 485 821; x_wconf 70' lang='lat' dir='ltr'><strong>sit/tedas</strong></span> <span class='ocrx_word' id='word_1_100' title='bbox 500 795 636 822; x_wconf 64' lang='lat' dir='ltr'><strong>litterarii:</strong></span> <span class='ocrx_word' id='word_1_101' title='bbox 650 797 833 829; x_wconf 71' lang='lat' dir='ltr'><strong>suppellectilis</strong></span> 
     </span>
    </p>
   </div>
   <div class='ocr_carea' id='block_1_17' title="bbox 78 837 834 875">
    <p class='ocr_par' dir='ltr' id='par_1_17' title="bbox 78 837 834 875">
     <span class='ocr_line' id='line_1_17' title="bbox 78 837 834 875; baseline 0.007 -11"><span class='ocrx_word' id='word_1_102' title='bbox 78 837 188 864; x_wconf 70' lang='lat' dir='ltr'><strong>Francilci</strong></span> <span class='ocrx_word' id='word_1_103' title='bbox 208 837 343 871; x_wconf 80' lang='lat' dir='ltr'><strong>Turrinni,</strong></span> <span class='ocrx_word' id='word_1_104' title='bbox 368 848 432 872; x_wconf 73' lang='lat' dir='ltr'><strong>quas</strong></span> <span class='ocrx_word' id='word_1_105' title='bbox 448 845 508 866; x_wconf 85' lang='lat' dir='ltr'><strong>ante</strong></span> <span class='ocrx_word' id='word_1_106' title='bbox 529 840 629 875; x_wconf 83' lang='lat' dir='ltr'><strong>aliquot</strong></span> <span class='ocrx_word' id='word_1_107' title='bbox 645 850 729 868; x_wconf 70' lang='lat' dir='ltr'><strong>anno:</strong></span> <span class='ocrx_word' id='word_1_108' title='bbox 746 842 779 868; x_wconf 79' lang='lat' dir='ltr'><strong>ad</strong></span> <span class='ocrx_word' id='word_1_109' title='bbox 794 850 834 869; x_wconf 82' lang='lat' dir='ltr'><strong>me</strong></span> 
     </span>
    </p>
   </div>
   <div class='ocr_carea' id='block_1_18' title="bbox 77 883 832 918">
    <p class='ocr_par' dir='ltr' id='par_1_18' title="bbox 77 883 832 918">
     <span class='ocr_line' id='line_1_18' title="bbox 77 883 832 918; baseline 0.004 -9"><span class='ocrx_word' id='word_1_110' title='bbox 77 883 167 911; x_wconf 72' lang='lat' dir='ltr'><strong>iiiisilR.</strong></span> <span class='ocrx_word' id='word_1_111' title='bbox 183 883 212 910; x_wconf 88' lang='lat' dir='ltr'><strong>P.</strong></span> <span class='ocrx_word' id='word_1_112' title='bbox 226 883 356 910; x_wconf 71' lang='lat' dir='ltr'><strong>Antonius</strong></span> <span class='ocrx_word' id='word_1_113' title='bbox 380 883 546 917; x_wconf 70' lang='lat' dir='ltr'><strong>Possevinue,</strong></span> <span class='ocrx_word' id='word_1_114' title='bbox 560 885 643 918; x_wconf 85' lang='lat' dir='ltr'><strong>reperi</strong></span> <span class='ocrx_word' id='word_1_115' title='bbox 660 887 728 912; x_wconf 83' lang='lat' dir='ltr'><strong>hanc</strong></span> <span class='ocrx_word' id='word_1_116' title='bbox 749 887 832 912; x_wconf 84' lang='lat' dir='ltr'><strong>Itami-</strong></span> 
     </span>
    </p>
   </div>
   <div class='ocr_carea' id='block_1_19' title="bbox 77 928 832 966">
    <p class='ocr_par' dir='ltr' id='par_1_19' title="bbox 77 928 832 966">
     <span class='ocr_line' id='line_1_19' title="bbox 77 928 832 966; baseline 0.005 -12"><span class='ocrx_word' id='word_1_117' title='bbox 77 931 124 956; x_wconf 67' lang='lat' dir='ltr'><strong>Iiam</strong></span> <span class='ocrx_word' id='word_1_118' title='bbox 135 939 147 955; x_wconf 79' lang='grc' dir='ltr'><em>α</em></span> <span class='ocrx_word' id='word_1_119' title='bbox 162 928 284 956; x_wconf 85' lang='lat' dir='ltr'><strong>Turriuno</strong></span> <span class='ocrx_word' id='word_1_120' title='bbox 300 938 415 959; x_wconf 80' lang='lat' dir='ltr'><strong>venam.</strong></span> <span class='ocrx_word' id='word_1_121' title='bbox 430 935 454 956; x_wconf 83' lang='lat' dir='ltr'><strong>et</strong></span> <span class='ocrx_word' id='word_1_122' title='bbox 475 931 584 964; x_wconf 87' lang='lat' dir='ltr'><strong>propria</strong></span> <span class='ocrx_word' id='word_1_123' title='bbox 599 939 680 958; x_wconf 86' lang='lat' dir='ltr'><strong>manu</strong></span> <span class='ocrx_word' id='word_1_124' title='bbox 697 933 832 966; x_wconf 65' lang='lat' dir='ltr'><strong>scriptam,</strong></span> 
     </span>
    </p>
   </div>
   <div class='ocr_carea' id='block_1_20' title="bbox 76 975 834 1010">
    <p class='ocr_par' dir='ltr' id='par_1_20' title="bbox 76 975 834 1010">
     <span class='ocr_line' id='line_1_20' title="bbox 76 975 834 1010; baseline 0.005 -10"><span class='ocrx_word' id='word_1_125' title='bbox 76 983 135 1010; x_wconf 71' lang='lat' dir='ltr'><strong>quam</strong></span> <span class='ocrx_word' id='word_1_126' title='bbox 148 975 236 1001; x_wconf 70' lang='lat' dir='ltr'><strong>diutius</strong></span> <span class='ocrx_word' id='word_1_127' title='bbox 252 975 334 1001; x_wconf 78' lang='lat' dir='ltr'><strong>latere</strong></span> <span class='ocrx_word' id='word_1_128' title='bbox 361 975 443 1008; x_wconf 77' lang='lat' dir='ltr'><strong>nolui,</strong></span> <span class='ocrx_word' id='word_1_129' title='bbox 468 982 522 1002; x_wconf 84' lang='lat' dir='ltr'><strong>tum</strong></span> <span class='ocrx_word' id='word_1_130' title='bbox 544 982 648 1010; x_wconf 76' lang='lat' dir='ltr'><strong>propter</strong></span> <span class='ocrx_word' id='word_1_131' title='bbox 673 976 834 1004; x_wconf 83' lang='lat' dir='ltr'><strong>Turrianum</strong></span> 
     </span>
    </p>
   </div>
   <div class='ocr_carea' id='block_1_21' title="bbox 77 1021 833 1058">
    <p class='ocr_par' dir='ltr' id='par_1_21' title="bbox 77 1021 833 1058">
     <span class='ocr_line' id='line_1_21' title="bbox 77 1021 833 1058; baseline 0.003 -11"><span class='ocrx_word' id='word_1_132' title='bbox 77 1021 320 1048; x_wconf 66' lang='lat' dir='ltr'><strong>rirumdoctiuimum</strong></span> <span class='ocrx_word' id='word_1_133' title='bbox 335 1026 390 1047; x_wconf 90' lang='lat' dir='ltr'><strong>tum</strong></span> <span class='ocrx_word' id='word_1_134' title='bbox 399 1026 504 1056; x_wconf 82' lang='lat' dir='ltr'><strong>propter</strong></span> <span class='ocrx_word' id='word_1_135' title='bbox 511 1028 690 1056; x_wconf 82' lang='lat' dir='ltr'><strong>argumentum</strong></span> <span class='ocrx_word' id='word_1_136' title='bbox 698 1024 766 1058; x_wconf 85' lang='lat' dir='ltr'><strong>quod</strong></span> <span class='ocrx_word' id='word_1_137' title='bbox 775 1031 833 1050; x_wconf 82' lang='lat' dir='ltr'><strong>cum</strong></span> 
     </span>
    </p>
   </div>
   <div class='ocr_carea' id='block_1_22' title="bbox 76 1059 833 1101">
    <p class='ocr_par' dir='ltr' id='par_1_22' title="bbox 76 1065 833 1101">
     <span class='ocr_line' id='line_1_22' title="bbox 76 1065 833 1101; baseline 0.003 -8"><span class='ocrx_word' id='word_1_138' title='bbox 76 1067 160 1094; x_wconf 77' lang='lat' dir='ltr'><strong>humilia</strong></span> <span class='ocrx_word' id='word_1_139' title='bbox 182 1065 301 1093; x_wconf 81' lang='lat' dir='ltr'><strong>Germani</strong></span> <span class='ocrx_word' id='word_1_140' title='bbox 329 1076 438 1101; x_wconf 75' lang='lat' dir='ltr'><strong>promis</strong></span> <span class='ocrx_word' id='word_1_141' title='bbox 463 1069 600 1094; x_wconf 67' lang='lat' dir='ltr'><strong>concinens</strong></span> <span class='ocrx_word' id='word_1_142' title='bbox 631 1069 725 1094; x_wconf 85' lang='lat' dir='ltr'><strong>merito</strong></span> <span class='ocrx_word' id='word_1_143' title='bbox 749 1069 833 1095; x_wconf 76' lang='lat' dir='ltr'><strong>eidem</strong></span> 
     </span>
    </p>
   </div>
   <div class='ocr_carea' id='block_1_23' title="bbox 77 1113 834 1149">
    <p class='ocr_par' dir='ltr' id='par_1_23' title="bbox 77 1113 834 1149">
     <span class='ocr_line' id='line_1_23' title="bbox 77 1113 834 1149; baseline 0.004 -11"><span class='ocrx_word' id='word_1_144' title='bbox 77 1113 204 1139; x_wconf 78' lang='lat' dir='ltr'><strong>nuueclitur.</strong></span> <span class='ocrx_word' id='word_1_145' title='bbox 219 1113 280 1140; x_wconf 67' lang='lat' dir='ltr'><strong>ilice</strong></span> <span class='ocrx_word' id='word_1_146' title='bbox 295 1113 457 1146; x_wconf 84' lang='lat' dir='ltr'><strong>Gretserus;</strong></span> <span class='ocrx_word' id='word_1_147' title='bbox 474 1121 508 1141; x_wconf 81' lang='lat' dir='ltr'><strong>ex</strong></span> <span class='ocrx_word' id='word_1_148' title='bbox 529 1114 628 1149; x_wconf 86' lang='lat' dir='ltr'><strong>quibus</strong></span> <span class='ocrx_word' id='word_1_149' title='bbox 649 1114 724 1141; x_wconf 85' lang='lat' dir='ltr'><strong>vides</strong></span> <span class='ocrx_word' id='word_1_150' title='bbox 741 1114 834 1148; x_wconf 82' lang='lat' dir='ltr'><strong>quanti</strong></span> 
     </span>
    </p>
   </div>
   <div class='ocr_carea' id='block_1_24' title="bbox 78 1158 833 1194">
    <p class='ocr_par' dir='ltr' id='par_1_24' title="bbox 78 1158 833 1194">
     <span class='ocr_line' id='line_1_24' title="bbox 78 1158 833 1194; baseline 0 -8"><span class='ocrx_word' id='word_1_151' title='bbox 78 1160 121 1186; x_wconf 67' lang='lat' dir='ltr'><strong>bac</strong></span> <span class='ocrx_word' id='word_1_152' title='bbox 139 1159 239 1194; x_wconf 86' lang='lat' dir='ltr'><strong>antiqua</strong></span> <span class='ocrx_word' id='word_1_153' title='bbox 265 1159 313 1186; x_wconf 88' lang='lat' dir='ltr'><strong>SS.</strong></span> <span class='ocrx_word' id='word_1_154' title='bbox 335 1158 446 1186; x_wconf 83' lang='lat' dir='ltr'><strong>Patrum</strong></span> <span class='ocrx_word' id='word_1_155' title='bbox 466 1164 639 1187; x_wconf 84' lang='lat' dir='ltr'><strong>monumenta</strong></span> <span class='ocrx_word' id='word_1_156' title='bbox 664 1168 678 1187; x_wconf 89' lang='lat' dir='ltr'><strong>a</strong></span> <span class='ocrx_word' id='word_1_157' title='bbox 693 1160 833 1187; x_wconf 80' lang='lat' dir='ltr'><strong>litteratis-</strong></span> 
     </span>
    </p>
   </div>
   <div class='ocr_carea' id='block_1_25' title="bbox 77 1205 834 1234">
    <p class='ocr_par' dir='ltr' id='par_1_25' title="bbox 77 1205 834 1234">
     <span class='ocr_line' id='line_1_25' title="bbox 77 1205 834 1234; baseline 0 -2"><span class='ocrx_word' id='word_1_158' title='bbox 77 1206 135 1232; x_wconf 72' lang='lat' dir='ltr'><strong>simis</strong></span> <span class='ocrx_word' id='word_1_159' title='bbox 148 1206 205 1232; x_wconf 80' lang='lat' dir='ltr'><strong>viris</strong></span> <span class='ocrx_word' id='word_1_160' title='bbox 219 1205 399 1232; x_wconf 60' lang='lat' dir='ltr'><strong>aestimentur.</strong></span> <span class='ocrx_word' id='word_1_161' title='bbox 421 1205 493 1234; x_wconf 88' lang='lat' dir='ltr'><strong>Idem</strong></span> <span class='ocrx_word' id='word_1_162' title='bbox 519 1205 661 1232; x_wconf 83' lang='lat' dir='ltr'><strong>Gretscrus</strong></span> <span class='ocrx_word' id='word_1_163' title='bbox 677 1211 742 1232; x_wconf 88' lang='lat' dir='ltr'><strong>tom.</strong></span> <span class='ocrx_word' id='word_1_164' title='bbox 758 1206 778 1232; x_wconf 93' lang='lat' dir='ltr'><strong>ll</strong></span> <span class='ocrx_word' id='word_1_165' title='bbox 796 1205 834 1232; x_wconf 86' lang='lat' dir='ltr'><strong>De</strong></span> 
     </span>
    </p>
   </div>
   <div class='ocr_carea' id='block_1_26' title="bbox 77 1250 833 1285">
    <p class='ocr_par' dir='ltr' id='par_1_26' title="bbox 77 1250 833 1285">
     <span class='ocr_line' id='line_1_26' title="bbox 77 1250 833 1285; baseline 0 -7"><span class='ocrx_word' id='word_1_166' title='bbox 77 1259 134 1278; x_wconf 72' lang='lat' dir='ltr'><strong>truce</strong></span> <span class='ocrx_word' id='word_1_167' title='bbox 153 1251 213 1278; x_wconf 81' lang='lat' dir='ltr'><strong>duas</strong></span> <span class='ocrx_word' id='word_1_168' title='bbox 237 1251 365 1278; x_wconf 80' lang='lat' dir='ltr'><strong>humilius</strong></span> <span class='ocrx_word' id='word_1_169' title='bbox 396 1250 570 1285; x_wconf 77' lang='lat' dir='ltr'><strong>Theophanis</strong></span> <span class='ocrx_word' id='word_1_170' title='bbox 594 1250 715 1278; x_wconf 83' lang='lat' dir='ltr'><strong>Ccramei</strong></span> <span class='ocrx_word' id='word_1_171' title='bbox 740 1250 833 1278; x_wconf 68' lang='lat' dir='ltr'><strong>Graece</strong></span> 
     </span>
    </p>
   </div>
   <div class='ocr_carea' id='block_1_27' title="bbox 78 1295 835 1330">
    <p class='ocr_par' dir='ltr' id='par_1_27' title="bbox 78 1295 835 1330">
     <span class='ocr_line' id='line_1_27' title="bbox 78 1295 835 1330; baseline 0.001 -8"><span class='ocrx_word' id='word_1_172' title='bbox 78 1296 172 1323; x_wconf 82' lang='lat' dir='ltr'><strong>simulet</strong></span> <span class='ocrx_word' id='word_1_173' title='bbox 185 1295 275 1323; x_wconf 80' lang='lat' dir='ltr'><strong>Latine</strong></span> <span class='ocrx_word' id='word_1_174' title='bbox 289 1303 324 1322; x_wconf 85' lang='lat' dir='ltr'><strong>ex</strong></span> <span class='ocrx_word' id='word_1_175' title='bbox 342 1304 390 1323; x_wconf 89' lang='lat' dir='ltr'><strong>sua</strong></span> <span class='ocrx_word' id='word_1_176' title='bbox 408 1296 632 1330; x_wconf 80' lang='lat' dir='ltr'><strong>interpretatione</strong></span> <span class='ocrx_word' id='word_1_177' title='bbox 648 1296 741 1323; x_wconf 87' lang='lat' dir='ltr'><strong>edidit.</strong></span> <span class='ocrx_word' id='word_1_178' title='bbox 760 1296 835 1324; x_wconf 91' lang='lat' dir='ltr'><strong>Unde</strong></span> 
     </span>
    </p>
   </div>
   <div class='ocr_carea' id='block_1_28' title="bbox 77 1341 833 1376">
    <p class='ocr_par' dir='ltr' id='par_1_28' title="bbox 77 1341 833 1376">
     <span class='ocr_line' id='line_1_28' title="bbox 77 1341 833 1376; baseline 0.001 -8"><span class='ocrx_word' id='word_1_179' title='bbox 77 1349 111 1368; x_wconf 79' lang='lat' dir='ltr'><strong>eas</strong></span> <span class='ocrx_word' id='word_1_180' title='bbox 128 1341 241 1368; x_wconf 81' lang='lat' dir='ltr'><strong>habuerit</strong></span> <span class='ocrx_word' id='word_1_181' title='bbox 264 1349 319 1369; x_wconf 91' lang='lat' dir='ltr'><strong>non</strong></span> <span class='ocrx_word' id='word_1_182' title='bbox 346 1346 470 1368; x_wconf 86' lang='lat' dir='ltr'><strong>testatum</strong></span> <span class='ocrx_word' id='word_1_183' title='bbox 497 1342 603 1376; x_wconf 87' lang='lat' dir='ltr'><strong>reliquit</strong></span> <span class='ocrx_word' id='word_1_184' title='bbox 627 1342 654 1368; x_wconf 91' lang='lat' dir='ltr'><strong>in</strong></span> <span class='ocrx_word' id='word_1_185' title='bbox 680 1342 761 1374; x_wconf 87' lang='lat' dir='ltr'><strong>notis,</strong></span> <span class='ocrx_word' id='word_1_186' title='bbox 787 1343 833 1369; x_wconf 87' lang='lat' dir='ltr'><strong>sed</strong></span> 
     </span>
    </p>
   </div>
   <div class='ocr_carea' id='block_1_29' title="bbox 77 1387 835 1422">
    <p class='ocr_par' dir='ltr' id='par_1_29' title="bbox 77 1387 835 1422">
     <span class='ocr_line' id='line_1_29' title="bbox 77 1387 835 1422; baseline 0.001 -9"><span class='ocrx_word' id='word_1_187' title='bbox 77 1387 175 1421; x_wconf 77' lang='lat' dir='ltr'><strong>equidem</strong></span> <span class='ocrx_word' id='word_1_188' title='bbox 190 1395 220 1414; x_wconf 75' lang='lat' dir='ltr'><strong>ex</strong></span> <span class='ocrx_word' id='word_1_189' title='bbox 237 1388 330 1416; x_wconf 87' lang='lat' dir='ltr'><strong>codice</strong></span> <span class='ocrx_word' id='word_1_190' title='bbox 344 1387 478 1422; x_wconf 82' lang='lat' dir='ltr'><strong>Margunii</strong></span> <span class='ocrx_word' id='word_1_191' title='bbox 493 1394 600 1419; x_wconf 87' lang='lat' dir='ltr'><strong>censeo,</strong></span> <span class='ocrx_word' id='word_1_192' title='bbox 616 1387 693 1422; x_wconf 88' lang='lat' dir='ltr'><strong>cujus</strong></span> <span class='ocrx_word' id='word_1_193' title='bbox 708 1387 743 1414; x_wconf 87' lang='lat' dir='ltr'><strong>ibi</strong></span> <span class='ocrx_word' id='word_1_194' title='bbox 760 1395 835 1414; x_wconf 90' lang='lat' dir='ltr'><strong>meu-</strong></span> 
     </span>
    </p>
   </div>
   <div class='ocr_carea' id='block_1_30' title="bbox 77 1433 833 1468">
    <p class='ocr_par' dir='ltr' id='par_1_30' title="bbox 77 1433 833 1468">
     <span class='ocr_line' id='line_1_30' title="bbox 77 1433 833 1468; baseline 0.001 -9"><span class='ocrx_word' id='word_1_195' title='bbox 77 1435 153 1460; x_wconf 81' lang='lat' dir='ltr'><strong>tionem</strong></span> <span class='ocrx_word' id='word_1_196' title='bbox 172 1433 232 1461; x_wconf 77' lang='lat' dir='ltr'><strong>iacit</strong></span> <span class='ocrx_word' id='word_1_197' title='bbox 246 1442 278 1461; x_wconf 77' lang='lat' dir='ltr'><strong>ex</strong></span> <span class='ocrx_word' id='word_1_198' title='bbox 296 1435 443 1462; x_wconf 75' lang='lat' dir='ltr'><strong>ocrasione</strong></span> <span class='ocrx_word' id='word_1_199' title='bbox 460 1434 582 1461; x_wconf 90' lang='lat' dir='ltr'><strong>locorum</strong></span> <span class='ocrx_word' id='word_1_200' title='bbox 605 1439 793 1468; x_wconf 88' lang='lat' dir='ltr'><strong>corruptorum</strong></span> <span class='ocrx_word' id='word_1_201' title='bbox 807 1439 833 1461; x_wconf 87' lang='lat' dir='ltr'><strong>ct</strong></span> 
     </span>
    </p>
   </div>
   <div class='ocr_carea' id='block_1_31' title="bbox 75 1480 832 1513">
    <p class='ocr_par' dir='ltr' id='par_1_31' title="bbox 75 1480 832 1513">
     <span class='ocr_line' id='line_1_31' title="bbox 75 1480 832 1513; baseline 0 -7"><span class='ocrx_word' id='word_1_202' title='bbox 75 1482 100 1506; x_wconf 80' lang='lat' dir='ltr'><strong>ab</strong></span> <span class='ocrx_word' id='word_1_203' title='bbox 116 1488 143 1506; x_wconf 89' lang='lat' dir='ltr'><strong>eo</strong></span> <span class='ocrx_word' id='word_1_204' title='bbox 162 1481 373 1507; x_wconf 77' lang='lat' dir='ltr'><strong>enienilatoruiu.</strong></span> <span class='ocrx_word' id='word_1_205' title='bbox 399 1480 457 1507; x_wconf 82' lang='lat' dir='ltr'><strong>Jani</strong></span> <span class='ocrx_word' id='word_1_206' title='bbox 483 1487 547 1507; x_wconf 89' lang='lat' dir='ltr'><strong>vero</strong></span> <span class='ocrx_word' id='word_1_207' title='bbox 564 1487 597 1507; x_wconf 79' lang='lat' dir='ltr'><strong>ex</strong></span> <span class='ocrx_word' id='word_1_208' title='bbox 622 1480 698 1508; x_wconf 86' lang='lat' dir='ltr'><strong>notis</strong></span> <span class='ocrx_word' id='word_1_209' title='bbox 714 1480 832 1513; x_wconf 81' lang='lat' dir='ltr'><strong>ejusdem</strong></span> 
     </span>
    </p>
   </div>
   <div class='ocr_carea' id='block_1_32' title="bbox 75 1523 833 1560">
    <p class='ocr_par' dir='ltr' id='par_1_32' title="bbox 75 1523 833 1560">
     <span class='ocr_line' id='line_1_32' title="bbox 75 1523 833 1560; baseline 0.003 -10"><span class='ocrx_word' id='word_1_210' title='bbox 75 1523 169 1551; x_wconf 79' lang='lat' dir='ltr'><strong>Gretseri</strong></span> <span class='ocrx_word' id='word_1_211' title='bbox 185 1525 317 1560; x_wconf 60' lang='lat' dir='ltr'><strong>intelliges</strong></span> <span class='ocrx_word' id='word_1_212' title='bbox 335 1525 383 1552; x_wconf 89' lang='lat' dir='ltr'><strong>has</strong></span> <span class='ocrx_word' id='word_1_213' title='bbox 401 1525 524 1551; x_wconf 83' lang='lat' dir='ltr'><strong>liomilias</strong></span> <span class='ocrx_word' id='word_1_214' title='bbox 543 1533 608 1552; x_wconf 86' lang='lat' dir='ltr'><strong>mss.</strong></span> <span class='ocrx_word' id='word_1_215' title='bbox 626 1525 729 1552; x_wconf 86' lang='lat' dir='ltr'><strong>servari</strong></span> <span class='ocrx_word' id='word_1_216' title='bbox 746 1524 833 1553; x_wconf 63' lang='lat' dir='ltr'><strong>Veueo</strong></span> 
     </span>
    </p>
   </div>
   <div class='ocr_carea' id='block_1_33' title="bbox 75 1570 835 1606">
    <p class='ocr_par' dir='ltr' id='par_1_33' title="bbox 75 1570 835 1606">
     <span class='ocr_line' id='line_1_33' title="bbox 75 1570 835 1606; baseline 0.003 -10"><span class='ocrx_word' id='word_1_217' title='bbox 75 1572 115 1598; x_wconf 89' lang='lat' dir='ltr'><strong>tiis.</strong></span> <span class='ocrx_word' id='word_1_218' title='bbox 134 1571 173 1598; x_wconf 89' lang='lat' dir='ltr'><strong>Sic</strong></span> <span class='ocrx_word' id='word_1_219' title='bbox 194 1572 262 1598; x_wconf 87' lang='lat' dir='ltr'><strong>enim</strong></span> <span class='ocrx_word' id='word_1_220' title='bbox 293 1572 354 1606; x_wconf 91' lang='lat' dir='ltr'><strong>ipse</strong></span> <span class='ocrx_word' id='word_1_221' title='bbox 368 1580 375 1598; x_wconf 89' lang='lat'>:</span> <span class='ocrx_word' id='word_1_222' title='bbox 389 1571 425 1598; x_wconf 90' lang='lat' dir='ltr'><strong>De</strong></span> <span class='ocrx_word' id='word_1_223' title='bbox 449 1570 602 1605; x_wconf 79' lang='lat' dir='ltr'><strong>Theophane</strong></span> <span class='ocrx_word' id='word_1_224' title='bbox 631 1570 756 1598; x_wconf 83' lang='lat' dir='ltr'><strong>Cerameo</strong></span> <span class='ocrx_word' id='word_1_225' title='bbox 781 1573 835 1598; x_wconf 75' lang='grc' dir='ltr'><strong>Ιηιέ</strong></span> 
     </span>
    </p>
   </div>
   <div class='ocr_carea' id='block_1_34' title="bbox 75 1616 835 1652">
    <p class='ocr_par' dir='ltr' id='par_1_34' title="bbox 75 1616 835 1652">
     <span class='ocr_line' id='line_1_34' title="bbox 75 1616 835 1652; baseline 0.001 -10"><span class='ocrx_word' id='word_1_226' title='bbox 75 1616 171 1652; x_wconf 79' lang='lat' dir='ltr'><strong>Epitame</strong></span> <span class='ocrx_word' id='word_1_227' title='bbox 192 1616 359 1644; x_wconf 75' lang='lat' dir='ltr'><strong>Bibliotheca:</strong></span> <span class='ocrx_word' id='word_1_228' title='bbox 383 1616 553 1644; x_wconf 73' lang='lat' dir='ltr'><strong>Gesnerianaa</strong></span> <span class='ocrx_word' id='word_1_229' title='bbox 578 1625 588 1644; x_wconf 91' lang='lat'><em>:</em></span> <span class='ocrx_word' id='word_1_230' title='bbox 611 1617 767 1651; x_wconf 74' lang='grc' dir='ltr'><strong>Θεοφάνους</strong></span> <span class='ocrx_word' id='word_1_231' title='bbox 788 1617 835 1644; x_wconf 71' lang='grc' dir='ltr'><strong>τοῦ</strong></span> 
     </span>
    </p>
   </div>
   <div class='ocr_carea' id='block_1_35' title="bbox 76 1662 835 1699">
    <p class='ocr_par' dir='ltr' id='par_1_35' title="bbox 76 1662 835 1699">
     <span class='ocr_line' id='line_1_35' title="bbox 76 1662 835 1699; baseline 0 -10"><span class='ocrx_word' id='word_1_232' title='bbox 76 1663 200 1699; x_wconf 81' lang='grc' dir='ltr'><strong>Κεραμέως</strong></span> <span class='ocrx_word' id='word_1_233' title='bbox 219 1663 325 1698; x_wconf 76' lang='grc' dir='ltr'><strong>ὁμιλίαι</strong></span> <span class='ocrx_word' id='word_1_234' title='bbox 347 1663 386 1694; x_wconf 83' lang='grc' dir='ltr'><strong>εἰς</strong></span> <span class='ocrx_word' id='word_1_235' title='bbox 412 1662 567 1696; x_wconf 74' lang='grc' dir='ltr'>Εὐαγγέλια</span> <span class='ocrx_word' id='word_1_236' title='bbox 589 1662 644 1689; x_wconf 84' lang='grc' dir='ltr'>τῶν</span> <span class='ocrx_word' id='word_1_237' title='bbox 667 1663 835 1698; x_wconf 70' lang='grc' dir='ltr'>Κυριακῶν,</span> 
     </span>
    </p>
   </div>
   <div class='ocr_carea' id='block_1_36' title="bbox 76 1708 834 1744">
    <p class='ocr_par' dir='ltr' id='par_1_36' title="bbox 76 1708 834 1744">
     <span class='ocr_line' id='line_1_36' title="bbox 76 1708 834 1744; baseline 0.001 -9"><span class='ocrx_word' id='word_1_238' title='bbox 76 1710 155 1740; x_wconf 66' lang='lat' dir='ltr'><strong>nisi;</strong></span> <span class='ocrx_word' id='word_1_239' title='bbox 175 1710 246 1741; x_wconf 76' lang='grc' dir='ltr'>τινὰς</span> <span class='ocrx_word' id='word_1_240' title='bbox 272 1709 384 1744; x_wconf 83' lang='grc' dir='ltr'><strong>ἑορτάς.</strong></span> <span class='ocrx_word' id='word_1_241' title='bbox 405 1708 600 1742; x_wconf 73' lang='lat' dir='ltr'><strong>Manuscriptuu</strong></span> <span class='ocrx_word' id='word_1_242' title='bbox 619 1709 684 1736; x_wconf 81' lang='lat' dir='ltr'><strong>liber</strong></span> <span class='ocrx_word' id='word_1_243' title='bbox 710 1708 834 1737; x_wconf 72' lang='lat' dir='ltr'><strong>Veneliis.</strong></span> 
     </span>
    </p>
   </div>
   <div class='ocr_carea' id='block_1_37' title="bbox 77 1754 834 1788">
    <p class='ocr_par' dir='ltr' id='par_1_37' title="bbox 77 1754 834 1788">
     <span class='ocr_line' id='line_1_37' title="bbox 77 1754 834 1788; baseline 0.001 -8"><span class='ocrx_word' id='word_1_244' title='bbox 77 1755 130 1782; x_wconf 82' lang='lat' dir='ltr'><strong>idem</strong></span> <span class='ocrx_word' id='word_1_245' title='bbox 143 1755 247 1783; x_wconf 83' lang='lat' dir='ltr'><strong>habetur</strong></span> <span class='ocrx_word' id='word_1_246' title='bbox 260 1756 286 1782; x_wconf 93' lang='lat' dir='ltr'><strong>in</strong></span> <span class='ocrx_word' id='word_1_247' title='bbox 304 1754 471 1782; x_wconf 83' lang='lat' dir='ltr'><strong>Bibliotheca</strong></span> <span class='ocrx_word' id='word_1_248' title='bbox 484 1754 534 1781; x_wconf 83' lang='lat' dir='ltr'><strong>SS.</strong></span> <span class='ocrx_word' id='word_1_249' title='bbox 546 1754 654 1781; x_wconf 81' lang='lat' dir='ltr'><strong>Patrum</strong></span> <span class='ocrx_word' id='word_1_250' title='bbox 671 1754 769 1783; x_wconf 67' lang='lat' dir='ltr'><strong>saeculo</strong></span> <span class='ocrx_word' id='word_1_251' title='bbox 792 1762 834 1788; x_wconf 82' lang='lat' dir='ltr'><strong>ix;</strong></span> 
     </span>
    </p>
   </div>
   <div class='ocr_carea' id='block_1_38' title="bbox 75 1800 836 1836">
    <p class='ocr_par' dir='ltr' id='par_1_38' title="bbox 75 1800 836 1836">
     <span class='ocr_line' id='line_1_38' title="bbox 75 1800 836 1836; baseline 0.004 -11"><span class='ocrx_word' id='word_1_252' title='bbox 75 1800 110 1826; x_wconf 67' lang='lat' dir='ltr'><strong>sed</strong></span> <span class='ocrx_word' id='word_1_253' title='bbox 127 1808 178 1827; x_wconf 88' lang='lat' dir='ltr'><strong>cum</strong></span> <span class='ocrx_word' id='word_1_254' title='bbox 196 1801 261 1835; x_wconf 89' lang='lat' dir='ltr'><strong>apud</strong></span> <span class='ocrx_word' id='word_1_255' title='bbox 281 1808 326 1828; x_wconf 85' lang='lat' dir='ltr'><strong>me</strong></span> <span class='ocrx_word' id='word_1_256' title='bbox 352 1800 492 1836; x_wconf 85' lang='lat' dir='ltr'><strong>Epitomen</strong></span> <span class='ocrx_word' id='word_1_257' title='bbox 507 1800 702 1827; x_wconf 80' lang='lat' dir='ltr'><strong>Gesnerianam</strong></span> <span class='ocrx_word' id='word_1_258' title='bbox 720 1809 771 1827; x_wconf 91' lang='lat' dir='ltr'><strong>non</strong></span> <span class='ocrx_word' id='word_1_259' title='bbox 787 1801 836 1828; x_wconf 86' lang='lat' dir='ltr'><strong>lia-</strong></span> 
     </span>
    </p>
   </div>
   <div class='ocr_carea' id='block_1_39' title="bbox 76 1847 833 1882">
    <p class='ocr_par' dir='ltr' id='par_1_39' title="bbox 76 1847 833 1882">
     <span class='ocr_line' id='line_1_39' title="bbox 76 1847 833 1882; baseline 0.004 -11"><span class='ocrx_word' id='word_1_260' title='bbox 76 1848 154 1879; x_wconf 70' lang='lat' dir='ltr'><strong>lierein,</strong></span> <span class='ocrx_word' id='word_1_261' title='bbox 166 1848 282 1874; x_wconf 87' lang='lat' dir='ltr'><strong>consului</strong></span> <span class='ocrx_word' id='word_1_262' title='bbox 298 1855 358 1874; x_wconf 83' lang='lat' dir='ltr'><strong>eam</strong></span> <span class='ocrx_word' id='word_1_263' title='bbox 373 1854 434 1882; x_wconf 63' lang='lat' dir='ltr'><strong>qua:</strong></span> <span class='ocrx_word' id='word_1_264' title='bbox 448 1847 563 1874; x_wconf 86' lang='lat' dir='ltr'><strong>habetur</strong></span> <span class='ocrx_word' id='word_1_265' title='bbox 576 1847 602 1873; x_wconf 95' lang='lat' dir='ltr'><strong>in</strong></span> <span class='ocrx_word' id='word_1_266' title='bbox 617 1847 740 1874; x_wconf 87' lang='lat' dir='ltr'><strong>biblioth.</strong></span> <span class='ocrx_word' id='word_1_267' title='bbox 757 1847 833 1874; x_wconf 90' lang='lat' dir='ltr'><strong>Dom.</strong></span> 
     </span>
    </p>
   </div>
   <div class='ocr_carea' id='block_1_40' title="bbox 76 1891 837 1926">
    <p class='ocr_par' dir='ltr' id='par_1_40' title="bbox 76 1891 837 1926">
     <span class='ocr_line' id='line_1_40' title="bbox 76 1891 837 1926; baseline 0.001 -8"><span class='ocrx_word' id='word_1_268' title='bbox 76 1892 147 1918; x_wconf 78' lang='lat' dir='ltr'><strong>Aioisii</strong></span> <span class='ocrx_word' id='word_1_269' title='bbox 164 1892 198 1918; x_wconf 86' lang='lat' dir='ltr'><strong>La</strong></span> <span class='ocrx_word' id='word_1_270' title='bbox 214 1891 326 1925; x_wconf 84' lang='lat' dir='ltr'><strong>Farina,</strong></span> <span class='ocrx_word' id='word_1_271' title='bbox 339 1892 448 1919; x_wconf 88' lang='lat' dir='ltr'><strong>baronis</strong></span> <span class='ocrx_word' id='word_1_272' title='bbox 471 1891 678 1926; x_wconf 80' lang='lat' dir='ltr'><strong>Aspri-Montis,</strong></span> <span class='ocrx_word' id='word_1_273' title='bbox 693 1896 719 1918; x_wconf 91' lang='lat' dir='ltr'><strong>et</strong></span> <span class='ocrx_word' id='word_1_274' title='bbox 737 1899 837 1926; x_wconf 75' lang='lat' dir='ltr'><strong>genere</strong></span> 
     </span>
    </p>
   </div>
   <div class='ocr_carea' id='block_1_41' title="bbox 77 1937 836 1971">
    <p class='ocr_par' dir='ltr' id='par_1_41' title="bbox 77 1937 836 1971">
     <span class='ocr_line' id='line_1_41' title="bbox 77 1937 836 1971; baseline 0.003 -9"><span class='ocrx_word' id='word_1_275' title='bbox 77 1942 96 1963; x_wconf 75' lang='lat' dir='ltr'><strong>cl</strong></span> <span class='ocrx_word' id='word_1_276' title='bbox 106 1938 181 1965; x_wconf 80' lang='lat' dir='ltr'><strong>studio</strong></span> <span class='ocrx_word' id='word_1_277' title='bbox 192 1938 354 1965; x_wconf 84' lang='lat' dir='ltr'><strong>eruditionis</strong></span> <span class='ocrx_word' id='word_1_278' title='bbox 369 1938 475 1971; x_wconf 88' lang='lat' dir='ltr'><strong>nobilis,</strong></span> <span class='ocrx_word' id='word_1_279' title='bbox 487 1937 519 1964; x_wconf 90' lang='lat' dir='ltr'><strong>de</strong></span> <span class='ocrx_word' id='word_1_280' title='bbox 531 1937 608 1971; x_wconf 89' lang='lat' dir='ltr'><strong>cujus</strong></span> <span class='ocrx_word' id='word_1_281' title='bbox 621 1937 705 1964; x_wconf 82' lang='lat' dir='ltr'><strong>fratre</strong></span> <span class='ocrx_word' id='word_1_282' title='bbox 719 1937 750 1964; x_wconf 87' lang='lat' dir='ltr'><strong>D.</strong></span> <span class='ocrx_word' id='word_1_283' title='bbox 765 1937 836 1964; x_wconf 75' lang='lat' dir='ltr'><strong>hlar-</strong></span> 
     </span>
    </p>
   </div>
   <div class='ocr_carea' id='block_1_42' title="bbox 77 1982 835 2018">
    <p class='ocr_par' dir='ltr' id='par_1_42' title="bbox 77 1982 835 2018">
     <span class='ocr_line' id='line_1_42' title="bbox 77 1982 835 2018; baseline 0.005 -12"><span class='ocrx_word' id='word_1_284' title='bbox 77 1982 118 2008; x_wconf 88' lang='lat' dir='ltr'><strong>iiuo</strong></span> <span class='ocrx_word' id='word_1_285' title='bbox 129 1990 199 2015; x_wconf 83' lang='lat' dir='ltr'><strong>supra</strong></span> <span class='ocrx_word' id='word_1_286' title='bbox 217 1984 330 2010; x_wconf 86' lang='lat' dir='ltr'><strong>memini</strong></span> <span class='ocrx_word' id='word_1_287' title='bbox 345 1984 463 2012; x_wconf 70' lang='lat' dir='ltr'><strong>Promm,</strong></span> <span class='ocrx_word' id='word_1_288' title='bbox 477 1983 500 2010; x_wconf 86' lang='grc' dir='ltr'>ι.</span> <span class='ocrx_word' id='word_1_289' title='bbox 514 1982 613 2018; x_wconf 80' lang='lat' dir='ltr'><strong>Repcri</strong></span> <span class='ocrx_word' id='word_1_290' title='bbox 639 1988 730 2010; x_wconf 81' lang='lat' dir='ltr'><strong>autem</strong></span> <span class='ocrx_word' id='word_1_291' title='bbox 754 1983 780 2010; x_wconf 92' lang='lat' dir='ltr'><strong>in</strong></span> <span class='ocrx_word' id='word_1_292' title='bbox 804 1991 835 2010; x_wconf 85' lang='lat' dir='ltr'><strong>ea</strong></span> 
     </span>
    </p>
   </div>
   <div class='ocr_carea' id='block_1_43' title="bbox 75 2028 835 2065">
    <p class='ocr_par' dir='ltr' id='par_1_43' title="bbox 75 2028 835 2065">
     <span class='ocr_line' id='line_1_43' title="bbox 75 2028 835 2065; baseline 0.004 -12"><span class='ocrx_word' id='word_1_293' title='bbox 75 2028 168 2061; x_wconf 74' lang='lat' dir='ltr'><strong>epitome</strong></span> <span class='ocrx_word' id='word_1_294' title='bbox 191 2038 243 2057; x_wconf 88' lang='lat' dir='ltr'><strong>non</strong></span> <span class='ocrx_word' id='word_1_295' title='bbox 264 2031 354 2058; x_wconf 89' lang='lat' dir='ltr'><strong>solum</strong></span> <span class='ocrx_word' id='word_1_296' title='bbox 378 2030 470 2057; x_wconf 75' lang='lat' dir='ltr'><strong>Graeca</strong></span> <span class='ocrx_word' id='word_1_297' title='bbox 496 2031 578 2057; x_wconf 87' lang='lat' dir='ltr'><strong>verba</strong></span> <span class='ocrx_word' id='word_1_298' title='bbox 606 2037 667 2065; x_wconf 64' lang='lat' dir='ltr'><strong>qua:</strong></span> <span class='ocrx_word' id='word_1_299' title='bbox 692 2030 835 2057; x_wconf 83' lang='lat' dir='ltr'><strong>Gretserus</strong></span> 
     </span>
    </p>
   </div>
   <div class='ocr_carea' id='block_1_44' title="bbox 78 2074 835 2110">
    <p class='ocr_par' dir='ltr' id='par_1_44' title="bbox 78 2074 835 2110">
     <span class='ocr_line' id='line_1_44' title="bbox 78 2074 835 2110; baseline 0.005 -11"><span class='ocrx_word' id='word_1_300' title='bbox 78 2074 168 2102; x_wconf 76' lang='lat' dir='ltr'><strong>ﬁdeliter</strong></span> <span class='ocrx_word' id='word_1_301' title='bbox 188 2076 288 2109; x_wconf 91' lang='lat' dir='ltr'><strong>retulit,</strong></span> <span class='ocrx_word' id='word_1_302' title='bbox 305 2076 352 2104; x_wconf 85' lang='lat' dir='ltr'><strong>sed</strong></span> <span class='ocrx_word' id='word_1_303' title='bbox 368 2081 394 2103; x_wconf 89' lang='lat' dir='ltr'><strong>et</strong></span> <span class='ocrx_word' id='word_1_304' title='bbox 409 2076 488 2102; x_wconf 85' lang='lat' dir='ltr'><strong>aliam</strong></span> <span class='ocrx_word' id='word_1_305' title='bbox 504 2080 605 2109; x_wconf 85' lang='lat' dir='ltr'><strong>notam,</strong></span> <span class='ocrx_word' id='word_1_306' title='bbox 620 2083 653 2103; x_wconf 77' lang='lat' dir='ltr'><strong>ex</strong></span> <span class='ocrx_word' id='word_1_307' title='bbox 667 2083 717 2110; x_wconf 85' lang='lat' dir='ltr'><strong>qua</strong></span> <span class='ocrx_word' id='word_1_308' title='bbox 733 2075 835 2103; x_wconf 83' lang='lat' dir='ltr'><strong>Gesne-</strong></span> 
     </span>
    </p>
   </div>
   <div class='ocr_carea' id='block_1_45' title="bbox 77 2122 834 2157">
    <p class='ocr_par' dir='ltr' id='par_1_45' title="bbox 77 2122 834 2157">
     <span class='ocr_line' id='line_1_45' title="bbox 77 2122 834 2157; baseline 0.001 -9"><span class='ocrx_word' id='word_1_309' title='bbox 77 2127 110 2148; x_wconf 77' lang='grc' dir='ltr'><strong>ηις</strong></span> <span class='ocrx_word' id='word_1_310' title='bbox 129 2122 211 2150; x_wconf 78' lang='lat' dir='ltr'><strong>eodem</strong></span> <span class='ocrx_word' id='word_1_311' title='bbox 235 2129 328 2150; x_wconf 90' lang='lat' dir='ltr'><strong>errore</strong></span> <span class='ocrx_word' id='word_1_312' title='bbox 353 2129 407 2157; x_wconf 90' lang='lat' dir='ltr'><strong>quo</strong></span> <span class='ocrx_word' id='word_1_313' title='bbox 431 2123 539 2154; x_wconf 62' lang='lat' dir='ltr'><strong>caeteri,</strong></span> <span class='ocrx_word' id='word_1_314' title='bbox 571 2122 605 2150; x_wconf 88' lang='lat' dir='ltr'><strong>de</strong></span> <span class='ocrx_word' id='word_1_315' title='bbox 630 2123 728 2157; x_wconf 85' lang='lat' dir='ltr'><strong>quibus</strong></span> <span class='ocrx_word' id='word_1_316' title='bbox 753 2129 834 2157; x_wconf 85' lang='lat' dir='ltr'><strong>supra</strong></span> 
     </span>
    </p>
   </div>
   <div class='ocr_carea' id='block_1_46' title="bbox 78 2166 839 2204">
    <p class='ocr_par' dir='ltr' id='par_1_46' title="bbox 78 2166 839 2204">
     <span class='ocr_line' id='line_1_46' title="bbox 78 2166 839 2204; baseline 0.004 -12"><span class='ocrx_word' id='word_1_317' title='bbox 78 2166 170 2194; x_wconf 72' lang='grc' dir='ltr'>Ρῐοωιιι.</span> <span class='ocrx_word' id='word_1_318' title='bbox 181 2168 214 2201; x_wconf 89' lang='grc' dir='ltr'><strong>ΙΙ,</strong></span> <span class='ocrx_word' id='word_1_319' title='bbox 226 2174 353 2204; x_wconf 89' lang='lat' dir='ltr'><strong>tanquam</strong></span> <span class='ocrx_word' id='word_1_320' title='bbox 369 2169 489 2196; x_wconf 84' lang='lat' dir='ltr'><strong>diversos</strong></span> <span class='ocrx_word' id='word_1_321' title='bbox 504 2168 579 2202; x_wconf 80' lang='lat' dir='ltr'><strong>pcnit</strong></span> <span class='ocrx_word' id='word_1_322' title='bbox 597 2168 789 2203; x_wconf 86' lang='lat' dir='ltr'><strong>Theophanem</strong></span> <span class='ocrx_word' id='word_1_323' title='bbox 811 2171 839 2195; x_wconf 88' lang='lat' dir='ltr'><strong>et</strong></span> 
     </span>
    </p>
   </div>
   <div class='ocr_carea' id='block_1_47' title="bbox 78 2211 838 2247">
    <p class='ocr_par' dir='ltr' id='par_1_47' title="bbox 78 2211 838 2247">
     <span class='ocr_line' id='line_1_47' title="bbox 78 2211 838 2247; baseline 0.005 -9"><span class='ocrx_word' id='word_1_324' title='bbox 78 2211 222 2247; x_wconf 73' lang='lat' dir='ltr'><strong>Gregorium,</strong></span> <span class='ocrx_word' id='word_1_325' title='bbox 241 2214 338 2241; x_wconf 79' lang='lat' dir='ltr'><strong>ambos</strong></span> <span class='ocrx_word' id='word_1_326' title='bbox 361 2213 518 2246; x_wconf 87' lang='lat' dir='ltr'><strong>Cerameos,</strong></span> <span class='ocrx_word' id='word_1_327' title='bbox 546 2214 640 2241; x_wconf 85' lang='lat' dir='ltr'><strong>ambos</strong></span> <span class='ocrx_word' id='word_1_328' title='bbox 665 2213 838 2242; x_wconf 84' lang='lat' dir='ltr'><strong>Tauromenii</strong></span> 
     </span>
    </p>
   </div>
   <div class='ocr_carea' id='block_1_48' title="bbox 77 2258 835 2294">
    <p class='ocr_par' dir='ltr' id='par_1_48' title="bbox 77 2258 835 2294">
     <span class='ocr_line' id='line_1_48' title="bbox 77 2258 835 2294; baseline 0.007 -12"><span class='ocrx_word' id='word_1_329' title='bbox 77 2258 282 2293; x_wconf 80' lang='lat' dir='ltr'><strong>archiepiscopos;</strong></span> <span class='ocrx_word' id='word_1_330' title='bbox 299 2259 346 2286; x_wconf 87' lang='lat' dir='ltr'><strong>sed</strong></span> <span class='ocrx_word' id='word_1_331' title='bbox 362 2259 433 2286; x_wconf 92' lang='lat' dir='ltr'><strong>hunc</strong></span> <span class='ocrx_word' id='word_1_332' title='bbox 455 2266 548 2287; x_wconf 87' lang='lat' dir='ltr'><strong>eorum</strong></span> <span class='ocrx_word' id='word_1_333' title='bbox 562 2259 607 2294; x_wconf 91' lang='lat' dir='ltr'><strong>qui</strong></span> <span class='ocrx_word' id='word_1_334' title='bbox 632 2264 694 2286; x_wconf 82' lang='lat' dir='ltr'><strong>ante</strong></span> <span class='ocrx_word' id='word_1_335' title='bbox 710 2267 754 2286; x_wconf 86' lang='lat' dir='ltr'><strong>me</strong></span> <span class='ocrx_word' id='word_1_336' title='bbox 767 2261 835 2287; x_wconf 88' lang='lat' dir='ltr'><strong>scri-</strong></span> 
     </span>
    </p>
   </div>
   <div class='ocr_carea' id='block_1_49' title="bbox 77 2305 840 2341">
    <p class='ocr_par' dir='ltr' id='par_1_49' title="bbox 77 2305 840 2341">
     <span class='ocr_line' id='line_1_49' title="bbox 77 2305 840 2341; baseline 0.003 -11"><span class='ocrx_word' id='word_1_337' title='bbox 77 2309 146 2337; x_wconf 67' lang='lat' dir='ltr'><strong>psere,</strong></span> <span class='ocrx_word' id='word_1_338' title='bbox 159 2312 272 2333; x_wconf 81' lang='lat' dir='ltr'><strong>errorem</strong></span> <span class='ocrx_word' id='word_1_339' title='bbox 296 2305 353 2340; x_wconf 85' lang='lat' dir='ltr'><strong>jam</strong></span> <span class='ocrx_word' id='word_1_340' title='bbox 376 2305 463 2333; x_wconf 76' lang='lat' dir='ltr'><strong>derexi</strong></span> <span class='ocrx_word' id='word_1_341' title='bbox 479 2312 593 2340; x_wconf 68' lang='lat' dir='ltr'><strong>prooem.</strong></span> <span class='ocrx_word' id='word_1_342' title='bbox 615 2305 659 2333; x_wconf 90' lang='lat' dir='ltr'><strong>illo</strong></span> <span class='ocrx_word' id='word_1_343' title='bbox 671 2305 704 2339; x_wconf 88' lang='lat' dir='ltr'><strong>ll,</strong></span> <span class='ocrx_word' id='word_1_344' title='bbox 721 2305 735 2341; x_wconf 84' lang='lat'><strong>§</strong></span> <span class='ocrx_word' id='word_1_345' title='bbox 750 2313 777 2332; x_wconf 89' lang='lat' dir='ltr'><strong>ll.</strong></span> <span class='ocrx_word' id='word_1_346' title='bbox 793 2306 840 2333; x_wconf 88' lang='lat' dir='ltr'><strong>Sic</strong></span> 
     </span>
    </p>
   </div>
   <div class='ocr_carea' id='block_1_50' title="bbox 78 2350 838 2387">
    <p class='ocr_par' dir='ltr' id='par_1_50' title="bbox 78 2350 838 2387">
     <span class='ocr_line' id='line_1_50' title="bbox 78 2350 838 2387; baseline 0.007 -12"><span class='ocrx_word' id='word_1_347' title='bbox 78 2350 140 2382; x_wconf 77' lang='lat' dir='ltr'><strong>igitur</strong></span> <span class='ocrx_word' id='word_1_348' title='bbox 153 2351 286 2379; x_wconf 82' lang='lat' dir='ltr'><strong>Gcsnerus</strong></span> <span class='ocrx_word' id='word_1_349' title='bbox 303 2360 310 2379; x_wconf 88' lang='lat'>:</span> <span class='ocrx_word' id='word_1_350' title='bbox 327 2351 446 2387; x_wconf 82' lang='lat' dir='ltr'><strong>Gregorii</strong></span> <span class='ocrx_word' id='word_1_351' title='bbox 467 2351 697 2379; x_wconf 68' lang='lat' dir='ltr'><strong>Tauromenitanm</strong></span> <span class='ocrx_word' id='word_1_352' title='bbox 713 2351 838 2380; x_wconf 58' lang='lat' dir='ltr'><strong>Ecclesia?</strong></span> 
     </span>
    </p>
   </div>
   <div class='ocr_carea' id='block_1_51' title="bbox 77 2395 838 2431">
    <p class='ocr_par' dir='ltr' id='par_1_51' title="bbox 77 2395 838 2431">
     <span class='ocr_line' id='line_1_51' title="bbox 77 2395 838 2431; baseline 0.007 -11"><span class='ocrx_word' id='word_1_353' title='bbox 77 2395 236 2431; x_wconf 67' lang='lat' dir='ltr'><strong>archiepiscopi</strong></span> <span class='ocrx_word' id='word_1_354' title='bbox 260 2396 418 2429; x_wconf 71' lang='lat' dir='ltr'><strong>Siciliensis,</strong></span> <span class='ocrx_word' id='word_1_355' title='bbox 443 2396 561 2424; x_wconf 82' lang='lat' dir='ltr'><strong>Ceramet‘</strong></span> <span class='ocrx_word' id='word_1_356' title='bbox 585 2398 660 2431; x_wconf 82' lang='lat' dir='ltr'><strong>dicti,</strong></span> <span class='ocrx_word' id='word_1_357' title='bbox 680 2398 795 2425; x_wconf 76' lang='lat' dir='ltr'><strong>homiliaz</strong></span> <span class='ocrx_word' id='word_1_358' title='bbox 810 2399 838 2425; x_wconf 81' lang='lat' dir='ltr'><strong>in</strong></span> 
     </span>
    </p>
   </div>
   <div class='ocr_carea' id='block_1_52' title="bbox 79 2440 840 2478">
    <p class='ocr_par' dir='ltr' id='par_1_52' title="bbox 79 2440 840 2478">
     <span class='ocr_line' id='line_1_52' title="bbox 79 2440 840 2478; baseline 0.008 -12"><span class='ocrx_word' id='word_1_359' title='bbox 79 2440 206 2476; x_wconf 72' lang='lat' dir='ltr'><strong>Evangelia,</strong></span> <span class='ocrx_word' id='word_1_360' title='bbox 221 2448 244 2470; x_wconf 88' lang='lat' dir='ltr'><strong>et</strong></span> <span class='ocrx_word' id='word_1_361' title='bbox 260 2444 322 2470; x_wconf 76' lang='lat' dir='ltr'><strong>alite</strong></span> <span class='ocrx_word' id='word_1_362' title='bbox 337 2444 526 2478; x_wconf 74' lang='lat' dir='ltr'><strong>quinquaginta</strong></span> <span class='ocrx_word' id='word_1_363' title='bbox 543 2449 640 2477; x_wconf 77' lang='lat' dir='ltr'><strong>septem</strong></span> <span class='ocrx_word' id='word_1_364' title='bbox 655 2444 840 2478; x_wconf 70' lang='lat' dir='ltr'><strong>manuscripue</strong></span> 
     </span>
    </p>
   </div>
   <div class='ocr_carea' id='block_1_53' title="bbox 78 2488 840 2525">
    <p class='ocr_par' dir='ltr' id='par_1_53' title="bbox 78 2488 840 2525">
     <span class='ocr_line' id='line_1_53' title="bbox 78 2488 840 2525; baseline 0.007 -13"><span class='ocrx_word' id='word_1_365' title='bbox 78 2491 160 2514; x_wconf 70' lang='lat' dir='ltr'><strong>cutim</strong></span> <span class='ocrx_word' id='word_1_366' title='bbox 182 2490 207 2516; x_wconf 86' lang='lat' dir='ltr'><strong>in</strong></span> <span class='ocrx_word' id='word_1_367' title='bbox 226 2489 346 2516; x_wconf 77' lang='lat' dir='ltr'><strong>biblioth.</strong></span> <span class='ocrx_word' id='word_1_368' title='bbox 365 2489 464 2516; x_wconf 58' lang='lat' dir='ltr'><strong>Italian</strong></span> <span class='ocrx_word' id='word_1_369' title='bbox 488 2489 542 2517; x_wconf 82' lang='lat' dir='ltr'><strong>Has</strong></span> <span class='ocrx_word' id='word_1_370' title='bbox 564 2489 688 2517; x_wconf 84' lang='lat' dir='ltr'><strong>bomilias</strong></span> <span class='ocrx_word' id='word_1_371' title='bbox 711 2488 840 2525; x_wconf 76' lang='lat' dir='ltr'><strong>Gregorio</strong></span> 
     </span>
    </p>
   </div>
   <div class='ocr_carea' id='block_1_54' title="bbox 79 2531 839 2570">
    <p class='ocr_par' dir='ltr' id='par_1_54' title="bbox 79 2531 839 2570">
     <span class='ocr_line' id='line_1_54' title="bbox 79 2531 839 2570; baseline 0.007 -13"><span class='ocrx_word' id='word_1_372' title='bbox 79 2531 200 2568; x_wconf 80' lang='lat' dir='ltr'><strong>inscriptas</strong></span> <span class='ocrx_word' id='word_1_373' title='bbox 213 2536 321 2563; x_wconf 80' lang='lat' dir='ltr'><strong>easdem</strong></span> <span class='ocrx_word' id='word_1_374' title='bbox 337 2543 397 2563; x_wconf 86' lang='lat' dir='ltr'><strong>esse</strong></span> <span class='ocrx_word' id='word_1_375' title='bbox 417 2540 497 2570; x_wconf 89' lang='lat' dir='ltr'><strong>atque</strong></span> <span class='ocrx_word' id='word_1_376' title='bbox 518 2535 568 2562; x_wconf 84' lang='lat' dir='ltr'><strong>has</strong></span> <span class='ocrx_word' id='word_1_377' title='bbox 588 2543 656 2567; x_wconf 87' lang='lat' dir='ltr'><strong>quas</strong></span> <span class='ocrx_word' id='word_1_378' title='bbox 678 2541 727 2562; x_wconf 87' lang='lat' dir='ltr'><strong>nos</strong></span> <span class='ocrx_word' id='word_1_379' title='bbox 745 2535 839 2562; x_wconf 90' lang='lat' dir='ltr'><strong>damus</strong></span> 
     </span>
    </p>
   </div>
   <div class='ocr_carea' id='block_1_55' title="bbox 80 2578 840 2616">
    <p class='ocr_par' dir='ltr' id='par_1_55' title="bbox 80 2578 840 2616">
     <span class='ocr_line' id='line_1_55' title="bbox 80 2578 840 2616; baseline 0.004 -12"><span class='ocrx_word' id='word_1_380' title='bbox 80 2578 118 2605; x_wconf 80' lang='lat' dir='ltr'><strong>sub</strong></span> <span class='ocrx_word' id='word_1_381' title='bbox 133 2581 232 2608; x_wconf 87' lang='lat' dir='ltr'><strong>nomine</strong></span> <span class='ocrx_word' id='word_1_382' title='bbox 251 2581 435 2616; x_wconf 85' lang='lat' dir='ltr'><strong>Theophanis,</strong></span> <span class='ocrx_word' id='word_1_383' title='bbox 458 2580 514 2615; x_wconf 86' lang='lat' dir='ltr'><strong>jam</strong></span> <span class='ocrx_word' id='word_1_384' title='bbox 535 2586 674 2608; x_wconf 87' lang='lat' dir='ltr'><strong>ostensum</strong></span> <span class='ocrx_word' id='word_1_385' title='bbox 696 2585 738 2608; x_wconf 87' lang='lat' dir='ltr'><strong>est</strong></span> <span class='ocrx_word' id='word_1_386' title='bbox 758 2588 840 2615; x_wconf 87' lang='lat' dir='ltr'><strong>supra</strong></span> 
     </span>
    </p>
   </div>
   <div class='ocr_carea' id='block_1_56' title="bbox 80 2623 840 2664">
    <p class='ocr_par' dir='ltr' id='par_1_56' title="bbox 80 2623 840 2664">
     <span class='ocr_line' id='line_1_56' title="bbox 80 2623 840 2664; baseline 0.003 -13"><span class='ocrx_word' id='word_1_387' title='bbox 80 2623 191 2654; x_wconf 77' lang='lat' dir='ltr'><strong>Protemio</strong></span> <span class='ocrx_word' id='word_1_388' title='bbox 214 2627 253 2662; x_wconf 85' lang='lat' dir='ltr'><strong>II,</strong></span> <span class='ocrx_word' id='word_1_389' title='bbox 279 2627 293 2664; x_wconf 62' lang='grc' dir='ltr'>ᾗ</span> <span class='ocrx_word' id='word_1_390' title='bbox 320 2635 352 2655; x_wconf 84' lang='grc' dir='ltr'>ιι.</span> <span class='ocrx_word' id='word_1_391' title='bbox 378 2628 466 2662; x_wconf 85' lang='lat' dir='ltr'><strong>Atque</strong></span> <span class='ocrx_word' id='word_1_392' title='bbox 491 2627 589 2654; x_wconf 90' lang='lat' dir='ltr'><strong>harum</strong></span> <span class='ocrx_word' id='word_1_393' title='bbox 615 2627 840 2654; x_wconf 81' lang='lat' dir='ltr'><strong>bibliothecarum</strong></span> 
     </span>
    </p>
   </div>
   <div class='ocr_carea' id='block_1_57' title="bbox 81 2671 840 2707">
    <p class='ocr_par' dir='ltr' id='par_1_57' title="bbox 81 2671 840 2707">
     <span class='ocr_line' id='line_1_57' title="bbox 81 2671 840 2707; baseline 0.003 -10"><span class='ocrx_word' id='word_1_394' title='bbox 81 2671 236 2704; x_wconf 75' lang='lat' dir='ltr'><strong>cognitionem</strong></span> <span class='ocrx_word' id='word_1_395' title='bbox 259 2680 294 2700; x_wconf 80' lang='lat' dir='ltr'><strong>ex</strong></span> <span class='ocrx_word' id='word_1_396' title='bbox 316 2673 453 2707; x_wconf 76' lang='lat' dir='ltr'><strong>impressis</strong></span> <span class='ocrx_word' id='word_1_397' title='bbox 478 2674 610 2700; x_wconf 76' lang='lat' dir='ltr'><strong>hactenus</strong></span> <span class='ocrx_word' id='word_1_398' title='bbox 633 2672 710 2699; x_wconf 86' lang='lat' dir='ltr'><strong>libris</strong></span> <span class='ocrx_word' id='word_1_399' title='bbox 736 2672 840 2707; x_wconf 86' lang='lat' dir='ltr'><strong>accepi.</strong></span> 
     </span>
    </p>
   </div>
   <div class='ocr_carea' id='block_1_58' title="bbox 80 2716 843 2748">
    <p class='ocr_par' dir='ltr' id='par_1_58' title="bbox 80 2716 843 2748">
     <span class='ocr_line' id='line_1_58' title="bbox 80 2716 843 2748; baseline 0.003 -4"><span class='ocrx_word' id='word_1_400' title='bbox 80 2716 125 2745; x_wconf 79' lang='lat' dir='ltr'><strong>lam</strong></span> <span class='ocrx_word' id='word_1_401' title='bbox 136 2727 194 2747; x_wconf 84' lang='lat' dir='ltr'><strong>vero</strong></span> <span class='ocrx_word' id='word_1_402' title='bbox 206 2728 252 2748; x_wconf 85' lang='lat' dir='ltr'><strong>eas</strong></span> <span class='ocrx_word' id='word_1_403' title='bbox 265 2720 348 2748; x_wconf 89' lang='lat' dir='ltr'><strong>etiam</strong></span> <span class='ocrx_word' id='word_1_404' title='bbox 371 2720 505 2748; x_wconf 77' lang='lat' dir='ltr'><strong>asservari</strong></span> <span class='ocrx_word' id='word_1_405' title='bbox 520 2719 546 2746; x_wconf 91' lang='lat' dir='ltr'><strong>in</strong></span> <span class='ocrx_word' id='word_1_406' title='bbox 562 2719 648 2747; x_wconf 89' lang='lat' dir='ltr'><strong>tribus</strong></span> <span class='ocrx_word' id='word_1_407' title='bbox 668 2719 761 2747; x_wconf 76' lang='lat' dir='ltr'><strong>Galliae</strong></span> <span class='ocrx_word' id='word_1_408' title='bbox 776 2719 843 2747; x_wconf 90' lang='lat' dir='ltr'><strong>insi-</strong></span> 
     </span>
    </p>
   </div>
   <div class='ocr_carea' id='block_1_59' title="bbox 81 2763 843 2799">
    <p class='ocr_par' dir='ltr' id='par_1_59' title="bbox 81 2763 843 2799">
     <span class='ocr_line' id='line_1_59' title="bbox 81 2763 843 2799; baseline 0.001 -9"><span class='ocrx_word' id='word_1_409' title='bbox 81 2763 158 2796; x_wconf 71' lang='lat' dir='ltr'><strong>gnibus</strong></span> <span class='ocrx_word' id='word_1_410' title='bbox 170 2765 348 2799; x_wconf 84' lang='lat' dir='ltr'><strong>bibliothecis,</strong></span> <span class='ocrx_word' id='word_1_411' title='bbox 360 2765 468 2799; x_wconf 84' lang='lat' dir='ltr'><strong>scripsit</strong></span> <span class='ocrx_word' id='word_1_412' title='bbox 482 2765 514 2792; x_wconf 87' lang='lat' dir='ltr'><strong>ad</strong></span> <span class='ocrx_word' id='word_1_413' title='bbox 529 2771 571 2792; x_wconf 88' lang='lat' dir='ltr'><strong>me</strong></span> <span class='ocrx_word' id='word_1_414' title='bbox 583 2764 616 2792; x_wconf 91' lang='lat' dir='ltr'><strong>de</strong></span> <span class='ocrx_word' id='word_1_415' title='bbox 629 2764 680 2792; x_wconf 87' lang='lat' dir='ltr'><strong>hac</strong></span> <span class='ocrx_word' id='word_1_416' title='bbox 693 2772 722 2792; x_wconf 87' lang='lat' dir='ltr'><strong>re</strong></span> <span class='ocrx_word' id='word_1_417' title='bbox 732 2768 843 2799; x_wconf 77' lang='lat' dir='ltr'><strong>rogatus</strong></span> 
     </span>
    </p>
   </div>
   <div class='ocr_carea' id='block_1_60' title="bbox 1626 143 1674 176">
    <p class='ocr_par' dir='ltr' id='par_1_60' title="bbox 1626 143 1674 176">
     <span class='ocr_line' id='line_1_60' title="bbox 1626 143 1674 176; baseline -0.021 0"><span class='ocrx_word' id='word_1_418' title='bbox 1626 143 1674 176; x_wconf 74' lang='lat'><strong>[22</strong></span> 
     </span>
    </p>
   </div>
   <div class='ocr_carea' id='block_1_61' title="bbox 886 199 1673 233">
    <p class='ocr_par' dir='ltr' id='par_1_61' title="bbox 886 199 1673 233">
     <span class='ocr_line' id='line_1_61' title="bbox 886 199 1673 233; baseline 0.003 -6"><span class='ocrx_word' id='word_1_419' title='bbox 886 200 916 228; x_wconf 87' lang='lat' dir='ltr'><strong>P.</strong></span> <span class='ocrx_word' id='word_1_420' title='bbox 939 200 1055 229; x_wconf 86' lang='lat' dir='ltr'><strong>Jacobus</strong></span> <span class='ocrx_word' id='word_1_421' title='bbox 1078 202 1252 233; x_wconf 77' lang='lat' dir='ltr'><strong>Sirmunilus,</strong></span> <span class='ocrx_word' id='word_1_422' title='bbox 1275 208 1330 228; x_wconf 86' lang='lat' dir='ltr'><strong>soc.</strong></span> <span class='ocrx_word' id='word_1_423' title='bbox 1348 199 1424 232; x_wconf 68' lang='lat' dir='ltr'><strong>Iesu,</strong></span> <span class='ocrx_word' id='word_1_424' title='bbox 1443 205 1471 228; x_wconf 89' lang='lat' dir='ltr'><strong>et</strong></span> <span class='ocrx_word' id='word_1_425' title='bbox 1489 208 1522 228; x_wconf 81' lang='lat' dir='ltr'><strong>ex</strong></span> <span class='ocrx_word' id='word_1_426' title='bbox 1546 203 1673 230; x_wconf 83' lang='lat' dir='ltr'><strong>omnibus</strong></span> 
     </span>
    </p>
   </div>
   <div class='ocr_carea' id='block_1_62' title="bbox 885 247 1673 281">
    <p class='ocr_par' dir='ltr' id='par_1_62' title="bbox 885 247 1673 281">
     <span class='ocr_line' id='line_1_62' title="bbox 885 247 1673 281; baseline 0.003 -7"><span class='ocrx_word' id='word_1_427' title='bbox 885 247 1018 274; x_wconf 85' lang='lat' dir='ltr'><strong>iudiculos</strong></span> <span class='ocrx_word' id='word_1_428' title='bbox 1045 255 1124 274; x_wconf 88' lang='lat' dir='ltr'><strong>manu</strong></span> <span class='ocrx_word' id='word_1_429' title='bbox 1142 255 1189 274; x_wconf 90' lang='lat' dir='ltr'><strong>sua</strong></span> <span class='ocrx_word' id='word_1_430' title='bbox 1206 247 1321 281; x_wconf 86' lang='lat' dir='ltr'><strong>scriptos</strong></span> <span class='ocrx_word' id='word_1_431' title='bbox 1341 247 1436 274; x_wconf 89' lang='lat' dir='ltr'><strong>itidem</strong></span> <span class='ocrx_word' id='word_1_432' title='bbox 1455 248 1616 280; x_wconf 85' lang='lat' dir='ltr'><strong>transmisit,</strong></span> <span class='ocrx_word' id='word_1_433' title='bbox 1640 257 1673 276; x_wconf 76' lang='lat' dir='ltr'><strong>ex</strong></span> 
     </span>
    </p>
   </div>
   <div class='ocr_carea' id='block_1_63' title="bbox 885 291 1675 327">
    <p class='ocr_par' dir='ltr' id='par_1_63' title="bbox 885 291 1675 327">
     <span class='ocr_line' id='line_1_63' title="bbox 885 291 1675 327; baseline 0 -8"><span class='ocrx_word' id='word_1_434' title='bbox 885 292 983 326; x_wconf 89' lang='lat' dir='ltr'><strong>quibus</strong></span> <span class='ocrx_word' id='word_1_435' title='bbox 999 293 1175 326; x_wconf 78' lang='lat' dir='ltr'><strong>intclligercm</strong></span> <span class='ocrx_word' id='word_1_436' title='bbox 1192 300 1316 327; x_wconf 71' lang='lat' dir='ltr'><strong>quaenam</strong></span> <span class='ocrx_word' id='word_1_437' title='bbox 1341 292 1406 318; x_wconf 91' lang='lat' dir='ltr'><strong>mihi</strong></span> <span class='ocrx_word' id='word_1_438' title='bbox 1431 291 1565 324; x_wconf 81' lang='lat' dir='ltr'><strong>deessent,</strong></span> <span class='ocrx_word' id='word_1_439' title='bbox 1581 300 1614 319; x_wconf 82' lang='lat' dir='ltr'><strong>ex</strong></span> <span class='ocrx_word' id='word_1_440' title='bbox 1631 293 1675 319; x_wconf 83' lang='lat' dir='ltr'><strong>Bi-</strong></span> 
     </span>
    </p>
   </div>
   <div class='ocr_carea' id='block_1_64' title="bbox 885 337 1675 373">
    <p class='ocr_par' dir='ltr' id='par_1_64' title="bbox 885 337 1675 373">
     <span class='ocr_line' id='line_1_64' title="bbox 885 337 1675 373; baseline -0.003 -8"><span class='ocrx_word' id='word_1_441' title='bbox 885 338 1017 365; x_wconf 87' lang='lat' dir='ltr'><strong>bliotheca</strong></span> <span class='ocrx_word' id='word_1_442' title='bbox 1035 338 1130 372; x_wconf 77' lang='lat' dir='ltr'><strong>Regia,</strong></span> <span class='ocrx_word' id='word_1_443' title='bbox 1143 346 1176 366; x_wconf 86' lang='lat' dir='ltr'><strong>ex</strong></span> <span class='ocrx_word' id='word_1_444' title='bbox 1197 346 1227 365; x_wconf 89' lang='lat' dir='ltr'><strong>ea</strong></span> <span class='ocrx_word' id='word_1_445' title='bbox 1248 346 1306 373; x_wconf 64' lang='lat' dir='ltr'><strong>qum</strong></span> <span class='ocrx_word' id='word_1_446' title='bbox 1328 337 1542 365; x_wconf 87' lang='lat' dir='ltr'><strong>Folieutinoruin</strong></span> <span class='ocrx_word' id='word_1_447' title='bbox 1566 337 1594 364; x_wconf 89' lang='lat' dir='ltr'>S.</span> <span class='ocrx_word' id='word_1_448' title='bbox 1611 337 1675 364; x_wconf 86' lang='lat' dir='ltr'><strong>Ber-</strong></span> 
     </span>
    </p>
   </div>
   <div class='ocr_carea' id='block_1_65' title="bbox 886 383 1675 419">
    <p class='ocr_par' dir='ltr' id='par_1_65' title="bbox 886 383 1675 419">
     <span class='ocr_line' id='line_1_65' title="bbox 886 383 1675 419; baseline -0.003 -8"><span class='ocrx_word' id='word_1_449' title='bbox 886 385 960 411; x_wconf 84' lang='lat' dir='ltr'><strong>nardi</strong></span> <span class='ocrx_word' id='word_1_450' title='bbox 977 385 1184 416; x_wconf 88' lang='lat' dir='ltr'><strong>monachormn,</strong></span> <span class='ocrx_word' id='word_1_451' title='bbox 1199 390 1225 412; x_wconf 88' lang='lat' dir='ltr'><strong>et</strong></span> <span class='ocrx_word' id='word_1_452' title='bbox 1240 393 1273 412; x_wconf 81' lang='lat' dir='ltr'><strong>ex</strong></span> <span class='ocrx_word' id='word_1_453' title='bbox 1291 392 1322 412; x_wconf 86' lang='lat' dir='ltr'><strong>ea</strong></span> <span class='ocrx_word' id='word_1_454' title='bbox 1337 392 1396 419; x_wconf 69' lang='lat' dir='ltr'><strong>quin</strong></span> <span class='ocrx_word' id='word_1_455' title='bbox 1411 389 1452 411; x_wconf 88' lang='lat' dir='ltr'><strong>est</strong></span> <span class='ocrx_word' id='word_1_456' title='bbox 1467 383 1572 418; x_wconf 75' lang='lat' dir='ltr'><strong>collegii</strong></span> <span class='ocrx_word' id='word_1_457' title='bbox 1587 384 1675 410; x_wconf 79' lang='lat' dir='ltr'><strong>socie-</strong></span> 
     </span>
    </p>
   </div>
   <div class='ocr_carea' id='block_1_66' title="bbox 887 429 1674 465">
    <p class='ocr_par' dir='ltr' id='par_1_66' title="bbox 887 429 1674 465">
     <span class='ocr_line' id='line_1_66' title="bbox 887 429 1674 465; baseline 0 -9"><span class='ocrx_word' id='word_1_458' title='bbox 887 431 948 457; x_wconf 87' lang='lat' dir='ltr'><strong>tatis</strong></span> <span class='ocrx_word' id='word_1_459' title='bbox 972 430 1036 458; x_wconf 79' lang='lat' dir='ltr'><strong>Jcsu</strong></span> <span class='ocrx_word' id='word_1_460' title='bbox 1062 431 1242 462; x_wconf 85' lang='lat' dir='ltr'><strong>Parisiensis,</strong></span> <span class='ocrx_word' id='word_1_461' title='bbox 1275 438 1335 465; x_wconf 66' lang='lat' dir='ltr'><strong>quae</strong></span> <span class='ocrx_word' id='word_1_462' title='bbox 1359 430 1422 456; x_wconf 89' lang='lat' dir='ltr'><strong>olim</strong></span> <span class='ocrx_word' id='word_1_463' title='bbox 1455 429 1505 456; x_wconf 80' lang='lat' dir='ltr'><strong>fuit</strong></span> <span class='ocrx_word' id='word_1_464' title='bbox 1528 429 1674 456; x_wconf 90' lang='lat' dir='ltr'><strong>cardinalis</strong></span> 
     </span>
    </p>
   </div>
   <div class='ocr_carea' id='block_1_67' title="bbox 885 474 1673 510">
    <p class='ocr_par' dir='ltr' id='par_1_67' title="bbox 885 474 1673 510">
     <span class='ocr_line' id='line_1_67' title="bbox 885 474 1673 510; baseline -0.003 -8"><span class='ocrx_word' id='word_1_465' title='bbox 885 475 990 503; x_wconf 63' lang='lat' dir='ltr'><strong>Juiosze.</strong></span> <span class='ocrx_word' id='word_1_466' title='bbox 1022 476 1154 503; x_wconf 60' lang='lat' dir='ltr'><strong>Praeterea</strong></span> <span class='ocrx_word' id='word_1_467' title='bbox 1184 477 1209 503; x_wconf 93' lang='lat' dir='ltr'><strong>in</strong></span> <span class='ocrx_word' id='word_1_468' title='bbox 1237 475 1317 510; x_wconf 72' lang='lat' dir='ltr'><strong>Regia</strong></span> <span class='ocrx_word' id='word_1_469' title='bbox 1348 475 1478 502; x_wconf 83' lang='lat' dir='ltr'><strong>Biblioth.</strong></span> <span class='ocrx_word' id='word_1_470' title='bbox 1507 474 1620 509; x_wconf 87' lang='lat' dir='ltr'><strong>llispan.</strong></span> <span class='ocrx_word' id='word_1_471' title='bbox 1647 475 1673 501; x_wconf 92' lang='lat' dir='ltr'><strong>in</strong></span> 
     </span>
    </p>
   </div>
   <div class='ocr_carea' id='block_1_68' title="bbox 886 519 1674 554">
    <p class='ocr_par' dir='ltr' id='par_1_68' title="bbox 886 519 1674 554">
     <span class='ocr_line' id='line_1_68' title="bbox 886 519 1674 554; baseline -0.001 -8"><span class='ocrx_word' id='word_1_472' title='bbox 886 521 1050 547; x_wconf 83' lang='lat' dir='ltr'><strong>monasterio</strong></span> <span class='ocrx_word' id='word_1_473' title='bbox 1075 519 1104 547; x_wconf 89' lang='lat' dir='ltr'><strong>S.</strong></span> <span class='ocrx_word' id='word_1_474' title='bbox 1123 520 1260 547; x_wconf 77' lang='lat' dir='ltr'><strong>Laurentii</strong></span> <span class='ocrx_word' id='word_1_475' title='bbox 1284 520 1356 554; x_wconf 89' lang='lat' dir='ltr'><strong>quod</strong></span> <span class='ocrx_word' id='word_1_476' title='bbox 1375 519 1541 546; x_wconf 80' lang='lat' dir='ltr'><strong>Escurialem</strong></span> <span class='ocrx_word' id='word_1_477' title='bbox 1568 523 1674 551; x_wconf 72' lang='lat' dir='ltr'><strong>vocant,</strong></span> 
     </span>
    </p>
   </div>
   <div class='ocr_carea' id='block_1_69' title="bbox 884 564 1674 601">
    <p class='ocr_par' dir='ltr' id='par_1_69' title="bbox 884 564 1674 601">
     <span class='ocr_line' id='line_1_69' title="bbox 884 564 1674 601; baseline -0.003 -9"><span class='ocrx_word' id='word_1_478' title='bbox 884 566 1036 601; x_wconf 70' lang='grc' dir='ltr'>Γρηγορίου</span> <span class='ocrx_word' id='word_1_479' title='bbox 1053 566 1205 592; x_wconf 76' lang='grc' dir='ltr'><strong>ἐπισκόπου</strong></span> <span class='ocrx_word' id='word_1_480' title='bbox 1222 566 1272 600; x_wconf 78' lang='grc' dir='ltr'><strong>τῆς</strong></span> <span class='ocrx_word' id='word_1_481' title='bbox 1293 565 1418 596; x_wconf 78' lang='grc' dir='ltr'>Σικελίας</span> <span class='ocrx_word' id='word_1_482' title='bbox 1434 564 1539 599; x_wconf 72' lang='grc' dir='ltr'>ὁμιλίαι</span> <span class='ocrx_word' id='word_1_483' title='bbox 1556 565 1610 591; x_wconf 79' lang='grc' dir='ltr'><strong>ἀπὸ</strong></span> <span class='ocrx_word' id='word_1_484' title='bbox 1626 564 1674 591; x_wconf 79' lang='grc' dir='ltr'><strong>τοῦ</strong></span> 
     </span>
    </p>
   </div>
   <div class='ocr_carea' id='block_1_70' title="bbox 885 609 1674 647">
    <p class='ocr_par' dir='ltr' id='par_1_70' title="bbox 885 609 1674 647">
     <span class='ocr_line' id='line_1_70' title="bbox 885 609 1674 647; baseline -0.004 -8"><span class='ocrx_word' id='word_1_485' title='bbox 885 611 1085 647; x_wconf 80' lang='grc' dir='ltr'>ἀρχιτελώνου,</span> <span class='ocrx_word' id='word_1_486' title='bbox 1102 618 1128 639; x_wconf 85' lang='lat' dir='ltr'><strong>et</strong></span> <span class='ocrx_word' id='word_1_487' title='bbox 1148 613 1173 638; x_wconf 93' lang='lat' dir='ltr'><strong>in</strong></span> <span class='ocrx_word' id='word_1_488' title='bbox 1191 611 1243 639; x_wconf 89' lang='lat' dir='ltr'><strong>alio</strong></span> <span class='ocrx_word' id='word_1_489' title='bbox 1260 611 1353 638; x_wconf 89' lang='lat' dir='ltr'><strong>codice</strong></span> <span class='ocrx_word' id='word_1_490' title='bbox 1373 619 1380 637; x_wconf 89' lang='lat'><strong>:</strong></span> <span class='ocrx_word' id='word_1_491' title='bbox 1404 610 1526 644; x_wconf 83' lang='grc' dir='ltr'>Ὀμιλίαι</span> <span class='ocrx_word' id='word_1_492' title='bbox 1543 610 1591 636; x_wconf 85' lang='grc' dir='ltr'><strong>τοῦ</strong></span> <span class='ocrx_word' id='word_1_493' title='bbox 1612 609 1674 637; x_wconf 83' lang='grc' dir='ltr'>ὅλου</span> 
     </span>
    </p>
   </div>
   <div class='ocr_carea' id='block_1_71' title="bbox 884 655 1675 693">
    <p class='ocr_par' dir='ltr' id='par_1_71' title="bbox 884 655 1675 693">
     <span class='ocr_line' id='line_1_71' title="bbox 884 655 1675 693; baseline -0.001 -10"><span class='ocrx_word' id='word_1_494' title='bbox 884 658 1020 684; x_wconf 75' lang='grc' dir='ltr'><strong>ἐνιαυτοῦ.</strong></span> <span class='ocrx_word' id='word_1_495' title='bbox 1038 658 1156 693; x_wconf 78' lang='lat' dir='ltr'><strong>Gregorii</strong></span> <span class='ocrx_word' id='word_1_496' title='bbox 1177 658 1256 691; x_wconf 74' lang='lat' dir='ltr'><strong>episc.</strong></span> <span class='ocrx_word' id='word_1_497' title='bbox 1279 657 1378 684; x_wconf 68' lang='lat' dir='ltr'><strong>Sicilire</strong></span> <span class='ocrx_word' id='word_1_498' title='bbox 1395 656 1511 683; x_wconf 79' lang='lat' dir='ltr'><strong>homiliaz</strong></span> <span class='ocrx_word' id='word_1_499' title='bbox 1526 664 1542 682; x_wconf 87' lang='lat' dir='ltr'><strong>a</strong></span> <span class='ocrx_word' id='word_1_500' title='bbox 1557 655 1675 690; x_wconf 81' lang='lat' dir='ltr'><strong>principe</strong></span> 
     </span>
    </p>
   </div>
   <div class='ocr_carea' id='block_1_72' title="bbox 883 701 1674 739">
    <p class='ocr_par' dir='ltr' id='par_1_72' title="bbox 883 701 1674 739">
     <span class='ocr_line' id='line_1_72' title="bbox 883 701 1674 739; baseline -0.004 -8"><span class='ocrx_word' id='word_1_501' title='bbox 883 704 1083 739; x_wconf 85' lang='lat' dir='ltr'><strong>publicanorum</strong></span> <span class='ocrx_word' id='word_1_502' title='bbox 1107 703 1246 734; x_wconf 71' lang='lat' dir='ltr'><strong>iucltoatw,</strong></span> <span class='ocrx_word' id='word_1_503' title='bbox 1269 702 1383 729; x_wconf 76' lang='lat' dir='ltr'><strong>homilia:</strong></span> <span class='ocrx_word' id='word_1_504' title='bbox 1407 702 1487 728; x_wconf 78' lang='lat' dir='ltr'><strong>totius</strong></span> <span class='ocrx_word' id='word_1_505' title='bbox 1503 702 1577 728; x_wconf 86' lang='lat' dir='ltr'><strong>anni.</strong></span> <span class='ocrx_word' id='word_1_506' title='bbox 1600 701 1674 734; x_wconf 84' lang='lat' dir='ltr'><strong>Quas</strong></span> 
     </span>
    </p>
   </div>
   <div class='ocr_carea' id='block_1_73' title="bbox 885 746 1672 784">
    <p class='ocr_par' dir='ltr' id='par_1_73' title="bbox 885 746 1672 784">
     <span class='ocr_line' id='line_1_73' title="bbox 885 746 1672 784; baseline -0.006 -6"><span class='ocrx_word' id='word_1_507' title='bbox 885 758 951 778; x_wconf 86' lang='lat' dir='ltr'><strong>sane</strong></span> <span class='ocrx_word' id='word_1_508' title='bbox 968 751 1074 777; x_wconf 85' lang='lat' dir='ltr'><strong>easdem</strong></span> <span class='ocrx_word' id='word_1_509' title='bbox 1093 757 1152 776; x_wconf 86' lang='lat' dir='ltr'><strong>esse</strong></span> <span class='ocrx_word' id='word_1_510' title='bbox 1170 755 1249 784; x_wconf 80' lang='lat' dir='ltr'><strong>atque</strong></span> <span class='ocrx_word' id='word_1_511' title='bbox 1267 749 1317 776; x_wconf 83' lang='lat' dir='ltr'><strong>has</strong></span> <span class='ocrx_word' id='word_1_512' title='bbox 1332 755 1400 783; x_wconf 86' lang='lat' dir='ltr'><strong>quas</strong></span> <span class='ocrx_word' id='word_1_513' title='bbox 1417 747 1575 781; x_wconf 72' lang='lat' dir='ltr'><strong>evulgamus</strong></span> <span class='ocrx_word' id='word_1_514' title='bbox 1593 746 1672 774; x_wconf 81' lang='lat' dir='ltr'><strong>ﬁdem</strong></span> 
     </span>
    </p>
   </div>
   <div class='ocr_carea' id='block_1_74' title="bbox 885 792 1672 829">
    <p class='ocr_par' dir='ltr' id='par_1_74' title="bbox 885 792 1672 829">
     <span class='ocr_line' id='line_1_74' title="bbox 885 792 1672 829; baseline -0.006 -6"><span class='ocrx_word' id='word_1_515' title='bbox 885 796 949 824; x_wconf 80' lang='lat' dir='ltr'><strong>fecit</strong></span> <span class='ocrx_word' id='word_1_516' title='bbox 964 796 995 823; x_wconf 92' lang='lat' dir='ltr'><strong>D.</strong></span> <span class='ocrx_word' id='word_1_517' title='bbox 1018 795 1154 822; x_wconf 86' lang='lat' dir='ltr'><strong>Marianus</strong></span> <span class='ocrx_word' id='word_1_518' title='bbox 1169 794 1364 829; x_wconf 76' lang='lat' dir='ltr'><strong>Vulguarnera,</strong></span> <span class='ocrx_word' id='word_1_519' title='bbox 1381 792 1600 824; x_wconf 84' lang='lat' dir='ltr'><strong>Panormitanus,</strong></span> <span class='ocrx_word' id='word_1_520' title='bbox 1617 800 1672 820; x_wconf 88' lang='lat' dir='ltr'><strong>non</strong></span> 
     </span>
    </p>
   </div>
   <div class='ocr_carea' id='block_1_75' title="bbox 886 837 1674 876">
    <p class='ocr_par' dir='ltr' id='par_1_75' title="bbox 886 837 1674 876">
     <span class='ocr_line' id='line_1_75' title="bbox 886 837 1674 876; baseline -0.008 -8"><span class='ocrx_word' id='word_1_521' title='bbox 886 841 970 876; x_wconf 82' lang='lat' dir='ltr'><strong>magis</strong></span> <span class='ocrx_word' id='word_1_522' title='bbox 984 841 1082 874; x_wconf 77' lang='lat' dir='ltr'><strong>genere</strong></span> <span class='ocrx_word' id='word_1_523' title='bbox 1095 847 1173 874; x_wconf 89' lang='lat' dir='ltr'><strong>quam</strong></span> <span class='ocrx_word' id='word_1_524' title='bbox 1187 839 1337 866; x_wconf 86' lang='lat' dir='ltr'><strong>litterarum</strong></span> <span class='ocrx_word' id='word_1_525' title='bbox 1351 837 1507 865; x_wconf 67' lang='lat' dir='ltr'><strong>Grmcarum</strong></span> <span class='ocrx_word' id='word_1_526' title='bbox 1521 837 1674 863; x_wconf 80' lang='lat' dir='ltr'><strong>eruditione</strong></span> 
     </span>
    </p>
   </div>
   <div class='ocr_carea' id='block_1_76' title="bbox 885 881 1672 920">
    <p class='ocr_par' dir='ltr' id='par_1_76' title="bbox 885 881 1672 920">
     <span class='ocr_line' id='line_1_76' title="bbox 885 881 1672 920; baseline -0.008 -5"><span class='ocrx_word' id='word_1_527' title='bbox 885 887 992 920; x_wconf 75' lang='lat' dir='ltr'><strong>clarus;</strong></span> <span class='ocrx_word' id='word_1_528' title='bbox 1019 886 1062 913; x_wconf 90' lang='lat' dir='ltr'><strong>cui</strong></span> <span class='ocrx_word' id='word_1_529' title='bbox 1087 885 1192 912; x_wconf 78' lang='lat' dir='ltr'><strong>Madriti</strong></span> <span class='ocrx_word' id='word_1_530' title='bbox 1219 885 1245 911; x_wconf 94' lang='lat' dir='ltr'><strong>in</strong></span> <span class='ocrx_word' id='word_1_531' title='bbox 1271 884 1345 918; x_wconf 81' lang='lat' dir='ltr'><strong>regia</strong></span> <span class='ocrx_word' id='word_1_532' title='bbox 1369 883 1484 917; x_wconf 84' lang='lat' dir='ltr'><strong>Philippi</strong></span> <span class='ocrx_word' id='word_1_533' title='bbox 1509 881 1543 908; x_wconf 88' lang='lat' dir='ltr'><strong>1V</strong></span> <span class='ocrx_word' id='word_1_534' title='bbox 1565 882 1672 917; x_wconf 74' lang='lat' dir='ltr'><strong>degenti</strong></span> 
     </span>
    </p>
   </div>
   <div class='ocr_carea' id='block_1_77' title="bbox 886 928 1696 968">
    <p class='ocr_par' dir='ltr' id='par_1_77' title="bbox 886 928 1696 968">
     <span class='ocr_line' id='line_1_77' title="bbox 886 928 1696 968; baseline -0.009 -8"><span class='ocrx_word' id='word_1_535' title='bbox 886 935 1021 968; x_wconf 82' lang='lat' dir='ltr'><strong>negotium</strong></span> <span class='ocrx_word' id='word_1_536' title='bbox 1040 933 1066 959; x_wconf 95' lang='lat' dir='ltr'><strong>in</strong></span> <span class='ocrx_word' id='word_1_537' title='bbox 1085 932 1136 959; x_wconf 89' lang='lat' dir='ltr'><strong>hac</strong></span> <span class='ocrx_word' id='word_1_538' title='bbox 1153 938 1180 958; x_wconf 85' lang='lat' dir='ltr'><strong>re</strong></span> <span class='ocrx_word' id='word_1_539' title='bbox 1196 930 1329 957; x_wconf 87' lang='lat' dir='ltr'><strong>litteraria</strong></span> <span class='ocrx_word' id='word_1_540' title='bbox 1346 929 1418 960; x_wconf 86' lang='lat' dir='ltr'><strong>dedi,</strong></span> <span class='ocrx_word' id='word_1_541' title='bbox 1433 933 1461 955; x_wconf 93' lang='lat' dir='ltr'><strong>ut</strong></span> <span class='ocrx_word' id='word_1_542' title='bbox 1476 928 1510 955; x_wconf 89' lang='lat' dir='ltr'><strong>de</strong></span> <span class='ocrx_word' id='word_1_543' title='bbox 1530 928 1573 955; x_wconf 88' lang='lat' dir='ltr'><strong>his</strong></span> <span class='ocrx_word' id='word_1_544' title='bbox 1588 928 1673 954; x_wconf 88' lang='lat' dir='ltr'><strong>homi-</strong></span> <span class='ocrx_word' id='word_1_545' title='bbox 1691 952 1696 957; x_wconf 82' lang='grc'><em>,</em></span> 
     </span>
    </p>
   </div>
   <div class='ocr_carea' id='block_1_78' title="bbox 887 973 1674 1012">
    <p class='ocr_par' dir='ltr' id='par_1_78' title="bbox 887 973 1674 1012">
     <span class='ocr_line' id='line_1_78' title="bbox 887 973 1674 1012; baseline -0.006 -7"><span class='ocrx_word' id='word_1_546' title='bbox 887 979 930 1006; x_wconf 89' lang='lat' dir='ltr'><strong>liis</strong></span> <span class='ocrx_word' id='word_1_547' title='bbox 946 978 1033 1012; x_wconf 83' lang='lat' dir='ltr'><strong>deque</strong></span> <span class='ocrx_word' id='word_1_548' title='bbox 1049 982 1159 1004; x_wconf 87' lang='lat' dir='ltr'><strong>auctore</strong></span> <span class='ocrx_word' id='word_1_549' title='bbox 1181 978 1368 1010; x_wconf 77' lang='lat' dir='ltr'><strong>cognosceret,</strong></span> <span class='ocrx_word' id='word_1_550' title='bbox 1383 979 1410 1001; x_wconf 85' lang='lat' dir='ltr'><strong>et</strong></span> <span class='ocrx_word' id='word_1_551' title='bbox 1423 981 1457 1001; x_wconf 82' lang='lat' dir='ltr'><strong>ex</strong></span> <span class='ocrx_word' id='word_1_552' title='bbox 1477 973 1564 1001; x_wconf 90' lang='lat' dir='ltr'><strong>indice</strong></span> <span class='ocrx_word' id='word_1_553' title='bbox 1580 981 1674 1000; x_wconf 89' lang='lat' dir='ltr'><strong>earum</strong></span> 
     </span>
    </p>
   </div>
   <div class='ocr_carea' id='block_1_79' title="bbox 885 1018 1673 1059">
    <p class='ocr_par' dir='ltr' id='par_1_79' title="bbox 885 1018 1673 1059">
     <span class='ocr_line' id='line_1_79' title="bbox 885 1018 1673 1059; baseline -0.008 -9"><span class='ocrx_word' id='word_1_554' title='bbox 885 1033 951 1059; x_wconf 90' lang='lat' dir='ltr'><strong>quas</strong></span> <span class='ocrx_word' id='word_1_555' title='bbox 968 1024 1039 1059; x_wconf 88' lang='lat' dir='ltr'><strong>apud</strong></span> <span class='ocrx_word' id='word_1_556' title='bbox 1057 1031 1098 1051; x_wconf 85' lang='lat' dir='ltr'><strong>me</strong></span> <span class='ocrx_word' id='word_1_557' title='bbox 1116 1022 1260 1054; x_wconf 85' lang='lat' dir='ltr'><strong>habebam,</strong></span> <span class='ocrx_word' id='word_1_558' title='bbox 1276 1022 1308 1048; x_wconf 94' lang='lat' dir='ltr'><strong>ad</strong></span> <span class='ocrx_word' id='word_1_559' title='bbox 1328 1021 1413 1054; x_wconf 91' lang='lat' dir='ltr'><strong>ipsum</strong></span> <span class='ocrx_word' id='word_1_560' title='bbox 1432 1018 1591 1046; x_wconf 82' lang='lat' dir='ltr'><strong>transmisso</strong></span> <span class='ocrx_word' id='word_1_561' title='bbox 1605 1025 1673 1045; x_wconf 87' lang='lat' dir='ltr'><strong>con-</strong></span> 
     </span>
    </p>
   </div>
   <div class='ocr_carea' id='block_1_80' title="bbox 886 1064 1674 1104">
    <p class='ocr_par' dir='ltr' id='par_1_80' title="bbox 886 1064 1674 1104">
     <span class='ocr_line' id='line_1_80' title="bbox 886 1064 1674 1104; baseline -0.01 -6"><span class='ocrx_word' id='word_1_562' title='bbox 886 1072 968 1098; x_wconf 81' lang='lat' dir='ltr'><strong>ferret.</strong></span> <span class='ocrx_word' id='word_1_563' title='bbox 987 1074 1157 1104; x_wconf 76' lang='lat' dir='ltr'><strong>argumenta,</strong></span> <span class='ocrx_word' id='word_1_564' title='bbox 1177 1066 1379 1101; x_wconf 79' lang='lat' dir='ltr'><strong>inscriptiones,</strong></span> <span class='ocrx_word' id='word_1_565' title='bbox 1396 1071 1419 1092; x_wconf 90' lang='lat' dir='ltr'><strong>et</strong></span> <span class='ocrx_word' id='word_1_566' title='bbox 1441 1065 1526 1100; x_wconf 88' lang='lat' dir='ltr'><strong>prima</strong></span> <span class='ocrx_word' id='word_1_567' title='bbox 1543 1064 1674 1098; x_wconf 86' lang='lat' dir='ltr'><strong>cujusque</strong></span> 
     </span>
    </p>
   </div>
   <div class='ocr_carea' id='block_1_81' title="bbox 886 1106 1675 1151">
    <p class='ocr_par' dir='ltr' id='par_1_81' title="bbox 886 1106 1675 1151">
     <span class='ocr_line' id='line_1_81' title="bbox 886 1106 1675 1151; baseline -0.008 -7"><span class='ocrx_word' id='word_1_568' title='bbox 886 1118 983 1148; x_wconf 78' lang='lat' dir='ltr'><strong>Verba;</strong></span> <span class='ocrx_word' id='word_1_569' title='bbox 1006 1116 1104 1151; x_wconf 82' lang='lat' dir='ltr'><strong>quibus</strong></span> <span class='ocrx_word' id='word_1_570' title='bbox 1124 1115 1229 1141; x_wconf 77' lang='lat' dir='ltr'><strong>collatis</strong></span> <span class='ocrx_word' id='word_1_571' title='bbox 1250 1113 1357 1140; x_wconf 85' lang='lat' dir='ltr'><strong>easdem</strong></span> <span class='ocrx_word' id='word_1_572' title='bbox 1377 1106 1437 1139; x_wconf 71' lang='lat' dir='ltr'><strong>esse</strong></span> <span class='ocrx_word' id='word_1_573' title='bbox 1455 1111 1587 1144; x_wconf 83' lang='lat' dir='ltr'><strong>coinperit</strong></span> <span class='ocrx_word' id='word_1_574' title='bbox 1607 1118 1675 1144; x_wconf 85' lang='lat' dir='ltr'><strong>quas</strong></span> 
     </span>
    </p>
   </div>
   <div class='ocr_carea' id='block_1_82' title="bbox 885 1155 1676 1198">
    <p class='ocr_par' dir='ltr' id='par_1_82' title="bbox 885 1155 1676 1198">
     <span class='ocr_line' id='line_1_82' title="bbox 885 1155 1676 1198; baseline -0.011 -8"><span class='ocrx_word' id='word_1_575' title='bbox 885 1164 954 1198; x_wconf 87' lang='lat' dir='ltr'><strong>apud</strong></span> <span class='ocrx_word' id='word_1_576' title='bbox 978 1170 1020 1189; x_wconf 91' lang='lat' dir='ltr'><strong>me</strong></span> <span class='ocrx_word' id='word_1_577' title='bbox 1038 1168 1098 1189; x_wconf 81' lang='lat' dir='ltr'><strong>esse</strong></span> <span class='ocrx_word' id='word_1_578' title='bbox 1118 1160 1295 1195; x_wconf 79' lang='lat' dir='ltr'><strong>intelligebat.</strong></span> <span class='ocrx_word' id='word_1_579' title='bbox 1321 1159 1408 1193; x_wconf 85' lang='lat' dir='ltr'><strong>Atque</strong></span> <span class='ocrx_word' id='word_1_580' title='bbox 1423 1157 1515 1184; x_wconf 80' lang='lat' dir='ltr'><strong>eadem</strong></span> <span class='ocrx_word' id='word_1_581' title='bbox 1534 1155 1561 1183; x_wconf 93' lang='lat' dir='ltr'><strong>in</strong></span> <span class='ocrx_word' id='word_1_582' title='bbox 1578 1155 1676 1183; x_wconf 87' lang='lat' dir='ltr'><strong>biblio-</strong></span> 
     </span>
    </p>
   </div>
   <div class='ocr_carea' id='block_1_83' title="bbox 887 1201 1674 1240">
    <p class='ocr_par' dir='ltr' id='par_1_83' title="bbox 887 1201 1674 1240">
     <span class='ocr_line' id='line_1_83' title="bbox 887 1201 1674 1240; baseline -0.011 -4"><span class='ocrx_word' id='word_1_583' title='bbox 887 1210 966 1236; x_wconf 88' lang='lat' dir='ltr'><strong>theca</strong></span> <span class='ocrx_word' id='word_1_584' title='bbox 992 1209 1026 1236; x_wconf 90' lang='lat' dir='ltr'><strong>ad</strong></span> <span class='ocrx_word' id='word_1_585' title='bbox 1051 1208 1172 1235; x_wconf 81' lang='lat' dir='ltr'><strong>codicem</strong></span> <span class='ocrx_word' id='word_1_586' title='bbox 1200 1206 1357 1240; x_wconf 81' lang='lat' dir='ltr'><strong>adjunctum</strong></span> <span class='ocrx_word' id='word_1_587' title='bbox 1385 1203 1487 1238; x_wconf 87' lang='lat' dir='ltr'><strong>reperit</strong></span> <span class='ocrx_word' id='word_1_588' title='bbox 1512 1201 1674 1236; x_wconf 88' lang='lat' dir='ltr'><strong>opusculum</strong></span> 
     </span>
    </p>
   </div>
   <div class='ocr_carea' id='block_1_84' title="bbox 885 1248 1673 1290">
    <p class='ocr_par' dir='ltr' id='par_1_84' title="bbox 885 1248 1673 1290">
     <span class='ocr_line' id='line_1_84' title="bbox 885 1248 1673 1290; baseline -0.011 -8"><span class='ocrx_word' id='word_1_589' title='bbox 885 1255 1022 1290; x_wconf 80' lang='lat' dir='ltr'><strong>singulare</strong></span> <span class='ocrx_word' id='word_1_590' title='bbox 1037 1254 1183 1289; x_wconf 85' lang='lat' dir='ltr'><strong>quoddam,</strong></span> <span class='ocrx_word' id='word_1_591' title='bbox 1199 1251 1271 1286; x_wconf 87' lang='lat' dir='ltr'><strong>quod</strong></span> <span class='ocrx_word' id='word_1_592' title='bbox 1289 1252 1315 1277; x_wconf 92' lang='lat' dir='ltr'><strong>in</strong></span> <span class='ocrx_word' id='word_1_593' title='bbox 1332 1250 1392 1277; x_wconf 80' lang='lat' dir='ltr'><strong>aliis</strong></span> <span class='ocrx_word' id='word_1_594' title='bbox 1410 1248 1581 1276; x_wconf 87' lang='lat' dir='ltr'><strong>bibliothecis</strong></span> <span class='ocrx_word' id='word_1_595' title='bbox 1597 1255 1673 1281; x_wconf 79' lang='lat' dir='ltr'><strong>repe-</strong></span> 
     </span>
    </p>
   </div>
   <div class='ocr_carea' id='block_1_85' title="bbox 885 1293 1676 1332">
    <p class='ocr_par' dir='ltr' id='par_1_85' title="bbox 885 1293 1676 1332">
     <span class='ocr_line' id='line_1_85' title="bbox 885 1293 1676 1332; baseline -0.01 -4"><span class='ocrx_word' id='word_1_596' title='bbox 885 1302 933 1329; x_wconf 89' lang='lat' dir='ltr'><strong>riri</strong></span> <span class='ocrx_word' id='word_1_597' title='bbox 948 1300 1065 1327; x_wconf 88' lang='lat' dir='ltr'><strong>nonduin</strong></span> <span class='ocrx_word' id='word_1_598' title='bbox 1082 1299 1186 1332; x_wconf 87' lang='lat' dir='ltr'><strong>accepi,</strong></span> <span class='ocrx_word' id='word_1_599' title='bbox 1203 1296 1316 1330; x_wconf 74' lang='grc' dir='ltr'>Λεξικὸν</span> <span class='ocrx_word' id='word_1_600' title='bbox 1330 1296 1383 1322; x_wconf 81' lang='grc' dir='ltr'><strong>τῶν</strong></span> <span class='ocrx_word' id='word_1_601' title='bbox 1397 1293 1513 1329; x_wconf 80' lang='grc' dir='ltr'>ὁμιλιῶν</span> <span class='ocrx_word' id='word_1_602' title='bbox 1528 1295 1585 1321; x_wconf 84' lang='lat' dir='ltr'><strong>sive</strong></span> <span class='ocrx_word' id='word_1_603' title='bbox 1597 1293 1676 1320; x_wconf 82' lang='lat' dir='ltr'><strong>Glos-</strong></span> 
     </span>
    </p>
   </div>
   <div class='ocr_carea' id='block_1_86' title="bbox 885 1339 1675 1379">
    <p class='ocr_par' dir='ltr' id='par_1_86' title="bbox 885 1339 1675 1379">
     <span class='ocr_line' id='line_1_86' title="bbox 885 1339 1675 1379; baseline -0.011 -4"><span class='ocrx_word' id='word_1_604' title='bbox 885 1349 987 1375; x_wconf 85' lang='lat' dir='ltr'><strong>sarium</strong></span> <span class='ocrx_word' id='word_1_605' title='bbox 1015 1352 1110 1372; x_wconf 86' lang='lat' dir='ltr'><strong>vocum</strong></span> <span class='ocrx_word' id='word_1_606' title='bbox 1137 1343 1314 1379; x_wconf 72' lang='lat' dir='ltr'><strong>singularium</strong></span> <span class='ocrx_word' id='word_1_607' title='bbox 1334 1346 1361 1369; x_wconf 90' lang='lat' dir='ltr'><strong>et</strong></span> <span class='ocrx_word' id='word_1_608' title='bbox 1382 1340 1529 1368; x_wconf 69' lang='lat' dir='ltr'><strong>diuit-ilium</strong></span> <span class='ocrx_word' id='word_1_609' title='bbox 1554 1339 1675 1366; x_wconf 77' lang='lat' dir='ltr'><strong>auctoris</strong></span> 
     </span>
    </p>
   </div>
   <div class='ocr_carea' id='block_1_87' title="bbox 886 1385 1676 1424">
    <p class='ocr_par' dir='ltr' id='par_1_87' title="bbox 886 1385 1676 1424">
     <span class='ocr_line' id='line_1_87' title="bbox 886 1385 1676 1424; baseline -0.014 -3"><span class='ocrx_word' id='word_1_610' title='bbox 886 1401 946 1421; x_wconf 89' lang='lat' dir='ltr'><strong>cum</strong></span> <span class='ocrx_word' id='word_1_611' title='bbox 970 1400 1062 1419; x_wconf 86' lang='lat' dir='ltr'><strong>earnm</strong></span> <span class='ocrx_word' id='word_1_612' title='bbox 1081 1390 1279 1424; x_wconf 77' lang='lat' dir='ltr'><strong>explicatione;</strong></span> <span class='ocrx_word' id='word_1_613' title='bbox 1297 1387 1375 1421; x_wconf 81' lang='lat' dir='ltr'><strong>cujus</strong></span> <span class='ocrx_word' id='word_1_614' title='bbox 1392 1393 1442 1421; x_wconf 77' lang='lat' dir='ltr'><strong>ego</strong></span> <span class='ocrx_word' id='word_1_615' title='bbox 1463 1385 1539 1412; x_wconf 77' lang='lat' dir='ltr'><strong>lexiei</strong></span> <span class='ocrx_word' id='word_1_616' title='bbox 1563 1392 1676 1419; x_wconf 77' lang='lat' dir='ltr'><strong>apogra-</strong></span> 
     </span>
    </p>
   </div>
   <div class='ocr_carea' id='block_1_88' title="bbox 886 1428 1675 1471">
    <p class='ocr_par' dir='ltr' id='par_1_88' title="bbox 886 1428 1675 1471">
     <span class='ocr_line' id='line_1_88' title="bbox 886 1428 1675 1471; baseline -0.011 -8"><span class='ocrx_word' id='word_1_617' title='bbox 886 1438 979 1471; x_wconf 83' lang='lat' dir='ltr'><strong>phum,</strong></span> <span class='ocrx_word' id='word_1_618' title='bbox 1003 1442 1074 1466; x_wconf 89' lang='lat' dir='ltr'><strong>cum,</strong></span> <span class='ocrx_word' id='word_1_619' title='bbox 1095 1433 1214 1460; x_wconf 83' lang='lat' dir='ltr'><strong>adhibita</strong></span> <span class='ocrx_word' id='word_1_620' title='bbox 1233 1431 1376 1458; x_wconf 85' lang='lat' dir='ltr'><strong>multorum</strong></span> <span class='ocrx_word' id='word_1_621' title='bbox 1401 1430 1551 1456; x_wconf 88' lang='lat' dir='ltr'><strong>amicorum</strong></span> <span class='ocrx_word' id='word_1_622' title='bbox 1572 1433 1599 1456; x_wconf 88' lang='lat' dir='ltr'><strong>et</strong></span> <span class='ocrx_word' id='word_1_623' title='bbox 1628 1428 1675 1455; x_wconf 90' lang='lat' dir='ltr'><strong>lit-</strong></span> 
     </span>
    </p>
   </div>
   <div class='ocr_carea' id='block_1_89' title="bbox 886 1473 1677 1511">
    <p class='ocr_par' dir='ltr' id='par_1_89' title="bbox 886 1473 1677 1511">
     <span class='ocr_line' id='line_1_89' title="bbox 886 1473 1677 1511; baseline -0.011 -3"><span class='ocrx_word' id='word_1_624' title='bbox 886 1486 1034 1508; x_wconf 86' lang='lat' dir='ltr'><strong>tcralorum</strong></span> <span class='ocrx_word' id='word_1_625' title='bbox 1057 1478 1198 1506; x_wconf 87' lang='lat' dir='ltr'><strong>hominum</strong></span> <span class='ocrx_word' id='word_1_626' title='bbox 1225 1475 1414 1511; x_wconf 83' lang='lat' dir='ltr'><strong>ope,taudein</strong></span> <span class='ocrx_word' id='word_1_627' title='bbox 1442 1474 1578 1509; x_wconf 76' lang='lat' dir='ltr'><strong>diligentia</strong></span> <span class='ocrx_word' id='word_1_628' title='bbox 1605 1473 1677 1501; x_wconf 68' lang='lat' dir='ltr'><strong>Lau-</strong></span> 
     </span>
    </p>
   </div>
   <div class='ocr_carea' id='block_1_90' title="bbox 886 1519 1676 1557">
    <p class='ocr_par' dir='ltr' id='par_1_90' title="bbox 886 1519 1676 1557">
     <span class='ocr_line' id='line_1_90' title="bbox 886 1519 1676 1557; baseline -0.011 -2"><span class='ocrx_word' id='word_1_629' title='bbox 886 1527 965 1555; x_wconf 87' lang='lat' dir='ltr'><strong>reutii</strong></span> <span class='ocrx_word' id='word_1_630' title='bbox 989 1526 1098 1557; x_wconf 85' lang='lat' dir='ltr'><strong>Cocchi,</strong></span> <span class='ocrx_word' id='word_1_631' title='bbox 1115 1524 1166 1551; x_wconf 84' lang='lat' dir='ltr'><strong>viri</strong></span> <span class='ocrx_word' id='word_1_632' title='bbox 1183 1523 1281 1551; x_wconf 88' lang='lat' dir='ltr'><strong>eruditi</strong></span> <span class='ocrx_word' id='word_1_633' title='bbox 1297 1527 1324 1550; x_wconf 88' lang='lat' dir='ltr'><strong>et</strong></span> <span class='ocrx_word' id='word_1_634' title='bbox 1344 1523 1370 1549; x_wconf 93' lang='lat' dir='ltr'><strong>in</strong></span> <span class='ocrx_word' id='word_1_635' title='bbox 1394 1525 1525 1556; x_wconf 87' lang='lat' dir='ltr'><strong>apparatu</strong></span> <span class='ocrx_word' id='word_1_636' title='bbox 1550 1519 1676 1548; x_wconf 71' lang='lat' dir='ltr'><strong>Historiae</strong></span> 
     </span>
    </p>
   </div>
   <div class='ocr_carea' id='block_1_91' title="bbox 887 1568 1675 1605">
    <p class='ocr_par' dir='ltr' id='par_1_91' title="bbox 887 1568 1675 1605">
     <span class='ocr_line' id='line_1_91' title="bbox 887 1568 1675 1605; baseline -0.009 -6"><span class='ocrx_word' id='word_1_637' title='bbox 887 1574 916 1600; x_wconf 87' lang='lat' dir='ltr'><strong>S.</strong></span> <span class='ocrx_word' id='word_1_638' title='bbox 936 1571 1063 1599; x_wconf 88' lang='lat' dir='ltr'><strong>Demetrii</strong></span> <span class='ocrx_word' id='word_1_639' title='bbox 1084 1570 1211 1604; x_wconf 86' lang='lat' dir='ltr'><strong>martyris</strong></span> <span class='ocrx_word' id='word_1_640' title='bbox 1234 1568 1438 1600; x_wconf 87' lang='lat' dir='ltr'><strong>studiosissimi,</strong></span> <span class='ocrx_word' id='word_1_641' title='bbox 1459 1571 1554 1605; x_wconf 86' lang='lat' dir='ltr'><strong>nactus</strong></span> <span class='ocrx_word' id='word_1_642' title='bbox 1576 1573 1675 1597; x_wconf 83' lang='lat' dir='ltr'><strong>essent,</strong></span> 
     </span>
    </p>
   </div>
   <div class='ocr_carea' id='block_1_92' title="bbox 887 1612 1677 1652">
    <p class='ocr_par' dir='ltr' id='par_1_92' title="bbox 887 1612 1677 1652">
     <span class='ocr_line' id='line_1_92' title="bbox 887 1612 1677 1652; baseline -0.01 -6"><span class='ocrx_word' id='word_1_643' title='bbox 887 1619 919 1646; x_wconf 87' lang='lat' dir='ltr'><strong>ad</strong></span> <span class='ocrx_word' id='word_1_644' title='bbox 938 1618 1040 1645; x_wconf 86' lang='lat' dir='ltr'><strong>calcem</strong></span> <span class='ocrx_word' id='word_1_645' title='bbox 1061 1616 1141 1652; x_wconf 83' lang='lat' dir='ltr'><strong>hujus</strong></span> <span class='ocrx_word' id='word_1_646' title='bbox 1157 1616 1246 1651; x_wconf 83' lang='lat' dir='ltr'><strong>operis</strong></span> <span class='ocrx_word' id='word_1_647' title='bbox 1262 1614 1468 1649; x_wconf 89' lang='lat' dir='ltr'><strong>imprimendum</strong></span> <span class='ocrx_word' id='word_1_648' title='bbox 1485 1613 1574 1640; x_wconf 84' lang='lat' dir='ltr'><strong>curavi</strong></span> <span class='ocrx_word' id='word_1_649' title='bbox 1593 1612 1631 1649; x_wconf 90' lang='lat' dir='ltr'><strong>(a)</strong></span> <span class='ocrx_word' id='word_1_650' title='bbox 1648 1615 1677 1638; x_wconf 83' lang='lat' dir='ltr'><strong>ut</strong></span> 
     </span>
    </p>
   </div>
   <div class='ocr_carea' id='block_1_93' title="bbox 876 1658 1677 1694">
    <p class='ocr_par' dir='ltr' id='par_1_93' title="bbox 876 1658 1677 1694">
     <span class='ocr_line' id='line_1_93' title="bbox 876 1658 1677 1694; baseline -0.01 -2"><span class='ocrx_word' id='word_1_651' title='bbox 876 1669 1007 1693; x_wconf 65' lang='lat' dir='ltr'><strong>exstaret</strong></span> <span class='ocrx_word' id='word_1_652' title='bbox 1033 1664 1115 1691; x_wconf 87' lang='lat' dir='ltr'><strong>etiam</strong></span> <span class='ocrx_word' id='word_1_653' title='bbox 1136 1663 1187 1690; x_wconf 90' lang='lat' dir='ltr'><strong>hoc</strong></span> <span class='ocrx_word' id='word_1_654' title='bbox 1206 1662 1388 1690; x_wconf 89' lang='lat' dir='ltr'><strong>testimonium</strong></span> <span class='ocrx_word' id='word_1_655' title='bbox 1404 1665 1431 1688; x_wconf 88' lang='lat' dir='ltr'><strong>et</strong></span> <span class='ocrx_word' id='word_1_656' title='bbox 1445 1659 1586 1694; x_wconf 79' lang='lat' dir='ltr'><strong>vestigium</strong></span> <span class='ocrx_word' id='word_1_657' title='bbox 1608 1658 1677 1686; x_wconf 85' lang='lat' dir='ltr'><strong>anti-</strong></span> 
     </span>
    </p>
   </div>
   <div class='ocr_carea' id='block_1_94' title="bbox 888 1704 1677 1746">
    <p class='ocr_par' dir='ltr' id='par_1_94' title="bbox 888 1704 1677 1746">
     <span class='ocr_line' id='line_1_94' title="bbox 888 1704 1677 1746; baseline -0.011 -7"><span class='ocrx_word' id='word_1_658' title='bbox 888 1711 1009 1746; x_wconf 84' lang='lat' dir='ltr'><strong>quitatis.</strong></span> <span class='ocrx_word' id='word_1_659' title='bbox 1026 1710 1078 1738; x_wconf 86' lang='lat' dir='ltr'><strong>Sed</strong></span> <span class='ocrx_word' id='word_1_660' title='bbox 1101 1709 1133 1736; x_wconf 92' lang='lat' dir='ltr'><strong>de</strong></span> <span class='ocrx_word' id='word_1_661' title='bbox 1147 1716 1178 1736; x_wconf 91' lang='lat' dir='ltr'><strong>eo</strong></span> <span class='ocrx_word' id='word_1_662' title='bbox 1193 1708 1266 1743; x_wconf 89' lang='lat' dir='ltr'><strong>plura</strong></span> <span class='ocrx_word' id='word_1_663' title='bbox 1294 1707 1339 1734; x_wconf 93' lang='lat' dir='ltr'><strong>illo</strong></span> <span class='ocrx_word' id='word_1_664' title='bbox 1364 1707 1390 1733; x_wconf 94' lang='lat' dir='ltr'><strong>in</strong></span> <span class='ocrx_word' id='word_1_665' title='bbox 1412 1706 1483 1733; x_wconf 89' lang='lat' dir='ltr'><strong>loco.</strong></span> <span class='ocrx_word' id='word_1_666' title='bbox 1499 1705 1528 1732; x_wconf 85' lang='lat' dir='ltr'><strong>In</strong></span> <span class='ocrx_word' id='word_1_667' title='bbox 1550 1704 1677 1732; x_wconf 87' lang='lat' dir='ltr'><strong>Vaticana</strong></span> 
     </span>
    </p>
   </div>
   <div class='ocr_carea' id='block_1_95' title="bbox 887 1750 1677 1784">
    <p class='ocr_par' dir='ltr' id='par_1_95' title="bbox 887 1750 1677 1784">
     <span class='ocr_line' id='line_1_95' title="bbox 887 1750 1677 1784; baseline -0.01 -1"><span class='ocrx_word' id='word_1_668' title='bbox 887 1756 1054 1784; x_wconf 85' lang='lat' dir='ltr'><strong>Bibliotheca</strong></span> <span class='ocrx_word' id='word_1_669' title='bbox 1084 1755 1137 1782; x_wconf 91' lang='lat' dir='ltr'><strong>duo</strong></span> <span class='ocrx_word' id='word_1_670' title='bbox 1160 1757 1223 1780; x_wconf 88' lang='lat' dir='ltr'><strong>sunt.</strong></span> <span class='ocrx_word' id='word_1_671' title='bbox 1248 1753 1356 1780; x_wconf 86' lang='lat' dir='ltr'><strong>codices</strong></span> <span class='ocrx_word' id='word_1_672' title='bbox 1378 1751 1475 1778; x_wconf 89' lang='lat' dir='ltr'><strong>harum</strong></span> <span class='ocrx_word' id='word_1_673' title='bbox 1503 1750 1677 1778; x_wconf 87' lang='lat' dir='ltr'><strong>homiliarum</strong></span> 
     </span>
    </p>
   </div>
   <div class='ocr_carea' id='block_1_96' title="bbox 887 1795 1678 1837">
    <p class='ocr_par' dir='ltr' id='par_1_96' title="bbox 887 1795 1678 1837">
     <span class='ocr_line' id='line_1_96' title="bbox 887 1795 1678 1837; baseline -0.009 -9"><span class='ocrx_word' id='word_1_674' title='bbox 887 1803 985 1837; x_wconf 89' lang='lat' dir='ltr'><strong>quibus</strong></span> <span class='ocrx_word' id='word_1_675' title='bbox 1010 1800 1112 1828; x_wconf 90' lang='lat' dir='ltr'><strong>indices</strong></span> <span class='ocrx_word' id='word_1_676' title='bbox 1130 1798 1164 1826; x_wconf 86' lang='lat' dir='ltr'><strong>ad</strong></span> <span class='ocrx_word' id='word_1_677' title='bbox 1186 1807 1227 1826; x_wconf 86' lang='lat' dir='ltr'><strong>me</strong></span> <span class='ocrx_word' id='word_1_678' title='bbox 1247 1804 1302 1826; x_wconf 86' lang='lat' dir='ltr'><strong>tres</strong></span> <span class='ocrx_word' id='word_1_679' title='bbox 1317 1806 1370 1833; x_wconf 88' lang='lat' dir='ltr'><strong>qua</strong></span> <span class='ocrx_word' id='word_1_680' title='bbox 1388 1797 1491 1829; x_wconf 72' lang='lat' dir='ltr'><strong>Griece,</strong></span> <span class='ocrx_word' id='word_1_681' title='bbox 1511 1803 1564 1832; x_wconf 86' lang='lat' dir='ltr'><strong>qua</strong></span> <span class='ocrx_word' id='word_1_682' title='bbox 1582 1795 1678 1822; x_wconf 84' lang='lat' dir='ltr'><strong>Latine</strong></span> 
     </span>
    </p>
   </div>
   <div class='ocr_carea' id='block_1_97' title="bbox 887 1842 1676 1881">
    <p class='ocr_par' dir='ltr' id='par_1_97' title="bbox 887 1842 1676 1881">
     <span class='ocr_line' id='line_1_97' title="bbox 887 1842 1676 1881; baseline -0.008 -7"><span class='ocrx_word' id='word_1_683' title='bbox 887 1848 1047 1881; x_wconf 88' lang='lat' dir='ltr'><strong>amicorum,</strong></span> <span class='ocrx_word' id='word_1_684' title='bbox 1065 1854 1096 1873; x_wconf 86' lang='lat' dir='ltr'><strong>ac</strong></span> <span class='ocrx_word' id='word_1_685' title='bbox 1114 1845 1265 1881; x_wconf 64' lang='lat' dir='ltr'><strong>praisertim</strong></span> <span class='ocrx_word' id='word_1_686' title='bbox 1284 1846 1356 1871; x_wconf 87' lang='lat' dir='ltr'><strong>dom.</strong></span> <span class='ocrx_word' id='word_1_687' title='bbox 1374 1843 1544 1871; x_wconf 86' lang='lat' dir='ltr'><strong>Constantini</strong></span> <span class='ocrx_word' id='word_1_688' title='bbox 1565 1842 1676 1870; x_wconf 85' lang='lat' dir='ltr'><strong>Caetani</strong></span> 
     </span>
    </p>
   </div>
   <div class='ocr_carea' id='block_1_98' title="bbox 888 1887 1677 1926">
    <p class='ocr_par' dir='ltr' id='par_1_98' title="bbox 888 1887 1677 1926">
     <span class='ocr_line' id='line_1_98' title="bbox 888 1887 1677 1926; baseline -0.008 -7"><span class='ocrx_word' id='word_1_689' title='bbox 888 1893 1004 1925; x_wconf 86' lang='lat' dir='ltr'><strong>abbatis,</strong></span> <span class='ocrx_word' id='word_1_690' title='bbox 1017 1899 1099 1926; x_wconf 86' lang='lat' dir='ltr'><strong>opera</strong></span> <span class='ocrx_word' id='word_1_691' title='bbox 1115 1891 1319 1926; x_wconf 77' lang='lat' dir='ltr'><strong>diligentissime</strong></span> <span class='ocrx_word' id='word_1_692' title='bbox 1330 1889 1487 1924; x_wconf 87' lang='lat' dir='ltr'><strong>perscripti,</strong></span> <span class='ocrx_word' id='word_1_693' title='bbox 1506 1892 1568 1916; x_wconf 89' lang='lat' dir='ltr'><strong>sunt</strong></span> <span class='ocrx_word' id='word_1_694' title='bbox 1584 1887 1677 1921; x_wconf 84' lang='lat' dir='ltr'><strong>missi;</strong></span> 
     </span>
    </p>
   </div>
   <div class='ocr_carea' id='block_1_99' title="bbox 889 1932 1679 1966">
    <p class='ocr_par' dir='ltr' id='par_1_99' title="bbox 889 1932 1679 1966">
     <span class='ocr_line' id='line_1_99' title="bbox 889 1932 1679 1966; baseline -0.005 -3"><span class='ocrx_word' id='word_1_695' title='bbox 889 1937 916 1963; x_wconf 94' lang='lat' dir='ltr'><strong>in</strong></span> <span class='ocrx_word' id='word_1_696' title='bbox 931 1936 1017 1963; x_wconf 89' lang='lat' dir='ltr'><strong>altero</strong></span> <span class='ocrx_word' id='word_1_697' title='bbox 1029 1937 1121 1963; x_wconf 89' lang='lat' dir='ltr'><strong>codice</strong></span> <span class='ocrx_word' id='word_1_698' title='bbox 1134 1936 1234 1963; x_wconf 69' lang='lat' dir='ltr'><strong>eaadem</strong></span> <span class='ocrx_word' id='word_1_699' title='bbox 1250 1935 1368 1961; x_wconf 75' lang='lat' dir='ltr'><strong>bomilize</strong></span> <span class='ocrx_word' id='word_1_700' title='bbox 1383 1934 1492 1961; x_wconf 88' lang='lat' dir='ltr'><strong>nomine</strong></span> <span class='ocrx_word' id='word_1_701' title='bbox 1505 1932 1679 1966; x_wconf 87' lang='lat' dir='ltr'><strong>Theophanis</strong></span> 
     </span>
    </p>
   </div>
   <div class='ocr_carea' id='block_1_100' title="bbox 887 1977 1680 2015">
    <p class='ocr_par' dir='ltr' id='par_1_100' title="bbox 887 1977 1680 2015">
     <span class='ocr_line' id='line_1_100' title="bbox 887 1977 1680 2015; baseline -0.006 -6"><span class='ocrx_word' id='word_1_702' title='bbox 887 1983 1028 2013; x_wconf 76' lang='lat' dir='ltr'><strong>Ceramcl,</strong></span> <span class='ocrx_word' id='word_1_703' title='bbox 1051 1981 1076 2007; x_wconf 93' lang='lat' dir='ltr'><strong>in</strong></span> <span class='ocrx_word' id='word_1_704' title='bbox 1101 1980 1185 2007; x_wconf 88' lang='lat' dir='ltr'><strong>altero</strong></span> <span class='ocrx_word' id='word_1_705' title='bbox 1199 1980 1331 2015; x_wconf 76' lang='lat' dir='ltr'><strong>_Gregorii</strong></span> <span class='ocrx_word' id='word_1_706' title='bbox 1362 1979 1549 2011; x_wconf 87' lang='lat' dir='ltr'><strong>continentur;</strong></span> <span class='ocrx_word' id='word_1_707' title='bbox 1579 1977 1680 2005; x_wconf 83' lang='lat' dir='ltr'><strong>inscri-</strong></span> 
     </span>
    </p>
   </div>
   <div class='ocr_carea' id='block_1_101' title="bbox 887 2024 1679 2064">
    <p class='ocr_par' dir='ltr' id='par_1_101' title="bbox 887 2024 1679 2064">
     <span class='ocr_line' id='line_1_101' title="bbox 887 2024 1679 2064; baseline -0.009 -8"><span class='ocrx_word' id='word_1_708' title='bbox 887 2029 994 2064; x_wconf 80' lang='lat' dir='ltr'><strong>ptiones</strong></span> <span class='ocrx_word' id='word_1_709' title='bbox 1019 2033 1083 2054; x_wconf 88' lang='lat' dir='ltr'><strong>sunt</strong></span> <span class='ocrx_word' id='word_1_710' title='bbox 1111 2026 1262 2060; x_wconf 66' lang='lat' dir='ltr'><strong>huiusmodi</strong></span> <span class='ocrx_word' id='word_1_711' title='bbox 1281 2035 1288 2053; x_wconf 73' lang='grc' dir='ltr'><strong>ι</strong></span> <span class='ocrx_word' id='word_1_712' title='bbox 1311 2025 1338 2052; x_wconf 92' lang='lat' dir='ltr'><strong>in</strong></span> <span class='ocrx_word' id='word_1_713' title='bbox 1362 2032 1417 2052; x_wconf 92' lang='lat' dir='ltr'><strong>uno</strong></span> <span class='ocrx_word' id='word_1_714' title='bbox 1441 2025 1500 2052; x_wconf 88' lang='lat' dir='ltr'><strong>cod.</strong></span> <span class='ocrx_word' id='word_1_715' title='bbox 1513 2024 1679 2058; x_wconf 78' lang='grc' dir='ltr'>Θεοφάνους,</span> 
     </span>
    </p>
   </div>
   <div class='ocr_carea' id='block_1_102' title="bbox 889 2071 1680 2108">
    <p class='ocr_par' dir='ltr' id='par_1_102' title="bbox 889 2071 1680 2108">
     <span class='ocr_line' id='line_1_102' title="bbox 889 2071 1680 2108; baseline -0.006 -7"><span class='ocrx_word' id='word_1_716' title='bbox 889 2075 936 2102; x_wconf 80' lang='grc' dir='ltr'><strong>τοῦ</strong></span> <span class='ocrx_word' id='word_1_717' title='bbox 961 2074 1077 2108; x_wconf 74' lang='grc' dir='ltr'>ἐπίκλην</span> <span class='ocrx_word' id='word_1_718' title='bbox 1098 2072 1273 2108; x_wconf 79' lang='grc' dir='ltr'><strong>Κεραμέως,</strong></span> <span class='ocrx_word' id='word_1_719' title='bbox 1296 2071 1512 2107; x_wconf 77' lang='grc' dir='ltr'>ἀρχιεπισκόπου</span> <span class='ocrx_word' id='word_1_720' title='bbox 1537 2071 1680 2105; x_wconf 81' lang='grc' dir='ltr'><strong>Ταυρομε-</strong></span> 
     </span>
    </p>
   </div>
   <div class='ocr_carea' id='block_1_103' title="bbox 890 2116 1680 2154">
    <p class='ocr_par' dir='ltr' id='par_1_103' title="bbox 890 2116 1680 2154">
     <span class='ocr_line' id='line_1_103' title="bbox 890 2116 1680 2154; baseline -0.009 -6"><span class='ocrx_word' id='word_1_721' title='bbox 890 2121 965 2152; x_wconf 70' lang='lat' dir='ltr'><strong>veta:</strong></span> <span class='ocrx_word' id='word_1_722' title='bbox 988 2120 1038 2154; x_wconf 83' lang='grc' dir='ltr'><strong>τῆς</strong></span> <span class='ocrx_word' id='word_1_723' title='bbox 1056 2119 1192 2150; x_wconf 81' lang='grc' dir='ltr'><strong>Σικελίας,</strong></span> <span class='ocrx_word' id='word_1_724' title='bbox 1219 2118 1323 2152; x_wconf 80' lang='grc' dir='ltr'>ὁμιλίαι</span> <span class='ocrx_word' id='word_1_725' title='bbox 1345 2118 1372 2144; x_wconf 76' lang='grc' dir='ltr'>αἱ</span> <span class='ocrx_word' id='word_1_726' title='bbox 1397 2117 1528 2151; x_wconf 77' lang='grc' dir='ltr'>κυριακαὶ</span> <span class='ocrx_word' id='word_1_727' title='bbox 1549 2116 1596 2142; x_wconf 79' lang='grc' dir='ltr'><strong>τοῦ</strong></span> <span class='ocrx_word' id='word_1_728' title='bbox 1618 2116 1680 2142; x_wconf 78' lang='grc' dir='ltr'>ὅλου</span> 
     </span>
    </p>
   </div>
   <div class='ocr_carea' id='block_1_104' title="bbox 890 2161 1681 2203">
    <p class='ocr_par' dir='ltr' id='par_1_104' title="bbox 890 2161 1681 2203">
     <span class='ocr_line' id='line_1_104' title="bbox 890 2161 1681 2203; baseline -0.009 -9"><span class='ocrx_word' id='word_1_729' title='bbox 890 2168 1007 2203; x_wconf 82' lang='grc' dir='ltr'>χρόνου;</span> <span class='ocrx_word' id='word_1_730' title='bbox 1030 2166 1057 2193; x_wconf 89' lang='lat' dir='ltr'><strong>in</strong></span> <span class='ocrx_word' id='word_1_731' title='bbox 1073 2166 1158 2193; x_wconf 84' lang='lat' dir='ltr'><strong>altero</strong></span> <span class='ocrx_word' id='word_1_732' title='bbox 1174 2174 1181 2192; x_wconf 91' lang='lat'>:</span> <span class='ocrx_word' id='word_1_733' title='bbox 1199 2164 1253 2191; x_wconf 80' lang='grc' dir='ltr'><strong>Τοῦ</strong></span> <span class='ocrx_word' id='word_1_734' title='bbox 1277 2162 1499 2199; x_wconf 76' lang='grc' dir='ltr'><strong>μακαριωτάτου,</strong></span> <span class='ocrx_word' id='word_1_735' title='bbox 1522 2161 1681 2196; x_wconf 81' lang='grc' dir='ltr'><strong>σοφωτάτου</strong></span> 
     </span>
    </p>
   </div>
   <div class='ocr_carea' id='block_1_105' title="bbox 889 2209 1682 2248">
    <p class='ocr_par' dir='ltr' id='par_1_105' title="bbox 889 2209 1682 2248">
     <span class='ocr_line' id='line_1_105' title="bbox 889 2209 1682 2248; baseline -0.009 -7"><span class='ocrx_word' id='word_1_736' title='bbox 889 2223 919 2241; x_wconf 84' lang='grc' dir='ltr'><strong>τε</strong></span> <span class='ocrx_word' id='word_1_737' title='bbox 940 2213 989 2240; x_wconf 76' lang='grc' dir='ltr'>καὶ</span> <span class='ocrx_word' id='word_1_738' title='bbox 1022 2211 1242 2248; x_wconf 81' lang='grc' dir='ltr'><strong>ρητορικωτάτου</strong></span> <span class='ocrx_word' id='word_1_739' title='bbox 1262 2210 1358 2246; x_wconf 82' lang='grc' dir='ltr'>κυρίου</span> <span class='ocrx_word' id='word_1_740' title='bbox 1379 2209 1531 2245; x_wconf 83' lang='grc' dir='ltr'>Γρηγορίου</span> <span class='ocrx_word' id='word_1_741' title='bbox 1553 2209 1682 2244; x_wconf 81' lang='grc' dir='ltr'><strong>άρχιεπι-</strong></span> 
     </span>
    </p>
   </div>
   <div class='ocr_carea' id='block_1_106' title="bbox 891 2253 1683 2291">
    <p class='ocr_par' dir='ltr' id='par_1_106' title="bbox 891 2253 1683 2291">
     <span class='ocr_line' id='line_1_106' title="bbox 891 2253 1683 2291; baseline -0.009 -6"><span class='ocrx_word' id='word_1_742' title='bbox 891 2259 993 2285; x_wconf 80' lang='grc' dir='ltr'>σκόπου</span> <span class='ocrx_word' id='word_1_743' title='bbox 1019 2256 1223 2291; x_wconf 84' lang='grc' dir='ltr'>Ταυρομενείας</span> <span class='ocrx_word' id='word_1_744' title='bbox 1244 2255 1294 2290; x_wconf 82' lang='grc' dir='ltr'><strong>τῆς</strong></span> <span class='ocrx_word' id='word_1_745' title='bbox 1318 2254 1444 2286; x_wconf 78' lang='grc' dir='ltr'>Σικελίας</span> <span class='ocrx_word' id='word_1_746' title='bbox 1459 2275 1466 2287; x_wconf 84' lang='grc'><em>,</em></span> <span class='ocrx_word' id='word_1_747' title='bbox 1494 2253 1542 2280; x_wconf 82' lang='grc' dir='ltr'><strong>τοῦ</strong></span> <span class='ocrx_word' id='word_1_748' title='bbox 1566 2253 1683 2288; x_wconf 76' lang='grc' dir='ltr'>ἐπίκλην</span> 
     </span>
    </p>
   </div>
   <div class='ocr_carea' id='block_1_107' title="bbox 890 2298 1682 2340">
    <p class='ocr_par' dir='ltr' id='par_1_107' title="bbox 890 2298 1682 2340">
     <span class='ocr_line' id='line_1_107' title="bbox 890 2298 1682 2340; baseline -0.008 -9"><span class='ocrx_word' id='word_1_749' title='bbox 890 2303 1057 2340; x_wconf 82' lang='grc' dir='ltr'><strong>Κεραμέως.</strong></span> <span class='ocrx_word' id='word_1_750' title='bbox 1076 2301 1142 2335; x_wconf 72' lang='lat' dir='ltr'><strong>Quae</strong></span> <span class='ocrx_word' id='word_1_751' title='bbox 1159 2303 1212 2328; x_wconf 90' lang='lat' dir='ltr'><strong>duo</strong></span> <span class='ocrx_word' id='word_1_752' title='bbox 1232 2301 1353 2333; x_wconf 84' lang='lat' dir='ltr'><strong>nomina,</strong></span> <span class='ocrx_word' id='word_1_753' title='bbox 1377 2300 1523 2335; x_wconf 75' lang='lat' dir='ltr'><strong>Gregorius</strong></span> <span class='ocrx_word' id='word_1_754' title='bbox 1543 2304 1571 2326; x_wconf 88' lang='lat' dir='ltr'><strong>et</strong></span> <span class='ocrx_word' id='word_1_755' title='bbox 1590 2298 1682 2325; x_wconf 65' lang='lat' dir='ltr'><strong>Theoo</strong></span> 
     </span>
    </p>
   </div>
   <div class='ocr_carea' id='block_1_108' title="bbox 891 2346 1682 2386">
    <p class='ocr_par' dir='ltr' id='par_1_108' title="bbox 891 2346 1682 2386">
     <span class='ocr_line' id='line_1_108' title="bbox 891 2346 1682 2386; baseline -0.009 -8"><span class='ocrx_word' id='word_1_756' title='bbox 891 2351 1005 2386; x_wconf 89' lang='lat' dir='ltr'><strong>pbaues,</strong></span> <span class='ocrx_word' id='word_1_757' title='bbox 1022 2350 1103 2376; x_wconf 86' lang='lat' dir='ltr'><strong>unius</strong></span> <span class='ocrx_word' id='word_1_758' title='bbox 1124 2355 1184 2376; x_wconf 88' lang='lat' dir='ltr'><strong>esse</strong></span> <span class='ocrx_word' id='word_1_759' title='bbox 1199 2348 1319 2374; x_wconf 83' lang='lat' dir='ltr'><strong>auctoris</strong></span> <span class='ocrx_word' id='word_1_760' title='bbox 1344 2352 1426 2381; x_wconf 87' lang='lat' dir='ltr'><strong>patet.</strong></span> <span class='ocrx_word' id='word_1_761' title='bbox 1445 2346 1508 2373; x_wconf 89' lang='lat' dir='ltr'><strong>lude</strong></span> <span class='ocrx_word' id='word_1_762' title='bbox 1530 2349 1682 2380; x_wconf 87' lang='lat' dir='ltr'><strong>sequuntur</strong></span> 
     </span>
    </p>
   </div>
   <div class='ocr_carea' id='block_1_109' title="bbox 892 2391 1682 2428">
    <p class='ocr_par' dir='ltr' id='par_1_109' title="bbox 892 2391 1682 2428">
     <span class='ocr_line' id='line_1_109' title="bbox 892 2391 1682 2428; baseline -0.01 -5"><span class='ocrx_word' id='word_1_763' title='bbox 892 2395 1010 2424; x_wconf 71' lang='lat' dir='ltr'><strong>humilia:</strong></span> <span class='ocrx_word' id='word_1_764' title='bbox 1036 2395 1140 2428; x_wconf 89' lang='lat' dir='ltr'><strong>ordine,</strong></span> <span class='ocrx_word' id='word_1_765' title='bbox 1172 2393 1201 2421; x_wconf 91' lang='lat' dir='ltr'><strong>in</strong></span> <span class='ocrx_word' id='word_1_766' title='bbox 1231 2392 1308 2427; x_wconf 87' lang='lat' dir='ltr'><strong>cujus</strong></span> <span class='ocrx_word' id='word_1_767' title='bbox 1340 2391 1414 2418; x_wconf 89' lang='lat' dir='ltr'><strong>calce</strong></span> <span class='ocrx_word' id='word_1_768' title='bbox 1447 2391 1603 2425; x_wconf 77' lang='lat' dir='ltr'><strong>designatus</strong></span> <span class='ocrx_word' id='word_1_769' title='bbox 1631 2396 1682 2415; x_wconf 89' lang='lat' dir='ltr'><strong>an-</strong></span> 
     </span>
    </p>
   </div>
   <div class='ocr_carea' id='block_1_110' title="bbox 892 2434 1712 2474">
    <p class='ocr_par' dir='ltr' id='par_1_110' title="bbox 892 2434 1712 2474">
     <span class='ocr_line' id='line_1_110' title="bbox 892 2434 1712 2474; baseline -0.01 -4"><span class='ocrx_word' id='word_1_770' title='bbox 892 2449 944 2470; x_wconf 90' lang='lat' dir='ltr'><strong>uus</strong></span> <span class='ocrx_word' id='word_1_771' title='bbox 971 2441 1041 2469; x_wconf 77' lang='grc'><strong>1448</strong></span> <span class='ocrx_word' id='word_1_772' title='bbox 1052 2442 1066 2474; x_wconf 71' lang='grc'><strong>,⁵</strong></span> <span class='ocrx_word' id='word_1_773' title='bbox 1094 2440 1165 2468; x_wconf 88' lang='lat' dir='ltr'><strong>unde</strong></span> <span class='ocrx_word' id='word_1_774' title='bbox 1194 2438 1343 2474; x_wconf 86' lang='lat' dir='ltr'><strong>antiquitas</strong></span> <span class='ocrx_word' id='word_1_775' title='bbox 1377 2435 1479 2464; x_wconf 85' lang='lat' dir='ltr'><strong>codicis</strong></span> <span class='ocrx_word' id='word_1_776' title='bbox 1513 2434 1682 2468; x_wconf 72' lang='lat' dir='ltr'><strong>intelligitur.</strong></span> <span class='ocrx_word' id='word_1_777' title='bbox 1710 2471 1712 2473; x_wconf 19' lang='grc' dir='ltr'><strong><em>τ</em></strong></span> 
     </span>
    </p>
   </div>
   <div class='ocr_carea' id='block_1_111' title="bbox 892 2479 1683 2515">
    <p class='ocr_par' dir='ltr' id='par_1_111' title="bbox 892 2479 1683 2515">
     <span class='ocr_line' id='line_1_111' title="bbox 892 2479 1683 2515; baseline -0.01 -1"><span class='ocrx_word' id='word_1_778' title='bbox 892 2487 1033 2515; x_wconf 88' lang='lat' dir='ltr'><strong>Postremo</strong></span> <span class='ocrx_word' id='word_1_779' title='bbox 1051 2486 1081 2513; x_wconf 88' lang='lat' dir='ltr'><strong>P.</strong></span> <span class='ocrx_word' id='word_1_780' title='bbox 1106 2485 1237 2513; x_wconf 86' lang='lat' dir='ltr'><strong>Octavius</strong></span> <span class='ocrx_word' id='word_1_781' title='bbox 1259 2484 1407 2515; x_wconf 87' lang='lat' dir='ltr'><strong>Caetanus,</strong></span> <span class='ocrx_word' id='word_1_782' title='bbox 1434 2489 1491 2509; x_wconf 87' lang='lat' dir='ltr'><strong>soc.</strong></span> <span class='ocrx_word' id='word_1_783' title='bbox 1511 2479 1585 2511; x_wconf 88' lang='lat' dir='ltr'><strong>Jesu,</strong></span> <span class='ocrx_word' id='word_1_784' title='bbox 1605 2479 1683 2514; x_wconf 83' lang='lat' dir='ltr'><strong>cujus</strong></span> 
     </span>
    </p>
   </div>
   <div class='ocr_carea' id='block_1_112' title="bbox 892 2529 1683 2562">
    <p class='ocr_par' dir='ltr' id='par_1_112' title="bbox 892 2529 1683 2562">
     <span class='ocr_line' id='line_1_112' title="bbox 892 2529 1683 2562; baseline -0.013 -1"><span class='ocrx_word' id='word_1_785' title='bbox 892 2533 983 2561; x_wconf 85' lang='lat' dir='ltr'><strong>studio</strong></span> <span class='ocrx_word' id='word_1_786' title='bbox 1005 2540 1037 2560; x_wconf 89' lang='lat' dir='ltr'><strong>ac</strong></span> <span class='ocrx_word' id='word_1_787' title='bbox 1055 2532 1140 2560; x_wconf 86' lang='lat' dir='ltr'><strong>labori</strong></span> <span class='ocrx_word' id='word_1_788' title='bbox 1164 2531 1216 2559; x_wconf 89' lang='lat' dir='ltr'><strong>hoc</strong></span> <span class='ocrx_word' id='word_1_789' title='bbox 1240 2535 1362 2558; x_wconf 88' lang='lat' dir='ltr'><strong>nostrum</strong></span> <span class='ocrx_word' id='word_1_790' title='bbox 1386 2535 1453 2562; x_wconf 89' lang='lat' dir='ltr'><strong>opus</strong></span> <span class='ocrx_word' id='word_1_791' title='bbox 1477 2531 1616 2561; x_wconf 87' lang='lat' dir='ltr'><strong>acceptum</strong></span> <span class='ocrx_word' id='word_1_792' title='bbox 1641 2529 1683 2552; x_wconf 89' lang='lat' dir='ltr'><strong>est</strong></span> 
     </span>
    </p>
   </div>
   <div class='ocr_carea' id='block_1_113' title="bbox 892 2570 1681 2611">
    <p class='ocr_par' dir='ltr' id='par_1_113' title="bbox 892 2570 1681 2611">
     <span class='ocr_line' id='line_1_113' title="bbox 892 2570 1681 2611; baseline -0.015 -4"><span class='ocrx_word' id='word_1_793' title='bbox 892 2579 1077 2610; x_wconf 83' lang='lat' dir='ltr'><strong>referendum,</strong></span> <span class='ocrx_word' id='word_1_794' title='bbox 1089 2585 1149 2604; x_wconf 92' lang='lat' dir='ltr'><strong>cum</strong></span> <span class='ocrx_word' id='word_1_795' title='bbox 1160 2583 1221 2611; x_wconf 67' lang='lat' dir='ltr'><strong>qua:</strong></span> <span class='ocrx_word' id='word_1_796' title='bbox 1232 2576 1264 2602; x_wconf 91' lang='lat' dir='ltr'><strong>ad</strong></span> <span class='ocrx_word' id='word_1_797' title='bbox 1277 2574 1444 2602; x_wconf 90' lang='lat' dir='ltr'><strong>condendam</strong></span> <span class='ocrx_word' id='word_1_798' title='bbox 1455 2576 1484 2599; x_wconf 89' lang='lat' dir='ltr'><strong>et</strong></span> <span class='ocrx_word' id='word_1_799' title='bbox 1495 2570 1681 2598; x_wconf 87' lang='lat' dir='ltr'><strong>illustrandam</strong></span> 
     </span>
    </p>
   </div>
   <div class='ocr_carea' id='block_1_114' title="bbox 893 2614 1682 2652">
    <p class='ocr_par' dir='ltr' id='par_1_114' title="bbox 893 2614 1682 2652">
     <span class='ocr_line' id='line_1_114' title="bbox 893 2614 1682 2652; baseline -0.011 0"><span class='ocrx_word' id='word_1_800' title='bbox 893 2628 1051 2652; x_wconf 89' lang='lat' dir='ltr'><strong>sanctorum</strong></span> <span class='ocrx_word' id='word_1_801' title='bbox 1069 2622 1223 2650; x_wconf 87' lang='lat' dir='ltr'><strong>Siculorum</strong></span> <span class='ocrx_word' id='word_1_802' title='bbox 1241 2619 1380 2647; x_wconf 89' lang='lat' dir='ltr'><strong>historiam</strong></span> <span class='ocrx_word' id='word_1_803' title='bbox 1395 2618 1516 2645; x_wconf 89' lang='lat' dir='ltr'><strong>lacerent</strong></span> <span class='ocrx_word' id='word_1_804' title='bbox 1530 2614 1682 2650; x_wconf 75' lang='lat' dir='ltr'><strong>diligentis-</strong></span> 
     </span>
    </p>
   </div>
   <div class='ocr_carea' id='block_1_115' title="bbox 893 2661 1679 2703">
    <p class='ocr_par' dir='ltr' id='par_1_115' title="bbox 893 2661 1679 2703">
     <span class='ocr_line' id='line_1_115' title="bbox 893 2661 1679 2703; baseline -0.013 -6"><span class='ocrx_word' id='word_1_805' title='bbox 893 2671 962 2697; x_wconf 86' lang='lat' dir='ltr'><strong>sime</strong></span> <span class='ocrx_word' id='word_1_806' title='bbox 985 2668 1153 2703; x_wconf 86' lang='lat' dir='ltr'><strong>perquireret</strong></span> <span class='ocrx_word' id='word_1_807' title='bbox 1174 2671 1201 2694; x_wconf 86' lang='lat' dir='ltr'><strong>et</strong></span> <span class='ocrx_word' id='word_1_808' title='bbox 1221 2669 1373 2701; x_wconf 86' lang='lat' dir='ltr'><strong>appararet,</strong></span> <span class='ocrx_word' id='word_1_809' title='bbox 1389 2663 1487 2691; x_wconf 89' lang='lat' dir='ltr'><strong>harum</strong></span> <span class='ocrx_word' id='word_1_810' title='bbox 1504 2661 1679 2689; x_wconf 85' lang='lat' dir='ltr'><strong>homiliarum</strong></span> 
     </span>
    </p>
   </div>
   <div class='ocr_carea' id='block_1_116' title="bbox 893 2708 1682 2749">
    <p class='ocr_par' dir='ltr' id='par_1_116' title="bbox 893 2708 1682 2749">
     <span class='ocr_line' id='line_1_116' title="bbox 893 2708 1682 2749; baseline -0.011 -6"><span class='ocrx_word' id='word_1_811' title='bbox 893 2714 1058 2749; x_wconf 78' lang='lat' dir='ltr'><strong>exemplaria</strong></span> <span class='ocrx_word' id='word_1_812' title='bbox 1093 2712 1270 2741; x_wconf 87' lang='lat' dir='ltr'><strong>describenda</strong></span> <span class='ocrx_word' id='word_1_813' title='bbox 1304 2711 1418 2738; x_wconf 77' lang='lat' dir='ltr'><strong>curavit.</strong></span> <span class='ocrx_word' id='word_1_814' title='bbox 1452 2709 1486 2738; x_wconf 84' lang='lat' dir='ltr'><strong>Et</strong></span> <span class='ocrx_word' id='word_1_815' title='bbox 1512 2708 1620 2744; x_wconf 87' lang='lat' dir='ltr'><strong>quidem</strong></span> <span class='ocrx_word' id='word_1_816' title='bbox 1646 2713 1682 2734; x_wconf 79' lang='lat' dir='ltr'><strong>ex</strong></span> 
     </span>
    </p>
   </div>
   <div class='ocr_carea' id='block_1_117' title="bbox 894 2755 1682 2794">
    <p class='ocr_par' dir='ltr' id='par_1_117' title="bbox 894 2755 1682 2794">
     <span class='ocr_line' id='line_1_117' title="bbox 894 2755 1682 2794; baseline -0.011 -4"><span class='ocrx_word' id='word_1_817' title='bbox 894 2762 998 2790; x_wconf 89' lang='lat' dir='ltr'><strong>duobus</strong></span> <span class='ocrx_word' id='word_1_818' title='bbox 1015 2759 1162 2794; x_wconf 86' lang='lat' dir='ltr'><strong>codicibus,</strong></span> <span class='ocrx_word' id='word_1_819' title='bbox 1180 2762 1209 2787; x_wconf 86' lang='lat' dir='ltr'><strong>ut</strong></span> <span class='ocrx_word' id='word_1_820' title='bbox 1229 2757 1286 2794; x_wconf 81' lang='lat' dir='ltr'><strong>ipse</strong></span> <span class='ocrx_word' id='word_1_821' title='bbox 1302 2757 1329 2785; x_wconf 93' lang='lat' dir='ltr'><strong>in</strong></span> <span class='ocrx_word' id='word_1_822' title='bbox 1354 2755 1515 2785; x_wconf 85' lang='lat' dir='ltr'><strong>adversariis</strong></span> <span class='ocrx_word' id='word_1_823' title='bbox 1532 2755 1682 2789; x_wconf 75' lang='lat' dir='ltr'><strong>suis,‘quas</strong></span> 
     </span>
    </p>
   </div>
   <div class='ocr_carea' id='block_1_118' title="bbox 103 2852 890 2888">
    <p class='ocr_par' dir='ltr' id='par_1_118' title="bbox 103 2852 890 2888">
     <span class='ocr_line' id='line_1_118' title="bbox 103 2852 890 2888; baseline -0.011 -2"><span class='ocrx_word' id='word_1_824' title='bbox 103 2855 132 2886; x_wconf 60' lang='lat' dir='ltr'><strong>id)</strong></span> <span class='ocrx_word' id='word_1_825' title='bbox 146 2855 232 2882; x_wconf 81' lang='lat' dir='ltr'><strong>Nuitibi</strong></span> <span class='ocrx_word' id='word_1_826' title='bbox 242 2859 326 2882; x_wconf 80' lang='lat' dir='ltr'><strong>tamen</strong></span> <span class='ocrx_word' id='word_1_827' title='bbox 337 2858 472 2888; x_wconf 82' lang='lat' dir='ltr'><strong>comparet.</strong></span> <span class='ocrx_word' id='word_1_828' title='bbox 485 2854 520 2881; x_wconf 75' lang='lat' dir='ltr'><strong>Cf.</strong></span> <span class='ocrx_word' id='word_1_829' title='bbox 535 2861 606 2887; x_wconf 86' lang='lat' dir='ltr'><strong>supra</strong></span> <span class='ocrx_word' id='word_1_830' title='bbox 620 2855 668 2880; x_wconf 87' lang='lat' dir='ltr'><strong>col.</strong></span> <span class='ocrx_word' id='word_1_831' title='bbox 682 2854 722 2880; x_wconf 72' lang='lat' dir='ltr'><strong>ll.</strong></span> <span class='ocrx_word' id='word_1_832' title='bbox 734 2853 803 2879; x_wconf 76' lang='lat' dir='ltr'><strong>Enn.</strong></span> <span class='ocrx_word' id='word_1_833' title='bbox 814 2852 890 2879; x_wconf 67' lang='lat' dir='ltr'><strong>Pan.</strong></span> 
     </span>
    </p>
   </div>
  </div>
