1874 3055
86 104 124 135 125
553 103 755 134 FRANCISCI
774 102 909 134 SCORSI
928 104 1146 139 PROOEMIUM
1163 109 1219 141 III.

83 161 158 196 γεκῐηίί
175 160 292 195 integras
315 161 426 196 accepi;
453 161 552 196 quibus
574 162 595 189 si
619 162 701 188 addas
724 160 850 187 undvcim

82 213 113 241 si;
123 209 151 235 τὰ
164 207 257 234 ἑωθινὰ
271 212 299 234 et
316 208 387 236 alios
401 216 453 235 non
469 216 566 241 paucas
582 209 614 236 de
627 208 739 239 sanctis,
754 207 776 234 si
794 215 847 233 non

82 263 168 287 onmes,
186 259 258 281 certe
276 255 423 281 maximam
445 259 547 288 partem
563 254 761 281 homiliarnrne
777 251 853 279 Vati-

82 311 134 330 cana
161 302 320 329 bibliotheca
355 302 530 335 dcpromptas
564 301 650 335 possis
680 307 850 334 agnoscere;

82 351 163 386 quibus
179 356 234 376 cum
257 348 427 376 conveniant
447 355 485 374 ca:
501 354 560 381 qum
577 347 602 373 in
624 351 738 380 utroque
759 353 853 372 exent-

83 398 135 430 plari
150 402 199 422 tum
215 395 426 425 Panormitano.
444 399 498 420 tum
516 393 656 420 Gallicano
672 392 721 426 (sic
737 399 767 418 ea
786 398 851 416 voco

81 441 238 476 distinguendi
271 441 385 476 gratia),
417 442 450 468 de
479 441 586 468 caeteris
619 440 690 466 idem
717 439 849 473 judicium

82 491 179 525 prudens
200 488 290 515 faccre
315 490 424 522 poSsis;
445 492 471 514 et
491 495 586 514 omnes
609 487 719 522 perinde
739 486 850 518 habere,

82 544 107 563 ac
116 536 134 562 si
146 542 233 561 omnes
244 535 358 561 oumino
372 534 477 561 collatae
492 533 615 565 fuissent,
630 538 656 559 ct
668 540 700 559 ex
714 531 850 559 Vaticana:

82 582 230 609 bibliothecae
249 580 302 607 ﬁde
316 587 334 609 at
348 588 392 607 me
409 581 546 607 traductas
567 579 772 613 pnlnlicatasque
787 586 850 604 cen-

81 635 138 655 sere.
149 626 209 652 Illud
223 625 305 652 etiam
323 626 474 653 nioouerim
489 625 521 651 ad
536 624 749 651 continuandam
767 623 849 657 hujus

81 674 153 708 operis
175 673 260 703 ﬁdem.
291 680 346 699 una
370 677 483 707 excepta
506 671 626 703 homilia,
654 671 686 696 de
702 670 849 705 [egisperio

82 722 234 755 iulerroganle
255 719 400 746 Dominum
417 718 522 754 (hoinil.
546 718 595 752 XI),
614 717 732 752 reliquas
753 724 849 743 oanncs

83 775 107 793 cx
119 767 210 794 duc-bus
229 767 376 800 tribusque
393 765 594 799 exemplaribus
613 765 683 792 inter
698 772 726 790 se
742 764 848 802 collatis

82 820 138 839 ante
152 812 268 847 proferri.
286 813 364 845 Quod
388 813 413 839 in
436 812 601 846 singularum
627 812 698 838 notis
721 810 848 838 animad-

83 865 185 893 vertant;
201 860 243 887 ubi
259 860 368 887 etiarnsi
386 860 449 894 quid
466 859 543 886 lectio
558 859 654 890 variet,
670 859 692 885 si
709 859 772 893 quid
788 866 845 885 mea

82 907 213 942 εομῇεςιιπςι
230 912 389 935 correctum
408 908 615 939 restitutumque
633 906 679 938 sit,
695 905 716 932 si
734 906 798 940 quid
814 913 846 933 ex

83 955 187 981 omnibus
211 953 376 980 lectionibus
404 954 505 980 rectius
537 952 662 979 videatur
685 956 712 979 et
738 951 845 984 verius,

82 1001 138 1036 quod
156 1005 238 1027 tatneu
256 1000 292 1027 sit
310 999 429 1034 alicujus
449 998 587 1030 momenti,
607 997 767 1025 admonebo.

270 1057 284 1092 §
305 1057 348 1084 lll.
368 1057 440 1085 Ordo
457 1056 636 1084 homiliarum.

109 1116 157 1144 Non
171 1120 209 1143 est
224 1116 275 1142 alia
293 1115 381 1142 series
401 1115 495 1142 harum
515 1115 698 1147 homiliarum,
717 1122 797 1149 quam
814 1121 845 1140 ea

85 1171 124 1196 qua
139 1167 197 1190 sunt
219 1162 360 1197 evangelia
382 1169 430 1196 per
449 1162 506 1189 dies
532 1161 685 1188 Dominicos
710 1161 846 1194 festosque

83 1212 214 1235 sanctorum
227 1215 272 1241 per
284 1215 386 1234 annum
398 1207 554 1235 Graecorum
574 1208 626 1234 ritu
647 1207 758 1241 digesta.
774 1207 846 1234 Con-

84 1258 126 1281 stat
137 1259 214 1280 autem
233 1262 285 1280 non
304 1255 392 1281 solum
410 1255 442 1280 ὲκ
459 1254 505 1280 τοῦ
520 1252 779 1288 Εὐαγγελισταρίου,
795 1253 846 1280 hoc

85 1306 123 1331 cst,
137 1301 196 1328 libro
210 1309 263 1335 (tuo
282 1301 421 1334 :vangelia
443 1300 575 1334 descripta
592 1304 656 1327 sunt
675 1301 700 1326 in
718 1299 845 1332 Liturgiis

87 1348 210 1379 incitanda,
226 1355 274 1374 nec
292 1355 328 1374 ex
341 1347 450 1374 Mena-is
461 1347 558 1378 solum.
586 1347 612 1374 in
635 1347 732 1380 quibus
752 1353 845 1380 preces

84 1397 104 1419 ct
115 1393 191 1427 hymni
203 1396 358 1419 sanctorum
370 1398 419 1426 per
431 1398 536 1418 menses
551 1390 684 1425 dispositi,
704 1390 750 1417 sed
763 1389 844 1416 ctiam

85 1446 108 1464 (ιι
129 1442 211 1466 nostro
227 1437 394 1472 Theophane
423 1438 449 1464 in
476 1436 586 1464 homilia
614 1436 692 1470 cujus
715 1436 843 1463 initium:

88 1483 226 1518 Ἐπειδήπερ
252 1483 342 1518 ἀρχὴν
367 1482 473 1517 εἰλήφει
488 1484 609 1518 σήμερον
626 1481 729 1517 (/tomil.
743 1480 781 1513 ν),
791 1487 844 1515 quo

84 1529 158 1556 ordine
173 1529 309 1564 evangelia
328 1529 472 1556 distributa
489 1528 554 1556 sint.
568 1527 699 1554 lnchoant
713 1527 784 1554 enim
797 1535 845 1554 an-

84 1583 133 1602 utrm
145 1576 354 1603 ecclesiasticum
370 1585 383 1602 a
399 1575 569 1610 Septembri;
588 1579 614 1602 et
631 1574 769 1602 Dominica
785 1577 844 1607 post

83 1621 254 1649 Exaltationem
280 1627 384 1649 sancta:
400 1622 489 1649 crucis
512 1629 544 1649 ex
563 1621 592 1649 S.
609 1621 678 1648 Luca
695 1621 783 1654 legere
801 1620 843 1646 in-

84 1668 176 1701 cipiunt,
194 1675 275 1702 usque
287 1669 321 1695 ad
336 1668 593 1702 Qnatlragesimam:
609 1675 661 1702 quo
678 1672 797 1701 tempore
808 1673 840 1693 ex

84 1714 155 1742 Marco
165 1722 244 1750 usque
258 1715 291 1742 ad
305 1714 426 1744 Pascha;
441 1714 502 1740 hinc
514 1720 598 1747 usque
614 1713 647 1740 ad
663 1712 841 1739 Peutecosten

85 1767 108 1786 ex
131 1760 241 1787 Joanne:
257 1760 357 1788 exinde
372 1766 404 1786 ex
420 1758 448 1786 S.
464 1758 600 1790 Muttineo,
617 1765 669 1792 quo
683 1758 775 1785 orbem
793 1765 843 1784 au-

85 1813 149 1832 nnum
171 1805 293 1832 claudunt
312 1806 337 1832 in
361 1805 493 1839 ‘Augusto.
516 1804 592 1836 Quod
609 1804 692 1831 etiam
710 1804 736 1830 in
751 1803 843 1830 codice

87 1853 191 1880 Vaticano
204 1859 264 1888 post
278 1854 420 1881 homiliam
440 1853 476 1880 De
490 1857 582 1879 sancto
598 1851 703 1878 Joanne
719 1851 842 1887 Bap/ista

89 1899 170 1933 (liomil.
183 1900 235 1934 ut)
247 1907 308 1934 quae
319 1899 422 1933 incipit,
436 1899 532 1929 Καλῶς
550 1898 707 1933 ἐφήρμοσεν
723 1899 740 1932 ἡ
755 1898 840 1930 τάξις,

89 1945 219 1972 adnotatum
235 1950 277 1973 cst
296 1945 339 1972 his
352 1946 452 1975 verbis,
463 1945 564 1971 ’ἰστέον
583 1945 623 1971 ὅτι
639 1944 690 1975 ἕως
704 1940 755 1970 ὧδε
773 1944 842 1978 πλη-

87 1989 191 2025 ροῦταιτδ
203 1992 361 2027 μηνολόγιον
374 1992 427 2018 ἀπὺ
435 1991 481 2017 τοῦ
491 1989 681 2026 Σεπτεμϐρίου
691 1990 842 2026 ἀρχόμενον

85 2037 146 2063 οἱονεὶ
161 2038 204 2064 καὶ
225 2039 255 2064 τὸ
283 2038 360 2069 τέλθς
382 2038 428 2064 τοῦ
454 2037 610 2071 Αὐγούστου
641 2037 840 2072 τελεισύμενον.

87 2081 211 2115 Sciendum,
225 2087 295 2118 quod
311 2085 354 2111 hic
365 2084 459 2110 desinit
479 2083 653 2118 menologium
667 2091 682 2109 a
697 2082 841 2118 Septembri

86 2129 185 2163 incipiens
201 2135 224 2157 et
249 2131 277 2157 in
305 2131 356 2164 [ine
378 2130 491 2165 Augusti
510 2129 676 2164 completum.
692 2129 780 2164 Atque
798 2129 841 2156 hic

86 2175 136 2202 ordo
149 2177 298 2212 plerumque
315 2181 419 2203 constat
434 2176 460 2202 in
472 2176 598 2203 omnibus
617 2175 756 2203 codicibus
773 2183 838 2203 mss.

86 2222 119 2253 qui
137 2229 218 2249 omnes
234 2222 365 2257 incipiunt
388 2222 421 2249 ab
435 2221 544 2249 homilia
562 2222 603 2253 εἰς
627 2221 677 2257 τὴν
699 2222 839 2254 Ἰνδικτον,

86 2266 130 2300 ἢτοι
144 2268 220 2303 ἀρχὴν
235 2268 281 2295 τοῦ
294 2270 355 2295 νέου
375 2267 464 2300 5101);,
484 2276 543 2302 qua:
558 2273 600 2295 est
613 2268 647 2295 de
665 2275 757 2295 mense
772 2268 840 2301 Sep-

88 2313 171 2344 tembri,
192 2319 216 2340 et
235 2315 371 2346 desinunt,
400 2314 471 2349 quod
498 2315 531 2340 ad
555 2313 694 2349 evangelia
720 2314 841 2350 κυριακά

88 2358 177 2391 τιὶηει,
199 2360 223 2386 in
240 2367 299 2387 eam
316 2366 376 2393 quae
392 2359 479 2386 estde
491 2359 571 2385 divite
588 2359 768 2392 interrogante
786 2358 839 2384 Do-

87 2404 163 2430 minum
181 2405 277 2439 (ltotnil.
294 2404 374 2439 xu);
390 2404 462 2440 quod
482 2411 547 2432 vero
566 2405 599 2430 ad
624 2404 706 2436 festa,
730 2404 755 2430 in
779 2411 837 2430 eam

88 2456 131 2482 que
145 2455 179 2478 est
191 2452 219 2478 de
232 2451 260 2480 S.
277 2451 392 2478 Joannis
406 2451 534 2485 Baptism
546 2450 721 2478 decollalione
732 2451 837 2485 (homil.

90 2496 138 2529 tu),
153 2497 174 2523 in
191 2498 262 2532 cujus
279 2498 411 2532 prooemio
429 2498 486 2532 ipse
507 2491 686 2531 Theophanes
707 2497 771 2524 illud
788 2497 839 2524 ad-

89 2542 157 2574 vertit,
173 2549 237 2571 recte
252 2545 279 2570 in
296 2545 356 2578 ipso
371 2543 399 2570 S.
414 2544 585 2570 Prtecursore
603 2543 670 2570 liuiri
688 2550 800 2575 annum,
812 2546 839 2568 ct

90 2586 162 2613 exinde
182 2596 272 2616 novum
299 2589 434 2622 inchoari,
462 2590 533 2623 quod
557 2589 614 2624 ipse
636 2589 718 2616 fuerit
733 2590 838 2615 medius

89 2631 141 2658 inter
160 2639 265 2662 veterem
290 2635 375 2669 legem
393 2640 419 2662 et
441 2643 550 2662 novam.
570 2635 646 2662 llunc
660 2636 782 2662 ordinem
798 2636 835 2662 ri-

91 2682 174 2714 tumque
185 2682 380 2717 evangeliorum
394 2683 475 2710 etiam
489 2684 607 2710 retinere
623 2683 649 2709 in
668 2687 760 2709 nostro
771 2683 838 2708 libro

90 2725 154 2752 visum
174 2735 285 2762 aequum.
313 2728 441 2756 nimirum
469 2734 499 2756 ut
523 2730 676 2764 antiquitati
702 2729 789 2756 Patris
812 2733 839 2756 ct

90 2770 181 2798 ttulicum
197 2774 348 2800 auctoritati
366 2779 393 2800 et
409 2773 504 2800 Graeco
517 2775 598 2800 veteri
617 2774 680 2800 ritui
697 2774 772 2801 locus
789 2775 837 2800 da-

90 2820 142 2843 rctur
151 2825 214 2846 suus.
225 2819 291 2847 Nam
304 2819 410 2847 etiamsi
428 2821 460 2847 ad
473 2820 597 2848 Romana:
609 2820 736 2849 Ecclesite
753 2822 832 2848 ritum

1642 113 1693 145 196

905 164 1121 201 positionemqne
1151 167 1353 203 evangeliorum
1377 169 1402 197 in
1433 177 1463 198 ea
1494 171 1620 199 usitatam
1645 180 1692 199 cas

906 211 1034 237 ordinare
1053 213 1242 247 voluissemus,
1259 223 1307 242 nec
1317 223 1412 243 omnes
1427 224 1566 245 sermones
1579 219 1690 252 exi-lere

905 257 1059 285 Doniinicos
1073 258 1209 294 l'cstosqne
1224 260 1373 294 potuissent
1389 262 1456 294 dies,
1469 267 1496 289 ct
1508 263 1602 297 aliqua:
1613 267 1689 290 extra

905 303 1058 330 Dominicas
1068 303 1205 339 festosque
1216 307 1307 341 vagari
1320 306 1486 334 debuissent.
1498 307 1533 334 Ut
1545 308 1614 334 enim
1628 317 1687 334 Cllltt

903 353 997 375 nostro
1024 350 1076 376 ritu
1105 351 1269 378 conveniant
1296 351 1397 386 aliqua,
1427 352 1502 386 plura
1526 353 1689 386 discrepent,

904 399 994 422 tamen
1010 403 1098 430 neque
1113 397 1232 423 multum
1249 398 1381 424 interesse
1396 399 1429 424 ad
1443 399 1586 426 utilitatem
1605 399 1690 426 lucto-

902 449 960 468 rum
976 441 1061 469 visum
1088 446 1131 469 est
1155 450 1238 470 suone
1264 451 1296 470 an
1318 449 1410 471 nostro
1430 445 1630 471 collocarentur
1643 452 1690 470 or-

902 487 974 520 dine,
1005 495 1066 514 cum
1100 488 1168 515 satis
1197 489 1220 515 ei
1250 489 1404 515 consultum
1428 494 1498 516 esset
1526 489 1548 516 si
1574 490 1688 516 indicem

900 534 1065 568 peculiarem
1079 535 1279 569 evangeliorum
1294 535 1423 562 Romantp
1444 535 1570 562 Ecclesiae
1587 535 1704 562 descri-.

901 578 1039 609 heremus,
1065 580 1091 605 itt
1117 580 1215 612 quibus
1239 580 1317 614 hujus
1340 579 1426 606 Patris
1449 580 1584 615 expositio
1605 580 1690 614 possit.

901 623 1004 651 haberi.
1035 623 1223 652 Verumtamen
1249 626 1329 652 etiam
1352 625 1482 659 optimum
1506 625 1578 652 factu
1601 625 1687 652 visum

899 674 950 700 est,
973 674 1001 696 ιιι
1016 670 1142 698 homilias
1156 670 1182 697 in
1198 671 1335 705 evangelia
1352 670 1525 697 Dominicalia
1548 671 1688 705 disiunge-

899 723 989 743 remus
1011 716 1045 743 ab
1071 717 1103 743 iis
1125 724 1183 751 qum
1203 722 1266 744 sunt.
1306 716 1331 743 in
1358 716 1427 744 festa
1472 722 1640 747 sanctorum,
1661 722 1689 744 nt

899 765 1075 796 utrarumqtte
1108 762 1254 788 ἀκολουθία
1282 763 1450 789 commodior
1479 768 1506 789 et
1535 763 1685 790 evidentior

899 811 981 833 esset.
1011 806 1169 841 Quanquam
1189 807 1260 834 cnim
1282 807 1399 835 homiliac
1418 808 1443 834 in
1466 808 1604 842 evangelia
1620 815 1684 834 san-

899 857 1005 881 ctorum
1025 854 1080 880 sint
1102 853 1250 887 interiectae
1269 852 1415 880 Dominicis
1439 853 1553 886 diebus,
1579 861 1686 880 Scrvato

899 901 992 927 codem
1006 900 1068 926 anni
1085 900 1213 931 decursu,
1231 904 1320 926 tamen
1335 900 1439 926 variant
1453 900 1566 927 miriﬁce
1580 899 1687 926 codices

899 946 925 972 in
943 946 985 973 his
999 946 1068 972 inter
1082 952 1110 972 se
1124 945 1294 977 ordiuandis,
1306 950 1336 971 ut
1353 945 1378 972 in
1397 945 1456 972 aliis
1476 945 1526 972 alia
1541 944 1685 979 praecedat,

899 993 952 1019 alia
971 993 1162 1026 subsequatur.
1179 991 1270 1024 Quare
1285 998 1344 1018 cum
1359 999 1444 1025 neque
1459 997 1550 1018 certus
1563 998 1594 1018 ex
1611 990 1686 1018 codi-

898 1039 975 1066 cibus
993 1038 1073 1065 statui
1091 1038 1176 1072 possit
1193 1037 1270 1069 ordo,
1294 1044 1342 1064 nec
1364 1042 1438 1064 esset
1465 1037 1557 1070 religio
1578 1037 1684 1064 illorum

897 1085 1021 1112 deserere
1037 1084 1208 1117 ἀκολουθίαν,
1227 1083 1305 1110 modo
1320 1083 1459 1110 commoda
1473 1082 1561 1116 aliqua
1575 1087 1602 1109 ct
1615 1090 1683 1109 cou-

895 1136 1026 1158 seutanca
1044 1131 1242 1162 institueretur,
1257 1130 1290 1155 ab
1306 1129 1399 1155 altcris
1413 1129 1514 1155 alteros
1529 1128 1685 1163 discerpere

896 1176 981 1204 satius
1006 1176 1148 1208 duximus,
1171 1179 1198 1202 et.
1220 1175 1295 1209 quasi
1318 1174 1464 1201 sccundum
1482 1178 1582 1200 tomum
1597 1178 1623 1201 et
1637 1181 1686 1201 no—

897 1229 958 1248 vum
975 1221 1081 1247 iniliutn
1099 1219 1187 1247 facere
1205 1221 1238 1246 ab
1259 1218 1369 1246 humilia
1392 1218 1424 1244 de
1442 1223 1535 1245 sancto
1553 1217 1684 1245 Demetrio

896 1267 1002 1301 (bomil.
1019 1267 1102 1301 δεμ-ι).
1117 1266 1278 1300 Quanquam
1293 1265 1336 1291 illa
1354 1272 1413 1299 qua:
1428 1269 1469 1291 est
1489 1265 1516 1291 in
1535 1265 1598 1291 anni
1610 1265 1685 1296 prin-

896 1314 1003 1348 cipium.
1032 1321 1092 1340 cum
1120 1313 1154 1339 sit
1178 1317 1259 1347 caput
1282 1320 1334 1339 non
1357 1312 1444 1339 solum
1470 1311 1612 1342 festorum,
1637 1310 1683 1337 sed

895 1360 976 1386 etiam
994 1359 1207 1390 Dominicarum,
1219 1358 1397 1392 stabilemque
1413 1359 1503 1384 sedem
1517 1357 1543 1384 in
1555 1357 1682 1383 omnibus

895 1405 1034 1432 codicibus
1050 1405 1157 1437 habeat,
1178 1405 1267 1439 primo
1291 1404 1382 1431 itidem
1407 1403 1466 1430 loco
1485 1403 1636 1437 posuimus.
1653 1405 1682 1428 ut

894 1453 1013 1480 Omnium
1037 1452 1150 1479 chorum
1175 1452 1300 1484 duceret;
1323 1454 1453 1485 praeterea
1478 1449 1616 1475 homiliam
1634 1455 1682 1475 seu

893 1499 982 1533 potius
994 1498 1144 1525 orationem
1154 1498 1179 1524 in
1195 1497 1387 1524 EIaltationem
1398 1500 1495 1522 sanctw
1507 1494 1599 1521 Cruris
1624 1499 1684 1527 quae

894 1551 959 1571 sane
971 1544 1003 1570 de
1016 1544 1085 1570 festo
1099 1547 1149 1575 cst,
1159 1550 1219 1570 cum
1232 1547 1334 1569 certam
1351 1540 1440 1567 itiulem
1452 1540 1572 1567 videatur
1585 1538 1684 1565 habere

893 1589 986 1617 sedem
1006 1589 1032 1616 in
1063 1588 1201 1616 codicibus
1218 1588 1344 1615 omnibus
1362 1592 1419 1621 post
1437 1585 1601 1612 Dominicam
1615 1591 1684 1618 pra:-

894 1636 1033 1662 cedentem
1061 1635 1111 1662 hoc
1140 1634 1248 1666 iustum,
1278 1639 1306 1661 et
1332 1641 1387 1668 quo
1409 1631 1494 1659 amba:
1510 1630 1627 1658 humilia:
1649 1629 1682 1656 ad

895 1681 923 1707 S.
943 1688 1052 1708 crucem
1068 1680 1233 1714 pertinentes
1254 1686 1284 1706 se
1307 1678 1422 1705 invicem
1439 1680 1682 1710 consequerentur,

894 1735 953 1754 eam
979 1734 1039 1760 qum
1057 1727 1089 1753 de
1114 1725 1183 1753 festo
1206 1730 1249 1752 est
1263 1724 1443 1751 adnexuiuius
1463 1723 1485 1749 ci
1507 1729 1567 1756 qua:
1582 1725 1625 1748 cst
1649 1721 1682 1746 de

895 1773 1053 1805 Dominico;
1082 1771 1201 1806 reliquas
1225 1778 1321 1797 omnes
1342 1769 1530 1804 scposuimus,
1563 1771 1591 1793 ut
1614 1765 1680 1792 dixi.

893 1818 1017 1846 liomilim
1034 1818 1073 1848 εὶς
1084 1817 1117 1844 τὰ
1130 1816 1240 1848 ἑωοινὰ,
1259 1815 1309 1842 hoc
1321 1818 1376 1846 cst,
1400 1814 1425 1840 in
1436 1813 1557 1840 undecim
1570 1811 1681 1838 matuti-

893 1864 965 1891 nalia
981 1862 1128 1897 evangelia,
1154 1860 1277 1895 quamvis
1302 1860 1374 1887 inter
1395 1857 1576 1896 Dominicalgs
1589 1864 1682 1884 rect-n-

892 1910 944 1937 seri
962 1909 1083 1943 passint,
1115 1912 1205 1934 tamen
1230 1911 1372 1941 postrema:
1399 1905 1519 1932 omnium
1546 1904 1572 1931 in
1601 1903 1680 1930 codd.

892 1955 1091 1982 dcstribuntur.
1107 1953 1141 1980 lis
1158 1957 1270 1978 utuntur
1286 1951 1371 1978 Grazci
1388 1958 1439 1977 non
1461 1950 1486 1976 in
1502 1949 1633 1983 LiIui-giu,
1650 1953 1680 1975 ut

892 2000 1012 2033 czeteris,
1029 1999 1074 2026 sed
1094 1999 1121 2026 in
1143 1998 1237 2025 Ollicio
1261 1997 1414 2027 matutino,
1441 1996 1492 2022 hoc
1519 1996 1629 2026 ordine,
1651 1998 1680 2020 ut

892 2045 1011 2079 singulas
1025 2043 1138 2078 singulis
1161 2041 1310 2070 Dominicis
1331 2041 1461 2074 recitent,
1488 2040 1649 2074 incipientes
1665 2047 1679 2064 ιι

893 2092 981 2128 primo
998 2097 1084 2125 usque
1110 2090 1143 2116 ad
1168 2089 1340 2115 undecimum
1362 2094 1369 2113 :
1391 2086 1490 2120 quibus
1515 2085 1630 2119 expletis
1653 2085 1681 2111 in

892 2140 984 2167 orbem
1001 2139 1125 2170 redeunt,
1141 2141 1223 2168 atque
1246 2136 1281 2163 ita
1300 2141 1462 2169 unoquoque
1481 2133 1621 2160 Dominico
1639 2133 1682 2159 die

894 2194 974 2213 unum
995 2193 1029 2212 cx
1054 2184 1095 2212 bis
1120 2183 1269 2218 evangeliis
1285 2183 1388 2217 legunt,
1411 2186 1491 2216 prout
1513 2180 1618 2207 incidit.
1636 2179 1682 2206 Eae

894 2233 976 2267 igitur
993 2232 1109 2259 humilia:
1128 2238 1189 2258 cuin
1214 2237 1297 2257 uuutn
1315 2229 1474 2256 contineant
1491 2231 1679 2261 argumentum

893 2278 1113 2306 Rcsnrrectiouis
1131 2276 1244 2308 Christi,
1270 2279 1331 2310 post
1350 2274 1489 2302 homiliam
1505 2273 1537 2300 de
1551 2271 1682 2299 Passione

893 2324 1028 2352 collocare
1049 2324 1134 2350 visum
1165 2327 1205 2349 est
1222 2326 1324 2348 rectum
1338 2341 1346 2354 ,
1374 2321 1425 2348 hac
1447 2321 1503 2354 ipsa
1524 2320 1556 2347 de
1579 2326 1680 2350 causa,

893 2370 954 2404 quia
970 2370 1002 2396 de
1015 2367 1223 2396 Rcsurrectione
1239 2372 1320 2398 sunt;
1337 2373 1404 2400 quas
1421 2365 1518 2392 deinde
1539 2363 1681 2390 commode

892 2419 1099 2450 consequuntur
1114 2412 1231 2440 homilite
1246 2412 1277 2438 de
1294 2411 1456 2438 Ascensiane
1483 2414 1511 2436 et
1534 2410 1566 2436 de
1584 2409 1680 2436 I’ente—
1712 2445 1714 2449 .

892 2466 972 2493 caste,
989 2467 1143 2494 quanquam
1164 2458 1234 2484 inter
1248 2457 1298 2484 bas
1316 2461 1343 2484 et
1359 2464 1405 2484 eas
1428 2457 1460 2483 de
1480 2456 1681 2483 Resurrectione
1717 2453 1719 2457 λ

893 2506 1058 2532 intercurrat
1086 2502 1196 2530 homilia
1223 2503 1255 2529 de
1281 2501 1470 2533 Samaritana,
1498 2508 1558 2535 qua:
1582 2505 1622 2527 cst
1645 2507 1680 2527 cx

891 2549 1035 2585 Evangelio
1064 2549 1095 2576 S.
1116 2547 1239 2578 Joannis,
1266 2551 1294 2573 et
1323 2546 1471 2586 Dominica‘
1488 2551 1548 2579 post
1573 2545 1679 2574 Pascha

891 2597 1000 2631 legitur.
1031 2594 1070 2620 Ad
1098 2593 1164 2625 lucc.
1191 2592 1299 2619 humilia
1329 2592 1360 2618 de
1390 2592 1546 2618 Ascensicne
1572 2591 1677 2617 Domini

892 2641 962 2668 idem
989 2640 1070 2666 habet
1094 2637 1262 2672 evangelium
1287 2641 1367 2670 atque
1389 2643 1420 2662 ea
1444 2643 1502 2669 qute
1528 2636 1555 2661 in
1575 2640 1677 2661 sextum

891 2684 1063 2714 matutinum,
1079 2689 1138 2715 qum
1156 2688 1236 2706 causa
1255 2685 1295 2707 est
1316 2687 1364 2706 cur
1381 2687 1395 2706 a
1417 2687 1529 2707 numero
1550 2679 1676 2705 undecim

891 2727 1130 2758 homiliarumhwc
1140 2726 1220 2757 ahsit,
1234 2730 1338 2752 servata
1353 2730 1441 2752 tamen
1459 2725 1484 2752 in
1497 2723 1676 2759 sequentibus

891 2775 995 2802 numeri
1012 2773 1131 2804 ratione;
1150 2777 1177 2798 at
1192 2772 1253 2806 quia
1270 2771 1313 2798 illa
1330 2771 1491 2805 protendunt
1503 2771 1626 2798 continet
1641 2771 1676 2796 de

893 2821 961 2848 [ρδιο
975 2819 1018 2847 die
1033 2818 1216 2852 Asccnsiouis,
1234 2817 1327 2845 eodem
1346 2817 1440 2845 ordine
1457 2817 1612 2845 collocanda
1623 2815 1677 2843 fuit
