1874 3055
218 136 268 169 127

216 200 270 226 quo
283 191 413 219 Aseenslo
427 192 556 226 praecedit
571 192 761 221 Pentecosteu.
786 194 851 220 lllud
867 200 1001 229 postremo

217 238 243 264 in
258 238 309 264 hoc
326 238 493 272 paragrapho
515 238 682 264 admonitum
702 239 826 266 lectorem
844 241 932 272 velint,
954 249 1002 267 ue-

215 290 267 316 quo
280 290 374 309 omnes
384 274 514 309 'ltomilias
528 291 595 317 quas
614 284 748 311 edidimus
769 285 843 319 (sunt
858 293 944 312 autem
961 287 1001 313 ha:

215 336 281 362 quas
297 336 345 362 pro
366 329 455 355 studio
476 328 668 363 diligentiaque
686 336 774 356 nostra
794 336 819 357 et
845 331 1000 364 adjumento

215 375 363 400 amicorum
379 374 467 401 adhuc
482 374 613 405 adhibito,
631 376 748 409 reperire
761 377 894 409 potuimus
913 377 938 404 in
959 378 998 403 bi-

214 419 373 450 bliothecis,
401 420 541 454 seXaginta
567 420 633 455 duar)
660 420 865 448 Dominicalittm
893 422 997 448 dierum

214 473 355 491 numerum
370 469 396 491 et
407 465 493 491 locum
506 466 624 499 explere,
634 466 713 492 sicuti
731 475 816 500 neque
827 472 995 499 sanctorum;

213 510 259 537 sed
274 511 372 536 multas
388 511 482 536 deesse
503 510 674 537 manifestum
697 517 747 538 est.
777 512 808 538 Et
825 513 996 550 qttidentlto-

213 556 293 583 milite
315 557 340 583 iu
363 557 391 583 S.
407 557 486 584 Lueue
505 557 643 590 evangelia
664 559 788 584 videntur
809 567 868 585 esse
891 560 996 587 ea-Ieris

212 602 314 635 plures,
330 609 482 636 quanquam
500 602 609 629 botnilia
626 604 651 629 in
668 605 811 629 Secundam
831 605 994 631 Dotninieam

210 655 271 680 qua:
293 652 344 677 est.
369 646 464 678 Καθὼς
481 646 571 674 θέλετε
591 648 633 674 Lat
648 648 761 675 ποιῶσιν
777 650 852 683 ἡμῖν,
871 655 935 682 ete.,
962 658 994 677 ex

209 701 270 726 cap.
287 701 313 720 \‘l
332 693 361 720 S.
378 692 457 720 Luca:
474 698 502 720 ut
520 695 627 727 ponitur
652 695 677 721 in
697 695 919 729 Evangciistario,
937 697 995 724 sine

209 740 290 765 dubio
302 740 385 767 deest.
409 740 439 767 Et
455 747 488 767 ne
507 741 538 767 de
554 741 666 775 singulis
680 749 790 769 examen
806 742 936 770 ltabeatur
948 743 995 770 ad-

210 784 351 816 atnussint,
368 785 439 818 quod
458 786 566 820 longum
579 791 659 818 chet,
677 794 762 821 neque
779 789 844 814 tanti
857 795 909 820 est,
921 795 994 816 certe

209 829 234 855 ltt
252 830 371 857 ltotniliis
387 839 420 857 ex
444 830 473 858 S.
494 830 608 864 Joanne,
625 840 682 866 qua:
700 839 759 867 post
776 832 877 860 Paselta
898 835 993 868 legun-

209 881 262 906 tttr,
282 876 370 902 solttttt
388 884 419 902 ea
438 882 561 910 superest
579 885 638 911 qua:
663 883 703 904 est
723 879 754 904 de
767 878 951 912 Samaritana,
966 885 993 908 et

207 928 238 947 ex
256 920 373 949 homiliis
387 922 413 949 itt
430 923 569 956 evangelia
587 923 615 950 S.
631 923 760 956 Matthaei,
775 933 834 959 quae
850 932 908 960 post
923 926 992 954 Pett-

207 972 328 994 teeosten
353 968 444 1002 plures
470 975 549 1000 sunt,
579 977 671 1004 pauca:
705 971 847 998 admodum
873 977 989 1000 exstant.

178 1004 180 1006 I
207 1013 356 1041 Faciuntne
375 1014 400 1041 id
424 1015 459 1042 sit
481 1017 544 1049 quia
565 1008 644 1042 dicite
661 1024 711 1043 non
735 1021 796 1043 sunt
821 1018 863 1044 vel
884 1023 991 1051 propter

208 1059 310 1086 astatis
327 1060 440 1093 calores,
458 1061 498 1087 vel
514 1066 622 1096 propter
639 1063 787 1089 absentiam
806 1064 940 1097 episcopi;
956 1072 989 1091 an

204 1104 268 1136 quia
296 1105 375 1131 dictae
397 1105 528 1138 quidem,
564 1114 616 1132 non
657 1111 744 1134 tamen
774 1109 929 1143 exscriptos,
948 1110 989 1136 vel

204 1149 346 1183 cxsrriptse
370 1149 509 1184 profecto,
543 1152 589 1178 sed
615 1151 784 1187 interierint,
812 1154 854 1181 vel
888 1155 989 1182 lateant

204 1194 291 1220 adhue
308 1195 333 1221 in
350 1196 438 1229 aliqua
457 1197 618 1224 bibliotheca
636 1206 723 1233 neque
742 1199 774 1226 ad
790 1206 910 1227 nostram
927 1209 989 1235 pcr-

203 1239 326 1266 venet'int
343 1241 477 1272 notitiam,
498 1250 549 1269 uon
573 1243 658 1270 habeo
683 1250 786 1271 eerttttn
802 1247 871 1280 quod
888 1247 986 1274 dicant.

205 1285 336 1312 Ilotnilias
356 1288 381 1313 in
402 1287 442 1313 1“.l
463 1289 553 1320 verba,
571 1289 687 1317 Lucerna
705 1293 820 1325 corporis
835 1298 873 1319 est
897 1295 988 1322 oculus

183 1335 230 1357 ,et
243 1331 269 1357 in
289 1332 389 1366 reliqua
413 1333 526 1367 ejusdem
544 1335 680 1369 evangelii,
706 1337 731 1362 itt
750 1337 903 1365 Doutinicas
926 1345 986 1374 post

202 1375 380 1404 Pentecosten
398 1378 534 1413 conjicere
550 1381 636 1407 visunt
653 1385 692 1408 cst
712 1389 771 1407 eutn
792 1382 845 1409 sitit
859 1391 890 1409 ex
905 1391 986 1411 evan-

201 1422 272 1456 gelio
293 1422 322 1449 S.
340 1422 467 1456 Mattlttei,
488 1425 537 1452 etsi
556 1426 582 1452 in
604 1426 693 1453 multis
713 1426 792 1454 codd.
818 1429 986 1461 reperiantur

202 1467 273 1494 inter
287 1475 335 1494 eas
351 1476 409 1502 qua:
424 1475 485 1496 sunt
501 1469 527 1496 in
542 1469 573 1497 D.
589 1469 699 1498 Lucam.
718 1472 781 1504 Sed,
800 1477 828 1499 ιιι
840 1473 906 1506 dixi,
925 1481 986 1501 cum

202 1517 309 1540 constet
322 1514 388 1540 ordo
412 1514 474 1540 anui
498 1522 552 1548 quo
575 1516 753 1550 disponuntur
766 1519 915 1553 evangelia,
933 1528 985 1547 non

202 1562 292 1584 tamen
308 1558 473 1594 singulorum
488 1560 608 1592 Εὑταξία
622 1561 648 1588 in
667 1563 745 1590 codd.
759 1569 868 1598 apparet
883 1574 889 1591 :
904 1573 987 1600 quare

201 1607 274 1630 recta
293 1605 397 1631 ratione
413 1605 578 1640 arbitrioque
594 1613 686 1634 ttostro
702 1609 741 1635 usi
757 1616 867 1643 sumus;
887 1611 937 1638 nisi
950 1612 984 1644 si.

200 1649 270 1682 quod
285 1655 373 1677 tamen
387 1658 429 1677 me
447 1651 521 1684 latet,
545 1653 615 1685 quod
631 1653 656 1679 ιιι
680 1654 835 1682 Graecorum
851 1657 902 1683 ritu
920 1665 986 1684 usu-

198 1700 252 1728 que
275 1695 310 1721 sit
337 1695 452 1729 positum
479 1697 694 1733 μυστικώτερον.
708 1699 782 1731 Quod
807 1704 896 1729 tamen
919 1703 984 1729 mihi

200 1738 322 1774 religioni
339 1748 391 1766 noti
407 1740 487 1773 duco,
502 1749 575 1774 cum,
591 1748 619 1769 ttt
636 1744 703 1776 dixi,
726 1746 792 1772 ordo
810 1746 854 1774 hic
879 1755 931 1775 non
950 1749 985 1776 sit

199 1792 232 1810 ex
251 1785 329 1812 rebus
346 1787 434 1820 magni
452 1789 589 1817 momenti.
608 1788 730 1817 doctritta
755 1791 840 1818 solum
864 1798 890 1820 et
904 1801 985 1821 cran-

199 1828 330 1861 geltorum
360 1830 504 1864 explicatio
533 1833 590 1859 usui
620 1833 655 1860 sit
681 1839 707 1861 et
734 1837 822 1870 magni
850 1837 982 1865 iacienda.

198 1872 340 1901 llontiliam
366 1876 407 1907 εις
432 1876 477 1903 τὸν
505 1880 656 1913 γενόμενον
680 1880 786 1915 αὐχμὸν
809 1890 869 1910 cum
898 1891 984 1918 neque

199 1920 281 1953 diem,
301 1929 389 1956 neque
403 1927 508 1957 tempus
520 1926 582 1952 anni
597 1931 699 1953 eertttttt
716 1928 824 1959 habeat,
841 1929 866 1955 itt
880 1936 983 1964 postre-

200 1973 273 1991 tnttttt
297 1967 450 1999 redegintus
477 1970 575 2003 locum,
597 1975 623 1998 et
645 1973 734 2006 potius
758 1979 834 2000 extra
860 1975 982 2002 ordinent

197 2017 278 2043 quatit
300 2011 325 2037 itt
341 2013 436 2040 ordine
462 2016 640 2048 reposuimus.
658 2017 745 2052 Atque
769 2019 825 2046 lucc
848 2026 983 2055 utcunque

197 2056 231 2081 de
248 2057 318 2083 set-ie
333 2057 505 2086 ltootiliarum
524 2062 651 2094 praedicta
670 2063 736 2095 siut,
762 2071 840 2098 quam
857 2070 936 2099 prout
955 2066 982 2093 itt

198 2105 291 2128 nostro
303 2102 355 2130 hoe
368 2103 437 2131 libro
452 2112 481 2132 se
499 2105 607 2140 habeat,
622 2108 796 2142 subjiciemus
809 2111 843 2138 ob
859 2111 962 2140 oculos.

387 2171 402 2206 §
422 2172 467 2199 lV.
486 2172 566 2201 Ratio
586 2175 792 2210 interpretandi.

231 2234 317 2268 Quam
334 2236 442 2266 dillicite
457 2244 486 2266 et
504 2248 646 2275 operosum
666 2244 800 2278 negotium
817 2245 853 2272 sit
872 2254 905 2274 ex
929 2256 980 2275 ttna

195 2279 286 2315 lingua
303 2282 329 2308 in
346 2283 425 2310 aliam
444 2290 565 2312 veterum
591 2288 691 2321 scripta
713 2290 861 2324 traducere,
882 2293 905 2320 is
922 2301 980 2320 Otu-

195 2326 271 2353 niutn
290 2328 391 2362 optimc
408 2330 482 2357 novit
495 2332 538 2365 qui
557 2332 708 2365 ltujusutodi
726 2337 862 2370 negotium
883 2344 980 2366 tractat

194 2371 288 2400 ethoc
303 2381 397 2401 saxum
418 2381 516 2403 versat.
534 2377 571 2404 Ex
593 2379 691 2412 quibus
713 2382 836 2409 omttilnts
861 2383 980 2412 luculen-

193 2417 316 2446 tissimus
337 2420 412 2447 testis
428 2421 473 2452 sit,
497 2427 588 2456 ntpote
609 2425 803 2454 scientissimus
828 2428 978 2463 linguarum

192 2464 331 2499 omnium,
345 2465 532 2502 Hieronymus,
551 2470 597 2504 qui
611 2474 638 2497 et
653 2479 685 2498 ex
700 2471 812 2500 llebrtro
823 2481 898 2501 sacra
922 2483 980 2502 mo-

194 2516 338 2543 numenta,
365 2516 392 2539 et
416 2520 449 2540 ex
475 2514 569 2542 Graeco
596 2516 710 2543 aliorum
739 2519 819 2546 tnulta
849 2520 977 2548 traduxit.

196 2554 303 2589 Difﬁcile
328 2562 384 2589 est,
411 2558 498 2592 inquit
516 2560 560 2586 ille
577 2561 602 2587 itt
636 2561 796 2590 Pt'arl'atioue
819 2565 850 2590 ad
868 2564 976 2592 Eusebii

193 2599 359 2634 Chronico",
375 2604 475 2631 alienas
491 2605 593 2633 litteras
608 2608 795 2642 insequentem,
817 2618 868 2636 non
881 2610 979 2638 alicubi

193 2647 329 2680 excidere;
343 2655 367 2676 et
377 2652 502 2684 arduum,
513 2659 538 2679 ut
551 2661 609 2686 qua»
622 2654 649 2680 in
663 2655 716 2681 alia
730 2656 820 2690 lingua
833 2657 895 2684 bene
906 2658 978 2684 dicta

192 2699 266 2725 sunt,
287 2696 407 2722 eumdem
431 2696 549 2724 decorent
571 2700 597 2725 in
620 2700 794 2728 tramlatione
815 2708 976 2730 conservent.

196 2736 379 2772 S’gniﬁcatum
395 2746 432 2768 est
450 2743 550 2775 aliquid
565 2745 643 2770 unius
658 2746 728 2772 verbi
743 2748 913 2781 proprietate,
927 2757 977 2777 non

192 2782 276 2810 habeo
296 2792 379 2811 meum
395 2789 464 2820 quod
479 2788 505 2814 id
522 2789 632 2822 efferat;
664 2795 688 2816 et
704 2792 764 2817 dum
776 2800 864 2825 (μαργο
875 2795 978 2828 explere

194 2831 361 2864 sententiam,
377 2831 454 2867 longo
471 2833 570 2861 ambitu
587 2836 629 2862 vix
648 2836 730 2864 brctis
751 2839 798 2865 ria:
818 2841 901 2872 spatia
917 2849 978 2867 cott-

698 137 895 168 FRANCISCI
916 138 971 168 SC(

1064 139 1278 169 PliOlEMlUM
1298 139 1354 171 ΙΙΙ.
1786 144 1829 175 ιρι

1053 202 1138 220 sunto.
1153 197 1285 221 Accedunt
1306 196 1505 230 hyperbalormn
1525 197 1676 232 anfractus,
1702 200 1829 228 d:ssittttli-

1052 239 1156 265 tudine;
1166 248 1284 271 casuum,
1296 243 1432 268 varietates
1442 243 1586 276 figurarum
1596 253 1605 275 ,'
1616 245 1698 277 ipsum
1707 252 1828 279 postremo

1051 292 1138 316 suum,
1161 290 1195 317 et,
1219 290 1248 311 ut
1272 287 1309 312 ita
1327 287 1423 320 dicant,
1446 289 1613 314 vernaculum
1631 290 1726 324 lingua:
1745 300 1827 325 genus.

1052 329 1082 356 Si
1096 331 1130 356 ad
1155 332 1257 357 uerbum
1281 332 1448 366 interpretor,
1477 335 1588 360 absurde
1611 342 1732 367 resonat;
1755 337 1777 362 si
1800 338 1827 363 ob

1051 376 1228 402 necessitatem
1245 377 1346 411 aliquid
1364 379 1389 404 in
1405 379 1497 405 ordine
1511 380 1546 406 vel
1567 380 1593 406 in
1617 388 1735 407 sermone
1749 389 1828 408 muta-

1049 428 1119 450 tvero,
1141 421 1173 447 ab
1198 422 1345 456 interpretis
1372 424 1477 450 videbor
1500 425 1581 459 ofﬁcio
1605 427 1749 453 recessisse.
1773 427 1828 454 [late

1049 465 1078 493 S.
1099 466 1291 502 Hieronymus,
1307 471 1405 503 quibus
1420 471 1486 496 nihil
1503 476 1589 504 potest
1604 471 1708 505 planius
1723 473 1762 498 vel
1778 474 1828 505 ple-

1049 512 1108 538 nius
1123 512 1155 539 de
1170 514 1364 548 interpretandi
1384 515 1582 543 dillieultatibus
1595 517 1665 549 dici;
1690 517 1755 551 quin
1774 518 1827 552 ipse

1049 556 1152 585 Tullius
1163 559 1302 593 eloquendi
1317 561 1522 592 disertissitnus,
1536 563 1577 589 cui
1589 563 1683 588 mirum
1697 568 1739 590 est
1751 566 1826 590 verba

1047 604 1141 630 deesse
1165 605 1284 639 potuisse
1300 614 1307 632 :
1323 615 1383 632 eutn
1401 607 1458 641 ipse
1472 608 1492 633 si
1511 609 1571 642 quis
1592 608 1660 635 alius
1677 617 1826 637 scrtnouetn

1046 650 1161 683 patritttn
1179 652 1315 684 ditaverit,
1338 660 1426 680 nonne
1442 654 1519 688 ittops
1536 662 1596 682 esse
1613 655 1663 681 sibi
1680 655 1786 682 videtur
1803 657 1826 682 iu

1045 696 1220 728 exprimenda
1240 697 1263 723 vi
1281 703 1306 724 et
1329 700 1437 733 encrgia
1459 699 1613 726 Graecarum
1630 702 1746 727 vocum?
1767 702 1825 728 Nam

1046 747 1105 774 qum
1124 741 1207 769 Stoici
1224 744 1387 778 προηγμένα
1404 749 1430 771 et
1452 745 1683 781 ἀποπροηγμένα,
1717 748 1775 774 hau:
1789 748 1828 774 ille

1044 786 1187 820 aliquando
1195 794 1339 822 prwgmata
1349 793 1375 816 et
1385 797 1591 825 apopra’gntata,
1604 792 1752 826 aliquando
1765 800 1827 826 prcr-

1043 832 1128 863 posita
1141 833 1181 858 vcl
1193 835 1327 868 pra’cipurt
1339 840 1365 861 et
1383 836 1488 870 rejecto,
1506 845 1699 872 nonnunquam
1712 847 1828 872 promota

1043 881 1068 903 et
1085 884 1183 905 remota
1199 880 1289 913 vertit;
1307 886 1336 908 ut
1350 882 1426 908 initio
1441 882 1487 909 lib.
1504 891 1532 910 lll
1547 883 1584 910 De
1598 884 1696 918 ﬁnibus
1713 885 1765 912 sub
1779 887 1826 912 Ca-

1046 923 1117 948 tonis
1130 931 1261 956 persona:
1274 925 1402 959 Equidem
1412 927 1481 953 soleo
1493 929 1658 963 etiam,quotl
1670 939 1723 956 uno
1735 930 1825 962 Cra'ri,

1042 968 1064 993 si
1081 967 1159 994 aliter
1173 977 1222 996 non
1236 979 1352 1005 possunt,
1368 973 1436 999 idem
1452 974 1570 1007 pluribus
1587 976 1671 1001 verbis
1684 984 1827 1010 exponere;

1042 1017 1064 1039 et
1081 1018 1166 1040 tamen
1178 1022 1240 1048 puto
1252 1017 1441 1044 cottccdinobis
1457 1024 1586 1052 oporlere,
1602 1026 1628 1046 ut
1646 1020 1739 1048 (ἐι-(υεο
1756 1023 1826 1048 verba

1042 1063 1158 1090 utamur.
1181 1061 1204 1087 si
1218 1062 1321 1096 quando
1335 1064 1420 1090 minus
1435 1071 1554 1092 occurrat
1575 1066 1710 1098 Latinum.
1735 1077 1766 1094 ne
1783 1070 1826 1095 bac

1041 1105 1167 1138 ephippiis
1183 1113 1207 1132 et
1223 1109 1403 1141 acratophoris
1423 1110 1510 1143 politis
1533 1120 1611 1145 quam
1631 1114 1789 1146 prtvgrueuis
1804 1120 1826 1140 et

1040 1153 1243 1185 apopru'gmettis
1267 1155 1432 1187 concedatur,
1462 1165 1610 1191 quanquam
1637 1158 1691 1184 Itazc
1719 1160 1822 1193 quidem

1039 1198 1182 1231 prteposita
1202 1203 1270 1225 recte
1284 1203 1309 1224 et
1331 1200 1429 1233 reiecta
1451 1200 1538 1228 dicere
1560 1201 1657 1230 licebit.
1689 1203 1722 1229 Et
1749 1205 1826 1237 paulo

1039 1247 1099 1276 post
1125 1243 1150 1269 itt
1176 1244 1268 1270 eodem
1289 1244 1356 1271 libro
1374 1245 1407 1272 de
1434 1245 1528 1273 iisdem
1555 1247 1675 1281 Ιοιιιιιιιις,
1703 1248 1757 1275 Sed
1782 1258 1823 1280 ea.

1039 1290 1137 1324 inquit,
1158 1299 1215 1325 qua:
1238 1293 1380 1319 secundum
1407 1294 1492 1320 locum
1509 1295 1624 1322 obtinent
1650 1298 1824 1331 προηγμένα,

1038 1336 1065 1362 id
1079 1341 1115 1362 est
1132 1337 1261 1370 producta
1278 1339 1458 1370 nominantur,
1474 1348 1531 1374 qua:
1546 1341 1584 1366 vel
1601 1342 1637 1368 ita
1655 1343 1823 1376 appellamus,

1038 1381 1065 1408 id
1078 1383 1127 1408 erit
1143 1383 1247 1409 verbum
1261 1391 1274 1409 ε
1293 1384 1380 1417 verba,
1408 1385 1445 1411 rel
1461 1392 1583 1420 promota
1604 1392 1627 1414 et
1645 1394 1760 1420 remota.
1788 1391 1825 1416 vel

1038 1430 1066 1452 ut
1082 1426 1181 1453 dudum
1199 1428 1330 1460 diximus,
1353 1430 1507 1463 prtepOsita,
1531 1431 1569 1457 vel
1583 1433 1719 1467 przecipua
1735 1438 1758 1460 et
1780 1435 1824 1459 illa

1038 1473 1148 1506 rejceta.
1180 1472 1242 1500 [hec
1276 1473 1390 1502 Tullius.
1425 1475 1489 1508 Qnte
1515 1476 1628 1503 duornnt
1656 1486 1822 1505 summorum

1038 1519 1156 1545 virorum
1173 1521 1325 1547 testimonia
1344 1528 1376 1548 eo
1397 1523 1546 1556 producere
1567 1523 1649 1556 volui,
1673 1525 1739 1551 utsi
1757 1525 1822 1552 idem

1038 1564 1103 1590 tnilti
1132 1565 1158 1591 itt
1187 1565 1238 1593 hac
1262 1566 1483 1601 interpretatione
1512 1570 1650 1596 condenda
1677 1571 1824 1606 contigisse

1038 1609 1136 1643 fatear,
1161 1612 1220 1638 sine
1241 1613 1341 1644 pudore
1365 1614 1486 1641 conﬁteri
1509 1623 1626 1649 possem.
1650 1616 1743 1649 Quare
1763 1625 1820 1644 eum

1037 1662 1123 1683 essent
1142 1656 1212 1683 ittter
1230 1657 1288 1685 illos
1305 1658 1370 1686 duos
1389 1660 1485 1686 ntodos
1510 1669 1556 1687 seu
1572 1662 1660 1695 potius
1687 1662 1757 1689 lines
1777 1670 1822 1689 er-

1038 1706 1138 1730 tretnos
1157 1703 1328 1735 interclusus.
1347 1706 1374 1732 itt
1399 1714 1510 1740 quorum
1524 1707 1683 1736 alterutrum
1703 1710 1725 1736 si
1741 1709 1820 1736 decli-

1037 1756 1140 1781 narem,
1156 1749 1182 1776 in
1200 1750 1292 1776 vilium
1307 1751 1504 1786 itnpingerem:
1521 1753 1647 1780 nimirum
1664 1759 1693 1781 ut
1710 1755 1750 1782 vel
1766 1763 1822 1781 ver-

1037 1793 1099 1820 bum
1126 1802 1158 1821 ex
1179 1795 1260 1822 verbo
1289 1796 1428 1823 redderem
1447 1797 1551 1830 Gut-ea,
1577 1798 1665 1826 Latini
1690 1801 1822 1828 sermonis

1036 1838 1133 1865 decme
1153 1840 1323 1874 posthabito;
1357 1842 1397 1868 vel
1420 1851 1528 1870 sensntn
1552 1844 1637 1871 solum
1659 1851 1818 1879 spectarem,

1036 1883 1105 1910 nulla
1124 1883 1280 1912 Graecarum
1308 1894 1404 1914 roeunt
1434 1888 1522 1915 habita
1552 1890 1674 1922 ratione.
1708 1899 1820 1926 quorum

1035 1929 1194 1957 alterutrum
1214 1931 1322 1960 facilius
1341 1938 1367 1960 et
1384 1934 1528 1967 proclivius
1549 1935 1668 1963 futurum
1685 1943 1758 1970 erat,
1778 1945 1820 1965 se-

1035 1981 1112 2003 cutus
1135 1985 1194 2005 sum
1221 1978 1273 2005 tale
1299 1983 1552 2014 temperamentum,
1571 1987 1601 2009 ut
1624 1991 1673 2011 nec
1698 1985 1769 2011 facta
1789 1986 1820 2012 ad

1035 2021 1145 2048 verbum
1172 2025 1299 2052 evaderet
1323 2025 1411 2059 inepta
1440 2027 1597 2061 translatio;
1616 2034 1642 2055 et
1667 2035 1758 2058 tamen
1786 2031 1820 2056 ita

1033 2074 1132 2095 sensus
1148 2067 1242 2095 Latina
1259 2070 1349 2104 phrasi
1364 2078 1409 2097 seu
1434 2072 1525 2105 potius
1548 2074 1737 2108 complexione
1755 2085 1819 2102 cott-

1034 2119 1180 2147 vertcrent,
1197 2121 1224 2141 ιιι
1239 2116 1328 2142 verbis
1344 2117 1425 2143 etiatn
1441 2118 1554 2151 singulis
1572 2121 1661 2153 quoad
1691 2121 1752 2156 ejus
1765 2122 1819 2148 fieri

1033 2165 1135 2193 posset,
1150 2161 1231 2187 vetba
1250 2163 1454 2195 responderent.
1474 2163 1502 2191 ιιι
1520 2172 1573 2198 quo
1585 2166 1712 2199 equidem
1727 2167 1818 2195 elabo-

1033 2211 1108 2231 rasse
1127 2206 1190 2232 “mli
1207 2207 1316 2239 videor;
1339 2213 1428 2234 utrunt
1445 2209 1495 2235 sittt
1521 2217 1662 2237 assecmus
1685 2212 1732 2238 alii
1746 2212 1818 2247 judi-

1034 2256 1106 2276 cent.
1125 2251 1190 2278 lllud
1209 2251 1331 2285 proiecto
1347 2260 1437 2280 verum
1460 2255 1571 2281 dixerint
1591 2257 1738 2284 nonnullas
1758 2266 1818 2285 scu-

1035 2297 1142 2328 tcntias,
1155 2299 1177 2323 si
1194 2305 1252 2324 tneo
1264 2299 1354 2330 tuodo,
1364 2305 1391 2325 et
1406 2308 1490 2332 more,
1501 2305 1528 2328 et
1540 2308 1572 2328 eo
1582 2304 1719 2329 sermonis
1734 2303 1818 2329 Latini

1033 2341 1113 2376 stylo.
1133 2343 1174 2369 cui
1190 2351 1248 2370 sum
1266 2350 1403 2376 assuetus.
1416 2342 1553 2380 explicare
1568 2347 1702 2380 licuisset,
1713 2349 1819 2383 elegan-

1033 2387 1086 2414 titts
1107 2393 1134 2414 et
1159 2389 1318 2417 eoueinnius
1344 2397 1391 2417 eas
1410 2390 1498 2418 eil'erri
1521 2393 1658 2426 potuisse;
1684 2395 1733 2421 sed
1758 2395 1818 2428 quia

1033 2432 1189 2466 interpretis
1204 2432 1292 2460 cilicio
1318 2433 1425 2468 ﬁdeque
1445 2436 1580 2470 obligatus
1604 2437 1671 2464 mihi
1696 2440 1816 2470 videbar,

1032 2485 1079 2504 cas
1096 2485 1149 2504 non
1174 2483 1204 2504 ut
1227 2478 1381 2510 voluissem.
1407 2481 1453 2507 sed
1477 2486 1507 2508 ut
1530 2482 1684 2509 debuissent
1708 2483 1817 2510 Latinas

1032 2522 1138 2550 fecisse.
1157 2523 1227 2557 Quin
1248 2525 1330 2551 etiam
1348 2525 1413 2552 illttd
1429 2534 1541 2554 servare
1556 2527 1639 2560 volui,
1661 2534 1691 2555 ut
1709 2529 1767 2556 h:ec
1781 2530 1818 2556 itt—

1034 2570 1215 2602 terpretatio,
1243 2571 1461 2606 quandoquidem
1493 2581 1523 2600 ea
1555 2581 1653 2601 usuros
1679 2575 1816 2601 crederent

1033 2615 1115 2641 etiam
1135 2622 1183 2648 pro
1212 2621 1338 2651 suggestu
1359 2625 1453 2645 sacros
1481 2623 1621 2651 oratores,
1648 2627 1703 2646 non
1734 2621 1770 2646 ita
1791 2620 1816 2646 itt

1032 2659 1170 2687 Ciceronis
1187 2666 1277 2695 partes
1306 2663 1445 2696 transiret,
1463 2669 1520 2690 uta
1539 2665 1671 2698 religione
1693 2666 1815 2693 discede-

1033 2709 1087 2735 ret;
1105 2711 1131 2732 et
1143 2707 1204 2733 dunt
1222 2707 1302 2734 nimis
1316 2709 1400 2736 videri
1415 2710 1494 2745 ettpio
1504 2710 1712 2744 Ciceronianus,
1730 2712 1817 2738 minus

1031 2751 1202 2779 Christianus
1212 2753 1329 2782 viderer.
1341 2754 1367 2782 Si
1381 2755 1465 2783 dictio
1478 2757 1585 2792 aliquod
1598 2758 1815 2785 ecclesiasticum

1032 2802 1148 2830 saperet,
1165 2798 1190 2824 id
1206 2799 1269 2825 mihi
1287 2800 1357 2827 laudi
1377 2802 1466 2835 potius
1487 2810 1566 2836 quant
1589 2804 1656 2830 vitio
1680 2804 1817 2831 aseribctt-

1033 2843 1096 2870 dum
1115 2843 1190 2871 duxi.
1205 2844 1297 2880 Itaque
1311 2854 1371 2874 cum
1387 2847 1480 2875 multis
1493 2847 1542 2876 SS.
1559 2847 1687 2878 Pultibus
1700 2849 1815 2881 Latinis,
