1874 3055
175 127 226 160 115

171 186 271 212 rideam
293 185 364 213 :sed
399 186 478 212 ct'am
514 191 613 213 acterna
641 187 776 221 Sapientia
805 187 956 213 Pltnrisa'ns

174 232 387 266 reprehendens,
404 230 540 263 Quomodo
557 241 600 258 ros
631 233 738 266 potestis
767 233 834 258 bona
870 232 954 265 loqui.

172 287 230 305 rum
246 279 303 304 sitis
314 278 402 305 ntali?
424 278 509 305 llumo
523 279 555 305 de
570 280 636 306 bono
659 279 781 306 t/tcsauro
803 279 889 306 cordis
915 280 956 306 sui

171 327 271 360 profert
289 326 367 357 bona,
383 330 407 352 et
426 326 512 353 malus
533 327 609 352 homo
627 326 658 353 de
675 325 745 352 malo
757 326 879 352 thesauro
896 334 956 359 pro-

151 392 157 398 .
173 372 224 406 fert
245 372 340 404 malit;
364 379 396 398 ea:
415 372 578 398 abundantia
593 372 661 397 enim
680 372 765 398 cordis
781 379 809 397 os
829 372 956 406 loquitur.

174 418 250 450 Quod
269 419 302 444 ita
320 425 334 444 a
352 417 462 445 Christo
477 418 579 444 dictum
596 418 737 452 accipitur,
753 423 781 444 ιιι
798 417 958 451 plerumque

175 464 209 490 ita
229 464 388 496 nsuveuiat;
406 470 431 490 ct
449 463 613 497 experientia
632 463 736 495 doceat,
751 470 803 490 non
817 469 894 497 posse
904 467 957 489 tam

173 512 218 537 diu
235 511 351 545 aliquem
366 511 400 537 ita
414 512 515 537 vultum
531 514 558 536 et
572 510 722 537 orationem
741 510 852 545 lingere,
865 513 957 535 utnon

173 559 200 584 in
220 558 310 592 aliquo
332 558 438 584 obtecta
471 557 573 583 malitia
601 556 829 591 deprehendatur,
855 561 885 582 ut
906 562 957 582 non

173 611 305 630 venenum
325 603 433 629 tandem
453 602 478 628 in
504 603 558 628 imo
574 601 697 628 residens
720 605 837 628 evomat.
863 599 958 634 Itaque

174 657 235 676 cttm
252 649 279 676 in
298 649 339 676 his
363 647 536 676 sermonibus
553 647 726 682 Theophanis
741 647 864 674 Ceramei
891 647 959 674 nihil

174 696 249 722 illum
264 702 344 730 agere
364 695 450 727 aliud,
466 694 532 721 nihil
549 694 659 721 studere
677 694 793 727 videant,
810 701 891 728 quam
911 701 959 720 au-

175 741 280 768 ditores
303 748 367 767 suos
381 739 414 767 ad
432 740 559 766 virtutem
584 738 733 766 informare
753 743 780 766 et
796 738 959 770 incendere;

174 794 236 814 eum
264 793 372 812 omnem
394 785 602 819 explicationem
621 784 758 818 Evangelii
779 783 812 810 ad
832 775 960 810 virtutum

175 832 398 860 exercitationem
425 831 624 866 utilitatemque
639 831 792 857 auditorum
821 830 855 856 de
877 829 959 856 indu-

178 881 245 907 stria
261 879 421 907 conferatet
437 879 631 910 accommodet,
648 877 768 911 nihilque
780 877 815 904 sit
832 875 961 903 doctrinm

177 926 288 952 moralis
302 925 372 959 quod
391 932 443 951 non
466 931 614 952 consonum
637 923 766 950 doctrinm
787 921 961 954 moribusque

174 975 333 999 sanctorum
349 970 470 1003 Patrum,
487 969 552 996 nihil
565 969 635 1004 quod
653 976 704 996 non
712 969 798 995 Solum
808 967 870 993 vitia
887 967 961 993 dant-

175 1017 418 1051 netvirtntcmquc
443 1015 628 1046 commendet,
654 1015 700 1041 sed
724 1014 806 1040 etiam
825 1019 959 1039 summum

175 1064 303 1099 perfecta
316 1062 425 1089 virtutis
439 1062 542 1096 apicem
559 1065 676 1096 spectet,
694 1061 774 1095 idque
788 1066 886 1093 magno
899 1063 959 1083 cum

177 1108 256 1135 animi
270 1108 369 1139 studio,
386 1113 465 1133 sensu
482 1111 564 1140 atque
577 1106 672 1132 ardore
684 1106 782 1139 saepius
797 1110 824 1131 et
843 1102 961 1136 graviter

175 1153 336 1179 inculcatum
363 1152 588 1184 animadvertam,
614 1151 725 1178 credere
750 1150 816 1177 mihi
841 1147 961 1184 proiecto

173 1198 247 1228 licet.
266 1205 312 1224 eas
324 1198 350 1224 in
365 1205 394 1224 se
405 1198 560 1224 exercuisse
582 1197 707 1228 virtutes,
733 1199 761 1223 et.
775 1194 871 1222 fecisse
887 1194 962 1229 prius

175 1251 256 1278 quam
281 1243 428 1277 docuisse;
455 1248 483 1271 et
505 1251 566 1271 eum
583 1251 679 1271 omnes
700 1242 816 1270 homilize
833 1242 961 1276 pietatem

176 1289 407 1322 sanctitatemque
432 1287 617 1315 Christianam
632 1292 658 1315 et
673 1287 826 1321 religiosam
846 1286 960 1320 spirent,

174 1334 248 1368 pium
266 1334 355 1361 itidem
374 1341 404 1361 ac
421 1333 574 1367 religiosum
591 1339 651 1360 eum
675 1331 758 1358 fuisse
777 1331 876 1357 virum.
906 1329 960 1357 Sed

175 1386 236 1406 cum
261 1379 295 1406 de
319 1379 392 1406 omni
419 1378 547 1406 virtutum
567 1384 664 1412 genere
691 1376 717 1403 id
748 1375 804 1402 fieri
830 1375 961 1409 judicium

175 1425 265 1458 liceat,
283 1430 356 1452 certe
371 1424 403 1451 de
416 1423 576 1455 humilitate,
589 1429 648 1457 qua:
663 1422 780 1448 maxime
795 1425 835 1448 est
851 1428 960 1455 χριστο-

176 1470 307 1505 μίμητος,
322 1474 351 1497 ut
364 1469 484 1496 auctoris
497 1468 578 1495 etiam
594 1468 675 1495 verbo
689 1473 760 1498 utar,
775 1467 807 1493 de
821 1470 962 1499 contemp-

177 1516 248 1543 tione
263 1516 428 1550 voluptatum
447 1515 579 1549 corporis,
596 1515 681 1548 deque
697 1520 800 1540 suntnta
820 1513 961 1546 perturba-

176 1563 277 1589 tionum
293 1562 374 1589 animi
392 1561 514 1594 victoria,
530 1568 608 1595 quam
625 1559 859 1586 mortiﬁcationem
876 1558 960 1585 sancti

175 1613 282 1639 vocant.
298 1613 325 1636 et
343 1607 522 1642 Theophanes
543 1607 579 1633 uti
602 1606 736 1634 Climacus
758 1604 890 1632 ἀπάθειαν
908 1611 960 1630 non

177 1661 231 1680 uno
245 1654 302 1682 loco
314 1653 440 1688 appellat,
454 1653 571 1680 maxima
587 1657 695 1680 exstant
706 1651 820 1685 judicia.
835 1649 915 1677 llotn.
930 1650 962 1676 de

175 1699 289 1727 Zacluro
307 1699 421 1734 (bomil.
435 1700 483 1734 xv)
501 1699 540 1725 sic
563 1697 734 1725 commendat
755 1696 933 1724 humilitatem
952 1705 958 1722 :

175 1745 301 1778 Zacliaze,
325 1746 453 1781 festinans
476 1745 610 1772 descende.
635 1744 784 1779 Anagogico
811 1751 888 1770 sensu
914 1750 960 1768 nos

175 1791 249 1816 docet
276 1789 398 1816 Christus
426 1789 527 1815 nullum
554 1788 628 1814 aliud
653 1788 735 1822 magis
762 1788 881 1813 idoneum
907 1794 962 1812 esse

175 1836 316 1870 paenitendi
337 1836 511 1870 principium,
529 1843 606 1869 quant
628 1835 789 1860 descensum.
813 1833 875 1860 llzt'c
897 1840 961 1859 vero

174 1886 217 1910 est
236 1882 254 1917 ἡ
273 1881 396 1916 μακαρία
411 1880 586 1912 ταπείνωσις,
607 1880 684 1906 beata
705 1879 752 1906 illa
768 1879 914 1909 humi/itas,
929 1885 962 1904 ex

176 1931 284 1956 mli-erro
299 1929 398 1955 diaboli
414 1929 542 1962 superbire
563 1928 692 1961 opposita.
722 1925 764 1952 Vit
784 1925 960 1960 paenitentiam

176 1975 307 2007 attspicari
323 1982 332 2000 .'
346 1975 543 2009 fundamentum
559 1978 582 2000 ct
602 1972 784 1999 inconcussam
805 1972 961 2005 pwnitentiw

175 2022 257 2048 basim
276 2030 341 2054 pone
357 2021 542 2047 humilitatem.
559 2019 700 2051 Descende,
716 2022 744 2045 ut
759 2018 890 2046 atto/laris
910 2017 961 2044 vir-

175 2073 259 2094 tutum
272 2067 322 2094 alis
337 2068 448 2095 let'ntus.
463 2066 588 2093 Eamdem
609 2065 768 2092 humilitatis
787 2064 956 2091 commcnda-

175 2112 275 2138 Iioucm
292 2119 323 2138 ac
337 2111 521 2137 celsitudinem
543 2110 624 2137 habes
640 2110 713 2137 hom.
728 2110 758 2136 de
773 2108 920 2136 Publicano
933 2113 957 2135 et

174 2157 311 2184 Pharist
340 2157 432 2191 (hom.
459 2156 532 2190 xt't).
559 2156 646 2189 Atque
679 2155 720 2181 his
752 2154 860 2188 quidem
895 2154 960 2180 locis

175 2203 293 2230 maxime
310 2203 379 2229 hanc
402 2203 529 2229 virtutem
552 2201 664 2232 extollit,
681 2201 707 2227 in
728 2199 788 2226 aliis
808 2207 871 2226 vero
885 2200 917 2226 de
931 2205 960 2226 se

175 2250 231 2282 ipse
252 2248 447 2275 demississime
471 2247 599 2282 loquitur.
615 2246 693 2272 llom.
708 2248 739 2272 de
754 2245 960 2280 Archisynagogi

173 2295 233 2328 [Elia
255 2299 280 2320 et
305 2293 515 2320 llicmorrltoissa
539 2292 643 2325 (houtil.
670 2293 708 2325 ι),
732 2299 792 2318 cum
818 2291 959 2318 historiam

175 2340 317 2375 ξιιμ-εοτὶςο
341 2347 420 2366 sensu
443 2338 615 2373 explicasset,
638 2338 671 2364 ad
695 2338 868 2372 tropologiam
892 2345 959 2364 con-

174 2392 282 2413 vertens
298 2385 444 2412 orationem
461 2393 467 2411 :
481 2384 533 2412 Sed
546 2384 609 2418 quiti
630 2385 704 2415 abeo,
721 2383 862 2417 iuquit,ad
882 2391 960 2410 voca-

175 2434 270 2461 tioncm
292 2433 454 2460 ethnicorum
476 2437 499 2458 et
521 2432 646 2466 reliquias
666 2431 786 2464 lsraclis,
802 2437 825 2458 et
851 2437 960 2458 externa

176 2481 394 2514 circumspiciens,
413 2487 452 2506 me
468 2481 553 2514 ipsum
573 2488 624 2506 non
647 2480 719 2506 video
739 2479 788 2505 lim:
810 2480 961 2505 narratione

176 2526 354 2560 descriptum?
369 2526 483 2560 Agedum
500 2528 525 2552 in
542 2526 651 2552 historia
669 2530 792 2560 tauquam
814 2526 840 2551 in
858 2526 960 2559 speculo

176 2573 287 2607 ﬁgamus
301 2572 384 2598 aciem
399 2572 502 2605 utentis,
514 2575 537 2597 et
563 2572 738 2604 unusquisque
752 2577 867 2597 nostrum
886 2571 960 2597 misr

177 2626 234 2643 ram
257 2618 352 2644 animo:
369 2625 423 2644 sum
443 2617 617 2643 cont/isioncnt
640 2617 837 2648 animadvertat,
859 2621 910 2643 etc.
928 2617 960 2643 Et

179 2662 288 2689 humilia
312 2663 343 2688 de
365 2671 394 2688 co
414 2663 458 2696 qui
480 2663 571 2688 iuciu‘it
595 2662 622 2687 in
645 2662 757 2688 latrones
783 2661 886 2696 (homil.
911 2663 958 2689 ωε

179 2709 256 2736 Felix
272 2709 352 2743 igitur
368 2710 411 2735 ille
427 2709 519 2735 doctor
533 2708 577 2742 qui
595 2709 719 2735 doctrina:
739 2709 861 2735 denarios
877 2709 961 2735 adau-

178 2755 256 2787 gebit,
271 2754 396 2781 nimirum
411 2762 468 2781 cum
483 2754 558 2781 t't’lltli
571 2755 602 2780 de
615 2763 641 2781 re
653 2763 699 2780 sua
713 2754 853 2781 domestica
867 2761 958 2780 sanum

655 129 854 160 FRANCISCI
874 130 1005 161 SCORSI
1025 129 1241 162 PRO(EMIUM
1261 133 1302 162 ΙΙ.

1008 188 1110 214 rerbum
1127 194 1149 214 ct
1169 190 1247 215 vitam
1263 189 1338 216 verbo
1357 194 1555 216 consentaneum
1570 189 1734 221 impenderit,
1751 191 1793 216 in-

1008 233 1094 267 fclices
1116 242 1176 260 vero
1200 243 1287 261 omnes
1310 243 1340 261 ac
1357 235 1628 269 ntiserabiles,ju1ta
1652 241 1730 270 atque
1748 245 1795 271 ego

1008 287 1082 309 sum,
1108 281 1152 314 qui
1177 281 1291 307 inaniter
1313 282 1339 308 in
1365 290 1425 308 aere
1446 287 1633 316 perstrrpmttcs
1657 283 1733 317 quasi
1758 291 1794 308 (cs

1008 333 1104 352 sonans
1129 329 1175 352 aut
1200 327 1347 361 cymbalum
1374 328 1487 354 tinniens
1515 328 1651 354 dimidium
1676 327 1795 361 cfﬁiiunt

1008 371 1090 402 operis
1113 370 1184 403 boni,
1204 377 1227 398 et
1249 372 1306 406 ejus
1326 373 1396 406 quod
1419 374 1586 406 pra'stantius
1609 377 1657 402 cst,
1678 377 1796 406 expertes

1009 421 1123 444 manent.
1143 416 1246 444 Similia
1272 418 1352 444 ltahet
1377 419 1449 445 hom.
1468 420 1499 446 de
1525 419 1556 446 S.
1578 419 1703 453 Philippo
1727 419 1798 453 (Iu-

1008 462 1065 489 mil.
1091 464 1192 496 XLIX):
1216 462 1344 498 Equidcnt
1365 472 1411 499 ego
1425 472 1543 498 cuperem
1572 465 1606 490 ad
1635 465 1796 490 hortandum

1009 507 1088 533 vitam
1111 513 1171 533 ante
1193 516 1269 540 quam
1294 508 1369 535 verba
1396 516 1556 542 proponere;
1579 510 1619 536 Itic
1638 509 1706 534 enim
1729 511 1798 534 ωερε

1009 554 1096 587 aptior
1115 554 1225 580 docendi
1241 555 1342 585 modus,
1360 556 1382 582 si
1398 557 1481 582 t-erlvis
1503 556 1554 582 uita
1568 555 1713 582 concineret
1725 562 1737 584 ξ
1752 554 1798 579 sed

1009 600 1130 632 quoniont
1146 600 1225 626 vitam
1239 600 1359 626 omnibus
1374 606 1537 634 peccatorum
1554 602 1663 626 maculis
1677 604 1799 626 notatam

1009 645 1138 679 profero,
1162 653 1193 672 ne
1216 646 1304 672 videar
1329 651 1414 672 tamen
1440 646 1500 673 huic
1524 646 1668 673 celebritati
1692 645 1800 671 inutilis

1009 691 1148 723 exstitisse,
1161 699 1208 725 age
1217 692 1274 726 jam
1289 692 1410 725 Apostolo
1423 693 1588 727 deprecatore
1603 693 1729 726 conﬁsus,
1744 697 1799 717 etc.

1012 736 1048 763 lix
1068 737 1109 764 his
1124 743 1190 764 sane
1205 737 1305 770 verbis,
1319 738 1400 765 etiam
1424 746 1477 764 non
1495 739 1725 765 animadverteute
1745 745 1801 768 me,

1013 783 1194 817 unusquisque
1216 783 1310 814 lcetor.
1335 784 1385 811 nisi
1409 784 1607 812 simulationem
1630 784 1801 811 venditatio-

1010 836 1124 863 nemquc
1141 830 1259 861 virtutis,
1275 834 1304 856 ut
1321 831 1352 857 de
1370 830 1537 865 philosophis
1555 831 1650 864 priscis
1667 829 1801 857 arbitrari

1010 875 1083 906 Velit,
1108 880 1210 910 quanta
1234 876 1348 904 dicentis
1370 877 1405 904 sit
1427 876 1522 908 virtus,
1535 883 1634 910 quanta
1656 876 1803 903 humilitas

1011 927 1153 956 agnoscat;
1169 926 1196 948 et
1212 921 1274 948 illud
1294 923 1439 955 prtesertim
1455 931 1507 958 quo
1523 923 1557 950 de
1571 923 1685 957 agimus.
1702 922 1802 949 docto-

1011 975 1064 994 rem
1078 968 1176 994 bonum
1189 975 1248 994 cum
1261 975 1326 995 sano
1337 969 1416 995 verbo
1428 969 1509 995 vitam
1522 968 1684 1002 conjungere
1697 967 1802 994 bonam

1009 1018 1150 1047 oportere;
1167 1013 1237 1048 quod
1254 1021 1315 1040 cum
1332 1014 1365 1040 ita
1381 1014 1473 1041 doceat
1490 1022 1521 1040 ac
1535 1013 1644 1042 sentiat.
1661 1013 1698 1039 ita
1713 1011 1803 1038 etiam

1010 1067 1039 1084 re
1060 1059 1117 1092 ipsa
1137 1066 1197 1086 eum
1211 1059 1370 1093 praestitisse
1385 1063 1594 1086 consentaneum
1609 1063 1650 1085 est
1662 1057 1804 1091 judicare.

1009 1103 1067 1130 Jam
1084 1104 1155 1143 hom.
1176 1104 1207 1130 de
1222 1103 1347 1131 Zacc/uro
1364 1105 1400 1131 ita
1421 1104 1539 1138 loquitur
1555 1103 1641 1138 (hom.
1664 1104 1709 1136 xv)
1735 1112 1742 1129 :
1769 1101 1804 1128 Et

1011 1149 1131 1176 altiorem
1145 1157 1207 1176 sane
1220 1151 1393 1185 anagogirum
1411 1158 1513 1176 scnstnu
1531 1149 1691 1184 perscrutari
1707 1154 1806 1180 potue-

1011 1201 1072 1224 rttnt
1088 1196 1106 1222 ii
1123 1196 1168 1231 qui
1191 1197 1286 1222 mundo
1309 1201 1369 1222 sunt
1392 1196 1480 1228 corde,
1502 1195 1594 1230 quibus
1617 1196 1647 1221 ob
1671 1195 1805 1221 virtutum

1011 1242 1113 1275 capiam
1129 1250 1145 1268 a
1163 1242 1250 1268 divino
1268 1242 1370 1275 Spiritu
1393 1250 1463 1269 mens
1486 1242 1644 1268 illustratur.
1665 1239 1719 1267 Νοι
1740 1249 1805 1267 vero

1011 1293 1174 1321 peccatorum
1201 1287 1256 1314 tuto
1277 1289 1447 1320 ialuz'rentes,
1471 1295 1517 1322 per
1540 1287 1682 1313 mediocres
1706 1295 1806 1312 sensus

1011 1333 1197 1368 ingrediantur.
1213 1334 1299 1368 Atque
1315 1334 1372 1360 haec
1390 1333 1549 1360 humilitatis
1565 1333 1726 1359 documenta
1748 1332 1805 1358 sint

1012 1380 1085 1407 satis.
1102 1379 1138 1406 De
1151 1380 1306 1414 passionum
1320 1387 1384 1405 vero
1397 1379 1599 1406 mortiﬁcatione
1612 1379 1648 1405 uti
1663 1379 1804 1412 loqua'ur,

1014 1433 1064 1451 non
1078 1429 1119 1452 est
1136 1433 1204 1451 unus
1225 1425 1309 1451 locus.
1325 1424 1384 1451 Iluc
1405 1424 1507 1456 adesto,
1533 1424 1619 1459 inquit
1634 1424 1707 1450 hom.
1722 1424 1759 1449 de
1774 1431 1806 1449 eo

1011 1471 1056 1505 qui
1076 1471 1185 1497 habebat
1215 1470 1341 1505 legionem
1371 1472 1518 1497 dttmonuut
1539 1469 1643 1504 (ltomil.
1658 1469 1707 1503 Ix),
1720 1474 1806 1503 quot-

1011 1522 1072 1550 quot
1091 1521 1213 1551 tanquam
1230 1525 1245 1542 α
1260 1516 1419 1543 ᾱωηιοηὶιιιιε
1435 1515 1473 1542 sic
1489 1523 1504 1542 o
1525 1515 1692 1550 pastionibus
1709 1520 1807 1549 tyran-

1013 1563 1071 1588 nica
1089 1563 1230 1595 premimur
1245 1561 1398 1592 dominatu;
1413 1565 1437 1587 et
1458 1561 1526 1600 (tam:
1546 1560 1683 1586 historiam
1700 1559 1736 1585 ad
1756 1567 1806 1585 nos

1012 1608 1080 1641 ipsos
1094 1606 1316 1634 accommodamus
1331 1615 1341 1634 :
1355 1614 1410 1632 rere
1423 1605 1490 1632 enim
1505 1613 1520 1631 a
1536 1605 1635 1640 legione
1648 1604 1775 1630 da'monu
1788 1612 1804 1628 ιι
1822 1634 1826 1638 .

1011 1654 1168 1686 possidetur,
1183 1653 1227 1688 qui
1248 1657 1412 1686 peccatorum
1430 1651 1599 1678 multitudine
1619 1650 1763 1685 premitur,
1777 1654 1804 1676 et

1012 1705 1106 1727 ctetcra
1126 1699 1247 1734 legantur
1261 1698 1288 1726 in
1302 1698 1399 1733 quibus
1422 1697 1632 1732 uniuscujusque
1652 1696 1804 1730 passionis,

1012 1745 1161 1780 prrcsertiut
1175 1751 1238 1772 vero
1254 1744 1310 1775 irae,
1328 1743 1524 1770 deformitatem
1544 1743 1659 1769 maxime
1675 1741 1804 1775 depingit

1012 1797 1039 1818 et
1051 1791 1208 1818 detestatur.
1222 1790 1280 1816 Alia
1293 1790 1374 1816 etiant
1389 1789 1519 1816 virtutum
1535 1787 1646 1815 aliarum
1663 1787 1764 1814 iudicia
1780 1787 1802 1813 si

1013 1845 1066 1864 non
1088 1844 1227 1870 expressa,
1250 1841 1323 1863 certe
1345 1835 1502 1862 adumbrata
1525 1833 1612 1869 quivis
1634 1833 1717 1860 etiam
1743 1833 1805 1859 sine

1012 1891 1070 1910 mea
1087 1883 1136 1910 hac
1156 1882 1357 1910 enumeratione
1375 1881 1581 1911 animadvertet,
1605 1887 1664 1914 qua:
1688 1879 1803 1914 quidem

1012 1930 1045 1956 iis
1064 1929 1204 1962 prteditum
1222 1927 1303 1962 huius
1320 1931 1457 1954 auctorem
1475 1927 1563 1961 operis
1581 1925 1714 1953 iudicant.
1733 1925 1804 1952 Illud

1013 1983 1075 2002 vero
1090 1975 1174 2002 solum
1189 1975 1222 2002 ad
1238 1975 1295 2001 haec
1309 1979 1400 2001 nostra
1418 1973 1593 2008 conjectanea
1611 1972 1804 2006 consignanda

1013 2021 1089 2048 nobis
1109 2021 1191 2052 deest,
1217 2027 1289 2048 mors
1311 2021 1371 2046 vitae
1393 2020 1575 2053 doctrinaeque
1596 2023 1803 2049 consentanea,

1013 2068 1046 2094 de
1060 2074 1112 2101 qua
1129 2067 1256 2100 quoniam
1274 2065 1300 2092 in
1319 2064 1473 2099 perturbata
1491 2064 1534 2091 illa
1553 2064 1645 2090 incidit
1664 2068 1805 2097 tempora,

1013 2113 1078 2139 certi
1096 2112 1230 2146 quidpiam
1248 2119 1280 2139 ex
1298 2111 1417 2138 historiis
1434 2110 1475 2138 vel
1493 2109 1680 2137 traditionibtts
1699 2109 1805 2136 habere

1011 2165 1064 2184 non
1081 2157 1226 2191 potuimus.
1243 2157 1274 2183 Et
1289 2157 1351 2190 quid
1367 2157 1462 2183 mirum
1482 2156 1533 2183 hoc
1548 2155 1642 2182 deesse
1660 2155 1687 2182 in
1706 2161 1806 2182 nostro

1011 2203 1186 2236 Theophane,
1208 2211 1267 2230 cum
1293 2202 1350 2237 ejus
1374 2202 1435 2230 vita:
1459 2206 1620 2236 postremam
1646 2206 1757 2235 partem
1777 2206 1807 2227 et

1011 2255 1124 2276 mortem
1148 2250 1292 2276 obscurum
1317 2248 1454 2283 excoperit
1478 2248 1615 2278 szeculum,
1641 2251 1670 2273 ut
1691 2246 1751 2280 jam
1775 2247 1803 2273 in

1011 2295 1142 2329 protentio
1156 2295 1188 2322 ad
1204 2295 1317 2322 lectores
1330 2294 1468 2326 admonui,
1483 2301 1536 2327 quo
1550 2293 1649 2320 saeculo
1664 2300 1755 2327 usque
1769 2293 1803 2318 ad

1010 2340 1175 2367 Clementem
1193 2328 1213 2365 11
1231 2345 1305 2373 pout.
1327 2339 1406 2365 etiam
1430 2343 1502 2373 gesta
1528 2336 1680 2371 pontificum
1707 2337 1733 2362 in
1750 2336 1805 2363 ob-

1012 2394 1091 2414 sruro
1103 2386 1260 2420 incertoque
1273 2389 1345 2416 sunt,
1359 2392 1418 2412 cum
1437 2389 1591 2418 perpetuum
1607 2390 1659 2410 non
1678 2382 1805 2409 habeant

1012 2432 1182 2466 scriptorem,
1198 2436 1224 2458 et
1241 2430 1367 2464 majorem
1384 2437 1492 2457 suorum
1509 2429 1668 2462 scriptorum
1691 2433 1802 2461 partem

1012 2477 1161 2508 amiserint,
1175 2482 1293 2510 tempora
1306 2477 1372 2502 adeo
1384 2476 1498 2502 obscura
1511 2480 1536 2500 et
1549 2474 1650 2500 incerta
1667 2473 1804 2505 habeant,

1012 2529 1041 2550 ut.
1058 2530 1143 2558 neque
1160 2531 1213 2557 qtto
1233 2529 1363 2557 tempore,
1381 2530 1465 2555 neque
1482 2528 1536 2556 quo
1553 2520 1624 2552 loco,
1641 2527 1731 2554 neque
1747 2528 1804 2554 quo

1012 2571 1106 2597 ordine
1119 2571 1208 2603 aliqua
1225 2570 1405 2596 Romanorum
1422 2568 1577 2602 pontificum
1593 2567 1702 2594 nomina
1722 2575 1806 2601 repe-

1014 2617 1118 2644 riantur
1134 2616 1199 2643 satis
1222 2616 1322 2650 liqueat
1339 2624 1346 2642 :
1362 2615 1434 2650 quod
1458 2614 1578 2648 deplorat
1594 2613 1758 2640 Ciacconius
1777 2613 1803 2639 in

1017 2663 1083 2689 Vitis
1106 2663 1260 2696 pontiﬁcum
1290 2661 1415 2689 ctlitéoais
1443 2667 1585 2696 postremae
1609 2661 1634 2687 in
1661 2660 1723 2687 Vita
1751 2660 1803 2687 Ni-

1011 2708 1078 2735 col..i
1094 2709 1113 2740 l,
1126 2709 1169 2742 qui
1183 2716 1214 2734 eo
1228 2713 1347 2743 tempore
1360 2707 1452 2734 Roma:
1466 2707 1535 2734 sedit
1548 2714 1603 2742 quo
1617 2706 1804 2741 Theophanes

1013 2759 1104 2781 “03101.
1123 2754 1238 2781 vivebat.
