1874 3055
155 127 208 159 119

154 191 208 211 non
222 191 285 211 raro
307 183 456 218 litteralcs,
479 186 525 213 sed
552 187 710 221 plerumque
733 187 850 223 mystici,
876 187 938 214 alle-

154 229 257 263 gorici,
284 230 462 265 tropologici,
488 233 629 267 anagngici
648 241 662 260 a
689 234 778 261 verbis
801 235 939 269 Evangelii

154 280 307 306 eruuntur,
335 283 403 310 quos
428 277 459 303 ad
484 278 668 306 informandos
697 279 864 312 potissimum
891 280 941 313 piis

157 321 279 349 ntoribus
292 326 319 348 et
332 321 487 349 Christiana
502 323 666 356 perfectione
684 325 820 354 auditores
835 332 941 352 accom-

157 367 259 394 modat.
287 367 375 395 Erunt
400 368 481 402 igitur
500 369 525 396 hi
548 374 574 396 et
596 370 682 397 sacris
705 371 940 398 concionatoribus

153 412 244 446 utiles,
261 420 329 447 quos
346 414 459 441 afferant
475 416 507 441 ad
525 415 661 449 populum,
681 420 706 442 et
722 416 831 450 privatae
844 417 940 451 cuique

154 459 288 492 spirituali
303 460 399 487 animae
415 462 522 488 utilitati
540 462 747 489 accommodati.
764 462 792 489 Si
810 463 855 497 qui
874 470 939 490 vero

155 504 212 538 (qui
228 505 336 539 quidem
356 507 498 534 admodum
514 507 589 542 pauci
605 510 679 543 sunt)
696 508 846 543 singulares
861 509 939 543 hujus

155 552 276 579 auctoris
294 560 390 580 sensus
404 553 553 581 admirandi
579 555 667 589 potius
683 563 762 590 quam
779 556 938 590 recipiendi,

152 599 220 626 etin
250 599 386 634 publicum
413 592 625 629 nofreferendi
654 602 804 635 videantur,
829 611 843 630 a
861 604 939 630 nobis

153 645 180 672 in
209 645 280 672 notis
307 646 570 679 animadvertuntur,
597 652 625 674 ut
650 656 683 675 ne
710 653 810 676 temere
832 654 858 676 et
882 650 939 676 sine

154 690 258 718 delectu
275 691 307 718 iis
324 692 458 726 quispiam
477 697 579 719 ulatttr.
597 693 779 721 Coneionandi
797 695 938 722 methodus

153 736 213 763 haec
228 741 269 764 est
284 736 319 763 illi
338 736 480 765 familiaris
493 747 500 766 2
511 739 670 773 prooemium
690 740 771 767 breve
786 741 936 775 prmmittit,

151 784 265 816 petitum
282 784 324 811 vel
342 783 376 811 ab
392 784 450 818 ipso
466 791 625 820 argumento
645 791 672 814 et
686 788 838 822 evangelica
853 789 938 816 histo-

153 829 192 855 ria
204 837 214 856 ι
229 829 268 856 vel
286 829 358 864 quod
377 837 431 858 non
451 839 522 862 raro,
538 840 551 858 a
567 832 636 865 loco,
654 837 784 867 tempore,
801 835 940 861 cientibus

152 875 448 912 eireumstantibusque
473 879 572 911 rebus;
600 884 627 906 et
651 887 735 914 usque
759 881 825 906 adeo
848 885 889 907 est
904 880 941 907 iili

153 921 302 955 legitimum
328 923 366 949 uti
387 925 539 958 protentio,
564 929 593 952 ut,
617 925 643 952 in
667 926 775 953 homilia
793 926 825 953 de
848 926 942 954 Sama-

156 968 247 996 ritana
275 968 381 1004 (homil.
408 973 544 1004 xxxvnt),
569 979 628 998 eum
661 967 757 1006 pt'zeter
782 981 882 1000 morem
908 974 941 1000 ab

158 1014 217 1048 ipsa
233 1021 261 1041 re
276 1018 303 1041 ct
316 1014 430 1042 historia
448 1015 528 1042 vellet
551 1016 651 1049 ordiri,
676 1024 844 1052 praeoccupat
866 1018 941 1044 audi-

157 1065 246 1086 torutn
272 1060 501 1094 exspectationem
528 1065 554 1088 ct
586 1062 809 1097 άπρθοιμιάστως
835 1069 941 1090 moneat

154 1105 206 1132 sibi
225 1102 419 1140 incipiendum.
441 1107 543 1134 Deinde
558 1107 678 1135 recitatis
700 1109 830 1143 evangelii
850 1116 883 1136 eo
899 1109 942 1136 die

154 1153 273 1186 pra-lecti
300 1153 394 1187 primis
408 1154 515 1186 verbis,
532 1162 612 1188 qnam
627 1161 686 1181 cum
709 1154 790 1182 rebus
805 1163 818 1181 a
834 1155 942 1181 Christo

153 1203 217 1226 ante
239 1199 321 1233 gestis
335 1204 362 1226 et
388 1200 522 1227 enarratis
547 1201 580 1228 ab
596 1201 767 1236 evangelistis
790 1208 821 1228 ea
845 1209 943 1229 conse«

153 1244 291 1272 cntionem
305 1245 446 1278 habeant,
464 1247 556 1281 utique
573 1247 746 1280 cohaereant,
765 1249 841 1282 quasi
856 1249 942 1275 altero

154 1291 268 1318 exordio
278 1310 285 1323 ,
301 1292 342 1318 vel
357 1292 445 1326 potius
460 1293 628 1327 expositione
649 1294 804 1321 summatim
827 1301 896 1329 saepe
909 1295 943 1322 ob

154 1337 246 1365 oculos
261 1338 336 1372 ponit
351 1347 358 1371 ;
377 1343 433 1366 tum
450 1339 482 1366 ad
502 1339 559 1373 ipsa
572 1340 654 1367 verba
679 1341 843 1368 cnucleanda
866 1349 942 1368 acce-

154 1383 212 1415 di-t,
234 1384 350 1418 quibus,
369 1390 399 1411 ut
421 1385 496 1417 dixi,
523 1385 635 1414 litterali
659 1391 686 1414 ct
710 1387 838 1414 historico
862 1394 941 1414 sensu

159 1429 293 1463 explicato
308 1430 424 1457 libenter
440 1432 472 1457 ad
491 1432 618 1466 mysticos
633 1437 659 1459 et
672 1433 787 1460 morales
801 1433 939 1466 dilabitur,

139 1482 258 1509 ~eosque
272 1480 299 1502 et
322 1475 348 1502 in
365 1475 424 1509 ipso
440 1476 555 1503 decursu
579 1477 712 1504 sermonis
729 1478 897 1513 perspergit,
914 1484 941 1506 et

155 1521 309 1554 praesertim
328 1521 356 1548 in
378 1523 531 1556 perorando
556 1527 638 1549 totam
663 1518 803 1550 historiam
824 1531 941 1560 evange-

155 1566 236 1594 licam
256 1574 303 1594 seu
328 1567 411 1594 vitam
430 1568 502 1595 illius
525 1569 613 1596 sancti
640 1569 715 1602 cujus
732 1569 801 1597 festo
815 1570 857 1597 die
871 1571 943 1598 dicta

155 1613 279 1645 homilia,
299 1615 394 1648 paucis
408 1615 470 1642 item
487 1616 660 1650 perstrictam
678 1616 711 1643 ad
725 1616 880 1652 allegoriam
896 1624 943 1645 seu

156 1659 335 1695 tropologiam
360 1661 497 1688 subtiliter
522 1670 574 1688 non
592 1662 680 1690 minus
694 1670 774 1697 quam
791 1663 901 1696 utiliter,
918 1668 945 1691 et

157 1706 202 1739 pie
218 1706 298 1741 juxta
325 1711 407 1742 atque
431 1707 570 1742 ingeniose
596 1709 723 1736 transfert
738 1719 745 1736 :
763 1710 787 1736 in
804 1717 858 1744 quo
880 1710 947 1736 nihil

158 1752 231 1779 aliud
245 1753 413 1787 propositum
429 1753 528 1786 habet,
544 1761 624 1788 quam
645 1755 741 1788 juvare
755 1760 782 1782 et
805 1755 947 1783 instituere

159 1805 269 1825 suorum
297 1800 451 1834 auditorum
474 1801 590 1828 animos.
617 1801 693 1834 Quod
719 1803 778 1837 ejus
802 1803 947 1831 consilium

158 1843 251 1872 minus
279 1845 465 1873 consideranti
491 1846 587 1874 lectori
614 1848 705 1882 aliqua
730 1848 845 1876 fortasse
871 1850 949 1884 longe

156 1890 259 1923 petita,
283 1896 310 1918 et
337 1899 389 1918 non
407 1896 462 1918 tam
479 1898 637 1920 emttnctum
656 1895 787 1922 doctrinm
808 1895 850 1922 lac
868 1903 948 1930 quam

156 1937 268 1971 sanguis
288 1936 394 1965 elicitos
418 1938 505 1965 videri
530 1940 640 1973 poterit.
665 1939 841 1975 Etymologiie
858 1941 950 1968 itidem

156 1989 183 2010 et
197 1983 406 2018 supputationcs
421 1987 597 2012 numerorum
613 1986 727 2014 subtiles
741 1987 853 2014 nimium
865 2008 872 2020 ,
889 1995 953 2015 sen-

159 2037 245 2063 saqne
272 2031 306 2057 ab
324 2030 356 2057 iis
380 2031 404 2057 vi
432 2036 525 2058 exorta
553 2032 642 2066 potius
669 2037 696 2059 et
721 2034 844 2067 precario
869 2035 952 2068 petita

156 2082 238 2107 quam
264 2081 360 2109 sponte
387 2081 448 2102 nata
470 2078 601 2104 censebit.
629 2077 681 2105 Sed
709 2078 841 2111 ejusmodi
865 2080 948 2107 multa

157 2125 267 2152 quoque
283 2119 309 2146 in
328 2119 389 2147 aliis
402 2119 528 2148 Patribus
553 2126 607 2148 tum
631 2122 748 2156 Graecis,
767 2128 822 2151 tum
844 2124 948 2152 Latinis

158 2165 370 2199 deprehenderit
387 2167 432 2200 qui
447 2167 561 2201 legerit;
586 2176 645 2203 quae
659 2177 723 2197 sane
739 2177 791 2197 non
813 2179 874 2198 cum
893 2177 948 2199 sto-

159 2211 258 2238 macho
274 2212 433 2247 rejicienda.
450 2213 498 2240 sed
514 2221 573 2241 cum
598 2222 630 2242 eo
647 2216 754 2249 pictatis
771 2224 852 2244 sensu
878 2218 948 2245 reci—

159 2257 256 2290 pienda
288 2266 350 2286 cum
374 2267 427 2293 quo
452 2259 542 2291 dicta,
569 2265 596 2288 et
621 2261 659 2288 uti
688 2270 702 2288 a
734 2262 776 2296 pia
804 2268 893 2290 tuente
917 2271 948 2292 ac

115 2313 120 2316 -
160 2307 271 2337 pectore
304 2304 408 2331 ea-lesti
429 2305 568 2340 sapientia:
584 2306 686 2334 imbuto
701 2307 820 2342 profecta
833 2328 840 2340 ,
866 2316 947 2337 vene-

162 2349 248 2376 randa
268 2355 341 2377 sunt.
363 2350 457 2385 Neque
477 2359 542 2379 vero
563 2353 676 2387 sapienti
703 2361 734 2381 ac
754 2354 828 2388 justo
858 2363 948 2382 rerum

161 2395 333 2429 xstimatori,
352 2404 413 2430 quas
430 2398 463 2424 at)
481 2398 599 2433 antiquis
616 2398 741 2426 Patrilms
757 2399 855 2427 tradita
876 2406 948 2433 sunt,

165 2448 229 2467 cum
249 2442 368 2470 nondum
386 2442 539 2471 Christiana
564 2445 686 2472 doctrina
710 2453 742 2473 eo
766 2446 949 2481 amplitudinis

164 2487 355 2524 claritatisqne
379 2495 559 2523 processerat,
574 2498 604 2518 ea
629 2499 661 2519 ex
684 2498 776 2520 nostro
796 2500 853 2520 azvo
867 2493 951 2520 dime-

163 2534 252 2561 tienda
276 2543 354 2570 :qtto
370 2544 453 2564 aureo
467 2545 531 2565 sane
558 2539 680 2566 videmus
705 2539 837 2573 explicata
861 2541 949 2567 omnia

162 2583 192 2606 et
207 2579 341 2608 illustrata
353 2601 360 2614 ,
377 2590 438 2609 cum
455 2587 481 2610 ct
509 2584 534 2610 in
556 2584 733 2612 scholasticas
754 2585 951 2620 disputationes

164 2626 280 2654 deducta
296 2647 304 2660 ,
330 2633 357 2655 et
378 2630 531 2664 exagitata,
550 2635 576 2657 et
603 2631 628 2657 in
654 2631 741 2658 sacris
763 2632 949 2665 concionilms,

165 2679 279 2705 quarunt
293 2672 449 2701 Christiano
465 2675 561 2709 populo
579 2677 662 2704 multo
685 2678 770 2712 major
787 2686 858 2705 nunc
873 2679 950 2713 copia

165 2720 216 2747 est,
234 2718 390 2752 pervulgata
413 2724 439 2746 et
451 2719 592 2748 decantata
609 2722 681 2753 sint,
704 2727 768 2750 tunc
790 2729 869 2751 crant
895 2724 949 2758 ple-

165 2769 255 2796 raeque
267 2763 403 2798 injinajore
416 2766 501 2799 pretio
514 2771 540 2793 et
555 2768 630 2802 quasi
640 2769 787 2803 peregrina:
802 2771 950 2803 SCIIlettlilB,

168 2816 227 2842 qua:
250 2817 322 2836 nunc
339 2811 409 2837 domi
426 2817 594 2844 nascuntur,
612 2819 639 2840 et
661 2815 821 2842 assiduitate
837 2816 894 2850 ipsa
910 2817 951 2843 tli-

167 2854 244 2882 cendi
264 2862 316 2883 non
333 2856 399 2884 tanti
423 2863 495 2886 sunt.
513 2858 564 2887 Sed
581 2859 617 2886 illi
642 2861 717 2888 rudia
734 2860 909 2891 fundamenta
926 2868 952 2892 et

647 131 848 162 FRANCISCI
869 132 1000 162 SCORSI
1021 132 1237 162 PROOEMIUM
1257 131 1316 162 III.

1738 133 1788 164 1Ξο

996 187 1091 214 rudera
1105 187 1163 222 ipsa
1176 186 1310 220 jecerunt,
1329 194 1377 214 ttOs
1401 195 1483 222 super
1496 195 1528 215 ea
1543 187 1687 222 quadratos
1702 196 1786 223 expo-

994 233 1113 267 litosque
1138 233 1261 267 lapides,
1289 234 1432 260 Corinthia
1461 234 1590 268 loniaque
1624 241 1785 262 ornamenta

994 280 1193 314 coronidesqtte
1219 279 1461 306 exmditicavimus.
1480 278 1508 306 Id
1531 279 1614 306 etiam
1641 287 1675 306 ex
1699 279 1786 306 forma

993 329 1021 352 et
1034 325 1196 352 charactere
1211 325 1316 352 dicendi
1331 325 1448 359 judicari
1463 330 1561 359 potest,
1574 333 1655 359 quam
1671 326 1787 360 simplex

993 371 1038 398 ille
1061 371 1207 406 nativoque
1226 371 1318 399 colore
1340 371 1466 405 cultuque
1492 371 1611 404 decens,
1627 379 1707 406 quam
1734 380 1787 398 non

994 417 1098 444 fucatus
1133 421 1159 444 et
1186 417 1356 451 phaleratus.
1382 417 1436 445 Sed
1463 417 1539 444 illum
1567 418 1592 444 in
1613 417 1790 452 ngteophaue

994 471 1096 490 morem
1120 464 1262 497 antiquum
1287 463 1350 490 licet
1377 463 1600 490 animadvertere.
1627 462 1719 491 Genus
1745 463 1785 489 di-

992 509 1069 535 cendi
1087 507 1112 534 in
1130 508 1179 535 hoc
1193 513 1300 535 oratore
1318 508 1449 542 liquidum
1465 513 1506 535 est
1523 513 1550 535 et
1562 510 1664 542 :sponte
1681 508 1786 540 fusum,

996 559 1023 580 et
1040 561 1100 580 cutn
1117 553 1228 581 lenitate
1241 553 1356 588 Quadam
1373 554 1499 588 aequabili
1516 554 1661 588 proﬂuens,
1675 554 1790 581 omnino

991 600 1070 634 quale
1101 600 1327 635 ἀπροοιμιάστως
1342 601 1430 627 decet.
1458 599 1528 627 Sunt
1551 601 1623 627 enim
1648 601 1690 627 ha:
1711 601 1791 627 dida-

991 649 1067 675 cticae
1095 655 1163 682 quas
1178 647 1212 674 ad
1235 647 1385 674 docendum
1401 652 1427 674 ct
1447 648 1633 675 instruendum
1657 648 1790 682 populum

994 692 1081 719 bonus
1105 699 1136 719 ac
1167 692 1226 725 pius
1247 692 1391 726 episcopus
1415 693 1528 725 habuit,
1553 700 1606 720 non
1630 697 1722 720 tamen
1742 700 1791 727 pe-

991 738 1098 765 destres
1123 742 1150 765 et
1170 737 1305 770 indoctze,
1325 745 1374 765 nec
1390 738 1545 765 dissolutae:
1567 734 1616 765 nec
1632 738 1706 765 enirn
1727 746 1790 772 gra-

993 785 1094 815 vitate,
1127 783 1310 811 concinnitate
1335 789 1526 819 concentuque
1553 791 1790 816 numerorum,et

993 831 1108 858 modicis
1140 830 1269 858 oratoriis
1293 830 1430 857 coloribus
1465 836 1575 862 carent,
1600 832 1648 858 sed
1677 836 1740 865 qua:
1765 831 1791 857 in

994 884 1111 911 corpore
1130 877 1201 904 bene
1214 884 1229 904 a
1250 881 1347 903 natura
1369 876 1519 904 constituto
1537 876 1630 903 innata
1643 896 1651 908 ,
1676 884 1733 904 non
1750 877 1792 903 in-

993 924 1092 957 ducta,
1122 930 1206 950 succo
1233 923 1418 957 sanguineque
1449 923 1506 958 ipso
1537 922 1721 954 exsistentia,
1739 930 1792 949 non

994 971 1129 997 accercita
1144 974 1191 997 attt
1211 970 1359 997 adventitia
1373 977 1436 997 esse
1453 969 1606 996 videantur.
1623 968 1679 996 Nec
1695 969 1793 1003 ﬁguris

993 1024 1039 1043 seu
1056 1017 1203 1043 luminibus
1214 1024 1303 1043 rerum
1318 1021 1401 1043 caret.
1416 1015 1502 1043 liabet
1517 1015 1660 1050 aliquando
1670 1016 1792 1050 σωροὺς,

993 1062 1115 1090 emnulos
1130 1062 1275 1089 verborum
1299 1067 1326 1088 et
1345 1069 1448 1090 rerum.
1470 1061 1684 1096 Παρονομασῐας
1705 1066 1793 1092 amat,

993 1113 1018 1135 ct
1040 1107 1158 1134 ἰσόκωλα
1169 1127 1176 1138 ,
1194 1112 1220 1134 et
1239 1107 1430 1142 ὁμοιοτέ).ευτα
1442 1127 1450 1140 ,
1469 1112 1498 1134 et.
1516 1107 1691 1142 ὁμοιόπτωτα
1703 1126 1712 1138 ,
1729 1115 1792 1140 qua:

995 1162 1008 1180 a
1029 1153 1133 1180 Latinis
1161 1153 1253 1188 figura:
1281 1154 1651 1186 dicuntur,-alliterationcs,
1673 1154 1795 1179 membra

993 1199 1093 1232 paria,
1123 1197 1245 1224 similiter
1265 1199 1411 1225 desinentia
1443 1198 1616 1232 similiterque
1644 1197 1794 1228 cadentia;

995 1244 1042 1270 sed
1066 1243 1138 1270 nulla
1163 1251 1193 1270 re
1216 1244 1302 1277 magis
1326 1243 1455 1270 delectari
1473 1243 1581 1270 videtur
1598 1251 1678 1277 quam
1695 1242 1795 1270 simili-

996 1288 1106 1321 tudine,
1123 1288 1193 1322 quod
1214 1288 1368 1315 ornamenti
1385 1296 1471 1322 genus
1497 1288 1596 1322 ingenii
1620 1292 1678 1319 est,
1697 1292 1726 1314 et
1741 1287 1795 1313 uti-

994 1333 1080 1360 litatis
1099 1333 1132 1360 ad
1157 1334 1265 1368 captuin
1294 1333 1370 1360 rudis
1394 1333 1479 1368 plebis
1504 1334 1620 1361 eximiae.
1637 1333 1794 1369 Pcrspergit

995 1381 1076 1407 etiam
1091 1380 1174 1411 sales,
1195 1381 1243 1407 sed
1258 1388 1319 1407 cum
1333 1380 1388 1407 sale
1403 1387 1435 1407 ex
1454 1380 1575 1408 historiis
1593 1384 1716 1407 veterum
1730 1401 1738 1413 ,
1760 1387 1794 1407 ex

995 1426 1095 1454 fabulis
1111 1431 1138 1454 et
1159 1427 1303 1454 sententiis
1326 1431 1469 1461 poetarum
1492 1434 1633 1455 sacrorum
1656 1432 1682 1454 et
1700 1426 1794 1460 profa-

992 1480 1101 1505 norum,
1122 1479 1155 1499 ex
1180 1472 1320 1500 dialectico
1343 1473 1420 1506 item,
1434 1473 1646 1506 mathematice,
1672 1472 1795 1507 philoso-

993 1519 1074 1553 phico
1093 1518 1298 1553 theologicoque
1322 1525 1392 1553 penu
1424 1526 1477 1545 non
1509 1526 1610 1553 paucas
1632 1519 1793 1550 doctrinas;

997 1565 1033 1591 ita
1053 1569 1082 1591 ut
1095 1564 1137 1591 his
1151 1565 1277 1591 omnibus
1295 1564 1399 1592 artibus
1413 1569 1439 1592 et
1458 1565 1590 1592 doctrinis
1603 1585 1610 1597 ,
1624 1570 1650 1592 et
1675 1565 1795 1592 lectione

998 1613 1162 1645 scriptorum
1185 1616 1307 1638 veterum
1334 1611 1483 1638 instructus
1506 1612 1628 1646 apprime
1644 1611 1791 1638 videatur:

997 1665 1028 1684 ea
1049 1663 1139 1684 tamen
1166 1665 1198 1685 ac
1214 1657 1363 1691 praesertim
1390 1658 1528 1684 doctrinas
1542 1662 1668 1684 externas
1680 1677 1688 1690 ,
1706 1663 1733 1684 et
1749 1665 1794 1684 co-

1004 1705 1074 1733 lores
1092 1706 1229 1733 oratorios
1243 1713 1291 1740 pro
1305 1713 1334 1732 re
1348 1713 1380 1732 ac
1399 1711 1520 1739 tempore
1537 1704 1656 1737 adhibet,
1673 1712 1726 1732 nec
1737 1705 1794 1731 sine

999 1753 1222 1787 praemunitione,
1263 1753 1343 1788 idque
1367 1761 1416 1788 pro
1438 1757 1573 1787 potestate
1599 1753 1690 1787 potius
1714 1761 1793 1786 quam

1000 1807 1049 1832 pro
1074 1799 1212 1833 voluptate
1241 1807 1273 1827 ac
1298 1800 1437 1832 vanitate;
1456 1806 1505 1826 nec
1533 1806 1564 1826 ea
1593 1803 1648 1825 toto
1675 1799 1795 1833 thylaco,

1002 1849 1030 1871 ut
1061 1845 1180 1878 dicitur,
1208 1844 1364 1878 cﬂ‘untlere,
1399 1844 1445 1872 sed
1479 1852 1559 1879 parca
1589 1852 1668 1872 manu
1700 1852 1795 1878 prose-

1003 1891 1108 1918 minare
1128 1891 1244 1918 videtur.
1267 1891 1326 1918 Non
1351 1897 1452 1918 temere
1470 1891 1553 1925 igitur
1575 1891 1734 1925 σοφώτατος
1748 1892 1795 1918 καὶ

1004 1936 1224 1971 ρητορικὼτατος
1240 1944 1256 1964 a
1277 1937 1343 1969 suis,
1359 1937 1403 1971 qui
1416 1945 1556 1964 sermones
1573 1937 1644 1970 ejus,
1658 1943 1688 1964 ut
1706 1943 1795 1971 poste-

1006 1982 1082 2009 ritati
1117 1982 1273 2015 traderent,
1300 1983 1520 2017 descripserunt,
1546 1990 1649 2017 suoque
1673 1985 1794 2011 auctoris

1006 2027 1116 2054 nomine
1149 2027 1364 2062 inscripserunt,
1397 2027 1547 2062 appellatus
1581 2033 1633 2056 est.
1663 2028 1794 2056 Claudant

1003 2073 1132 2100 brevibus
1150 2078 1234 2100 totam
1260 2073 1331 2100 hanc
1353 2072 1572 2100 dissertationcm
1585 2093 1593 2106 ,
1615 2078 1642 2101 et
1660 2073 1795 2108 judicium

1004 2128 1094 2148 meum
1122 2121 1209 2148 tribus
1236 2120 1328 2147 verbis
1360 2120 1513 2155 explicabo.
1541 2119 1612 2147 Visae
1638 2125 1701 2148 sunt
1730 2121 1795 2148 mihi

1003 2166 1121 2194 bomilim
1153 2166 1234 2201 hujus
1259 2165 1384 2194 Ceramei
1417 2165 1640 2194 Tauromenitani
1673 2167 1795 2202 episcopi

1002 2213 1053 2248 piae
1081 2232 1088 2245 ,
1124 2212 1210 2239 doctae
1239 2217 1267 2239 et
1300 2211 1460 2247 elegantes,
1494 2217 1575 2247 atque
1607 2213 1676 2240 adeo
1695 2211 1797 2248 ‘dignac

1002 2267 1062 2295 quas
1081 2260 1114 2287 ad
1139 2266 1286 2286 commune
1313 2259 1486 2287 commodum
1515 2264 1542 2287 et
1568 2259 1748 2294 proferantur
1771 2264 1798 2287 et

1001 2307 1185 2342 perlegamur.

1003 2387 1017 2422 §
1035 2386 1068 2414 ll.
1085 2386 1165 2413 Ratio
1182 2395 1244 2414 mss.
1264 2388 1339 2414 codd.
1356 2395 1388 2414 ea;
1401 2388 1498 2422 quibus
1513 2393 1595 2416 erant
1612 2389 1729 2416 humilia:
1746 2397 1754 2417 :
1771 2393 1795 2416 et

1114 2423 1233 2449 nonnulli
1250 2431 1341 2449 earum
1356 2425 1504 2458 superiores
1519 2424 1685 2458 interpretes.

1039 2491 1072 2519 Ut
1086 2499 1140 2526 qua
1154 2491 1204 2518 fide
1215 2498 1246 2518 ex
1263 2499 1330 2519 mss.
1349 2491 1399 2519 has
1415 2491 1542 2519 homilias
1553 2491 1669 2526 publica:
1682 2491 1794 2519 utilitati

1003 2537 1132 2572 legendas
1153 2537 1297 2570 ediderim,
1314 2542 1483 2572 compertum
1499 2538 1545 2570 sit,
1562 2543 1588 2566 et
1603 2545 1658 2572 quo
1672 2538 1796 2573 exemplo

1010 2584 1153 2612 doctorum
1179 2585 1318 2611 hominum
1335 2584 1361 2611 id
1379 2584 1548 2618 perfecerim,
1571 2584 1643 2619 quod
1667 2584 1705 2611 illi
1721 2585 1795 2612 ince-

1003 2635 1122 2666 ptarunl,
1148 2630 1287 2665 expediam
1304 2631 1422 2658 breviter
1433 2631 1484 2658 hoc
1507 2631 1639 2665 prooemio
1656 2638 1663 2657 :
1681 2635 1739 2658 tum
1763 2631 1795 2658 de

1004 2685 1081 2708 mss.,
1098 2682 1153 2703 tum
1168 2676 1202 2704 de
1216 2676 1248 2703 iis
1261 2677 1306 2711 qui
1321 2682 1385 2704 ante
1400 2684 1442 2703 me
1456 2677 1563 2711 aliquas
1579 2684 1611 2704 ex
1629 2676 1671 2704 his
1689 2684 1794 2704 sermo-

1004 2723 1082 2750 nibus
1094 2723 1187 2750 Latine
1199 2723 1326 2756 preloque
1338 2730 1480 2757 expressas
1490 2723 1663 2757 evulgarunt.
1675 2723 1793 2750 Primam

1006 2769 1068 2797 huic
1085 2769 1242 2804 Theophani
1267 2769 1352 2796 lucem
1369 2769 1468 2801 attulit,
1484 2767 1612 2804 quantum
1628 2768 1680 2804 ego
1698 2770 1795 2804 putatis

1005 2814 1129 2842 omnibus
1157 2821 1320 2848 cognoscere
1343 2814 1427 2849 potui,
1454 2814 1618 2842 Franciscus
1643 2814 1794 2842 Turrianus

1005 2871 1019 2891 c
1030 2863 1159 2892 societate
1171 2861 1244 2891 Jcsu.
1258 2862 1307 2890 llic
1319 2862 1346 2891 in
1369 2869 1418 2891 sua
1438 2861 1598 2898 hoplothcca
1612 2869 1665 2890 ms.
1678 2862 1795 2891 codicem
