1874 3055
75 144 110 178 ιρι
545 133 743 172 tinANCtscr
765 140 895 170 sconst
917 139 1132 171 rnounnuu
1152 139 1208 171 III.

75 205 150 231 harum
163 199 328 228 bomiliarmn
348 198 519 234 Theophanis
535 199 657 226 Ceramei
677 198 780 231 habuit,
796 205 829 224 ex

74 256 114 284 qua
134 247 305 274 testimonium
332 245 444 280 protulit
469 250 564 271 contra
587 244 830 281 Magdeburgeuses

74 293 248 321 Centuriatorcs
260 291 294 319 de
308 291 425 324 primatu
441 291 470 318 δ.
486 290 556 317 Petri
576 290 746 324 Romanique
766 298 831 325 pou—

76 340 145 366 Iiiicis.
171 338 204 364 Ex
233 339 282 364 hac
309 337 403 364 cadent
438 337 597 371 Iioplotheca
632 336 769 363 homiliam
799 337 830 362 de

75 385 113 412 SS.
131 383 275 418 imaginibus
292 388 431 416 acceptam
451 387 516 410 tom.
539 381 575 407 IX
594 381 738 408 Annalium
760 382 831 408 inse-

75 430 115 456 ruit
125 428 257 455 cardinalis
272 428 413 460 Duronius,
432 427 465 454 ab
483 427 540 461 ipso
558 426 694 454 Turriano
708 426 829 454 Latinam

75 477 161 507 iactam,
173 474 336 502 etaJacobo
358 474 505 502 Sirmttndo
527 474 628 509 aliquot
650 474 715 501 locis
744 473 831 509 perfe-

75 527 146 554 ctam;
159 521 228 554 cujus
243 521 335 547 itidem
347 521 525 548 testimonium
540 521 673 553 integrum
683 520 831 547 referemus

74 575 112 595 suo
124 567 183 595 loco.
206 566 289 599 Quam
308 566 431 592 eamdem
457 565 594 592 homiliam
611 564 728 593 Jacobus
750 564 830 592 Gret-

73 620 132 639 serus
145 617 203 638 tom.
229 611 249 637 ll
265 611 302 637 De
317 619 394 637 crure
409 611 533 637 secundm
544 610 681 642 editionis,
696 615 724 637 ιιι
738 615 830 637 aucta-

75 660 127 686 rium
139 657 231 684 addidit
246 663 306 691 post
322 657 461 684 homiliam
478 655 604 683 Germani
622 657 792 691 patriarelue,
805 661 831 683 et.

75 705 129 731 unde
147 711 198 730 eain
220 703 358 734 habuerit,
381 707 409 730 et
432 710 484 738 qua
508 702 671 730 auctoritate
694 707 831 737 permotus

75 750 175 782 ediderit,
191 748 230 775 his
248 748 339 775 verbis
358 751 472 775 testatur
484 748 516 775 ad
533 756 588 775 rem
609 748 730 775 maxime"
746 748 831 783 perti-

74 796 175 822 nentibus
188 803 194 821 ε
207 793 279 821 Inter
293 795 362 821 alias
375 794 483 821 tre/tedas
498 795 634 821 Iitterarite
648 795 832 828 suppellectilis

75 840 185 867 Francisci
206 839 342 872 Turriani,
366 848 430 873 quas
446 845 506 866 ante
528 840 627 874 aliquot
644 849 727 867 annos
744 841 777 867 ad
793 849 832 868 me

75 885 164 913 miritR.
180 885 209 912 P.
224 885 354 911 Antonius
378 884 544 916 Passerinus,
558 884 641 918 reperi
659 886 726 911 hanc
747 886 831 911 homi-

74 932 144 958 liamu
160 930 283 957 Turriuno
299 939 414 960 versam.
428 935 452 957 et
474 931 583 964 propria
598 938 678 957 manu
696 932 831 964 scriptam,

74 986 133 1011 quam
145 977 234 1003 diutius
251 976 333 1002 latere
359 976 442 1009 nolui,
467 981 520 1002 tum
543 982 647 1010 propter
672 975 833 1002 Turriauum

75 1023 319 1051 riruﬂtdoctiuimum
333 1027 389 1048 tum
399 1027 503 1056 propter
511 1022 765 1057 argumentumun
775 1029 832 1048 eum

74 1062 158 1096 iomilia
180 1067 300 1095 Garatoni
328 1076 438 1102 prorsus
462 1068 599 1094 continent
630 1068 724 1094 merito
749 1067 833 1094 eidem

75 1115 203 1142 inuenitur.
219 1115 279 1142 [lace
294 1114 457 1147 Gretserus;
473 1121 508 1141 ex
529 1114 628 1149 quibus
649 1113 724 1140 vides
741 1113 834 1147 quanti

75 1163 119 1188 haec
138 1161 239 1195 antiqua
264 1161 313 1188 SS.
335 1160 446 1187 Patrum
466 1164 639 1187 monumenta
665 1167 679 1186 a
693 1159 833 1186 litteratis-

75 1208 133 1235 simis
147 1208 204 1234 viris
218 1207 399 1234 aestimentur.
421 1206 493 1234 Idem
519 1205 662 1232 Gretserus
677 1210 742 1231 tom.
759 1205 779 1231 ll
796 1203 834 1230 De

76 1261 132 1280 mtu
152 1253 212 1280 duas
237 1252 366 1280 homilias
396 1250 570 1285 Theophanis
594 1249 715 1277 Ccratnei
741 1249 834 1276 Graece

76 1298 136 1324 simul
148 1301 172 1324 et
185 1297 275 1324 Latine
289 1304 325 1324 ex
343 1305 390 1324 sua
409 1295 632 1330 interpretatione
649 1295 741 1322 edidit.
761 1295 835 1322 Unde

75 1352 110 1370 eas
127 1343 241 1370 habuerit
265 1351 320 1370 non
347 1347 471 1369 testatum
498 1341 603 1375 reliquit
628 1342 655 1367 in
681 1341 762 1372 notis,
788 1341 834 1368 sed

75 1389 174 1423 equidem
191 1397 220 1416 ex
237 1389 332 1417 codice
345 1387 479 1423 Margunii
494 1394 601 1419 censeo,
617 1386 694 1421 cujus
709 1387 744 1413 ibi
761 1394 836 1413 men—

75 1437 152 1462 tionem
172 1435 233 1462 iacit
247 1443 280 1463 ex
298 1435 444 1462 oecasione
461 1434 583 1461 locorum
607 1438 794 1467 corruptorum
808 1437 834 1459 ct

74 1484 99 1508 ab
116 1489 143 1508 eo
162 1482 374 1508 emendaturum.
400 1480 458 1507 Jam
484 1487 548 1507 vero
565 1487 598 1507 ex
623 1479 699 1506 notis
715 1479 834 1512 ejusdem

73 1525 169 1553 Gretseri
186 1526 319 1561 intelliges
337 1526 385 1553 has
404 1525 526 1551 homilias
545 1532 610 1551 mss.
627 1524 731 1551 servari
748 1523 835 1551 Vene-

74 1574 115 1600 tiis.
134 1572 174 1600 Sic
195 1573 264 1600 enim
296 1573 356 1606 ipse
370 1580 377 1598 :
391 1571 427 1598 De
451 1570 603 1604 Theophane
633 1569 758 1597 Cerameo
783 1571 837 1596 Ita'c

74 1617 173 1653 Epitame
193 1618 361 1645 Bibliotheca:
386 1616 555 1644 Gesnerianaz
581 1624 590 1643 :
614 1616 768 1650 Θεοφάνους
790 1615 837 1642 τοῦ

74 1664 202 1701 Κεραμέως
222 1664 328 1699 ὁμιλίαι
349 1664 389 1694 είς
414 1662 570 1696 Εὐαγγέλισ.
592 1661 646 1688 τῶν
669 1661 837 1697 Κυριακῶν,

75 1712 110 1738 καὶ
122 1712 156 1742 είς
177 1711 249 1741 τινὰς
275 1710 386 1744 ἑορτάς.
407 1708 602 1742 Manuscriptus
622 1708 687 1735 liber
712 1707 837 1735 Venetiis.

75 1757 131 1783 idem
144 1756 250 1783 habetur
263 1756 290 1782 in
308 1755 474 1782 Bibliotheca
487 1753 537 1780 SS.
550 1753 657 1780 Patrum
674 1753 772 1781 sacculo
794 1760 837 1786 ix;

74 1802 109 1829 sed
127 1809 180 1829 cum
198 1802 264 1836 apud
285 1809 330 1828 me
355 1801 495 1836 Epitomen
511 1800 705 1827 Gesnerianam
723 1807 774 1825 non
791 1799 839 1826 ha-

75 1850 156 1881 berem,
168 1848 287 1876 consului
303 1855 362 1874 eam
377 1854 437 1881 quae
452 1847 567 1873 habetur
580 1846 606 1872 in
621 1845 744 1873 biblioth.
760 1845 836 1872 Dom.

75 1894 148 1920 Aloisii
166 1893 200 1920 La
218 1892 330 1925 Farina,
343 1892 453 1919 baronis
475 1890 681 1926 Aspri-Montis,
696 1895 722 1916 et
741 1896 841 1924 genere

76 1944 96 1965 ct
107 1940 183 1966 studio
195 1939 358 1966 eruditionis
373 1937 480 1970 nobilis,
492 1937 524 1963 de
536 1936 612 1971 cujus
625 1936 709 1963 fratre
722 1935 754 1962 Ι).
769 1935 840 1962 Mar-

77 1984 119 2010 tino
131 1991 202 2016 supra
220 1985 334 2011 memini
350 1984 467 2011 Procem.
482 1982 504 2009 1.
519 1981 617 2017 Reperi
643 1986 734 2008 autem
758 1981 784 2008 in
808 1989 840 2008 ea

75 2030 171 2063 epitome
194 2039 247 2058 non
269 2031 359 2058 solum
382 2030 474 2057 Graeca
501 2030 583 2056 verba
611 2035 671 2063 qua:
696 2028 840 2055 Gretserus

78 2076 170 2104 ﬁdeliter
192 2077 293 2110 retulit,
309 2076 357 2104 sed
373 2080 398 2103 et
413 2076 493 2102 aliam
510 2079 611 2107 notam,
625 2082 658 2102 ex
672 2082 722 2108 qua
738 2073 840 2101 GeSne-

78 2130 111 2150 rus
131 2123 214 2151 eodem
239 2130 333 2151 errore
358 2130 412 2158 quo
436 2121 545 2153 etcteri,
576 2121 610 2149 de
636 2121 733 2155 quibus
759 2127 840 2155 supra

78 2168 173 2196 Promm.
184 2170 217 2202 ΙΙ,
230 2175 358 2204 tanquam
375 2169 494 2196 diversos
509 2167 585 2202 ponit
603 2167 795 2202 Theophanem
817 2169 845 2192 et

78 2213 226 2248 Gregorium,
246 2215 343 2242 ambos
366 2213 523 2246 Cerameos,
552 2213 646 2240 ambos
670 2211 844 2240 Tauromenii

77 2259 287 2295 archiepiscopos;
304 2259 352 2287 sed
367 2260 438 2286 hunc
461 2265 553 2286 eorum
568 2258 612 2293 qui
637 2262 700 2285 ante
716 2265 759 2284 me
773 2258 842 2285 scri-

77 2312 149 2339 pscre,
162 2314 278 2334 errorem
302 2305 358 2340 jam
381 2305 469 2333 detexi
486 2311 598 2340 procem.
620 2304 665 2331 illo
677 2304 709 2338 ll,
727 2303 741 2340 §
756 2311 783 2330 ιι.
800 2303 846 2331 Sic

79 2353 143 2385 igitur
157 2353 292 2381 Gesnerus
308 2361 315 2380 :
332 2352 452 2387 Gregorii
474 2351 704 2378 Tauromenitana:
719 2350 844 2378 Ecclesia:

77 2397 242 2433 archiepiscopi
266 2397 425 2429 Siciliensis,
450 2396 568 2423 Ceramei
592 2397 666 2430 dicti,
687 2396 802 2423 humilia:
817 2397 844 2423 in

79 2442 211 2478 Evangelia,
227 2450 250 2471 et
266 2445 328 2471 atice
343 2444 533 2479 quinquaginta
550 2448 646 2476 septem
661 2442 846 2476 manuscriptce

79 2493 163 2516 autaut
187 2491 213 2518 in
231 2490 352 2517 bibliotli.
371 2489 471 2517 halitu.
495 2488 549 2516 Has
571 2488 695 2515 homilias
718 2487 847 2523 Gregorio

81 2533 205 2570 inscriptas
218 2537 327 2564 easdem
344 2544 404 2563 esse
423 2540 504 2570 atque
526 2534 575 2561 has
596 2541 664 2566 quas
685 2540 734 2561 nos
752 2534 846 2560 datnus

81 2580 122 2607 sub
137 2583 237 2610 nomine
257 2582 442 2617 Theophanis,
465 2580 520 2615 iam
543 2585 682 2608 ostensum
703 2584 746 2607 est.
765 2586 847 2613 supra

82 2625 197 2656 Protendo
220 2629 260 2663 Il,
286 2628 300 2665 §
327 2636 359 2656 ιι.
386 2629 473 2663 Atque
498 2627 596 2654 harum
623 2625 847 2653 bibliothecarum

83 2673 243 2706 cognitionem
267 2681 302 2701 ex
324 2674 460 2707 impressis
486 2675 617 2700 hactenus
640 2671 717 2698 libris
744 2670 848 2705 accepi.

83 2718 129 2747 iam
141 2729 200 2749 vero
214 2729 259 2750 eas
272 2721 357 2749 etiam
380 2719 513 2748 asservari
528 2719 553 2747 in
569 2719 656 2747 tribus
675 2718 769 2746 Galliae
784 2717 851 2744 insi—

83 2765 164 2799 gnibus
176 2765 358 2798 bibliothecis,
370 2765 477 2799 scripsit
489 2764 522 2792 ad
537 2771 578 2791 me
590 2763 624 2791 de
636 2763 688 2791 hac
700 2771 729 2790 re
740 2766 850 2797 rogatus

1620 137 1669 171 122

882 198 911 225 P.
934 198 1050 226 Jacobns
1073 198 1247 229 Sirmundus.
1270 204 1326 224 soc.
1343 195 1419 228 Jesu,
1438 200 1466 223 et
1484 203 1517 223 ex
1541 197 1668 224 omnibus

881 244 1013 272 indiculos
1040 252 1119 271 manu
1137 251 1184 270 sua
1201 243 1316 277 scriptos
1336 243 1432 269 itidem
1450 242 1611 275 transmisit,
1635 251 1669 270 ex

881 290 979 324 quibus
995 290 1170 323 intelligerent
1187 296 1311 323 quaenam
1337 287 1402 314 mihi
1426 287 1560 318 deessent,
1576 295 1609 314 ex
1626 288 1670 313 Bi-

881 336 1014 363 bliotheca
1032 335 1126 370 Regia,
1139 343 1172 362 ex
1193 343 1222 362 ea
1244 341 1302 369 quae
1324 332 1538 360 Folientinorum
1561 332 1590 358 S.
1606 331 1671 358 Ber-

882 383 957 409 nardi
974 382 1179 413 monachorum,
1194 386 1221 408 et
1236 389 1268 408 ex
1287 388 1318 408 ea
1333 388 1392 414 quae
1407 384 1448 406 est
1463 378 1568 413 collegii
1583 378 1671 405 socie-

883 429 945 455 tatis
969 428 1032 455 Jesu
1059 427 1238 458 Parisiensis,
1271 434 1331 461 quas
1355 425 1418 451 olim
1451 424 1501 451 fuit
1525 423 1670 452 cardiualis

881 473 987 500 .luiosaz.
1019 474 1150 500 Praeterea
1180 473 1206 499 in
1233 471 1314 506 Regia
1344 470 1474 498 Biblioth.
1503 469 1616 503 Hispan.
1644 469 1670 495 in

883 519 1047 545 monasterio
1072 516 1101 544 S.
1119 516 1257 543 Laurentii
1281 516 1353 550 quod
1372 514 1537 542 Escurialcm
1565 518 1670 546 vocant,

881 563 1033 599 Γρηγορίου
1051 563 1202 589 ἐπισκόπου
1219 563 1268 596 τῆς
1290 561 1415 591 Σικελίας
1431 559 1536 595 ὁμιλίαι
1553 559 1607 586 ἀπὸ
1623 559 1671 586 τοῦ

882 609 1083 645 ὰρχιτελώνου,
1099 614 1126 636 et
1146 610 1171 635 in
1188 608 1241 635 alio
1258 607 1350 634 codice
1371 615 1377 633 :
1401 605 1522 640 Ὀμιλίαι
1541 604 1588 631 τοῦ
1609 604 1671 632 ὅλου

882 656 1018 682 ἐνιαυτοῦ.
1035 655 1154 690 Gregorii
1175 654 1254 688 episc.
1277 652 1375 680 Sicilia:
1393 651 1508 678 humilia:
1524 659 1540 678 a
1554 650 1672 685 principe

881 702 1080 737 publicanorum
1104 700 1244 730 inchoatur,
1267 698 1380 725 Itomiliw
1405 697 1484 724 totius
1501 697 1574 723 anni.
1597 696 1671 729 Quas

883 756 948 776 sane
965 749 1072 775 easdem
1091 754 1150 773 esse
1168 752 1247 780 atque
1265 745 1315 771 bas
1330 751 1398 779 quas
1415 743 1573 776 cvulgamus
1591 741 1670 768 (idem

883 794 947 821 fecit
962 794 993 820 D.
1016 792 1153 819 Marianns
1168 791 1362 825 Vulguarnera,
1379 788 1598 819 Panormitanus,
1615 794 1670 814 non

885 838 969 874 magis
983 838 1080 872 genere
1093 844 1171 871 quain
1186 835 1335 862 litterarutn
1349 833 1505 860 Graecarum
1520 831 1671 858 eruditione

884 885 991 918 clarus;
1018 883 1061 910 cui
1086 881 1191 909 Madriti
1218 881 1243 907 in
1269 880 1343 914 regia
1368 878 1482 912 Philippi
1508 876 1541 904 ιν
1564 877 1670 911 degunti

885 932 1020 965 negotium
1038 930 1065 957 in
1084 929 1135 956 hac
1152 935 1178 954 re
1195 926 1328 953 litteraria
1345 924 1417 956 dedi,
1433 928 1460 950 ut
1475 923 1508 950 de
1529 923 1571 949 his
1587 922 1672 949 homi~
1690 946 1694 952 _

886 977 929 1004 liis
946 976 1032 1009 deque
1048 979 1159 1001 auctore
1180 973 1367 1006 cognosceret,
1383 974 1410 996 et
1423 977 1456 996 ex
1476 969 1563 995 indice
1579 975 1672 994 earqu

884 1031 951 1057 quas
968 1021 1038 1056 apud
1056 1028 1098 1048 rne
1115 1019 1259 1050 habebam,
1275 1018 1307 1043 ad
1327 1017 1412 1050 ipsum
1432 1013 1590 1041 transmisso
1604 1019 1672 1039 con-

885 1069 968 1096 ferret
986 1071 1156 1102 argumenta,
1177 1063 1378 1097 inscriptiones,
1396 1066 1420 1088 et
1440 1060 1525 1095 prima
1542 1059 1674 1093 cujusque

886 1116 983 1146 verba;
1006 1113 1104 1148 quibus
1123 1111 1229 1138 collatis
1250 1109 1357 1136 easdem
1376 1102 1437 1134 csse
1455 1105 1587 1139 c0mperit
1606 1111 1674 1138 quas

885 1162 953 1196 apml
978 1168 1020 1186 me
1038 1166 1098 1186 esse
1118 1156 1295 1191 intelligebat.
1321 1155 1408 1188 Atque
1423 1152 1515 1179 cadent
1534 1150 1561 1177 in
1578 1149 1675 1177 biblio-

887 1208 966 1234 theca
993 1206 1026 1233 ad
1051 1205 1172 1232 codicem
1200 1202 1357 1236 adiunctum
1385 1198 1487 1233 reperit
1513 1195 1674 1231 opusculum

885 1253 1023 1288 singulare
1037 1250 1183 1286 quoddam,
1200 1247 1271 1282 quod
1289 1248 1315 1273 in
1332 1246 1392 1272 aliis
1411 1243 1581 1271 bibliothecis
1597 1249 1674 1276 repe-

886 1287 1065 1327 ririnondum
1083 1295 1187 1329 accepi,
1203 1292 1316 1326 Λεξικὸν
1330 1292 1384 1318 τῶν
1398 1288 1514 1325 ὁμιλιῶν
1529 1289 1585 1315 sive
1597 1287 1676 1315 Glos-

886 1346 988 1373 sarium
1015 1349 1111 1370 voeum
1138 1339 1314 1375 singularium
1334 1342 1361 1364 et
1383 1335 1530 1363 dillicilium
1555 1333 1675 1360 auctoris

887 1399 947 1419 cum
971 1397 1063 1417 earum
1082 1386 1280 1421 explicatione;
1298 1383 1375 1417 cujus
1392 1388 1442 1416 ego
1463 1380 1540 1407 lexici
1564 1385 1677 1413 apogra-

888 1436 980 1469 phum,
1004 1440 1075 1464 cum,
1096 1429 1215 1456 adhibita
1234 1427 1377 1454 multorum
1403 1425 1552 1451 amicorqu
1573 1427 1600 1450 et
1629 1422 1677 1449 lit-

888 1468 1035 1506 teratorum
1059 1475 1199 1502 hominum
1226 1471 1416 1507 ope,taudem
1444 1468 1579 1504 diligentia
1607 1468 1679 1495 Lau-

887 1525 967 1553 rentii
990 1523 1100 1554 Cocchi,
1117 1521 1168 1548 viri
1185 1519 1282 1547 eruditi
1298 1523 1325 1546 et
1345 1518 1372 1544 in
1395 1520 1527 1551 apparatu
1551 1514 1678 1542 Historiae

888 1572 917 1598 ὃ.
938 1568 1064 1596 Demetrii
1086 1566 1213 1601 martyris
1236 1563 1440 1595 studiosissimi,
1461 1566 1556 1600 nactus
1577 1567 1677 1590 essem,

889 1617 922 1643 ad
940 1615 1043 1642 calcem
1063 1613 1143 1648 hujus
1159 1612 1248 1647 operis
1264 1609 1470 1645 imprimendum
1486 1607 1576 1634 curavi
1595 1606 1633 1642 (a)
1650 1608 1679 1632 ut

879 1666 1010 1691 exstaret
1035 1662 1116 1688 etiam
1138 1660 1189 1687 hoc
1208 1657 1389 1686 testimonium
1406 1660 1433 1682 et.
1446 1654 1588 1688 vestigium
1610 1652 1679 1679 anti-

890 1709 1012 1744 quitatis.
1028 1707 1081 1735 Sed
1104 1707 1136 1733 de
1149 1713 1180 1732 eo
1195 1704 1268 1739 plura
1296 1703 1341 1730 illo
1366 1702 1392 1728 in
1414 1701 1485 1729 loco.
1502 1699 1530 1727 In
1552 1698 1680 1726 Vaticana

890 1753 1056 1781 Bibliotheca
1087 1752 1139 1778 duo
1163 1753 1225 1776 sunt
1251 1748 1359 1775 codices
1381 1747 1478 1774 harum
1506 1744 1680 1772 homiliarum

890 1800 988 1835 quibus
1013 1797 1115 1825 indices
1133 1795 1166 1822 ad
1188 1803 1230 1823 tne
1250 1800 1305 1822 tres
1320 1801 1372 1828 qua
1390 1793 1494 1824 Οτι-ποθ,
1514 1798 1567 1826 qua
1585 1790 1680 1816 Latine

891 1846 1050 1878 amicorum,
1068 1851 1099 1870 ac
1117 1842 1268 1878 praesertim
1287 1841 1358 1867 dom.
1376 1838 1547 1866 Constantini
1568 1836 1679 1864 Caetani

891 1890 1007 1922 abbatis,
1021 1896 1102 1923 opera
1118 1886 1322 1923 diligentissime
1333 1884 1491 1920 perscripti,
1509 1887 1572 1910 sunt
1587 1881 1680 1915 missi;

893 1934 920 1960 in
934 1934 1021 1960 altero
1032 1933 1124 1960 codice
1137 1932 1237 1958 eaedem
1253 1930 1372 1957 humilia:
1387 1929 1496 1956 nomine
1508 1926 1683 1960 Theophanis

891 1979 1031 2010 Ceramci,
1054 1978 1079 2004 in
1104 1977 1188 2003 altero
1202 1975 1335 2010 _Gregorii
1365 1974 1553 2006 continentur;
1583 1971 1684 1999 inscri-

892 2026 998 2062 ptiones
1023 2029 1086 2051 sunt
1114 2022 1292 2057 huiusmodi:
1315 2021 1341 2047 in
1366 2027 1421 2047 uno
1445 2019 1504 2047 eod.
1517 2019 1683 2053 Θεοφάνους,

893 2072 940 2099 τοῦ
965 2071 1081 2105 ἐπίκλην
1102 2068 1276 2104 Κεραμέως,
1300 2066 1516 2103 ἀρχιεπισκόπου
1541 2065 1684 2099 Ταυρομε-

895 2119 970 2150 νείας
992 2118 1042 2152 τῆς
1060 2115 1196 2147 Σικελίας,
1223 2113 1327 2148 ὁμιλίαι
1350 2113 1377 2139 αι
1402 2112 1534 2146 nuptam).
1553 2111 1602 2137 τοῦ
1623 2110 1685 2136 ὅλου

896 2165 1011 2201 χρόνου;
1034 2163 1062 2190 in
1077 2163 1162 2189 altero
1178 2170 1185 2188 ε
1203 2160 1257 2187 Τοῦ
1281 2157 1504 2194 μακαριωτάτου,
1526 2156 1685 2191 σοφωτάτου

895 2221 925 2238 τε
946 2211 994 2238 καὶ
1027 2207 1247 2245 ῥητορικωτάτου
1266 2206 1362 2242 κυρίου
1383 2204 1537 2240 Γρηγορίου
1559 2204 1687 2238 ἀρχιεπι-

897 2256 998 2282 σκόπου
1024 2253 1228 2288 Ταυρομενεὶας
1249 2251 1299 2286 τῆς
1323 2249 1450 2282 Σικελίας
1465 2270 1472 2282 ,
1500 2248 1547 2275 τοῦ
1572 2247 1689 2282 ἐπίκλην

896 2300 1062 2336 Κεραμέως.
1081 2298 1147 2332 Qum
1164 2299 1217 2325 duo
1237 2297 1358 2329 nomina,
1381 2295 1529 2331 Gregorius
1549 2299 1577 2321 et
1595 2293 1688 2320 Theo-

897 2348 1011 2384 phanes,
1028 2346 1108 2372 unius
1129 2352 1189 2372 ease
1205 2343 1325 2370 auctoris
1350 2347 1432 2377 patet.
1451 2342 1514 2368 Inde
1536 2343 1689 2375 sequuntur

898 2393 1016 2421 homilia:
1042 2391 1146 2424 ordine,
1178 2390 1207 2417 in
1236 2388 1314 2423 cujus
1346 2387 1420 2414 calce
1454 2386 1610 2420 designatus
1638 2391 1688 2409 an-

899 2447 950 2467 nus
977 2437 1047 2466 1448
1058 2439 1072 2471 ,'
1100 2437 1171 2464 unde
1201 2435 1349 2469 antiquitas
1383 2431 1486 2460 codicis
1520 2429 1689 2463 intelligitur.
1716 2467 1718 2470 ν

898 2485 1039 2512 Postremo
1057 2483 1087 2510 Ρ.
1112 2481 1243 2510 Octavius
1266 2480 1414 2511 Caetanus,
1440 2484 1497 2505 soc.
1518 2475 1592 2506 Jesu,
1612 2474 1690 2508 cuius

899 2531 989 2559 studio
1012 2537 1043 2557 ac
1061 2528 1146 2557 labori
1171 2528 1223 2554 hoc
1247 2531 1369 2554 nostrum
1392 2531 1460 2558 opus
1484 2526 1623 2556 acceptum
1648 2524 1690 2547 est

899 2576 1084 2607 referendum,
1096 2581 1156 2601 cum
1167 2579 1228 2607 quae
1239 2571 1271 2598 ad
1284 2570 1450 2597 condendam
1462 2572 1491 2595 et
1502 2565 1688 2594 illustrandum

901 2625 1057 2650 sanctorum
1076 2618 1230 2646 Siculorum
1248 2614 1388 2643 historiam
1403 2613 1524 2640 facerent
1538 2609 1690 2645 diligentis-

901 2669 969 2695 sime
993 2665 1160 2701 perquireret
1181 2667 1209 2690 et
1229 2665 1382 2697 appararet,
1398 2659 1494 2686 harum
1512 2657 1687 2684 homiliarum

901 2712 1065 2747 exemplaria
1100 2708 1278 2738 describenda
1312 2707 1426 2734 curavit.
1461 2704 1494 2733 Et
1520 2703 1628 2739 quidem
1654 2709 1690 2729 ex

902 2759 1006 2788 duobus
1022 2756 1171 2790 codicibus,
1189 2760 1218 2784 ut
1237 2755 1294 2791 ipse
1309 2754 1337 2782 in
1362 2751 1524 2782 adversariis
1540 2750 1690 2785 suis,'quas

107 2856 137 2887 ὶιι)
152 2857 238 2884 Nullibi
248 2860 338 2883 tamen
350 2858 480 2887 comparet.
492 2854 527 2881 Cf.
543 2861 615 2886 supra
628 2853 676 2880 col.
690 2853 730 2878 41.
742 2851 811 2877 Eon.
823 2851 899 2877 Pun.
