1874 3055
175 168 244 203 apud
269 175 312 194 me
335 174 477 197 conservo,
497 170 623 193 testatum
649 166 768 199 reliquit,
788 165 873 192 altero
890 163 967 191 Vati-

175 221 254 247 cano,
271 213 354 240 altero
372 212 469 239 Melelii
488 211 662 239 Atheniensis
683 211 810 241 monachi
828 219 860 237 ev
877 215 969 236 monte

178 261 290 292 Sancto,
305 258 406 286 familia
423 257 452 285 S.
468 258 571 290 Basilii,
586 258 631 292 qui
646 265 678 284 ex
693 257 802 284 Oriente
817 256 967 283 Messanam

177 307 305 343 appulsus
332 305 422 340 ibique
448 304 566 332 ctenobii
592 304 621 331 S.
647 303 801 330 Catbar'na:
828 303 970 337 prafectus

177 354 277 380 librum
296 353 391 379 harum
408 351 579 378 homiliarttm
598 358 678 377 manu
695 354 837 377 exaratum
855 349 891 376 illi
910 357 971 383 per-

178 399 294 433 benugne
318 398 546 429 communicavit;
566 397 592 423 in
610 405 642 424 eo
658 405 723 423 vero
746 398 836 430 plures
853 396 972 423 homilire

181 451 236 472 tum
252 443 436 479 Theophanis,
453 444 509 469 lum
528 443 643 477 l‘hilippi
658 442 803 469 Ceramila‘.
820 442 972 469 nominibus

183 490 319 525 inscripta:
347 489 565 520 continebantur,
590 489 621 515 de
648 496 701 523 qua
729 493 818 515 tamen
844 487 973 514 varietate

181 536 320 562 nomiumn
336 535 513 568 disceptatum
526 543 539 561 a
553 535 629 561 nobis
641 542 673 561 ac
684 534 824 560 deﬁnitum
838 538 878 560 est
890 541 973 568 supra

182 581 301 608 Promm.
315 581 347 612 ll,
361 580 374 616 ᾗ
388 589 422 614 ιι;
437 585 463 608 cl
474 581 582 616 quidem
603 582 700 609 librmn
716 581 789 608 illttnt
803 579 973 607 Meletianum

181 634 214 652 ex
231 625 398 661 autngrapho
416 625 498 652 fuisse
515 626 680 659 exscriptum
693 645 700 657 ,
716 625 787 660 qttod
804 625 867 650 olim
884 631 974 650 asser-

181 671 296 697 vabatur
319 671 344 696 io
361 671 528 698 monasterio
543 670 594 697 SS.
617 670 688 698 l‘etri
706 675 733 697 et
748 669 825 697 Pauli
842 673 875 697 de
891 669 974 701 Itala;

182 716 230 743 sed
249 721 337 742 tamen
363 715 388 742 id
414 715 610 750 autograplnnn
634 715 716 743 hodie
736 723 790 742 non
816 721 933 743 exstare.
948 714 976 741 ld

184 762 379 789 monasterium
403 761 602 788 Basilianormn
625 766 667 788 est
688 763 759 788 inter
783 760 934 788 Messanam
951 764 978 787 et

184 807 394 836 Tauromenium
421 808 503 834 sitttm
527 817 533 835 :
555 809 586 835 ad
611 808 683 843 quod
710 813 813 835 eertum
840 807 976 834 hominem

184 855 258 885 misi,
283 856 327 890 qui
353 855 384 882 de
403 862 435 882 eo
457 854 615 890 diligentius
642 855 767 881 notitiam
791 854 910 888 aliquam
929 859 977 880 seu

186 901 360 928 traditionem
377 902 542 935 exquireret,
556 909 607 928 nec
624 901 770 935 quidquam
788 907 801 926 a
817 900 910 934 paucis
926 898 978 925 illis

187 947 329 975 monachis
345 947 388 981 qui
408 947 443 974 ibi
464 948 555 974 vivunt
576 947 639 974 sciri
663 947 760 981 potttit.
780 945 911 973 llomilias
929 952 978 971 an-

187 997 240 1019 tem
257 993 288 1019 de
314 993 522 1024 llesurrertione,
540 997 567 1021 et
583 993 649 1020 alias
665 993 755 1028 plures
770 993 802 1019 de
824 992 925 1018 sanctis
946 997 978 1017 ex

188 1037 318 1065 Vaticano
336 1038 430 1065 codice
447 1038 502 1073 jam
524 1042 587 1065 ante
611 1038 762 1072 descriptas
789 1041 815 1063 et
837 1038 862 1063 in
884 1036 978 1063 eodem

188 1084 271 1111 fuiSse
289 1084 369 1116 libro,
387 1085 434 1112 sed
456 1093 508 1111 non
528 1084 589 1112 imle
613 1085 802 1118 transcriptas,
828 1091 861 1110 ne
884 1089 979 1116 super-
999 1081 1007 1096 ’-

188 1137 334 1157 vacauemn
360 1137 437 1165 opus,
461 1135 487 1157 et
515 1131 636 1164 impensa
666 1130 749 1157 ﬁeret.
770 1128 871 1156 Horum
900 1129 981 1163 igitur

189 1176 383 1210 exetnplariutn
399 1177 512 1204 alterum
527 1176 571 1204 hic
588 1176 712 1203 Panormi
729 1176 853 1203 relictum
868 1179 894 1201 ct
910 1175 981 1202 inter
999 1185 1003 1188 -

188 1223 320 1257 reliquam
350 1222 510 1250 litterariam
539 1222 751 1257 suppellectilem
770 1222 795 1248 in
815 1228 902 1248 morte
929 1226 982 1247 tra-
1005 1219 1009 1230 τ

188 1269 272 1295 ditum
287 1269 338 1296 sibi
352 1268 381 1295 P.
395 1269 522 1295 All'onsus
536 1268 672 1296 Caetanus
686 1269 743 1303 ejus
759 1268 842 1295 frater
855 1261 995 1302 spectate

194 1316 334 1349 religionis
357 1316 408 1347 vir,
427 1321 452 1343 et
475 1316 583 1349 pietatis
599 1323 631 1343 ac
647 1316 728 1343 studii
745 1315 771 1342 in
788 1321 896 1342 sanctos
912 1314 983 1341 vit-ns
1035 1315 1155 1342 homiliis
1169 1323 1212 1342 me
1224 1316 1365 1342 certiorem
1381 1316 1514 1343 laccren‘.
1528 1316 1558 1342 Et
1573 1318 1680 1352 quidem
1695 1326 1730 1342 ev
1747 1317 1838 1343 Gallia

1005 1383 1010 1396 ε
1035 1360 1064 1387 Ρ.
1077 1360 1239 1389 Sirmundus
1250 1369 1302 1388 non
1315 1360 1394 1389 modo
1406 1362 1507 1389 indices
1516 1370 1547 1389 ex
1561 1364 1643 1390 lrlims
1655 1364 1805 1390 bibliothet
1818 1364 1838 1390 is

1006 1398 1018 1431 ἶ.
1035 1413 1104 1440 quas
1125 1406 1191 1440 dixi,
1208 1407 1254 1434 sed
1269 1412 1295 1434 et
1310 1415 1391 1434 unam
1416 1415 1497 1434 manu
1518 1415 1565 1435 sua
1586 1409 1788 1443 transcripta".
1809 1411 1840 1436 de

1016 1451 1086 1490 _SS.
1112 1452 1238 1486 apostolis
1262 1452 1340 1480 Petro
1357 1458 1379 1480 et
1398 1452 1496 1485 Paulo,
1519 1459 1545 1480 et.
1569 1454 1671 1487 aliquot
1696 1455 1838 1488 pmtcmia

190 1362 290 1389 Slt'lllZE
315 1362 412 1393 haeres,
438 1362 470 1388 ad
496 1369 537 1388 me
564 1362 659 1389 detulit
684 1371 692 1389 :

190 1459 246 1480 tum
257 1454 387 1484 laborem.
401 1458 450 1481 ete
465 1454 570 1481 diurnis
588 1453 657 1481 meis
666 1454 890 1488 occupationibus
903 1453 984 1487 spatii

191 1507 298 1531 possem
326 1499 493 1534 impendere,
515 1499 652 1534 negotium
679 1499 857 1534 susciperem.
880 1498 985 1526 Placuit

192 1545 363 1572 subseesivas
392 1545 486 1572 saltem
517 1545 598 1573 horas
626 1553 657 1572 ex
685 1545 843 1580 quotidiano
870 1551 985 1571 munere

192 1638 264 1669 vius,
280 1642 308 1664 nt
324 1638 369 1673 qui
387 1638 503 1664 maxime
519 1642 643 1671 cuperet,
658 1641 684 1664 et
702 1645 784 1665 unum
804 1638 854 1665 hoc
872 1638 986 1671 agitaret

191 1684 294 1716 animo,
319 1689 347 1710 ut
369 1683 410 1710 hac
435 1684 554 1711 humilia:
581 1685 688 1711 tandem
710 1684 797 1711 lucem
823 1684 1002 1718 aspicerent,‘

193 1737 253 1762 qam
277 1730 326 1757 sibi
355 1730 414 1757 lucc
434 1730 601 1764 dignissimae
628 1730 800 1762 videbantur,
833 1730 904 1756 ttnde
932 1737 986 1757 non

193 1785 304 1811 parvum
320 1777 469 1804 Siciliensis
483 1777 603 1804 Ecclesia
617 1777 788 1811 splendorem
803 1781 876 1804 esset
891 1783 986 1810 accep-
1002 1768 1010 1778 ³

195 1828 273 1852 tura.
299 1822 373 1850 misit.
397 1822 423 1849 in
448 1823 548 1860 Gallias
574 1823 607 1850 ad
635 1821 763 1850 .lacobum
792 1822 999 1855 Sirnmndum,‘

195 1876 251 1895 soc.
264 1867 338 1901 Jesu,
350 1869 428 1903 cujus
439 1877 521 1904 opera
534 1869 616 1896 multa
629 1874 707 1903 atque
719 1869 848 1902 praeclara
862 1869 887 1895 in
901 1869 985 1895 lucem
1005 1868 1010 1876 ³

196 1912 309 1946 prolata,
328 1918 444 1946 quantus
463 1914 502 1939 \‘ir
523 1914 568 1945 sit,
590 1914 648 1940 sine
671 1921 726 1939 mea
746 1914 870 1940 oratione
893 1921 940 1947 per
957 1920 986 1939 se

197 1960 324 1993 quamvis
346 1960 425 1986 tacita
449 1959 604 1993 praedicant,
621 1967 676 1994 quo
698 1959 789 1985 Romre
806 1958 836 1986 Ρ.
860 1959 987 1986 Octavius

197 2007 286 2032 fuerat
309 2005 478 2033 familiariter
503 2007 578 2035 usus,
602 2010 631 2032 ut
656 2006 695 2032 vel
716 2005 773 2040 ipse
796 1999 924 2036 Verterct,
946 2005 987 2031 vel

196 2052 324 2080 vertenda
341 2052 436 2079 Latine
448 2057 565 2079 curaret.
580 2052 604 2079 ls
618 2052 740 2086 lampada
757 2051 869 2078 tradidit
882 2051 912 2078 P.
926 2050 989 2077 Dio-

197 2099 275 2133 nysio
296 2098 416 2130 Petavio.
435 2098 574 2125 societatis
587 2101 695 2129 nostra}.
706 2099 751 2131 qui
767 2105 822 2124 rem
834 2105 987 2132 aggressm,

196 2145 324 2178 pritnam,
338 2144 377 2175 εἰς
391 2143 439 2178 τὴν
452 2143 538 2178 ἀρχὴν
550 2144 598 2178 τῆς
619 2142 757 2175 “Ι·.δεκτου,
771 2142 893 2170 Latinam
909 2143 986 2175 ferit;

197 2196 288 2226 postea
303 2191 382 2218 ta-dio
396 2191 492 2223 victus,
508 2195 554 2216 aut
569 2191 670 2217 codicis
685 2198 765 2224 quem
782 2190 877 2216 habuit
892 2190 990 2217 obscu-

197 2235 287 2268 ritate,
303 2243 316 2261 a
331 2240 421 2269 coepto
444 2233 558 2265 destitit,
574 2237 600 2260 et
622 2234 672 2260 sibi
689 2240 829 2260 externum
851 2234 989 2261 hominem

198 2281 354 2316 subrogavit
367 2281 413 2315 qui
428 2288 480 2307 non
497 2281 574 2307 modo
590 2287 645 2306 rem
659 2287 712 2306 non
728 2284 769 2306 est
781 2287 869 2311 orsus,
883 2281 929 2306 scd
944 2281 988 2306 vix

197 2329 305 2355 tandem
331 2327 395 2354 illud
415 2327 553 2361 exemplar
575 2326 702 2354 restituit.
721 2326 773 2353 Sed
796 2326 826 2353 ιι.
846 2326 989 2362 Dionysius

198 2381 232 2400 tte
251 2373 402 2399 lucubratio
416 2380 463 2398 sua
487 2372 530 2399 illa
556 2373 668 2406 periret,
686 2372 824 2398 homiliatu
842 2372 913 2398 illnn
939 2374 990 2398 sub

199 2419 310 2446 nomine
330 2418 451 2452 Gregorii
471 2418 557 2444 edidit
579 2416 671 2444 Graece
689 2423 714 2444 ct
738 2417 832 2445 Latine
857 2425 908 2444 una
927 2424 989 2444 cum

198 2464 312 2491 historia
337 2463 480 2498 Nicephori
503 2463 664 2498 patriarcha:
679 2463 989 2498 Constantinopolitani;

199 2518 260 2545 qua:
280 2510 388 2544 quidem
413 2511 448 2536 ita
465 2518 494 2538 se
508 2510 610 2538 habere
632 2514 686 2536 ttnn
702 2511 734 2536 ad
749 2519 791 2537 me
811 2511 919 2545 scripsit.
933 2511 991 2544 epi-

201 2558 269 2585 Slola
288 2565 335 2584 sua
355 2557 383 2584 Ρ.
402 2556 574 2587 Sirmundus,
594 2560 650 2583 tum
666 2557 723 2591 ipse
738 2557 769 2585 Ρ.
788 2557 929 2592 Dionysius
947 2558 991 2585 lit-

202 2606 269 2632 teris
284 2609 311 2631 et
330 2605 464 2631 memoria:
484 2605 602 2640 prodidit
618 2605 642 2632 in
658 2612 707 2632 suo
725 2605 769 2631 illo
787 2605 885 2637 libello,
905 2606 947 2631 ubi
965 2606 990 2632 in

202 2652 273 2679 notis
284 2652 481 2685 cltt'ottologicis
493 2659 552 2678 cum
563 2652 594 2678 tle
604 2651 751 2679 indictione
763 2652 827 2687 agit.
839 2652 876 2678 sic
887 2652 991 2680 seribi';

203 2698 280 2731 Quod
300 2700 439 2733 posterius,
457 2703 484 2724 ιιι
500 2697 568 2725 alios
585 2699 715 2731 omittam,
737 2699 878 2734 Gregorius
901 2699 992 2733 Κερα-

204 2745 283 2779 μεὶις,
310 2743 548 2771 Tnuromenitmtus
573 2745 795 2778 archiepiscopus.
820 2745 917 2771 iudicat
945 2746 994 2770 Ιιο-

205 2791 278 2816 militt
296 2792 336 2820 s’q
360 2791 408 2824 τὴν
437 2791 524 2825 ἀρχὴν
544 2790 593 2824 τῆς
617 2790 757 2821 Ὶνδίκτου,
779 2790 838 2825 ἢτοι
858 2790 904 2815 τοῦ
933 2790 993 2816 νέου

207 2837 393 2871 ἒῖους,(ιιιαιιι
417 2846 462 2864 nos
489 2845 540 2863 una
565 2845 622 2863 cum
650 2837 710 2863 aliis
735 2836 854 2870 pluribus
879 2835 995 2870 ejusdem

656 107 857 139 FRANClSCl
879 104 1013 137 SCORSI
1035 104 1251 136 PROGEMiUM
1271 105 1330 136 IIl.

716 1362 834 1389 viderem
858 1369 890 1388 an
915 1360 1004 1388 lorct‘

189 1416 278 1441 operte
297 1409 414 1442 pretium
429 1408 573 1435 Latinitate
591 1415 622 1435 ac
638 1408 697 1435 luce
712 1408 829 1440 donare;
846 1412 873 1434 et
890 1407 912 1434 si
926 1413 984 1434 tan-
1008 1402 1014 1430 ῗ

1775 103 1828 135 1ῖὲ

1021 163 1156 196 scriptoris
1169 164 1283 189 nondum
1296 163 1425 196 evulgalis
1438 163 1583 196 accepimus
1596 172 1611 190 α
1625 162 1655 189 R.
1669 162 1703 190 P.
1717 162 1828 189 locabo

1021 207 1176 238 Sirmundo,
1201 209 1253 235 viro
1277 209 1438 240 prrerurlito,
1455 209 1499 243 qui
1514 210 1574 242 quin
1600 209 1690 235 crebro
1710 217 1727 234 α
1749 208 1828 234 nobis

1020 260 1111 279 eorum
1133 254 1271 279 editionem
1296 254 1412 287 ﬂagitat,
1428 258 1455 279 nl
1477 255 1500 280 ei
1516 254 1605 288 aliqua
1632 263 1665 280 ea:
1683 259 1768 287 parte
1784 262 1832 279 sa-

1023 298 1116 332 tisﬁat,
1129 299 1195 325 relut
1208 301 1337 332 speriuteu
1350 300 1483 333 quoddam
1496 300 1670 326 indictionum
1681 300 1832 326 occasione

1021 345 1207 379 praemisimus.
1229 344 1291 371 [late
1313 345 1471 380 Dionysius.
1497 345 1552 381 Ego
1577 346 1660 380 igitur
1681 353 1760 380 opus
1781 353 1831 379 ag-

1024 398 1147 425 gressus,
1161 399 1221 418 cum
1237 391 1320 418 unico
1333 392 1380 418 illo
1394 399 1455 418 meo
1470 392 1618 426 exetuplari
1638 400 1691 418 non
1712 400 1831 426 possem

1023 444 1083 464 esse
1099 442 1255 469 contentus,
1275 446 1326 466 nec
1348 439 1415 466 satis
1434 438 1581 466 lectoribus
1596 446 1651 466 uno
1673 439 1725 465 illo
1750 439 1835 464 testi-

1025 484 1117 511 monio
1145 484 1205 511 lidei
1240 492 1289 512 net:
1317 485 1486 512 auctoritatis
1516 485 1591 520 operi
1618 485 1713 512 facere
1749 492 1834 518 po~se

1025 531 1164 562 viderent,
1191 530 1224 558 ad
1248 536 1350 557 eertam
1377 531 1599 566 exploratamque
1623 531 1656 558 de
1680 531 1719 558 iis
1747 530 1834 557 tidem

1026 577 1178 604 habendam
1197 576 1317 603 animum
1333 577 1432 612 adjeci.
1450 577 1482 603 Et
1498 578 1616 612 primum
1634 578 1752 605 easdem
1774 577 1802 604 ill
1824 586 1836 604 s

1026 629 1087 649 esse
1109 621 1236 648 h0milias
1251 629 1312 656 qua:
1331 621 1505 657 Theophanis
1520 623 1654 654 Ceramei,
1671 623 1837 649 Taurome-

1027 669 1111 695 nitani
1129 668 1270 701 antistitis,
1286 676 1299 694 ιι
1316 668 1465 702 majoribus
1487 673 1578 696 essent
1593 669 1674 696 dicta:
1692 674 1838 702 roevptar-

1027 723 1095 748 que.
1122 715 1241 749 comperi
1265 723 1299 742 ex
1325 714 1382 750 ipsa
1407 715 1603 748 inscriptione,
1628 715 1770 742 nimirttm
1797 716 1838 746 εἰς

1027 761 1060 787 τὰ
1077 760 1225 795 εὐαγγέλια
1244 761 1381 796 Κυριακὰ,
1401 761 1448 788 καὶ
1469 762 1566 796 ἑορτὰς
1586 762 1632 788 τοῦ
1652 761 1719 788 ὅλου
1741 762 1839 787 ἐνιτιυ-

1027 808 1083 834 τοῦ.
1095 808 1170 841 Quod
1181 815 1246 835 sane
1256 812 1362 835 constat
1371 816 1403 835 ex
1412 809 1536 835 omnibus
1548 809 1714 836 testimoniis
1725 817 1794 843 qua:
1806 809 1839 835 de

1029 854 1080 881 hoc
1095 859 1206 881 auctore
1221 862 1362 889 congeram
1381 854 1463 881 inl'ra.
1483 855 1582 882 Deinde
1599 862 1659 882 cum
1680 855 1838 889 impreSsis

1030 903 1100 936 apud
1119 901 1288 932 Grelscrum,
1310 901 1468 934 Baroniunt,
1485 901 1644 938 Dionysium
1663 910 1747 929 meas
1767 910 1837 928 mss.

1029 947 1142 979 contuli,
1165 952 1191 974 et
1214 947 1322 982 quidem
1340 953 1468 974 constare
1486 956 1583 975 sensus
1598 954 1624 974 et
1642 949 1732 976 verba
1760 949 1837 980 villi;

1030 994 1154 1029 quamvis
1174 993 1277 1028 aliquot
1300 993 1452 1029 fragmenta
1477 995 1518 1020 vel
1542 997 1568 1021 in
1590 1003 1649 1022 meo
1670 995 1836 1029 exemplari

1030 1039 1073 1066 vel
1100 1039 1126 1066 in
1153 1039 1294 1073 impressis
1320 1040 1465 1073 deessent,
1495 1041 1567 1076 qttod
1593 1041 1764 1076 scriptorum
1796 1041 1837 1068 vel

1031 1085 1109 1119 culpa
1124 1085 1164 1112 vel
1180 1093 1272 1113 errore
1291 1085 1390 1113 factum
1408 1094 1468 1114 esse
1487 1087 1607 1122 potuisse
1624 1088 1837 1114 animadverte-

1031 1132 1111 1165 bam;
1130 1136 1157 1158 et
1174 1140 1207 1159 ex
1224 1132 1330 1159 duabus
1351 1140 1432 1160 unam
1455 1133 1589 1169 integram
1608 1142 1686 1168 posse
1708 1133 1839 1166 restitui,

1004 1178 1065 1216 {de
1095 1177 1205 1213 reliquis
1229 1186 1292 1205 vero
1317 1179 1447 1207 continuo
1475 1179 1581 1207 litteras
1607 1181 1640 1207 ad
1666 1181 1783 1208 amicos
1812 1186 1839 1206 el

1033 1223 1156 1250 ertnlitos
1175 1223 1235 1250 misi
1254 1223 1379 1257 Romam,
1395 1225 1422 1251 in
1439 1225 1551 1256 Gallias,
1570 1226 1595 1252 in
1615 1225 1794 1260 Hispaniam,
1812 1227 1838 1252 in

1033 1268 1227 1303 Germaniam,
1258 1275 1306 1302 ut,
1335 1270 1482 1304 exploratis
1509 1271 1697 1303 bilrliotheris,
1730 1274 1768 1298 ιιι·
1798 1272 1840 1298 his~

1037 1498 1142 1525 illarum
1160 1506 1219 1532 quae
1242 1499 1309 1526 mihi
1332 1503 1398 1526 tunc
1415 1501 1526 1527 deerant
1544 1500 1584 1527 vel
1610 1501 1715 1527 incerta
1735 1507 1816 1528 craiu
1831 1510 1838 1531 ;

1001 1576 1004 1583 η
1037 1552 1069 1572 ac
1084 1550 1211 1579 praeterea
1227 1553 1288 1580 qum
1301 1546 1458 1574 immanitas
1472 1547 1498 1573 in
1512 1551 1586 1574 tanto
1604 1548 1660 1574 viro
1670 1553 1698 1574 ct
1712 1549 1838 1574 studium

192 1598 332 1626 penSoque
348 1591 488 1618 sull‘urari.
510 1591 630 1619 Alterum
646 1599 710 1618 vero
726 1591 795 1618 idetn
811 1591 842 1618 ﬂ.
858 1590 888 1618 P.
904 1591 985 1617 Octa-
1037 1590 1194 1625 perficiendi
1211 1591 1301 1626 operis
1319 1591 1418 1624 inerat,
1441 1592 1531 1618 studio
1547 1599 1578 1618 ac
1594 1592 1737 1628 diligentia
1758 1602 1840 1619 I‘I'L‘ll-

1006 1628 1009 1675 ί
1037 1637 1143 1671 peravit
1158 1637 1296 1672 exemplar
1310 1637 1374 1664 illud
1388 1638 1459 1672 quod
1473 1638 1529 1672 jam
1545 1637 1674 1665 amissum
1689 1639 1841 1665 cxistima~

1013 1720 1015 1722 η
1038 1681 1126 1714 batur,
1142 1686 1169 1709 et
1183 1682 1216 1709 ad
1233 1689 1275 1709 me
1294 1682 1446 1709 transmisit
1458 1690 1490 1710 ex
1507 1682 1592 1709 Gallia
1614 1683 1767 1710 incolume.
1784 1683 1841 1709 Hoc

1037 1728 1162 1762 quamvis
1177 1727 1277 1754 nullum
1294 1727 1433 1761 praferret
1449 1729 1567 1755 auctoris
1582 1728 1702 1762 titulum,
1717 1729 1840 1756 foriasse

1037 1773 1102 1808 quia
1114 1773 1200 1809 prima
1213 1774 1316 1809 pagella
1329 1774 1357 1801 in
1370 1774 1468 1801 multas
1482 1782 1578 1801 manus
1590 1780 1615 1802 et
1628 1775 1685 1802 loca
1700 1777 1839 1802 translata

1039 1827 1071 1847 ac
1087 1820 1185 1847 detrita
1199 1819 1351 1852 interierat,
1367 1825 1456 1848 tamen
1472 1821 1574 1848 contuli
1589 1828 1650 1848 cum
1667 1829 1729 1848 meo
1743 1829 1839 1849 exem-

1039 1866 1118 1901 plari,
1135 1871 1163 1893 ut
1180 1874 1239 1893 cum
1263 1867 1373 1894 easdem
1396 1874 1456 1894 esse
1475 1867 1600 1894 liomilias
1625 1868 1839 1901 comperissem,

1039 1913 1216 1939 confirmatus
1235 1913 1318 1947 magis
1334 1912 1359 1938 in
1383 1913 1433 1940 (ide
1454 1913 1648 1946 exemplarium
1665 1921 1728 1940 sum
1747 1922 1755 1940 :
1775 1915 1841 1948 quin

1039 1965 1066 1985 et
1079 1959 1200 1986 lucratus
1213 1967 1243 1986 ex
1258 1966 1290 1986 eo
1308 1959 1407 1986 multas
1422 1959 1546 1986 bomitias
1561 1967 1619 1994 qum
1636 1959 1661 1986 in
1680 1968 1743 1987 meo
1757 1961 1839 1986 det-s-

1039 2010 1110 2038 sent,
1133 2010 1160 2032 et
1181 2005 1236 2032 loca
1262 2005 1377 2039 plurima
1403 2013 1463 2040 qua:
1488 2005 1513 2032 in
1541 2013 1601 2033 meo
1626 2006 1720 2033 itidem
1748 2013 1841 2034 essent

1040 2051 1186 2082 intercisa.
1215 2051 1384 2086 depravata,
1414 2052 1557 2079 obscurata
1590 2060 1668 2087 posse
1696 2053 1840 2087 suppleti,

1040 2097 1199 2130 emendari,
1229 2097 1360 2125 illustrari
1380 2097 1431 2124 vidi
1453 2103 1503 2125 :et
1529 2107 1589 2125 cum
1615 2098 1640 2125 in
1667 2099 1714 2125 illo
1742 2107 1842 2126 sensus

1040 2148 1132 2171 essent
1154 2143 1252 2179 integri
1273 2143 1359 2178 magis
1379 2148 1406 2170 ct
1427 2143 1497 2178 pleni
1513 2151 1592 2177 quam
1610 2144 1635 2170 itt
1651 2152 1724 2176 meo,
1744 2145 1772 2171 in
1791 2146 1840 2171 hoc

1041 2195 1131 2217 atttem
1152 2189 1286 2224 scriptura
1308 2189 1364 2224 ipsn
1380 2190 1437 2216 sive
1453 2189 1646 2224 orthographia
1665 2191 1842 2217 ememlatior

1040 2239 1068 2261 et
1084 2233 1184 2260 clarior
1199 2240 1277 2266 quam
1295 2233 1321 2259 in
1339 2233 1396 2265 illo,
1412 2241 1443 2260 ex
1462 2238 1578 2268 utroque
1597 2234 1667 2268 qttod
1687 2239 1751 2261 erat
1770 2235 1841 2262 lacc-

1041 2287 1099 2306 rum
1120 2278 1296 2312 mutilumque
1311 2278 1391 2305 refeci
1416 2283 1497 2313 atque
1514 2280 1624 2311 sanari,
1644 2281 1717 2314 quod
1743 2281 1840 2315 depra-

1042 2331 1132 2352 vatum
1157 2325 1274 2357 corrcxi,
1302 2325 1374 2358 quod
1402 2325 1548 2352 obscurum
1576 2326 1729 2356 illustravi;
1757 2332 1840 2360 atque

1041 2371 1077 2398 ita
1114 2372 1232 2405 integras
1268 2371 1456 2405 perit-elataque
1485 2371 1613 2398 ltomilias
1641 2372 1840 2400 describendas

1041 2417 1212 2452 edentlasque
1229 2417 1332 2443 curavi.
1351 2417 1462 2444 Addidit
1482 2423 1610 2452 przrterea
1626 2417 1655 2444 P.
1672 2417 1839 2446 Strmundus

1042 2464 1218 2497 exscripsisse
1231 2471 1259 2491 se
1271 2463 1363 2490 Roma:
1374 2472 1407 2490 ex
1420 2465 1532 2498 antiquo
1545 2464 1838 2498 exetnplari‘undeeim

1043 2510 1168 2537 homilzas
1182 2510 1222 2541 εἰς
1237 2510 1271 2536 τὰ
1286 2509 1397 2541 ὲωοινὰ,
1415 2517 1483 2544 qttas
1498 2509 1608 2538 easdem
1631 2511 1712 2537 etiam
1736 2511 1838 2545 reperi,

1045 2557 1098 2583 Deo
1115 2559 1189 2590 operi
1217 2556 1367 2590 asplrantc,
1387 2556 1413 2582 in
1439 2556 1623 2583 monumentis
1640 2564 1655 2582 ιι
1673 2556 1702 2583 l‘.
1723 2557 1838 2584 Octavio

1045 2603 1146 2630 relictis
1157 2607 1184 2630 et
1197 2603 1262 2629 mibi
1279 2603 1396 2630 traditis.
1413 2601 1449 2628 Ex
1466 2603 1564 2636 quibus
1579 2602 1685 2630 collatis
1699 2611 1762 2630 cum
1778 2605 1837 2631 aliis

1045 2649 1156 2675 totidem
1183 2648 1235 2676 mei
1259 2648 1424 2682 exemplaris
1450 2655 1500 2675 non
1525 2655 1618 2682 parum
1644 2648 1711 2675 lucis
1727 2656 1760 2675 ac
1778 2650 1836 2675 ﬁll-ri

1045 2694 1148 2729 accepi.
1176 2694 1261 2720 Roma
1292 2701 1345 2720 non
1375 2693 1462 2720 solum
1492 2693 1687 2720 conferendum
1722 2694 1837 2721 indicem

1046 2747 1265 2776 argumentorum
1282 2746 1309 2767 et
1331 2740 1528 2775 principiorum
1551 2743 1657 2771 curavi,
1674 2741 1720 2767 sed
1737 2741 1838 2768 exseri-

1046 2789 1147 2814 bendas
1171 2787 1252 2814 etiam
1279 2786 1421 2820 plurimas,
1449 2791 1504 2812 Iunt
1530 2794 1598 2820 quas
1622 2794 1675 2814 non
1698 2787 1835 2817 haberem,

1051 2839 1107 2861 tum
1134 2841 1227 2862 earum
1259 2840 1326 2869 qttas
1359 2833 1498 2861 haberem.
1525 2832 1558 2860 Et
1584 2832 1693 2868 quidem
1722 2833 1787 2861 duas
1812 2841 1837 2862 ct
