1874 3055
78 111 118 142 1Ξ5
555 111 758 143 FRANCISCI
777 110 818 140 SC

555 111 758 143 FRANCISCI
777 110 911 141 SCOBSI
929 111 1148 147 PROOEMIUM
1164 117 1219 148 ΙΙΙ.

76 170 155 203 viginti
173 169 294 203 integras
318 169 430 204 accepi;
456 170 553 204 quibus
575 170 597 197 si
622 170 703 196 addas
726 167 852 196 und-“cini

74 220 107 249 ti;
117 217 147 243 τὰ
161 216 258 242 ἐωοιιιὰ
273 221 301 243 et
319 217 390 244 aiias
405 225 456 243 non
472 224 569 250 paucas
584 217 617 243 de
630 216 741 247 sanctis,
757 215 778 241 si
797 222 849 241 non

75 272 165 295 oti-nes,
185 267 259 289 certe
278 263 426 290 maximam
448 267 548 296 partem
565 262 763 289 homiliarnnte
779 260 855 287 Vati-

75 319 130 338 caua
159 310 323 337 bibliotheca
357 309 532 343 dcpmmptas
566 309 652 343 possis
683 314 852 342 agnoscere;

76 359 160 394 quibus
177 365 235 384 eum
259 356 430 384 conveniant
449 363 487 383 ca:
503 362 562 389 qua:
579 355 604 381 in
626 360 741 388 utroque
762 361 855 380 exent-

76 405 132 438 plari
147 410 199 431 ttnn
215 403 429 433 Panortnitauo,
447 407 500 428 tum
519 401 658 428 Gallicana
674 400 723 434 (sic
739 407 770 426 ea
789 394 854 424 voco

76 450 240 484 distinguendi
273 450 388 484 gratia).
419 450 452 475 de
482 449 589 476 ueteris
621 447 692 474 idem
719 447 852 481 judicium

76 499 178 533 prudens
200 497 292 524 facere
319 498 426 530 possis;
447 500 474 523 et
493 503 588 522 omnes
612 495 722 530 perirnle
741 494 853 525 halterr,

77 552 103 572 2c
112 544 132 570 si
144 550 234 570 omnes
245 543 360 569 utnnino
375 543 480 569 collatae
494 541 618 573 fuissent,
633 545 658 567 ct
671 548 702 567 ex
717 539 852 566 Vaticana:

76 590 230 617 liibliOIhcca:
251 588 304 615 [ide
319 595 338 618 ιι
351 596 394 615 me
411 589 549 615 traductas
569 587 774 622 puldicatasquc
789 593 852 612 ceu-

75 643 135 664 scre.
147 634 209 661 Illud
223 633 308 661 etiam
326 634 477 661 monuerim
491 633 523 659 ad
538 632 751 659 continuandam
769 631 851 665 hujus

76 683 150 716 operis
174 681 262 711 ﬁdem,
294 688 350 707 una
373 685 485 715 excepta
509 679 629 711 homiiia,
657 679 689 704 de
705 678 851 713 legisperio

77 730 235 763 interrogante
256 727 402 755 Dominum
420 726 525 763 (homil.
548 726 598 760 XI).
616 725 734 760 reliquas
756 731 851 751 omnes

77 783 101 802 et
115 775 210 802 duobus
229 775 379 809 tribusque
396 773 597 807 exemplaribus
616 773 686 800 inter
701 780 729 799 se
744 772 850 809 collatis

77 829 136 848 auie
150 821 270 855 proferri.
288 821 368 854 Quod
391 821 416 848 in
439 821 603 854 singularum
629 820 700 846 notis
724 818 850 846 animad-

78 874 183 901 vertant;
200 869 243 895 ubi
261 868 371 895 etiamsi
389 868 452 902 quid
469 867 546 894 lectio
561 867 657 897 variet.
673 867 695 893 si
712 866 775 900 quid
791 874 848 893 mea

77 916 214 951 conjectura
231 920 392 943 correctum
411 916 618 948 restitutumque
635 914 682 946 sit,
698 913 719 940 si
738 914 800 948 quid
817 920 849 940 ex

78 963 186 989 omnibus
211 962 380 989 lectionibus
408 962 508 988 rectius
541 960 665 987 videatur
688 964 714 986 et
741 959 848 992 verius,

77 1010 136 1044 quod
154 1014 239 1036 tamen
257 1009 296 1035 sit
313 1007 431 1042 alicujus
452 1007 590 1038 momenti,
610 1005 770 1034 admonebo.

273 1065 287 1101 §
309 1065 352 1093 Ill.
372 1065 443 1093 Ordo
459 1064 639 1092 Itomiliarum.

106 1125 156 1152 Non
170 1129 210 1152 est
225 1124 278 1151 alia
296 1124 384 1151 series
405 1124 498 1150 harum
518 1123 701 1155 homiliarum,
720 1129 800 1157 quam
817 1129 848 1148 ea

80 1179 121 1205 qua
137 1176 197 1198 sunt
220 1170 363 1206 evangelia
386 1178 433 1205 per
452 1171 509 1197 dies
535 1169 688 1197 Dominicos
713 1169 849 1202 festosque

79 1220 216 1244 sanctorum
228 1224 275 1250 per
287 1224 390 1243 annum
402 1215 558 1244 Graecorum
577 1216 629 1241 ritu
650 1215 762 1249 digesta.
776 1215 849 1242 Cott-

79 1266 123 1290 μοι
135 1268 215 1289 autem
235 1270 288 1289 non
309 1263 396 1290 solum
414 1264 445 1289 ὲκ
462 1262 508 1288 τοῦ
523 1260 782 1297 Εὑαγγελισταρίου,
798 1261 849 1288 hoc

81 1315 120 1341 νει,
134 1310 197 1337 libro
211 1317 266 1344 quo
285 1310 424 1342 :vangelia
446 1309 579 1342 descripta
595 1313 659 1335 sunt
678 1308 703 1334 in
721 1307 849 1340 Liturgiis

82 1356 211 1387 trcimnda,
227 1364 276 1383 nec
296 1363 331 1382 ex
345 1355 453 1382 Menzris
464 1355 562 1386 solum,
589 1355 615 1382 in
638 1354 735 1388 quibus
755 1361 849 1388 preces

80 1406 101 1428 ct
112 1401 190 1436 hymni
204 1405 362 1428 sanctorum
373 1407 422 1434 per
435 1406 540 1426 menses
555 1398 687 1433 dispositi.
707 1397 753 1424 sed
767 1397 847 1424 etiam

80 1455 104 1473 ex
126 1452 213 1474 nostro
228 1445 398 1480 Theophane
427 1446 452 1472 in
479 1445 589 1472 homilia
617 1444 695 1478 cujus
718 1444 847 1470 initium:

83 1491 228 1526 Ἐπειδήπερ
254 1491 345 1526 ἀρχὴν
371 1491 476 1526 εἰλήφει.
492 1491 613 1526 σήμερον
630 1489 732 1525 (Itomil.
746 1488 848 1523 v),qu0

78 1538 157 1564 ordine
173 1538 314 1572 evangelia
331 1537 476 1564 distributa
493 1537 558 1564 sint.
572 1535 702 1563 lnchoant
717 1535 787 1562 enim
800 1542 849 1561 an-

79 1592 131 1610 num
144 1584 358 1612 ecclesiasticum
373 1593 386 1610 a
403 1583 572 1618 Septembri;
591 1587 618 1609 et
635 1582 773 1609 Dominica
789 1585 848 1615 post

78 1630 257 1658 Exaltationem
285 1635 388 1658 sancta:
404 1630 492 1658 crucis
515 1637 548 1656 ex
566 1629 595 1656 S.
612 1629 681 1656 Luca
698 1628 787 1662 legere
805 1628 847 1654 in-

79 1677 176 1710 cipiunt.
194 1684 278 1710 usque
291 1677 325 1703 ad
339 1676 596 1711 Quadragesimam:
612 1683 665 1710 quo
681 1679 800 1709 tempore
811 1682 844 1701 ex

79 1723 154 1751 Marco
164 1731 246 1758 usque
261 1723 295 1750 ad
310 1722 429 1752 Pascha;
444 1722 506 1748 hinc
517 1728 601 1755 usque
618 1721 650 1748 ad
667 1720 845 1747 Peulecostcn

80 1777 105 1795 ex
128 1769 243 1795 Joanne:
260 1768 360 1795 exinde
375 1775 407 1794 ex
424 1766 451 1794 S.
467 1766 603 1798 Mattltzeo,
620 1773 673 1800 quo
686 1765 778 1792 orbem
797 1773 847 1791 an-

79 1822 146 1841 nuum
170 1814 297 1841 claudunt
316 1814 341 1840 in
363 1812 496 1848 ’Augnsto.
520 1812 596 1844 Quod
613 1812 696 1838 etiam
714 1812 741 1838 in
755 1811 847 1838 codice

82 1862 191 1889 Vaticano
206 1867 268 1897 post
283 1861 423 1889 homiliatn
444 1861 480 1888 De
494 1865 586 1887 sanclo
602 1859 707 1886 Joanne
723 1859 846 1894 Baptism

84 1908 169 1942 (homil.
183 1908 238 1943 ut)
250 1915 312 1942 qua:
323 1908 426 1942 incipit,
440 1907 536 1938 Καλῶς
554 1907 711 1941 ἐφήρμοσεν
727 1907 743 1940 ἠ
759 1905 844 1938 τάξις,

84 1954 221 1980 adnotatum
238 1959 282 1981 cst
301 1954 343 1981 his
356 1954 455 1984 verbis,
467 1953 568 1979 ’ἰστέον
587 1953 627 1979 ὅτι
642 1952 694 1983 ἕως
708 1948 759 1977 ὦδε
777 1951 846 1985 πλη-

82 1999 192 2034 Mune
204 2000 364 2036 μηνολόγιον
378 1999 431 2026 ἀπὸ
439 1999 485 2025 τοῦ
495 1997 684 2034 Σεπτεμϐρίου
695 1998 846 2034 ἀρχόμενον

80 2047 144 2072 οἱονεὶ
161 2048 205 2073 καὶ
228 2047 259 2073 τὸ
288 2046 364 2077 τέλος
386 2047 432 2072 τοῦ
458 2045 614 2080 Αὐγούστου
644 2045 844 2079 τελειούμενον.

83 2090 213 2123 Sciendum.
229 2095 300 2126 quod
315 2093 358 2119 hic
369 2092 463 2118 desinit
483 2091 657 2126 menologium
670 2099 686 2117 α
701 2089 846 2126 Septembri

81 2138 186 2172 incipiens
203 2143 227 2165 et
254 2139 282 2166 in
308 2139 360 2172 [itte
382 2138 494 2173 Augusti
513 2137 680 2172 completum.
695 2137 784 2172 Atque
802 2137 845 2163 hic

82 2185 134 2211 ordo
148 2185 303 2220 plerumque
319 2188 423 2212 constat
438 2185 463 2210 in
476 2184 601 2211 omnibus
621 2183 760 2210 codicibus
777 2191 843 2210 mss.

82 2231 117 2262 qui
135 2237 221 2257 omnes
238 2230 369 2265 ittcipiunt
392 2231 425 2257 ab
439 2229 548 2256 homilia
566 2230 607 2261 εἰς
631 2229 680 2264 τὴν
702 2229 843 2261 Ἴνδικτον,

83 2275 129 2309 ἢτοι
143 2276 223 2311 ἀρχὴν
240 2276 287 2303 τοῦ
299 2278 359 2303 νέου
379 2275 468 2308 ἔτους,
488 2283 547 2310 qua:
562 2281 603 2303 est
617 2276 651 2303 de
668 2283 761 2303 mense
776 2275 844 2309 Sep-

85 2322 172 2352 tembri,
195 2327 220 2349 et
239 2322 375 2354 desinunt,
404 2323 475 2357 qitod
502 2322 535 2348 ad
559 2321 698 2356 evangelia
724 2322 845 2357 κυριακά

84 2367 161 2394 a'tinel
172 2387 179 2400 ,
202 2368 227 2394 in
245 2375 303 2395 eam
320 2374 381 2400 qua:
397 2372 438 2394 est
451 2367 483 2393 de
495 2367 575 2393 dicite
593 2367 773 2400 interrogante
790 2365 843 2391 Do-

83 2413 164 2438 minum
183 2413 282 2447 (ltomil.
298 2411 379 2447 XLV);
395 2412 466 2447 quod
486 2419 551 2440 vero
570 2413 603 2438 ad
627 2412 710 2444 festa,
734 2412 759 2438 in
784 2419 842 2438 eam

85 2465 131 2492 qua
145 2463 182 2486 est
193 2460 223 2486 de
237 2459 267 2487 S.
282 2459 397 2486 Joannis
411 2459 538 2493 Baptism
551 2458 726 2486 decollatione
736 2459 841 2493 (homil.

85 2504 138 2537 ut),
153 2505 176 2531 in
194 2506 268 2540 cujus
285 2506 416 2540 protentio
433 2506 491 2539 ipse
511 2499 691 2539 Theophanes
712 2505 775 2531 illud
793 2504 843 2532 ad-

86 2550 158 2582 vertit,
174 2556 242 2578 recte
259 2552 285 2578 in
302 2552 362 2586 ipso
377 2551 405 2578 S.
420 2551 590 2578 Praecursore
607 2551 675 2578 ﬁniri
693 2558 804 2583 annum,
816 2553 844 2576 cl.

86 2595 164 2621 exinde
184 2604 278 2623 novum
305 2596 439 2629 inchoari,
467 2598 538 2631 quod
562 2598 618 2631 ipse
641 2597 723 2624 fuerit
737 2597 843 2624 medius

86 2639 141 2667 inter
162 2647 272 2670 veterem
295 2642 382 2676 legem
399 2647 425 2669 et
447 2651 555 2669 novam.
575 2643 650 2670 llunc
665 2644 786 2670 ordinem
803 2643 839 2670 ri-

87 2691 176 2721 tumque
188 2689 387 2724 evangeliorum
401 2691 480 2717 etiam
494 2691 612 2717 retinere
629 2691 654 2716 in
673 2695 764 2717 nostro
775 2690 843 2716 libro

86 2733 156 2761 Visum
176 2743 291 2770 aequum.
320 2735 447 2763 nimirum
475 2741 505 2763 ut
528 2737 682 2772 antiquitati
707 2736 794 2764 Patris
816 2741 844 2764 et

87 2779 184 2806 codicum
201 2781 356 2808 auctoritati
375 2786 401 2807 et.
416 2780 509 2807 Grccco
522 2782 604 2808 veteri
623 2782 686 2808 ritui
703 2782 778 2808 locus
794 2783 841 2808 da-

87 2828 142 2851 retur
151 2833 219 2853 suus.
231 2827 298 2854 Nam
312 2826 417 2854 etiamsi
435 2828 466 2854 ad
478 2827 604 2855 Romana:
615 2827 741 2856 Ecclesia:
758 2829 837 2856 ritutn

1644 119 1695 152 19.6

907 172 1123 208 positionemque
1153 175 1355 210 evangeliorum
1379 177 1404 204 in
1435 185 1465 205 ea
1496 178 1622 206 usitatam
1646 187 1694 206 cas

908 219 1037 245 ordinare
1054 220 1244 254 voluissemus,
1261 230 1308 250 nec
1319 230 1414 250 ontnes
1429 231 1567 252 sermones
1580 226 1692 259 explere

907 264 1061 292 Dominicos
1075 265 1211 301 festosque
1226 268 1375 301 potuissent
1390 269 1458 301 dies,
1471 274 1497 296 et
1509 270 1604 304 aliqua:
1615 274 1691 296 ostra

907 311 1059 338 Dominicas
1070 311 1207 346 festosque
1218 314 1309 348 vagari
1322 313 1488 341 debuissent.
1499 314 1535 341 Ut
1546 315 1616 341 enim
1630 323 1689 341 cum

905 360 999 383 nostro
1026 358 1078 383 ritu
1107 359 1271 385 conveniant
1297 359 1399 393 aliqua.
1429 359 1503 393 plura
1528 360 1691 392 discrepent,

906 407 996 429 tamen
1013 411 1100 437 neque
1115 404 1235 431 'ntuitum
1251 405 1383 431 interesse
1398 406 1430 431 ad
1445 405 1587 432 utilitatem
1607 405 1692 432 loeto-

904 457 963 475 rttnt
979 449 1063 476 visum
1090 454 1133 477 est
1157 458 1240 477 suone
1266 457 1299 477 an
1320 456 1413 478 nostro
1432 451 1632 478 collocarentur
1645 459 1692 477 or-

904 495 976 527 dine,
1007 503 1068 522 cum
1103 495 1170 522 satis
1199 496 1223 522 ei
1252 496 1406 522 consultum
1430 501 1501 523 esset
1529 497 1550 523 si
1576 497 1690 523 indicent

903 541 1068 575 peculiarem
1081 542 1281 576 evangeliorum
1297 542 1425 568 llomanm
1446 542 1573 569 Ecclesia:
1589 542 1706 569 deseriv.

904 586 1042 617 heremus,
1067 587 1093 612 in
1120 587 1218 620 quibus
1241 587 1319 621 hujus
1342 586 1428 613 Patris
1451 587 1586 622 expositio
1607 587 1692 621 possit

903 631 1007 658 haberi.
1037 630 1225 660 Verumtamen
1252 633 1332 659 etiam
1355 632 1484 666 optimttm
1508 633 1580 659 factu
1603 632 1689 659 visutn

901 681 953 708 est,
975 681 1004 703 ut
1018 677 1144 705 homilias
1158 678 1184 704 in
1201 678 1337 712 evangelia
1355 677 1528 705 Dominicalia
1550 678 1690 712 disjttltgo-

902 731 992 751 remus
1013 723 1048 750 ab
1073 724 1106 751 iis
1127 731 1186 758 quae
1205 729 1269 751 sunt
1309 724 1334 750 itt
1360 723 1429 751 festa
1474 729 1642 754 sanctorum,
1663 729 1692 750 ut

902 774 1078 803 utrarumque
1110 769 1256 796 ἀκολουθία
1285 770 1452 796 commodior
1481 775 1508 796 et
1538 770 1687 797 evidentior

902 818 983 841 esset.
1013 814 1172 848 Quanquam
1191 815 1263 841 enim
1284 814 1402 842 homilia:
1421 815 1446 841 in
1469 815 1606 849 evangelia
1623 822 1687 841 san-

901 865 1007 888 ctorum
1028 861 1083 887 sint
1105 860 1253 894 interjecue
1272 859 1418 888 Dominicis
1441 860 1556 894 diebus,
1582 868 1689 887 Sl‘l'VﬂlO

901 908 995 934 eodem
1009 907 1071 934 anni
1089 907 1215 938 decursu,
1233 911 1323 934 tamen
1338 907 1442 934 variant
1456 907 1569 934 miriﬁce
1583 907 1690 933 codices

902 955 928 980 in
946 954 988 980 itis
1002 954 1071 980 inter
1085 959 1113 979 se
1126 952 1296 984 ordinandis,
1310 957 1339 979 ut
1356 952 1382 979 in
1400 952 1459 979 aliis
1479 951 1528 979 alia
1543 951 1687 986 prati-edat,

902 1001 955 1027 alia
974 1000 1165 1033 subsequatur.
1183 998 1273 1032 Quare
1288 1006 1348 1026 cum
1362 1006 1447 1033 neque
1462 1004 1553 1025 certus
1566 1005 1597 1024 ex
1614 997 1690 1025 codi-

901 1047 978 1074 cibus
996 1046 1076 1072 statui
1094 1045 1179 1079 possit
1197 1044 1273 1077 ordo,
1297 1051 1345 1072 nec
1367 1049 1441 1071 esset
1468 1044 1560 1077 religio
1581 1043 1687 1070 illorum

900 1092 1025 1120 deserere
1040 1091 1212 1124 ἀκολουθίαν,
1230 1091 1308 1117 modo
1323 1090 1462 1116 commoda
1476 1089 1563 1124 aliqua
1579 1094 1605 1116 et
1618 1097 1686 1116 cou-

899 1143 1030 1166 sentanea
1047 1138 1245 1169 institueretur,
1259 1137 1293 1162 ah
1309 1136 1402 1162 altoris
1417 1135 1517 1162 alteros
1532 1135 1688 1170 discerpere

899 1184 985 1212 satius
1009 1184 1151 1215 duximus,
1175 1187 1201 1210 ct
1223 1182 1298 1216 quasi
1321 1181 1467 1207 secundum
1485 1185 1585 1207 tomum
1600 1185 1688 1207 etno-

900 1236 961 1256 vum
979 1228 1084 1254 initittnt
1102 1226 1191 1254 facere
1209 1228 1241 1253 ab
1262 1225 1372 1252 humilia
1395 1225 1427 1251 de
1445 1231 1538 1252 sancto
1557 1224 1687 1251 Demetrio

899 1274 1005 1308 (homil.
1023 1274 1105 1308 xcvi).
1121 1273 1280 1308 Quanquam
1296 1272 1339 1298 illa
1356 1279 1417 1306 qum
1431 1276 1472 1298 est
1492 1272 1520 1298 in
1539 1271 1688 1303 anniprin-

899 1321 1007 1356 cipium.
1036 1328 1096 1347 cum
1123 1320 1158 1346 sit
1181 1324 1262 1354 caput
1286 1327 1338 1346 non
1361 1320 1448 1346 solum
1473 1318 1615 1348 festorum,
1640 1317 1686 1343 sed

899 1367 979 1394 etiam
997 1366 1210 1398 Dontinicarum,
1222 1365 1401 1399 stabilemque
1417 1366 1506 1391 sedem
1520 1363 1546 1390 in
1558 1363 1686 1390 omnibus

898 1413 1037 1439 codicibus
1053 1412 1161 1444 haheat,
1181 1412 1270 1446 priuto
1295 1411 1386 1438 itidem
1411 1410 1470 1437 loco
1488 1409 1640 1444 p03uimus.
1656 1412 1686 1434 ut

897 1460 1017 1487 omnium
1041 1459 1154 1486 chorum
1178 1459 1303 1490 duccrcl;
1326 1461 1457 1492 praeterea
1481 1455 1619 1482 homiliam
1637 1461 1686 1481 seu

898 1507 986 1540 potius
998 1505 1147 1532 orationem
1157 1505 1183 1531 in
1199 1504 1390 1531 EIallationem
1402 1507 1498 1529 astricta:
1511 1501 1603 1528 Cruris
1628 1506 1688 1534 qua:

897 1559 963 1578 sane
975 1551 1007 1578 de
1019 1551 1088 1578 festo
1102 1554 1152 1582 est,
1163 1557 1223 1577 cttnt
1235 1554 1337 1576 certam
1355 1547 1444 1574 iui-lcm
1456 1547 1576 1574 videatur
1588 1545 1688 1572 habere

897 1597 990 1624 sedem
1010 1597 1035 1623 in
1066 1595 1205 1623 codicibus
1222 1595 1348 1622 omnibus
1366 1599 1423 1628 post
1441 1592 1604 1620 Dominicam
1618 1597 1687 1625 pra:-

897 1643 1037 1670 cedentem
1065 1643 1115 1669 hoc
1143 1641 1252 1673 iustum,
1282 1645 1309 1668 et
1336 1648 1390 1674 quo
1412 1639 1498 1666 amba:
1514 1637 1630 1665 homiliaa
1653 1636 1686 1663 ad

899 1689 928 1715 S.
947 1695 1056 1715 crucem
1071 1687 1237 1722 pertinentes
1258 1693 1287 1713 se
1311 1685 1426 1712 invicem
1443 1687 1686 1717 consequerentur,

898 1742 956 1762 eam
984 1742 1043 1768 qua:
1061 1734 1093 1760 de
1117 1733 1187 1760 festo
1210 1737 1253 1760 est
1267 1731 1446 1759 aduexuintus
1466 1730 1489 1756 ei
1511 1736 1570 1763 qua:
1586 1732 1628 1755 est
1653 1727 1686 1753 de

899 1781 1057 1813 Dominica;
1086 1779 1205 1813 reliquas
1229 1785 1325 1805 omnes
1346 1775 1533 1811 seposuimus,
1567 1778 1594 1800 ut
1618 1772 1684 1799 dixi.

897 1826 1021 1853 llomilia:
1038 1826 1078 1856 εἰς
1088 1824 1122 1851 τὰ
1134 1824 1244 1855 ἐωοινὰ,
1262 1823 1313 1849 hoc
1325 1825 1379 1853 est,
1403 1821 1429 1847 in
1440 1819 1561 1847 undecim
1574 1817 1685 1844 matuti-

897 1871 969 1898 nnlia
986 1870 1133 1905 evangelia,
1158 1868 1281 1903 quamvis
1306 1867 1378 1894 inter
1399 1864 1581 1903 Dominicalc§
1593 1870 1686 1890 recon-

896 1917 948 1944 seri
967 1917 1087 1951 possint,
1118 1920 1209 1942 tamen
1234 1919 1376 1949 postrema:
1403 1912 1523 1939 omnium
1550 1911 1575 1937 in
1605 1910 1684 1937 codd.

896 1963 1095 1989 describuntur.
1111 1961 1145 1987 Iis
1162 1964 1274 1986 utuntur
1290 1958 1376 1986 Grznci
1392 1965 1443 1984 non
1465 1957 1489 1984 iu
1507 1955 1637 1990 Liturgia,
1654 1960 1685 1981 ut

896 2008 1017 2040 ueteris,
1033 2007 1079 2033 sed
1099 2006 1125 2032 in
1147 2005 1242 2032 Ollicio
1265 2003 1418 2034 matutino,
1445 2003 1496 2029 hoc
1522 2003 1633 2033 ordine.
1655 2005 1685 2027 ιιι.

896 2052 1015 2086 singulas
1029 2050 1142 2086 singulis
1164 2049 1314 2077 Dominicis
1335 2048 1465 2080 recitent,
1491 2048 1653 2081 incipientes
1669 2054 1683 2071 ιι

897 2099 985 2135 primo
1003 2105 1088 2132 usque
1114 2097 1148 2123 ad
1172 2095 1344 2123 undecimum
1366 2101 1373 2120 :
1395 2093 1494 2128 quibus
1519 2092 1634 2126 expletis
1657 2092 1685 2118 iu

897 2147 988 2174 orbem
1005 2145 1130 2178 redeunt,
1145 2148 1227 2175 atque
1250 2143 1285 2170 ita
1303 2148 1466 2176 unoquoque
1485 2140 1625 2167 Dominico
1642 2140 1685 2166 die

898 2201 979 2221 unum
1000 2200 1033 2219 ex
1059 2191 1099 2219 Itis
1125 2190 1273 2225 evangeliis
1290 2189 1392 2224 legunt,
1415 2193 1495 2223 prout
1518 2187 1622 2214 incidit.
1640 2186 1686 2214 Eae

898 2241 980 2275 igitur
997 2239 1114 2266 homiliaa
1133 2245 1193 2265 eum
1219 2243 1301 2264 unum
1320 2235 1478 2263 contineant
1495 2238 1684 2268 argumentum

898 2285 1117 2314 Resurrectionis
1136 2284 1249 2314 Christi,
1275 2287 1335 2317 post
1355 2281 1493 2309 homiliam
1509 2280 1541 2307 de
1554 2278 1686 2306 Passioue

897 2332 1033 2360 collocare
1053 2331 1139 2357 visum
1169 2335 1210 2356 est
1227 2333 1328 2356 rcctmn
1342 2347 1351 2361 ,
1378 2328 1429 2355 hac
1451 2328 1508 2361 ipsa
1528 2327 1560 2354 de
1584 2333 1684 2357 causa,

897 2377 959 2412 quia
974 2377 1006 2404 de
1019 2375 1228 2403 Resurrectione
1243 2379 1304 2400 sunt
1317 2381 1324 2405 ;
1341 2380 1409 2407 quas
1425 2373 1522 2400 deinde
1543 2370 1685 2398 commode

897 2426 1103 2457 consequuntur
1119 2419 1236 2447 homilize
1251 2419 1282 2445 de
1298 2418 1461 2445 Ascensiane
1488 2421 1515 2444 et
1539 2418 1570 2442 de
1589 2415 1684 2442 Pente-
1716 2452 1719 2456 _

896 2474 977 2501 caste,
993 2474 1148 2502 quanquam
1169 2465 1239 2492 inter
1253 2465 1303 2491 has
1321 2468 1348 2491 et
1363 2471 1409 2491 eas
1433 2464 1465 2490 de
1485 2463 1686 2490 llesurrectione
1721 2461 1723 2464 ’

896 2513 1063 2540 intercurrat
1090 2510 1201 2537 homilia
1227 2510 1260 2536 de
1285 2508 1475 2541 Samaritana,
1503 2515 1563 2542 qure
1586 2512 1626 2534 est
1649 2514 1685 2534 ex

896 2557 1039 2592 Evangelio
1069 2557 1100 2583 S.
1121 2555 1244 2585 Joannis.
1271 2558 1298 2580 et
1327 2553 1476 2593 Dominica‘
1493 2558 1553 2586 post
1578 2553 1684 2580 Pascha

896 2604 1005 2638 legitur.
1035 2602 1075 2628 Ad
1102 2601 1168 2632 lucc,
1195 2599 1303 2626 homilia
1333 2599 1365 2626 de
1395 2599 1551 2626 Ascensione
1576 2598 1682 2624 Domini

896 2649 966 2675 idem
994 2647 1075 2674 habet
1099 2644 1267 2679 evangelium
1292 2648 1372 2677 atque
1394 2650 1425 2669 ea
1449 2650 1508 2676 quae
1533 2643 1560 2668 in
1580 2647 1681 2668 sextum

895 2692 1068 2722 matutinum,
1084 2697 1143 2723 qua:
1160 2695 1241 2714 causa
1260 2692 1300 2714 est
1320 2695 1369 2714 cur
1386 2695 1400 2714 a
1421 2695 1534 2714 numero
1555 2687 1680 2713 undecim

895 2735 1134 2765 horniliarumhxc
1144 2734 1224 2765 absit,
1238 2738 1344 2760 servata
1358 2738 1446 2760 tamen
1464 2733 1490 2759 in
1503 2731 1681 2767 sequentibus

895 2782 999 2810 nuntcri
1017 2781 1135 2812 ratione;
1155 2785 1181 2806 at
1197 2779 1258 2813 quia
1274 2779 1317 2805 illa
1335 2778 1496 2813 protendunt
1509 2778 1631 2806 continet.
1647 2778 1680 2803 de

897 2829 966 2856 {esto
980 2827 1022 2856 die
1038 2825 1221 2859 Ascensionis,
1239 2824 1332 2853 eodetn
1352 2825 1445 2853 ordine
1462 2824 1618 2853 collocanda
1628 2823 1681 2850 fuit
