1874 3055
217 142 266 174 127

215 205 269 231 quo
282 197 412 225 Ascenslo
425 197 554 231 praecedit
570 197 760 226 Pentecosten.
785 198 850 225 Illud
866 205 1000 234 postremo

216 244 242 269 in
257 244 308 270 ltoc
325 243 492 277 paragrapho
515 243 681 269 admonitum
701 243 826 270 lectorem
842 245 931 277 \‘clint,
953 253 1001 271 ne‘

214 296 266 322 quo
279 279 513 315 omnes'homilias
527 296 594 322 quas
613 289 747 315 edidimus
769 289 842 323 (sunt
857 297 944 316 autem
960 291 1000 317 hae

214 341 280 368 quas
296 341 344 367 pro
364 335 454 360 studio
474 333 667 368 diligentiaque
685 341 774 361 noetra
793 341 818 362 et
844 335 998 369 adiumento

214 381 362 406 amicorum
379 380 466 406 adhuc
481 379 613 411 adhibito,
630 381 747 414 reperire
760 382 893 414 potuintns
912 382 937 408 itt
957 382 997 408 bi-

213 424 373 455 bliothecis,
400 425 540 459 seXaginta
567 425 633 460 dum)
659 425 864 453 Dotninicalium
893 427 996 453 dieruttt

213 478 354 497 t-umeruttt
369 474 395 497 et
407 471 493 496 locum
505 471 623 504 explere,
634 471 712 497 siculi
730 480 815 505 tneque
826 477 995 504 sanctorum;

213 516 258 543 sed
273 516 371 542 multas
387 516 482 542 deesse
503 516 674 542 manifestum
696 522 746 543 est.
777 517 807 543 Et
825 518 931 550 quidem
947 519 995 543 ho-

213 562 293 589 tnilite
315 562 339 588 itt
363 562 390 589 S.
407 562 485 590 Luca-
504 562 642 595 evangelia
663 564 787 589 videntur
808 572 867 590 esse
891 565 996 591 ca-teris

212 607 313 641 plures,
329 615 481 642 quattquant
499 608 608 634 homilia
626 609 651 634 in
667 609 810 634 secundam
831 609 994 636 Dominicant

209 660 270 686 quae
292 658 344 683 est,
368 652 464 683 Καθὼς
480 652 570 679 θέλετε
590 653 633 680 La
647 653 760 679 ποιῶσιν
777 655 852 688 ἡμῖν,
871 660 934 686 ete.,
960 663 993 681 ex

209 707 269 732 cap.
287 707 312 725 vt
331 699 360 725 S.
378 698 457 726 Luca:
474 703 502 725 ut
520 700 627 732 ponitur
651 699 677 726 itt
698 700 919 734 Evangelistario,
937 701 995 728 sine

209 745 289 771 dubio
301 746 385 772 deest.
408 745 439 772 Et
455 753 488 772 tte
506 746 538 772 de
554 746 666 780 singulis
680 755 789 773 examen
805 747 936 774 habeatur
948 748 995 775 ad-

209 790 351 822 antnssim,
367 791 439 824 quod
457 791 566 825 iungunt
578 796 659 823 esset,
676 799 762 826 neque
779 794 844 818 tanti
857 799 909 825 est,
920 799 994 821 certe

209 835 234 861 In
252 835 371 863 homiliis
386 844 419 863 ex
443 835 472 863 S.
493 835 608 869 Joanne,
624 845 682 871 qnze
699 844 758 872 post
776 837 876 865 Pascha
898 839 993 873 leguli-

209 887 262 912 tur,
282 881 369 908 solum
388 889 419 908 ea
438 887 561 916 superest
578 890 638 916 qua?
662 889 702 910 est
723 884 753 910 de
767 883 950 916 Samaritana,
966 890 992 912 et

206 934 238 952 ex
256 926 373 954 homiliis
386 928 412 954 itt
430 928 569 962 evangelia
587 928 615 955 S.
631 928 760 962 MattlttL-i,
775 938 834 964 quae
850 937 908 965 post
923 931 992 958 Pett-

207 978 328 1001 teeostett
353 974 444 1008 plures
470 980 549 1005 suttt,
579 983 670 1009 pauca:
704 976 847 1002 admodum
873 982 989 1004 exstant.

178 1010 181 1013 i
207 1019 356 1046 Factuntne
375 1020 400 1047 id
424 1021 460 1047 sit
481 1022 544 1055 qttia
565 1013 644 1048 dicite
660 1029 711 1048 non
734 1026 796 1048 sunt
821 1023 863 1049 vel
883 1028 991 1056 propter

209 1065 311 1092 astatis
327 1066 439 1098 calores,
457 1067 498 1093 vel
514 1071 622 1101 propter
639 1068 787 1094 absentiam
806 1069 940 1102 episcopi;
956 1077 989 1096 an

205 1110 268 1142 quia
296 1110 375 1137 dicta:
398 1111 504 1144 quidem
521 1130 528 1143 ,
564 1120 616 1138 non
657 1116 745 1139 tamen
774 1114 929 1148 exseriptte,
948 1115 990 1140 vel

204 1154 346 1189 cxsr-ripta:
371 1155 510 1190 profecto,
543 1157 589 1184 sed
616 1157 784 1192 interierint,
813 1159 855 1186 vel
889 1160 989 1187 lateant

204 1201 292 1226 adhue
309 1201 333 1226 itt
351 1201 438 1235 aliqua
457 1202 618 1229 bibliotheca
636 1211 723 1238 neque
742 1205 774 1230 ad
790 1211 910 1232 nostram
927 1214 989 1240 pcr-

203 1245 327 1272 venerint
343 1247 478 1277 notitiam,
499 1255 550 1275 non
574 1249 659 1275 habeo
683 1255 787 1276 certum
803 1251 872 1284 quod
888 1252 987 1278 dicant.

205 1291 336 1318 Ilotnilias
357 1294 381 1319 itt
403 1293 443 1318 ulla
464 1295 553 1325 verba,
572 1294 688 1322 Lucerna
705 1298 821 1330 corporis
835 1302 873 1324 est
897 1300 988 1327 oculus

184 1342 230 1364 ,et
244 1337 270 1363 in
290 1337 390 1371 reliqua
413 1339 527 1372 ejusdem
544 1341 681 1374 euangelii,
706 1342 731 1368 in
751 1342 904 1370 Dontinicas
926 1349 987 1378 post

203 1381 380 1410 Pemeeoaten
399 1384 535 1418 conjicere
550 1386 636 1412 visum
653 1390 693 1412 est
713 1394 772 1412 cunt
793 1387 846 1414 sint
860 1396 891 1414 ex
906 1396 987 1415 cvan-

202 1428 273 1462 gelio
294 1428 324 1455 S.
340 1428 468 1462 Mattluci,
489 1431 538 1457 etsi
557 1431 583 1457 in
605 1431 694 1458 multis
714 1432 793 1459 codd.
819 1433 987 1467 reperiantur

203 1473 274 1499 inter
288 1481 336 1500 eas
351 1482 410 1508 qua:
425 1481 487 1502 sunt
502 1475 527 1502 in
543 1475 574 1502 D.
589 1475 700 1503 Lucam.
718 1477 782 1509 Sed,
800 1482 829 1504 ut
841 1478 907 1511 dixi,
925 1486 986 1506 cuttt

203 1523 310 1546 constet
323 1519 390 1546 ordo
413 1520 475 1546 anni
499 1528 553 1554 quo
576 1521 754 1555 disponuntttr
767 1525 916 1558 evangelia,
934 1533 986 1552 non

204 1568 293 1590 tamen
309 1564 474 1599 singulorum
489 1566 609 1598 Εὐταξία
623 1567 649 1594 in
668 1567 746 1596 codd.
759 1574 869 1603 apparet
883 1579 890 1596 :
905 1578 988 1604 quare

202 1613 276 1636 recta
294 1610 398 1637 ratione
414 1611 579 1646 arbitrioque
595 1618 687 1639 nostro
703 1614 742 1640 usi
758 1621 867 1648 sumus;
888 1616 937 1642 nisi
951 1617 985 1649 si,

201 1655 272 1688 quod
287 1661 374 1682 tamen
389 1664 431 1682 me
449 1657 522 1690 latet,
546 1658 617 1691 quod
632 1658 657 1685 itt
682 1659 836 1688 Graecorum
852 1661 904 1688 ritu
921 1670 987 1689 usit-

200 1706 253 1733 que
277 1700 312 1727 sit
338 1701 454 1734 positunt
481 1702 695 1738 μυστικώτερον.
709 1704 784 1736 Quod
808 1709 897 1734 tamen
921 1708 986 1734 tttilti

202 1744 324 1779 religioni
340 1754 392 1772 non
409 1745 488 1778 duco,
503 1754 576 1780 cum,
593 1752 621 1774 ιιι
637 1749 704 1780 dixi,
727 1752 794 1777 ordo
811 1751 855 1779 ltic
881 1760 932 1780 tton
951 1754 987 1780 sit

201 1797 233 1816 ex
252 1790 331 1818 rebus
348 1793 436 1825 magni
453 1794 590 1822 momenti.
610 1794 731 1822 doctrina
756 1797 841 1823 solunt
865 1803 892 1824 ct
906 1806 986 1826 eran-

201 1834 331 1867 grhorum
361 1835 505 1870 explicatio
534 1838 592 1864 usui
622 1839 656 1865 sit
682 1845 708 1866 et
735 1842 822 1875 magni
852 1842 984 1870 facienda.

200 1878 342 1907 Hotniliattt
368 1881 408 1912 el;
434 1881 479 1908 τὸν
507 1885 658 1918 γενόμενον
681 1886 788 1920 αὐχμὸν
810 1895 871 1914 cum
899 1896 986 1923 neque

201 1926 283 1958 diem,
303 1935 391 1962 neque
405 1933 510 1963 tempus
521 1931 584 1957 anni
598 1937 700 1958 certum
718 1933 826 1964 habeat,
843 1934 867 1960 in
881 1941 985 1968 postre-

202 1978 275 1997 llllllll
299 1973 452 2005 redegimus
479 1975 577 2008 locum,
599 1981 625 2003 et
647 1978 735 2011 potius
760 1984 836 2005 extra
862 1980 983 2007 ordinent

199 2023 279 2048 quattt
302 2017 327 2043 itt
343 2018 438 2045 ordine
463 2021 643 2054 reposuimus.
660 2023 747 2057 Atque
770 2024 826 2051 lnec
849 2030 985 2060 utcunque

199 2062 232 2087 de
250 2063 320 2088 serie
335 2063 507 2092 ltontiliarum
526 2067 652 2099 pra-dicta
672 2068 737 2100 sint,
764 2076 842 2103 quant
859 2075 937 2104 prout
957 2071 984 2098 itt

199 2111 293 2134 nostro
305 2107 357 2136 hoe
370 2108 439 2137 libro
453 2117 483 2137 se
501 2111 609 2145 habeat,
624 2113 798 2148 subjiciemus
811 2116 845 2143 ob
861 2116 964 2144 oculos.

390 2177 404 2212 ξ
424 2177 469 2205 lV.
488 2178 568 2206 Ratio
588 2180 794 2215 interpretandi.

233 2240 319 2274 Quam
336 2242 445 2271 dill‘tcite
460 2249 488 2272 et
506 2253 649 2280 operosum
668 2249 802 2283 negotium
819 2251 855 2277 sit
874 2259 907 2279 ex
931 2260 983 2280 una

197 2285 288 2321 lingua
305 2288 331 2314 itt
348 2288 427 2316 aliaat
447 2295 567 2318 velerttnt
593 2293 693 2326 scripta
715 2296 864 2329 traducere,
884 2298 907 2325 is
924 2306 982 2325 ont-

198 2332 273 2358 nium
292 2334 394 2367 optime
410 2336 484 2362 novit
497 2337 541 2371 qui
559 2338 710 2370 huiusmodi
728 2343 865 2375 negotium
885 2349 982 2371 tractat

196 2382 224 2404 et
240 2377 291 2406 ltoe
305 2386 399 2406 saxtutt
421 2387 518 2408 versat.
536 2382 574 2410 Ex
595 2384 693 2418 quibus
716 2387 839 2414 outnibus
864 2388 983 2416 luculen—

195 2423 318 2451 tissitnus
339 2426 414 2453 testis
430 2426 476 2458 sit,
500 2432 590 2462 utpote
612 2430 806 2460 scientissimus
831 2433 981 2468 linguarum

195 2470 333 2505 omnium,
348 2471 535 2508 Hieronymus,
554 2476 599 2509 qui
614 2479 640 2502 et
655 2484 687 2503 ex
702 2475 814 2505 Hebro-0
826 2486 901 2506 sacra
925 2488 982 2507 mo-

197 2522 341 2549 numenta,
368 2522 394 2545 et
418 2526 451 2545 ex
478 2519 572 2547 Graeco
599 2521 713 2548 aliorum
741 2524 822 2551 multa
852 2525 979 2553 traduxit.

199 2560 306 2596 Difﬁcile
330 2568 387 2595 est,
414 2564 501 2598 ittquit
519 2565 562 2592 ille
579 2566 605 2592 itt
638 2566 799 2595 Przcl'atione
822 2569 853 2595 ad
870 2569 979 2597 Eusebii

196 2606 362 2640 Chronicon,
378 2609 478 2636 alienas
494 2611 596 2638 litteras
611 2613 798 2647 insequentem,
820 2623 871 2641 non
884 2615 981 2643 alicubi

196 2654 332 2686 excidere;
347 2661 370 2682 et
380 2658 505 2690 arduum,
516 2665 541 2684 ut
554 2667 612 2692 qme
624 2660 652 2686 in
666 2661 719 2687 alia
733 2661 823 2695 lingua
837 2662 898 2689 bene
909 2663 981 2690 dicta

196 2705 269 2732 sunt,
290 2702 409 2728 eumdem
434 2702 551 2730 decorem
574 2706 600 2731 in
623 2706 797 2733 translatione
818 2713 979 2734 conservent.

198 2743 382 2779 S'gniﬁcatum
398 2752 434 2774 est
452 2749 552 2781 aliquid
568 2750 645 2776 anius
661 2752 730 2778 verbi
746 2753 916 2786 proprietate,
929 2762 980 2782 non

195 2789 279 2816 habeo
299 2799 382 2817 meum
398 2795 467 2826 quod
483 2793 508 2820 id
525 2795 635 2827 e/ferat;
667 2801 691 2822 et
707 2798 767 2822 dum
779 2806 868 2831 qua‘ro
878 2800 982 2833 explere

197 2837 365 2869 sententiam,
380 2837 458 2873 longo
474 2839 573 2866 ambitu
590 2842 632 2868 vix
651 2842 733 2869 bretis
754 2844 800 2870 cite
821 2846 903 2878 spatia
920 2854 981 2873 cott-

697 141 894 173 FRANCISCI
914 142 1045 172 SCORSl
1063 144 1276 173 PROCEMIUM
1297 143 1352 175 Ill.
1783 147 1826 178 l2‘l

1053 206 1138 224 sunto.
1152 201 1284 226 Accedunt
1304 200 1504 234 Ityperbatormn
1523 201 1674 235 anfractus.
1701 203 1825 230 dsssinuli-

1051 244 1155 270 trutinas
1165 252 1283 276 casuum,
1295 247 1431 272 varietates
1441 247 1584 280 ﬁgurarum
1594 256 1603 279 ;
1613 248 1696 281 ipsum
1706 255 1824 282 postrema

1051 297 1137 320 suum,
1160 294 1194 322 et,
1218 294 1247 315 ut
1271 291 1308 316 ita
1325 291 1422 324 dicam,
1445 293 1611 318 t-u'uacnlnnt
1628 293 1724 327 lingua:
1743 303 1823 328 genus.

1051 334 1081 361 Si
1095 336 1128 360 ad
1154 336 1256 362 verbum
1280 337 1446 369 interpretor,
1476 339 1586 364 absurde
1609 345 1731 370 resonat;
1753 340 1774 365 si
1797 342 1823 366 ob

1050 380 1227 406 necessitatem
1244 381 1344 415 aliquid
1363 383 1387 407 in
1404 382 1496 408 ordine
1509 383 1545 409 vel
1566 383 1591 409 in
1616 392 1734 410 sermone
1747 392 1824 411 mnta-

1049 433 1118 456 ttet'o,
1140 426 1172 451 ab
1197 427 1344 461 interpretis
1370 428 1477 454 videbor
1499 429 1580 463 ofﬁcio
1605 430 1747 457 recessisse.
1771 430 1824 457 [hec

1049 470 1077 497 S.
1099 471 1290 507 Hieronymus,
1306 475 1404 507 quibus
1420 474 1485 500 nihil
1502 479 1588 508 potest
1603 475 1707 508 planius
1722 476 1760 502 vel
1775 477 1824 509 ple-

1048 517 1108 542 nius
1122 517 1154 543 de
1170 518 1363 552 interpretandi
1383 519 1663 553 dillicultatihusdici;
1689 521 1753 555 quitt
1772 522 1824 555 ipse

1048 561 1151 589 Tullius
1163 563 1302 597 eloquendi
1317 565 1521 596 disertissimus,
1534 566 1576 592 cui
1588 567 1681 592 utirutn
1695 572 1737 593 est
1749 569 1822 594 verba

1047 608 1140 635 deesse
1164 610 1283 643 potuisse
1299 619 1306 636 :
1322 618 1382 636 curn
1401 611 1457 645 ipse
1471 612 1492 637 si
1510 612 1570 646 quis
1590 612 1658 639 alitts
1676 620 1822 640 sermonem

1046 654 1160 688 patrium
1178 656 1314 688 ditaverit,
1338 664 1426 684 ttoune
1441 658 1518 692 inops
1535 666 1595 685 esse
1612 659 1662 685 sibi
1679 659 1784 685 videtur
1800 661 1822 686 in

1045 701 1220 733 exprimenda
1239 702 1263 728 vi
1280 707 1306 728 ct
1328 704 1437 737 cnergia
1459 703 1612 730 ercarunt
1629 706 1744 731 vocum?
1764 705 1822 731 Nam

1045 752 1105 779 qua:
1124 746 1207 773 Stoici
1224 748 1387 782 προηγμένα
1403 753 1429 775 et
1451 749 1682 784 ἀποπροηγμένα,
1716 751 1772 778 haec
1786 751 1824 777 ille

1044 791 1187 824 aliquando
1195 798 1338 827 prargmata
1349 798 1375 820 ct
1384 801 1590 829 apopra‘gntata,
1604 796 1750 830 aliquando
1762 804 1824 830 prte-

1043 837 1128 868 posita
1141 837 1181 863 vel
1193 839 1326 872 pt‘wcipua
1339 844 1365 865 et
1383 840 1488 874 rejecta,
1506 849 1698 876 nonnunquam
1711 850 1824 876 promota

1043 886 1068 908 et
1085 888 1182 909 remota
1199 884 1289 917 vertit;
1307 891 1335 912 ut
1350 885 1426 912 ittitio
1441 886 1486 913 lib.
1503 895 1532 914 ιιι
1548 887 1584 914 De
1598 888 1695 922 ﬁnibus
1713 889 1762 916 sub
1776 891 1823 916 ila-

1046 928 1117 953 tonis
1130 935 1261 961 persona:
1274 929 1401 963 Equidem
1412 931 1481 958 soleo
1492 933 1657 967 etiam,quod
1670 942 1722 959 uno
1733 933 1822 967 Cra‘ri,

1042 973 1064 998 si
1081 972 1159 999 aliter
1173 982 1222 1000 non
1237 983 1352 1009 possunt,
1368 977 1436 1003 idem
1451 977 1569 1010 pluribus
1587 980 1670 1005 verbis
1684 988 1823 1013 exponere;

1042 1022 1064 1043 et
1081 1023 1166 1044 tamen
1178 1026 1240 1052 puto
1252 1020 1441 1048 coucedinobis
1457 1029 1586 1056 oportere,
1602 1030 1628 1049 ut
1645 1024 1738 1051 (ἐι-α’εο
1754 1026 1823 1052 verba

1042 1068 1158 1095 utamur,
1181 1065 1204 1091 si
1218 1066 1321 1100 quando
1335 1068 1421 1095 minus
1435 1075 1554 1097 occurrat
1575 1070 1709 1103 Latinam,
1733 1080 1764 1098 ne
1780 1073 1823 1098 hoc

1041 1109 1167 1143 ephippiis
1183 1117 1207 1136 at
1224 1113 1404 1145 acratophoris
1423 1114 1511 1148 potius
1534 1124 1611 1149 quam
1631 1118 1787 1150 pra'gzacnis
1801 1123 1823 1143 et

1040 1157 1243 1190 apopra'gmenis
1267 1159 1433 1191 concedatur,
1462 1169 1610 1195 quanquam
1636 1161 1691 1187 lum:
1717 1163 1818 1196 quidem

1040 1202 1182 1236 praJposita
1202 1207 1270 1229 recte
1284 1208 1308 1229 et
1332 1204 1429 1237 reiecta
1452 1204 1538 1231 dicere
1560 1205 1657 1233 lirebit.
1689 1207 1721 1233 Et
1748 1208 1823 1241 paulo

1040 1251 1099 1281 post
1125 1248 1151 1273 itt
1176 1248 1269 1274 eodem
1289 1249 1356 1275 libro
1375 1249 1407 1276 de
1434 1249 1529 1276 iisdem
1555 1251 1676 1285 loquens,
1703 1252 1755 1278 Sed
1779 1262 1820 1284 ea,

1039 1295 1137 1329 inquit,
1158 1304 1215 1329 qllll,’
1239 1297 1381 1323 secundum
1407 1298 1493 1324 locant
1510 1299 1624 1325 obtinent
1651 1301 1820 1335 προηγμένα,

1039 1341 1066 1366 id
1080 1346 1116 1367 est
1133 1342 1262 1375 producta
1279 1343 1458 1374 nominantur,
1475 1352 1532 1378 qua:
1547 1345 1584 1370 vel
1602 1346 1638 1372 ita
1655 1346 1820 1379 appellemus,

1039 1386 1066 1412 id
1079 1387 1127 1413 erit
1144 1387 1248 1414 uerbum
1261 1396 1275 1414 e
1294 1388 1380 1421 verba,
1408 1389 1446 1415 rel
1461 1396 1584 1424 promota
1605 1396 1628 1417 et
1646 1397 1759 1424 remota,
1785 1394 1822 1419 t'cl

1039 1435 1066 1457 ut
1083 1431 1182 1457 dudum
1200 1432 1331 1465 diximus,
1354 1434 1508 1467 praepOsita,
1532 1435 1570 1461 vel
1584 1436 1718 1470 przcciptta
1734 1442 1757 1463 et
1778 1438 1820 1463 illa

1039 1477 1149 1511 rcjecta.
1181 1476 1243 1504 [hec
1277 1477 1390 1506 Tullius.
1425 1479 1489 1512 Quae
1515 1480 1629 1507 duoruut
1657 1489 1819 1508 sununorunt

1039 1523 1157 1550 virorunt
1174 1525 1326 1551 testimonia
1345 1532 1377 1552 co
1398 1527 1546 1559 producere
1568 1527 1650 1560 volui,
1674 1529 1739 1554 utsi
1755 1529 1819 1555 idem

1039 1569 1104 1595 mihi
1134 1569 1159 1595 in
1188 1570 1238 1597 hac
1263 1571 1484 1605 interpretatione
1513 1573 1651 1600 condenda
1678 1575 1821 1609 contigisse

1039 1613 1137 1648 fatear,
1162 1616 1221 1642 sine
1242 1617 1342 1648 pudore
1366 1618 1487 1645 conﬁteri
1510 1626 1627 1653 possem.
1651 1620 1742 1652 Quare
1762 1629 1817 1647 cum

1038 1667 1124 1687 essent
1143 1661 1213 1688 inter
1231 1661 1290 1689 illos
1306 1663 1371 1690 dttos
1390 1664 1486 1690 modos
1511 1672 1556 1691 seu
1573 1665 1661 1699 potius
1689 1666 1756 1693 lines
1776 1674 1820 1692 ex-

1039 1711 1139 1734 tremos
1158 1707 1329 1739 interclusus.
1348 1710 1375 1736 itt
1399 1718 1511 1744 quorum
1526 1711 1685 1739 alterutrum
1703 1714 1724 1740 si
1740 1713 1818 1739 decli-

1038 1761 1141 1786 narem,
1158 1754 1182 1780 in
1201 1754 1293 1781 vitium
1308 1755 1484 1791 impingerem
1498 1764 1506 1783 :
1522 1757 1649 1784 nimirum
1665 1763 1693 1785 ut
1710 1759 1750 1785 vel
1765 1766 1820 1784 ver-

1038 1798 1100 1825 bttttt
1127 1807 1159 1825 ex
1181 1799 1262 1826 verbo
1291 1800 1429 1827 redderent
1448 1801 1552 1834 Grmea,
1579 1802 1666 1830 Latini
1691 1805 1820 1831 sermonis

1038 1843 1135 1870 (levare
1154 1844 1324 1878 posthabito;
1358 1846 1398 1872 vel
1421 1855 1529 1874 settsum
1553 1848 1639 1875 solum
1661 1855 1816 1882 spectarem,

1037 1888 1106 1914 nulla
1125 1888 1281 1917 Graecarum
1310 1898 1406 1918 vocum
1436 1892 1524 1919 habita
1553 1894 1674 1925 ratione,
1707 1903 1817 1929 quorum

1036 1934 1196 1962 alterutrum
1216 1935 1323 1964 facilius
1343 1943 1369 1964 et
1385 1938 1530 1971 proclivius
1550 1939 1668 1967 futurum
1686 1947 1758 1973 erat,
1777 1948 1818 1969 se-

1037 1986 1114 2008 cutus
1137 1989 1196 2009 sum
1222 1982 1275 2010 tale
1300 1988 1554 2018 temperamentum,
1573 1991 1603 2013 ut
1625 1994 1674 2014 nec
1699 1988 1769 2014 facta
1787 1989 1818 2014 ad

1037 2026 1147 2053 verbum
1174 2029 1301 2056 evaderet
1325 2030 1413 2064 inepta
1441 2031 1600 2065 translatio;
1617 2037 1644 2059 et
1668 2039 1757 2061 tamen
1784 2034 1817 2060 ita

1036 2079 1134 2099 sensus
1150 2072 1243 2099 Latina
1261 2074 1350 2108 phrasi
1366 2082 1411 2101 seu
1436 2076 1527 2110 potius
1550 2078 1737 2112 complexione
1754 2087 1817 2105 con-

1036 2124 1181 2151 verterent,
1199 2125 1226 2145 ttt
1241 2120 1330 2147 verbis
1346 2121 1427 2147 etiam
1443 2122 1556 2155 singulis
1574 2124 1662 2157 quoad
1691 2124 1751 2159 ejus
1764 2125 1816 2151 ﬁeri

1035 2169 1137 2198 posset,
1153 2165 1234 2192 verba
1252 2167 1455 2200 responderent.
1475 2167 1504 2195 [tt
1521 2175 1575 2202 quo
1587 2170 1712 2203 equidem
1727 2170 1816 2198 elabo-

1035 2216 1110 2236 rasse
1128 2210 1192 2236 nﬁhi
1210 2211 1318 2243 videor;
1341 2217 1430 2238 utruut
1447 2213 1497 2239 sint
1523 2221 1664 2241 assecutus
1686 2215 1732 2242 alii
1745 2215 1816 2250 judi—

1036 2260 1108 2281 cent.
1126 2255 1192 2282 Illud
1211 2256 1333 2289 prolCCIO
1349 2264 1439 2284 verum
1461 2258 1573 2285 dixerint
1594 2261 1738 2288 nonnullas
1757 2269 1816 2288 sen-

1037 2302 1144 2333 tentias,
1157 2303 1179 2327 si
1196 2310 1254 2328 meo
1267 2303 1393 2334 modo,et
1408 2312 1492 2336 more,
1503 2309 1574 2332 eteo
1585 2307 1719 2333 sermoais
1733 2306 1816 2332 Latini

1035 2346 1115 2381 stylo,
1135 2347 1176 2373 cui
1192 2355 1250 2374 sunt
1268 2354 1405 2380 assuetus,
1418 2350 1555 2384 explicare
1570 2351 1702 2383 licuisset,
1714 2353 1817 2386 elegan—

1035 2392 1088 2419 tius
1109 2397 1136 2419 et
1161 2393 1320 2421 concinnius
1346 2401 1393 2421 eas
1412 2394 1500 2422 ell'erri
1522 2397 1660 2430 potuisse;
1684 2399 1733 2424 sed
1757 2398 1817 2432 quia

1035 2437 1191 2470 interpretis
1207 2437 1294 2464 ollicio
1320 2437 1427 2473 ﬁdeque
1447 2440 1583 2474 obligatus
1606 2441 1672 2468 tnilti
1697 2443 1815 2472 videbar,

1033 2490 1081 2509 cas
1098 2489 1151 2508 non
1176 2488 1207 2509 ut
1229 2483 1384 2515 voluissem,
1409 2485 1455 2511 sed
1480 2491 1509 2512 ut
1532 2486 1685 2513 debuissem
1709 2486 1815 2513 Latinas

1035 2527 1141 2555 fecisse.
1160 2528 1230 2561 Quin
1250 2529 1333 2556 etiam
1351 2529 1415 2556 illud
1431 2538 1543 2558 Servare
1558 2531 1641 2563 volui,
1662 2537 1692 2558 ut
1709 2532 1766 2559 lnec
1780 2533 1816 2558 itt—

1037 2575 1217 2607 terprctatio,
1246 2576 1464 2610 quandoquidem
1495 2585 1525 2603 ea
1557 2585 1655 2604 usuros
1680 2578 1815 2604 crederent

1035 2619 1117 2646 etiam
1137 2627 1186 2653 pro
1214 2625 1340 2656 suggestu
1361 2629 1456 2649 sacros
1483 2627 1623 2655 oratores,
1650 2630 1704 2649 non
1733 2624 1768 2650 ita
1790 2623 1814 2649 in

1035 2664 1173 2692 Ciceronis
1190 2671 1280 2700 partes
1309 2668 1448 2700 transiret,
1466 2673 1523 2694 uta
1541 2669 1672 2702 religimte
1694 2670 1814 2696 discede-

1036 2714 1090 2740 ret;
1108 2715 1134 2737 et
1146 2711 1208 2738 dum
1225 2712 1304 2738 nimis
1319 2714 1403 2740 videri
1417 2715 1496 2748 cupio
1506 2714 1713 2747 Ciceronianus,
1730 2715 1815 2741 minus

1035 2755 1205 2784 Christianus
1215 2758 1332 2786 viderer.
1343 2759 1370 2787 Si
1384 2760 1467 2787 dictio
1481 2761 1587 2795 aliquod
1600 2761 1813 2788 ecclesiasticum

1035 2807 1151 2835 saperet,
1168 2803 1192 2830 id
1209 2804 1272 2830 tnilti
1290 2804 1360 2832 laudi
1380 2806 1469 2840 potius
1489 2814 1568 2840 quant
1591 2807 1657 2834 vitio
1681 2807 1815 2835 aseribcn-

1036 2848 1099 2875 dum
1118 2848 1192 2876 duxi.
1209 2849 1300 2884 Itaque
1314 2858 1374 2878 cunt
1390 2851 1484 2879 multis
1496 2851 1545 2880 SS.
1561 2851 1619 2880 Pati
1628 2853 1688 2881 ibus
1702 2852 1814 2883 Latinis,
