1874 3055
169 162 218 194 151

162 216 293 252 temporis
311 216 376 244 orbe
390 217 524 250 confecto,
547 217 784 246 Resurrectionem
809 218 867 246 fore
891 226 953 253 spe-

163 270 266 296 ramus,
284 264 311 290 in
326 270 378 297 qua
391 263 531 291 hominum
544 271 628 298 genus
647 265 731 291 instar
756 264 895 299 cujusdam
911 270 953 292 ta-

163 309 301 337 bernaculi
316 316 364 343 per
389 309 618 338 immortalitatem
633 310 803 338 excitandum
829 315 891 338 est:
908 311 953 338 ubi

163 355 269 383 scilicet
297 355 460 384 immonalis
500 357 606 384 animus
637 357 756 392 c0rpori,
787 356 859 392 quod
896 356 952 391 jam

164 400 325 432 ditlluxerat,
353 401 452 428 iterum
478 402 668 436 coniungatur,
695 403 729 428 ad
744 409 806 429 eum
831 402 952 435 modum,

163 454 229 481 quo,
245 447 292 480 qui
309 446 376 474 festa
393 447 577 482 celebrabant,
593 456 624 476 ea
638 448 753 482 virgulta
762 455 822 482 quae
833 448 953 482 abjicere

968 241 988 268 Δ

769 163 1014 194 THEOPHANIS
1032 162 1204 193 CERAMEI

1746 159 1801 191 152

1002 219 1135 246 ἀθανάτου
1147 218 1238 254 ψυχῆς
1255 217 1401 252 ὲνωθειοης
1413 217 1452 252 τῷ
1463 217 1659 253 διαρρεὒσαντι
1673 216 1798 251 σώματι,

1002 264 1039 295 ὡς
1057 264 1091 290 τὰ
1108 263 1326 298 φυλλοῤῥοοῦντςι
1343 264 1398 288 τῶν
1414 269 1508 295 φυτων
1536 261 1607 296 μετὰ
1622 262 1677 288 τῶν
1698 261 1799 288 ἀειθα-

1003 308 1069 341 λῶν,
1085 309 1109 335 οἱ
1127 308 1303 343 ἑορτάζοντες
1325 307 1507 342 ἁνεμίγνυον·
1533 303 1611 341 οἶμαι
1636 306 1692 341 γὰρ
1707 307 1800 339 ἔγωγε

1003 355 1071 390 πρὸς
1084 354 1163 381 τοῦτο
1177 353 1289 389 βλέπειν
1306 354 1353 380 καὶ
1377 353 1424 379 τοῦ
1455 352 1597 384 σαλπίζειν
1614 353 1630 387 ἡ
1659 353 1802 381 κέλευσις.

1006 410 1015 426 ι
1037 401 1081 427 Ἐν
1093 401 1147 436 γὰρ
1165 401 1197 434 τῇ
1218 400 1321 434 ἐσχάτη
1336 399 1428 435 ἡμέρᾳ
1447 398 1584 432 σαλπίσει,
1607 398 1687 434 φησὶ,
1699 398 1749 425 καὶ
1774 396 1803 423 οἱ

1002 448 1096 482 νεκροὶ
1108 447 1320 482 ἀναστήσονται.
1342 456 1352 472 ι

163 493 251 520 solent
265 493 339 525 folia,
358 501 418 520 cum
441 502 548 529 semper
571 494 759 522 frondentibus
785 494 1009 522 eommiscebant.
1043 493 1132 527 Atque
1162 501 1212 529 ego
1246 493 1372 528 equidem
1398 492 1493 520 eodem
1525 496 1648 527 spectare
1679 491 1805 518 arbitror

163 541 290 567 tubarum
321 541 440 568 sonitum
460 542 661 577 praescriptum,
695 540 828 575 siquidem
876 541 1034 574 novissimo,
1057 541 1156 575 inquit,
1190 540 1236 568 die
1267 549 1274 567 :

163 591 287 620 surgent.
314 596 323 613 ι

199 631 234 657 At
260 630 333 657 enim
359 630 491 658 dubitabit
507 630 620 658 fortasse
642 630 790 666 quispiam,
808 631 872 665 quid
887 638 951 659 can-

163 683 200 703 sa:
228 675 337 703 tandem
366 676 411 709 sit,
431 683 481 704 cur
506 677 607 704 mensis
633 677 684 704 iste
710 677 841 709 delectus.
859 681 889 704 ut
913 681 952 704 tot

163 723 297 758 imagines
331 722 439 751 ferret?
468 723 603 751 Nimirum
633 724 706 758 quod
734 723 767 750 ad
800 723 952 751 futurorum

164 767 392 802 signiﬁcationem
417 773 489 795 esset
515 768 695 803 aptissimus:
716 775 768 795 non
786 769 867 795 modo
889 769 952 802 quia

166 814 300 848 septimus
330 820 400 842 esta
432 814 527 847 Nisan,
558 819 588 842 ut
620 822 700 850 supra
732 815 860 842 indicavit
890 821 953 842 ora-

165 860 204 888 tio
227 866 332 894 nostra,
356 861 403 888 sed
425 865 555 896 praeterea
582 861 653 897 quod
679 869 739 897 qua:
763 861 854 897 fruges
868 869 953 889 verno

167 910 290 941 tempore
323 907 531 942 germinarunt,
569 907 673 935 mensis
708 903 758 935 iste
791 908 950 942 corrumpit.

167 952 227 980 Scis
262 957 350 980 autem
385 953 497 981 omnino
531 953 612 980 vitam
645 954 718 980 illam
750 961 830 988 quam
859 948 955 988 exspeé

169 1003 286 1030 cturnus,
324 997 405 1025 tinem
441 998 474 1026 iis
506 998 655 1034 imponere,
689 1006 748 1032 qua:
781 1005 813 1025 ex
847 1002 953 1025 creata-

166 1051 227 1070 rum
258 1052 349 1072 rerum
384 1044 542 1072 conditione
572 1052 619 1078 per
648 1049 723 1072 ortus
769 1048 796 1071 et
828 1043 954 1071 interitus

167 1090 386 1118 vicissitudinem
415 1091 624 1126 progignuntur.
660 1090 771 1118 Accedit
802 1090 884 1117 etiam
919 1090 952 1117 il-

167 1137 225 1168 lud.
253 1137 323 1172 quod
352 1137 391 1165 sol
420 1137 523 1164 zodiaci
551 1136 605 1172 (18
632 1136 766 1171 sphaeram
791 1143 953 1171 percurrens

166 1179 353 1205 duodecimam
378 1180 541 1213 portionem,
565 1187 645 1214 quam
682 1180 776 1208 libram
808 1182 955 1217 appellant,

166 1225 220 1252 lioc
245 1232 337 1253 mense
365 1225 499 1260 pervadit.
529 1225 587 1259 Quo
614 1225 732 1254 fortasse
755 1226 838 1255 divini
860 1228 955 1263 judicii

166 1271 282 1303 aequitas
300 1270 345 1297 illa
361 1271 495 1305 signatur,
512 1279 564 1305 qua
580 1279 628 1299 sua
650 1272 747 1305 cuique
763 1273 859 1301 merita
879 1273 956 1307 justo

167 1316 288 1350 pondere
304 1317 501 1351 rependentur.
518 1315 751 1350 Quemadmodum
776 1326 840 1346 vero
856 1320 957 1347 mensis

168 1365 220 1392 iste
240 1363 365 1398 princeps
377 1363 485 1397 quidem
503 1363 574 1398 apud
591 1371 639 1392 nos
660 1370 711 1396 est,
732 1365 876 1400 septimum
892 1373 957 1394 vero

167 1409 237 1444 apud
262 1409 391 1436 Hebraeos
418 1409 523 1438 obtinet
547 1410 650 1444 locum,
667 1417 748 1446 atque
776 1412 801 1439 in
832 1412 955 1440 eumdem

166 1455 219 1483 ista
235 1456 409 1489 conveniunt,
426 1456 466 1483 sic
489 1460 516 1483 et
540 1457 739 1491 corruptionem
767 1457 913 1491 fructibus,
929 1464 956 1486 et

167 1502 239 1529 idem
255 1502 396 1529 vindemia:
413 1502 519 1529 initium
543 1501 630 1530 aﬂ'ert.
647 1503 723 1536 Quod
739 1511 805 1531 sane
831 1504 864 1531 ad
881 1504 957 1532 hunc

167 1556 218 1576 nos
233 1548 425 1576 transferimus
439 1548 618 1582 intellectum,
641 1550 821 1584 septenarium
853 1551 956 1578 scilicet
971 1566 992 1593 ρ

168 1595 220 1622 hoc
249 1594 376 1622 saeculum
399 1595 612 1630 generationem,
637 1596 891 1631 corruptionemque
916 1597 955 1625 δὶ-

205 1651 238 1679 ⁶Ι
255 1651 319 1680 Cur.
341 1659 387 1684 xv,
414 1651 459 1680 52.

171 1778 279 1798 σταται.
297 1768 466 1801 Septenaria:
490 1777 547 1796 rem
572 1778 694 1797 numerus
717 1771 795 1797 etiam
819 1770 957 1798 Salomoni

168 1804 263 1840 {liferte
288 1807 391 1840 ’τηειρ-(ε
413 1804 461 1836 (ita
487 1806 566 1831 vertit
589 1805 646 1836 eius
667 1806 798 1832 orationis
823 1806 957 1840 interpres

169 1839 332 1866 Franciscus
347 1838 439 1866 Zinus.
456 1847 505 1876 ego
518 1840 548 1866 τὸ
566 1840 672 1873 λήξεως
691 1841 803 1873 regionis
820 1838 956 1876 verterint)

168 1882 263 1906 rerum,
277 1875 346 1908 quod
360 1883 405 1907 per
416 1875 573 1907 septimanos
587 1877 614 1902 in
627 1876 792 1904 semetipsum
807 1875 957 1908 revolvitur,

169 1914 194 1936 et
209 1910 236 1936 in
252 1911 341 1936 orbem
357 1910 436 1942 redit,
449 1910 598 1943 siqniﬁcare
618 1915 709 1943 potest.
727 1910 843 1938 Sanctus
857 1911 958 1944 Grego-

168 1945 227 1971 rius
245 1944 333 1979 Magn.
358 1944 432 1971 hom.
449 1945 483 1971 5'5
507 1946 534 1971 in
560 1944 672 1978 Evang.:
690 1945 759 1977 Quia
774 1946 840 1972 enim
862 1950 959 1977 septem

169 1979 260 2006 diebus
273 1982 348 2006 o‘mue
361 1983 461 2009 tempus
474 1980 711 2011 comprehenditur,
729 1986 796 2007 recte
811 1981 958 2014 teptenario

169 2022 277 2041 numero
302 2014 458 2041 universitas
487 2015 650 2049 designatur.
676 2014 765 2042 Tertia
792 2016 869 2044 ratio.
897 2015 958 2044 quia

169 2055 272 2082 septem
289 2054 464 2076 numerantur
479 2054 571 2076 aetates
587 2050 692 2081 ninmli;
710 2050 780 2077 unde
795 2055 888 2077 octava
906 2049 959 2076 Re-

171 2084 352 2111 surrectiunis
367 2084 425 2110 dies
444 2090 561 2111 {Plerlllls
577 2085 682 2111 dicitur.
697 2084 732 2111 Ita
759 2090 884 2111 numerat
906 2085 960 2110 Di-

168 2127 266 2154 rnasc.,
291 2119 336 2146 lib.
359 2127 376 2146 ll
401 2119 437 2145 De
462 2120 514 2150 ﬁde
535 2119 616 2150 orth.,
639 2120 714 2153 capi
736 2129 741 2146 :
759 2120 890 2152 Λέγονται
908 2119 956 2154 μὲν

168 2151 216 2181 οὖν
231 2154 300 2180 ἑπτὰ
315 2154 413 2185 αἰῶνες
428 2153 474 2180 τοῦ
489 2154 592 2187 κόσμου
607 2151 715 2181 τούτου·
734 2151 818 2189 ἤγουν
838 2154 892 2181 ἀπὸ
907 2151 956 2188 τῆς

169 2189 285 2224 οὐρανοῦ
301 2190 348 2216 καὶ
369 2189 473 2222 κόσμου
489 2190 604 2220 κτίσεως
622 2190 703 2223 μέχρι
723 2190 773 2222 τῆς
794 2190 885 2223 κοινῆς
902 2189 956 2216 τῶν

170 2224 323 2258 ἀνθρώπων
347 2224 502 2255 συντελείας
519 2233 548 2250 τε
570 2225 617 2250 καὶ
638 2224 822 2254 ἀναστάσεως.
845 2225 872 2250 id
892 2228 955 2251 est:

169 2247 306 2286 manu:
314 2247 836 2293 ⁷ειὶιῐιὶίἒῖῥῐηι’ἓωὲἇίιιῖὶιῖιὲιᾶὲνὶιῆῐσ
845 2247 874 2285 Ῑι
889 2247 956 2292 tant;
975 2247 996 2275 ι)

169 2300 194 2321 et
212 2299 290 2321 (ante
302 2294 417 2320 videlicet
431 2294 563 2320 creatione
578 2302 659 2328 usque
685 2295 720 2320 ad
737 2302 897 2321 communem
915 2294 961 2320 lio-

170 2330 270 2356 mimmt
283 2329 535 2355 consummationem
551 2335 573 2356 et
595 2330 825 2356 resuscitationem.
839 2329 871 2355 Et
882 2329 960 2362 paulo

171 2369 242 2397 post.
258 2363 372 2397 ’Όγδοος
383 2363 410 2389 δὲ
424 2363 491 2389 αἰὼν
505 2364 519 2390 6
536 2364 651 2397 μέλλων,
666 2363 791 2390 Octavum
808 2370 894 2390 autent
909 2372 959 2391 ue-

171 2399 258 2426 tulum
275 2398 393 2433 futurum
411 2403 458 2425 est.
476 2397 512 2425 Ila
531 2399 651 2425 Datnasc
668 2405 693 2425 at
713 2407 777 2426 vero
791 2399 824 2426 ub
838 2399 898 2426 aliis
911 2407 959 2426 sex

124 2462 126 2464 τ
172 2438 351 2461 numerantur
367 2438 470 2463 anates.
490 2442 504 2460 a
521 2433 591 2461 Beda
607 2433 633 2460 in
649 2433 746 2461 Chron.
763 2434 795 2461 de
815 2442 860 2461 sea:
875 2439 958 2465 ιεηιι..

171 2469 206 2496 :tl)
220 2469 311 2495 Adone
326 2467 472 2495 Viennensi
489 2469 551 2496 item
570 2469 595 2495 in
610 2468 707 2496 Chron.
732 2466 799 2496 Sunt
821 2475 910 2496 autem
927 2469 960 2496 ab

171 2503 276 2530 Adamo
288 2511 374 2536 usque
385 2503 417 2530 ad
435 2503 562 2531 Noemuui
574 2512 581 2536 ;
595 2513 607 2529 a
621 2504 720 2531 Nocmo
731 2512 816 2539 usque
828 2504 861 2531 ad
875 2505 960 2530 Abra-

171 2539 298 2570 hamuiu;
314 2538 347 2565 ab
361 2539 411 2565 hoc
427 2546 510 2572 usque
533 2539 566 2566 ad
589 2539 734 2572 Daviilem;
750 2540 812 2566 hinc
832 2539 960 2573 usquead

173 2574 439 2608 transmigrationein
467 2574 556 2608 populi
587 2574 613 2601 in
641 2574 822 2609 Babylonem;
850 2574 884 2601 ab
911 2575 960 2601 hac

172 2616 260 2642 usque
273 2610 306 2635 ad
318 2609 422 2644 (Iliristi
435 2610 598 2641 adventum;
613 2617 646 2636 ex
659 2617 712 2644 quo
723 2610 777 2643 jam
790 2614 864 2636 sexta
881 2617 960 2643 pera-

173 2649 245 2678 gitur
255 2648 331 2670 aetas.
345 2643 396 2670 Sed
411 2643 498 2670 facilis
510 2649 552 2671 est
566 2645 659 2670 horum
669 2643 783 2671 Patrum
794 2644 959 2676 conciliatio,

173 2679 196 2706 si
214 2678 248 2705 ab
261 2678 414 2705 Abraltamo
426 2687 512 2712 usque
530 2679 562 2705 ad
580 2678 678 2705 Mosen:
697 2686 826 2706 annorum
844 2679 959 2713 spznium

172 2713 343 2748 interiectum
360 2714 465 2740 tertiam
481 2714 628 2741 constituas
641 2719 756 2746 natatum,
774 2722 806 2740 ex
820 2722 870 2748 qua
886 2714 961 2741 dein-

173 2756 237 2783 ceps
260 2753 333 2776 scxla
351 2756 434 2782 usque
448 2749 480 2775 ad
496 2749 644 2779 Christum,
661 2754 688 2776 et
712 2749 746 2776 ab
764 2749 822 2782 ipso
845 2750 960 2783 septima

173 2784 370 2811 rccensebitnr.
384 2783 464 2810 Certe
487 2784 542 2810 lucc
558 2789 691 2818 postrema
715 2784 872 2811 numerandi
892 2784 960 2810 ratio

172 2819 279 2845 videtur
302 2823 410 2852 accepta
435 2819 460 2845 in
487 2818 678 2853 Murtyroloqio
703 2819 832 2850 Romano,
851 2818 894 2845 tibi
912 2827 959 2846 vnt

174 2853 237 2881 Kal.
255 2853 366 2880 Januar.
390 2853 487 2888 legitur
509 2855 614 2881 venisse
626 2853 764 2880 Christum
778 2858 851 2888 sexta
868 2854 958 2888 mundi

175 2893 264 2922 artato,
281 2894 308 2915 ct
322 2887 529 2923 consequentius
541 2888 603 2916 huic
615 2889 702 2916 ordini
716 2895 802 2916 aevum
816 2887 879 2915 illud
896 2887 962 2916 Bea—

1303 549 1314 566 σ
1333 539 1407 568 Tuba
1424 544 1513 573 canet,
1547 543 1575 568 et
1605 538 1723 566 mortui“
1755 545 1803 564 re—

1044 633 1112 668 Φαίη
1125 632 1148 660 δ’
1169 632 1202 659 ἄν
1229 641 1271 664 τις
1286 632 1351 664 fato;
1374 630 1522 666 ἐπαπορῶν
1534 639 1541 646 ·
1572 630 1621 658 καὶ
1635 630 1698 657 ὅτου
1715 629 1805 664 χάριν

1009 676 1087 711 οὗτος
1104 680 1117 706 6
1136 679 1189 714 μὴν
1212 679 1364 714 προεκρίθη
1390 678 1525 709 τοσαύτας
1549 677 1643 712 φέρειν
1665 677 1805 708 εἰκόνας;

1006 725 1049 751 ὅτι
1062 732 1103 750 τοι
1120 724 1166 751 καὶ
1185 724 1256 759 μάλα
1268 723 1494 758 πρεπωδέστατος
1506 719 1584 754 οὗτος
1596 722 1664 757 πρός
1677 723 1707 749 τὸ
1725 722 1806 748 silo-

1005 777 1090 803 νισμα
1105 777 1111 783 ·
1126 768 1156 794 οὐ
1175 768 1255 803 μόνον
1271 769 1313 795 ὅτι
1331 767 1443 801 ἕϐδομός
1458 768 1532 794 ἐστιν
1545 767 1599 793 ἀπὸ
1613 767 1660 793 τοῦ
1676 766 1803 797 Νισσᾶν,

1004 815 1042 846 ὡς
1057 816 1071 841 6
1094 814 1174 848 λόγος
1189 814 1342 847 ἀπέδειξεν,
1368 814 1425 840 ἀλλ’
1442 813 1483 840 ὅτι
1500 813 1547 840 καὶ
1562 813 1655 848 φθίσις
1671 813 1730 839 ἐστὶ
1744 813 1808 838 τῶν

1006 862 1077 888 κατὰ
1091 861 1121 887 τὸ
1136 860 1186 895 ἔαρ
1210 859 1422 895 βλαστησάντων
1437 859 1562 892 καρπῶν.
1587 859 1666 889 Νοεῖς
1681 858 1710 884 δὲ
1730 858 1807 884 πάν-

1005 917 1070 939 τως,
1084 908 1125 934 ὅτι
1140 907 1187 933 καὶ
1202 907 1218 942 ἡ
1235 905 1447 941 προσδοκωμένη
1465 905 1522 939 ζωὴ
1537 905 1613 939 λῆείς
1625 906 1683 931 ἐστι
1694 905 1752 931 τῶν
1773 905 1808 930 ὲν

1005 953 1122 987 γενέσει,
1137 952 1183 979 καὶ
1200 951 1289 987 φθορᾷ
1302 951 1514 986 βλαστησάντων
1530 951 1601 977 κατᾶ
1614 950 1664 985 τὴν
1680 950 1807 980 κτίσέως

1005 999 1126 1032 γένεσιν.
1156 998 1229 1033 Πρδς
1255 997 1361 1028 τούτοις
1378 997 1418 1028 δὲ,
1447 997 1488 1023 δτι
1513 996 1559 1022 καὶ
1590 996 1639 1030 τὴν
1658 995 1809 1029 ζωδιακὴν

1008 1045 1127 1079 σφαῖραν
1150 1043 1304 1070 διιππεύων
1332 1043 1347 1068 ό
1371 1042 1448 1077 ἥλιος
1466 1041 1537 1068 κατὰ
1551 1041 1597 1067 τὸν
1614 1041 1685 1075 μῆνα
1701 1040 1810 1066 τοῦτον

1005 1092 1045 1122 εἰς
1055 1090 1084 1116 τὸ
1094 1089 1244 1116 δωδέκατον
1255 1088 1351 1124 μόριον
1365 1087 1481 1121 γίνεται,
1495 1086 1509 1112 6
1526 1085 1608 1119 ζυγὸν
1622 1085 1807 1120 ὀνομάζουσι·

1007 1135 1186 1172 σημαίνοντος
1215 1135 1288 1170 τάχα.
1311 1134 1359 1161 τοῦ
1391 1134 1566 1168 πράγματος,
1591 1133 1623 1159 τὸ
1646 1131 1718 1158 κατὰ
1750 1130 1809 1166 τὴν

1009 1182 1155 1218 ἰσόρροπον
1175 1181 1284 1216 ἐκείνην
1306 1181 1353 1208 τοῦ
1379 1180 1447 1207 θεοῦ
1465 1180 1569 1214 κρίσιν,
1585 1180 1635 1213 τῆς
1647 1178 1809 1206 ἀνταποδό-

1008 1236 1077 1259 σεως
1104 1229 1219 1255 δίκαιον.
1245 1228 1353 1263 Ὥσπερ
1370 1228 1398 1254 δὲ
1424 1228 1438 1254 ὁ
1454 1227 1535 1258 αὐτὸς
1559 1223 1635 1258 οὗτος
1654 1226 1718 1261 μὴν,
1737 1224 1809 1251 καθ’

1012 1274 1154 1310 Ἑϐραίους
1175 1274 1224 1310 μέν
1240 1275 1313 1301 ἐστιν
1333 1273 1458 1308 ἓῦδομος·
1473 1272 1580 1308 πρῶτος
1599 1272 1628 1298 δὲ
1647 1271 1709 1298 καθ’
1725 1271 1809 1305 ἡμᾶς

1006 1323 1020 1349 6
1036 1322 1118 1353 αὐτὸς
1132 1322 1170 1348 ὢν
1187 1322 1331 1357 ἀμφότερα
1343 1329 1350 1336 ·
1367 1319 1439 1347 οὕτω
1453 1321 1485 1355 δὴ
1502 1319 1547 1346 καὶ
1562 1319 1659 1353 φθίσις
1671 1318 1732 1344 ἐστὶ
1744 1317 1809 1344 τῶν

1006 1367 1133 1402 καρπῶν,
1161 1368 1207 1394 καὶ
1235 1367 1306 1402 ἀρχὴ
1321 1367 1369 1393 τοῦ
1387 1366 1529 1402 τριγητοῢ.
1555 1364 1642 1392 Τοῦτο
1664 1364 1810 1390 νοούντων

1007 1413 1096 1447 ἡμῶν,
1107 1413 1144 1442 ὼς
1160 1412 1208 1439 καὶ
1222 1413 1235 1438 6
1250 1411 1364 1446 ἓῦδομος
1380 1408 1460 1442 οὗτος
1483 1409 1551 1437 αἰὼν
1564 1410 1641 1441 τέλος
1661 1410 1710 1444 μέν
1726 1410 1807 1441 ἐστι,

1008 1459 1054 1485 καὶ
1067 1459 1235 1489 κατάστασις
1254 1458 1390 1491 γενέσεως
1408 1458 1456 1484 καὶ
1481 1457 1600 1492 φθορᾶς·
1619 1456 1690 1491 ἀρχὴ
1707 1455 1737 1482 δὲ
1751 1455 1806 1481 τοῦ

1006 1504 1103 1539 νοητοῦ
1125 1503 1272 1539 τρυγητοῦ.
1300 1504 1458 1538 Διαδὲχεται
1481 1503 1509 1529 δὲ
1534 1503 1608 1538 ἡμᾶς
1629 1503 1646 1536 ἡ
1664 1501 1808 1535 μέλλουσα

1009 1551 1101 1586 ἐκείνη
1127 1551 1224 1586 ληνός⁸
1243 1550 1290 1582 nati
1304 1549 1399 1585 ὥσπερ
1417 1549 1544 1579 ἐνταῦθα,
1563 1549 1587 1574 et
1600 1547 1649 1582 μὲν
1671 1547 1806 1581 εὖγενὴς,

1010 1598 1059 1624 καὶ
1075 1596 1175 1629 ὡραῖος
1203 1598 1217 1623 ὁ
1240 1596 1338 1632 βότρυς
1354 1595 1449 1631 ἐντεθῇ
1475 1595 1535 1627 ταῖς
1550 1595 1649 1630 ληνοῖς,
1667 1594 1734 1630 ἡδὺς
1752 1594 1807 1620 καὶ

785 1699 949 1731 Francisci
966 1701 1070 1732 Scorsi
1093 1703 1187 1732 notua.

1011 1775 1099 1798 torum
1121 1776 1214 1798 octava
1231 1770 1328 1798 dicitur
1343 1771 1524 1799 communiter
1549 1778 1563 1798 a
1591 1770 1639 1797 SS.
1659 1769 1805 1798 Patrihns.

1012 1806 1156 1833 Enimvero
1173 1806 1243 1833 Bella
1262 1807 1319 1839 ipse
1339 1807 1490 1839 septimam.
1507 1806 1547 1833 vel
1571 1812 1693 1833 octavum
1715 1805 1806 1837 quieti

1011 1841 1126 1873 vita-que
1149 1841 1251 1869 caelesti
1268 1841 1375 1869 tribuit:
1393 1842 1431 1868 sic
1453 1843 1524 1868 enim
1549 1841 1642 1874 incipit
1667 1840 1805 1871 libellum,

1011 1884 1059 1904 seu
1074 1876 1171 1904 Chron.
1185 1877 1217 1903 de
1231 1884 1277 1903 rex
1292 1876 1384 1903 mundi
1407 1876 1539 1908 (ﬂatibus,
1563 1883 1594 1903 ac
1617 1875 1742 1908 septima,
1760 1875 1805 1902 vel

1011 1917 1106 1938 octava
1121 1911 1230 1944 quietis,
1247 1912 1359 1945 vitaeque
1382 1912 1513 1942 ctelestis,
1539 1917 1591 1938 etc.
1617 1910 1668 1937 Sed
1692 1911 1750 1943 ipse
1775 1917 1808 1937 se

1008 1946 1126 1979 explicat
1139 1946 1184 1973 lib.
1199 1946 1236 1973 De
1250 1950 1327 1978 temp.
1340 1951 1404 1976 rat..
1417 1954 1476 1980 cap.
1492 1946 1518 1976 8,
1531 1946 1574 1973 ubi
1589 1946 1621 1972 de
1631 1945 1806 1980 hebdomada

1008 1985 1117 2007 relatum
1137 1981 1226 2008 saeculi
1249 1981 1314 2014 agit,
1330 1985 1357 2007 et
1381 1981 1501 2015 singulas
1519 1981 1609 2007 lllUlltll
1625 1984 1719 2007 aetates
1743 1979 1806 2005 sin-

1008 2015 1076 2050 gulis
1095 2016 1200 2048 diebus,
1216 2016 1312 2050 quibus
1336 2020 1378 2042 est
1400 2017 1523 2042 conditus
1547 2015 1629 2047 orbis,
1646 2015 1800 2047 componit.

1011 2049 1070 2077 Vult
1084 2056 1172 2077 autent
1189 2049 1329 2085 septimam
1341 2055 1448 2077 attatcm
1461 2058 1521 2077 esse
1535 2051 1651 2084 quietem
1662 2050 1803 2083 justorum

1008 2092 1070 2112 cum
1088 2085 1208 2112 emeritis
1222 2085 1282 2112 vita:
1297 2086 1438 2120 stipendiis
1451 2092 1564 2119 corpora
1580 2085 1622 2112 hic
1640 2085 1781 2120 deponunt
1794 2093 1804 2116 ;

1009 2126 1132 2147 octavam
1149 2127 1209 2147 cum
1227 2121 1322 2146 iterum
1337 2128 1368 2147 ea
1387 2125 1535 2147 resument.
1558 2120 1687 2151 Septima,
1701 2119 1805 2151 inquit,

1011 2160 1087 2182 aetate
1098 2156 1233 2189 justorum
1249 2155 1345 2182 animm
1357 2161 1412 2188 post
1426 2156 1537 2189 optimos
1553 2155 1634 2188 hujus
1651 2153 1808 2189 vittatam:-

1010 2198 1061 2222 rea,
1076 2187 1105 2217 iri
1117 2191 1169 2216 alia
1184 2191 1236 2216 vita
1255 2197 1378 2224 perpetuo
1396 2187 1568 2225 requiescunt.
1588 2197 1645 2223 qua
1661 2187 1737 2214 nulla
1754 2197 1808 2215 tm-

1010 2233 1088 2259 quam
1105 2225 1214 2251 tristitia
1233 2225 1471 2257 ntttculabitur,sed
1482 2225 1582 2258 majore
1593 2225 1702 2255 insuper
1711 2232 1806 2250 resur-

1013 2260 1094 2286 rectio
1100 2262 1139 2286 uis
1145 2259 1230 2293 gloria
1238 2260 1429 2287 cumulobt'tur.
1439 2259 1501 2287 ch
1508 2266 1571 2287 tela:
1578 2258 1726 2285 hominibus
1741 2265 1806 2285 tunc

1013 2296 1098 2328 capit.
1115 2295 1220 2328 quando
1245 2296 1345 2326 primus
1370 2301 1472 2330 martyr
1488 2295 1552 2321 Abel
1569 2301 1675 2327 corpore
1697 2293 1806 2330 quidem

1012 2330 1151 2360 tumulum,
1169 2330 1263 2364 spiritu
1284 2335 1372 2356 autent
1395 2329 1540 2357 SabbaIum
1561 2334 1690 2364 perpetuw
1707 2329 1806 2362 quietis

1011 2365 1136 2395 intravit;
1163 2364 1313 2399 perﬁcietur
1337 2370 1436 2395 autem,
1462 2365 1566 2398 quando
1585 2364 1692 2394 receptis
1712 2365 1806 2399 sancti

1011 2398 1167 2432 corporibut
1187 2400 1214 2426 in
1232 2406 1300 2426 terra
1315 2408 1364 2426 sua
1379 2401 1495 2432 duplicia
1512 2398 1691 2433 possidebunt,
1706 2398 1806 2424 Ιαιιὶιὶα

1011 2435 1168 2468 sentpitema
1184 2435 1232 2462 erit
1244 2435 1293 2466 eis,
1307 2440 1329 2462 et
1345 2436 1403 2469 ipsa
1419 2435 1527 2462 Octava.
1544 2434 1581 2461 Ita
1601 2434 1670 2459 Beda
1685 2433 1807 2468 expliun-

1011 2473 1064 2496 tns.
1091 2470 1201 2496 Deinnm
1227 2475 1338 2496 sanctus
1363 2471 1526 2505 Augustinus
1550 2470 1698 2496 acutiorem
1723 2469 1806 2495 aliam

1013 2505 1142 2531 rationem
1160 2505 1296 2537 insinuat;
1320 2504 1502 2538 septenarium
1525 2504 1630 2531 scilicet
1646 2511 1805 2533 numerum,

1010 2539 1073 2572 quia
1088 2547 1118 2566 ex
1137 2544 1192 2566 toto
1207 2541 1310 2573 impare
1325 2540 1453 2571 ternario,
1469 2544 1496 2566 et
1509 2545 1564 2566 toto
1578 2539 1679 2572 impare
1692 2543 1807 2573 quater-

1012 2575 1087 2601 nario
1112 2572 1269 2606 conficitur;
1297 2574 1357 2601 ideo
1379 2582 1450 2608 su-pe
1476 2581 1523 2608 pro
1548 2573 1674 2608 universo
1701 2572 1805 2608 accipi.

1011 2608 1080 2642 Lege
1091 2615 1219 2641 praatertia
1233 2610 1258 2635 in
1271 2609 1341 2636 hanc
1352 2617 1408 2636 rem
1419 2607 1493 2643 plura
1508 2609 1541 2635 ad
1559 2608 1632 2635 hom.
1643 2607 1690 2638 40,
1706 2613 1763 2634 uot.
1776 2607 1805 2638 Ξ,

1012 2650 1036 2670 et
1059 2645 1144 2678 ipsum
1161 2644 1351 2679 Theophanem
1370 2644 1403 2670 ad
1429 2645 1501 2671 liom.
1514 2651 1574 2677 un,
1590 2643 1616 2670 id
1642 2642 1806 2677 mySIerium

1011 2679 1202 2712 explicantem.

1047 2711 1102 2747 (18)
1126 2713 1245 2741 Ζοάίαεί.
1265 2712 1323 2741 Non
1342 2713 1473 2740 absimilis
1494 2720 1589 2740 sensus
1613 2711 1646 2739 ad
1671 2712 1803 2746 pietatem

1012 2749 1176 2776 incitandum
1193 2749 1226 2776 ab
1242 2748 1338 2780 ldiota,
1351 2750 1383 2775 de
1400 2756 1452 2782 quo
1467 2756 1559 2782 supra,
1575 2752 1630 2775 not.
1648 2747 1673 2779 Ι,
1692 2748 1719 2773 in
1735 2754 1806 2773 coti—

1013 2784 1184 2817 tcmplatione
1201 2784 1306 2817 septimi
1326 2784 1427 2810 mensis
1443 2781 1548 2810 elicitur
1562 2791 1570 2811 :
1587 2782 1619 2810 lu
1643 2781 1805 2817 Septembri,

1012 2816 1109 2851 inquit,
1125 2818 1164 2844 sol
1179 2823 1217 2845 εει
1233 2819 1260 2845 in
1282 2819 1356 2852 signo
1377 2818 1474 2850 Librar,
1487 2819 1521 2844 ad
1533 2818 1739 2852 designandum,
1753 2816 1807 2842 Da-

1012 2854 1090 2884 mine,
1107 2854 1167 2887 quia
1183 2854 1269 2880 omnia
1285 2853 1354 2882 dona
1370 2858 1417 2881 tua
1437 2853 1463 2881 in
1483 2853 1532 2881 hac
1549 2855 1602 2881 vita
1617 2857 1679 2880 sunt
1696 2860 1806 2879 mensu-

1017 2894 1076 2916 rata
1091 2894 1114 2916 et
1129 2888 1238 2917 librata.
