  <div class='ocr_page' id='page_1' title='image "/cluster/home/n/w/nwhite01/storage/ocr_20150623/132/njp.32101077773081/103.png"; bbox 0 0 1850 3054; ppageno 0'>
   <div class='ocr_carea' id='block_1_1' title="bbox 232 129 279 161">
    <p class='ocr_par' dir='ltr' id='par_1_1' title="bbox 232 129 279 161">
     <span class='ocr_line' id='line_1_1' title="bbox 232 129 279 161; baseline 0.021 -1"><span class='ocrx_word' id='word_1_1' title='bbox 232 129 279 161; x_wconf 75' lang='grc'><strong>167</strong></span> 
     </span>
    </p>
   </div>
   <div class='ocr_carea' id='block_1_2' title="bbox 816 123 1265 156">
    <p class='ocr_par' dir='ltr' id='par_1_2' title="bbox 816 123 1265 156">
     <span class='ocr_line' id='line_1_2' title="bbox 816 123 1265 156; baseline -0.004 0"><span class='ocrx_word' id='word_1_2' title='bbox 816 124 1064 156; x_wconf 76' lang='lat' dir='ltr'><strong>THEOPHANIS</strong></span> <span class='ocrx_word' id='word_1_3' title='bbox 1083 123 1265 155; x_wconf 77' lang='lat' dir='ltr'><strong>CERAMEI.</strong></span> 
     </span>
    </p>
   </div>
   <div class='ocr_carea' id='block_1_3' title="bbox 1802 120 1848 154">
    <p class='ocr_par' dir='ltr' id='par_1_3' title="bbox 1802 120 1848 154">
     <span class='ocr_line' id='line_1_3' title="bbox 1802 120 1848 154; baseline 0.022 -1"><span class='ocrx_word' id='word_1_4' title='bbox 1802 120 1848 154; x_wconf 75' lang='lat'><strong>168</strong></span> 
     </span>
    </p>
   </div>
   <div class='ocr_carea' id='block_1_4' title="bbox 231 172 1021 210">
    <p class='ocr_par' dir='ltr' id='par_1_4' title="bbox 231 177 1017 210">
     <span class='ocr_line' id='line_1_4' title="bbox 231 177 1017 210; baseline -0.009 0"><span class='ocrx_word' id='word_1_5' title='bbox 231 183 280 209; x_wconf 85' lang='lat' dir='ltr'><strong>uh&#39;r</strong></span> <span class='ocrx_word' id='word_1_6' title='bbox 301 180 447 210; x_wconf 79' lang='lat' dir='ltr'><strong>honestas?</strong></span> <span class='ocrx_word' id='word_1_7' title='bbox 478 179 522 207; x_wconf 86' lang='lat' dir='ltr'><strong>ubi</strong></span> <span class='ocrx_word' id='word_1_8' title='bbox 554 178 679 206; x_wconf 85' lang='lat' dir='ltr'><strong>Ezechiel</strong></span> <span class='ocrx_word' id='word_1_9' title='bbox 704 178 844 206; x_wconf 80' lang='lat' dir='ltr'><strong>clamans:</strong></span> <span class='ocrx_word' id='word_1_10' title='bbox 871 180 880 204; x_wconf 73' lang='grc' dir='ltr'><em>ἀ</em></span> <span class='ocrx_word' id='word_1_11' title='bbox 909 177 1017 210; x_wconf 84' lang='lat' dir='ltr'><strong>Anima,</strong></span> 
     </span>
    </p>
   </div>
   <div class='ocr_carea' id='block_1_5' title="bbox 1075 172 1848 210">
    <p class='ocr_par' dir='ltr' id='par_1_5' title="bbox 1075 172 1848 210">
     <span class='ocr_line' id='line_1_5' title="bbox 1075 172 1848 210; baseline -0.003 -8"><span class='ocrx_word' id='word_1_12' title='bbox 1075 184 1166 209; x_wconf 75' lang='lat' dir='ltr'><strong>xamv;</strong></span> <span class='ocrx_word' id='word_1_13' title='bbox 1180 175 1231 202; x_wconf 78' lang='grc' dir='ltr'>ποῦ</span> <span class='ocrx_word' id='word_1_14' title='bbox 1246 175 1278 202; x_wconf 83' lang='grc' dir='ltr'>τὺ</span> <span class='ocrx_word' id='word_1_15' title='bbox 1296 174 1421 208; x_wconf 77' lang='grc' dir='ltr'>εὐσε6έ;;</span> <span class='ocrx_word' id='word_1_16' title='bbox 1447 173 1499 201; x_wconf 84' lang='grc' dir='ltr'>ποῦ</span> <span class='ocrx_word' id='word_1_17' title='bbox 1515 173 1544 201; x_wconf 66' lang='lat' dir='ltr'><strong>rb</strong></span> <span class='ocrx_word' id='word_1_18' title='bbox 1562 173 1646 206; x_wconf 82' lang='grc' dir='ltr'>ὅσιον,</span> <span class='ocrx_word' id='word_1_19' title='bbox 1662 172 1716 200; x_wconf 75' lang='grc' dir='ltr'><strong>ποῦ</strong></span> <span class='ocrx_word' id='word_1_20' title='bbox 1729 174 1848 210; x_wconf 64' lang='grc' dir='ltr'>Ἱεζεχιηλ</span> 
     </span>
    </p>
   </div>
   <div class='ocr_carea' id='block_1_6' title="bbox 229 223 1018 262">
    <p class='ocr_par' dir='ltr' id='par_1_6' title="bbox 229 223 1018 262">
     <span class='ocr_line' id='line_1_6' title="bbox 229 223 1018 262; baseline -0.008 -8"><span class='ocrx_word' id='word_1_21' title='bbox 229 236 290 262; x_wconf 67' lang='grc' dir='ltr'>(λειω</span> <span class='ocrx_word' id='word_1_22' title='bbox 314 226 476 262; x_wconf 81' lang='lat' dir='ltr'><strong>peccaverit,</strong></span> <span class='ocrx_word' id='word_1_23' title='bbox 503 226 559 260; x_wconf 89' lang='lat' dir='ltr'><strong>ipsa</strong></span> <span class='ocrx_word' id='word_1_24' title='bbox 585 224 734 256; x_wconf 87' lang='lat' dir='ltr'><strong>morietur;</strong></span> <span class='ocrx_word' id='word_1_25' title='bbox 764 229 792 251; x_wconf 92' lang='lat' dir='ltr'><strong>et</strong></span> <span class='ocrx_word' id='word_1_26' title='bbox 823 231 875 250; x_wconf 89' lang='lat' dir='ltr'><strong>non</strong></span> <span class='ocrx_word' id='word_1_27' title='bbox 903 223 1018 258; x_wconf 86' lang='lat' dir='ltr'><strong>accipiet</strong></span> 
     </span>
    </p>
   </div>
   <div class='ocr_carea' id='block_1_7' title="bbox 229 270 1017 307">
    <p class='ocr_par' dir='ltr' id='par_1_7' title="bbox 229 270 1017 307">
     <span class='ocr_line' id='line_1_7' title="bbox 229 270 1017 307; baseline -0.006 -6"><span class='ocrx_word' id='word_1_28' title='bbox 229 275 300 302; x_wconf 82' lang='lat' dir='ltr'><strong>(ilius</strong></span> <span class='ocrx_word' id='word_1_29' title='bbox 315 274 484 307; x_wconf 78' lang='lat' dir='ltr'><strong>iniquitatem</strong></span> <span class='ocrx_word' id='word_1_30' title='bbox 498 271 611 306; x_wconf 79' lang='lat' dir='ltr'><strong>patris“</strong></span> <span class='ocrx_word' id='word_1_31' title='bbox 622 270 634 297; x_wconf 89' lang='lat'><strong>?</strong></span> <span class='ocrx_word' id='word_1_32' title='bbox 647 280 656 296; x_wconf 87' lang='grc'><strong>›</strong></span> <span class='ocrx_word' id='word_1_33' title='bbox 675 270 863 305; x_wconf 88' lang='lat' dir='ltr'><strong>Conjectemns</strong></span> <span class='ocrx_word' id='word_1_34' title='bbox 876 270 956 304; x_wconf 81' lang='lat' dir='ltr'><strong>igitur</strong></span> <span class='ocrx_word' id='word_1_35' title='bbox 985 276 1017 296; x_wconf 83' lang='lat' dir='ltr'><strong>ex</strong></span> 
     </span>
    </p>
   </div>
   <div class='ocr_carea' id='block_1_8' title="bbox 231 313 1017 351">
    <p class='ocr_par' dir='ltr' id='par_1_8' title="bbox 231 313 1017 351">
     <span class='ocr_line' id='line_1_8' title="bbox 231 313 1017 351; baseline -0.009 -4"><span class='ocrx_word' id='word_1_36' title='bbox 231 320 282 347; x_wconf 90' lang='lat' dir='ltr'><strong>boc</strong></span> <span class='ocrx_word' id='word_1_37' title='bbox 297 319 356 346; x_wconf 91' lang='lat' dir='ltr'><strong>loco</strong></span> <span class='ocrx_word' id='word_1_38' title='bbox 369 318 530 344; x_wconf 85' lang='lat' dir='ltr'><strong>altissimum</strong></span> <span class='ocrx_word' id='word_1_39' title='bbox 541 317 636 351; x_wconf 73' lang='lat' dir='ltr'><strong>dogma</strong></span> <span class='ocrx_word' id='word_1_40' title='bbox 652 316 678 342; x_wconf 89' lang='lat' dir='ltr'><strong>in</strong></span> <span class='ocrx_word' id='word_1_41' title='bbox 692 315 838 349; x_wconf 75' lang='lat' dir='ltr'><strong>Evangelio</strong></span> <span class='ocrx_word' id='word_1_42' title='bbox 853 314 934 341; x_wconf 84' lang='lat' dir='ltr'><strong>tradi.</strong></span> <span class='ocrx_word' id='word_1_43' title='bbox 950 313 1017 340; x_wconf 88' lang='lat' dir='ltr'><strong>Cum</strong></span> 
     </span>
    </p>
   </div>
   <div class='ocr_carea' id='block_1_9' title="bbox 230 360 1017 397">
    <p class='ocr_par' dir='ltr' id='par_1_9' title="bbox 230 360 1017 397">
     <span class='ocr_line' id='line_1_9' title="bbox 230 360 1017 397; baseline -0.009 -4"><span class='ocrx_word' id='word_1_44' title='bbox 230 366 301 393; x_wconf 79' lang='lat' dir='ltr'><strong>enim</strong></span> <span class='ocrx_word' id='word_1_45' title='bbox 321 364 404 397; x_wconf 86' lang='lat' dir='ltr'><strong>aliqui</strong></span> <span class='ocrx_word' id='word_1_46' title='bbox 421 362 632 390; x_wconf 82' lang='lat' dir='ltr'><strong>abominabilem</strong></span> <span class='ocrx_word' id='word_1_47' title='bbox 649 362 742 393; x_wconf 85' lang='lat' dir='ltr'><strong>vitam,</strong></span> <span class='ocrx_word' id='word_1_48' title='bbox 765 366 791 388; x_wconf 93' lang='lat' dir='ltr'><strong>et</strong></span> <span class='ocrx_word' id='word_1_49' title='bbox 820 360 874 387; x_wconf 87' lang='lat' dir='ltr'><strong>Deo</strong></span> <span class='ocrx_word' id='word_1_50' title='bbox 902 361 1017 387; x_wconf 78' lang='lat' dir='ltr'><strong>invisam</strong></span> 
     </span>
    </p>
   </div>
   <div class='ocr_carea' id='block_1_10' title="bbox 230 406 1017 444">
    <p class='ocr_par' dir='ltr' id='par_1_10' title="bbox 230 406 1017 444">
     <span class='ocr_line' id='line_1_10' title="bbox 230 406 1017 444; baseline -0.008 -5"><span class='ocrx_word' id='word_1_51' title='bbox 230 414 343 443; x_wconf 84' lang='lat' dir='ltr'><strong>ducunt,</strong></span> <span class='ocrx_word' id='word_1_52' title='bbox 360 411 403 444; x_wconf 87' lang='lat' dir='ltr'><strong>iis,</strong></span> <span class='ocrx_word' id='word_1_53' title='bbox 433 410 509 444; x_wconf 82' lang='lat' dir='ltr'><strong>quasi</strong></span> <span class='ocrx_word' id='word_1_54' title='bbox 540 409 643 443; x_wconf 74' lang='lat' dir='ltr'><strong>ﬂagella</strong></span> <span class='ocrx_word' id='word_1_55' title='bbox 670 407 902 438; x_wconf 82' lang='lat' dir='ltr'><strong>charissimornm,</strong></span> <span class='ocrx_word' id='word_1_56' title='bbox 930 406 1017 433; x_wconf 84' lang='lat' dir='ltr'><strong>morbi</strong></span> 
     </span>
    </p>
   </div>
   <div class='ocr_carea' id='block_1_11' title="bbox 230 452 1016 490">
    <p class='ocr_par' dir='ltr' id='par_1_11' title="bbox 230 452 1016 490">
     <span class='ocr_line' id='line_1_11' title="bbox 230 452 1016 490; baseline -0.009 -6"><span class='ocrx_word' id='word_1_57' title='bbox 230 462 388 490; x_wconf 79' lang='lat' dir='ltr'><strong>mortesque</strong></span> <span class='ocrx_word' id='word_1_58' title='bbox 403 454 576 489; x_wconf 76' lang='lat' dir='ltr'><strong>inﬂiguntnr.</strong></span> <span class='ocrx_word' id='word_1_59' title='bbox 591 453 682 488; x_wconf 89' lang='lat' dir='ltr'><strong>Neque</strong></span> <span class='ocrx_word' id='word_1_60' title='bbox 698 454 748 480; x_wconf 88' lang='lat' dir='ltr'><strong>hoc</strong></span> <span class='ocrx_word' id='word_1_61' title='bbox 761 453 819 479; x_wconf 84' lang='lat' dir='ltr'><strong>sine</strong></span> <span class='ocrx_word' id='word_1_62' title='bbox 834 452 1016 486; x_wconf 78' lang='lat' dir='ltr'><strong>providentia,</strong></span> 
     </span>
    </p>
   </div>
   <div class='ocr_carea' id='block_1_12' title="bbox 229 498 1019 535">
    <p class='ocr_par' dir='ltr' id='par_1_12' title="bbox 229 498 1019 535">
     <span class='ocr_line' id='line_1_12' title="bbox 229 498 1019 535; baseline -0.008 -5"><span class='ocrx_word' id='word_1_63' title='bbox 229 511 261 530; x_wconf 81' lang='lat' dir='ltr'><strong>ac</strong></span> <span class='ocrx_word' id='word_1_64' title='bbox 275 503 334 529; x_wconf 84' lang='lat' dir='ltr'><strong>sine</strong></span> <span class='ocrx_word' id='word_1_65' title='bbox 347 502 450 535; x_wconf 85' lang='lat' dir='ltr'><strong>judicio</strong></span> <span class='ocrx_word' id='word_1_66' title='bbox 470 505 544 527; x_wconf 87' lang='lat' dir='ltr'><strong>certo</strong></span> <span class='ocrx_word' id='word_1_67' title='bbox 562 499 706 534; x_wconf 73' lang='lat' dir='ltr'><strong>contingit.</strong></span> <span class='ocrx_word' id='word_1_68' title='bbox 732 498 785 525; x_wconf 85' lang='lat' dir='ltr'><strong>Sed</strong></span> <span class='ocrx_word' id='word_1_69' title='bbox 817 498 943 533; x_wconf 87' lang='lat' dir='ltr'><strong>quoniam</strong></span> <span class='ocrx_word' id='word_1_70' title='bbox 977 498 1019 524; x_wconf 81' lang='lat' dir='ltr'><strong>fu-</strong></span> 
     </span>
    </p>
   </div>
   <div class='ocr_carea' id='block_1_13' title="bbox 230 545 1019 580">
    <p class='ocr_par' dir='ltr' id='par_1_13' title="bbox 230 545 1019 580">
     <span class='ocr_line' id='line_1_13' title="bbox 230 545 1019 580; baseline -0.005 -5"><span class='ocrx_word' id='word_1_71' title='bbox 230 554 319 576; x_wconf 89' lang='lat' dir='ltr'><strong>turum</strong></span> <span class='ocrx_word' id='word_1_72' title='bbox 333 552 402 578; x_wconf 84' lang='lat' dir='ltr'><strong>erat.</strong></span> <span class='ocrx_word' id='word_1_73' title='bbox 419 552 447 574; x_wconf 93' lang='lat' dir='ltr'><strong>ut</strong></span> <span class='ocrx_word' id='word_1_74' title='bbox 467 546 514 574; x_wconf 76' lang='lat' dir='ltr'><strong>iilii</strong></span> <span class='ocrx_word' id='word_1_75' title='bbox 536 546 732 574; x_wconf 72' lang='lat' dir='ltr'><strong>atmularcntnr</strong></span> <span class='ocrx_word' id='word_1_76' title='bbox 749 549 891 580; x_wconf 87' lang='lat' dir='ltr'><strong>parentum</strong></span> <span class='ocrx_word' id='word_1_77' title='bbox 916 545 1019 579; x_wconf 59' lang='lat' dir='ltr'><strong>improv</strong></span> 
     </span>
    </p>
   </div>
   <div class='ocr_carea' id='block_1_14' title="bbox 231 593 1019 628">
    <p class='ocr_par' dir='ltr' id='par_1_14' title="bbox 231 593 1019 628">
     <span class='ocr_line' id='line_1_14' title="bbox 231 593 1019 628; baseline -0.005 -7"><span class='ocrx_word' id='word_1_78' title='bbox 231 596 354 626; x_wconf 83' lang='lat' dir='ltr'><strong>bitatem,</strong></span> <span class='ocrx_word' id='word_1_79' title='bbox 372 594 422 628; x_wconf 83' lang='lat' dir='ltr'><strong>ipsi</strong></span> <span class='ocrx_word' id='word_1_80' title='bbox 438 600 544 628; x_wconf 88' lang='lat' dir='ltr'><strong>quoque</strong></span> <span class='ocrx_word' id='word_1_81' title='bbox 559 601 606 627; x_wconf 88' lang='lat' dir='ltr'><strong>per</strong></span> <span class='ocrx_word' id='word_1_82' title='bbox 623 593 730 619; x_wconf 84' lang='lat' dir='ltr'><strong>morbos</strong></span> <span class='ocrx_word' id='word_1_83' title='bbox 759 599 790 618; x_wconf 89' lang='lat' dir='ltr'><strong>ac</strong></span> <span class='ocrx_word' id='word_1_84' title='bbox 806 595 920 618; x_wconf 90' lang='lat' dir='ltr'><strong>mortem</strong></span> <span class='ocrx_word' id='word_1_85' title='bbox 933 599 948 618; x_wconf 92' lang='lat' dir='ltr'><strong>a</strong></span> <span class='ocrx_word' id='word_1_86' title='bbox 962 598 1019 618; x_wconf 91' lang='lat' dir='ltr'><strong>ma-</strong></span> 
     </span>
    </p>
   </div>
   <div class='ocr_carea' id='block_1_15' title="bbox 230 637 1018 672">
    <p class='ocr_par' dir='ltr' id='par_1_15' title="bbox 230 637 1018 672">
     <span class='ocr_line' id='line_1_15' title="bbox 230 637 1018 672; baseline -0.005 -5"><span class='ocrx_word' id='word_1_87' title='bbox 230 641 287 667; x_wconf 88' lang='lat' dir='ltr'><strong>litia</strong></span> <span class='ocrx_word' id='word_1_88' title='bbox 301 643 471 669; x_wconf 84' lang='lat' dir='ltr'><strong>coercentur,</strong></span> <span class='ocrx_word' id='word_1_89' title='bbox 489 645 515 666; x_wconf 91' lang='lat' dir='ltr'><strong>et</strong></span> <span class='ocrx_word' id='word_1_90' title='bbox 531 643 671 672; x_wconf 86' lang='lat' dir='ltr'><strong>parentum</strong></span> <span class='ocrx_word' id='word_1_91' title='bbox 696 639 841 664; x_wconf 74' lang='lat' dir='ltr'><strong>obstinatio</strong></span> <span class='ocrx_word' id='word_1_92' title='bbox 871 637 1018 664; x_wconf 89' lang='lat' dir='ltr'><strong>emollitnr.</strong></span> 
     </span>
    </p>
   </div>
   <div class='ocr_carea' id='block_1_16' title="bbox 232 683 1019 718">
    <p class='ocr_par' dir='ltr' id='par_1_16' title="bbox 232 683 1019 718">
     <span class='ocr_line' id='line_1_16' title="bbox 232 683 1019 718; baseline -0.006 -5"><span class='ocrx_word' id='word_1_93' title='bbox 232 685 437 717; x_wconf 64' lang='lat' dir='ltr'><strong>Verumtamen,</strong></span> <span class='ocrx_word' id='word_1_94' title='bbox 454 685 524 718; x_wconf 88' lang='lat' dir='ltr'><strong>quod</strong></span> <span class='ocrx_word' id='word_1_95' title='bbox 541 692 648 711; x_wconf 79' lang='lat' dir='ltr'><strong>servum</strong></span> <span class='ocrx_word' id='word_1_96' title='bbox 662 688 716 710; x_wconf 88' lang='lat' dir='ltr'><strong>tota</strong></span> <span class='ocrx_word' id='word_1_97' title='bbox 730 691 790 710; x_wconf 83' lang='lat' dir='ltr'><strong>cum</strong></span> <span class='ocrx_word' id='word_1_98' title='bbox 815 683 895 710; x_wconf 89' lang='lat' dir='ltr'><strong>donto</strong></span> <span class='ocrx_word' id='word_1_99' title='bbox 924 683 1019 709; x_wconf 85' lang='lat' dir='ltr'><strong>venire</strong></span> 
     </span>
    </p>
   </div>
   <div class='ocr_carea' id='block_1_17' title="bbox 228 729 1018 768">
    <p class='ocr_par' dir='ltr' id='par_1_17' title="bbox 228 729 1018 768">
     <span class='ocr_line' id='line_1_17' title="bbox 228 729 1018 768; baseline -0.003 -11"><span class='ocrx_word' id='word_1_100' title='bbox 228 733 319 768; x_wconf 78' lang='lat' dir='ltr'><strong>jussit,</strong></span> <span class='ocrx_word' id='word_1_101' title='bbox 340 733 373 758; x_wconf 84' lang='lat' dir='ltr'><strong>ad</strong></span> <span class='ocrx_word' id='word_1_102' title='bbox 386 737 516 757; x_wconf 88' lang='lat' dir='ltr'><strong>terrorent</strong></span> <span class='ocrx_word' id='word_1_103' title='bbox 534 730 720 757; x_wconf 86' lang='lat' dir='ltr'><strong>incutiendntn</strong></span> <span class='ocrx_word' id='word_1_104' title='bbox 738 731 762 756; x_wconf 93' lang='lat' dir='ltr'><strong>id</strong></span> <span class='ocrx_word' id='word_1_105' title='bbox 775 729 850 762; x_wconf 78' lang='lat' dir='ltr'><strong>fecit,</strong></span> <span class='ocrx_word' id='word_1_106' title='bbox 864 734 890 755; x_wconf 91' lang='lat' dir='ltr'><strong>et</strong></span> <span class='ocrx_word' id='word_1_107' title='bbox 921 729 958 756; x_wconf 92' lang='lat' dir='ltr'><strong>uti</strong></span> <span class='ocrx_word' id='word_1_108' title='bbox 985 729 1018 755; x_wconf 91' lang='lat' dir='ltr'><strong>ad</strong></span> 
     </span>
    </p>
   </div>
   <div class='ocr_carea' id='block_1_18' title="bbox 232 774 1018 813">
    <p class='ocr_par' dir='ltr' id='par_1_18' title="bbox 232 774 1018 813">
     <span class='ocr_line' id='line_1_18' title="bbox 232 774 1018 813; baseline -0.001 -9"><span class='ocrx_word' id='word_1_109' title='bbox 232 780 364 813; x_wconf 71' lang='lat' dir='ltr'><strong>lnvrymas</strong></span> <span class='ocrx_word' id='word_1_110' title='bbox 402 777 673 810; x_wconf 86' lang='lat' dir='ltr'><strong>obsecrationemque</strong></span> <span class='ocrx_word' id='word_1_111' title='bbox 698 777 819 802; x_wconf 77' lang='lat' dir='ltr'><strong>traheret</strong></span> <span class='ocrx_word' id='word_1_112' title='bbox 856 774 1018 803; x_wconf 86' lang='lat' dir='ltr'><strong>debitorem.</strong></span> 
     </span>
    </p>
   </div>
   <div class='ocr_carea' id='block_1_19' title="bbox 232 820 1017 856">
    <p class='ocr_par' dir='ltr' id='par_1_19' title="bbox 232 820 1017 856">
     <span class='ocr_line' id='line_1_19' title="bbox 232 820 1017 856; baseline -0.005 -6"><span class='ocrx_word' id='word_1_113' title='bbox 232 823 286 850; x_wconf 78' lang='lat' dir='ltr'><strong>Etsi</strong></span> <span class='ocrx_word' id='word_1_114' title='bbox 300 823 371 850; x_wconf 87' lang='lat' dir='ltr'><strong>enim</strong></span> <span class='ocrx_word' id='word_1_115' title='bbox 397 822 485 856; x_wconf 90' lang='lat' dir='ltr'><strong>ipsum</strong></span> <span class='ocrx_word' id='word_1_116' title='bbox 506 821 622 848; x_wconf 84' lang='lat' dir='ltr'><strong>vendere</strong></span> <span class='ocrx_word' id='word_1_117' title='bbox 638 821 779 855; x_wconf 77' lang='lat' dir='ltr'><strong>cogitavit,</strong></span> <span class='ocrx_word' id='word_1_118' title='bbox 805 827 836 846; x_wconf 88' lang='lat' dir='ltr'><strong>ac</strong></span> <span class='ocrx_word' id='word_1_119' title='bbox 856 820 910 854; x_wconf 88' lang='lat' dir='ltr'><strong>jam</strong></span> <span class='ocrx_word' id='word_1_120' title='bbox 939 820 1017 855; x_wconf 89' lang='lat' dir='ltr'><strong>quasi</strong></span> 
     </span>
    </p>
   </div>
   <div class='ocr_carea' id='block_1_20' title="bbox 232 857 1056 900">
    <p class='ocr_par' dir='ltr' id='par_1_20' title="bbox 232 857 1056 900">
     <span class='ocr_line' id='line_1_20' title="bbox 232 857 1056 900; baseline -0.005 -5"><span class='ocrx_word' id='word_1_121' title='bbox 232 869 346 896; x_wconf 68' lang='lat' dir='ltr'><strong>traditus</strong></span> <span class='ocrx_word' id='word_1_122' title='bbox 363 873 432 899; x_wconf 88' lang='lat' dir='ltr'><strong>erat,</strong></span> <span class='ocrx_word' id='word_1_123' title='bbox 445 875 497 893; x_wconf 89' lang='lat' dir='ltr'><strong>tton</strong></span> <span class='ocrx_word' id='word_1_124' title='bbox 520 872 609 893; x_wconf 86' lang='lat' dir='ltr'><strong>tamen</strong></span> <span class='ocrx_word' id='word_1_125' title='bbox 637 867 694 893; x_wconf 88' lang='lat' dir='ltr'><strong>vult</strong></span> <span class='ocrx_word' id='word_1_126' title='bbox 708 871 822 893; x_wconf 88' lang='lat' dir='ltr'><strong>ntorlem</strong></span> <span class='ocrx_word' id='word_1_127' title='bbox 849 866 1018 900; x_wconf 78' lang='lat' dir='ltr'><strong>peccatoris,</strong></span> <span class='ocrx_word' id='word_1_128' title='bbox 1035 857 1056 885; x_wconf 76' lang='grc' dir='ltr'><strong>Β</strong></span> 
     </span>
    </p>
   </div>
   <div class='ocr_carea' id='block_1_21' title="bbox 232 911 1020 948">
    <p class='ocr_par' dir='ltr' id='par_1_21' title="bbox 232 911 1020 948">
     <span class='ocr_line' id='line_1_21' title="bbox 232 911 1020 948; baseline -0.004 -7"><span class='ocrx_word' id='word_1_129' title='bbox 232 914 280 942; x_wconf 72' lang='lat' dir='ltr'><strong>sed</strong></span> <span class='ocrx_word' id='word_1_130' title='bbox 293 914 497 941; x_wconf 76' lang='lat' dir='ltr'><strong>conversionem</strong></span> <span class='ocrx_word' id='word_1_131' title='bbox 515 913 623 948; x_wconf 73' lang='lat' dir='ltr'><strong>quzerit,</strong></span> <span class='ocrx_word' id='word_1_132' title='bbox 640 917 667 939; x_wconf 90' lang='lat' dir='ltr'><strong>et</strong></span> <span class='ocrx_word' id='word_1_133' title='bbox 693 913 789 946; x_wconf 85' lang='lat' dir='ltr'><strong>recipit</strong></span> <span class='ocrx_word' id='word_1_134' title='bbox 820 911 1020 946; x_wconf 68' lang='lat' dir='ltr'><strong>paenitentiam.</strong></span> 
     </span>
    </p>
   </div>
   <div class='ocr_carea' id='block_1_22' title="bbox 233 957 1022 994">
    <p class='ocr_par' dir='ltr' id='par_1_22' title="bbox 233 957 1022 994">
     <span class='ocr_line' id='line_1_22' title="bbox 233 957 1022 994; baseline -0.003 -8"><span class='ocrx_word' id='word_1_135' title='bbox 233 961 262 990; x_wconf 81' lang='lat' dir='ltr'><strong>Et</strong></span> <span class='ocrx_word' id='word_1_136' title='bbox 280 969 372 988; x_wconf 90' lang='lat' dir='ltr'><strong>arcmn</strong></span> <span class='ocrx_word' id='word_1_137' title='bbox 388 960 495 994; x_wconf 83' lang='lat' dir='ltr'><strong>quidem</strong></span> <span class='ocrx_word' id='word_1_138' title='bbox 522 960 658 986; x_wconf 87' lang='lat' dir='ltr'><strong>ruinarum</strong></span> <span class='ocrx_word' id='word_1_139' title='bbox 691 958 822 990; x_wconf 76' lang='lat' dir='ltr'><strong>intendit;</strong></span> <span class='ocrx_word' id='word_1_140' title='bbox 849 960 896 985; x_wconf 87' lang='lat' dir='ltr'><strong>sed</strong></span> <span class='ocrx_word' id='word_1_141' title='bbox 917 957 1022 985; x_wconf 83' lang='lat' dir='ltr'><strong>inhibet</strong></span> 
     </span>
    </p>
   </div>
   <div class='ocr_carea' id='block_1_23' title="bbox 232 1004 1022 1042">
    <p class='ocr_par' dir='ltr' id='par_1_23' title="bbox 232 1004 1022 1042">
     <span class='ocr_line' id='line_1_23' title="bbox 232 1004 1022 1042; baseline -0.005 -8"><span class='ocrx_word' id='word_1_142' title='bbox 232 1015 318 1041; x_wconf 71' lang='lat' dir='ltr'><strong>pumze</strong></span> <span class='ocrx_word' id='word_1_143' title='bbox 333 1008 457 1042; x_wconf 76' lang='lat' dir='ltr'><strong>sagittam</strong></span> <span class='ocrx_word' id='word_1_144' title='bbox 473 1007 505 1032; x_wconf 85' lang='lat' dir='ltr'><strong>iis</strong></span> <span class='ocrx_word' id='word_1_145' title='bbox 521 1006 640 1040; x_wconf 84' lang='lat' dir='ltr'><strong>quidem,</strong></span> <span class='ocrx_word' id='word_1_146' title='bbox 655 1006 699 1039; x_wconf 91' lang='lat' dir='ltr'><strong>qui</strong></span> <span class='ocrx_word' id='word_1_147' title='bbox 718 1012 779 1032; x_wconf 88' lang='lat' dir='ltr'><strong>cum</strong></span> <span class='ocrx_word' id='word_1_148' title='bbox 807 1004 963 1034; x_wconf 85' lang='lat' dir='ltr'><strong>ceciderint.</strong></span> <span class='ocrx_word' id='word_1_149' title='bbox 994 1007 1022 1030; x_wconf 87' lang='lat' dir='ltr'><strong>et</strong></span> 
     </span>
    </p>
   </div>
   <div class='ocr_carea' id='block_1_24' title="bbox 234 1048 1020 1089">
    <p class='ocr_par' dir='ltr' id='par_1_24' title="bbox 234 1048 1020 1089">
     <span class='ocr_line' id='line_1_24' title="bbox 234 1048 1020 1089; baseline -0.003 -11"><span class='ocrx_word' id='word_1_150' title='bbox 234 1048 366 1080; x_wconf 77' lang='lat' dir='ltr'><strong>vtilnerati</strong></span> <span class='ocrx_word' id='word_1_151' title='bbox 387 1052 500 1084; x_wconf 81' lang='lat' dir='ltr'><strong>fuerint,</strong></span> <span class='ocrx_word' id='word_1_152' title='bbox 521 1052 553 1078; x_wconf 89' lang='lat' dir='ltr'><strong>ad</strong></span> <span class='ocrx_word' id='word_1_153' title='bbox 573 1052 690 1078; x_wconf 88' lang='lat' dir='ltr'><strong>rcntedia</strong></span> <span class='ocrx_word' id='word_1_154' title='bbox 720 1055 808 1089; x_wconf 86' lang='lat' dir='ltr'><strong>tamen</strong></span> <span class='ocrx_word' id='word_1_155' title='bbox 836 1050 992 1085; x_wconf 69' lang='lat' dir='ltr'><strong>confugiunt</strong></span> <span class='ocrx_word' id='word_1_156' title='bbox 1012 1058 1020 1077; x_wconf 88' lang='lat'><strong>:</strong></span> 
     </span>
    </p>
   </div>
   <div class='ocr_carea' id='block_1_25' title="bbox 232 1096 1022 1132">
    <p class='ocr_par' dir='ltr' id='par_1_25' title="bbox 232 1096 1022 1132">
     <span class='ocr_line' id='line_1_25' title="bbox 232 1096 1022 1132; baseline -0.006 -5"><span class='ocrx_word' id='word_1_157' title='bbox 232 1100 325 1128; x_wconf 83' lang='lat' dir='ltr'><strong>vendit</strong></span> <span class='ocrx_word' id='word_1_158' title='bbox 345 1106 408 1126; x_wconf 89' lang='lat' dir='ltr'><strong>vero</strong></span> <span class='ocrx_word' id='word_1_159' title='bbox 437 1106 510 1131; x_wconf 86' lang='lat' dir='ltr'><strong>eum,</strong></span> <span class='ocrx_word' id='word_1_160' title='bbox 538 1098 582 1132; x_wconf 90' lang='lat' dir='ltr'><strong>qui</strong></span> <span class='ocrx_word' id='word_1_161' title='bbox 597 1099 711 1124; x_wconf 81' lang='lat' dir='ltr'><strong>salutem</strong></span> <span class='ocrx_word' id='word_1_162' title='bbox 727 1097 904 1131; x_wconf 82' lang='lat' dir='ltr'><strong>desperat,‘ct</strong></span> <span class='ocrx_word' id='word_1_163' title='bbox 931 1096 1022 1123; x_wconf 87' lang='lat' dir='ltr'><strong>renuit</strong></span> 
     </span>
    </p>
   </div>
   <div class='ocr_carea' id='block_1_26' title="bbox 232 1141 1022 1178">
    <p class='ocr_par' dir='ltr' id='par_1_26' title="bbox 232 1141 1022 1178">
     <span class='ocr_line' id='line_1_26' title="bbox 232 1141 1022 1178; baseline -0.008 -5"><span class='ocrx_word' id='word_1_164' title='bbox 232 1146 427 1174; x_wconf 74' lang='lat' dir='ltr'><strong>conectionem</strong></span> <span class='ocrx_word' id='word_1_165' title='bbox 448 1153 455 1171; x_wconf 88' lang='lat'><strong>:</strong></span> <span class='ocrx_word' id='word_1_166' title='bbox 477 1143 695 1178; x_wconf 89' lang='lat' dir='ltr'><strong>quandoquidem</strong></span> <span class='ocrx_word' id='word_1_167' title='bbox 724 1142 810 1174; x_wconf 86' lang='lat' dir='ltr'><strong>servi,</strong></span> <span class='ocrx_word' id='word_1_168' title='bbox 832 1146 859 1168; x_wconf 86' lang='lat' dir='ltr'><strong>et</strong></span> <span class='ocrx_word' id='word_1_169' title='bbox 887 1141 1022 1174; x_wconf 87' lang='lat' dir='ltr'><strong>omnium,</strong></span> 
     </span>
    </p>
   </div>
   <div class='ocr_carea' id='block_1_27' title="bbox 232 1187 1023 1227">
    <p class='ocr_par' dir='ltr' id='par_1_27' title="bbox 232 1187 1023 1227">
     <span class='ocr_line' id='line_1_27' title="bbox 232 1187 1023 1227; baseline -0.006 -8"><span class='ocrx_word' id='word_1_170' title='bbox 232 1200 292 1227; x_wconf 73' lang='lat' dir='ltr'><strong>qnze</strong></span> <span class='ocrx_word' id='word_1_171' title='bbox 313 1192 427 1218; x_wconf 75' lang='lat' dir='ltr'><strong>habebat</strong></span> <span class='ocrx_word' id='word_1_172' title='bbox 441 1190 568 1221; x_wconf 82' lang='lat' dir='ltr'><strong>venditio,</strong></span> <span class='ocrx_word' id='word_1_173' title='bbox 585 1189 730 1215; x_wconf 88' lang='lat' dir='ltr'><strong>multorum</strong></span> <span class='ocrx_word' id='word_1_174' title='bbox 750 1187 882 1214; x_wconf 89' lang='lat' dir='ltr'><strong>bonorum</strong></span> <span class='ocrx_word' id='word_1_175' title='bbox 895 1187 1023 1221; x_wconf 82' lang='lat' dir='ltr'><strong>privatio-</strong></span> 
     </span>
    </p>
   </div>
   <div class='ocr_carea' id='block_1_28' title="bbox 233 1234 806 1270">
    <p class='ocr_par' dir='ltr' id='par_1_28' title="bbox 233 1234 806 1270">
     <span class='ocr_line' id='line_1_28' title="bbox 233 1234 806 1270; baseline -0.009 -4"><span class='ocrx_word' id='word_1_176' title='bbox 233 1247 293 1266; x_wconf 93' lang='lat' dir='ltr'><strong>nem</strong></span> <span class='ocrx_word' id='word_1_177' title='bbox 306 1243 333 1265; x_wconf 90' lang='lat' dir='ltr'><strong>et</strong></span> <span class='ocrx_word' id='word_1_178' title='bbox 347 1237 516 1265; x_wconf 85' lang='lat' dir='ltr'><strong>aversionem</strong></span> <span class='ocrx_word' id='word_1_179' title='bbox 531 1243 546 1262; x_wconf 87' lang='lat' dir='ltr'><strong>a</strong></span> <span class='ocrx_word' id='word_1_180' title='bbox 562 1235 615 1262; x_wconf 89' lang='lat' dir='ltr'><strong>Deo</strong></span> <span class='ocrx_word' id='word_1_181' title='bbox 633 1234 781 1270; x_wconf 69' lang='lat' dir='ltr'><strong>significat.</strong></span> <span class='ocrx_word' id='word_1_182' title='bbox 792 1260 806 1269; x_wconf 46' lang='grc' dir='ltr'><em>κ</em></span> 
     </span>
    </p>
   </div>
   <div class='ocr_carea' id='block_1_29' title="bbox 270 1279 1021 1311">
    <p class='ocr_par' dir='ltr' id='par_1_29' title="bbox 270 1279 1021 1311">
     <span class='ocr_line' id='line_1_29' title="bbox 270 1279 1021 1311; baseline -0.007 0"><span class='ocrx_word' id='word_1_183' title='bbox 270 1293 280 1311; x_wconf 79' lang='grc' dir='ltr'><strong>ι</strong></span> <span class='ocrx_word' id='word_1_184' title='bbox 300 1283 448 1311; x_wconf 82' lang='lat' dir='ltr'><strong>Procidens</strong></span> <span class='ocrx_word' id='word_1_185' title='bbox 460 1287 549 1309; x_wconf 88' lang='lat' dir='ltr'><strong>antem</strong></span> <span class='ocrx_word' id='word_1_186' title='bbox 569 1289 665 1309; x_wconf 87' lang='lat' dir='ltr'><strong>servus</strong></span> <span class='ocrx_word' id='word_1_187' title='bbox 689 1281 785 1308; x_wconf 91' lang='lat' dir='ltr'><strong>orabat</strong></span> <span class='ocrx_word' id='word_1_188' title='bbox 820 1286 881 1307; x_wconf 87' lang='lat' dir='ltr'><strong>eum</strong></span> <span class='ocrx_word' id='word_1_189' title='bbox 905 1279 1021 1307; x_wconf 86' lang='lat' dir='ltr'><strong>dicens:</strong></span> 
     </span>
    </p>
   </div>
   <div class='ocr_carea' id='block_1_30' title="bbox 234 1326 1019 1360">
    <p class='ocr_par' dir='ltr' id='par_1_30' title="bbox 234 1326 1019 1360">
     <span class='ocr_line' id='line_1_30' title="bbox 234 1326 1019 1360; baseline -0.006 -3"><span class='ocrx_word' id='word_1_190' title='bbox 234 1330 394 1357; x_wconf 83' lang='lat' dir='ltr'><strong>Patientiam</strong></span> <span class='ocrx_word' id='word_1_191' title='bbox 421 1329 491 1356; x_wconf 85' lang='lat' dir='ltr'><strong>habe</strong></span> <span class='ocrx_word' id='word_1_192' title='bbox 505 1329 532 1356; x_wconf 88' lang='lat' dir='ltr'><strong>in</strong></span> <span class='ocrx_word' id='word_1_193' title='bbox 553 1336 607 1360; x_wconf 86' lang='lat' dir='ltr'><strong>me,</strong></span> <span class='ocrx_word' id='word_1_194' title='bbox 624 1332 650 1355; x_wconf 90' lang='lat' dir='ltr'><strong>et</strong></span> <span class='ocrx_word' id='word_1_195' title='bbox 663 1327 755 1354; x_wconf 88' lang='lat' dir='ltr'><strong>omnia</strong></span> <span class='ocrx_word' id='word_1_196' title='bbox 782 1326 894 1354; x_wconf 86' lang='lat' dir='ltr'><strong>reddam</strong></span> <span class='ocrx_word' id='word_1_197' title='bbox 930 1327 987 1353; x_wconf 90' lang='lat' dir='ltr'><strong>tibi.</strong></span> <span class='ocrx_word' id='word_1_198' title='bbox 1010 1335 1019 1352; x_wconf 79' lang='grc' dir='ltr'><strong>ι</strong></span> 
     </span>
    </p>
   </div>
   <div class='ocr_carea' id='block_1_31' title="bbox 235 1372 1024 1410">
    <p class='ocr_par' dir='ltr' id='par_1_31' title="bbox 235 1372 1024 1410">
     <span class='ocr_line' id='line_1_31' title="bbox 235 1372 1024 1410; baseline -0.004 -8"><span class='ocrx_word' id='word_1_199' title='bbox 235 1377 303 1409; x_wconf 85' lang='lat' dir='ltr'><strong>Quid</strong></span> <span class='ocrx_word' id='word_1_200' title='bbox 319 1376 400 1410; x_wconf 76' lang='lat' dir='ltr'><strong>igitur</strong></span> <span class='ocrx_word' id='word_1_201' title='bbox 411 1375 524 1402; x_wconf 69' lang='lat' dir='ltr'><strong>servus?</strong></span> <span class='ocrx_word' id='word_1_202' title='bbox 541 1375 595 1402; x_wconf 90' lang='lat' dir='ltr'><strong>Pro</strong></span> <span class='ocrx_word' id='word_1_203' title='bbox 604 1374 726 1409; x_wconf 68' lang='lat' dir='ltr'><strong>pecuniae</strong></span> <span class='ocrx_word' id='word_1_204' title='bbox 738 1372 874 1400; x_wconf 85' lang='lat' dir='ltr'><strong>solutione</strong></span> <span class='ocrx_word' id='word_1_205' title='bbox 888 1373 1024 1408; x_wconf 79' lang='lat' dir='ltr'><strong>supplica-</strong></span> 
     </span>
    </p>
   </div>
   <div class='ocr_carea' id='block_1_32' title="bbox 235 1419 1024 1454">
    <p class='ocr_par' dir='ltr' id='par_1_32' title="bbox 235 1419 1024 1454">
     <span class='ocr_line' id='line_1_32' title="bbox 235 1419 1024 1454; baseline -0.003 -7"><span class='ocrx_word' id='word_1_206' title='bbox 235 1423 335 1448; x_wconf 88' lang='lat' dir='ltr'><strong>tionem</strong></span> <span class='ocrx_word' id='word_1_207' title='bbox 348 1420 439 1453; x_wconf 72' lang='lat' dir='ltr'><strong>oll‘ert,</strong></span> <span class='ocrx_word' id='word_1_208' title='bbox 458 1425 485 1447; x_wconf 88' lang='lat' dir='ltr'><strong>et</strong></span> <span class='ocrx_word' id='word_1_209' title='bbox 505 1420 648 1447; x_wconf 89' lang='lat' dir='ltr'><strong>Dominum</strong></span> <span class='ocrx_word' id='word_1_210' title='bbox 667 1419 804 1452; x_wconf 85' lang='lat' dir='ltr'><strong>obsecrat,</strong></span> <span class='ocrx_word' id='word_1_211' title='bbox 828 1422 858 1446; x_wconf 85' lang='lat' dir='ltr'><strong>ut</strong></span> <span class='ocrx_word' id='word_1_212' title='bbox 885 1419 1024 1454; x_wconf 87' lang='lat' dir='ltr'><strong>patienter</strong></span> 
     </span>
    </p>
   </div>
   <div class='ocr_carea' id='block_1_33' title="bbox 233 1465 1021 1501">
    <p class='ocr_par' dir='ltr' id='par_1_33' title="bbox 233 1465 1021 1501">
     <span class='ocr_line' id='line_1_33' title="bbox 233 1465 1021 1501; baseline -0.004 -6"><span class='ocrx_word' id='word_1_213' title='bbox 233 1467 314 1495; x_wconf 82' lang='lat' dir='ltr'><strong>ferat.</strong></span> <span class='ocrx_word' id='word_1_214' title='bbox 343 1466 393 1494; x_wconf 85' lang='lat' dir='ltr'><strong>Hie</strong></span> <span class='ocrx_word' id='word_1_215' title='bbox 413 1474 478 1494; x_wconf 91' lang='lat' dir='ltr'><strong>vero</strong></span> <span class='ocrx_word' id='word_1_216' title='bbox 501 1466 546 1494; x_wconf 91' lang='lat' dir='ltr'><strong>ubi</strong></span> <span class='ocrx_word' id='word_1_217' title='bbox 572 1472 679 1493; x_wconf 85' lang='lat' dir='ltr'><strong>servum</strong></span> <span class='ocrx_word' id='word_1_218' title='bbox 706 1465 740 1493; x_wconf 87' lang='lat' dir='ltr'><strong>ad</strong></span> <span class='ocrx_word' id='word_1_219' title='bbox 761 1465 843 1500; x_wconf 81' lang='lat' dir='ltr'><strong>pedes</strong></span> <span class='ocrx_word' id='word_1_220' title='bbox 872 1465 1021 1501; x_wconf 75' lang='lat' dir='ltr'><strong>abiectum,</strong></span> 
     </span>
    </p>
   </div>
   <div class='ocr_carea' id='block_1_34' title="bbox 234 1511 1023 1547">
    <p class='ocr_par' dir='ltr' id='par_1_34' title="bbox 234 1511 1023 1547">
     <span class='ocr_line' id='line_1_34' title="bbox 234 1511 1023 1547; baseline -0.003 -5"><span class='ocrx_word' id='word_1_221' title='bbox 234 1520 262 1542; x_wconf 86' lang='lat' dir='ltr'><strong>et</strong></span> <span class='ocrx_word' id='word_1_222' title='bbox 285 1514 377 1541; x_wconf 82' lang='lat' dir='ltr'><strong>oculos</strong></span> <span class='ocrx_word' id='word_1_223' title='bbox 402 1513 540 1540; x_wconf 85' lang='lat' dir='ltr'><strong>madentes</strong></span> <span class='ocrx_word' id='word_1_224' title='bbox 581 1511 708 1547; x_wconf 88' lang='lat' dir='ltr'><strong>lacrymis</strong></span> <span class='ocrx_word' id='word_1_225' title='bbox 742 1512 821 1544; x_wconf 84' lang='lat' dir='ltr'><strong>vidit.</strong></span> <span class='ocrx_word' id='word_1_226' title='bbox 848 1512 968 1540; x_wconf 86' lang='lat' dir='ltr'><strong>clemens</strong></span> <span class='ocrx_word' id='word_1_227' title='bbox 994 1517 1023 1540; x_wconf 87' lang='lat' dir='ltr'><strong>et</strong></span> 
     </span>
    </p>
   </div>
   <div class='ocr_carea' id='block_1_35' title="bbox 234 1558 1021 1594">
    <p class='ocr_par' dir='ltr' id='par_1_35' title="bbox 234 1558 1021 1594">
     <span class='ocr_line' id='line_1_35' title="bbox 234 1558 1021 1594; baseline 0 -8"><span class='ocrx_word' id='word_1_228' title='bbox 234 1560 314 1587; x_wconf 73' lang='lat' dir='ltr'><strong>facile</strong></span> <span class='ocrx_word' id='word_1_229' title='bbox 336 1559 465 1594; x_wconf 74' lang='lat' dir='ltr'><strong>placabile</strong></span> <span class='ocrx_word' id='word_1_230' title='bbox 493 1559 613 1586; x_wconf 84' lang='lat' dir='ltr'><strong>ostendit</strong></span> <span class='ocrx_word' id='word_1_231' title='bbox 637 1558 790 1593; x_wconf 73' lang='lat' dir='ltr'><strong>ingenium;</strong></span> <span class='ocrx_word' id='word_1_232' title='bbox 811 1566 860 1586; x_wconf 88' lang='lat' dir='ltr'><strong>nec</strong></span> <span class='ocrx_word' id='word_1_233' title='bbox 891 1565 1021 1594; x_wconf 85' lang='lat' dir='ltr'><strong>quantam</strong></span> 
     </span>
    </p>
   </div>
   <div class='ocr_carea' id='block_1_36' title="bbox 236 1605 1022 1640">
    <p class='ocr_par' dir='ltr' id='par_1_36' title="bbox 236 1605 1022 1640">
     <span class='ocr_line' id='line_1_36' title="bbox 236 1605 1022 1640; baseline -0.001 -7"><span class='ocrx_word' id='word_1_234' title='bbox 236 1613 334 1633; x_wconf 83' lang='lat' dir='ltr'><strong>servus</strong></span> <span class='ocrx_word' id='word_1_235' title='bbox 351 1606 475 1639; x_wconf 73' lang='lat' dir='ltr'><strong>rogabat,</strong></span> <span class='ocrx_word' id='word_1_236' title='bbox 490 1605 538 1632; x_wconf 83' lang='lat' dir='ltr'><strong>sed</strong></span> <span class='ocrx_word' id='word_1_237' title='bbox 568 1610 696 1639; x_wconf 86' lang='lat' dir='ltr'><strong>quantam</strong></span> <span class='ocrx_word' id='word_1_238' title='bbox 714 1605 772 1639; x_wconf 85' lang='lat' dir='ltr'><strong>ejus</strong></span> <span class='ocrx_word' id='word_1_239' title='bbox 801 1605 953 1640; x_wconf 76' lang='lat' dir='ltr'><strong>benignitas</strong></span> <span class='ocrx_word' id='word_1_240' title='bbox 974 1612 1022 1632; x_wconf 89' lang='lat' dir='ltr'><strong>ca-</strong></span> 
     </span>
    </p>
   </div>
   <div class='ocr_carea' id='block_1_37' title="bbox 236 1649 1022 1686">
    <p class='ocr_par' dir='ltr' id='par_1_37' title="bbox 236 1649 1022 1686">
     <span class='ocr_line' id='line_1_37' title="bbox 236 1649 1022 1686; baseline -0.001 -8"><span class='ocrx_word' id='word_1_241' title='bbox 236 1652 336 1686; x_wconf 83' lang='lat' dir='ltr'><strong>piebat,</strong></span> <span class='ocrx_word' id='word_1_242' title='bbox 358 1652 471 1686; x_wconf 73' lang='lat' dir='ltr'><strong>gratiam</strong></span> <span class='ocrx_word' id='word_1_243' title='bbox 486 1651 561 1679; x_wconf 76' lang='lat' dir='ltr'><strong>fecit.</strong></span> <span class='ocrx_word' id='word_1_244' title='bbox 578 1649 664 1679; x_wconf 86' lang='lat' dir='ltr'><strong>Omne</strong></span> <span class='ocrx_word' id='word_1_245' title='bbox 684 1651 757 1678; x_wconf 91' lang='lat' dir='ltr'><strong>enim</strong></span> <span class='ocrx_word' id='word_1_246' title='bbox 770 1651 891 1679; x_wconf 58' lang='lat' dir='ltr'><strong>obaerato</strong></span> <span class='ocrx_word' id='word_1_247' title='bbox 903 1652 1022 1679; x_wconf 89' lang='lat' dir='ltr'><strong>debitum</strong></span> 
     </span>
    </p>
   </div>
   <div class='ocr_carea' id='block_1_38' title="bbox 236 1696 1024 1732">
    <p class='ocr_par' dir='ltr' id='par_1_38' title="bbox 236 1696 1024 1732">
     <span class='ocr_line' id='line_1_38' title="bbox 236 1696 1024 1732; baseline 0 -9"><span class='ocrx_word' id='word_1_248' title='bbox 236 1698 322 1732; x_wconf 77' lang='lat' dir='ltr'><strong>gratis</strong></span> <span class='ocrx_word' id='word_1_249' title='bbox 334 1699 432 1729; x_wconf 82' lang='lat' dir='ltr'><strong>donat;</strong></span> <span class='ocrx_word' id='word_1_250' title='bbox 449 1700 476 1723; x_wconf 91' lang='lat' dir='ltr'><strong>et</strong></span> <span class='ocrx_word' id='word_1_251' title='bbox 488 1696 568 1723; x_wconf 90' lang='lat' dir='ltr'><strong>simul</strong></span> <span class='ocrx_word' id='word_1_252' title='bbox 583 1703 638 1723; x_wconf 78' lang='lat' dir='ltr'><strong>suae</strong></span> <span class='ocrx_word' id='word_1_253' title='bbox 654 1696 830 1732; x_wconf 79' lang='lat' dir='ltr'><strong>benignitatis</strong></span> <span class='ocrx_word' id='word_1_254' title='bbox 843 1696 901 1731; x_wconf 87' lang='lat' dir='ltr'><strong>ipse</strong></span> <span class='ocrx_word' id='word_1_255' title='bbox 923 1697 1024 1724; x_wconf 73' lang='lat' dir='ltr'><strong>innata:</strong></span> 
     </span>
    </p>
   </div>
   <div class='ocr_carea' id='block_1_39' title="bbox 236 1742 1021 1778">
    <p class='ocr_par' dir='ltr' id='par_1_39' title="bbox 236 1742 1021 1778">
     <span class='ocr_line' id='line_1_39' title="bbox 236 1742 1021 1778; baseline -0.001 -8"><span class='ocrx_word' id='word_1_256' title='bbox 236 1743 346 1778; x_wconf 78' lang='lat' dir='ltr'><strong>pelagus</strong></span> <span class='ocrx_word' id='word_1_257' title='bbox 361 1743 522 1769; x_wconf 86' lang='lat' dir='ltr'><strong>immensum</strong></span> <span class='ocrx_word' id='word_1_258' title='bbox 537 1742 655 1770; x_wconf 87' lang='lat' dir='ltr'><strong>ostendit</strong></span> <span class='ocrx_word' id='word_1_259' title='bbox 670 1749 678 1769; x_wconf 86' lang='lat'><strong>:</strong></span> <span class='ocrx_word' id='word_1_260' title='bbox 693 1742 775 1769; x_wconf 86' lang='lat' dir='ltr'><strong>simul</strong></span> <span class='ocrx_word' id='word_1_261' title='bbox 791 1743 887 1770; x_wconf 89' lang='lat' dir='ltr'><strong>edocet</strong></span> <span class='ocrx_word' id='word_1_262' title='bbox 898 1749 1021 1774; x_wconf 85' lang='lat' dir='ltr'><strong>servum,</strong></span> 
     </span>
    </p>
   </div>
   <div class='ocr_carea' id='block_1_40' title="bbox 236 1788 1021 1823">
    <p class='ocr_par' dir='ltr' id='par_1_40' title="bbox 236 1788 1021 1823">
     <span class='ocr_line' id='line_1_40' title="bbox 236 1788 1021 1823; baseline 0 -8"><span class='ocrx_word' id='word_1_263' title='bbox 236 1795 267 1815; x_wconf 90' lang='lat' dir='ltr'><strong>ut</strong></span> <span class='ocrx_word' id='word_1_264' title='bbox 281 1788 454 1823; x_wconf 82' lang='lat' dir='ltr'><strong>peccantibus</strong></span> <span class='ocrx_word' id='word_1_265' title='bbox 470 1788 606 1815; x_wconf 87' lang='lat' dir='ltr'><strong>condonet</strong></span> <span class='ocrx_word' id='word_1_266' title='bbox 627 1795 658 1814; x_wconf 93' lang='lat' dir='ltr'><strong>ea</strong></span> <span class='ocrx_word' id='word_1_267' title='bbox 684 1795 744 1822; x_wconf 67' lang='lat' dir='ltr'><strong>quae</strong></span> <span class='ocrx_word' id='word_1_268' title='bbox 757 1788 807 1815; x_wconf 91' lang='lat' dir='ltr'><strong>sibi</strong></span> <span class='ocrx_word' id='word_1_269' title='bbox 827 1788 934 1815; x_wconf 83' lang='lat' dir='ltr'><strong>fuerant</strong></span> <span class='ocrx_word' id='word_1_270' title='bbox 958 1795 1021 1815; x_wconf 81' lang='lat' dir='ltr'><strong>con-</strong></span> 
     </span>
    </p>
   </div>
   <div class='ocr_carea' id='block_1_41' title="bbox 235 1833 1022 1866">
    <p class='ocr_par' dir='ltr' id='par_1_41' title="bbox 235 1833 1022 1866">
     <span class='ocr_line' id='line_1_41' title="bbox 235 1833 1022 1866; baseline 0.001 -5"><span class='ocrx_word' id='word_1_271' title='bbox 235 1835 344 1862; x_wconf 85' lang='lat' dir='ltr'><strong>donata.</strong></span> <span class='ocrx_word' id='word_1_272' title='bbox 361 1834 435 1861; x_wconf 80' lang='lat' dir='ltr'><strong>Adeo</strong></span> <span class='ocrx_word' id='word_1_273' title='bbox 450 1833 550 1861; x_wconf 90' lang='lat' dir='ltr'><strong>bonutn</strong></span> <span class='ocrx_word' id='word_1_274' title='bbox 566 1833 696 1861; x_wconf 83' lang='lat' dir='ltr'><strong>habemus</strong></span> <span class='ocrx_word' id='word_1_275' title='bbox 710 1833 866 1866; x_wconf 81' lang='lat' dir='ltr'><strong>Dominum,</strong></span> <span class='ocrx_word' id='word_1_276' title='bbox 879 1835 946 1862; x_wconf 92' lang='lat' dir='ltr'><strong>adeo</strong></span> <span class='ocrx_word' id='word_1_277' title='bbox 959 1842 1022 1862; x_wconf 89' lang='lat' dir='ltr'><strong>eum</strong></span> 
     </span>
    </p>
   </div>
   <div class='ocr_carea' id='block_1_42' title="bbox 234 1879 1023 1915">
    <p class='ocr_par' dir='ltr' id='par_1_42' title="bbox 234 1879 1023 1915">
     <span class='ocr_line' id='line_1_42' title="bbox 234 1879 1023 1915; baseline 0.001 -8"><span class='ocrx_word' id='word_1_278' title='bbox 234 1880 407 1914; x_wconf 76' lang='lat' dir='ltr'><strong>supplicatio,</strong></span> <span class='ocrx_word' id='word_1_279' title='bbox 427 1885 453 1906; x_wconf 88' lang='lat' dir='ltr'><strong>et</strong></span> <span class='ocrx_word' id='word_1_280' title='bbox 486 1887 540 1906; x_wconf 90' lang='lat' dir='ltr'><strong>una</strong></span> <span class='ocrx_word' id='word_1_281' title='bbox 563 1880 682 1915; x_wconf 85' lang='lat' dir='ltr'><strong>lacryma</strong></span> <span class='ocrx_word' id='word_1_282' title='bbox 706 1879 816 1908; x_wconf 85' lang='lat' dir='ltr'><strong>ﬂectere</strong></span> <span class='ocrx_word' id='word_1_283' title='bbox 846 1881 926 1914; x_wconf 86' lang='lat' dir='ltr'><strong>solet,</strong></span> <span class='ocrx_word' id='word_1_284' title='bbox 955 1882 1023 1908; x_wconf 86' lang='lat' dir='ltr'><strong>adeo</strong></span> 
     </span>
    </p>
   </div>
   <div class='ocr_carea' id='block_1_43' title="bbox 235 1927 1022 1962">
    <p class='ocr_par' dir='ltr' id='par_1_43' title="bbox 235 1927 1022 1962">
     <span class='ocr_line' id='line_1_43' title="bbox 235 1927 1022 1962; baseline 0.001 -8"><span class='ocrx_word' id='word_1_285' title='bbox 235 1935 298 1962; x_wconf 75' lang='lat' dir='ltr'><strong>erga</strong></span> <span class='ocrx_word' id='word_1_286' title='bbox 314 1927 489 1960; x_wconf 72' lang='lat' dir='ltr'><strong>pmnitcntem</strong></span> <span class='ocrx_word' id='word_1_287' title='bbox 503 1934 533 1954; x_wconf 90' lang='lat' dir='ltr'><strong>se</strong></span> <span class='ocrx_word' id='word_1_288' title='bbox 547 1927 701 1953; x_wconf 82' lang='lat' dir='ltr'><strong>muniﬁcum</strong></span> <span class='ocrx_word' id='word_1_289' title='bbox 718 1927 820 1961; x_wconf 72' lang='lat' dir='ltr'><strong>przebet</strong></span> <span class='ocrx_word' id='word_1_290' title='bbox 834 1931 863 1954; x_wconf 89' lang='lat' dir='ltr'><strong>ut</strong></span> <span class='ocrx_word' id='word_1_291' title='bbox 888 1927 1022 1961; x_wconf 83' lang='lat' dir='ltr'><strong>postulata</strong></span> 
     </span>
    </p>
   </div>
   <div class='ocr_carea' id='block_1_44' title="bbox 234 1972 1021 2008">
    <p class='ocr_par' dir='ltr' id='par_1_44' title="bbox 234 1972 1021 2008">
     <span class='ocr_line' id='line_1_44' title="bbox 234 1972 1021 2008; baseline -0.001 -7"><span class='ocrx_word' id='word_1_292' title='bbox 234 1977 343 2008; x_wconf 84' lang='lat' dir='ltr'><strong>superet</strong></span> <span class='ocrx_word' id='word_1_293' title='bbox 358 1973 446 2000; x_wconf 84' lang='lat' dir='ltr'><strong>donis.</strong></span> <span class='ocrx_word' id='word_1_294' title='bbox 464 1972 602 2000; x_wconf 80' lang='lat' dir='ltr'><strong>Mannsses</strong></span> <span class='ocrx_word' id='word_1_295' title='bbox 617 1977 657 2000; x_wconf 90' lang='lat' dir='ltr'><strong>tot</strong></span> <span class='ocrx_word' id='word_1_296' title='bbox 688 1973 837 2000; x_wconf 84' lang='lat' dir='ltr'><strong>sceleribus</strong></span> <span class='ocrx_word' id='word_1_297' title='bbox 866 1979 1021 2008; x_wconf 83' lang='lat' dir='ltr'><strong>coopertus,</strong></span> 
     </span>
    </p>
   </div>
   <div class='ocr_carea' id='block_1_45' title="bbox 234 2019 1022 2054">
    <p class='ocr_par' dir='ltr' id='par_1_45' title="bbox 234 2019 1022 2054">
     <span class='ocr_line' id='line_1_45' title="bbox 234 2019 1022 2054; baseline 0 -7"><span class='ocrx_word' id='word_1_298' title='bbox 234 2024 263 2048; x_wconf 88' lang='lat' dir='ltr'><strong>et</strong></span> <span class='ocrx_word' id='word_1_299' title='bbox 281 2024 472 2054; x_wconf 67' lang='lat' dir='ltr'><strong>prmgravatns,</strong></span> <span class='ocrx_word' id='word_1_300' title='bbox 485 2019 528 2046; x_wconf 94' lang='lat' dir='ltr'><strong>vix</strong></span> <span class='ocrx_word' id='word_1_301' title='bbox 542 2027 691 2047; x_wconf 88' lang='lat' dir='ltr'><strong>conversus</strong></span> <span class='ocrx_word' id='word_1_302' title='bbox 720 2020 906 2047; x_wconf 87' lang='lat' dir='ltr'><strong>remissioncnt</strong></span> <span class='ocrx_word' id='word_1_303' title='bbox 934 2020 1022 2047; x_wconf 88' lang='lat' dir='ltr'><strong>solum</strong></span> 
     </span>
    </p>
   </div>
   <div class='ocr_carea' id='block_1_46' title="bbox 235 2064 1022 2106">
    <p class='ocr_par' dir='ltr' id='par_1_46' title="bbox 235 2064 1022 2106">
     <span class='ocr_line' id='line_1_46' title="bbox 235 2064 1022 2106; baseline 0 -14"><span class='ocrx_word' id='word_1_304' title='bbox 235 2074 250 2092; x_wconf 91' lang='lat' dir='ltr'><strong>a</strong></span> <span class='ocrx_word' id='word_1_305' title='bbox 270 2065 324 2092; x_wconf 88' lang='lat' dir='ltr'><strong>Deo</strong></span> <span class='ocrx_word' id='word_1_306' title='bbox 338 2065 425 2099; x_wconf 87' lang='lat' dir='ltr'><strong>petiit,</strong></span> <span class='ocrx_word' id='word_1_307' title='bbox 440 2065 533 2106; x_wconf 62' lang='lat' dir='ltr'><strong>dio&#39;ts</strong></span> <span class='ocrx_word' id='word_1_308' title='bbox 548 2073 555 2091; x_wconf 88' lang='lat'>:</span> <span class='ocrx_word' id='word_1_309' title='bbox 584 2065 641 2100; x_wconf 80' lang='lat'><strong>(59)</strong></span> <span class='ocrx_word' id='word_1_310' title='bbox 655 2064 785 2093; x_wconf 80' lang='lat' dir='ltr'><strong>Miserere</strong></span> <span class='ocrx_word' id='word_1_311' title='bbox 805 2065 883 2098; x_wconf 89' lang='lat' dir='ltr'><strong>mihi,</strong></span> <span class='ocrx_word' id='word_1_312' title='bbox 897 2065 1022 2100; x_wconf 90' lang='lat' dir='ltr'><strong>Domine,</strong></span> 
     </span>
    </p>
   </div>
   <div class='ocr_carea' id='block_1_47' title="bbox 234 2111 1023 2146">
    <p class='ocr_par' dir='ltr' id='par_1_47' title="bbox 234 2111 1023 2146">
     <span class='ocr_line' id='line_1_47' title="bbox 234 2111 1023 2146; baseline 0.003 -8"><span class='ocrx_word' id='word_1_313' title='bbox 234 2111 383 2141; x_wconf 76' lang='lat' dir='ltr'><strong>miserere;</strong></span> <span class='ocrx_word' id='word_1_314' title='bbox 411 2115 439 2138; x_wconf 91' lang='lat' dir='ltr'><strong>et</strong></span> <span class='ocrx_word' id='word_1_315' title='bbox 468 2111 573 2137; x_wconf 86' lang='lat' dir='ltr'><strong>veniam</strong></span> <span class='ocrx_word' id='word_1_316' title='bbox 591 2111 755 2146; x_wconf 85' lang='lat' dir='ltr'><strong>impetravit,</strong></span> <span class='ocrx_word' id='word_1_317' title='bbox 780 2117 807 2138; x_wconf 89' lang='lat' dir='ltr'><strong>et</strong></span> <span class='ocrx_word' id='word_1_318' title='bbox 837 2112 872 2139; x_wconf 88' lang='lat' dir='ltr'><strong>ab</strong></span> <span class='ocrx_word' id='word_1_319' title='bbox 901 2113 1023 2140; x_wconf 84' lang='lat' dir='ltr'><strong>hostibus</strong></span> 
     </span>
    </p>
   </div>
   <div class='ocr_carea' id='block_1_48' title="bbox 234 2155 1022 2192">
    <p class='ocr_par' dir='ltr' id='par_1_48' title="bbox 234 2155 1022 2192">
     <span class='ocr_line' id='line_1_48' title="bbox 234 2155 1022 2192; baseline 0.004 -10"><span class='ocrx_word' id='word_1_320' title='bbox 234 2155 366 2183; x_wconf 84' lang='lat' dir='ltr'><strong>liberatus</strong></span> <span class='ocrx_word' id='word_1_321' title='bbox 381 2159 433 2187; x_wconf 87' lang='lat' dir='ltr'><strong>est,</strong></span> <span class='ocrx_word' id='word_1_322' title='bbox 450 2160 477 2182; x_wconf 89' lang='lat' dir='ltr'><strong>et</strong></span> <span class='ocrx_word' id='word_1_323' title='bbox 490 2162 600 2190; x_wconf 73' lang='lat' dir='ltr'><strong>regnum</strong></span> <span class='ocrx_word' id='word_1_324' title='bbox 619 2163 714 2182; x_wconf 86' lang='lat' dir='ltr'><strong>rursus</strong></span> <span class='ocrx_word' id='word_1_325' title='bbox 724 2156 842 2183; x_wconf 89' lang='lat' dir='ltr'><strong>obtinuit</strong></span> <span class='ocrx_word' id='word_1_326' title='bbox 859 2157 893 2183; x_wconf 81' lang='lat'><strong>&quot;.</strong></span> <span class='ocrx_word' id='word_1_327' title='bbox 912 2157 961 2192; x_wconf 77' lang='grc' dir='ltr'><strong>ιι</strong></span> <span class='ocrx_word' id='word_1_328' title='bbox 976 2158 1022 2186; x_wconf 90' lang='lat' dir='ltr'><strong>Ille</strong></span> 
     </span>
    </p>
   </div>
   <div class='ocr_carea' id='block_1_49' title="bbox 1069 220 1848 258">
    <p class='ocr_par' dir='ltr' id='par_1_49' title="bbox 1069 220 1848 258">
     <span class='ocr_line' id='line_1_49' title="bbox 1069 220 1848 258; baseline -0.003 -9"><span class='ocrx_word' id='word_1_329' title='bbox 1069 223 1083 249; x_wconf 85' lang='grc' dir='ltr'><strong>ό</strong></span> <span class='ocrx_word' id='word_1_330' title='bbox 1097 223 1177 258; x_wconf 83' lang='grc' dir='ltr'>βοῶν,</span> <span class='ocrx_word' id='word_1_331' title='bbox 1190 223 1230 249; x_wconf 85' lang='grc' dir='ltr'><strong>ὃτι</strong></span> <span class='ocrx_word' id='word_1_332' title='bbox 1251 231 1260 248; x_wconf 82' lang='grc' dir='ltr'>ι</span> <span class='ocrx_word' id='word_1_333' title='bbox 1275 222 1356 257; x_wconf 78' lang='grc' dir='ltr'>Ψυχὴ</span> <span class='ocrx_word' id='word_1_334' title='bbox 1374 221 1571 256; x_wconf 78' lang='grc' dir='ltr'><strong>ἁμαρτάνουσα</strong></span> <span class='ocrx_word' id='word_1_335' title='bbox 1587 220 1656 256; x_wconf 85' lang='grc' dir='ltr'>αὑτὴ</span> <span class='ocrx_word' id='word_1_336' title='bbox 1672 221 1848 252; x_wconf 73' lang='grc' dir='ltr'><strong>ἀποθανεῖται,</strong></span> 
     </span>
    </p>
   </div>
   <div class='ocr_carea' id='block_1_50' title="bbox 1069 267 1848 304">
    <p class='ocr_par' dir='ltr' id='par_1_50' title="bbox 1069 267 1848 304">
     <span class='ocr_line' id='line_1_50' title="bbox 1069 267 1848 304; baseline -0.003 -9"><span class='ocrx_word' id='word_1_337' title='bbox 1069 269 1118 295; x_wconf 79' lang='grc' dir='ltr'>καὶ</span> <span class='ocrx_word' id='word_1_338' title='bbox 1135 270 1165 295; x_wconf 86' lang='grc' dir='ltr'>οὒ</span> <span class='ocrx_word' id='word_1_339' title='bbox 1182 269 1297 304; x_wconf 74' lang='grc' dir='ltr'>λήψεται</span> <span class='ocrx_word' id='word_1_340' title='bbox 1309 268 1359 303; x_wconf 83' lang='grc' dir='ltr'>τὴν</span> <span class='ocrx_word' id='word_1_341' title='bbox 1381 269 1428 295; x_wconf 79' lang='grc' dir='ltr'><strong>τοῦ</strong></span> <span class='ocrx_word' id='word_1_342' title='bbox 1445 267 1548 303; x_wconf 82' lang='grc' dir='ltr'>πατρὸς</span> <span class='ocrx_word' id='word_1_343' title='bbox 1563 268 1702 302; x_wconf 76' lang='grc' dir='ltr'><strong>ἁμαρτίαν</strong></span> <span class='ocrx_word' id='word_1_344' title='bbox 1718 268 1732 293; x_wconf 82' lang='grc' dir='ltr'><strong>δ</strong></span> <span class='ocrx_word' id='word_1_345' title='bbox 1748 267 1776 299; x_wconf 76' lang='grc' dir='ltr'>ἐξ</span> <span class='ocrx_word' id='word_1_346' title='bbox 1788 268 1848 294; x_wconf 81' lang='grc' dir='ltr'>ἐκεί-</span> 
     </span>
    </p>
   </div>
   <div class='ocr_carea' id='block_1_51' title="bbox 1069 314 1848 351">
    <p class='ocr_par' dir='ltr' id='par_1_51' title="bbox 1069 314 1848 351">
     <span class='ocr_line' id='line_1_51' title="bbox 1069 314 1848 351; baseline -0.004 -8"><span class='ocrx_word' id='word_1_347' title='bbox 1069 325 1115 343; x_wconf 85' lang='grc' dir='ltr'><strong>νου</strong></span> <span class='ocrx_word' id='word_1_348' title='bbox 1132 317 1297 351; x_wconf 82' lang='grc' dir='ltr'>γενόμενο;;</span> <span class='ocrx_word' id='word_1_349' title='bbox 1319 325 1328 341; x_wconf 84' lang='grc'><strong>›</strong></span> <span class='ocrx_word' id='word_1_350' title='bbox 1348 314 1550 350; x_wconf 77' lang='grc' dir='ltr'>Στοχαζώμεθα</span> <span class='ocrx_word' id='word_1_351' title='bbox 1570 314 1673 347; x_wconf 74' lang='grc' dir='ltr'>τοίνυν,</span> <span class='ocrx_word' id='word_1_352' title='bbox 1689 314 1726 345; x_wconf 84' lang='grc' dir='ltr'>ὡς</span> <span class='ocrx_word' id='word_1_353' title='bbox 1739 314 1784 340; x_wconf 83' lang='grc' dir='ltr'>διὰ</span> <span class='ocrx_word' id='word_1_354' title='bbox 1796 315 1848 341; x_wconf 64' lang='grc' dir='ltr'>τοὶ-</span> 
     </span>
    </p>
   </div>
   <div class='ocr_carea' id='block_1_52' title="bbox 1069 360 1848 398">
    <p class='ocr_par' dir='ltr' id='par_1_52' title="bbox 1069 360 1848 398">
     <span class='ocr_line' id='line_1_52' title="bbox 1069 360 1848 398; baseline -0.005 -8"><span class='ocrx_word' id='word_1_355' title='bbox 1069 373 1123 390; x_wconf 66' lang='grc' dir='ltr'><strong>των</strong></span> <span class='ocrx_word' id='word_1_356' title='bbox 1139 364 1230 398; x_wconf 84' lang='grc' dir='ltr'>δόγμα</span> <span class='ocrx_word' id='word_1_357' title='bbox 1242 362 1299 389; x_wconf 88' lang='grc' dir='ltr'><strong>τῶν</strong></span> <span class='ocrx_word' id='word_1_358' title='bbox 1318 362 1492 397; x_wconf 73' lang='grc' dir='ltr'><strong>ὑψηλοτέρων</strong></span> <span class='ocrx_word' id='word_1_359' title='bbox 1505 361 1627 388; x_wconf 78' lang='grc' dir='ltr'><strong>διδάσκει</strong></span> <span class='ocrx_word' id='word_1_360' title='bbox 1638 360 1667 386; x_wconf 71' lang='grc' dir='ltr'>τὸ</span> <span class='ocrx_word' id='word_1_361' title='bbox 1684 360 1848 394; x_wconf 51' lang='grc' dir='ltr'>Εὑαγγέλιονη</span> 
     </span>
    </p>
   </div>
   <div class='ocr_carea' id='block_1_53' title="bbox 1070 407 1848 444">
    <p class='ocr_par' dir='ltr' id='par_1_53' title="bbox 1070 407 1848 444">
     <span class='ocr_line' id='line_1_53' title="bbox 1070 407 1848 444; baseline -0.005 -8"><span class='ocrx_word' id='word_1_362' title='bbox 1070 410 1203 443; x_wconf 60' lang='grc' dir='ltr'>Βδελυρὶν</span> <span class='ocrx_word' id='word_1_363' title='bbox 1221 409 1275 444; x_wconf 76' lang='grc' dir='ltr'>γὰρ</span> <span class='ocrx_word' id='word_1_364' title='bbox 1293 409 1350 443; x_wconf 73' lang='grc' dir='ltr'>βίον</span> <span class='ocrx_word' id='word_1_365' title='bbox 1371 409 1519 443; x_wconf 77' lang='grc' dir='ltr'><strong>μετιόντων</strong></span> <span class='ocrx_word' id='word_1_366' title='bbox 1542 408 1642 437; x_wconf 80' lang='grc' dir='ltr'>τινῶν,</span> <span class='ocrx_word' id='word_1_367' title='bbox 1659 407 1706 434; x_wconf 79' lang='grc' dir='ltr'>καὶ</span> <span class='ocrx_word' id='word_1_368' title='bbox 1726 415 1848 432; x_wconf 77' lang='grc' dir='ltr'>κατεστυι</span> 
     </span>
    </p>
   </div>
   <div class='ocr_carea' id='block_1_54' title="bbox 1069 452 1844 491">
    <p class='ocr_par' dir='ltr' id='par_1_54' title="bbox 1069 452 1844 491">
     <span class='ocr_line' id='line_1_54' title="bbox 1069 452 1844 491; baseline -0.005 -8"><span class='ocrx_word' id='word_1_369' title='bbox 1069 458 1197 491; x_wconf 83' lang='grc' dir='ltr'>γημένων</span> <span class='ocrx_word' id='word_1_370' title='bbox 1220 456 1280 490; x_wconf 84' lang='grc' dir='ltr'>Θεῷ</span> <span class='ocrx_word' id='word_1_371' title='bbox 1309 456 1458 489; x_wconf 73' lang='grc' dir='ltr'><strong>ἐπάγονται</strong></span> <span class='ocrx_word' id='word_1_372' title='bbox 1484 452 1528 481; x_wconf 83' lang='grc' dir='ltr'>οἷά</span> <span class='ocrx_word' id='word_1_373' title='bbox 1541 463 1613 485; x_wconf 72' lang='grc' dir='ltr'>τινες</span> <span class='ocrx_word' id='word_1_374' title='bbox 1641 454 1772 488; x_wconf 74' lang='grc' dir='ltr'><strong>μάστιγες</strong></span> <span class='ocrx_word' id='word_1_375' title='bbox 1786 453 1844 479; x_wconf 75' lang='grc' dir='ltr'>νόσο</span> 
     </span>
    </p>
   </div>
   <div class='ocr_carea' id='block_1_55' title="bbox 1069 500 1848 537">
    <p class='ocr_par' dir='ltr' id='par_1_55' title="bbox 1069 500 1848 537">
     <span class='ocr_line' id='line_1_55' title="bbox 1069 500 1848 537; baseline -0.005 -7"><span class='ocrx_word' id='word_1_376' title='bbox 1069 504 1123 530; x_wconf 82' lang='grc' dir='ltr'><strong>τῶν</strong></span> <span class='ocrx_word' id='word_1_377' title='bbox 1138 503 1287 537; x_wconf 77' lang='grc' dir='ltr'><strong>φιλτάτων,</strong></span> <span class='ocrx_word' id='word_1_378' title='bbox 1304 504 1351 529; x_wconf 72' lang='grc' dir='ltr'>καὶ</span> <span class='ocrx_word' id='word_1_379' title='bbox 1372 501 1494 530; x_wconf 78' lang='grc' dir='ltr'>θάνατοι.</span> <span class='ocrx_word' id='word_1_380' title='bbox 1511 501 1561 527; x_wconf 79' lang='grc' dir='ltr'>οὐκ</span> <span class='ocrx_word' id='word_1_381' title='bbox 1588 501 1777 535; x_wconf 75' lang='grc' dir='ltr'>ἀπρονοήτως,</span> <span class='ocrx_word' id='word_1_382' title='bbox 1797 500 1848 526; x_wconf 67' lang='grc' dir='ltr'>οὐδὲ</span> 
     </span>
    </p>
   </div>
   <div class='ocr_carea' id='block_1_56' title="bbox 1072 546 1848 584">
    <p class='ocr_par' dir='ltr' id='par_1_56' title="bbox 1072 546 1848 584">
     <span class='ocr_line' id='line_1_56' title="bbox 1072 546 1848 584; baseline -0.004 -9"><span class='ocrx_word' id='word_1_383' title='bbox 1072 549 1125 584; x_wconf 82' lang='grc' dir='ltr'>μὴν</span> <span class='ocrx_word' id='word_1_384' title='bbox 1140 549 1232 584; x_wconf 77' lang='grc' dir='ltr'>ἀκριτί</span> <span class='ocrx_word' id='word_1_385' title='bbox 1242 557 1249 565; x_wconf 65' lang='grc' dir='ltr'>ι</span> <span class='ocrx_word' id='word_1_386' title='bbox 1263 549 1321 576; x_wconf 80' lang='grc' dir='ltr'>ἀλλ’</span> <span class='ocrx_word' id='word_1_387' title='bbox 1333 548 1428 582; x_wconf 76' lang='grc' dir='ltr'>ἐπειδὴ</span> <span class='ocrx_word' id='word_1_388' title='bbox 1441 547 1553 582; x_wconf 78' lang='grc' dir='ltr'>ἔμελλον</span> <span class='ocrx_word' id='word_1_389' title='bbox 1565 548 1612 573; x_wconf 81' lang='grc' dir='ltr'>καὶ</span> <span class='ocrx_word' id='word_1_390' title='bbox 1627 546 1720 577; x_wconf 74' lang='grc' dir='ltr'>παῖδες</span> <span class='ocrx_word' id='word_1_391' title='bbox 1737 546 1848 580; x_wconf 74' lang='grc' dir='ltr'>ζηλῶσαι</span> 
     </span>
    </p>
   </div>
   <div class='ocr_carea' id='block_1_57' title="bbox 1070 592 1848 630">
    <p class='ocr_par' dir='ltr' id='par_1_57' title="bbox 1070 592 1848 630">
     <span class='ocr_line' id='line_1_57' title="bbox 1070 592 1848 630; baseline -0.005 -9"><span class='ocrx_word' id='word_1_392' title='bbox 1070 595 1119 630; x_wconf 82' lang='grc' dir='ltr'><strong>τὴν</strong></span> <span class='ocrx_word' id='word_1_393' title='bbox 1133 595 1189 621; x_wconf 88' lang='grc' dir='ltr'><strong>τῶν</strong></span> <span class='ocrx_word' id='word_1_394' title='bbox 1216 595 1345 630; x_wconf 76' lang='grc' dir='ltr'><strong>πατέρων</strong></span> <span class='ocrx_word' id='word_1_395' title='bbox 1364 594 1532 629; x_wconf 73' lang='grc' dir='ltr'><strong>φαυλότητα,</strong></span> <span class='ocrx_word' id='word_1_396' title='bbox 1563 593 1640 619; x_wconf 74' lang='grc' dir='ltr'>αὐτοί</span> <span class='ocrx_word' id='word_1_397' title='bbox 1661 601 1689 618; x_wconf 83' lang='grc' dir='ltr'><strong>τε</strong></span> <span class='ocrx_word' id='word_1_398' title='bbox 1701 593 1746 618; x_wconf 74' lang='grc' dir='ltr'><strong>διὰ</strong></span> <span class='ocrx_word' id='word_1_399' title='bbox 1763 592 1848 618; x_wconf 55' lang='grc' dir='ltr'>νόσω-ιη</span> 
     </span>
    </p>
   </div>
   <div class='ocr_carea' id='block_1_58' title="bbox 1070 639 1848 675">
    <p class='ocr_par' dir='ltr' id='par_1_58' title="bbox 1070 639 1848 675">
     <span class='ocr_line' id='line_1_58' title="bbox 1070 639 1848 675; baseline -0.005 -7"><span class='ocrx_word' id='word_1_400' title='bbox 1070 642 1086 675; x_wconf 82' lang='grc' dir='ltr'><strong>ἢ</strong></span> <span class='ocrx_word' id='word_1_401' title='bbox 1103 641 1226 668; x_wconf 76' lang='grc' dir='ltr'>θανάτων</span> <span class='ocrx_word' id='word_1_402' title='bbox 1253 641 1304 675; x_wconf 78' lang='grc' dir='ltr'>τῆς</span> <span class='ocrx_word' id='word_1_403' title='bbox 1334 641 1433 671; x_wconf 80' lang='grc' dir='ltr'>κακίας</span> <span class='ocrx_word' id='word_1_404' title='bbox 1449 640 1684 674; x_wconf 76' lang='grc' dir='ltr'>ἀναχαιτίζονται,</span> <span class='ocrx_word' id='word_1_405' title='bbox 1712 639 1760 665; x_wconf 74' lang='grc' dir='ltr'><strong>καὶ</strong></span> <span class='ocrx_word' id='word_1_406' title='bbox 1775 639 1790 672; x_wconf 89' lang='grc' dir='ltr'><strong>ή</strong></span> <span class='ocrx_word' id='word_1_407' title='bbox 1807 639 1848 664; x_wconf 49' lang='grc' dir='ltr'>τῶς</span> 
     </span>
    </p>
   </div>
   <div class='ocr_carea' id='block_1_59' title="bbox 1070 685 1848 722">
    <p class='ocr_par' dir='ltr' id='par_1_59' title="bbox 1070 685 1848 722">
     <span class='ocr_line' id='line_1_59' title="bbox 1070 685 1848 722; baseline -0.005 -8"><span class='ocrx_word' id='word_1_408' title='bbox 1070 688 1204 714; x_wconf 76' lang='grc' dir='ltr'><strong>τεκόντων</strong></span> <span class='ocrx_word' id='word_1_409' title='bbox 1218 687 1372 722; x_wconf 78' lang='grc' dir='ltr'><strong>σκληρότης</strong></span> <span class='ocrx_word' id='word_1_410' title='bbox 1388 686 1645 721; x_wconf 80' lang='grc' dir='ltr'>καταμαλάτσεται.</span> <span class='ocrx_word' id='word_1_411' title='bbox 1662 685 1736 720; x_wconf 79' lang='grc' dir='ltr'>Πλὴν</span> <span class='ocrx_word' id='word_1_412' title='bbox 1753 685 1818 710; x_wconf 81' lang='grc' dir='ltr'><strong>ἀλλὰ</strong></span> <span class='ocrx_word' id='word_1_413' title='bbox 1829 685 1848 710; x_wconf 83' lang='grc' dir='ltr'><strong>τί</strong></span> 
     </span>
    </p>
   </div>
   <div class='ocr_carea' id='block_1_60' title="bbox 1072 728 1848 766">
    <p class='ocr_par' dir='ltr' id='par_1_60' title="bbox 1072 728 1848 766">
     <span class='ocr_line' id='line_1_60' title="bbox 1072 728 1848 766; baseline -0.004 -7"><span class='ocrx_word' id='word_1_414' title='bbox 1072 733 1201 759; x_wconf 84' lang='grc' dir='ltr'>κελεῦσαι</span> <span class='ocrx_word' id='word_1_415' title='bbox 1215 732 1325 758; x_wconf 70' lang='grc' dir='ltr'>πανοικὶ</span> <span class='ocrx_word' id='word_1_416' title='bbox 1336 732 1381 758; x_wconf 67' lang='grc' dir='ltr'>τὸν</span> <span class='ocrx_word' id='word_1_417' title='bbox 1394 731 1505 766; x_wconf 81' lang='grc' dir='ltr'><strong>οἰκέτην</strong></span> <span class='ocrx_word' id='word_1_418' title='bbox 1521 731 1661 766; x_wconf 72' lang='grc' dir='ltr'><strong>πραθῆναι</strong></span> <span class='ocrx_word' id='word_1_419' title='bbox 1677 731 1812 766; x_wconf 71' lang='grc' dir='ltr'>φόϐητρον</span> 
     </span>
    </p>
   </div>
   <div class='ocr_carea' id='block_1_61' title="bbox 1071 776 1844 812">
    <p class='ocr_par' dir='ltr' id='par_1_61' title="bbox 1071 776 1844 812">
     <span class='ocr_line' id='line_1_61' title="bbox 1071 776 1844 812; baseline -0.004 -8"><span class='ocrx_word' id='word_1_420' title='bbox 1071 777 1150 804; x_wconf 76' lang='grc' dir='ltr'>ἕλκον</span> <span class='ocrx_word' id='word_1_421' title='bbox 1165 778 1211 804; x_wconf 79' lang='grc' dir='ltr'><strong>τὸν</strong></span> <span class='ocrx_word' id='word_1_422' title='bbox 1228 777 1371 812; x_wconf 77' lang='grc' dir='ltr'>ὑπόχρεων</span> <span class='ocrx_word' id='word_1_423' title='bbox 1385 778 1425 808; x_wconf 80' lang='grc' dir='ltr'><strong>εἰς</strong></span> <span class='ocrx_word' id='word_1_424' title='bbox 1440 776 1556 811; x_wconf 81' lang='grc' dir='ltr'>δάκρυα,</span> <span class='ocrx_word' id='word_1_425' title='bbox 1575 776 1622 803; x_wconf 71' lang='grc' dir='ltr'><strong>καὶ</strong></span> <span class='ocrx_word' id='word_1_426' title='bbox 1636 776 1820 810; x_wconf 70' lang='grc' dir='ltr'>παράκλησιν·</span> <span class='ocrx_word' id='word_1_427' title='bbox 1834 785 1844 801; x_wconf 86' lang='grc' dir='ltr'><strong>ε</strong></span> 
     </span>
    </p>
   </div>
   <div class='ocr_carea' id='block_1_62' title="bbox 1071 821 1847 859">
    <p class='ocr_par' dir='ltr' id='par_1_62' title="bbox 1071 821 1847 859">
     <span class='ocr_line' id='line_1_62' title="bbox 1071 821 1847 859; baseline -0.004 -8"><span class='ocrx_word' id='word_1_428' title='bbox 1071 825 1126 859; x_wconf 75' lang='grc' dir='ltr'><strong>γὰρ</strong></span> <span class='ocrx_word' id='word_1_429' title='bbox 1146 824 1271 859; x_wconf 82' lang='grc' dir='ltr'><strong>διενοήθη</strong></span> <span class='ocrx_word' id='word_1_430' title='bbox 1293 823 1432 858; x_wconf 82' lang='grc' dir='ltr'>πιπρᾶσαι</span> <span class='ocrx_word' id='word_1_431' title='bbox 1446 823 1540 856; x_wconf 81' lang='grc' dir='ltr'>αὐτὸν,</span> <span class='ocrx_word' id='word_1_432' title='bbox 1558 823 1603 849; x_wconf 75' lang='grc' dir='ltr'>καὶ</span> <span class='ocrx_word' id='word_1_433' title='bbox 1616 823 1733 848; x_wconf 79' lang='grc' dir='ltr'><strong>ἀπέδοτο</strong></span> <span class='ocrx_word' id='word_1_434' title='bbox 1744 821 1788 850; x_wconf 85' lang='grc' dir='ltr'><strong>ἆν.</strong></span> <span class='ocrx_word' id='word_1_435' title='bbox 1805 823 1847 849; x_wconf 81' lang='grc' dir='ltr'><strong>ἀλλ</strong></span> 
     </span>
    </p>
   </div>
   <div class='ocr_carea' id='block_1_63' title="bbox 1071 868 1848 906">
    <p class='ocr_par' dir='ltr' id='par_1_63' title="bbox 1071 868 1848 906">
     <span class='ocr_line' id='line_1_63' title="bbox 1071 868 1848 906; baseline -0.004 -9"><span class='ocrx_word' id='word_1_436' title='bbox 1071 871 1101 897; x_wconf 87' lang='grc' dir='ltr'>οὺ</span> <span class='ocrx_word' id='word_1_437' title='bbox 1119 870 1244 906; x_wconf 84' lang='grc' dir='ltr'>βούλεται</span> <span class='ocrx_word' id='word_1_438' title='bbox 1256 870 1301 896; x_wconf 73' lang='grc' dir='ltr'>τὸν</span> <span class='ocrx_word' id='word_1_439' title='bbox 1318 869 1432 896; x_wconf 83' lang='grc' dir='ltr'>θάνατον</span> <span class='ocrx_word' id='word_1_440' title='bbox 1445 869 1493 895; x_wconf 70' lang='grc' dir='ltr'><strong>τοῦ</strong></span> <span class='ocrx_word' id='word_1_441' title='bbox 1510 868 1688 904; x_wconf 78' lang='grc' dir='ltr'>ἁμαρτωλοῦ,</span> <span class='ocrx_word' id='word_1_442' title='bbox 1701 868 1770 894; x_wconf 83' lang='grc' dir='ltr'><strong>ἀλλά</strong></span> <span class='ocrx_word' id='word_1_443' title='bbox 1787 868 1848 903; x_wconf 73' lang='grc' dir='ltr'>ζητε</span> 
     </span>
    </p>
   </div>
   <div class='ocr_carea' id='block_1_64' title="bbox 1071 914 1848 952">
    <p class='ocr_par' dir='ltr' id='par_1_64' title="bbox 1071 914 1848 952">
     <span class='ocr_line' id='line_1_64' title="bbox 1071 914 1848 952; baseline -0.006 -8"><span class='ocrx_word' id='word_1_444' title='bbox 1071 918 1120 952; x_wconf 77' lang='grc' dir='ltr'>τὴν</span> <span class='ocrx_word' id='word_1_445' title='bbox 1146 916 1325 951; x_wconf 70' lang='grc' dir='ltr'>ἐπιστροφὴν,</span> <span class='ocrx_word' id='word_1_446' title='bbox 1344 917 1390 942; x_wconf 82' lang='grc' dir='ltr'>καὶ</span> <span class='ocrx_word' id='word_1_447' title='bbox 1405 915 1547 949; x_wconf 81' lang='grc' dir='ltr'>ἐκδέχεται</span> <span class='ocrx_word' id='word_1_448' title='bbox 1571 915 1620 948; x_wconf 79' lang='grc' dir='ltr'>τὴν</span> <span class='ocrx_word' id='word_1_449' title='bbox 1635 914 1793 949; x_wconf 76' lang='grc' dir='ltr'>μετάνοιαν.</span> <span class='ocrx_word' id='word_1_450' title='bbox 1809 914 1848 940; x_wconf 74' lang='lat' dir='ltr'><strong>Ka‘</strong></span> 
     </span>
    </p>
   </div>
   <div class='ocr_carea' id='block_1_65' title="bbox 1071 961 1848 997">
    <p class='ocr_par' dir='ltr' id='par_1_65' title="bbox 1071 961 1848 997">
     <span class='ocr_line' id='line_1_65' title="bbox 1071 961 1848 997; baseline -0.005 -8"><span class='ocrx_word' id='word_1_451' title='bbox 1071 964 1155 989; x_wconf 80' lang='grc' dir='ltr'>τείνει</span> <span class='ocrx_word' id='word_1_452' title='bbox 1173 963 1222 997; x_wconf 73' lang='grc' dir='ltr'>μὲν</span> <span class='ocrx_word' id='word_1_453' title='bbox 1240 963 1270 988; x_wconf 78' lang='grc' dir='ltr'>τὸ</span> <span class='ocrx_word' id='word_1_454' title='bbox 1282 961 1359 994; x_wconf 77' lang='grc' dir='ltr'>τόξον</span> <span class='ocrx_word' id='word_1_455' title='bbox 1373 961 1423 995; x_wconf 85' lang='grc' dir='ltr'>τῆς</span> <span class='ocrx_word' id='word_1_456' title='bbox 1436 961 1563 996; x_wconf 77' lang='grc' dir='ltr'>ἀπειλῆς,</span> <span class='ocrx_word' id='word_1_457' title='bbox 1582 961 1676 996; x_wconf 79' lang='grc' dir='ltr'><strong>ἐπέχει</strong></span> <span class='ocrx_word' id='word_1_458' title='bbox 1696 961 1726 987; x_wconf 81' lang='grc' dir='ltr'>δὲ</span> <span class='ocrx_word' id='word_1_459' title='bbox 1744 961 1774 987; x_wconf 84' lang='grc' dir='ltr'>τὸ</span> <span class='ocrx_word' id='word_1_460' title='bbox 1788 961 1848 995; x_wconf 67' lang='grc' dir='ltr'>βέλος</span> 
     </span>
    </p>
   </div>
   <div class='ocr_carea' id='block_1_66' title="bbox 1072 1006 1848 1044">
    <p class='ocr_par' dir='ltr' id='par_1_66' title="bbox 1072 1006 1848 1044">
     <span class='ocr_line' id='line_1_66' title="bbox 1072 1006 1848 1044; baseline -0.005 -9"><span class='ocrx_word' id='word_1_461' title='bbox 1072 1010 1121 1044; x_wconf 75' lang='grc' dir='ltr'>τῆς</span> <span class='ocrx_word' id='word_1_462' title='bbox 1136 1008 1272 1044; x_wconf 73' lang='grc' dir='ltr'><strong>τιμωρίας</strong></span> <span class='ocrx_word' id='word_1_463' title='bbox 1293 1008 1349 1038; x_wconf 75' lang='grc' dir='ltr'>τοῖς</span> <span class='ocrx_word' id='word_1_464' title='bbox 1363 1008 1402 1041; x_wconf 82' lang='grc' dir='ltr'><strong>μὴ</strong></span> <span class='ocrx_word' id='word_1_465' title='bbox 1418 1008 1559 1042; x_wconf 80' lang='grc' dir='ltr'><strong>ἀνήκεστα</strong></span> <span class='ocrx_word' id='word_1_466' title='bbox 1586 1007 1716 1033; x_wconf 71' lang='grc' dir='ltr'>πταίουσι</span> <span class='ocrx_word' id='word_1_467' title='bbox 1727 1014 1734 1020; x_wconf 90' lang='grc'>·</span> <span class='ocrx_word' id='word_1_468' title='bbox 1759 1006 1848 1040; x_wconf 78' lang='grc' dir='ltr'>πιπρά-</span> 
     </span>
    </p>
   </div>
   <div class='ocr_carea' id='block_1_67' title="bbox 1074 1051 1845 1088">
    <p class='ocr_par' dir='ltr' id='par_1_67' title="bbox 1074 1051 1845 1088">
     <span class='ocr_line' id='line_1_67' title="bbox 1074 1051 1845 1088; baseline -0.006 -6"><span class='ocrx_word' id='word_1_469' title='bbox 1074 1065 1133 1082; x_wconf 90' lang='grc' dir='ltr'>σκει</span> <span class='ocrx_word' id='word_1_470' title='bbox 1144 1055 1172 1082; x_wconf 78' lang='grc' dir='ltr'>δὲ</span> <span class='ocrx_word' id='word_1_471' title='bbox 1183 1055 1229 1081; x_wconf 71' lang='grc' dir='ltr'>τὸν</span> <span class='ocrx_word' id='word_1_472' title='bbox 1243 1053 1466 1088; x_wconf 78' lang='grc' dir='ltr'>ἀπεγνωσμένον,</span> <span class='ocrx_word' id='word_1_473' title='bbox 1479 1054 1527 1079; x_wconf 73' lang='grc' dir='ltr'>καὶ</span> <span class='ocrx_word' id='word_1_474' title='bbox 1539 1051 1705 1087; x_wconf 71' lang='grc' dir='ltr'>ἀδιόρθωτον</span> <span class='ocrx_word' id='word_1_475' title='bbox 1716 1059 1724 1067; x_wconf 83' lang='grc'>⁶</span> <span class='ocrx_word' id='word_1_476' title='bbox 1741 1052 1757 1086; x_wconf 87' lang='grc' dir='ltr'><strong>ή</strong></span> <span class='ocrx_word' id='word_1_477' title='bbox 1768 1052 1845 1087; x_wconf 77' lang='grc' dir='ltr'>γάρτο</span> 
     </span>
    </p>
   </div>
   <div class='ocr_carea' id='block_1_68' title="bbox 1073 1097 1848 1135">
    <p class='ocr_par' dir='ltr' id='par_1_68' title="bbox 1073 1097 1848 1135">
     <span class='ocr_line' id='line_1_68' title="bbox 1073 1097 1848 1135; baseline -0.004 -8"><span class='ocrx_word' id='word_1_478' title='bbox 1073 1101 1207 1135; x_wconf 79' lang='grc' dir='ltr'><strong>λεγομένη</strong></span> <span class='ocrx_word' id='word_1_479' title='bbox 1221 1099 1269 1126; x_wconf 75' lang='grc' dir='ltr'><strong>τοῦ</strong></span> <span class='ocrx_word' id='word_1_480' title='bbox 1286 1100 1394 1126; x_wconf 87' lang='grc' dir='ltr'>οἰκέτου</span> <span class='ocrx_word' id='word_1_481' title='bbox 1413 1099 1482 1134; x_wconf 75' lang='grc' dir='ltr'>μετὰ</span> <span class='ocrx_word' id='word_1_482' title='bbox 1495 1098 1549 1124; x_wconf 89' lang='grc' dir='ltr'><strong>τῶν</strong></span> <span class='ocrx_word' id='word_1_483' title='bbox 1561 1097 1644 1124; x_wconf 82' lang='grc' dir='ltr'>αὑτοῦ</span> <span class='ocrx_word' id='word_1_484' title='bbox 1662 1097 1848 1133; x_wconf 74' lang='grc' dir='ltr'>ἁπεμπώληοις</span> 
     </span>
    </p>
   </div>
   <div class='ocr_carea' id='block_1_69' title="bbox 1073 1144 1848 1180">
    <p class='ocr_par' dir='ltr' id='par_1_69' title="bbox 1073 1144 1848 1180">
     <span class='ocr_line' id='line_1_69' title="bbox 1073 1144 1848 1180; baseline -0.005 -6"><span class='ocrx_word' id='word_1_485' title='bbox 1073 1149 1128 1174; x_wconf 84' lang='grc' dir='ltr'><strong>τῶν</strong></span> <span class='ocrx_word' id='word_1_486' title='bbox 1144 1147 1250 1174; x_wconf 76' lang='grc' dir='ltr'>πολλῶν</span> <span class='ocrx_word' id='word_1_487' title='bbox 1262 1146 1373 1180; x_wconf 82' lang='grc' dir='ltr'><strong>ἀγαθῶν</strong></span> <span class='ocrx_word' id='word_1_488' title='bbox 1391 1145 1520 1180; x_wconf 77' lang='grc' dir='ltr'>σημαίνει</span> <span class='ocrx_word' id='word_1_489' title='bbox 1535 1144 1584 1180; x_wconf 82' lang='grc' dir='ltr'>τὴν</span> <span class='ocrx_word' id='word_1_490' title='bbox 1600 1145 1743 1180; x_wconf 78' lang='grc' dir='ltr'>στέρησιν,</span> <span class='ocrx_word' id='word_1_491' title='bbox 1758 1145 1804 1171; x_wconf 77' lang='grc' dir='ltr'>καὶ</span> <span class='ocrx_word' id='word_1_492' title='bbox 1812 1145 1848 1179; x_wconf 72' lang='lat' dir='ltr'><strong>rip</strong></span> 
     </span>
    </p>
   </div>
   <div class='ocr_carea' id='block_1_70' title="bbox 1074 1192 1419 1227">
    <p class='ocr_par' dir='ltr' id='par_1_70' title="bbox 1074 1192 1419 1227">
     <span class='ocr_line' id='line_1_70' title="bbox 1074 1192 1419 1227; baseline -0.006 -6"><span class='ocrx_word' id='word_1_493' title='bbox 1074 1193 1131 1222; x_wconf 76' lang='grc' dir='ltr'>ἀπὸ</span> <span class='ocrx_word' id='word_1_494' title='bbox 1145 1193 1214 1220; x_wconf 76' lang='grc' dir='ltr'>Θεοῦ</span> <span class='ocrx_word' id='word_1_495' title='bbox 1230 1192 1419 1227; x_wconf 66' lang='grc' dir='ltr'>ἀλλοτρίωσιν.</span> 
     </span>
    </p>
   </div>
   <div class='ocr_carea' id='block_1_71' title="bbox 1111 1280 1848 1317">
    <p class='ocr_par' dir='ltr' id='par_1_71' title="bbox 1111 1280 1848 1317">
     <span class='ocr_line' id='line_1_71' title="bbox 1111 1280 1848 1317; baseline -0.003 -7"><span class='ocrx_word' id='word_1_496' title='bbox 1111 1293 1122 1310; x_wconf 73' lang='grc' dir='ltr'>ι</span> <span class='ocrx_word' id='word_1_497' title='bbox 1140 1283 1235 1311; x_wconf 83' lang='grc' dir='ltr'>Πεσὼν</span> <span class='ocrx_word' id='word_1_498' title='bbox 1260 1280 1307 1310; x_wconf 73' lang='grc' dir='ltr'><strong>οὖν</strong></span> <span class='ocrx_word' id='word_1_499' title='bbox 1333 1283 1347 1309; x_wconf 85' lang='grc' dir='ltr'><strong>ὸ</strong></span> <span class='ocrx_word' id='word_1_500' title='bbox 1361 1282 1456 1313; x_wconf 77' lang='grc' dir='ltr'>δοῦλος</span> <span class='ocrx_word' id='word_1_501' title='bbox 1472 1281 1638 1317; x_wconf 83' lang='grc' dir='ltr'>προσεκύνει</span> <span class='ocrx_word' id='word_1_502' title='bbox 1667 1281 1744 1316; x_wconf 75' lang='grc' dir='ltr'><strong>αὐτῷ</strong></span> <span class='ocrx_word' id='word_1_503' title='bbox 1758 1282 1848 1315; x_wconf 79' lang='grc' dir='ltr'><strong>λέγων¹</strong></span> 
     </span>
    </p>
   </div>
   <div class='ocr_carea' id='block_1_72' title="bbox 1074 1329 1848 1367">
    <p class='ocr_par' dir='ltr' id='par_1_72' title="bbox 1074 1329 1848 1367">
     <span class='ocr_line' id='line_1_72' title="bbox 1074 1329 1848 1367; baseline -0.005 -9"><span class='ocrx_word' id='word_1_504' title='bbox 1074 1331 1297 1367; x_wconf 77' lang='grc' dir='ltr'>Μακροθύμησον</span> <span class='ocrx_word' id='word_1_505' title='bbox 1313 1329 1357 1356; x_wconf 75' lang='grc' dir='ltr'><strong>ἐπ’</strong></span> <span class='ocrx_word' id='word_1_506' title='bbox 1375 1330 1449 1364; x_wconf 69' lang='grc' dir='ltr'>ἐμοὶ,</span> <span class='ocrx_word' id='word_1_507' title='bbox 1466 1329 1516 1355; x_wconf 76' lang='grc' dir='ltr'>καὶ</span> <span class='ocrx_word' id='word_1_508' title='bbox 1530 1329 1622 1356; x_wconf 79' lang='grc' dir='ltr'>πάντα</span> <span class='ocrx_word' id='word_1_509' title='bbox 1641 1337 1681 1355; x_wconf 89' lang='grc' dir='ltr'><strong>σοι</strong></span> <span class='ocrx_word' id='word_1_510' title='bbox 1703 1329 1848 1356; x_wconf 63' lang='grc' dir='ltr'>ἀποδώσω</span> 
     </span>
    </p>
   </div>
   <div class='ocr_carea' id='block_1_73' title="bbox 1075 1375 1848 1411">
    <p class='ocr_par' dir='ltr' id='par_1_73' title="bbox 1075 1375 1848 1411">
     <span class='ocr_line' id='line_1_73' title="bbox 1075 1375 1848 1411; baseline -0.005 -7"><span class='ocrx_word' id='word_1_511' title='bbox 1075 1378 1106 1404; x_wconf 91' lang='grc' dir='ltr'>Τί</span> <span class='ocrx_word' id='word_1_512' title='bbox 1117 1377 1163 1404; x_wconf 77' lang='grc' dir='ltr'>οὖν</span> <span class='ocrx_word' id='word_1_513' title='bbox 1177 1378 1191 1403; x_wconf 83' lang='grc' dir='ltr'>ὁ</span> <span class='ocrx_word' id='word_1_514' title='bbox 1202 1377 1328 1411; x_wconf 81' lang='grc' dir='ltr'>οἰκέτης;</span> <span class='ocrx_word' id='word_1_515' title='bbox 1352 1376 1425 1403; x_wconf 72' lang='grc' dir='ltr'>’Δντὶ</span> <span class='ocrx_word' id='word_1_516' title='bbox 1437 1375 1486 1410; x_wconf 82' lang='grc' dir='ltr'><strong>τῆς</strong></span> <span class='ocrx_word' id='word_1_517' title='bbox 1501 1375 1556 1401; x_wconf 85' lang='grc' dir='ltr'><strong>τῶν</strong></span> <span class='ocrx_word' id='word_1_518' title='bbox 1569 1375 1722 1411; x_wconf 86' lang='grc' dir='ltr'>χρημάτων</span> <span class='ocrx_word' id='word_1_519' title='bbox 1735 1375 1848 1406; x_wconf 63' lang='grc' dir='ltr'>ἐκτίσεως</span> 
     </span>
    </p>
   </div>
   <div class='ocr_carea' id='block_1_74' title="bbox 1074 1420 1848 1458">
    <p class='ocr_par' dir='ltr' id='par_1_74' title="bbox 1074 1420 1848 1458">
     <span class='ocr_line' id='line_1_74' title="bbox 1074 1420 1848 1458; baseline -0.005 -8"><span class='ocrx_word' id='word_1_520' title='bbox 1074 1422 1123 1458; x_wconf 86' lang='grc' dir='ltr'>τὴν</span> <span class='ocrx_word' id='word_1_521' title='bbox 1141 1423 1283 1458; x_wconf 79' lang='grc' dir='ltr'>ἱκετηρίαν</span> <span class='ocrx_word' id='word_1_522' title='bbox 1307 1421 1492 1455; x_wconf 76' lang='grc' dir='ltr'>προϐάλλεται</span> <span class='ocrx_word' id='word_1_523' title='bbox 1517 1421 1736 1456; x_wconf 77' lang='grc' dir='ltr'>μακροθυμήσαι</span> <span class='ocrx_word' id='word_1_524' title='bbox 1756 1421 1800 1446; x_wconf 80' lang='grc' dir='ltr'>τὸν</span> 
     </span>
    </p>
   </div>
   <div class='ocr_carea' id='block_1_75' title="bbox 1075 1464 1848 1502">
    <p class='ocr_par' dir='ltr' id='par_1_75' title="bbox 1075 1464 1848 1502">
     <span class='ocr_line' id='line_1_75' title="bbox 1075 1464 1848 1502; baseline -0.005 -7"><span class='ocrx_word' id='word_1_525' title='bbox 1075 1469 1180 1502; x_wconf 82' lang='grc' dir='ltr'>σπότην</span> <span class='ocrx_word' id='word_1_526' title='bbox 1206 1467 1365 1495; x_wconf 80' lang='grc' dir='ltr'>ἀντιϐολῶν.</span> <span class='ocrx_word' id='word_1_527' title='bbox 1387 1467 1417 1493; x_wconf 82' lang='lat'><strong>&#39;0</strong></span> <span class='ocrx_word' id='word_1_528' title='bbox 1445 1466 1473 1492; x_wconf 78' lang='grc' dir='ltr'>δὲ</span> <span class='ocrx_word' id='word_1_529' title='bbox 1487 1466 1556 1500; x_wconf 77' lang='grc' dir='ltr'>ὁμοῦ</span> <span class='ocrx_word' id='word_1_530' title='bbox 1580 1474 1611 1492; x_wconf 89' lang='grc' dir='ltr'><strong>τε</strong></span> <span class='ocrx_word' id='word_1_531' title='bbox 1625 1464 1679 1492; x_wconf 77' lang='grc' dir='ltr'>οἶδε</span> <span class='ocrx_word' id='word_1_532' title='bbox 1698 1467 1745 1492; x_wconf 70' lang='grc' dir='ltr'>τὸν</span> <span class='ocrx_word' id='word_1_533' title='bbox 1756 1466 1848 1499; x_wconf 71' lang='grc' dir='ltr'>οἰκέτην</span> 
     </span>
    </p>
   </div>
   <div class='ocr_carea' id='block_1_76' title="bbox 1075 1511 1848 1549">
    <p class='ocr_par' dir='ltr' id='par_1_76' title="bbox 1075 1511 1848 1549">
     <span class='ocr_line' id='line_1_76' title="bbox 1075 1511 1848 1549; baseline -0.005 -8"><span class='ocrx_word' id='word_1_534' title='bbox 1075 1514 1294 1549; x_wconf 78' lang='grc' dir='ltr'>προσπίπτοντα,</span> <span class='ocrx_word' id='word_1_535' title='bbox 1323 1513 1369 1540; x_wconf 81' lang='grc' dir='ltr'><strong>καὶ</strong></span> <span class='ocrx_word' id='word_1_536' title='bbox 1398 1513 1461 1544; x_wconf 78' lang='grc' dir='ltr'>τοὺς</span> <span class='ocrx_word' id='word_1_537' title='bbox 1490 1512 1647 1548; x_wconf 73' lang='grc' dir='ltr'>ὀφθαλμοὺς</span> <span class='ocrx_word' id='word_1_538' title='bbox 1670 1513 1728 1543; x_wconf 81' lang='grc' dir='ltr'>τοῖς</span> <span class='ocrx_word' id='word_1_539' title='bbox 1749 1511 1848 1546; x_wconf 70' lang='grc' dir='ltr'>δάκρυσι</span> 
     </span>
    </p>
   </div>
   <div class='ocr_carea' id='block_1_77' title="bbox 1075 1558 1846 1596">
    <p class='ocr_par' dir='ltr' id='par_1_77' title="bbox 1075 1558 1846 1596">
     <span class='ocr_line' id='line_1_77' title="bbox 1075 1558 1846 1596; baseline -0.008 -8"><span class='ocrx_word' id='word_1_540' title='bbox 1075 1562 1219 1596; x_wconf 84' lang='grc' dir='ltr'>τέγγοντα,</span> <span class='ocrx_word' id='word_1_541' title='bbox 1232 1560 1280 1587; x_wconf 79' lang='grc' dir='ltr'><strong>καὶ</strong></span> <span class='ocrx_word' id='word_1_542' title='bbox 1295 1560 1344 1594; x_wconf 87' lang='grc' dir='ltr'>τὴν</span> <span class='ocrx_word' id='word_1_543' title='bbox 1356 1559 1434 1586; x_wconf 77' lang='grc' dir='ltr'>ἵλεων</span> <span class='ocrx_word' id='word_1_544' title='bbox 1447 1558 1529 1594; x_wconf 72' lang='grc' dir='ltr'>φύσιν</span> <span class='ocrx_word' id='word_1_545' title='bbox 1542 1558 1723 1585; x_wconf 81' lang='grc' dir='ltr'>ἐνδείκνυται.</span> <span class='ocrx_word' id='word_1_546' title='bbox 1736 1558 1790 1592; x_wconf 70' lang='grc' dir='ltr'><strong>Οὐχ</strong></span> <span class='ocrx_word' id='word_1_547' title='bbox 1801 1559 1846 1583; x_wconf 64' lang='grc' dir='ltr'>ὁποι</span> 
     </span>
    </p>
   </div>
   <div class='ocr_carea' id='block_1_78' title="bbox 1075 1604 1846 1642">
    <p class='ocr_par' dir='ltr' id='par_1_78' title="bbox 1075 1604 1846 1642">
     <span class='ocr_line' id='line_1_78' title="bbox 1075 1604 1846 1642; baseline -0.006 -8"><span class='ocrx_word' id='word_1_548' title='bbox 1075 1608 1089 1634; x_wconf 82' lang='grc' dir='ltr'>ὁ</span> <span class='ocrx_word' id='word_1_549' title='bbox 1109 1607 1251 1642; x_wconf 72' lang='grc' dir='ltr'>ὑπόχρεως</span> <span class='ocrx_word' id='word_1_550' title='bbox 1266 1607 1384 1641; x_wconf 68' lang='grc' dir='ltr'>ἐζήτησε</span> <span class='ocrx_word' id='word_1_551' title='bbox 1397 1605 1561 1640; x_wconf 81' lang='grc' dir='ltr'>παρασχὼν,</span> <span class='ocrx_word' id='word_1_552' title='bbox 1574 1604 1634 1631; x_wconf 73' lang='grc' dir='ltr'>ἀλλ’</span> <span class='ocrx_word' id='word_1_553' title='bbox 1649 1605 1714 1631; x_wconf 77' lang='grc' dir='ltr'>ὅσον</span> <span class='ocrx_word' id='word_1_554' title='bbox 1724 1605 1816 1640; x_wconf 67' lang='grc' dir='ltr'>ἐχώρει</span> <span class='ocrx_word' id='word_1_555' title='bbox 1828 1604 1846 1629; x_wconf 79' lang='grc' dir='ltr'><strong>τί</strong></span> 
     </span>
    </p>
   </div>
   <div class='ocr_carea' id='block_1_79' title="bbox 1075 1650 1844 1687">
    <p class='ocr_par' dir='ltr' id='par_1_79' title="bbox 1075 1650 1844 1687">
     <span class='ocr_line' id='line_1_79' title="bbox 1075 1650 1844 1687; baseline -0.008 -7"><span class='ocrx_word' id='word_1_556' title='bbox 1075 1653 1183 1680; x_wconf 73' lang='grc' dir='ltr'>ἐκείνου</span> <span class='ocrx_word' id='word_1_557' title='bbox 1201 1652 1405 1687; x_wconf 82' lang='grc' dir='ltr'>φιλάνθρωπον.</span> <span class='ocrx_word' id='word_1_558' title='bbox 1420 1652 1512 1679; x_wconf 72' lang='grc' dir='ltr'>Ἂπαν</span> <span class='ocrx_word' id='word_1_559' title='bbox 1523 1650 1578 1686; x_wconf 83' lang='grc' dir='ltr'><strong>γὰρ</strong></span> <span class='ocrx_word' id='word_1_560' title='bbox 1593 1650 1623 1677; x_wconf 80' lang='grc' dir='ltr'>τὸ</span> <span class='ocrx_word' id='word_1_561' title='bbox 1637 1651 1719 1685; x_wconf 83' lang='grc' dir='ltr'>χρέος</span> <span class='ocrx_word' id='word_1_562' title='bbox 1734 1651 1772 1686; x_wconf 85' lang='grc' dir='ltr'><strong>τῷ</strong></span> <span class='ocrx_word' id='word_1_563' title='bbox 1781 1651 1844 1677; x_wconf 54' lang='lat' dir='ltr'><strong>iam</strong></span> 
     </span>
    </p>
   </div>
   <div class='ocr_carea' id='block_1_80' title="bbox 1075 1698 1843 1736">
    <p class='ocr_par' dir='ltr' id='par_1_80' title="bbox 1075 1698 1843 1736">
     <span class='ocr_line' id='line_1_80' title="bbox 1075 1698 1843 1736; baseline -0.007 -9"><span class='ocrx_word' id='word_1_564' title='bbox 1075 1701 1147 1736; x_wconf 82' lang='grc' dir='ltr'>θύνῳ</span> <span class='ocrx_word' id='word_1_565' title='bbox 1163 1700 1319 1735; x_wconf 71' lang='grc' dir='ltr'>χαρίζεται,</span> <span class='ocrx_word' id='word_1_566' title='bbox 1349 1699 1429 1731; x_wconf 80' lang='grc' dir='ltr'>αὑτός</span> <span class='ocrx_word' id='word_1_567' title='bbox 1447 1707 1477 1725; x_wconf 92' lang='grc' dir='ltr'><strong>τε</strong></span> <span class='ocrx_word' id='word_1_568' title='bbox 1497 1699 1607 1730; x_wconf 72' lang='grc' dir='ltr'>δεικνὺς</span> <span class='ocrx_word' id='word_1_569' title='bbox 1621 1700 1670 1733; x_wconf 77' lang='grc' dir='ltr'>τῆς</span> <span class='ocrx_word' id='word_1_570' title='bbox 1685 1698 1788 1730; x_wconf 75' lang='grc' dir='ltr'>οἰκείας</span> <span class='ocrx_word' id='word_1_571' title='bbox 1801 1698 1843 1730; x_wconf 70' lang='grc' dir='ltr'>φιλι</span> 
     </span>
    </p>
   </div>
   <div class='ocr_carea' id='block_1_81' title="bbox 1075 1745 1841 1782">
    <p class='ocr_par' dir='ltr' id='par_1_81' title="bbox 1075 1745 1841 1782">
     <span class='ocr_line' id='line_1_81' title="bbox 1075 1745 1841 1782; baseline -0.005 -9"><span class='ocrx_word' id='word_1_572' title='bbox 1075 1746 1233 1782; x_wconf 82' lang='grc' dir='ltr'>ανθρωπίας</span> <span class='ocrx_word' id='word_1_573' title='bbox 1258 1746 1289 1773; x_wconf 77' lang='grc' dir='ltr'>τὸ</span> <span class='ocrx_word' id='word_1_574' title='bbox 1320 1746 1435 1782; x_wconf 75' lang='grc' dir='ltr'>ἄπειρον</span> <span class='ocrx_word' id='word_1_575' title='bbox 1458 1745 1595 1779; x_wconf 75' lang='grc' dir='ltr'>πέλαγος·</span> <span class='ocrx_word' id='word_1_576' title='bbox 1626 1745 1674 1771; x_wconf 73' lang='grc' dir='ltr'>καὶ</span> <span class='ocrx_word' id='word_1_577' title='bbox 1694 1745 1741 1770; x_wconf 68' lang='grc' dir='ltr'>τὸν</span> <span class='ocrx_word' id='word_1_578' title='bbox 1754 1745 1841 1776; x_wconf 68' lang='grc' dir='ltr'>οἰκέτην</span> 
     </span>
    </p>
   </div>
   <div class='ocr_carea' id='block_1_82' title="bbox 1074 1788 1840 1827">
    <p class='ocr_par' dir='ltr' id='par_1_82' title="bbox 1074 1788 1840 1827">
     <span class='ocr_line' id='line_1_82' title="bbox 1074 1788 1840 1827; baseline -0.004 -8"><span class='ocrx_word' id='word_1_579' title='bbox 1074 1792 1218 1822; x_wconf 78' lang='grc' dir='ltr'>διδάσκων,</span> <span class='ocrx_word' id='word_1_580' title='bbox 1243 1791 1276 1818; x_wconf 79' lang='grc' dir='ltr'><strong>δι’</strong></span> <span class='ocrx_word' id='word_1_581' title='bbox 1290 1788 1327 1819; x_wconf 87' lang='grc' dir='ltr'>ὧν</span> <span class='ocrx_word' id='word_1_582' title='bbox 1340 1791 1517 1827; x_wconf 83' lang='grc' dir='ltr'>συνεχωρήθη</span> <span class='ocrx_word' id='word_1_583' title='bbox 1541 1792 1598 1822; x_wconf 78' lang='grc' dir='ltr'>τοῖς</span> <span class='ocrx_word' id='word_1_584' title='bbox 1610 1791 1742 1817; x_wconf 73' lang='grc' dir='ltr'>πταίουσι</span> <span class='ocrx_word' id='word_1_585' title='bbox 1756 1799 1840 1825; x_wconf 60' lang='grc' dir='ltr'>συγχωη</span> 
     </span>
    </p>
   </div>
   <div class='ocr_carea' id='block_1_83' title="bbox 1076 1834 1839 1873">
    <p class='ocr_par' dir='ltr' id='par_1_83' title="bbox 1076 1834 1839 1873">
     <span class='ocr_line' id='line_1_83' title="bbox 1076 1834 1839 1873; baseline -0.003 -10"><span class='ocrx_word' id='word_1_586' title='bbox 1076 1838 1133 1873; x_wconf 84' lang='grc' dir='ltr'>ρεῖν</span> <span class='ocrx_word' id='word_1_587' title='bbox 1143 1845 1150 1852; x_wconf 88' lang='grc'><strong>·</strong></span> <span class='ocrx_word' id='word_1_588' title='bbox 1165 1836 1288 1864; x_wconf 79' lang='grc' dir='ltr'>τοιοῦτον</span> <span class='ocrx_word' id='word_1_589' title='bbox 1300 1837 1400 1871; x_wconf 68' lang='grc' dir='ltr'>ἔχομεν</span> <span class='ocrx_word' id='word_1_590' title='bbox 1415 1835 1519 1870; x_wconf 79' lang='grc' dir='ltr'>ἀγαθὸν</span> <span class='ocrx_word' id='word_1_591' title='bbox 1535 1835 1676 1871; x_wconf 81' lang='grc' dir='ltr'>Δεσπότην</span> <span class='ocrx_word' id='word_1_592' title='bbox 1690 1843 1698 1850; x_wconf 79' lang='grc'><em>’</em></span> <span class='ocrx_word' id='word_1_593' title='bbox 1715 1835 1798 1866; x_wconf 73' lang='grc' dir='ltr'>οὕτως</span> <span class='ocrx_word' id='word_1_594' title='bbox 1811 1834 1839 1860; x_wconf 81' lang='grc' dir='ltr'>αὖ</span> 
     </span>
    </p>
   </div>
   <div class='ocr_carea' id='block_1_84' title="bbox 1074 1879 1838 1918">
    <p class='ocr_par' dir='ltr' id='par_1_84' title="bbox 1074 1879 1838 1918">
     <span class='ocr_line' id='line_1_84' title="bbox 1074 1879 1838 1918; baseline -0.004 -9"><span class='ocrx_word' id='word_1_595' title='bbox 1074 1884 1120 1909; x_wconf 80' lang='grc' dir='ltr'>τὸν</span> <span class='ocrx_word' id='word_1_596' title='bbox 1143 1883 1260 1918; x_wconf 82' lang='grc' dir='ltr'>ἐπικλᾷν</span> <span class='ocrx_word' id='word_1_597' title='bbox 1277 1880 1347 1910; x_wconf 78' lang='grc' dir='ltr'>οἶδεν</span> <span class='ocrx_word' id='word_1_598' title='bbox 1363 1882 1500 1918; x_wconf 72' lang='grc' dir='ltr'>ἱκετηρία,</span> <span class='ocrx_word' id='word_1_599' title='bbox 1516 1882 1562 1908; x_wconf 77' lang='grc' dir='ltr'><strong>καὶ</strong></span> <span class='ocrx_word' id='word_1_600' title='bbox 1577 1881 1698 1917; x_wconf 76' lang='grc' dir='ltr'>δάκρυον</span> <span class='ocrx_word' id='word_1_601' title='bbox 1709 1890 1717 1897; x_wconf 64' lang='grc' dir='ltr'><em>υ</em></span> <span class='ocrx_word' id='word_1_602' title='bbox 1734 1881 1800 1908; x_wconf 79' lang='grc' dir='ltr'>οὕτω</span> <span class='ocrx_word' id='word_1_603' title='bbox 1817 1879 1838 1906; x_wconf 75' lang='grc' dir='ltr'>τέ</span> 
     </span>
    </p>
   </div>
   <div class='ocr_carea' id='block_1_85' title="bbox 1077 1926 1836 1963">
    <p class='ocr_par' dir='ltr' id='par_1_85' title="bbox 1077 1926 1836 1963">
     <span class='ocr_line' id='line_1_85' title="bbox 1077 1926 1836 1963; baseline -0.003 -9"><span class='ocrx_word' id='word_1_604' title='bbox 1077 1927 1257 1963; x_wconf 78' lang='grc' dir='ltr'>μετανοοῦντι</span> <span class='ocrx_word' id='word_1_605' title='bbox 1275 1927 1417 1963; x_wconf 67' lang='grc' dir='ltr'>φιλότιμος</span> <span class='ocrx_word' id='word_1_606' title='bbox 1436 1927 1551 1961; x_wconf 80' lang='grc' dir='ltr'>γίνεται,</span> <span class='ocrx_word' id='word_1_607' title='bbox 1572 1926 1610 1958; x_wconf 81' lang='grc' dir='ltr'>ὡς</span> <span class='ocrx_word' id='word_1_608' title='bbox 1625 1929 1658 1962; x_wconf 82' lang='grc' dir='ltr'>τῇ</span> <span class='ocrx_word' id='word_1_609' title='bbox 1675 1927 1765 1962; x_wconf 79' lang='grc' dir='ltr'>δωρεᾷ</span> <span class='ocrx_word' id='word_1_610' title='bbox 1778 1927 1836 1960; x_wconf 68' lang='grc' dir='ltr'>ὑπερ</span> 
     </span>
    </p>
   </div>
   <div class='ocr_carea' id='block_1_86' title="bbox 1075 1973 1835 2009">
    <p class='ocr_par' dir='ltr' id='par_1_86' title="bbox 1075 1973 1835 2009">
     <span class='ocr_line' id='line_1_86' title="bbox 1075 1973 1835 2009; baseline -0.004 -8"><span class='ocrx_word' id='word_1_611' title='bbox 1075 1975 1180 2002; x_wconf 78' lang='grc' dir='ltr'>σαίνειν</span> <span class='ocrx_word' id='word_1_612' title='bbox 1194 1975 1243 2009; x_wconf 85' lang='grc' dir='ltr'>τὴν</span> <span class='ocrx_word' id='word_1_613' title='bbox 1257 1975 1374 2009; x_wconf 76' lang='grc' dir='ltr'>αῐτησιν.</span> <span class='ocrx_word' id='word_1_614' title='bbox 1399 1974 1429 2001; x_wconf 89' lang='lat'><strong>&#39;0</strong></span> <span class='ocrx_word' id='word_1_615' title='bbox 1445 1974 1594 2008; x_wconf 82' lang='grc' dir='ltr'>Μανασσῆς</span> <span class='ocrx_word' id='word_1_616' title='bbox 1607 1973 1748 2005; x_wconf 83' lang='grc' dir='ltr'>τοσούτοις</span> <span class='ocrx_word' id='word_1_617' title='bbox 1760 1980 1835 2007; x_wconf 59' lang='lat' dir='ltr'><strong>nam</strong></span> 
     </span>
    </p>
   </div>
   <div class='ocr_carea' id='block_1_87' title="bbox 1074 2019 1834 2056">
    <p class='ocr_par' dir='ltr' id='par_1_87' title="bbox 1074 2019 1834 2056">
     <span class='ocr_line' id='line_1_87' title="bbox 1074 2019 1834 2056; baseline -0.004 -9"><span class='ocrx_word' id='word_1_618' title='bbox 1074 2021 1201 2056; x_wconf 85' lang='grc' dir='ltr'>τισμένος</span> <span class='ocrx_word' id='word_1_619' title='bbox 1217 2021 1384 2055; x_wconf 69' lang='grc' dir='ltr'>ἐγκλήμασι,</span> <span class='ocrx_word' id='word_1_620' title='bbox 1396 2020 1473 2056; x_wconf 87' lang='grc' dir='ltr'>μόλις</span> <span class='ocrx_word' id='word_1_621' title='bbox 1485 2019 1661 2055; x_wconf 70' lang='grc' dir='ltr'>περισταθεὶς</span> <span class='ocrx_word' id='word_1_622' title='bbox 1672 2021 1764 2047; x_wconf 81' lang='grc' dir='ltr'>ἄνεσιν</span> <span class='ocrx_word' id='word_1_623' title='bbox 1778 2022 1834 2054; x_wconf 72' lang='grc' dir='ltr'>μόνη</span> 
     </span>
    </p>
   </div>
   <div class='ocr_carea' id='block_1_88' title="bbox 1075 2064 1832 2102">
    <p class='ocr_par' dir='ltr' id='par_1_88' title="bbox 1075 2064 1832 2102">
     <span class='ocr_line' id='line_1_88' title="bbox 1075 2064 1832 2102; baseline -0.004 -10"><span class='ocrx_word' id='word_1_624' title='bbox 1075 2066 1177 2102; x_wconf 72' lang='grc' dir='ltr'>ᾔτησεν</span> <span class='ocrx_word' id='word_1_625' title='bbox 1188 2067 1218 2092; x_wconf 77' lang='grc' dir='ltr'>ὲκ</span> <span class='ocrx_word' id='word_1_626' title='bbox 1226 2065 1306 2092; x_wconf 86' lang='grc' dir='ltr'>Θεοῦ.</span> <span class='ocrx_word' id='word_1_627' title='bbox 1319 2066 1400 2096; x_wconf 74' lang='grc' dir='ltr'>Ἀνες</span> <span class='ocrx_word' id='word_1_628' title='bbox 1418 2073 1475 2100; x_wconf 87' lang='grc' dir='ltr'>μοι,</span> <span class='ocrx_word' id='word_1_629' title='bbox 1494 2065 1591 2099; x_wconf 82' lang='grc' dir='ltr'>Κύριε,</span> <span class='ocrx_word' id='word_1_630' title='bbox 1607 2065 1708 2098; x_wconf 79' lang='grc' dir='ltr'>λέγων,</span> <span class='ocrx_word' id='word_1_631' title='bbox 1722 2064 1781 2094; x_wconf 77' lang='grc' dir='ltr'>ἄνες</span> <span class='ocrx_word' id='word_1_632' title='bbox 1796 2070 1832 2098; x_wconf 85' lang='grc' dir='ltr'>μοι</span> 
     </span>
    </p>
   </div>
   <div class='ocr_carea' id='block_1_89' title="bbox 1076 2110 1831 2147">
    <p class='ocr_par' dir='ltr' id='par_1_89' title="bbox 1076 2110 1831 2147">
     <span class='ocr_line' id='line_1_89' title="bbox 1076 2110 1831 2147; baseline -0.004 -9"><span class='ocrx_word' id='word_1_633' title='bbox 1076 2113 1124 2140; x_wconf 77' lang='grc' dir='ltr'>καὶ</span> <span class='ocrx_word' id='word_1_634' title='bbox 1139 2111 1315 2147; x_wconf 80' lang='grc' dir='ltr'>συγχώρησιν</span> <span class='ocrx_word' id='word_1_635' title='bbox 1330 2111 1448 2146; x_wconf 82' lang='grc' dir='ltr'>εἰλήφει,</span> <span class='ocrx_word' id='word_1_636' title='bbox 1463 2111 1510 2138; x_wconf 81' lang='grc' dir='ltr'><strong>καὶ</strong></span> <span class='ocrx_word' id='word_1_637' title='bbox 1525 2111 1580 2138; x_wconf 87' lang='grc' dir='ltr'><strong>τῶν</strong></span> <span class='ocrx_word' id='word_1_638' title='bbox 1598 2111 1707 2146; x_wconf 78' lang='grc' dir='ltr'>ἐχορὼν</span> <span class='ocrx_word' id='word_1_639' title='bbox 1727 2110 1831 2146; x_wconf 65' lang='grc' dir='ltr'>ὲρρὐοη</span> 
     </span>
    </p>
   </div>
   <div class='ocr_carea' id='block_1_90' title="bbox 1075 2153 1830 2192">
    <p class='ocr_par' dir='ltr' id='par_1_90' title="bbox 1075 2153 1830 2192">
     <span class='ocr_line' id='line_1_90' title="bbox 1075 2153 1830 2192; baseline -0.005 -8"><span class='ocrx_word' id='word_1_640' title='bbox 1075 2158 1123 2184; x_wconf 82' lang='grc' dir='ltr'><strong>καὶ</strong></span> <span class='ocrx_word' id='word_1_641' title='bbox 1151 2158 1198 2192; x_wconf 76' lang='grc' dir='ltr'>τῆς</span> <span class='ocrx_word' id='word_1_642' title='bbox 1225 2157 1362 2192; x_wconf 85' lang='grc' dir='ltr'>βασιλείας</span> <span class='ocrx_word' id='word_1_643' title='bbox 1391 2155 1469 2188; x_wconf 79' lang='grc' dir='ltr'>αὖθις</span> <span class='ocrx_word' id='word_1_644' title='bbox 1487 2157 1599 2190; x_wconf 86' lang='grc' dir='ltr'>γέγονεν</span> <span class='ocrx_word' id='word_1_645' title='bbox 1614 2156 1765 2190; x_wconf 75' lang='grc' dir='ltr'>ἐγκρατής.</span> <span class='ocrx_word' id='word_1_646' title='bbox 1786 2153 1830 2180; x_wconf 76' lang='grc' dir='ltr'>Ὀί</span> 
     </span>
    </p>
   </div>
   <div class='ocr_carea' id='block_1_91' title="bbox 234 2201 1021 2241">
    <p class='ocr_par' dir='ltr' id='par_1_91' title="bbox 234 2201 1021 2236">
     <span class='ocr_line' id='line_1_91' title="bbox 234 2201 1021 2236; baseline 0.004 -9"><span class='ocrx_word' id='word_1_647' title='bbox 234 2205 454 2228; x_wconf 78' lang='lat' dir='ltr'><strong>antemcxactor</strong></span> <span class='ocrx_word' id='word_1_648' title='bbox 480 2201 652 2235; x_wconf 76' lang='lat' dir='ltr'><strong>vectigalium</strong></span> <span class='ocrx_word' id='word_1_649' title='bbox 680 2202 850 2236; x_wconf 80' lang='lat' dir='ltr'><strong>publicanus,</strong></span> <span class='ocrx_word' id='word_1_650' title='bbox 879 2210 943 2230; x_wconf 86' lang='lat' dir='ltr'><strong>cunt</strong></span> <span class='ocrx_word' id='word_1_651' title='bbox 970 2204 1021 2230; x_wconf 85' lang='lat' dir='ltr'><strong>sibi</strong></span> 
     </span>
    </p>
   </div>
   <div class='ocr_carea' id='block_1_92' title="bbox 1075 2201 1829 2241">
    <p class='ocr_par' dir='ltr' id='par_1_92' title="bbox 1075 2203 1829 2240">
     <span class='ocr_line' id='line_1_92' title="bbox 1075 2203 1829 2240; baseline -0.007 -9"><span class='ocrx_word' id='word_1_652' title='bbox 1075 2205 1220 2240; x_wconf 79' lang='grc' dir='ltr'>φορολόγος</span> <span class='ocrx_word' id='word_1_653' title='bbox 1236 2205 1340 2236; x_wconf 78' lang='grc' dir='ltr'>ἐκεῖνος</span> <span class='ocrx_word' id='word_1_654' title='bbox 1357 2203 1476 2239; x_wconf 84' lang='grc' dir='ltr'>τελώνης</span> <span class='ocrx_word' id='word_1_655' title='bbox 1491 2203 1605 2238; x_wconf 77' lang='grc' dir='ltr'>ἱλασμὸν</span> <span class='ocrx_word' id='word_1_656' title='bbox 1616 2203 1745 2238; x_wconf 82' lang='grc' dir='ltr'>αἰτήσας,</span> <span class='ocrx_word' id='word_1_657' title='bbox 1760 2203 1829 2228; x_wconf 71' lang='grc' dir='ltr'>δικαιο</span> 
     </span>
    </p>
   </div>
   <div class='ocr_carea' id='block_1_93' title="bbox 235 2247 1021 2282">
    <p class='ocr_par' dir='ltr' id='par_1_93' title="bbox 235 2247 1021 2282">
     <span class='ocr_line' id='line_1_93' title="bbox 235 2247 1021 2282; baseline 0.006 -9"><span class='ocrx_word' id='word_1_658' title='bbox 235 2248 380 2281; x_wconf 81' lang='lat' dir='ltr'><strong>propitium</strong></span> <span class='ocrx_word' id='word_1_659' title='bbox 407 2247 493 2274; x_wconf 88' lang='lat' dir='ltr'><strong>Deum</strong></span> <span class='ocrx_word' id='word_1_660' title='bbox 523 2251 656 2282; x_wconf 74' lang='lat' dir='ltr'><strong>rogasset,</strong></span> <span class='ocrx_word' id='word_1_661' title='bbox 691 2248 822 2282; x_wconf 86' lang='lat' dir='ltr'><strong>justitiam</strong></span> <span class='ocrx_word' id='word_1_662' title='bbox 859 2255 1021 2278; x_wconf 81' lang='lat' dir='ltr'><strong>consecutus</strong></span> 
     </span>
    </p>
   </div>
   <div class='ocr_carea' id='block_1_94' title="bbox 233 2293 1021 2329">
    <p class='ocr_par' dir='ltr' id='par_1_94' title="bbox 233 2293 1021 2329">
     <span class='ocr_line' id='line_1_94' title="bbox 233 2293 1021 2329; baseline 0.005 -9"><span class='ocrx_word' id='word_1_663' title='bbox 233 2299 276 2320; x_wconf 85' lang='lat' dir='ltr'><strong>est</strong></span> <span class='ocrx_word' id='word_1_664' title='bbox 291 2293 323 2320; x_wconf 83' lang='grc'><strong>’³.</strong></span> <span class='ocrx_word' id='word_1_665' title='bbox 340 2293 385 2320; x_wconf 90' lang='lat' dir='ltr'><strong>Ille</strong></span> <span class='ocrx_word' id='word_1_666' title='bbox 397 2299 544 2321; x_wconf 88' lang='lat' dir='ltr'><strong>nocturnus</strong></span> <span class='ocrx_word' id='word_1_667' title='bbox 562 2294 704 2321; x_wconf 85' lang='lat' dir='ltr'><strong>insidiator</strong></span> <span class='ocrx_word' id='word_1_668' title='bbox 729 2299 756 2322; x_wconf 91' lang='lat' dir='ltr'><strong>et</strong></span> <span class='ocrx_word' id='word_1_669' title='bbox 771 2295 852 2327; x_wconf 83' lang='lat' dir='ltr'><strong>latro,</strong></span> <span class='ocrx_word' id='word_1_670' title='bbox 864 2295 918 2329; x_wconf 84' lang='lat' dir='ltr'><strong>jam</strong></span> <span class='ocrx_word' id='word_1_671' title='bbox 944 2301 1021 2324; x_wconf 87' lang='lat' dir='ltr'><strong>actus</strong></span> 
     </span>
    </p>
   </div>
   <div class='ocr_carea' id='block_1_95' title="bbox 234 2338 1018 2376">
    <p class='ocr_par' dir='ltr' id='par_1_95' title="bbox 234 2338 1018 2376">
     <span class='ocr_line' id='line_1_95' title="bbox 234 2338 1018 2376; baseline 0.005 -10"><span class='ocrx_word' id='word_1_672' title='bbox 234 2338 261 2366; x_wconf 86' lang='lat' dir='ltr'><strong>in</strong></span> <span class='ocrx_word' id='word_1_673' title='bbox 275 2347 382 2366; x_wconf 88' lang='lat' dir='ltr'><strong>crucem</strong></span> <span class='ocrx_word' id='word_1_674' title='bbox 397 2343 424 2366; x_wconf 89' lang='lat' dir='ltr'><strong>et</strong></span> <span class='ocrx_word' id='word_1_675' title='bbox 451 2344 599 2366; x_wconf 78' lang='lat' dir='ltr'><strong>extremam</strong></span> <span class='ocrx_word' id='word_1_676' title='bbox 630 2348 712 2374; x_wconf 65' lang='lat' dir='ltr'><strong>agens</strong></span> <span class='ocrx_word' id='word_1_677' title='bbox 738 2341 868 2376; x_wconf 83' lang='lat' dir='ltr'><strong>animum,</strong></span> <span class='ocrx_word' id='word_1_678' title='bbox 893 2349 954 2370; x_wconf 93' lang='lat' dir='ltr'><strong>cum</strong></span> <span class='ocrx_word' id='word_1_679' title='bbox 977 2344 1018 2370; x_wconf 91' lang='lat' dir='ltr'><strong>sni</strong></span> 
     </span>
    </p>
   </div>
   <div class='ocr_carea' id='block_1_96' title="bbox 236 2384 1020 2421">
    <p class='ocr_par' dir='ltr' id='par_1_96' title="bbox 236 2384 1020 2421">
     <span class='ocr_line' id='line_1_96' title="bbox 236 2384 1020 2421; baseline 0.003 -8"><span class='ocrx_word' id='word_1_680' title='bbox 236 2385 393 2413; x_wconf 88' lang='lat' dir='ltr'><strong>metnoriam</strong></span> <span class='ocrx_word' id='word_1_681' title='bbox 408 2384 493 2412; x_wconf 88' lang='lat' dir='ltr'><strong>solum</strong></span> <span class='ocrx_word' id='word_1_682' title='bbox 505 2391 632 2419; x_wconf 86' lang='lat' dir='ltr'><strong>precatus</strong></span> <span class='ocrx_word' id='word_1_683' title='bbox 646 2391 728 2420; x_wconf 81' lang='lat' dir='ltr'><strong>esset,</strong></span> <span class='ocrx_word' id='word_1_684' title='bbox 752 2387 908 2421; x_wconf 77' lang='lat' dir='ltr'><strong>paradisum</strong></span> <span class='ocrx_word' id='word_1_685' title='bbox 934 2393 1020 2415; x_wconf 91' lang='lat' dir='ltr'><strong>totum</strong></span> 
     </span>
    </p>
   </div>
   <div class='ocr_carea' id='block_1_97' title="bbox 237 2432 1021 2468">
    <p class='ocr_par' dir='ltr' id='par_1_97' title="bbox 237 2432 1021 2468">
     <span class='ocr_line' id='line_1_97' title="bbox 237 2432 1021 2468; baseline 0.004 -10"><span class='ocrx_word' id='word_1_686' title='bbox 237 2432 342 2466; x_wconf 86' lang='lat' dir='ltr'><strong>accepit</strong></span> <span class='ocrx_word' id='word_1_687' title='bbox 354 2433 388 2459; x_wconf 79' lang='lat'><em>“.</em></span> <span class='ocrx_word' id='word_1_688' title='bbox 409 2432 442 2459; x_wconf 82' lang='lat' dir='ltr'><strong>Et</strong></span> <span class='ocrx_word' id='word_1_689' title='bbox 464 2432 675 2466; x_wconf 87' lang='lat' dir='ltr'><strong>adolescentem,</strong></span> <span class='ocrx_word' id='word_1_690' title='bbox 699 2434 745 2468; x_wconf 87' lang='lat' dir='ltr'><strong>qui</strong></span> <span class='ocrx_word' id='word_1_691' title='bbox 766 2440 781 2460; x_wconf 85' lang='lat' dir='ltr'><strong>a</strong></span> <span class='ocrx_word' id='word_1_692' title='bbox 805 2438 915 2468; x_wconf 81' lang='lat' dir='ltr'><strong>paterna</strong></span> <span class='ocrx_word' id='word_1_693' title='bbox 941 2435 1021 2462; x_wconf 92' lang='lat' dir='ltr'><strong>domo</strong></span> 
     </span>
    </p>
   </div>
   <div class='ocr_carea' id='block_1_98' title="bbox 235 2479 1020 2515">
    <p class='ocr_par' dir='ltr' id='par_1_98' title="bbox 235 2479 1020 2515">
     <span class='ocr_line' id='line_1_98' title="bbox 235 2479 1020 2515; baseline 0.005 -11"><span class='ocrx_word' id='word_1_694' title='bbox 235 2479 363 2505; x_wconf 88' lang='lat' dir='ltr'><strong>recedens</strong></span> <span class='ocrx_word' id='word_1_695' title='bbox 375 2483 516 2513; x_wconf 79' lang='lat' dir='ltr'><strong>spontese</strong></span> <span class='ocrx_word' id='word_1_696' title='bbox 548 2479 684 2514; x_wconf 73' lang='lat' dir='ltr'><strong>abiecerat</strong></span> <span class='ocrx_word' id='word_1_697' title='bbox 713 2480 746 2507; x_wconf 90' lang='lat' dir='ltr'><strong>ad</strong></span> <span class='ocrx_word' id='word_1_698' title='bbox 773 2481 903 2515; x_wconf 88' lang='lat' dir='ltr'><strong>pecudum</strong></span> <span class='ocrx_word' id='word_1_699' title='bbox 926 2481 1020 2514; x_wconf 87' lang='lat' dir='ltr'><strong>vitam,</strong></span> 
     </span>
    </p>
   </div>
   <div class='ocr_carea' id='block_1_99' title="bbox 234 2525 1019 2559">
    <p class='ocr_par' dir='ltr' id='par_1_99' title="bbox 234 2525 1019 2559">
     <span class='ocr_line' id='line_1_99' title="bbox 234 2525 1019 2559; baseline 0.005 -9"><span class='ocrx_word' id='word_1_700' title='bbox 234 2529 372 2558; x_wconf 79' lang='lat' dir='ltr'><strong>rogantem</strong></span> <span class='ocrx_word' id='word_1_701' title='bbox 396 2525 579 2559; x_wconf 85' lang='lat' dir='ltr'><strong>postmodum,</strong></span> <span class='ocrx_word' id='word_1_702' title='bbox 609 2530 638 2552; x_wconf 91' lang='lat' dir='ltr'><strong>ut</strong></span> <span class='ocrx_word' id='word_1_703' title='bbox 663 2525 688 2552; x_wconf 93' lang='lat' dir='ltr'><strong>in</strong></span> <span class='ocrx_word' id='word_1_704' title='bbox 715 2526 943 2554; x_wconf 72' lang='lat' dir='ltr'><strong>mercennariorum</strong></span> <span class='ocrx_word' id='word_1_705' title='bbox 969 2535 1019 2554; x_wconf 79' lang='lat' dir='ltr'><strong>nu-</strong></span> 
     </span>
    </p>
   </div>
   <div class='ocr_carea' id='block_1_100' title="bbox 269 2589 609 2623">
    <p class='ocr_par' dir='ltr' id='par_1_100' title="bbox 269 2589 609 2623">
     <span class='ocr_line' id='line_1_100' title="bbox 269 2589 609 2623; baseline 0.003 -7"><span class='ocrx_word' id='word_1_706' title='bbox 269 2589 290 2605; x_wconf 84' lang='lat'><strong>&quot;</strong></span> <span class='ocrx_word' id='word_1_707' title='bbox 307 2589 407 2617; x_wconf 80' lang='lat' dir='ltr'><strong>Ezech.</strong></span> <span class='ocrx_word' id='word_1_708' title='bbox 428 2597 506 2623; x_wconf 82' lang='lat' dir='ltr'><strong>xvul,</strong></span> <span class='ocrx_word' id='word_1_709' title='bbox 522 2589 550 2622; x_wconf 69' lang='grc' dir='ltr'><strong>Δ,</strong></span> <span class='ocrx_word' id='word_1_710' title='bbox 564 2589 609 2617; x_wconf 75' lang='grc'><strong>20.</strong></span> 
     </span>
    </p>
   </div>
   <div class='ocr_carea' id='block_1_101' title="bbox 657 2589 1044 2624">
    <p class='ocr_par' dir='ltr' id='par_1_101' title="bbox 657 2589 1044 2624">
     <span class='ocr_line' id='line_1_101' title="bbox 657 2589 1044 2624; baseline 0.008 -7"><span class='ocrx_word' id='word_1_711' title='bbox 657 2590 679 2606; x_wconf 83' lang='grc'>¹¹</span> <span class='ocrx_word' id='word_1_712' title='bbox 694 2589 717 2618; x_wconf 82' lang='grc' dir='ltr'><strong>ΙΙ</strong></span> <span class='ocrx_word' id='word_1_713' title='bbox 730 2590 819 2618; x_wconf 83' lang='lat' dir='ltr'><strong>Paral.</strong></span> <span class='ocrx_word' id='word_1_714' title='bbox 832 2599 927 2624; x_wconf 84' lang='lat' dir='ltr'><strong>xxxtn,</strong></span> <span class='ocrx_word' id='word_1_715' title='bbox 942 2592 985 2624; x_wconf 84' lang='lat' dir='ltr'><strong>l8,</strong></span> <span class='ocrx_word' id='word_1_716' title='bbox 1002 2592 1044 2620; x_wconf 88' lang='lat' dir='ltr'><strong>l9.</strong></span> 
     </span>
    </p>
   </div>
   <div class='ocr_carea' id='block_1_102' title="bbox 1076 2246 1827 2285">
    <p class='ocr_par' dir='ltr' id='par_1_102' title="bbox 1076 2246 1827 2285">
     <span class='ocr_line' id='line_1_102' title="bbox 1076 2246 1827 2285; baseline -0.007 -8"><span class='ocrx_word' id='word_1_717' title='bbox 1076 2251 1160 2285; x_wconf 83' lang='grc' dir='ltr'>σύνης</span> <span class='ocrx_word' id='word_1_718' title='bbox 1189 2249 1340 2284; x_wconf 72' lang='grc' dir='ltr'>ἐπέτυχεν·</span> <span class='ocrx_word' id='word_1_719' title='bbox 1354 2251 1367 2276; x_wconf 79' lang='grc' dir='ltr'>ὁ</span> <span class='ocrx_word' id='word_1_720' title='bbox 1392 2248 1549 2283; x_wconf 80' lang='grc' dir='ltr'>νυκτιλὸχος</span> <span class='ocrx_word' id='word_1_721' title='bbox 1563 2248 1663 2284; x_wconf 77' lang='grc' dir='ltr'>λῃστὴς</span> <span class='ocrx_word' id='word_1_722' title='bbox 1680 2246 1827 2274; x_wconf 71' lang='grc' dir='ltr'>ἀνασκολοπ</span> 
     </span>
    </p>
   </div>
   <div class='ocr_carea' id='block_1_103' title="bbox 1076 2292 1826 2331">
    <p class='ocr_par' dir='ltr' id='par_1_103' title="bbox 1076 2292 1826 2331">
     <span class='ocr_line' id='line_1_103' title="bbox 1076 2292 1826 2331; baseline -0.007 -8"><span class='ocrx_word' id='word_1_723' title='bbox 1076 2297 1159 2329; x_wconf 73' lang='grc' dir='ltr'>σθεὶς,</span> <span class='ocrx_word' id='word_1_724' title='bbox 1176 2296 1222 2323; x_wconf 75' lang='grc' dir='ltr'><strong>καὶ</strong></span> <span class='ocrx_word' id='word_1_725' title='bbox 1236 2296 1285 2331; x_wconf 84' lang='grc' dir='ltr'><strong>ήδη</strong></span> <span class='ocrx_word' id='word_1_726' title='bbox 1300 2296 1389 2322; x_wconf 79' lang='grc' dir='ltr'>πνέων</span> <span class='ocrx_word' id='word_1_727' title='bbox 1401 2295 1435 2321; x_wconf 82' lang='grc' dir='ltr'>τὰ</span> <span class='ocrx_word' id='word_1_728' title='bbox 1449 2295 1562 2329; x_wconf 76' lang='grc' dir='ltr'>ἔσχατα,</span> <span class='ocrx_word' id='word_1_729' title='bbox 1575 2294 1688 2329; x_wconf 88' lang='grc' dir='ltr'>μνήμην</span> <span class='ocrx_word' id='word_1_730' title='bbox 1705 2294 1786 2328; x_wconf 80' lang='grc' dir='ltr'>μόνην</span> <span class='ocrx_word' id='word_1_731' title='bbox 1806 2292 1826 2324; x_wconf 68' lang='grc' dir='ltr'>ξι</span> 
     </span>
    </p>
   </div>
   <div class='ocr_carea' id='block_1_104' title="bbox 1074 2341 1825 2377">
    <p class='ocr_par' dir='ltr' id='par_1_104' title="bbox 1074 2341 1825 2377">
     <span class='ocr_line' id='line_1_104' title="bbox 1074 2341 1825 2377; baseline -0.005 -9"><span class='ocrx_word' id='word_1_732' title='bbox 1074 2343 1171 2377; x_wconf 81' lang='grc' dir='ltr'>τήσας,</span> <span class='ocrx_word' id='word_1_733' title='bbox 1190 2343 1252 2368; x_wconf 86' lang='grc' dir='ltr'>ὂλον</span> <span class='ocrx_word' id='word_1_734' title='bbox 1267 2342 1373 2376; x_wconf 78' lang='grc' dir='ltr'>εἰλήφει</span> <span class='ocrx_word' id='word_1_735' title='bbox 1388 2341 1564 2376; x_wconf 85' lang='grc' dir='ltr'>παράδεισον.</span> <span class='ocrx_word' id='word_1_736' title='bbox 1583 2341 1638 2367; x_wconf 76' lang='grc' dir='ltr'>Καὶ</span> <span class='ocrx_word' id='word_1_737' title='bbox 1655 2342 1749 2374; x_wconf 60' lang='grc' dir='ltr'>νεανία</span> <span class='ocrx_word' id='word_1_738' title='bbox 1761 2345 1825 2372; x_wconf 72' lang='grc' dir='ltr'>πατρ</span> 
     </span>
    </p>
   </div>
   <div class='ocr_carea' id='block_1_105' title="bbox 1076 2382 1824 2423">
    <p class='ocr_par' dir='ltr' id='par_1_105' title="bbox 1076 2382 1824 2423">
     <span class='ocr_line' id='line_1_105' title="bbox 1076 2382 1824 2423; baseline -0.005 -9"><span class='ocrx_word' id='word_1_739' title='bbox 1076 2388 1127 2423; x_wconf 80' lang='grc' dir='ltr'>κῆς</span> <span class='ocrx_word' id='word_1_740' title='bbox 1141 2388 1236 2419; x_wconf 81' lang='grc' dir='ltr'>ἑστίας</span> <span class='ocrx_word' id='word_1_741' title='bbox 1264 2387 1515 2422; x_wconf 78' lang='grc' dir='ltr'>ἀποσκιρτήσαντι,</span> <span class='ocrx_word' id='word_1_742' title='bbox 1530 2386 1577 2413; x_wconf 77' lang='grc' dir='ltr'>καὶ</span> <span class='ocrx_word' id='word_1_743' title='bbox 1602 2386 1672 2421; x_wconf 78' lang='grc' dir='ltr'>πρὸς</span> <span class='ocrx_word' id='word_1_744' title='bbox 1685 2387 1732 2412; x_wconf 81' lang='grc' dir='ltr'>τὸν</span> <span class='ocrx_word' id='word_1_745' title='bbox 1745 2382 1824 2420; x_wconf 67' lang='grc' dir='ltr'>χοιρώί</span> 
     </span>
    </p>
   </div>
   <div class='ocr_carea' id='block_1_106' title="bbox 1073 2431 1822 2468">
    <p class='ocr_par' dir='ltr' id='par_1_106' title="bbox 1073 2431 1822 2468">
     <span class='ocr_line' id='line_1_106' title="bbox 1073 2431 1822 2468; baseline -0.005 -8"><span class='ocrx_word' id='word_1_746' title='bbox 1073 2433 1132 2467; x_wconf 81' lang='grc' dir='ltr'>βίον</span> <span class='ocrx_word' id='word_1_747' title='bbox 1150 2433 1369 2468; x_wconf 83' lang='grc' dir='ltr'>αὐτομολήσαντι</span> <span class='ocrx_word' id='word_1_748' title='bbox 1386 2433 1414 2458; x_wconf 76' lang='grc' dir='ltr'>ἐν</span> <span class='ocrx_word' id='word_1_749' title='bbox 1430 2433 1508 2467; x_wconf 80' lang='grc' dir='ltr'>μέρει</span> <span class='ocrx_word' id='word_1_750' title='bbox 1525 2431 1670 2467; x_wconf 76' lang='grc' dir='ltr'>μισθωτῶν</span> <span class='ocrx_word' id='word_1_751' title='bbox 1685 2431 1798 2464; x_wconf 72' lang='grc' dir='ltr'>ἀξιοῦντι</span> <span class='ocrx_word' id='word_1_752' title='bbox 1812 2435 1822 2467; x_wconf 56' lang='lat'>1</span> 
     </span>
    </p>
   </div>
   <div class='ocr_carea' id='block_1_107' title="bbox 1073 2475 1821 2514">
    <p class='ocr_par' dir='ltr' id='par_1_107' title="bbox 1073 2475 1821 2514">
     <span class='ocr_line' id='line_1_107' title="bbox 1073 2475 1821 2514; baseline -0.005 -9"><span class='ocrx_word' id='word_1_753' title='bbox 1073 2479 1183 2514; x_wconf 84' lang='grc' dir='ltr'>τάχοαι,</span> <span class='ocrx_word' id='word_1_754' title='bbox 1204 2479 1349 2514; x_wconf 75' lang='grc' dir='ltr'>χαρίζεται</span> <span class='ocrx_word' id='word_1_755' title='bbox 1379 2478 1428 2513; x_wconf 81' lang='grc' dir='ltr'>τὴν</span> <span class='ocrx_word' id='word_1_756' title='bbox 1457 2478 1570 2513; x_wconf 83' lang='grc' dir='ltr'>πρώτην</span> <span class='ocrx_word' id='word_1_757' title='bbox 1601 2478 1753 2511; x_wconf 81' lang='grc' dir='ltr'>εὐγένειαν,</span> <span class='ocrx_word' id='word_1_758' title='bbox 1782 2475 1821 2502; x_wconf 69' lang='grc' dir='ltr'><strong>καὶ</strong></span> 
     </span>
    </p>
   </div>
   <div class='ocr_carea' id='block_1_108' title="bbox 1073 2523 1820 2561">
    <p class='ocr_par' dir='ltr' id='par_1_108' title="bbox 1073 2523 1820 2561">
     <span class='ocr_line' id='line_1_108' title="bbox 1073 2523 1820 2561; baseline -0.004 -9"><span class='ocrx_word' id='word_1_759' title='bbox 1073 2525 1169 2561; x_wconf 81' lang='grc' dir='ltr'>παρὼν</span> <span class='ocrx_word' id='word_1_760' title='bbox 1197 2526 1305 2560; x_wconf 85' lang='grc' dir='ltr'>οἰκέτης</span> <span class='ocrx_word' id='word_1_761' title='bbox 1337 2523 1530 2560; x_wconf 82' lang='grc' dir='ltr'>μακροθυμίαν</span> <span class='ocrx_word' id='word_1_762' title='bbox 1559 2524 1644 2559; x_wconf 86' lang='grc' dir='ltr'>μόνην</span> <span class='ocrx_word' id='word_1_763' title='bbox 1675 2525 1780 2559; x_wconf 71' lang='grc' dir='ltr'>ᾐτήκει,</span> <span class='ocrx_word' id='word_1_764' title='bbox 1804 2530 1820 2548; x_wconf 65' lang='grc' dir='ltr'>κδ</span> 
     </span>
    </p>
   </div>
   <div class='ocr_carea' id='block_1_109' title="bbox 1084 2591 1640 2625">
    <p class='ocr_par' dir='ltr' id='par_1_109' title="bbox 1084 2591 1640 2625">
     <span class='ocr_line' id='line_1_109' title="bbox 1084 2591 1640 2625; baseline 0 -6"><span class='ocrx_word' id='word_1_765' title='bbox 1084 2592 1106 2608; x_wconf 72' lang='grc'><strong>’⁸</strong></span> <span class='ocrx_word' id='word_1_766' title='bbox 1124 2591 1189 2619; x_wconf 86' lang='lat' dir='ltr'><strong>Luc.</strong></span> <span class='ocrx_word' id='word_1_767' title='bbox 1205 2599 1280 2625; x_wconf 84' lang='lat' dir='ltr'><strong>xvnt,</strong></span> <span class='ocrx_word' id='word_1_768' title='bbox 1296 2591 1339 2620; x_wconf 79' lang='grc' dir='ltr'>Η.</span> <span class='ocrx_word' id='word_1_769' title='bbox 1379 2591 1401 2607; x_wconf 71' lang='grc'><strong>’³</strong></span> <span class='ocrx_word' id='word_1_770' title='bbox 1419 2591 1488 2619; x_wconf 87' lang='lat' dir='ltr'><strong>Luc.</strong></span> <span class='ocrx_word' id='word_1_771' title='bbox 1503 2591 1640 2624; x_wconf 67' lang='lat' dir='ltr'><strong>xxttt,43.</strong></span> 
     </span>
    </p>
   </div>
   <div class='ocr_carea' id='block_1_110' title="bbox 849 2650 1242 2682">
    <p class='ocr_par' dir='ltr' id='par_1_110' title="bbox 849 2650 1242 2682">
     <span class='ocr_line' id='line_1_110' title="bbox 849 2650 1242 2682; baseline 0.008 -3"><span class='ocrx_word' id='word_1_772' title='bbox 849 2650 1009 2681; x_wconf 85' lang='lat' dir='ltr'><strong>Francisci</strong></span> <span class='ocrx_word' id='word_1_773' title='bbox 1028 2651 1131 2682; x_wconf 89' lang='lat' dir='ltr'><strong>Scorsi</strong></span> <span class='ocrx_word' id='word_1_774' title='bbox 1148 2655 1242 2682; x_wconf 68' lang='lat' dir='ltr'><strong>notas.</strong></span> 
     </span>
    </p>
   </div>
   <div class='ocr_carea' id='block_1_111' title="bbox 260 2697 1021 2733">
    <p class='ocr_par' dir='ltr' id='par_1_111' title="bbox 260 2697 1021 2733">
     <span class='ocr_line' id='line_1_111' title="bbox 260 2697 1021 2733; baseline 0.004 -8"><span class='ocrx_word' id='word_1_775' title='bbox 260 2698 316 2732; x_wconf 69' lang='lat'><strong>(39)</strong></span> <span class='ocrx_word' id='word_1_776' title='bbox 326 2697 456 2725; x_wconf 75' lang='lat' dir='ltr'><strong>Miserere.</strong></span> <span class='ocrx_word' id='word_1_777' title='bbox 465 2697 593 2731; x_wconf 87' lang='lat' dir='ltr'><strong>Quamvis</strong></span> <span class='ocrx_word' id='word_1_778' title='bbox 601 2699 767 2733; x_wconf 69' lang='lat' dir='ltr'><strong>pmnitentiae</strong></span> <span class='ocrx_word' id='word_1_779' title='bbox 777 2698 908 2728; x_wconf 83' lang='lat' dir='ltr'><strong>Manassis</strong></span> <span class='ocrx_word' id='word_1_780' title='bbox 920 2702 1021 2728; x_wconf 88' lang='lat' dir='ltr'><strong>mentio</strong></span> 
     </span>
    </p>
   </div>
   <div class='ocr_carea' id='block_1_112' title="bbox 235 2733 1020 2769">
    <p class='ocr_par' dir='ltr' id='par_1_112' title="bbox 235 2733 1020 2769">
     <span class='ocr_line' id='line_1_112' title="bbox 235 2733 1020 2769; baseline 0.006 -10"><span class='ocrx_word' id='word_1_781' title='bbox 235 2733 278 2760; x_wconf 84' lang='lat' dir='ltr'><strong>ﬁat</strong></span> <span class='ocrx_word' id='word_1_782' title='bbox 289 2741 437 2767; x_wconf 81' lang='lat' dir='ltr'><strong>cap.xxxnt</strong></span> <span class='ocrx_word' id='word_1_783' title='bbox 446 2733 573 2768; x_wconf 82' lang='lat' dir='ltr'><strong>Paralip.,</strong></span> <span class='ocrx_word' id='word_1_784' title='bbox 581 2735 668 2762; x_wconf 88' lang='lat' dir='ltr'><strong>oratio</strong></span> <span class='ocrx_word' id='word_1_785' title='bbox 676 2739 764 2761; x_wconf 85' lang='lat' dir='ltr'><strong>tamen</strong></span> <span class='ocrx_word' id='word_1_786' title='bbox 777 2735 830 2766; x_wconf 87' lang='lat' dir='ltr'><strong>illa,</strong></span> <span class='ocrx_word' id='word_1_787' title='bbox 839 2743 897 2769; x_wconf 66' lang='lat' dir='ltr'><strong>qua:</strong></span> <span class='ocrx_word' id='word_1_788' title='bbox 904 2737 1020 2764; x_wconf 76' lang='lat' dir='ltr'><strong>circuiti-</strong></span> 
     </span>
    </p>
   </div>
   <div class='ocr_carea' id='block_1_113' title="bbox 233 2769 1017 2802">
    <p class='ocr_par' dir='ltr' id='par_1_113' title="bbox 233 2769 1017 2802">
     <span class='ocr_line' id='line_1_113' title="bbox 233 2769 1017 2802; baseline 0.005 -7"><span class='ocrx_word' id='word_1_789' title='bbox 233 2769 331 2798; x_wconf 69' lang='lat' dir='ltr'><strong>fertur.</strong></span> <span class='ocrx_word' id='word_1_790' title='bbox 355 2776 407 2794; x_wconf 86' lang='lat' dir='ltr'><strong>non</strong></span> <span class='ocrx_word' id='word_1_791' title='bbox 427 2775 469 2796; x_wconf 87' lang='lat' dir='ltr'><strong>est</strong></span> <span class='ocrx_word' id='word_1_792' title='bbox 487 2776 518 2796; x_wconf 82' lang='lat' dir='ltr'><strong>ex</strong></span> <span class='ocrx_word' id='word_1_793' title='bbox 536 2769 682 2796; x_wconf 80' lang='lat' dir='ltr'><strong>Canonicis</strong></span> <span class='ocrx_word' id='word_1_794' title='bbox 705 2769 800 2802; x_wconf 72' lang='lat' dir='ltr'><strong>libris;</strong></span> <span class='ocrx_word' id='word_1_795' title='bbox 818 2775 907 2797; x_wconf 82' lang='lat' dir='ltr'><strong>exstat</strong></span> <span class='ocrx_word' id='word_1_796' title='bbox 928 2777 1017 2799; x_wconf 87' lang='lat' dir='ltr'><strong>tamen</strong></span> 
     </span>
    </p>
   </div>
   <div class='ocr_carea' id='block_1_114' title="bbox 235 2802 1018 2838">
    <p class='ocr_par' dir='ltr' id='par_1_114' title="bbox 235 2802 1018 2838">
     <span class='ocr_line' id='line_1_114' title="bbox 235 2802 1018 2838; baseline 0.006 -9"><span class='ocrx_word' id='word_1_797' title='bbox 235 2804 333 2836; x_wconf 79' lang='lat' dir='ltr'><strong>rejceta</strong></span> <span class='ocrx_word' id='word_1_798' title='bbox 353 2803 380 2828; x_wconf 91' lang='lat' dir='ltr'><strong>in</strong></span> <span class='ocrx_word' id='word_1_799' title='bbox 396 2803 496 2830; x_wconf 80' lang='lat' dir='ltr'><strong>calcem</strong></span> <span class='ocrx_word' id='word_1_800' title='bbox 520 2802 679 2836; x_wconf 74' lang='lat' dir='ltr'><strong>Babliorum,</strong></span> <span class='ocrx_word' id='word_1_801' title='bbox 699 2811 731 2831; x_wconf 88' lang='lat' dir='ltr'><strong>co</strong></span> <span class='ocrx_word' id='word_1_802' title='bbox 749 2805 820 2838; x_wconf 90' lang='lat' dir='ltr'><strong>quod</strong></span> <span class='ocrx_word' id='word_1_803' title='bbox 841 2812 857 2831; x_wconf 91' lang='lat' dir='ltr'><strong>a</strong></span> <span class='ocrx_word' id='word_1_804' title='bbox 881 2807 1018 2835; x_wconf 91' lang='lat' dir='ltr'><strong>nonnullts</strong></span> 
     </span>
    </p>
   </div>
   <div class='ocr_carea' id='block_1_115' title="bbox 234 2837 1016 2876">
    <p class='ocr_par' dir='ltr' id='par_1_115' title="bbox 234 2837 1016 2876">
     <span class='ocr_line' id='line_1_115' title="bbox 234 2837 1016 2876; baseline 0.008 -13"><span class='ocrx_word' id='word_1_805' title='bbox 234 2837 361 2866; x_wconf 67' lang='lat' dir='ltr'><strong>l’atribus</strong></span> <span class='ocrx_word' id='word_1_806' title='bbox 378 2845 410 2864; x_wconf 80' lang='lat' dir='ltr'><strong>ex</strong></span> <span class='ocrx_word' id='word_1_807' title='bbox 430 2846 461 2864; x_wconf 87' lang='lat' dir='ltr'><strong>ea</strong></span> <span class='ocrx_word' id='word_1_808' title='bbox 477 2838 547 2865; x_wconf 90' lang='lat' dir='ltr'><strong>sumi</strong></span> <span class='ocrx_word' id='word_1_809' title='bbox 563 2839 664 2865; x_wconf 90' lang='lat' dir='ltr'><strong>dictum</strong></span> <span class='ocrx_word' id='word_1_810' title='bbox 681 2837 790 2873; x_wconf 85' lang='lat' dir='ltr'><strong>aliquod</strong></span> <span class='ocrx_word' id='word_1_811' title='bbox 805 2840 912 2868; x_wconf 82' lang='lat' dir='ltr'><strong>soleat:</strong></span> <span class='ocrx_word' id='word_1_812' title='bbox 927 2849 1016 2876; x_wconf 88' lang='lat' dir='ltr'><strong>quan-</strong></span> 
     </span>
    </p>
   </div>
   <div class='ocr_carea' id='block_1_116' title="bbox 1074 2701 1806 2735">
    <p class='ocr_par' dir='ltr' id='par_1_116' title="bbox 1074 2701 1806 2735">
     <span class='ocr_line' id='line_1_116' title="bbox 1074 2701 1806 2735; baseline -0.001 -8"><span class='ocrx_word' id='word_1_813' title='bbox 1074 2709 1155 2735; x_wconf 92' lang='lat' dir='ltr'><strong>qnam</strong></span> <span class='ocrx_word' id='word_1_814' title='bbox 1175 2709 1260 2735; x_wconf 75' lang='lat' dir='ltr'><strong>neque</strong></span> <span class='ocrx_word' id='word_1_815' title='bbox 1283 2709 1364 2728; x_wconf 86' lang='lat' dir='ltr'><strong>veroa</strong></span> <span class='ocrx_word' id='word_1_816' title='bbox 1386 2701 1454 2733; x_wconf 71' lang='lat' dir='ltr'><strong>ltzer,</strong></span> <span class='ocrx_word' id='word_1_817' title='bbox 1470 2708 1529 2735; x_wconf 73' lang='lat' dir='ltr'><strong>qua:</strong></span> <span class='ocrx_word' id='word_1_818' title='bbox 1541 2701 1722 2734; x_wconf 83' lang='lat' dir='ltr'><strong>Theophanes</strong></span> <span class='ocrx_word' id='word_1_819' title='bbox 1738 2701 1806 2728; x_wconf 67' lang='grc' dir='ltr'>δῦθι-ί</span> 
     </span>
    </p>
   </div>
   <div class='ocr_carea' id='block_1_117' title="bbox 1073 2735 1814 2769">
    <p class='ocr_par' dir='ltr' id='par_1_117' title="bbox 1073 2735 1814 2769">
     <span class='ocr_line' id='line_1_117' title="bbox 1073 2735 1814 2769; baseline -0.001 -6"><span class='ocrx_word' id='word_1_820' title='bbox 1073 2737 1199 2763; x_wconf 75' lang='lat' dir='ltr'><strong>Misetere</strong></span> <span class='ocrx_word' id='word_1_821' title='bbox 1216 2737 1290 2769; x_wconf 82' lang='lat' dir='ltr'><strong>mihi,</strong></span> <span class='ocrx_word' id='word_1_822' title='bbox 1311 2736 1429 2767; x_wconf 73' lang='lat' dir='ltr'><strong>Domine,</strong></span> <span class='ocrx_word' id='word_1_823' title='bbox 1454 2738 1592 2768; x_wconf 83' lang='lat' dir='ltr'><strong>miserere,</strong></span> <span class='ocrx_word' id='word_1_824' title='bbox 1617 2737 1665 2763; x_wconf 86' lang='lat' dir='ltr'><strong>sed</strong></span> <span class='ocrx_word' id='word_1_825' title='bbox 1677 2740 1748 2763; x_wconf 62' lang='lat' dir='ltr'><strong>terte</strong></span> <span class='ocrx_word' id='word_1_826' title='bbox 1757 2735 1814 2763; x_wconf 81' lang='lat' dir='ltr'><strong>simil</strong></span> 
     </span>
    </p>
   </div>
   <div class='ocr_carea' id='block_1_118' title="bbox 1071 2770 1813 2806">
    <p class='ocr_par' dir='ltr' id='par_1_118' title="bbox 1071 2770 1813 2806">
     <span class='ocr_line' id='line_1_118' title="bbox 1071 2770 1813 2806; baseline -0.001 -8"><span class='ocrx_word' id='word_1_827' title='bbox 1071 2777 1134 2798; x_wconf 83' lang='lat' dir='ltr'><strong>sunt</strong></span> <span class='ocrx_word' id='word_1_828' title='bbox 1160 2772 1213 2804; x_wconf 84' lang='lat' dir='ltr'><strong>iis,</strong></span> <span class='ocrx_word' id='word_1_829' title='bbox 1242 2779 1301 2806; x_wconf 66' lang='lat' dir='ltr'><strong>quae</strong></span> <span class='ocrx_word' id='word_1_830' title='bbox 1330 2772 1366 2798; x_wconf 90' lang='lat' dir='ltr'><strong>ibi</strong></span> <span class='ocrx_word' id='word_1_831' title='bbox 1394 2772 1530 2801; x_wconf 80' lang='lat' dir='ltr'><strong>dicuntur,</strong></span> <span class='ocrx_word' id='word_1_832' title='bbox 1557 2776 1587 2798; x_wconf 89' lang='lat' dir='ltr'><strong>ut</strong></span> <span class='ocrx_word' id='word_1_833' title='bbox 1612 2779 1667 2798; x_wconf 91' lang='lat' dir='ltr'><strong>non</strong></span> <span class='ocrx_word' id='word_1_834' title='bbox 1696 2778 1747 2797; x_wconf 68' lang='lat' dir='ltr'><strong>tam</strong></span> <span class='ocrx_word' id='word_1_835' title='bbox 1773 2770 1813 2797; x_wconf 68' lang='lat' dir='ltr'><strong>teri</strong></span> 
     </span>
    </p>
   </div>
   <div class='ocr_carea' id='block_1_119' title="bbox 1069 2807 1812 2868">
    <p class='ocr_par' dir='ltr' id='par_1_119' title="bbox 1069 2807 1812 2868">
     <span class='ocr_line' id='line_1_119' title="bbox 1069 2807 1812 2868; baseline 0 -36"><span class='ocrx_word' id='word_1_836' title='bbox 1069 2807 1147 2868; x_wconf 65' lang='lat' dir='ltr'><strong>lipsa,</strong></span> <span class='ocrx_word' id='word_1_837' title='bbox 1169 2815 1251 2842; x_wconf 86' lang='lat' dir='ltr'><strong>quam</strong></span> <span class='ocrx_word' id='word_1_838' title='bbox 1273 2814 1382 2834; x_wconf 86' lang='lat' dir='ltr'><strong>sensum</strong></span> <span class='ocrx_word' id='word_1_839' title='bbox 1400 2814 1432 2834; x_wconf 82' lang='lat' dir='ltr'><strong>ex</strong></span> <span class='ocrx_word' id='word_1_840' title='bbox 1455 2807 1497 2833; x_wconf 82' lang='lat' dir='ltr'><strong>illa</strong></span> <span class='ocrx_word' id='word_1_841' title='bbox 1514 2807 1641 2841; x_wconf 73' lang='lat' dir='ltr'><strong>excipere</strong></span> <span class='ocrx_word' id='word_1_842' title='bbox 1657 2807 1701 2834; x_wconf 86' lang='lat' dir='ltr'><strong>hic</strong></span> <span class='ocrx_word' id='word_1_843' title='bbox 1717 2807 1787 2834; x_wconf 74' lang='lat' dir='ltr'><strong>l’aler</strong></span> <span class='ocrx_word' id='word_1_844' title='bbox 1801 2811 1812 2832; x_wconf 71' lang='lat' dir='ltr'><strong>v</strong></span> 
     </span>
     <span class='ocr_line' id='line_1_120' title="bbox 1081 2848 1160 2868; baseline 0 0"><span class='ocrx_word' id='word_1_845' title='bbox 1081 2848 1160 2868; x_wconf 83' lang='lat' dir='ltr'><strong>nent.</strong></span> 
     </span>
    </p>
   </div>
   <div class='ocr_carea' id='block_1_120' title="bbox 1081 2848 1160 2869">
    <p class='ocr_par' dir='ltr' id='par_1_120' title="bbox 1081 2848 1160 2869">
     <span class='ocr_line' id='line_1_121' title="bbox 1081 2848 1160 2869; baseline 0 0"><span class='ocrx_word' id='word_1_846' title='bbox 1081 2848 1160 2869; x_wconf 81' lang='lat' dir='ltr'><strong>uertt.</strong></span> 
     </span>
    </p>
   </div>
  </div>
