1850 3054
58 129 93 160 169
710 125 807 156 HOMI

902 124 938 155 lI.

1600 123 1652 157 170

55 185 132 216 παντὸς
141 183 181 210 τοῦ
193 183 290 219 χρέους
311 183 419 218 δέχε·.αι
440 183 491 218 τὴν
513 182 698 218 συγχώρησιν.
726 182 807 218 Ὀρᾷς

902 188 938 209 πο
954 184 1123 213 censeretur,
1136 188 1162 208 .n
1178 180 1321 215 pristinam
1334 180 1418 216 gratis
1431 181 1550 210 restituit
1572 184 1652 211 nobi-

54 233 175 265 οίιτιρμων
195 232 306 264 ἄπειρον
320 230 439 263 πέλαγος
451 237 457 244 ·
476 237 519 260 τις
540 227 612 255 οὕτω
627 228 808 261 νωθέστατος,

54 276 89 304 καὶ
103 276 163 310 πέρα
179 274 225 302 τοῦ
240 275 359 308 δέοντος,
377 275 415 307 ὡς
430 274 468 310 μὴ
488 273 558 310 πρὸς
572 274 695 301 τοιοῦτον
708 273 811 300 Δεσπό·

55 331 91 356 την
99 322 198 357 δραμεῖν
211 321 366 355 κραιπνοῖς,
381 320 394 346 δ
405 319 526 354 λέγεται.
540 320 598 350 τοῖς
614 319 746 352 ποσὶ,κᾶν
758 327 809 354 μυ-

55 369 109 404 ρίαις
130 366 228 402 κηλίσιν
250 367 395 401 ἁμαρτιῶν
413 365 615 398 καταστίζοιτο,
630 364 683 391 κᾶν
700 364 810 396 πολλοῖς

54 413 166 443 ταλάντοις
179 411 320 447 ἁμαρτιῶν
332 411 496 446 βαρύνοιτο;
511 411 656 446 Θαρσεῖτε,
673 411 731 438 ὅσοι
746 410 809 437 κατ’

53 460 89 494 ἐμὲ
101 458 209 494 ῥᾴθυμον
224 457 297 493 ζωὴν
322 457 469 486 ἐδιώσατε,
489 457 580 484 Μόνον
598 457 636 492 μὴ
655 456 699 482 τὸν
711 456 810 492 ἀχάρι-

53 505 188 532 morso-31w
205 503 343 539 δραπέτην
360 502 542 538 ζηλώσωμεν,
566 503 595 534 ὃς
611 501 700 537 τυχὼν
714 501 810 529 τοσού-

52 560 86 577 του
105 552 189 586 χρέους
207 551 330 585 ἀφέσεως
347 551 376 577 ἐν
402 550 482 581 ίδίαις
497 549 647 585 ἀφραδίαις
664 549 714 585 τὴν
729 549 809 585 χάριν

51 597 173 624 ἀπώλεσεν.

860 226 977 254 litatem.
997 226 1030 253 Et
1049 225 1092 253 hic
1102 225 1195 254 itidem
1206 233 1301 254 servus
1309 226 1466 261 patientiam
1480 228 1559 256 modo
1573 236 1651 264 roga-

859 276 947 306 verat,
967 276 994 300 et
1007 273 1088 299 totius
1100 271 1182 299 debiti
1194 272 1383 300 remissionem
1413 273 1539 301 obtinuit.
1566 273 1650 303 Vides

858 317 1066 345 miserationum
1081 317 1192 352 pelagus
1207 317 1399 346 inexhaustum
1415 327 1422 345 :
1438 319 1499 354 quis
1524 324 1577 346 tam
1605 327 1651 347 se-

858 364 929 399 gnis,
944 368 970 392 et
985 363 1053 391 ultra
1069 371 1151 399 quam
1165 369 1290 400 oporteat
1309 365 1431 397 timidus,
1446 365 1491 401 qui
1512 366 1545 393 ad
1570 365 1651 394 talem

859 409 1005 438 Dominum
1024 410 1163 439 velocibus
1186 410 1254 446 (40),
1272 416 1302 439 ut
1319 411 1430 445 dicitur,
1457 412 1570 447 pedibus
1598 420 1653 441 non

859 460 994 489 aceurrat,
1016 456 1123 484 etiamsi
1138 458 1230 484 decem
1256 457 1374 485 millibus
1392 463 1565 492 peccatorum
1582 459 1654 486 notis
1674 459 1677 462 ”

863 502 981 535 inustus,
1002 507 1030 530 et
1041 502 1135 529 multis
1161 502 1242 530 etiam
1271 503 1404 530 scelerum
1430 503 1595 538 ponderibus
1619 505 1656 532 sit

861 548 1028 582 oppressus?
1046 547 1181 575 Confidite
1193 552 1327 582 quotquot
1339 547 1419 575 sicuti
1447 552 1475 575 et
1499 555 1548 584 ego
1568 548 1656 576 disso-

859 594 943 622 lutam
963 595 1047 622 vitam
1066 595 1171 630 egistis.
1190 594 1270 622 Modo
1286 594 1422 630 ingratum
1441 595 1515 623 hunc
1543 603 1652 623 servum

51 650 76 670 ne
100 643 229 676 innituntur,
248 643 294 677 qui
330 647 384 669 tam
408 642 519 678 grandis
545 642 666 678 pecuniae
695 641 792 670 debita:
811 641 970 669 remissione
1003 646 1123 676 accepta,
1140 642 1174 668 ob
1209 645 1344 669 suammet
1375 641 1519 668 stultitiam
1538 642 1655 676 gratiam

63 688 150 715 erdidit.

63 697 150 715 erututt.

51 697 62 723 Ρ
78 734 215 767 (Ἑξελθὼν
237 736 251 761 ό
265 734 359 767 δοῦλος
374 736 478 767 ἐκεῖνος
509 732 590 770 εὗρεν
617 734 666 761 ἕνα
681 734 735 760 τῶν
749 741 812 759 συν-

50 781 126 808 δούλων
146 780 233 813 αὑτοῦ,
264 780 293 812 ὃς
309 780 426 815 ὤφειλεν
446 781 522 816 αὑτῷ
549 781 649 808 ἑκατὸν
672 779 788 816 δηνάρια
801 786 810 794 ·

903 741 912 757 ι
941 732 1073 767 Egressus
1097 737 1185 760 autem
1208 740 1303 760 servus
1324 733 1367 760 ille
1392 733 1494 761 invenit
1513 741 1596 762 unum
1620 735 1655 763 de

862 779 1001 806 conservis
1018 779 1074 806 suis
1084 799 1091 811 ,
1106 780 1151 814 qui
1168 779 1283 818 debebat
1296 779 1321 806 ei
1336 783 1445 807 centum
1460 780 1587 808 denarios
1602 789 1609 807 :
1625 785 1655 808 et

50 830 83 853 καὶ
98 827 224 862 κρατήσας
241 826 324 854 αὐτόν
345 826 442 861 ἐπνιγε
458 827 562 861 λέγων·
588 826 700 858 Ἀπόδος
713 835 760 861 μοι
785 826 807 852 εί

902 830 957 851 iens
976 823 1125 851 sulfocabat
1141 832 1201 852 eum
1219 825 1323 857 dicens,
1339 824 1432 853 Redde
1447 826 1624 860 quod‘debes.
1641 835 1652 853 ι

48 882 67 899 τι
77 873 183 907 ὀφείλεις.
201 881 210 898 ›
228 873 294 899 Δέον
309 873 466 908 παρασχεῖν
481 872 521 907 τῷ
532 871 671 907 ὁμοδούλῳ
689 870 806 907 μερικῆς

49 921 142 955 χάριτος,
153 918 184 955 ἧς
195 920 300 951 ἐκεῖνος
311 920 351 952 είς
367 919 449 955 κόρον
461 919 615 955 ἀπήλαυσε.
629 919 689 946 δέον
706 918 808 953 εὐγνώ-

49 974 100 1000 μονα
115 965 231 1000 γενέσθαι
246 965 315 1000 πρὸς
331 965 378 992 τδν
400 965 555 1000 ὁμόδουλον,
571 965 588 1000 ἢ
612 965 747 999 όμότυχον
762 971 770 978 ·
793 964 808 990 ὁ

48 1011 76 1042 δὲ,
92 1011 150 1037 κατὰ
160 1010 357 1045 τὸλεγόμενον,
373 1011 422 1046 ἅμ’
437 1010 563 1045 ὴλέηται,
579 1010 626 1036 καὶ
639 1009 772 1045 τέθνηκεν
788 1009 805 1044 ἡ

48 1058 108 1092 χάρις
118 1065 125 1072 ι
137 1058 192 1084 κατ’
206 1057 293 1093 αὐτὴν
308 1057 363 1093 γὰρ
380 1058 430 1092 τὴν
443 1056 519 1093 ὥραν
534 1058 547 1083 ό
564 1057 683 1088 δείλαιος
694 1056 740 1083 τὸν
760 1056 808 1083 αὐ-

47 1100 162 1137 τὲνῆγχεν
187 1102 333 1137 ὑπόχρεων
358 1102 488 1136 οὐδεμίαν
501 1102 594 1129 ἄνεσιν
607 1101 806 1137 παρεχόμενος,

47 1146 115 1173 καίτοι
128 1147 170 1173 καὶ
190 1147 203 1173 ό
220 1147 366 1179 σύνδουλος
378 1149 435 1178 τοῖς
449 1147 540 1178 αὐτοῖς
553 1147 691 1182 ἐχρήσατο
705 1147 805 1181 λόγοις,

48 1190 76 1223 οἷς
89 1193 157 1224 αὐτὸς
170 1193 236 1228 πρὸς
259 1193 308 1219 τὸν
325 1193 438 1228 βασιλέα
466 1193 619 1228 ἐχρήσατο·
633 1193 690 1220 ἀλλ’
711 1193 741 1219 οὺ
757 1193 806 1229 τῆς

48 1238 92 1273 ἴσης
110 1237 197 1273 ἐκείνῳ
223 1237 359 1273 τετύχηκε
377 1237 502 1273 χάριτος,
529 1238 624 1273 ἐπειδὴ
641 1237 691 1273 οὺχ
705 1237 807 1273 ὁμοίων

47 1283 167 1318 ἀμφότεροι
181 1283 341 1311 δανειστῶν.
357 1283 456 1315 Καλῶς
474 1284 503 1311 δὲ
516 1283 530 1310 ό
547 1284 628 1318 λόγος
653 1284 806 1320 προσέθηκε

47 1328 115 1355 καὶτὸ
127 1328 264 1363 Ἐξελϐὼν,
277 1330 431 1365 ἐμφαίνων,
443 1330 481 1361 ὡς
501 1330 614 1366 ἐξῆλθεν
629 1329 683 1356 ἀπὸ
699 1330 805 1357 δικαίου

47 1372 82 1397 aui
98 1373 249 1408 πρέποντος.

74 1472 81 1488 ι
97 1463 195 1495 ’ἰδόντες
205 1464 232 1490 δέ
246 1464 274 1491 ot
289 1464 429 1491 σύνδουλοι
442 1463 525 1492 αὑτοῦ
541 1465 576 1492 τὰ
591 1465 726 1500 γενόμενα
743 1464 805 1492 ἐλυ-

860 869 979 905 Equum
992 870 1092 904 fuerat,
1104 875 1132 899 ut
1144 878 1203 898 eam
1217 878 1348 899 conservo
1361 872 1476 907 gratiam
1491 873 1653 908 impertiret,

858 923 939 951 quam
954 916 1011 951 ipse
1027 916 1133 944 abunde
1147 921 1321 952 perceperat;
1339 925 1445 952 aequum
1463 922 1491 945 ut
1507 918 1653 954 benignum

858 969 888 989 se
902 963 965 997 erga
980 970 1040 989 eum
1057 963 1198 997 praeberet,
1214 963 1259 997 qui
1276 963 1302 990 in
1317 964 1410 991 eadem
1431 968 1503 992 esset
1522 964 1654 992 servitute

859 1013 938 1042 atque
951 1007 1073 1041 fortuna;
1090 1012 1210 1036 attamen
1224 1008 1305 1035 simul
1321 1016 1353 1036 ac
1366 1009 1580 1038 misericordiam
1594 1010 1653 1046 (Η)

858 1057 1023 1080 consecutus
1038 1058 1090 1086 est,
1107 1052 1188 1086 periit
1206 1052 1244 1080 illi
1260 1053 1359 1088 gratia,
1377 1057 1406 1080 ut
1422 1054 1537 1091 dicitur;
1555 1056 1652 1083 eadem

862 1100 936 1126 enim
951 1100 1017 1127 hora
1035 1099 1128 1127 infelix
1144 1099 1187 1127 ille
1201 1099 1348 1128 debitorem
1363 1101 1481 1135 angebat
1494 1109 1571 1129 suum
1585 1103 1654 1131 nihil

859 1145 970 1172 omnino
984 1145 1124 1173 remittens
1140 1154 1147 1172 :
1165 1150 1192 1173 et
1204 1145 1326 1180 profecto
1340 1146 1432 1173 eadem
1448 1147 1569 1174 oratione
1581 1150 1653 1183 apud

859 1188 934 1216 illum
952 1196 1100 1217 conservus
1114 1197 1179 1217 usus
1194 1194 1245 1222 est,
1261 1197 1313 1224 qua
1332 1191 1377 1218 ille
1393 1192 1463 1226 apud
1487 1199 1589 1228 regem,
1604 1194 1652 1222 sed

858 1241 914 1262 non
938 1235 1061 1261 eamdem
1085 1239 1193 1268 tamen,
1220 1239 1301 1270 atque
1328 1234 1372 1262 ille
1396 1236 1510 1270 gratiam
1535 1241 1650 1271 nactus;

859 1280 1077 1314 quandoquidem
1092 1287 1144 1308 non
1159 1280 1262 1308 similes
1276 1280 1356 1308 ambo
1370 1281 1458 1309 sortiti
1471 1280 1580 1310 fuerant
1592 1290 1653 1310 cre-

859 1325 971 1353 ditores.
990 1325 1024 1353 Et
1044 1330 1119 1354 recte
1139 1333 1204 1354 sane
1226 1333 1316 1355 sermo
1334 1326 1506 1362 evangelieus
1526 1329 1654 1362 apposuit

858 1371 933 1404 illud,
947 1371 1090 1407 Egressus,
1102 1377 1132 1399 ut
1143 1372 1270 1399 nimirum
1284 1372 1439 1400 ostenderet
1461 1379 1523 1403 eum
1538 1374 1652 1409 justitia:

857 1420 884 1444 et
899 1417 1034 1451 :equitatis
1049 1417 1116 1445 lines
1130 1425 1280 1453 egressum.

897 1470 906 1487 ι
926 1461 1055 1491 Videntes
1068 1467 1158 1490 autem
1174 1463 1245 1490 servi
1261 1463 1329 1498 ejus,
1345 1470 1405 1498 qum
1421 1464 1531 1498 flebant,
1547 1466 1652 1494 contri-

48 1508 156 1542 πήδησαν,
166 1510 212 1536 καὶ
228 1509 354 1541 ἐλθόντες
369 1510 541 1546 διεσάφησαν
557 1510 596 1546 τῷ
610 1510 698 1546 κυρίῳ
717 1510 807 1538 αὐτῶν

903 1504 921 1531 ti
934 1508 997 1532 sunt
1007 1505 1098 1539 valde;
1112 1510 1139 1533 et
1151 1511 1292 1539 venerunt,
1306 1512 1332 1534 et
1345 1513 1525 1537 narraverunt
1538 1509 1653 1538 Domino

46 1556 70 1578 τὰ
80 1555 209 1589 γενόμενα.
231 1564 242 1581 ι
262 1555 454 1582 Μυσάττονται
467 1555 564 1583 τοῦτον
577 1557 628 1591 τῆς
642 1555 807 1591 ἀγριότητος

47 1599 63 1624 at
80 1599 241 1635 μισοπόνηροι
283 1600 431 1627 σύνδουλοι.
461 1601 608 1635 ’Δγγέλους
636 1600 664 1627 δὲ
696 1601 808 1633 τούτους

48 1646 153 1680 πμσήκει
163 1647 232 1673 νοεῖν
247 1645 409 1678 συνδούλους
420 1646 492 1673 κατὰ
505 1646 551 1673 τὸν
562 1647 612 1682 τῆς
627 1646 808 1682 δημιουργίας

47 1688 293 1726 λόγονύπάρχοντας,
306 1692 354 1718 καὶ
370 1691 425 1718 τῶν
437 1691 562 1727 πράξεων
578 1692 658 1728 ὴμῶν
674 1685 807 1728 τηρητᾶς.

49 1735 128 1770 Ὠσπερ
139 1737 166 1763 δέ
179 1737 251 1773 χαρὰ
267 1737 372 1771 γίνεται
388 1739 417 1764 ἐν
429 1738 467 1773 τῷ
477 1738 584 1773 οὐρανῷ
602 1738 647 1764 ἐπὶ
664 1738 703 1765 ἐνὶ
717 1739 810 1774 ἁμαρ·

48 1781 105 1816 cum;
127 1782 314 1817 μετανοοῦντι,
334 1782 423 1814 οὕτως
440 1783 472 1810 ἐκ
501 1783 549 1810 τοῦ
576 1782 700 1810 ἐναντίου
716 1783 810 1809 λυπεῖ-

49 1826 93 1853 nisi
107 1827 209 1861 λέγεται
223 1828 332 1863 σφόδρα
347 1827 381 1855 τὰ
400 1827 584 1863 καθαρώτατα
602 1828 746 1863 πνεύματα
765 1828 809 1863 ἐφ’

48 1872 96 1906 ἡμῖν
108 1873 304 1909 ἁμαρτάνουσι.
322 1873 379 1901 Καὶ
391 1873 423 1910 δὴ
445 1874 492 1901 καὶ
511 1873 550 1909 τῷ
567 1874 684 1909 δεσπότῃ
700 1874 749 1909 τὴν
762 1873 808 1901 τοῦ

49 1919 176 1953 σμνήμσνος
186 1920 321 1955 ὠμότητα
332 1919 533 1955 μεμηνύκασιν,
544 1919 592 1954 οὺχ
607 1920 644 1951 ὡς
655 1919 809 1953 ἀγνοοῦντι,

48 1962 98 1987 ἀλλὰ
109 1963 208 1991 δικαίαν
228 1963 452 1999 ἐπιδεικνύμενοι
465 1964 653 1999 ἀγανάκτησιν
670 1964 743 1990 κατὰ
761 1963 809 1991 τοῦ

50 2008 76 2041 μή
86 2011 245 2044 τηρήσαντος
265 2010 332 2045 πρὸς
345 2010 392 2036 τὸν
401 2010 540 2045 ὁμόφυλον
551 2011 582 2036 τὸ
597 2009 771 2045 φιλάλληλον.

75 2140 156 2167 (Τότε
181 2141 443 2178 προσκαλεσάμενος
462 2142 545 2169 αὑτὸν
570 2143 584 2169 ὁ
607 2142 701 2178 κύριος
727 2142 810 2169 αὐτοῦ

861 1557 911 1578 suo
930 1551 1037 1583 omnia,
1052 1559 1112 1586 quae
1131 1551 1203 1579 facta
1223 1552 1339 1581 fuerant.
1359 1562 1369 1578 ι
1389 1553 1558 1582 Aversantur
1580 1555 1653 1583 hunc

860 1600 971 1631 propter
1006 1604 1113 1625 morum
1149 1597 1322 1626 acerbitatem
1359 1600 1482 1628 conservi
1519 1601 1651 1629 malorum

862 1648 966 1670 osores.
979 1642 1008 1669 in
1024 1642 1069 1670 bis
1082 1650 1147 1670 vero
1162 1643 1271 1678 angelos
1296 1651 1344 1679 par
1366 1649 1408 1672 est
1430 1645 1591 1680 intelligere,
1604 1646 1651 1682 qui

862 1687 967 1715 ratione
978 1688 1129 1715 creationis
1143 1689 1267 1716 conservi
1283 1694 1357 1723 sunt,
1372 1695 1400 1718 et
1415 1689 1485 1718 facta
1503 1692 1652 1719 observant

861 1737 953 1761 nostra
967 1742 974 1760 :
993 1741 1025 1761 ac
1038 1733 1119 1761 sicuti
1139 1743 1148 1760 ι
1167 1735 1293 1769 gaudium
1310 1740 1351 1762 est
1376 1734 1403 1762 in
1420 1736 1490 1763 (uelo
1505 1743 1586 1771 super
1599 1743 1654 1764 uno

861 1783 1004 1814 peccatore
1018 1780 1206 1814 paenitentiam
1222 1786 1319 1816 agente
1330 1781 1363 1814 “,
1380 1791 1390 1808 ι
1409 1783 1445 1809 ita
1461 1782 1542 1810 etiam
1555 1788 1652 1811 contra

863 1825 1038 1859 peccantibus
1060 1826 1155 1859 nobis,
1179 1826 1260 1854 iidem
1286 1827 1425 1861 purissimi
1447 1827 1559 1862 spiritus
1581 1828 1653 1857 allici

861 1876 980 1897 mterore
1003 1871 1140 1899 dicuntur.
1158 1871 1229 1905 Quin
1251 1872 1331 1900 etiam
1357 1873 1491 1902 diritatem
1515 1874 1575 1910 ejus
1599 1875 1652 1911 12

861 1915 965 1950 accepti
984 1916 1108 1944 beneﬁcii
1128 1917 1296 1946 immemoris
1314 1918 1426 1946 domino
1451 1921 1651 1954 renuntiarunt,

862 1968 915 1988 non
935 1961 1006 1995 quod
1031 1961 1076 1988 ille
1099 1963 1208 1991 nescius
1232 1963 1291 1998 ejus
1315 1969 1402 1996 esset,
1419 1965 1466 1992 sed
1488 1966 1526 1993 uti
1549 1965 1652 2001 justam

863 2006 1075 2042 indignationem
1092 2013 1249 2043 conceptam
1264 2009 1395 2037 adversus
1409 2017 1470 2038 eum
1488 2011 1653 2044 indicarent,

864 2053 909 2087 qui
928 2053 1013 2080 mutui
1032 2054 1133 2082 amoris
1151 2054 1235 2089 legem
1254 2061 1316 2090 erga
1335 2055 1490 2089 popularem
1506 2063 1583 2083 suum
1599 2064 1653 2084 non

863 2098 1044 2126 observasset.

907 2153 916 2170 ι
938 2144 1014 2172 Tune
1032 2146 1136 2173 vocavit
1153 2146 1226 2173 illum
1244 2145 1370 2174 dominus
1387 2154 1464 2181 suus,
1489 2151 1516 2175 et
1532 2147 1569 2174 ait
1587 2147 1624 2174 illi
1644 2157 1651 2176 :

48 2183 102 2219 λέγει
115 2187 192 2221 αὺτῷ-
202 2187 288 2214 Δοῦλε
299 2187 410 2223 πονηρὲ,
423 2189 514 2215 πᾶσαν
526 2188 576 2223 τὴν
584 2188 696 2224 ὀφειλὴν
706 2188 807 2223 ἐκείνηι

905 2198 951 2218 rve
970 2198 1096 2225 nequam,
1114 2197 1193 2218 omne
1207 2190 1325 2218 debitum
1347 2190 1436 2219 dimisi
1457 2191 1513 2224 tibi,
1527 2191 1653 2227 quoniam

49 2231 122 2266 ἀφῆκά
147 2241 197 2266 σοι,
225 2234 289 2260 ἐπεὶ
313 2234 502 2270 παρεκάλεσάς
518 2243 552 2270 με
564 2242 570 2249 ·
586 2234 636 2261 οὐκ
652 2234 706 2261 ἔδει
719 2236 767 2262 καὶ
783 2235 813 2262 σὲ

49 2275 137 2310 ἐλεῆσαι
157 2277 201 2304 τὸν
220 2278 366 2305 σύνδουλόν
393 2286 441 2305 σου
455 2278 493 2310 ὡς
511 2279 588 2313 κάγώ
611 2288 641 2306 σε
656 2279 776 2315 ἡλέησα;
801 2289 810 2306 ι

48 2320 127 2348 Σιόπει
142 2332 186 2357 μοι
201 2323 320 2350 ἐνταῦθα
335 2323 382 2350 τοῦ
401 2324 533 2364 βασιλέιος
550 2324 756 2361 φιλανθρωπίας
774 2325 814 2352 δι-

49 2368 172 2403 κιιοσύνην
191 2369 351 2404 ἰσόρροπον.
365 2370 421 2397 Καὶ
439 2369 543 2404 ταύτην
558 2370 609 2397 οὐκ
633 2371 738 2406 ἀκριτὶ,
754 2371 812 2398 ἀλλ’

49 2413 139 2446 ἀγαγὼν
164 2415 211 2441 ἐπὶ
239 2415 363 2450 βήματος
389 2415 435 2442 τὸν
454 2416 615 2450 μαστιγίαν,
641 2418 689 2443 καὶ
715 2416 811 2444 τοῦτον

49 2458 149 2493 ἐλέγξας,
161 2462 208 2488 καὶ
222 2461 428 2496 ἀναπολόγητον
447 2461 583 2497 δεδειχὼς,
597 2463 643 2488 καὶ
657 2462 811 2495 δικαιωθεὶς

49 2504 127 2536 ἐντοῖς
147 2506 236 2541 λόγοις
254 2507 350 2539 αὐτοῦ,
367 2507 415 2532 καὶ
426 2507 542 2541 νικήσας
558 2507 588 2533 ἐν
597 2507 636 2542 τῷ
658 2508 811 2542 κρίνεσθαι,

48 2547 141 2585 ᾖςησιν
158 2554 172 2578 ό
199 2552 292 2585 Δασὶδ,
309 2552 437 2587 ἐπιφέρει
466 2552 514 2588 τὴν
537 2552 647 2578 δικαίαν
661 2552 811 2587 ἀπόφασιν.

75 2617 93 2632 ’³
103 2616 161 2645 Luc.
175 2625 219 2650 xv,
233 2618 277 2646 10.
316 2619 340 2634 ¹⁶
350 2619 422 2647 Psal.
435 2627 462 2652 L,
474 2619 502 2649 9.

864 2237 964 2272 rogasti
989 2244 1032 2264 me
1054 2245 1061 2263 :
1087 2243 1177 2264 nonne
1201 2243 1264 2272 ergo
1286 2237 1404 2272 oportuit
1427 2242 1454 2265 et
1476 2242 1501 2265 te
1531 2237 1653 2265 misereri

865 2282 987 2309 conservi
1004 2281 1054 2314 tui,
1071 2286 1100 2308 ut
1113 2289 1162 2317 ego
1179 2281 1215 2308 tui
1233 2281 1362 2309 misertus
1378 2282 1457 2309 sum?
1474 2292 1483 2308 ι
1505 2282 1654 2310 Considera

863 2327 908 2355 hic
935 2327 1001 2354 milii
1030 2327 1102 2362 regis
1129 2326 1261 2362 justitiam
1292 2333 1324 2354 ex
1356 2335 1433 2362 aquo
1461 2327 1654 2355 misericordia:

865 2374 1068 2408 respondentem
1086 2377 1167 2408 atque
1189 2373 1326 2401 libratam.
1350 2372 1425 2400 Hanc
1441 2374 1508 2401 adeo
1525 2381 1577 2401 non
1594 2373 1654 2401 sine

863 2418 967 2454 judicio
981 2423 1099 2451 exercet,
1116 2419 1162 2445 sed
1177 2418 1353 2446 verberonem
1372 2418 1447 2445 illum
1465 2418 1491 2445 in
1505 2420 1549 2453 jus
1564 2423 1652 2452 vocat,

866 2470 894 2492 et
913 2465 1000 2499 ipsum
1024 2465 1122 2499 arguit,
1138 2468 1165 2492 et
1184 2465 1284 2492 nullum
1305 2464 1415 2492 obtendi
1439 2472 1518 2498 posse
1539 2472 1653 2492 excusa-

868 2512 966 2538 ti0nem
982 2511 1117 2544 ostendit;
1136 2515 1162 2538 et
1176 2511 1341 2546 justilicatus
1357 2510 1383 2538 in
1399 2511 1569 2539 sermonibus
1585 2512 1652 2545 suis,

867 2561 894 2583 et
907 2557 1018 2584 vincens
1031 2557 1057 2583 in
1070 2555 1225 2590 iudicando,
1239 2561 1267 2582 ut
1282 2556 1401 2591 loquitur
1412 2555 1538 2590 David",
1551 2556 1651 2592 justam

642 2667 800 2698 Francisei
818 2669 924 2699 Scorsi
944 2673 1036 2700 notua.

50 2758 54 2762 _
76 2724 122 2759 (ω)
141 2725 401 2766 νςίοσὶόιιεηᾼιιυάἰι
415 2730 446 2766 ad
467 2729 530 2756 illud
545 2728 728 2763 Homericum,
742 2731 812 2766 quod

50 2766 69 2784 In
83 2762 244 2794 proverbium
268 2764 373 2801 videtur
386 2765 495 2796 abiisse,
510 2767 666 2799 κραιπνοῖσι
689 2762 809 2792 πόδεσσι.

50 2792 145 2832 Iliad].
162 2797 292 2832 Πηλείδης
307 2798 477 2832 δ’.ἐπόρουσε
501 2800 564 2825 ποσὶ
588 2803 743 2832 κραιπνοῖσι
762 2809 811 2827 πε-

51 2805 106 2820 mau.
121 2805 145 2830 χ.
163 2805 292 2832 ιιηλειοης
307 2805 477 2832 ο·.επορουσε
501 2805 564 2825 ποσι
588 2805 743 2835 κραιπνοῖσι
762 2809 794 2827 πε

51 2829 141 2863 ποιῧώς,
155 2837 181 2859 et
196 2833 260 2858 alibi
277 2833 345 2859 ιιοσὶ
359 2835 517 2868 κραιπνοῖσι
531 2835 686 2868 μετασπών.

184 2879 321 2911 Parum.
345 2881 405 2912 Gtt.
431 2881 575 2913 CXXXII.

903 2733 958 2768 (41)
978 2733 1199 2768 misericordiam.

903 2766 968 2803 Ἀρ]
983 2767 1108 2802 ἡλέηται,
1118 2767 1177 2802 ἅμα
1192 2766 1323 2802 τέθνηκεν
1337 2767 1354 2801 ἡ
1369 2766 1459 2802 χάρις.

865 2801 1113 2836 δειισῆυειίηίεςει·
1128 2801 1161 2830 ex
1176 2807 1267 2829 vetere
1292 2807 1381 2836 poeta,
1396 2809 1451 2836 quo
1467 2809 1542 2837 quasi
1559 2801 1658 2837 adagio

868 2838 951 2864 utitur
976 2840 1080 2872 auctor,
1105 2844 1165 2866 cum
1190 2837 1336 2873 praemittat
1352 2838 1424 2864 κατὰ
1443 2838 1474 2863 τὸ
1494 2837 1657 2872 λεγόμενον.

1439 2883 1456 2914 6
