1850 3054
166 145 218 178 175

770 141 1015 173 THEOPHANIS
1036 142 1081 172 CE
1089 141 1209 171 RAMEI

1749 139 1807 171 176

167 201 375 235 abditarumque
387 197 539 227 doctrinam
553 197 728 233 inspiciamus
742 202 856 230 attente,
870 198 895 225 di

1087 196 1134 224 τοῦ
1158 194 1300 231 βασιλικοῦ
1319 195 1462 232 σκήπτρου
1487 196 1645 231 ποιούμενοι
1659 197 1710 228 τὰς
1726 197 1811 231 εὐαγλ

165 251 262 281 cteque
287 244 474 279 explicemus,
498 250 613 278 eamque
640 243 723 279 regali
749 249 857 279 sceptro
881 245 959 280 quasi

166 293 324 319 comitatum
346 297 526 325 pompamque
549 291 756 325 praemittamus.
773 290 845 317 Dixit
867 291 959 318 homi-

166 344 217 364 nus
233 345 240 364 :
261 346 270 363 ι
288 335 373 363 Nemo
388 336 512 363 ascendit
528 335 553 360 in
569 335 680 367 ctelum,
693 335 743 362 nisi
758 335 804 370 qui
821 335 961 362 descendit

166 381 200 409 de
228 381 314 413 cmlo,
338 379 424 407 Filius
449 378 584 412 hominis,
606 378 653 413 qui
680 383 723 406 est
750 379 777 405 in
807 378 920 406 coelo“.
949 388 957 403 ι

166 427 306 462 Principio
323 425 521 461 exquirendum
539 429 591 456 est,
608 424 671 459 quid
690 423 842 456 Dominum,
859 430 887 450 nt
905 424 961 451 hac

168 474 338 510 loqueretur,
367 472 526 499 adduxerit.
553 472 675 499 Praesens
708 471 806 507 quippe
838 471 961 498 lectionis

165 520 329 554 evangelica:
345 527 450 547 summa
471 521 566 546 eorum
586 519 666 547 modo
685 518 885 549 commeminit,
902 524 962 550 quae

167 567 201 593 ad
217 566 330 601 hujusce
344 565 398 592 diei
416 565 554 600 pertinent
567 564 766 596 celebritatem,
780 563 961 598 praecedentia

166 618 232 638 vero
264 610 383 638 reticuit.
409 609 524 642 Quando
553 610 635 645 igitur
662 610 696 636 ad
727 608 869 635 Dominum
898 609 964 635 adiit

167 662 317 686 nocturnus
336 657 381 685 ille
401 657 549 692 discipulus
566 656 752 692 (Nicodemum
773 656 847 683 illum
864 655 962 683 Phari-

167 712 253 732 sazum
275 703 355 738 plane
369 704 521 739 intelligis),
536 703 740 739 generationem
762 709 821 737 quae
842 703 875 730 de
894 701 963 730 (σξιο

167 755 207 777 est
219 750 372 784 explicante
386 749 511 782 Domino,
523 749 568 777 ille
579 747 697 776 Jndaicu:
710 749 792 776 etiam
808 753 864 775 tum
880 748 963 776 hebe-

168 796 268 823 tudinis
290 797 426 831 particeps
447 797 474 824 in
498 802 651 824 maternum
674 800 779 823 uterum
799 796 963 830 cogitatione

172 842 346 876 trahebatur,
364 843 556 878 ('at'nalemqne
575 843 780 878 generationem
801 849 882 869 sensu
903 841 963 868 ani-

1014 243 1127 277 γελικὰς
1142 242 1328 277 ὲκφαντορίας
1356 243 1600 278 περιαθρήσωμεν.
1625 241 1709 270 Εἶπεν
1722 245 1736 270 6
1755 244 1814 270 Kti~

1015 295 1088 324 ριοςο
1110 298 1119 314 r
1139 288 1235 319 Οὐδεὶς
1251 288 1422 323 ἀναϐέϐηκεν
1437 291 1476 320 εἰς
1491 290 1536 316 τον
1552 290 1678 325 οὐρανὸν,
1702 291 1726 316 εί
1740 289 1781 324 μὴ
1800 290 1815 316 ὁ

1013 337 1046 362 ὲκ
1062 335 1110 362 τοῦ
1126 335 1242 371 οὐρανοῦ
1256 335 1381 368 καταϐὰς
1396 336 1410 362 6
1428 336 1491 366 Υἱὸς
1506 336 1553 362 τοῦ
1572 335 1731 371 ἀνθρώπου,
1742 338 1758 362 6
1775 336 1815 362 ὢν

1014 383 1044 408 ὲν
1055 382 1094 417 τῷ
1109 381 1228 417 οὐρανῷ.
1252 391 1261 407 ι
1281 381 1419 416 Προσήκει
1451 381 1589 413 ἐξετάζειν
1616 383 1766 417 πρότερον,
1789 381 1818 407 τί

1014 427 1045 454 τὸ
1063 428 1281 463 παρασκευάσαν
1297 427 1344 453 τὸν
1361 427 1463 462 Κύριον
1479 428 1566 454 ταῦτα
1582 430 1680 455 εἰπεῖν.
1706 428 1739 454 ἹΙ
1757 428 1817 462 γὰρ

1016 473 1143 507 παροῦσα
1178 473 1316 509 περικοπή
1346 473 1395 507 τῆς
1416 473 1598 509 εὐαγγελικῆς
1627 474 1818 507 ἀναγνώσεως

1018 519 1099 554 μόνον
1117 520 1320 555 ὲπιμνησθεῖσα
1333 521 1388 547 τῶν
1407 521 1605 547 συντεινόντων
1618 520 1686 555 πρὸς
1700 520 1748 546 τὸν
1765 520 1819 553 τῆς

1016 565 1127 601 ἡμέρας
1140 565 1253 598 σκοπὸν,
1269 567 1300 592 τὺ
1313 567 1450 600 προλαϐὸν
1466 566 1649 601 σεσιώπηκεν.
1673 565 1819 601 ὐπηνὶχα

1015 612 1105 639 τοίνυν
1121 613 1236 647 ἀφίκετο
1246 614 1313 648 πρὸς
1326 615 1372 640 τον
1384 613 1487 648 Κύριον
1503 614 1605 644 ἐκεῖνος
1620 615 1633 639 ὁ
1650 613 1819 647 νυκτερινὸς

1018 658 1141 694 μαθητὴς
1155 659 1244 694 (νοεῖς
1255 660 1282 685 δὲ
1299 660 1408 691 πάντως
1419 660 1463 686 τὴν
1475 660 1622 694 Φαρισαῖον
1640 658 1744 693 Νικόδη
1751 657 1818 692 μου)

1015 704 1063 730 τοῦ
1075 704 1200 739 Σωτῆρος
1214 706 1387 736 διδάσκοντος
1403 705 1452 740 τὴν
1467 705 1571 732 ἄνωθεν
1584 705 1725 739 γέννησιν,
1743 705 1821 730 ἐκεῖ·

1019 759 1076 783 νος,
1093 751 1134 777 ἐτι
1150 751 1300 786 Ἰουδαϊκῆς
1311 752 1433 786 μετέχων
1454 751 1621 786 παχύτητος,
1633 751 1702 786 πρὸς
1721 750 1772 776 τὸν
1790 750 1821 775 ὲν

1019 799 1110 832 μήτρᾳ
1130 797 1230 824 κόλπον
1250 799 1305 829 τοῖς
1332 797 1472 832 λογισμοῖς
1489 797 1656 832 κατεσύρξτο
1672 796 1822 830 σαρκικὴν

1017 843 1222 878 φανταζόμενος
1240 843 1380 879 γέννησιν.
1406 844 1451 879 Τῷ
1465 845 1520 879 γὰρ
1534 843 1628 879 ὑψηλῷ
1644 843 1691 870 τοῦ
1709 843 1824 877 δόγμα-

170 894 269 922 moque
297 887 426 922 tingebat.
456 888 523 916 Cum
554 888 650 923 itaque
678 895 739 916 eum
771 892 825 914 tam
853 887 900 914 suh

1093 890 1123 916 οὐ
1150 891 1221 916 πάνυ
1249 890 1413 926 πειθόμενον
1428 890 1490 917 ίδὼν
1503 891 1517 917 ὁ
1542 890 1637 925 Σωτήρ
1649 898 1656 904 ·
1675 899 1685 915 ι
1703 890 1821 921 Οὐδεὶς,

168 932 298 960 doctrina:
323 940 375 960 non
400 933 526 961 assentiri
552 933 682 961 Dominus
706 932 933 960 animadverteret
956 941 964 959 :

172 986 181 1003 ε
213 977 314 1010 Nemo,
339 977 444 1013 inquit,
472 979 594 1005 ascendit
625 978 652 1005 in
687 977 804 1009 ctelum,
833 978 884 1005 nisi
917 977 963 1011 qui

169 1024 309 1051 descendit
329 1024 364 1051 de
396 1024 476 1051 coelo.
497 1033 508 1050 ι
533 1023 648 1051 Perinde
670 1031 702 1051 ac
732 1024 754 1051 si
776 1024 878 1051 diceret
897 1031 905 1050 :
927 1022 967 1050 Tu

168 1070 290 1105 quidem,
305 1069 464 1103 Nicodemc,
474 1066 610 1098 caelestem
622 1071 692 1098 hanc
707 1078 759 1097 non
775 1070 849 1104 capis
866 1070 966 1097 instrn—

169 1116 301 1148 ctionem,
316 1123 346 1142 ac
362 1115 432 1145 forte
453 1116 573 1144 humano
590 1115 745 1155 testimonio
763 1115 883 1151 postulas
897 1116 966 1143 dicta

168 1160 324 1189 conﬁrmari
350 1170 357 1188 :
381 1162 428 1189 sed
456 1173 467 1188 ‹
490 1169 570 1190 nemo
590 1162 710 1190 ascendit
731 1162 756 1188 in
777 1161 884 1195 coelum,
905 1171 914 1188 ι
939 1167 967 1189 ut

169 1206 227 1234 lucc
239 1207 367 1240 disceret,
387 1216 396 1232 ι
418 1207 470 1234 nisi
484 1207 529 1242 qui
545 1207 683 1235 descendit
699 1210 731 1235 de
745 1207 824 1240 rosio,
843 1217 852 1234 ›
873 1208 919 1243 qui
935 1215 966 1235 ea

170 1259 229 1287 qua:
244 1253 280 1279 ibi
296 1259 375 1283 sunt,
404 1253 546 1288 perspicue
568 1260 600 1280 ac
616 1258 690 1281 certe
708 1254 855 1289 explanare
873 1254 963 1287 novit,

175 1307 184 1323 ι
203 1298 289 1326 Filius
302 1299 433 1330 hominis,
447 1299 493 1334 qni
507 1303 549 1327 est
563 1299 590 1327 in
605 1299 686 1327 ctu-lo.
705 1308 715 1325 ι

209 1346 244 1371 At
260 1345 376 1372 fortasse
392 1345 453 1379 quis
470 1345 568 1372 dixerit
582 1353 589 1372 :
606 1345 730 1373 Nondum
752 1352 814 1372 cum
828 1351 965 1380 assumpta

174 1395 271 1418 natura
287 1398 411 1417 reversus
424 1390 451 1417 in
465 1390 562 1418 cmlum
579 1390 666 1418 fuerat
676 1390 819 1424 Dominus,
829 1399 891 1419 cum
907 1391 965 1418 lucc

174 1435 290 1468 dicebat,
306 1442 390 1470 quare
412 1435 493 1463 etiam
515 1440 658 1470 pOSIquam
681 1436 778 1463 revixit
799 1443 814 1463 a
839 1438 964 1470 mortuis,

175 1480 294 1508 divinam
320 1479 506 1516 Magdalenam
535 1481 681 1515 prohibens
707 1488 721 1507 a
751 1481 793 1508 sui
819 1487 963 1515 contactu,

174 1535 290 1562 eamque
307 1527 436 1562 apostolis
454 1528 576 1555 nuntiam
594 1527 714 1562 allegans
731 1529 766 1555 ita
782 1528 842 1556 ait:
861 1537 871 1554 ‹
891 1529 963 1556 Νου-

172 1572 236 1600 dum
258 1571 330 1598 enim
351 1571 459 1598 ascendi
474 1573 507 1598 ad
527 1571 633 1599 Patrem
649 1580 738 1599 meum
749 1573 800 1600 ³³.»
822 1572 964 1606 Quomodo

176 1618 256 1652 igitur
279 1617 323 1644 hic
345 1617 448 1644 nullum
469 1618 626 1645 ascendisse
649 1617 715 1645 dicit
734 1619 760 1646 in
783 1619 896 1652 omium,
913 1620 965 1647 nisi

173 1663 247 1689 illum
266 1662 363 1696 ipsum,
377 1661 423 1697 qui
440 1663 466 1689 in
484 1667 583 1689 terram
600 1669 615 1689 e
632 1663 700 1690 coelo
717 1664 846 1691 venerat?
864 1663 965 1699 Dogma

172 1708 294 1743 profecto
309 1708 353 1735 hic
367 1708 487 1735 insinuat
502 1707 645 1737 ineffabilis
661 1709 769 1737 unionis
783 1710 867 1737 divini
881 1709 965 1738 Verbi

172 1762 233 1781 cum
252 1759 344 1781 nostra
365 1759 473 1781 natura.
489 1753 558 1782 Cum
580 1755 651 1782 enim
670 1759 765 1783 essent
784 1755 845 1783 dua:
864 1760 967 1784 naturae

173 1801 200 1827 in
227 1808 307 1827 unam
334 1799 502 1836 hypustasim
526 1800 667 1827 inconfuse
693 1801 858 1836 conjunctae,
881 1802 966 1830 altera

173 1852 234 1878 qute
259 1843 372 1871 alterius
396 1848 460 1871 sunt
483 1843 670 1879 participavit,
687 1849 717 1871 ut
736 1844 787 1879 15
811 1850 966 1873 naturarum

173 1890 353 1924 proprietates
381 1889 438 1925 (ιι)
466 1891 500 1916 de
527 1897 579 1917 uno
608 1890 756 1925 eodemque
783 1892 966 1919 communiter

173 1934 225 1961 dici
246 1935 360 1968 possint.
375 1934 440 1961 Cum
463 1935 546 1969 igitur
568 1934 646 1962 audis
665 1934 690 1961 in
713 1935 810 1962 ctelnm
831 1937 965 1964 neminem

173 1979 336 2012 ascendisse,
351 1978 402 2006 nisi
417 1986 477 2006 eutn
492 1979 537 2014 qui
554 1979 586 2006 de
600 1979 672 2006 coelo
685 1979 873 2014 descenderat,
884 1979 965 2008 Verbi

173 2024 339 2051 divinilatem
362 2024 502 2059 intellige;
525 2024 585 2052 ideo
608 2026 679 2052 enim
699 2026 829 2054 continuo
848 2027 965 2061 addidit,

176 2079 184 2095 I
204 2071 249 2104 qui
278 2074 320 2097 est
349 2070 374 2097 in
398 2070 467 2097 cmlo
488 2078 496 2097 :
524 2079 533 2096 ι
557 2070 667 2097 stultum
688 2071 786 2105 quippe
810 2076 853 2099 est
874 2073 910 2100 ita
933 2075 966 2100 de

172 2123 254 2144 carne
270 2115 405 2151 cogitare,
419 2115 496 2150 quasi
511 2123 542 2142 ea
559 2116 584 2142 in
600 2116 671 2143 ctelo
684 2117 817 2144 exstiterit
832 2117 966 2151 simulque

172 2168 233 2188 eum
244 2161 391 2188 Nicodetno
399 2161 567 2193 disseruerit,
583 2169 646 2188 cum
660 2162 757 2189 trinam
770 2162 964 2191 dimensionem

173 2210 200 2234 et
214 2207 490 2241 circumscriptionem
506 2206 533 2233 in
548 2206 605 2234 loco
616 2207 775 2235 naturaliter
800 2207 909 2235 habeat.
930 2207 965 2234 At

175 2259 241 2278 vero
257 2251 307 2278 hoc
323 2253 355 2278 de
369 2251 509 2278 divinitate
524 2251 612 2278 omnis
623 2256 733 2286 experte
749 2252 892 2287 principii,
905 2260 965 2288 quae

175 2300 229 2322 tota
246 2301 288 2323 est
302 2296 327 2323 in
341 2296 466 2324 omnibus
478 2300 505 2323 et
518 2304 599 2331 super
611 2297 712 2331 omnia,
729 2299 838 2325 credere
851 2306 965 2326 consen-

175 2347 284 2369 taneum
307 2347 349 2369 est
372 2343 491 2369 maxime
513 2342 615 2377 pietati.
632 2342 702 2377 Ergo
724 2344 822 2371 dictum
844 2344 910 2371 illud
930 2345 963 2372 ad

175 2387 392 2423 unguentiferam
404 2387 587 2422 Magdalenam
599 2397 606 2415 :
618 2398 627 2415 ι
641 2388 763 2416 Nondum
773 2389 844 2417 enini
854 2391 963 2417 ascendi

174 2434 208 2460 ad
226 2433 331 2460 l’atrem
350 2441 457 2467 meum,
476 2443 485 2460 ι
504 2433 670 2469 corporalem
688 2435 810 2469 signabat
826 2435 963 2463 ascensio-

175 2487 248 2506 nem.
265 2479 396 2514 Deinceps
413 2487 476 2515 ergo
492 2480 615 2515 praedicit
629 2487 661 2507 ea
677 2487 737 2514 quae
751 2480 784 2508 ad
806 2480 961 2508 Passionem

175 2531 202 2551 et
226 2526 340 2552 Crucem
369 2531 493 2560 spectant
518 2534 524 2552 :
554 2534 564 2552 ι
591 2525 840 2558 Quemadmodum,
864 2526 966 2560 inquit,

175 2570 280 2606 Moyses
298 2572 425 2599 exultavit
447 2577 601 2607 serpentem
619 2573 645 2599 in
660 2573 779 2604 deserto,
795 2572 833 2599 ita
850 2572 964 2600 exaltari

174 2622 281 2652 Oportet
303 2617 400 2646 Filium
424 2619 552 2646 hominis.
571 2628 581 2645 ι
607 2619 712 2646 Norunt
735 2626 845 2650 omnes,
860 2619 964 2653 opinor,

211 2674 231 2690 ¹¹
243 2674 321 2702 Juan.
331 2682 374 2708 tu,
388 2675 431 2702 15.
470 2675 492 2691 ³³
502 2675 582 2703 Joan.
595 2683 641 2707 xx,
655 2675 699 2703 i7.

1020 934 1114 968 φησιν,
1131 934 1304 970 ἀναϐέϐηκεν
1318 936 1358 967 εἰς
1374 935 1420 961 τὸν
1435 935 1561 970 οὑρανὶν,
1584 936 1607 961 εί
1624 935 1661 970 μὴ
1676 937 1691 961 6
1712 936 1747 961 ἐκ
1770 935 1823 961 τοῦ

1019 980 1136 1015 οὐρανοῦ
1167 981 1302 1014 καταϐὰς,
1323 991 1332 1007 r
1348 981 1449 1007 ὡσανεὶ
1475 981 1580 1015 λέγων’
1596 981 1631 1007 Σὺ
1651 982 1713 1016 μὲν,
1731 981 1825 1008 Νικό-

1017 1024 1098 1060 δημε,
1122 1026 1249 1060 οὐρανίου
1279 1027 1477 1061 μυσταγωγίας
1499 1026 1688 1063 ἀπαράδεκτος
1717 1023 1757 1057 εἴ.
1774 1027 1826 1052 ἀν-

1018 1070 1156 1106 Θρωπίνην
1172 1072 1326 1106 μαρτυρίαν
1349 1072 1405 1098 τῶν
1431 1071 1588 1106 λεγομένων
1616 1072 1682 1102 ἴσως
1699 1070 1802 1106 ζητῶν
1815 1080 1822 1085 ·

1018 1116 1074 1143 ἀλλ’
1095 1125 1104 1142 α
1125 1117 1219 1148 Οὐδεὶς
1235 1117 1407 1153 ἀναϐέϐηκεν
1427 1118 1468 1149 είς
1495 1117 1542 1144 τὸν
1562 1117 1688 1154 οὐρανὸν,
1713 1126 1722 1142 ι
1742 1117 1824 1143 ὥστε

1016 1162 1104 1189 ταῦτα
1133 1162 1271 1198 μυηθῆναι
1299 1163 1390 1197 αὑτὸν,
1418 1172 1428 1189 ι
1448 1164 1471 1190 εἰ
1488 1164 1525 1199 μὴ
1551 1165 1564 1190 6
1579 1164 1610 1190 ἐκ
1625 1163 1672 1190 τοῦ
1693 1163 1823 1198 οὐρανοῦ

1017 1211 1179 1244 καταϐὰς,ι
1208 1210 1254 1237 καὶ
1279 1210 1452 1246 δογματὶζων
1480 1210 1586 1237 τάκετθι
1617 1209 1746 1246 τρανῶς,
1781 1219 1792 1235 ι
1810 1211 1824 1236 ὁ

1019 1256 1082 1289 Υἱὸς
1096 1256 1143 1283 τοῦ
1161 1256 1320 1291 ἀνθρώπου,
1335 1258 1347 1283 6
1362 1256 1400 1282 ὣν
1415 1257 1444 1283 ὲν
1460 1256 1498 1291 τῷ
1515 1255 1633 1292 οὐρανῷ.
1654 1265 1663 1281 ι

1055 1334 1152 1361 Καίτοι
1169 1334 1237 1370 φαίη
1257 1343 1299 1367 τις
1313 1335 1345 1361 ἄν
1355 1341 1362 1348 ·
1375 1333 1459 1361 Οὔπω
1476 1334 1542 1369 πρὸς
1552 1335 1684 1369 οὐρανοὺς
1700 1335 1825 1369 ἀναφοι-

1016 1381 1101 1416 τήσας
1115 1379 1150 1416 ἦν
1165 1381 1236 1416 μετὰ
1251 1380 1298 1407 τοῦ
1313 1381 1416 1416 προσλή
1424 1389 1529 1415 μματος
1544 1381 1589 1407 ὅτε
1609 1380 1697 1407 ταῦτα
1714 1381 1824 1415 ἐφθέγ-

1016 1435 1090 1460 γετο,
1121 1427 1189 1453 ὅπου
1215 1427 1262 1453 καὶ
1291 1427 1362 1460 μετὰ
1388 1428 1440 1461 τὴν
1466 1428 1498 1453 ἐκ
1526 1426 1631 1461 νεκρῶν
1660 1427 1822 1454 ἀναϐίωσιν

1016 1472 1156 1507 ἁπείργων
1171 1472 1362 1507 ἐπιθιγγάνειν
1378 1472 1453 1508 αὐτῷ
1479 1473 1529 1508 τὴν
1550 1472 1680 1507 θεοφόρον
1697 1473 1822 1506 Μαγδα-

1016 1518 1108 1552 ληνὴν,
1126 1519 1174 1545 καὶ
1189 1519 1308 1554 πέμπων
1320 1519 1406 1554 αὐτὴν
1430 1519 1488 1550 τοῖς
1510 1519 1669 1549 ἀποστόλοις
1691 1519 1821 1545 ἀπόστο-

978 1553 999 1583 c
1016 1563 1071 1596 λον,
1091 1563 1163 1590 οὕτω
1178 1564 1259 1598 φησίν
1271 1572 1278 1578 ·
1296 1573 1304 1590 t
1326 1553 1410 1590 Οὕτέω
1423 1564 1478 1598 γὰρ
1498 1564 1657 1598 ἀναϐέϐηκα
1681 1563 1753 1598 πρὸς
1768 1565 1820 1590 τὸν

1019 1609 1129 1644 Πατέρα
1142 1617 1219 1644 μου.)
1235 1609 1296 1642 Πῶς
1307 1609 1352 1636 οὖν
1367 1610 1483 1637 ἐνταῦθα
1496 1618 1573 1645 φησι,
1594 1609 1697 1644 μηδενὰ
1711 1610 1820 1636 ἀναϐε-

1017 1655 1130 1690 ϐηκέναι
1143 1655 1182 1686 εἰς
1200 1655 1245 1681 τὸν
1260 1656 1385 1690 οὐρανὸν,
1398 1657 1421 1681 εἰ
1440 1654 1477 1690 μὴ
1497 1656 1600 1681 ἐκεῖνον
1613 1656 1698 1681 αὐτὸν
1717 1655 1769 1681 τὸν
1786 1656 1818 1682 ὲν

1017 1701 1050 1735 τῇ
1062 1702 1096 1736 γῇ
1109 1700 1258 1736 οὐρανόθεν
1269 1701 1438 1737 φοιτήσαντα
1450 1710 1457 1735 ;
1472 1701 1567 1735 Δόγμα
1582 1700 1698 1727 ἐνταῦθα
1711 1701 1822 1735 ἐμφαί-

1017 1755 1058 1774 νει
1072 1748 1121 1782 τῆς
1132 1747 1255 1782 ἀρῤήτου
1271 1747 1338 1783 πρὸς
1350 1748 1425 1783 ἡμᾶς
1432 1747 1478 1774 τοῦ
1492 1747 1561 1774 Θεοῦ
1573 1747 1661 1780 Λόγου
1671 1747 1820 1780 ἑνώσεως,

1016 1796 1091 1826 ὅπως
1113 1795 1167 1822 τῶν
1189 1795 1236 1821 δύο
1251 1794 1360 1830 φύσεων
1377 1794 1507 1830 ἀφὺρτως
1521 1793 1673 1821 ἑνωϐεισῶν
1690 1795 1732 1825 είς
1747 1795 1820 1829 μίαν

1017 1840 1178 1872 ὑπόστασιν,
1195 1840 1300 1876 θατέρα
1314 1839 1431 1874 Θατέρας
1445 1839 1617 1874 μετείληφεν,
1634 1839 1671 1870 ὼς
1687 1839 1820 1866 κοινοὶ.οδ

1017 1886 1123 1920 γεϊσθαι
1133 1886 1167 1912 τὰ
1182 1885 1237 1912 τῶν
1251 1886 1360 1920 φύσεων
1377 1885 1520 1920 ἰδιώματα.
1535 1886 1619 1912 Ὅταν
1631 1882 1677 1911 οὖν
1693 1885 1819 1920 ἀκούῃςε

1019 1940 1029 1956 ί
1048 1931 1141 1961 Οὐδεὶς
1157 1930 1326 1966 ἀναϐέϐηκεν
1340 1931 1378 1962 είς
1390 1931 1437 1957 τὸν
1451 1930 1575 1965 οὐρανὸν,
1588 1931 1614 1956 εί
1631 1931 1668 1965 μὴ
1686 1931 1702 1956 6
1713 1930 1749 1956 ὲκ
1767 1931 1821 1957 τοῦ

1016 1976 1131 2012 οὐρανοῦ
1144 1976 1276 2008 καταϐὰς,
1296 1985 1306 2002 r
1327 1976 1376 2011 τὴν
1389 1976 1436 2003 τοῦ
1453 1977 1541 2010 Λόγου
1557 1976 1674 2011 θεότητα
1690 1976 1798 2011 νόησον
1811 1985 1818 1992 ·
1839 1967 1850 1971 ἢ

1016 2022 1060 2048 διὰ
1075 2022 1154 2049 τοῦτο
1168 2022 1223 2057 γὰρ
1241 2023 1366 2057 ἐπήγαγε
1381 2022 1454 2056 μάλα
1465 2021 1585 2057 γορτῶς,
1609 2031 1618 2047 ‹
1636 2022 1649 2048 6
1663 2020 1704 2048 ὢν
1726 2022 1759 2047 ὲν
1778 2022 1822 2057 τῷ

1016 2068 1125 2103 οὖρανῷ
1136 2077 1142 2083 ·
1163 2077 1172 2094 ι
1191 2067 1290 2103 εὖηθες
1303 2068 1358 2103 γὰρ
1373 2069 1501 2103 περὶτῆς
1518 2068 1618 2103 σαρκὸς
1636 2067 1701 2102 τῇδε
1727 2070 1820 2101 νοεῖν,

1016 2115 1053 2145 ὡς
1083 2115 1111 2140 ἐν
1126 2114 1233 2148 οὐρανῷ
1248 2122 1278 2140 τε
1291 2111 1336 2148 ἦν,
1351 2114 1399 2140 καὶ
1423 2112 1462 2148 τῷ
1476 2113 1625 2148 Νικοδήμῳ
1643 2112 1820 2147 ἐφθέγγετο,

1016 2160 1098 2194 τριχῆ
1110 2159 1233 2193 φυσικῶς
1249 2158 1365 2193 ἐχούσης
1379 2158 1532 2189 διάστασιν,
1551 2157 1598 2184 καὶ
1614 2157 1663 2192 τὴν
1678 2157 1709 2183 ὲν
1734 2158 1821 2192 τόπῳ

1018 2205 1206 2239 περιγραφήν.
1235 2204 1272 2230 Τὸ
1294 2204 1323 2230 δὲ
1347 2203 1418 2238 ὑπὲρ
1431 2203 1480 2237 τῆς
1496 2203 1667 2238 ὑπεραρχίου
1681 2202 1821 2241 θεότητος

1016 2250 1066 2285 τῆς
1094 2250 1192 2282 ὀλικῶς
1218 2249 1302 2285 οὔσης
1329 2250 1357 2276 ἐν
1381 2249 1420 2285 τῷ
1449 2249 1530 2275 παντὶ
1547 2249 1595 2275 καὶ
1610 2248 1678 2284 ὑπὲρ
1695 2249 1727 2275 τὸ
1744 2251 1820 2282 πᾶν,

1013 2296 1099 2327 οὕτως
1113 2295 1184 2330 ἔχειν
1201 2294 1341 2322 πιστεύειν
1357 2295 1499 2330 ἀραρότως
1513 2293 1650 2325 θεοσεϐἑς.
1662 2294 1700 2319 Τὸ
1716 2294 1820 2328 μέντοι

1014 2342 1083 2377 πρὸς
1094 2342 1142 2376 τὴν
1159 2340 1314 2376 μειροφόρον
1331 2340 1415 2375 ῥηθέν
1425 2348 1432 2354 ·
1449 2349 1458 2365 ι
1477 2338 1562 2366 Οὔπω
1576 2338 1630 2373 γὰρ
1644 2339 1819 2373 ἀναϐέϐηκα

1014 2387 1081 2422 πρὸς
1094 2386 1140 2413 τὸν
1154 2386 1263 2420 Πατέρα
1276 2394 1338 2420 μου,
1357 2394 1367 2411 ι
1385 2384 1435 2419 τὴν
1452 2384 1615 2419 σωματικὴν
1630 2383 1734 2418 ἐδήλου,
1744 2385 1818 2411 ἀνά-

1014 2433 1104 2459 ϐισιν.
1140 2431 1253 2466 Ὲφεξῆς
1278 2429 1325 2457 οὖν
1349 2430 1477 2465 προλέγει
1491 2430 1526 2456 τὰ
1546 2429 1611 2464 περὶ
1630 2428 1676 2455 τοῦ
1705 2429 1817 2460 πάθους

1014 2479 1061 2505 καὶ
1075 2477 1120 2504 τοῦ
1136 2475 1265 2512 σταυροῦ.
1294 2485 1303 2502 ι
1325 2476 1443 2510 Ὥσπερ,
1468 2476 1546 2510 φησὶ,
1577 2474 1701 2509 Μωῡσῆς
1717 2474 1817 2509 ὕψωσε

1014 2525 1059 2552 τον
1075 2525 1135 2559 ὅφιν
1151 2525 1179 2550 ἐν
1190 2526 1223 2559 τῇ
1242 2525 1350 2558 ὲρημῳ,
1371 2522 1459 2553 οὕτως
1479 2521 1623 2556 ὑψωθῆναι
1633 2521 1673 2547 δεῖ
1685 2521 1734 2547 τὸν
1747 2520 1817 2547 Yth

1016 2572 1062 2599 τοῦ
1079 2571 1237 2606 ἀνθρώπου.
1248 2579 1256 2595 ι
1276 2569 1368 2604 Σαφὴς
1389 2568 1438 2603 μὲν
1452 2569 1509 2599 τοῖς
1524 2568 1644 2599 πολλοῖς,
1662 2566 1701 2597 ὡς
1715 2564 1812 2601 οἶμαι,

1016 2619 1031 2645 6
1049 2619 1099 2653 τῆς
1117 2615 1240 2652 ἱστορίας
1257 2615 1347 2649 λόγος,
1365 2614 1421 2641 ἀλλ’
1433 2614 1471 2646 ὡς
1485 2614 1518 2641 ἂν
1540 2612 1730 2648 εὐληπτοτέρα
1743 2613 1815 2647 ἡμῖν

790 2725 954 2756 Francisci
969 2724 1074 2756 Scorsi
1091 2728 1184 2755 noue.

211 2788 265 2823 (M)
288 2788 453 2816 Naturarum
483 2790 665 2824 proprietates.
684 2789 961 2817 Communicationem

175 2823 346 2855 idiomatutn,
377 2827 525 2851 secundum
557 2834 636 2859 quam
669 2833 729 2858 quae
761 2831 824 2851 sunt
852 2825 961 2858 propria

175 2858 255 2885 unius
287 2864 398 2891 naturae,
417 2859 449 2886 de
465 2861 547 2886 altera
566 2858 625 2887 rdici
652 2864 762 2893 possunt
777 2861 811 2887 ob
833 2859 961 2886 unitatem

1015 2788 1157 2823 suppositi,
1188 2789 1288 2825 diserte
1306 2785 1423 2825 explicat
1438 2785 1485 2825 hic
1497 2783 1595 2825 Pater;
1610 2781 1644 2809 de
1657 2788 1711 2825 quo
1727 2787 1814 2825 agtlnt

1015 2817 1312 2885 theologi!fcitulasuci
1328 2817 1388 2849 cum
1412 2824 1506 2847 sancto
1538 2817 1656 2850 'l'ltoma,
1680 2824 1710 2843 ut
1737 2823 1811 2852 part.

1014 2864 1112 2885 nua-st.
1166 2877 1173 2885 .

1023 2864 1112 2893 ιιιωδι.
1130 2864 1173 2885 ιι.
