1850 3054
59 129 100 161 iSI
737 133 904 164 HOMILIA
925 136 972 166 III

1617 135 1669 166 182

55 186 83 211 ἐκ
98 183 146 210 τῶι
161 183 275 219 σαρκῶν
295 184 351 211 τῶν
365 185 454 220 ὄφεων
469 187 724 219 κατασκευάζουσιν
748 188 824 214 ἀντι-

929 200 943 218 ι.
974 191 1080 218 Etenim
1108 191 1204 218 medici
1237 198 1270 217 ex
1294 197 1376 218 carne
1395 191 1548 226 scrpcntina
1570 191 1667 218 veneni

57 231 196 264 ςίιρμακον.
211 229 310 261 Οὕτως
324 231 360 257 ὲκ
375 231 425 265 τῆς
440 231 541 267 θνητῆς
562 233 669 266 φύσεως
685 233 732 260 τοῦ
741 233 827 268 Ὰδάμ

55 276 79 301 τὸ
103 274 163 301 ῐδιον
190 275 274 310 σῶμα
303 277 317 302 6
350 276 399 303 τοῦ
431 277 500 303 Θεοῦ
531 278 714 314 συνεστήσατο
742 278 828 312 Λόγος

56 321 214 354 ἀναιρετικὸν
249 320 299 347 τοῦ
335 321 452 349 θανάτου
492 323 649 359 γενόμενον.
679 324 709 350 '0
737 324 828 359 μέντοι

56 365 164 398 θεολόγος
180 365 337 401 Γρηγόριος
352 367 403 402 οὐχ
417 367 456 399 ὡς
470 367 559 395 τύπον
579 368 685 404 Κυρίου
707 369 752 395 τὸν
766 369 829 403 ὅφιν

55 411 174 445 ληᾳθῆναί
192 420 289 445 φησιν,
308 412 367 438 ἀλλ’
381 413 420 444 ὠς
433 413 591 445 ἀντίτυπον,
606 415 692 441 εἰπὼν
703 415 828 441 ούτωσίν·

61 457 86 482 '0
98 456 123 482 δὲ
134 456 251 490 χαλκοῦς
268 457 330 491 ὄφις
346 460 483 493 κρεμᾶται
501 459 552 494 μὲν
563 461 634 487 κατὰ
650 461 705 488 τῶν
716 461 828 488 δακνόν-

56 511 100 527 των
117 502 213 535 ὄφεων,
241 502 293 538 οὐχ
319 503 358 535 ὡς
374 504 461 536 τύπος
477 504 506 531 δὲ
521 504 569 531 τοῦ
588 505 658 540 ὑπὲρ
676 505 755 540 ἡμῶν
780 514 830 532 πα-

56 547 144 578 θόντος,
159 547 216 573 ἀλλ’
234 547 275 579 ὡς
294 549 450 581 ἀντίτυπος.
466 550 580 585 Ἐπειδὴ
606 550 657 585 μὲν
674 551 689 576 6
713 550 831 586 χαλκοῦς

57 592 109 626 Βφις
124 593 227 624 ἐκεῖνος
241 593 299 619 τῶν
311 595 443 628 ὁμοειδῶν
456 595 546 629 ὄφεων
559 596 708 630 ἀμϐλύνων
724 597 769 624 τδν
790 597 830 623 ιδν

56 638 110 667 τοὺς
124 637 333 672 ἀλλοτριοειδεῖς
349 639 511 675 ἀνθρώπους
526 640 629 672 ἔσωζεν
643 648 650 656 ·
668 643 682 668 6
696 641 724 668 δὲ
736 642 831 677 Σωτὴρ

57 683 123 717 ἡμῶν
135 683 162 709 ὲν
174 683 288 719 σταυρῷ
311 684 449 719 ὑψωθεὶς,
465 686 520 713 τῶν
539 686 590 721 μὲν
608 687 757 722 ἀλλοτρίων
772 687 831 714 δαι-

60 728 137 762 μόνων
147 728 197 763 τὴν
215 729 296 764 ἰσχὺν
319 731 486 766 κατέρρηξε,
500 732 565 763 τοὺς
581 732 610 759 δὲ
639 732 761 764 οἰκείους
785 733 833 760 καὶ

57 773 174 807 ὁμοειδεῖς
185 773 352 808 ἀνθρώπους
367 775 480 808 ἔσωσεν,
494 776 610 808 εἰκότως
623 777 704 804 αὐτὸν
714 778 728 805 6
736 777 832 812 Πατὴρ

58 817 168 851 εἰλῆφθαι
190 826 276 852 φησιν
295 819 335 851 ὡς
351 820 507 847 ἀντίτυπον.
527 821 605 848 Κατὰ
626 821 655 848 δὲ
680 821 727 848 τδν
746 821 833 856 σοφώ-

59 871 126 889 τατον
145 863 284 898 Μάξιμον,
307 865 322 891 6
343 865 514 900 κρεμασθεὶς
531 866 592 900 ὄφις
605 866 652 893 τοῦ
669 866 784 894 Θανάτου
801 865 836 903 ἦν

60 908 189 943 σὺμσολον,
203 907 235 936 οὗ
251 910 384 946 πρόξενο;
396 913 410 938 6
420 911 481 946 ὕφις
494 912 602 946 ἐγένετο
615 920 622 928 ·
635 912 666 939 τὺ
679 912 709 940 δὲ
723 913 835 947 σημεῖον

64 954 99 988 ἐφ’
113 951 184 990 ᾧπερ
200 951 342 990 ἀνῦψωτο,
360 957 477 989 είκόνιζε
494 958 539 985 τδν
557 958 692 993 σταυρόν·
709 959 725 993 ή
739 959 789 985 θέοι
807 958 835 985 δὲ

60 1001 104 1026 τῶν
140 1001 317 1036 δακνομένων
347 1003 364 1037 ή
398 1003 531 1038 ὁμολογία
559 1004 614 1031 τῶν
652 1005 835 1031 πιστευόντων

62 1046 133 1072 ἐςτίν.
150 1046 179 1073 '0
194 1047 292 1073 τοίνυν
306 1047 448 1083 ὁμολογῶν
470 1049 631 1084 θεοπρεπῶς
649 1051 699 1077 τὸν
720 1049 835 1077 θάνατον

62 1091 98 1117 τοῦ
112 1092 237 1125 Χριστοῦ,
252 1092 312 1128 ἔχει
331 1093 405 1130 ζωὴν
423 1095 547 1124 αἰώνιον.

93 1145 100 1161 ι
119 1137 208 1169 Οὕτως
221 1138 367 1174 ὑψωθῆναι
384 1140 426 1166 δεῖ
444 1141 489 1167 τὸν
506 1141 572 1168 Υῑδν
585 1141 634 1170 τοῦ
646 1141 804 1178 ἀνθρώπου.
823 1150 835 1169 ι

63 1182 101 1209 Τὸ.
115 1183 250 1217 ὑψωθῆναι
265 1185 308 1211 δεῖ
319 1185 366 1212 τὸν
378 1186 441 1214 Υἱδν
451 1187 498 1214 τοῦ
513 1188 668 1224 ἀνθρώπου,
679 1189 766 1216 διττὸν
776 1189 838 1216 ὠδί-

62 1228 147 1254 νειτον
163 1228 226 1255 νοῦν
245 1238 253 1245 ⁸
271 1231 324 1266 τήν
344 1239 374 1258 τε
399 1233 439 1262 είς
461 1232 528 1268 ὕψος
554 1233 778 1266 ἀνασκολόπισιν,
803 1236 838 1270 ἢν

63 1274 90 1298 δι’
103 1274 170 1308 ἡμᾶς
185 1276 353 1309 κατεδέξατο
366 1285 372 1292 ·
385 1278 432 1304 καὶ
444 1279 499 1314 γὰρ
510 1279 575 1313 ἔδει,
592 1280 772 1314 ἀγιασθείσης
788 1281 837 1314 τῆς

63 1319 105 1353 γῆξ
118 1321 166 1346 ὑπὸ
176 1321 231 1348 τῶν
244 1323 392 1357 ἀχράντων
405 1324 488 1351 αὑτοῦ
502 1325 591 1352 ποδῶν
602 1326 646 1352 διὰ
661 1326 838 1361 βαδίσματος,

65 1364 155 1398 καὶτῆς
167 1365 309 1402 θαλάσσης
325 1367 370 1394 διὰ
387 1368 439 1404 τῆς
460 1370 508 1396 ἐπὶ
523 1370 577 1396 τῶν
592 1371 723 1405 κυμάτων
740 1371 838 1403 πεζεύ-

66 1416 131 1440 σεως,
150 1411 319 1447 ἅγιασθῆναι
343 1415 391 1442 καὶ
404 1415 452 1442 τὸν
468 1416 538 1452 ἀέρα.
549 1417 594 1443 διὰ
614 1419 665 1453 τῆς
679 1418 707 1444 ὲν
725 1418 836 1454 σταυρῷ

65 1455 212 1490 ἀνυψὼσεως
230 1467 237 1474 ·
260 1460 337 1496 δηλοῖ
357 1461 385 1488 δὲ
406 1462 454 1489 καὶ
472 1462 523 1497 τὴν
541 1462 632 1496 δόξαν,
657 1464 690 1499 ἣν
706 1464 838 1500 ἐδοξάσθη

65 1500 101 1547 όεὰ
119 1503 162 1530 τοῦ
186 1507 309 1542 σταυροῦ
334 1508 404 1534 κατὰ
424 1508 455 1534 τὺ
473 1508 654 1544 ἀνθρώπινον.
678 1510 722 1537 Ἐν
741 1507 763 1545 ᾧ
783 1511 837 1547 γὰρ

66 1546 124 1579 ἒῶξε
140 1553 353 1586 κατακριθῆναι,
369 1554 398 1579 ἔν
412 1554 486 1590 αὐτῷ
500 1556 662 1591 κατακρίνει
678 1556 724 1582 τὸν
737 1546 839 1591 κοσμο-

65 1598 181 1629 κράτορα,
196 1598 334 1632 κρείττων
348 1599 441 1634 ὀφθεὶς
456 1601 511 1627 τῶν
527 1601 623 1628 παθῶν
636 1602 682 1636 ὕφ’
699 1600 736 1629 ὧν
758 1603 773 1629 6
791 1603 838 1630 ἄν·

67 1639 158 1692 θρωπος
181 1644 357 1692 ἐκεκράτητο
373 1654 380 1661 ·
405 1647 464 1673 τάδ’
492 1644 564 1681 ἦσαν
583 1647 656 1684 λύπη
680 1649 728 1675 καὶ
746 1649 838 1684 ἡδονή.

185 1689 235 1724 μὲν
255 1690 351 1726 ἡδονὴν
367 1692 396 1718 ὲν
410 1692 449 1727 τῷ
464 1692 523 1728 ὄρει
539 1693 678 1729 νενίκηκε,
694 1695 763 1730 μήτε
776 1696 840 1726 τοὺς

68 1731 144 1783 λίθους
158 1734 357 1783 ἀρτοποιήσας,
383 1738 451 1772 μήτε
474 1739 504 1765 ὲν
523 1741 582 1771 ταῖς
602 1740 696 1770 ἄλλαις
721 1740 841 1775 συμϐου-

68 1781 126 1809 Αέιις
141 1781 264 1813 πεισθεὶς
285 1783 325 1817 τῷ
349 1784 508 1818 πειράζοντι
521 1794 528 1801 ·
545 1785 634 1820 λύπης
661 1786 689 1812 δὲ
708 1787 840 1821 κρείττων

69 1822 132 1858 ὤφθη
152 1826 253 1860 μᾶλλον
273 1828 344 1854 κατά
359 1829 405 1856 τὸν
417 1829 465 1856 τοῦ
481 1830 586 1862 πάθους
603 1831 710 1866 καιρὸν,
725 1831 773 1858 τοῦ
793 1833 841 1859 ἀν-

70 1869 167 1898 τιπάλου
182 1873 246 1899 κατ’
263 1873 346 1900 αὐτοῦ
362 1874 468 1907 πάντας
485 1876 742 1911 ἑκπολεμώσαντος.
771 1878 840 1913 Προ-

71 1915 135 1952 Μτης
153 1919 167 1945 ὁ
190 1920 327 1955 μαθητὴς,
347 1921 469 1956 φυγάδες
493 1923 519 1949 oi
543 1923 675 1959 μαθηταὶ,
696 1924 808 1959 ἔξαρνος
827 1925 841 1951 6

71 1961 168 1997 Πέτρος,
185 1965 322 2001 μάχαιρα,
337 1967 384 1993 καὶ
398 1966 488 2003 δᾷδες,
501 1969 548 1995 καὶ
563 1969 702 2003 φάσγανα,
717 1970 841 2003 σιαγόνες

71 2007 249 2042 ῥαπιζόμεναι,
259 2012 404 2046 πρόσωπον
414 2013 424 2038 ὲ
430 2013 520 2047 μπτυό
524 2022 615 2048 μενον,
624 2014 708 2046 νῶτος
722 2014 842 2050 πληγαῖς

70 2051 234 2088 ἐκδιδόμενος,
258 2057 398 2093 μάρτυρες
421 2058 544 2093 ψευδεῖς,
567 2060 711 2094 κριτήριον
731 2060 840 2094 ἀσεῦὲς,

71 2097 191 2132 ἀπόφασις
206 2102 327 2137 ἀπηνὴς,
343 2103 512 2138 στρατιῶται
535 2105 767 2140 κατατρυφῶντες
791 2106 842 2140 τῆς

74 2146 218 2180 σκυθρωποῦ
232 2149 398 2182 ἀποφάσεως
407 2151 435 2176 ἐν
444 2150 618 2185 χλευασμοζ,
632 2151 679 2178 καὶ
691 2153 841 2186 είρωνίιιις.

73 2190 111 2215 καὶ
133 2192 236 2227 ὕϐρεσι,
263 2195 324 2225 ταῖς
349 2196 381 2222 ἐκ
406 2195 530 2230 καλάμου
551 2196 685 2232 πληγαῖς,
702 2195 773 2234 ἧλοι,
796 2198 842 2224 καὶ

73 2236 143 2271 χολὴ,
160 2240 206 2265 καὶ
223 2239 296 2272 ὅξος,
325 2241 372 2267 καὶ
392 2241 549 2269 τελευταῖον
574 2242 703 2278 σταυρός.
726 2243 776 2273 Τίς
796 2242 843 2270 οὖν

74 2284 132 2308 κατὰ
156 2284 208 2311 τῶν
240 2286 327 2313 ταῦτα
353 2287 504 2314 ποιούντων
528 2289 545 2323 ἡ
570 2288 677 2322 ἄμυνας
708 2298 717 2314 ι
739 2288 841 2324 Πάτερ,

74 2329 233 2365 συγλώρησον
258 2333 360 2364 αὐτοῖς,
381 2333 411 2359 οὺ
434 2333 489 2368 γὰρ
510 2334 597 2360 οἴδασι
618 2334 646 2360 τί
676 2335 809 2362 ποιοῦσιν.
831 2344 840 2360 ι

75 2373 138 2400 οὕτω
153 2376 198 2402 καὶ
224 2377 273 2412 τὴν
299 2378 389 2412 λύπην
416 2379 595 2415 μακροθυμίᾳ
615 2379 731 2415 νικήσας
756 2389 842 2407 κοιτα-

77 2423 205 2456 στριτηγεῖ
218 2423 262 2450 τὸν
278 2424 437 2457 ἀντίπαλον,
451 2426 500 2460 τῆς
521 2424 583 2451 κατ’
599 2424 682 2452 αὐτοῦ
699 2425 778 2460 νίκης
798 2426 842 2452 τὸν

75 2465 158 2497 τρὸπον
170 2468 330 2504 ὁδοποιήσας
345 2471 420 2505 ἡμῖν.
439 2471 478 2506 Τῇ
491 2471 547 2506 γὰρ
557 2470 612 2497 τῶν
625 2471 726 2506 ἡδονῶν
741 2472 842 2507 ἀποχῇ,

76 2513 112 2537 ’1"-
126 2516 156 2550 τῇ
171 2517 237 2551 πρὸς
253 2518 317 2549 τοὺς
331 2518 483 2550 λυποῦντας
498 2519 646 2554 πραΰτητι,
670 2521 716 2546 καὶ
738 2529 843 2557 μακρο-

104 2581 124 2596 “
137 2582 196 2610 Luc.
214 2592 294 2617 mu,
307 2585 353 2612 δι.

882 235 1030 263 coniiciunt
1046 236 1206 263 amuletum.
1222 235 1266 263 Sic
1284 243 1316 262 ex
1332 235 1426 262 Adami
1446 235 1552 263 mortali
1569 240 1665 262 natura

881 282 1021 316 proprium
1035 282 1085 309 sibi
1102 290 1201 317 corpus
1215 281 1335 308 Verbum
1359 281 1405 308 Dei
1426 281 1575 312 constituit,
1597 280 1669 315 quod

883 328 1024 354 destruere
1051 333 1165 354 mortem
1185 327 1295 354 valeret.
1315 326 1460 361 Gregorius
1476 331 1565 353 tamen
1583 325 1672 353 Theo-

883 372 959 407 logns
975 372 1031 407 (48)
1047 377 1202 406 serpentem
1222 380 1275 399 non
1293 379 1353 399 esse
1367 377 1457 406 typum
1479 370 1606 403 Domini,
1623 372 1671 399 scil

883 419 1032 454 antitypum
1046 419 1112 446 dicit
1124 419 1175 446 hoc
1190 422 1286 454 pacto:
1300 418 1419 452 Serpens
1433 424 1523 444 :eneus
1537 417 1670 444 adversus

883 469 1039 498 serpentum
1054 470 1160 491 morsus
1173 463 1357 497 suspendimr,
1375 469 1428 488 non
1442 465 1532 488 tamen
1549 466 1578 488 ut
1593 461 1673 487 Chri-

885 508 919 536 sti
937 507 1079 542 pro.nobis
1095 507 1167 542 passi
1182 511 1273 542 typus,
1289 513 1380 533 verum
1397 510 1426 533 ut
1440 505 1588 540 antitypus.
1604 504 1670 532 Nam

884 553 1013 588 quoniam
1031 560 1123 581 amens
1146 553 1190 580 ille
1207 559 1320 587 serpens
1337 551 1466 579 similium
1492 551 1542 578 sibi
1562 558 1673 585 serpen-

886 599 951 626 tium
967 605 1102 626 venenum
1126 598 1272 625 retundens
1289 596 1412 624 homines
1431 596 1546 623 alterius
1568 600 1673 622 natura:

885 645 1022 676 servavit,
1045 644 1169 671 SalvatOr
1185 651 1250 671 vero
1272 649 1362 671 noster
1380 643 1501 670 sublatus
1523 642 1549 669 in
1564 649 1672 669 crucem

885 689 1036 718 daemonum
1052 690 1102 717 sibi
1124 694 1218 717 natura
1241 689 1412 717 dissimilium
1430 692 1574 716 conterens
1591 687 1672 718 vires,

886 735 988 763 similes
1012 740 1039 763 et
1049 739 1178 770 cognatos
1193 743 1207 762 a
1225 738 1312 762 morte
1338 733 1503 766 vindieavit,’
1518 733 1615 760 merito
1630 731 1675 759 ille

886 778 968 805 Pater
991 785 1052 805 eum
1078 783 1106 806 ut
1133 779 1284 813 antitypum
1308 777 1499 813 accipiendum
1521 780 1622 804 censet.
1640 776 1675 802 At

887 832 950 851 vero
967 824 1020 859 18
1042 831 1074 851 ex
1100 826 1236 852 sententia
1260 823 1452 859 sapientissimi
1471 822 1579 849 Maximi
1604 821 1674 857 (i9),

889 877 1038 905 suspensus
1062 876 1174 904 serpens
1197 869 1294 897 mortis
1317 868 1468 905 symbolum
1492 873 1571 901 erat,
1597 867 1676 902 cujus

889 921 986 943 auctor
1009 920 1037 943 et
1063 919 1222 950 procurator
1248 915 1338 942 fuerat
1363 922 1493 950 serpens;
1519 919 1546 941 at
1570 913 1676 947 signum

889 961 965 994 illud,
985 961 1011 988 in
1031 968 1085 995 quo
1107 964 1214 988 erectus
1234 963 1286 993 est,
1302 959 1425 995 signabat
1447 965 1573 990 crucem;
1595 964 1676 991 porro

889 1006 1007 1034 intuitus
1019 1013 1124 1038 eorum,
1141 1006 1187 1040 qui
1203 1005 1347 1033 commorsi
1366 1004 1483 1035 fuerant,
1507 1003 1676 1031 credentium

889 1055 932 1079 est
949 1050 1096 1079 confessio.
1118 1050 1167 1083 Qui
1185 1050 1276 1085 igitur,
1294 1053 1323 1076 ut
1340 1048 1387 1076 Dei
1406 1048 1570 1082 majestatem
1588 1047 1676 1076 decet.

890 1101 1004 1126 mortem
1031 1096 1133 1124 Christi
1159 1095 1313 1126 conﬁtetur,
1339 1094 1420 1122 habet
1440 1093 1521 1119 vitam
1535 1096 1675 1119 atternam.

927 1151 937 1169 ι
954 1142 1000 1173 Sic
1011 1141 1125 1169 exaltari
1141 1145 1249 1176 oportet
1272 1140 1369 1167 Filium
1390 1138 1517 1166 hominis.
1529 1147 1538 1164 ι
1568 1136 1675 1164 Dictum

891 1189 943 1216 hoc
965 1188 1097 1222 duplicem
1121 1187 1193 1222 parit
1212 1186 1387 1214 intellectum.
1403 1184 1468 1211 Nam
1482 1188 1537 1211 tum
1555 1183 1626 1210 illam
1649 1183 1675 1209 in

892 1235 975 1262 altum
1000 1233 1169 1261 suiﬁxionem
1194 1231 1349 1267 signiﬁcat,
1373 1237 1453 1265 quam
1481 1234 1573 1257 nostra
1594 1235 1676 1256 causa

892 1280 1037 1313 sustinuit;
1054 1278 1196 1314 oportebat
1208 1279 1279 1306 enim
1296 1281 1336 1310 ut,
1361 1284 1421 1304 cum
1437 1281 1509 1304 esset
1524 1276 1558 1303 ab
1582 1276 1677 1302 imma-

891 1327 988 1354 cuiatis
1006 1326 1063 1361 ejus
1078 1325 1193 1360 pedibus
1207 1332 1254 1359 per
1266 1324 1401 1351 incessum
1413 1327 1485 1350 terra
1496 1321 1676 1352 sanctiﬁcata.

891 1378 918 1401 et
934 1380 1008 1400 u-are
1021 1372 1158 1403 similiter,
1171 1376 1228 1398 tum
1245 1377 1307 1398 cum
1321 1376 1403 1404 super
1417 1369 1504 1396 undas
1516 1366 1675 1398 ambulavit,

892 1421 1093 1450 consecratum,
1119 1423 1166 1444 aer
1187 1415 1268 1444 etiam
1291 1418 1403 1443 sanctus
1422 1421 1470 1450 per
1485 1413 1676 1441 exaltationem

893 1465 921 1492 in
937 1470 1017 1491 cruce
1033 1462 1201 1490 redderetur.
1229 1461 1299 1488 Tum
1323 1460 1404 1488 etiam
1430 1459 1541 1494 gloriam
1566 1458 1677 1486 indicat.

893 1516 975 1543 quam
1007 1507 1156 1536 secundum
1179 1506 1326 1534 humanam
1351 1509 1475 1532 naturam
1501 1511 1549 1538 per
1569 1510 1676 1530 crucem

892 1555 1020 1583 obtinuit.
1036 1553 1065 1582 In
1081 1562 1113 1582 eo
1129 1553 1201 1581 enim
1217 1553 1288 1587 ipso,
1300 1559 1355 1587 quo
1370 1551 1514 1578 damnatus
1527 1557 1588 1577 esse
1603 1548 1678 1576 vide-

892 1601 1140 1636 batur,principcm
1157 1601 1238 1634 hujus
1262 1598 1355 1626 mundi
1378 1597 1577 1630 condemnavit;
1594 1603 1678 1630 seque

893 1648 1022 1676 omnibus
1035 1647 1090 1675 illis
1115 1645 1319 1678 affectionibus,
1333 1645 1429 1679 quibus
1441 1643 1566 1670 subactus
1590 1641 1678 1669 fuerat

894 1696 999 1726 homo,
1030 1694 1196 1729 superiorem
1221 1691 1358 1723 ostendit,
1387 1698 1446 1724 qum
1477 1696 1542 1716 sane
1573 1688 1678 1715 fuerant

892 1741 1019 1776 voluptas
1066 1744 1094 1767 et
1137 1739 1254 1766 dolor:
1288 1745 1320 1764 ex
1372 1737 1469 1771 quibus
1512 1735 1674 1769 voluptatem

892 1787 1001 1822 quidem
1030 1785 1058 1813 in
1085 1790 1175 1812 monte
1199 1787 1349 1819 superarat,
1382 1790 1442 1810 cum
1466 1789 1553 1816 neque
1566 1781 1673 1816 lapides

893 1824 1019 1860 vertisset
1037 1832 1066 1860 in
1094 1839 1190 1867 panes,
1216 1838 1267 1858 nec
1297 1829 1357 1857 aliis
1382 1829 1541 1856 tentationis
1569 1828 1679 1855 suasio-

894 1877 974 1904 nibus
1004 1881 1078 1904 esset
1110 1882 1258 1907 assensus;
1289 1874 1392 1901 doloris
1420 1880 1484 1901 vero
1501 1873 1617 1900 maxime
1638 1872 1680 1899 vi-

894 1928 953 1951 ctor
967 1927 1105 1957 spectatus
1122 1926 1163 1949 est
1187 1926 1308 1956 tempore
1326 1919 1476 1951 Passionis,
1503 1926 1555 1954 qua
1577 1923 1679 1952 tempe-

894 1973 965 1997 state
983 1969 1009 1995 in
1027 1968 1103 1995 illum
1118 1967 1290 1994 adversarius
1305 1974 1400 1993 omnes
1415 1965 1541 1993 armavit.
1555 1964 1680 1992 I‘roditor

895 2015 984 2043 evadit
1007 2013 1178 2048 discipulus;
1201 2012 1291 2039 caueri
1313 2010 1436 2047 fugitivi;
1456 2015 1536 2044 negat
1554 2009 1652 2037 Petrus
1669 2019 1676 2042 ;

895 2061 989 2097 gladii,
1018 2059 1111 2090 faces,
1130 2058 1202 2091 ligna
1226 2061 1253 2085 et
1270 2064 1350 2085 enses
1373 2061 1519 2092 urgentur;
1545 2062 1680 2091 percussa:

897 2106 1018 2141 colaphis
1032 2112 1126 2141 genae;
1145 2104 1229 2131 facies
1245 2102 1332 2138 sputis
1348 2102 1452 2134 oblita;
1468 2102 1578 2129 dorsum
1590 2101 1679 2136 plagis

898 2153 1047 2188 objectum,
1065 2151 1126 2178 falsi
1138 2155 1231 2181 testes,
1246 2149 1367 2183 iniquum
1381 2147 1534 2180 consilium,
1547 2146 1681 2174 sententia

897 2198 1026 2230 immitis;
1050 2196 1150 2224 milites
1164 2194 1334 2222 immanitate
1359 2192 1499 2221 sententia:
1521 2192 1679 2227 gaudentes,

897 2251 929 2271 ac
956 2241 1223 2273 subsannationibus,
1239 2239 1424 2269 irrisionibus.
1437 2237 1609 2265 contumeliis
1622 2237 1683 2263 icti-

897 2290 1001 2325 busque
1016 2288 1156 2316 arundinis
1168 2295 1197 2314 se
1211 2286 1396 2317 obiectantes;
1412 2284 1490 2318 clavi,
1506 2283 1553 2315 fel,
1574 2288 1680 2310 acetum

897 2342 924 2363 et
936 2336 968 2362 ad
980 2339 1131 2362 extremum
1146 2341 1223 2360 crux.
1236 2332 1301 2365 Qua:
1313 2338 1376 2358 vero
1390 2335 1483 2358 contra
1503 2333 1542 2357 tot
1561 2328 1680 2356 facinora

896 2390 977 2410 ausos
986 2382 1051 2408 ultio
1062 2381 1075 2408 ἲ
1089 2389 1099 2407 ι
1113 2380 1203 2412 Pater,
1215 2380 1325 2415 ignosce
1341 2378 1410 2409 illis;
1429 2385 1482 2405 non
1499 2376 1571 2404 enim
1592 2375 1682 2403 sciunt

896 2429 961 2464 quid
977 2428 1080 2455 faciunt
1094 2427 1127 2454 “.
1148 2436 1157 2452 ι
1176 2426 1221 2453 Sic
1238 2430 1265 2452 et
1279 2425 1372 2452 dolore
1385 2432 1432 2459 per
1449 2422 1679 2458 longanimitatcm

897 2476 968 2503 victo
979 2472 1371 2506 debellatinimicum,ejusqne
1383 2469 1505 2497 vincendi
1521 2469 1590 2496 viam
1604 2468 1681 2495 nobis

897 2524 1100 2549 cmnnionslrat.
1114 2520 1179 2546 Nam
1197 2525 1224 2546 et
1241 2518 1405 2552 voluptatum
1421 2516 1495 2552 fuga,
1506 2521 1534 2544 et
1555 2522 1682 2543 mansue-

672 2632 835 2664 Francisci
853 2625 960 2665 Scbrsi
974 2637 1066 2664 notae.

105 2689 151 2727 (68)
159 2690 304 2727 gregarius
326 2691 481 2727 Theologu's.
501 2691 588 2719 Locus
607 2692 747 2726 'l‘ln-ologi,
761 2701 839 2727 quem

79 2724 144 2762 [fiert
159 2724 343 2761 Theophanes,
370 2724 467 2760 legitur
489 2731 560 2754 orat.
574 2727 619 2758 42,
638 2736 698 2762 qum
713 2724 793 2754 est?
814 2729 839 2755 in

79 2756 101 2784 S.
112 2759 201 2788 Pascha
211 2756 307 2823 Iquem,
321 2756 457 2789 aculeuliie
470 2767 562 2788 noster
574 2756 700 2796 explicat.
714 2763 780 2790 Vide
795 2771 839 2790 so-

79 2793 115 2819 Iles
125 2796 198 2821 etiam
237 2798 312 2823 iectu:
324 2797 351 2823 in
363 2798 486 2823 eunulem
505 2796 592 2823 locum
607 2799 838 2823 commentarium.

78 2793 115 2833 tius
125 2793 312 2833 etianiNiceta:
324 2797 351 2823 in
363 2798 486 2823 elnmlem
501 2796 592 2833 locum
607 2793 838 2829 commentarium,

79 2828 112 2854 ubi
135 2831 218 2859 multis
248 2837 370 2865 expetnt,
390 2839 443 2866 qua
457 2832 560 2860 ratione
573 2839 683 2867 Serpens
701 2840 790 2861 aulicus
815 2828 842 2860 et

894 2695 994 2756 Christi
1006 2699 1083 2730 typus
1104 2693 1155 2721 dici
1171 2692 1264 2728 possit,
1277 2696 1302 2720 et
1315 2692 1462 2727 antitypus,
1481 2695 1510 2719 ut
1529 2691 1679 2726 Theologus
1700 2675 1703 2684 ’

894 2738 973 2756 cense
989 2751 996 2756 .

894 2738 996 2757 CCIISCL

932 2765 987 2799 (49)
1007 2763 1198 2799 Sapientiuimi
1217 2762 1339 2791 Maximi.
1358 2762 1394 2790 De
1407 2762 1456 2790 hoc
1475 2762 1533 2790 vide
1559 2763 1629 2790 dicta
1647 2763 1678 2789 al

896 2801 969 2828 hom.
986 2801 1010 2834 I,
1026 2804 1080 2828 not.
1097 2801 1124 2828 9.
