1850 3054
206 148 259 180 199

806 145 1056 178 THEOPHANIS
1075 146 1247 177 CERAMEI

1775 148 1819 180 200

200 213 260 233 rum
275 204 333 232 hac
345 210 378 232 ex
399 203 532 236 historiis.
548 211 608 238 quae
634 203 748 239 gratiam
772 211 804 232 ac
831 203 992 238 mysterium

1085 201 1276 237 ριληψὼμεθα.
1292 201 1329 228 'n
1344 201 1399 237 γὰρ
1415 201 1505 230 πάντα
1520 202 1680 238 περιλαδείν
1695 203 1748 231 τῶν
1761 207 1822 242 ἁμη.

204 250 293 278 crucis
304 249 502 285 sigr-ilicarunt,
521 249 602 277 veluti
619 257 652 277 ex
667 249 762 284 pelago
779 249 916 275 heminam
933 248 993 283 (78)

1047 249 1138 283 χάνων
1154 248 1224 275 ἐστι.

203 304 282 332 aqua:
293 296 478 331 desumpsisse
505 296 538 323 sit
575 295 652 323 satis.
683 298 740 329 Age
769 302 834 330 ergo
858 302 891 321 ex
919 295 1112 329 prophetarum
1140 295 1258 331 oraculis
1294 294 1407 329 paucula
1431 295 1554 330 quaedam
1595 296 1688 324 itidem
1709 297 1825 334 deccrpa.

205 349 275 369 mus.
299 341 396 369 Omnia
422 342 494 369 enim
517 342 642 376 persequi
666 341 791 369 immensi
824 340 914 376 operis
947 348 991 369 res
1009 345 1062 370 est.

236 388 323 415 Moses
342 387 424 422 igitur
435 394 544 414 crucem
562 394 615 414 non
636 386 714 413 lactis
726 387 826 418 solum,
839 386 887 413 sed
909 387 992 414 etiam

198 433 310 460 oraculo
349 432 530 459 adumbravit.
560 442 570 458 ι
607 433 737 459 Videbitis
764 433 848 464 enim.
890 433 990 467 inquit,

201 480 282 506 vitam
306 484 422 506 vestram
452 478 508 512 (79)
521 486 535 505 e
549 478 623 513 ligno
643 478 804 512 pendentem
820 478 854 505 “.
873 487 883 504 ›
908 478 992 505 David

198 530 289 551 autem
304 524 395 551 statim
413 524 490 550 initio
510 522 668 550 Psalmodia:
684 524 717 550 de
733 531 813 550 cruce
829 522 883 558 25
897 524 987 557 posuit

199 570 369 604 prophetiam
384 569 417 596 ".
434 569 541 596 Etenim
557 569 659 604 lignum
679 569 749 603 quod
764 569 802 595 ait
828 576 888 596 esse
915 569 991 603 plan-

201 622 284 643 tatutn
301 623 380 643 secus
393 615 525 643 decursus
538 623 671 650 aquarum
687 619 714 642 et
729 615 795 642 dare
817 614 936 641 fructum
964 614 991 641 in

199 666 330 696 tempore,
343 667 370 688 et
386 661 480 689 lolium
507 662 565 696 ejus
585 668 693 695 semper
719 662 817 694 virere,
842 661 899 696 ipsa
925 668 992 688 crux

198 714 241 737 est
260 709 316 745 (80)
331 718 338 736 :
354 717 415 735 nam
430 709 530 743 alioqui
541 709 613 743 quod
634 709 788 742 plantatum
798 707 874 739 dicit,
888 706 990 740 lignmn

199 763 252 782 non
264 755 445 789 appellasset:
461 762 535 785 natn,
556 758 585 780 ut
611 761 692 788 supra
711 753 812 780 dictum
829 759 882 785 est,
893 752 993 787 lignum

199 807 261 838 post
273 803 421 830 sectionem
440 801 496 836 (8|)
512 801 592 828 habet
616 801 669 828 hoc
685 805 795 827 nomen.
824 799 881 827 Hoc
913 800 995 834 igitur

1077 386 1199 421 Μωῦσῆς
1213 385 1304 412 τοίνυν
1325 385 1356 412 οὐ
1373 386 1517 422 πράγμασι
1544 387 1625 422 μόνον
1645 389 1693 415 τδν
1721 392 1825 426 σταυρὸν

1041 432 1274 466 προῦπέγραψεν,
1303 431 1362 459 ἀλλ’
1391 432 1443 467 ἢδη
1471 433 1519 459 καὶ
1535 433 1768 469 προθεσπίσματι.
1785 438 1826 464 '0-

1041 477 1128 512 ψεσθε
1144 478 1209 512 γὰρ,
1225 471 1305 513 φησὶέ
1320 477 1372 512 τὴν
1385 477 1458 513 ζωὴν
1473 478 1552 513 ὑμῶν
1568 479 1615 505 ἐπὶ
1641 480 1721 512 ξύλον
1735 490 1827 517 κρεμα-

1043 523 1141 558 μένην.
1157 524 1243 550 Δαὸὶδ
1258 523 1287 550 δὲ
1314 524 1365 558 τῆς
1383 524 1524 559 ψαλμικῆς
1549 525 1706 560 φόρμιγγος
1720 527 1828 561 ἀπαρξ-

1048 577 1139 603 μενος,
1155 569 1205 602 τὴν
1218 576 1251 594 πε
1258 569 1284 603 pl
1300 569 1421 604 σταυροῦ
1435 570 1607 603 προφητείαν
1633 571 1784 606 ἐκτίθησιν.
1800 573 1827 601 '0

1042 613 1096 648 γὰρ
1122 612 1182 640 εἷπε
1199 613 1277 646 ξύλον
1300 614 1528 648 ὲμπεφυτεῦσθαι
1547 615 1597 650 μὲν
1617 617 1695 651 παρὰ
1719 617 1766 648 τὰς
1783 619 1827 644 τῶν

1046 659 1151 686 ὑδάτων
1184 659 1260 695 ῥοὰς,
1280 660 1375 694 φέρειν
1401 660 1429 687 δὲ
1445 660 1490 687 τὸν
1509 661 1615 696 καρπὸν
1640 663 1671 688 ὲν
1687 662 1726 698 τῷ
1739 665 1826 698 καιριῖ,

1042 703 1106 737 τόγε
1138 704 1192 739 μὴν
1226 705 1324 738 φύλλον
1352 705 1425 740 ἔχειν
1453 706 1598 739 ἀειθαλὲς,
1629 708 1714 740 αὑτός
1738 709 1828 736 ἐστινὸ

1049 750 1165 784 σταυρὸς
1181 757 1187 764 '
1207 751 1238 776 οὗ
1254 751 1309 786 γὰρ
1323 750 1356 778 ἂν
1368 751 1446 783 ξύλον
1462 753 1669 786 πεφυτευμένον
1687 752 1827 788 ὠνόμασεν.

1056 795 1099 826 Ὠς
1128 796 1182 830 γὰρ
1215 796 1262 822 καὶ
1281 797 1378 832 πρώην
1395 806 1441 832 μοι
1467 797 1604 831 λέλεκται,
1630 799 1662 825 τὸ
1675 799 1755 832 ξύλον
1771 802 1828 834 μετὰ

204 851 308 886 lignum
324 849 474 885 plantatutn
487 852 528 874 est
543 852 651 882 propter
664 853 741 881 aqua:
753 845 825 873 illius
837 845 920 877 rivos,
933 851 993 879 qua:

1082 851 1094 867 ν
1110 842 1198 877 τομὴν
1213 843 1388 878 ὀνομάζεται.
1408 844 1494 871 Τοῦτο
1504 845 1536 879 δὴ
1551 845 1599 872 οὖν
1611 846 1749 880 ἐφυτεύθη
1764 848 1829 882 napi

199 904 235 924 ex
251 897 334 924 latere
351 897 444 923 divino
456 894 593 929 proﬂuxit.
612 893 751 921 Christum
763 899 840 925 vero,
868 891 909 919 uti
935 891 996 924 pul-

200 944 297 970 chrttm
324 942 441 969 fructum
475 941 626 976 prastituto
653 945 775 974 tempore
809 938 893 966 tulit:
926 937 997 972 quod

201 995 268 1014 vero
283 986 378 1014 folium
395 994 460 1014 usus
475 993 587 1013 numero
603 985 734 1020 singulari
766 983 844 1016 dixit,
868 983 996 1010 virtutem

201 1033 292 1060 crucis
319 1032 449 1063 oSIendit,
480 1039 542 1067 qua:
572 1039 625 1058 non
655 1030 771 1063 deﬁciet,
801 1037 851 1057 nec
877 1035 996 1063 unquam

202 1079 296 1106 ﬁdeles
309 1079 472 1106 obumbrare
497 1078 615 1109 desinet.
631 1082 666 1104 et.
681 1085 695 1103 ι
709 1075 808 1104 diaboli
822 1078 889 1102 aestu
904 1074 998 1102 delen-

202 1125 276 1155 dere.
290 1133 324 1152 ne
337 1125 444 1151 fructus
461 1123 546 1151 nostri
563 1123 608 1150 illo
624 1123 722 1150 ardore
738 1122 887 1152 siccentur,
913 1120 995 1148 sicuti

202 1171 236 1198 de
255 1171 358 1198 semine
384 1170 536 1200 didicimus,
549 1168 621 1204 quod
653 1167 752 1195 cecidit
775 1174 857 1201 super
872 1171 994 1200 petram,

203 1217 252 1244 sed
270 1222 298 1243 ut
313 1217 393 1244 veluti
413 1215 580 1248 umbraculo,
597 1219 626 1242 ut
638 1221 700 1242 cum
713 1213 783 1241 Isaia
809 1213 915 1248 loquar,
928 1219 992 1247 pro-

202 1268 329 1297 tegantur
351 1262 429 1295 signo
458 1261 559 1293 crucis,
583 1261 655 1296 quod
681 1265 776 1287 aestum
802 1257 828 1287 vi
856 1266 905 1286 sua
924 1259 998 1286 valet

201 1309 384 1343 exstinguere.
400 1306 521 1334 Salutem
536 1307 617 1334 etiam
634 1311 757 1333 nostram
769 1312 818 1340 per
833 1312 944 1333 crucem
961 1304 994 1331 ad

203 1361 254 1381 nos
262 1353 425 1384 derivatam,
443 1352 656 1385 daemonumque
671 1350 806 1385 prascivit
817 1350 997 1378 eversionem.

203 1398 359 1433 Aliquando
372 1398 480 1433 quidem
495 1404 503 1424 :
521 1406 532 1423 ε
547 1397 618 1424 Deus
636 1400 739 1429 noster,
756 1396 853 1431 inquit,
870 1400 998 1431 operatus

204 1449 246 1473 est
256 1445 371 1472 salutem
386 1444 413 1471 in
429 1443 518 1472 medio
540 1447 621 1470 terrae
631 1442 666 1475 ’°,
682 1451 692 1468 ι
723 1441 869 1477 aliquando
886 1446 997 1470 autem:

209 1501 218 1518 I
233 1491 325 1519 lnlixze
336 1494 399 1518 sunt
411 1494 506 1525 gentes
522 1489 549 1516 in
564 1488 674 1516 interitu
693 1495 773 1523 quem
789 1487 914 1515 fecerunt
927 1488 962 1514 ιί.
984 1497 994 1514 ι

203 1538 274 1571 Quid
293 1537 335 1565 Itis
351 1521 441 1564 verbis
458 1535 565 1564 innuit?
581 1534 611 1562 ln
624 1521 712 1562 Cruce
738 1534 866 1562 nimirum
893 1534 996 1562 daemo-
1011 1521 1034 1552 (ἶ

204 1591 253 1612 nes
269 1583 325 1616 (ixi,
337 1584 364 1610 in
379 1590 432 1617 qua
447 1581 620 1609 interiturum
654 1581 798 1608 Dominum
820 1579 995 1608 arbitraban-

205 1634 260 1660 tur,
277 1628 398 1655 funditus
413 1628 564 1662 perierunt.
578 1626 646 1660 Quin
661 1626 743 1654 etiam
755 1633 802 1660 per
813 1625 878 1653 illud
893 1634 901 1653 :
921 1634 931 1651 ι
946 1626 998 1653 As-

205 1674 298 1702 cendit
323 1674 349 1701 in
362 1673 457 1706 altum,
472 1673 606 1708 captivam
630 1672 706 1700 duxit
720 1672 904 1706 captivitatem
923 1672 958 1703 ",
984 1679 993 1697 ι

205 1727 338 1748 ascensus
350 1720 376 1746 in
393 1719 520 1752 Crucem,
537 1723 564 1746 et
573 1718 742 1753 captivorum
762 1717 884 1744 liberatio
909 1717 994 1744 intel-

202 1766 304 1802 ligitur.
327 1765 398 1799 Quid
414 1772 478 1792 vero
496 1764 572 1797 illud,
588 1773 598 1790 ι
613 1763 753 1798 Signatum
774 1768 816 1790 est
837 1770 918 1797 super
948 1769 996 1790 nos

202 1812 295 1838 lumen
313 1810 404 1837 vultus
433 1809 475 1836 tui
493 1808 536 1835 "‘l
557 1817 567 1834 ι
593 1815 685 1836 nonne
713 1814 824 1834 crucem
849 1805 996 1841 signiﬁcat,

202 1864 256 1891 qua
268 1854 428 1891 signantur?
442 1853 499 1882 Hoc
514 1853 597 1881 etiam
614 1854 705 1881 crucis
717 1852 824 1886 signum
850 1851 996 1886 descripsit

204 1902 258 1929 illis
269 1902 376 1929 verbis:
395 1909 405 1926 ι
421 1901 450 1934 Si
465 1900 612 1927 ascendere
625 1899 652 1926 in
671 1898 781 1928 (mlum.
803 1902 830 1924 tu
844 1897 897 1924 illic
909 1904 955 1929 es;
971 1896 995 1923 si

204 1947 370 1975 descendere
386 1946 412 1973 in
424 1946 572 1978 infernum,
591 1945 675 1978 ades;
688 1945 710 1971 si
727 1950 871 1978 sumpsero
891 1949 995 1976 pennas

205 2000 281 2020 meas
290 1991 421 2024 diluculo,
434 1995 463 2019 et
476 1990 636 2018 habitavero
649 1990 677 2017 in
692 1989 822 2017 extremis
837 1989 921 2016 maris
937 1997 945 2015 :
969 1992 997 2015 et

204 2039 277 2066 enim
295 2038 359 2066 illuc
372 2045 466 2064 manus
481 2042 526 2064 tua
543 2036 656 2064 deducet
671 2042 714 2063 me
732 2035 765 2062 “.
785 2044 795 2061 ι
814 2033 866 2062 Per
884 2034 996 2062 verbum

205 2084 316 2120 quidem
328 2082 488 2111 ascendendi
511 2089 570 2110 eam
582 2082 671 2110 crucis
685 2085 789 2116 partem
801 2082 930 2112 innuens,
939 2086 999 2114 quas

1048 889 1098 920 τὰς
1112 888 1246 921 διεξόδους
1278 889 1326 916 τοῦ
1341 891 1374 916 ἐκ
1393 890 1442 925 τῆς
1458 890 1533 922 θείας
1558 891 1680 926 πλευρᾶς
1695 892 1828 927 psum/2'4

1049 933 1155 965 ὓδατος.
1173 934 1277 969 Ἐφερε
1306 935 1335 961 δὲ
1361 935 1407 961 τὸν
1424 935 1542 971 Χριστὸν
1555 937 1593 968 ὠς
1614 937 1720 972 ὡραῖον
1736 939 1829 973 καρπὸν

1048 982 1078 1007 ὲν
1105 980 1144 1016 τῷ
1172 982 1374 1017 προωρισμένῳ
1397 983 1498 1019 καιρῷ.
1516 984 1552 1010 Τὸ
1577 984 1680 1019 φύλλον
1703 985 1732 1012 δὲ
1744 986 1828 1018 ἐνικιὶς

1047 1027 1097 1062 τὴν
1113 1027 1191 1062 ἰσχὺν
1208 1027 1256 1054 τοῦ
1271 1028 1393 1063 σταυροῦ
1406 1029 1682 1066 παρεδήλ.ωσεν,ἥτις
1694 1031 1744 1058 οὐκ
1758 1032 1829 1067 ἀπορ-

1049 1073 1190 1107 ῥυήσεται,
1220 1073 1280 1100 οὐδὲ
1301 1073 1436 1108 ἐπιλείψει
1461 1075 1614 1107 σκιάζουσα
1645 1077 1711 1108 τοὺς
1726 1078 1828 1109 πιστοὺς

1047 1118 1096 1144 τοῦ
1109 1119 1141 1144 ὲκ
1156 1118 1293 1153 δαιμόνων
1309 1119 1444 1155 φλογμοῦ,
1457 1119 1495 1153 ὡς
1514 1121 1552 1157 μὴ
1575 1122 1620 1148 τὸν
1640 1123 1748 1158 καρπὸν
1763 1124 1829 1158 ἡμῶν

1049 1163 1217 1201 ξηρανοῆναι
1249 1166 1288 1201 τῷ
1306 1166 1438 1198 καύσωνι,
1463 1168 1554 1200 καθὼς
1570 1170 1635 1204 περὶ
1650 1170 1703 1204 τοῦΔ
1712 1170 1829 1202 πεσόντος

1050 1210 1153 1245 σπόρου
1180 1211 1227 1237 ἐπὶ
1246 1211 1296 1247 τὴν
1313 1212 1417 1247 πέτραν
1446 1213 1596 1248 ἐμάθομεν,
1608 1201 1676 1241 *ἀλλ’
1690 1201 1747 1241 οἷον
1763 1225 1829 1242 σκια-

1050 1255 1112 1290 δίῳ,
1129 1255 1203 1282 κατὰ
1221 1256 1266 1283 τὸν
1290 1256 1406 1284 Ἡσαΐαν
1422 1259 1521 1291 εἰπεῖν,
1540 1259 1694 1286 σκέπεσθαι
1708 1260 1746 1295 τῷ
1771 1261 1830 1296 ξύλῳ

1048 1301 1088 1335 τῷ
1098 1301 1145 1327 τοῦ
1161 1302 1290 1338 σταυροῦ,
1308 1303 1342 1338 τῇ
1360 1302 1444 1329 αὑτοῦ
1455 1303 1569 1339 δυνάμει
1585 1305 1829 1340 κατασϐεννυμένου

1050 1347 1098 1373 τοῦ
1112 1347 1266 1375 καύσωνος.
1283 1349 1439 1384 Προμηνύει
1454 1349 1484 1375 δὲ
1496 1351 1542 1376 καὶ
1551 1349 1600 1385 τὴν
1617 1351 1698 1386 ἡμῶν
1706 1351 1750 1378 διὰ
1762 1360 1830 1378 σταυ-

1051 1392 1098 1427 ροῦ
1114 1393 1263 1429 σωτηρίαν,
1281 1395 1329 1419 καὶ
1346 1395 1396 1429 τὴν
1413 1395 1445 1420 ὲκ
1457 1394 1595 1429 δαιμόνων
1609 1396 1760 1429 ἀπώλειαν,
1777 1399 1829 1424 ποτὲ

1051 1437 1101 1472 μὲν
1114 1438 1210 1464 εἰπών·
1228 1449 1237 1464 ι
1248 1438 1278 1465 '0
1286 1439 1314 1465 δὲ
1329 1439 1396 1471 Θεὸς
1407 1440 1486 1474 ἡμῶν
1500 1441 1554 1476 πρὸ
1569 1442 1679 1469 αἰώνων
1693 1444 1829 1477 εἰργάσατο

1053 1483 1190 1519 σωτηρίαν
1205 1485 1235 1510 ἐν
1251 1485 1326 1520 μέσῳ
1346 1485 1395 1520 τῆς
1414 1486 1467 1520 γῆς
1480 1494 1488 1501 ⁸
1504 1495 1513 1512 ι
1532 1487 1597 1513 ποτὲ
1621 1487 1650 1514 δέ
1662 1496 1669 1503 ·
1695 1497 1704 1514 ι
1730 1490 1829 1517 Ἐνεπά-

1049 1537 1139 1564 γησαν
1154 1529 1218 1565 ἔθνη
1231 1531 1260 1557 ὲν
1272 1530 1371 1567 φθορᾷ,
1412 1532 1557 1567 ἐποίησαν.
1574 1543 1582 1560 ι
1599 1535 1630 1561 Τί
1643 1534 1725 1562 τοῦτο
1733 1535 1828 1570 λέγων;

1057 1576 1102 1602 Ἐν
1117 1577 1156 1612 τῷ
1176 1579 1286 1613 σταυρῷ
1315 1580 1488 1613 ὲμπαγέντες
1507 1581 1532 1606 ol
1545 1580 1685 1616 δαίμονες,
1701 1583 1731 1610 ὲν
1745 1580 1767 1618 ᾧ
1783 1584 1830 1611 δισ-

1049 1621 1159 1657 φθεῖραι
1174 1624 1221 1649 τ⁵ιν
1238 1623 1342 1658 Κύριον
1354 1623 1449 1658 ᾤοντο,
1466 1625 1576 1657 ἐξώλεις
1592 1626 1743 1655 ἀπώλοντο.
1762 1629 1830 1654 Ἀλλὰ

1049 1667 1097 1693 καὶ
1111 1667 1141 1693 τό
1153 1675 1160 1681 ·
1181 1676 1191 1692 ι
1211 1667 1306 1702 Ἀνέϐη
1322 1668 1361 1700 εἰς
1381 1668 1458 1702 ὕψος,
1475 1670 1690 1704 ᾐχμαλώτευσεν
1706 1673 1830 1708 αἰχμαλω-

1050 1711 1124 1745 σίαν,
1146 1721 1155 1738 ι
1176 1713 1192 1747 ἡ
1210 1713 1240 1739 ὲν
1253 1713 1290 1747 τῷ
1299 1715 1409 1749 σταυρῷ
1425 1716 1528 1742 νοεῖται
1541 1716 1687 1750 ἀνάϐασις,
1700 1719 1745 1744 καὶ
1756 1720 1771 1753 ἡ
1786 1719 1829 1744 τῶν

1054 1757 1238 1793 αἰχμαλώτων
1253 1759 1414 1794 ἀνάκλησις.
1430 1761 1463 1787 Τί
1478 1761 1505 1787 δὲ
1518 1762 1566 1788 καὶ
1583 1762 1623 1795 τὸ,
1641 1772 1651 1789 ι
1669 1764 1827 1798 Ἐσημεξωθη

1054 1805 1098 1840 ἐφ’
1111 1806 1187 1840 ἡμᾶς
1201 1805 1231 1831 τὸ
1245 1806 1302 1840 φῶς
1314 1806 1361 1832 τοῦ
1380 1806 1528 1842 προσώπου
1545 1817 1590 1834 σου
1602 1817 1610 1841 ;
1625 1818 1634 1835 ι
1653 1809 1684 1836 οὐ
1703 1810 1748 1836 τὸν
1760 1817 1828 1836 σταυ-

1051 1851 1097 1886 ρὸν
1122 1851 1250 1886 σημαίνει
1279 1852 1313 1878 δι’
1328 1849 1359 1879 οὖ
1373 1853 1565 1888 σημειούμεθα
1578 1863 1585 1887 ;
1602 1855 1650 1881 καὶ
1673 1855 1751 1882 τοῦτο
1764 1856 1789 1882 δὲ
1804 1855 1828 1880 τὸ

1050 1897 1144 1931 σχῆμα
1165 1897 1310 1932 ὑπέγραψε
1327 1897 1373 1924 τοῦ
1405 1900 1542 1933 σταυροῦ·
1558 1900 1632 1934 λέγει
1656 1902 1728 1937 γάρ·
1746 1911 1756 1927 ι
1777 1902 1828 1928 Ἐὰν

1048 1942 1142 1969 ἁναϐὦ
1167 1943 1207 1975 εἰς
1235 1943 1281 1970 τὸν
1307 1943 1432 1979 οὗρανὸν,
1448 1946 1479 1971 σὺ
1502 1946 1562 1972 ἐκεῖ
1591 1944 1635 1972 εἷ’
1654 1948 1703 1974 ἐὰν
1729 1947 1829 1974 καταθῶ

1051 1987 1092 2019 εἰς
1118 1988 1166 2014 τὸν
1186 1988 1264 2024 ᾅδην,
1280 1989 1380 2024 πάρει·
1399 1990 1448 2016 ἐὰν
1463 1990 1689 2027 ἁναλάῦοιμιτὰς
1704 1993 1829 2028 πτέρυγάς

1054 2041 1105 2068 μου
1135 2033 1196 2061 κατ’
1214 2033 1324 2069 ὄρθρον,
1351 2035 1399 2061 καὶ
1418 2037 1623 2072 κατασκηνώσω
1636 2039 1678 2070 είς
1693 2039 1726 2065 τὰ
1740 2039 1829 2073 ἔσχαται

1052 2079 1103 2114 τῆς
1130 2078 1280 2114 θαλάσσης,
1297 2079 1345 2106 καὶ
1367 2080 1423 2115 γὰρ
1450 2082 1510 2107 ἐκεῖ
1532 2083 1549 2117 ἡ
1570 2082 1631 2118 χείρ
1650 2091 1698 2110 σου
1713 2083 1830 2118 ὁδηγήσει

241 2157 264 2173 ⁸⁸
278 2157 357 2184 Deut.
373 2164 466 2188 uvttt,
479 2155 524 2183 66.
563 2155 585 2172 δ’
596 2155 669 2184 Psal.
689 2162 710 2188 ι,
724 2155 752 2182 5.
789 2154 812 2171 ¹⁰
822 2153 894 2182 Psal.
908 2155 993 2181 Lxxtti

1098 2152 1121 2168 “
1133 2152 1205 2180 Psal.
1218 2160 1256 2187 ιι,
1270 2152 1314 2180 18.
1352 2152 1552 2186 "Psal.t.svn,
1568 2153 1611 2181 i9.
1650 2155 1673 2171 ⁵³
1687 2154 1829 2186 Psal.tv,'l.

205 2192 230 2208 ”
260 2192 332 2220 l’sal.
359 2199 492 2223 cuum,
518 2191 545 2218 8.

819 2236 984 2267 Francisci
1002 2237 1108 2268 Scorsi
1126 2240 1222 2267 notis.

243 2302 300 2338 (78)
319 2301 359 2328 Ea:
375 2301 466 2336 pelago
485 2300 629 2338 heminam.
645 2299 762 2338 pictum“
777 2299 993 2338 hyperbolicum,
1011 2302 1034 2331 ῐ)
1047 2301 1080 2327 ei.
1109 2297 1194 2326 ldcm‘
1211 2297 1372 2326 Damascen.
1394 2298 1552 2334 Procopius,
1580 2304 1607 2326 et
1623 2299 1670 2327 hic
1683 2304 1770 2327 noster
1783 2299 1828 2327 Cc-

206 2334 278 2373 quod
292 2334 464 2373 proverbium
477 2337 557 2369 sapit,
571 2336 614 2373 cui
630 2334 800 2373 simileuillud
813 2334 932 2373 alterum
946 2334 996 2361 θά-

206 2368 312 2399 λασσαν
337 2372 455 2402 ἀντλεῖν,
485 2368 556 2396 mare
573 2370 689 2395 haurire.
714 2368 780 2395 Nam
808 2369 914 2395 hemina
945 2377 997 2395 vox

207 2407 313 2434 Latinis
339 2412 450 2438 usntata,
475 2405 520 2431 ubi
547 2404 633 2432 Graeci
661 2403 779 2438 κοτύλην
790 2403 894 2434 dicunt,
919 2410 1001 2437 parva

208 2449 334 2468 mensura
353 2446 395 2467 est
420 2437 569 2467 sextarium
593 2438 717 2465 dividens
740 2437 828 2472 primo
852 2437 1000 2466 bifariam:

207 2476 338 2506 Hemina,
355 2476 441 2509 inquit
468 2473 577 2509 chtu_s,
602 2481 634 2499 ex
661 2472 753 2500 (ἱνα-ιο
773 2473 859 2509 ἥμισυ
874 2474 943 2509 quod
964 2479 1002 2499 est

207 2511 319 2538 dimidia
334 2507 398 2545 pm
409 2510 529 2536 antarii.
542 2507 660 2535 Fannius
670 2509 775 2535 duobus
790 2507 930 2536 versiculis
943 2514 1000 2535 rem

207 2552 290 2574 totum
311 2545 440 2579 explicuit
460 2552 467 2572 :

207 2584 240 2607 At
256 2577 378 2614 Catyla‘s,
390 2587 455 2614 quas
469 2579 492 2605 εἰ
506 2577 607 2610 placeat
624 2577 730 2614 dixisse
740 2577 826 2604 licebit

207 2612 349 2646 ﬂamines,
375 2612 466 2648 recipit
484 2614 612 2648 geminas,
629 2612 763 2638 sextarius
780 2619 860 2648 unus.

244 2650 301 2684 (79)
329 2646 454 2684 “debitis
481 2646 562 2675 iitum
578 2653 698 2674 vestram.
720 2646 906 2684 Dictumillud
923 2646 1004 2674 Mosae

208 2681 297 2710 Deut.‘
314 2690 397 2711 xavttt
409 2683 460 2710 :Et
477 2683 526 2710 erit
545 2684 597 2708 vita
614 2689 659 2708 tuo
678 2682 754 2716 quasi
767 2681 879 2714 prudens
893 2687 954 2709 ante
966 2685 1009 2714 te,‘

209 2719 314 2746 timebis
331 2724 414 2750 nocte,
442 2724 464 2744 et
484 2718 536 2748 die,
552 2721 577 2743 et
593 2725 644 2743 non
658 2719 746 2742 credes
758 2716 836 2747 vitaz;
850 2717 881 2742 ad
893 2723 1002 2743 crucem

211 2753 403 2787 Christumque
417 2753 490 2787 inea
519 2752 655 2787 conﬁxum
672 2750 881 2787 accommodant
894 2751 1000 2787 Patres.

210 2785 415 2813 'l'ltendoret'us:
434 2785 511 2812 Nihil
530 2786 605 2820 pejus
626 2787 696 2811 inter
713 2785 865 2818 maledicta,
879 2793 937 2818 quia
948 2785 1000 2812 Ju-

212 2823 277 2847 da’il
291 2822 381 2847 merito
399 2821 530 2854 auperbiw
547 2820 712 2850 acciderunt,
727 2827 806 2852 quam
821 2821 910 2846 videre
918 2820 997 2846 vitam

213 2863 298 2888 tuum,
312 2855 338 2881 id
357 2861 394 2882 cu
407 2855 509 2882 Filium
538 2853 586 2880 Dei
601 2857 767 2888 pendentem,
781 2858 806 2880 ct
827 2862 879 2881 non
889 2854 996 2882 credere

1049 2341 1168 2361 rameus.

1087 2369 1142 2404 (80)
1161 2367 1225 2402 Ipsa
1241 2373 1363 2396 cruxeu.
1375 2369 1408 2395 Et
1425 2369 1469 2396 hic
1483 2369 1633 2397 versiculus
1650 2370 1744 2402 psalmi
1761 2370 1827 2404 primi

1051 2411 1098 2438 per
1113 2404 1390 2430 accommodationeln
1406 2404 1438 2430 de
1455 2411 1537 2431 cruce
1559 2405 1710 2438 explicatur
1727 2404 1828 2432 aTlteo-

1051 2437 1158 2472 plumea
1185 2445 1266 2472 quem
1297 2438 1380 2465 refert
1400 2437 1516 2465 Lorinus
1532 2439 1558 2466 in
1585 2437 1668 2473 hujus
1679 2439 1827 2468 Psalmiex-

1053 2473 1209 2506 plicatione,
1225 2472 1351 2508 itemque
1374 2473 1545 2508 Philotheum
1581 2472 1760 2508 patriarcharum
1781 2474 1826 2501 CP.

1053 2509 1149 2543 eodem
1169 2506 1249 2534 modo
1275 2506 1466 2543 explicantem.
1481 2506 1659 2536 Cassiodorus
1679 2512 1747 2543 apud
1763 2516 1827 2537 eum-

1054 2543 1114 2568 dem
1141 2541 1271 2568 Lurinum
1286 2541 1389 2577 omnia,
1416 2550 1476 2576 qua:
1488 2543 1515 2568 in
1533 2543 1580 2570 illo
1596 2541 1742 2577 psalmo—de
1762 2546 1828 2572 beato

1055 2577 1114 2603 viro
1138 2577 1275 2606 dicuntur.
1292 2576 1341 2603 soli
1356 2577 1464 2604 Christo
1480 2578 1538 2604 vult
1555 2576 1673 2605 maxime
1682 2580 1824 2608 convenire,

1054 2611 1175 2645 adeoque
1191 2616 1218 2649 et
1235 2611 1335 2645 lignum
1349 2620 1362 2638 a
1387 2612 1498 2649 Christo
1526 2612 1638 2644 habere,
1667 2617 1696 2639 ut
1711 2613 1828 2649 signiﬁcet

1054 2653 1162 2682 erucem
1191 2646 1337 2682 plantatam
1364 2653 1444 2674 secus
1473 2647 1603 2674 decursus
1634 2646 1780 2682 aquaru'm;
1806 2653 1827 2673 et

1054 2680 1192 2716 Christum
1220 2680 1307 2716 ipsum
1327 2680 1399 2714 ligno
1413 2683 1563 2716 comparari
1579 2680 1691 2716 propter
1713 2683 1825 2710 Crucem.

1052 2714 1124 2751 idem
1140 2721 1205 2741 vero
1225 2715 1260 2741 sit
1277 2714 1434 2742 adnotatum
1454 2714 1490 2743 de
1517 2714 1654 2743 nonnullis
1670 2718 1826 2751 sequentibus

1051 2748 1232 2789 Psalmorum,
1257 2750 1298 2776 vel
1323 2751 1515 2789 prophetarum
1543 2751 1621 2789 locis,
1640 2759 1700 2786 qua;
1710 2748 1826 2789 per_alle-

1049 2785 1165 2818 goriam,
1187 2785 1228 2811 vel
1249 2785 1531 2811 accommmlationem
1557 2787 1591 2813 de
1608 2785 1690 2814 cruce
1712 2785 1726 2813 ἐι
1748 2785 1825 2812 Theo-

1050 2819 1143 2852 phane
1158 2819 1285 2852 explicui
1301 2821 1467 2846 censendum
1481 2826 1531 2847 est.

1082 2853 1139 2889 (81)
1154 2853 1266 2889 Lignum
1283 2858 1340 2888 post
1356 2854 1506 2882 sectionem.
1536 2855 1601 2884 Vide
1629 2863 1709 2893 supra
1722 2860 1776 2884 not.
1788 2853 1825 2881 56.
