1850 3054
153 124 206 156 223

154 187 252 209 mater.
266 181 432 209 Gravitatem
450 179 614 208 calamitatis
633 179 724 213 vides;
741 184 768 207 et
781 187 835 214 quo
851 180 948 207 verbo-
961 178 985 208 Α

154 236 215 255 rum
234 227 394 262 compendio
411 234 466 254 rem
480 226 662 253 miserabilem
678 226 779 260 tragice
797 232 949 259 repraesen-

158 274 237 301 tavit.
253 272 322 306 Quid
339 272 412 299 enim
428 271 501 298 aliud
520 271 570 298 dici
587 270 737 302 existimas,
754 277 834 304 quam
850 269 948 296 nullam

154 319 384 354 procreandorum
401 319 549 345 liberorum
565 325 640 351 spem
658 318 788 351 reliquam
801 323 872 346 esse,
891 323 950 350 qua;

155 366 246 393 amissi
261 365 306 392 filii
322 364 496 392 acerbitatem
512 364 637 399 mitigare
649 363 761 397 posset?
775 362 861 389 Vidua
876 362 948 389 enim

155 412 253 438 mulier
277 416 346 438 erat.
366 411 423 438 Non
451 409 577 441 ltabebat,
604 410 631 436 in
657 417 736 443 queui
763 409 880 435 defuncti
904 408 948 434 lilii

155 458 215 484 loco
226 461 396 484 converteret
407 456 519 489 oculos;
535 455 649 490 unigena
665 455 764 489 quippe
778 459 846 480 erat.
860 453 950 486 Quatt-

155 509 212 530 tutn
230 511 294 530 vero
321 504 346 529 in
369 503 421 529 hoc
438 502 473 529 sit
499 501 573 534 ntali,
595 501 725 535 intelliget
753 500 832 527 facile
853 499 899 534 qui
917 499 950 526 ah

155 550 273 577 humana
290 553 385 575 natura
401 555 454 574 non
471 547 670 581 peregrinatur.
690 547 716 573 In
730 553 762 573 eo
787 546 844 573 solo
857 545 950 573 fuerat

155 595 263 621 dolores
279 599 372 627 partus
394 598 522 627 experta;
546 593 607 619 huic
625 592 673 619 soli
697 592 848 627 prmbuerat
865 601 949 619 rnam-

156 649 232 672 mas;
256 641 328 667 solus
353 647 472 666 mensam
496 639 675 670 exhilarabat,
698 640 771 665 solus
796 643 854 665 erat
877 638 948 665 domi

155 686 255 713 laetitiae
279 693 376 719 seges;
401 685 458 712 sive
484 685 597 716 ludicra,
623 685 678 711 sive
703 684 773 711 seria
797 690 899 718 ageret,
923 689 950 711 et

156 731 363 765 quibuscunque
386 730 626 757 exercitationibus
650 730 725 756 daret
749 738 874 763 uperatu;
893 731 950 757 sive

157 777 183 804 in
206 776 277 809 foro,
297 777 354 803 sive
371 778 395 803 in
416 776 622 810 palarstra,sive
647 776 672 802 iu
692 775 834 810 aequalium
851 782 950 802 corona

155 823 374 857 cmtspiccretur;
388 822 518 856 quidquid
533 821 627 848 matris
636 821 720 848 oculis
732 821 810 848 dulce
821 822 950 848 charum-

157 876 210 902 que
226 874 316 902 posset
338 875 491 899 occurrere,
508 868 534 894 in
550 875 581 894 eo
598 868 656 894 solo
671 867 788 901 positum
804 873 873 894 erat.
888 866 947 893 Jam
968 855 987 883 Β

157 915 285 942 ducendm
295 915 388 940 uxoris
403 919 536 946 maturus,
563 914 644 940 totius
656 914 761 947 gcncris
779 914 862 947 stirps
878 913 951 947 ejus-

157 968 209 994 que
230 959 393 994 propagandi
413 967 515 990 ramus,
533 965 559 985 ct
584 959 778 985 adminiculum
803 958 951 984 senectutis

157 1011 226 1032 crat.
241 1005 294 1032 Sed
311 1005 398 1031 aetatis
415 1005 630 1031 additamentum
647 1005 719 1031 aliud
736 1005 885 1030 iumentum
899 1008 950 1030 est.

156 1052 224 1078 Cum
242 1052 312 1078 enim
327 1051 526 1078 adolescentem
542 1051 621 1082 dixit.
640 1050 733 1076 ﬂorem
748 1051 836 1076 (elatis
860 1057 950 1076 emar—

157 1097 247 1124 cuisse
261 1096 408 1123 denotavit.
427 1096 477 1122 Cui
500 1096 608 1130 quidem
627 1097 712 1130 prima
736 1096 833 1130 lanugo
854 1096 951 1122 vestie-

156 1147 199 1169 rat
217 1149 311 1176 genas,
329 1143 447 1169 nondum
463 1143 496 1169 ad
510 1142 610 1176 justam
629 1142 718 1169 barba:
736 1143 950 1177 magnitudinem

156 1194 246 1221 aucta,
265 1193 291 1214 et
306 1189 331 1215 in
345 1189 421 1222 genis
439 1189 520 1215 etiam
545 1192 608 1215 tunc
624 1189 825 1222 pulchritudine
843 1189 953 1215 interlu-

157 1239 247 1261 cente.
264 1234 294 1261 In
316 1242 409 1261 amore
437 1242 468 1261 ac
485 1234 621 1261 desiderio
645 1235 765 1260 omniunt
793 1241 859 1268 puer
881 1238 949 1260 erat.

157 1280 280 1314 ltmuptze
297 1280 358 1306 talis
375 1279 469 1314 sponsi
497 1279 671 1312 conjugium;
699 1278 828 1313 coniuges
853 1279 950 1313 progi-

156 1332 239 1359 gnere
259 1323 326 1350 tales
342 1324 409 1350 filius
425 1324 492 1350 vatis
506 1324 652 1357 optabant;
670 1331 748 1350 senes
766 1323 827 1350 huic
844 1324 951 1349 adules-

155 1370 239 1400 centi.
255 1375 283 1395 ut
299 1370 406 1403 proprio
423 1369 486 1400 lilio,
506 1368 661 1395 studebant.
679 1367 764 1395 Vidua
784 1376 848 1395 vero
865 1373 952 1395 mater

157 1415 298 1448 complexu
314 1422 343 1441 se
357 1415 412 1441 lilio
428 1414 570 1448 implicans
592 1414 739 1441 identidem
754 1414 909 1446 lmtabatur,
925 1420 951 1441 et

156 1468 189 1487 ex
205 1461 284 1487 labiis
298 1460 403 1493 ﬂorem,
427 1461 554 1486 ruborem
570 1467 602 1486 ex
617 1460 702 1494 genis,
727 1460 831 1487 osculis
855 1461 951 1486 decer-

156 1506 247 1540 pebat.
269 1506 415 1532 Cincinuos
443 1505 521 1532 modo
539 1505 670 1539 illigabttl,
688 1506 767 1531 tnodo
793 1505 950 1539 quatiendos

158 1551 316 1577 remittebat
330 1551 414 1582 auris,
432 1555 457 1576 et
476 1550 600 1577 fortassis
615 1550 695 1576 etiam
713 1550 805 1577 infelix
829 1550 949 1577 formoso

153 1596 245 1630 juveni
267 1604 394 1631 sponsam
419 1597 586 1630 despondere
611 1597 756 1631 cogitabat,
790 1597 948 1623 etcircum-

157 1642 289 1676 spiciebat
306 1642 424 1676 virgines
441 1650 472 1668 ex
489 1643 586 1675 quibus
606 1643 858 1676 praestantissimam
874 1643 949 1678 lege-
974 1648 977 1651 ‘

156 1692 215 1714 ret:
229 1693 255 1714 et
266 1688 394 1714 corollam
410 1687 459 1722 (9),
471 1693 495 1714 et
509 1687 671 1721 thalamum,
681 1687 948 1723 et3ﬁhymenaeum

157 1734 320 1760 somniabat.
331 1732 403 1767 Quin
419 1734 501 1761 etiam
517 1734 539 1760 si
554 1734 618 1768 quid
632 1735 657 1760 in
673 1741 800 1761 sermone
813 1734 948 1761 communi

158 1779 269 1806 dubium
285 1779 463 1814 jurejurando
489 1779 704 1806 confirmandum
734 1780 882 1811 accideret,
902 1787 950 1814 per

158 1829 241 1858 caput
256 1824 321 1851 illud
338 1821 512 1859 jurahatilta
530 1824 604 1851 fruar
630 1825 709 1850 unico
733 1829 797 1851 nato
816 1831 887 1856 meo,
911 1825 949 1850 sic

157 1871 218 1904 ejus
233 1879 361 1898 coronam
377 1871 493 1898 osculari
514 1871 602 1902 detur,
619 1871 659 1898 sic
670 1871 728 1904 ejus
740 1871 810 1898 ﬁlios
824 1873 948 1903 educem,

159 1917 196 1944 ita
217 1917 287 1944 inter
313 1917 372 1950 ejus
397 1925 494 1944 manus
509 1916 565 1952 (10)
581 1916 778 1951 jucundissime
802 1917 948 1950 exspirem.

157 1963 247 1998 Atque
261 1963 297 1989 ita
311 1968 395 1990 mater
407 1962 492 1989 solum
505 1963 625 1996 spirabat
641 1962 743 1989 filium:
767 1962 848 1996 idque
863 1962 948 1989 solum
964 1991 968 1992 ν

158 2008 277 2036 habebat
292 2008 353 2035 vitae
372 2008 510 2035 solatium.
529 2008 563 2034 At
583 2015 648 2034 vero
667 2007 802 2034 horrenda
828 2015 901 2034 mors
919 2007 952 2034 il-

158 2055 214 2082 lum
231 2054 371 2086 invadens,
395 2061 457 2088 spes
475 2055 601 2081 meliores
616 2053 749 2088 praecidit,
766 2053 791 2079 in
812 2054 868 2087 ipsa
882 2053 950 2079 ado-

158 2102 286 2130 lcscentia
297 2110 357 2129 eum
368 2110 382 2130 e
392 2102 447 2129 vita
460 2102 627 2136 praeripiens.
642 2101 729 2128 Grave
742 2108 822 2135 porro
834 2099 949 2134 parenti,

158 2157 189 2175 ac
204 2149 283 2184 plane
306 2149 438 2183 tragicum
469 2148 647 2175 infortunium
675 2147 777 2174 illatum
805 2151 855 2173 cst.
888 2142 949 2178 Quo

157 2193 228 2219 enim
251 2194 342 2220 animo
368 2192 452 2219 fuisse
476 2192 641 2219 existimatis
667 2198 847 2218 aerumnosam
876 2190 947 2216 illam
962 2197 989 2226 ι)

158 2242 283 2269 matrem,
298 2239 320 2265 si
338 2243 426 2264 tamen
443 2238 532 2264 auitua
550 2238 575 2263 in
592 2245 623 2264 ea
637 2237 783 2268 residebat,
802 2244 862 2263 cum
874 2236 948 2262 vide-

159 2287 199 2310 ret
217 2284 407 2310 charissimum
429 2289 522 2310 natum
542 2283 597 2317 jam
615 2283 794 2312 deficientem.
811 2288 839 2309 et
856 2286 948 2309 extre-

158 2337 216 2355 mos
230 2330 345 2356 cientem
357 2329 479 2362 spiritus,
495 2334 522 2356 et
539 2329 582 2355 vix
594 2335 720 2362 suprema
732 2328 812 2355 matri
825 2328 949 2354 mandata

158 2374 214 2410 (Η)
234 2374 470 2402 committentem?
493 2374 551 2407 Qua
567 2374 692 2402 oratione
717 2374 878 2406 describam,
897 2380 950 2407 quo

753 121 1003 152 THEOPHANIS
1023 121 1197 151 CERAMEI

1754 114 1820 147 224

999 178 1067 213 ὁρᾷς
1082 178 1112 204 τὸ
1132 178 1216 213 βάρος
1232 177 1282 211 τῆς
1298 176 1461 211 συμφορᾶς
1479 175 1537 207 πῶς
1553 175 1583 202 ὲν
1601 175 1712 208 ὀλίγοις
1731 175 1748 200 ὁ
1768 173 1822 199 λό-

1000 231 1048 257 γος
1063 223 1093 249 τὸ
1112 222 1198 253 πάθος
1224 221 1440 256 ὲξετραγῴδησε.
1458 221 1492 247 Τί
1517 221 1572 255 γάρ
1592 221 1654 247 ἐστι
1667 220 1701 246 τὸ
1729 219 1824 251 λεγὸ-

1002 277 1082 304 μενον
1095 277 1102 301 ;
1116 269 1173 295 Οὐκ
1189 266 1223 303 ἦν
1239 268 1324 302 αὐτῆς
1340 267 1513 298 παιδοποιΐας
1530 267 1611 298 ἐλπὶς
1625 267 1680 301 τὴν
1698 266 1757 291 ἐπὶ
1778 265 1825 298 τῷ

1000 316 1154 341 ἐκλείποντι
1185 315 1330 349 συμψορὰν
1368 314 1670 349 θεραπεύουσαθχήρει
1707 313 1776 346 γὰρ
1807 312 1826 346 ἠ

1001 360 1071 394 γυνή
1086 367 1093 374 ·
1107 361 1158 386 οὐκ
1174 358 1230 394 εἷχε
1244 359 1312 394 πρὸς
1324 359 1419 392 ἕτερον
1433 359 1494 385 ἀντὶ
1504 358 1551 384 τοῦ
1576 358 1826 391 κατοιχουμένον

1001 404 1132 440 βλέπειν·
1151 406 1298 440 μονογενὴς
1326 405 1380 438 γὰρ
1405 405 1418 430 ὁ
1448 405 1536 435 τόκος.
1555 405 1640 430 Ὀσον
1662 404 1694 430 δὲ
1713 404 1751 428 τὸ
1775 402 1829 428 ἐπὶ

999 449 1095 475 τούτου
1113 449 1208 479 κακὸν,
1226 449 1317 483 ῥᾴδιον
1345 449 1461 474 συνιδεῖν
1482 448 1519 483 τῷ
1543 449 1579 484 μὴ
1602 447 1829 482 ἀποξενομὲνῳ

1000 495 1050 528 τῆς
1066 493 1185 527 φύσεως.
1201 494 1290 520 Μόνον
1306 494 1334 519 ὲν
1345 493 1439 519 ὠδῖσιν
1455 494 1558 520 ἐκεῖνον
1583 493 1747 528 ἐγνώρισε,
1772 492 1831 527 μό-

1001 549 1046 567 νον
1056 541 1118 571 ταῖς
1131 540 1227 574 Θηλαῖς
1242 540 1340 567 τοῦτον
1356 540 1538 576 ὲτιϐηνίσατο,
1551 541 1629 574 μόνος
1651 541 1732 574 αὐτῇ
1750 548 1830 573 φαι-

1000 585 1068 619 δρὰν
1094 585 1182 611 ἐποίει
1204 585 1253 619 τὴν
1278 585 1430 619 τράπεζαν,
1455 585 1535 620 μόνος
1551 583 1585 616 ἦν
1601 585 1654 617 τῆς
1669 585 1754 611 κατὰ
1775 584 1830 610 τὸν

1000 628 1075 656 οἷκον
1092 630 1273 665 φαιδρότητος
1291 631 1307 665 ἡ
1326 630 1465 662 ὑπόθεσις,
1480 630 1599 661 παίζων.
1623 630 1826 661 σπουδάζων,

1000 675 1183 709 ἀσκούμενος,
1213 675 1427 711 φαιδρυνόμενος
1438 676 1467 701 ὲν
1488 676 1625 710 προόδοις,
1646 676 1679 702 ὲν
1707 675 1830 701 παλαί-

1002 730 1109 757 στραις,
1123 722 1152 748 ὲν
1166 722 1308 756 συλλόγοις
1323 722 1458 756 νεότητος.
1482 723 1539 748 Πᾶν
1561 722 1602 748 ὅτι
1625 722 1747 757 μητρὸς
1770 723 1830 756 ὀφ-

1001 768 1114 801 Οαλμοῖς
1141 768 1228 801 γλυκύ
1259 776 1299 798 τε,
1329 768 1377 794 καὶ
1395 768 1495 802 τίμιον,
1521 768 1602 802 μόνος
1629 769 1754 799 ἐκεῖνος
1776 765 1828 793 ἦν.

1003 816 1073 849 Ἤδη
1086 814 1134 841 τοῦ
1146 814 1237 849 γάμου
1266 814 1315 848 τὴν
1333 813 1408 848 ὥραν
1425 814 1509 847 ἄγων,
1526 815 1539 840 ὁ
1555 814 1603 840 τοῦ
1633 814 1749 847 γένους
1773 814 1830 848 ὅρ-

1003 861 1069 896 πηξ,
1086 862 1100 887 ό
1117 861 1166 895 τῆς
1179 861 1304 895 διαδοχῆς
1316 860 1424 891 κλάδος,
1443 861 1459 894 ἡ
1473 860 1612 895 βακτηρία
1627 859 1683 886 τοῦ
1700 860 1830 893 γήρως.

1009 907 1090 934 Ἀλλὰ
1103 907 1150 933 καὶ
1177 907 1226 941 τῆς
1242 906 1352 941 ἡλικίας
1371 905 1516 939 προσθήκη
1537 905 1617 936 ἄλλος
1635 905 1770 939 Θρῆνος.
1796 904 1830 929 '0

1002 953 1056 988 γὰρ
1068 953 1179 979 νεανίαν
1195 951 1292 983 εἰπὼν,
1307 951 1337 977 τὸ
1352 951 1431 982 ἄνθος
1451 949 1512 976 εἷπε
1535 951 1584 985 τῆς
1607 951 1830 985 μαρανῦεέσης

1003 999 1087 1033 ὧρας.
1107 999 1187 1033 Ἀρτι
1213 998 1270 1028 τοῖς
1298 997 1395 1027 ἰούλοις
1411 996 1625 1031 ὑποχλοὰζοντα,
1647 996 1742 1023 οὔπω
1774 997 1830 1022 τοῦ

1004 1045 1134 1079 πώγωνος
1161 1045 1204 1071 διὰ
1224 1045 1323 1079 βάθους
1339 1044 1598 1076 ὑποπιμπλάμενον,
1615 1043 1656 1070 ἔτι
1683 1045 1731 1076 τί)
1750 1043 1832 1069 κάλ-

1002 1091 1043 1117 λει
1059 1091 1113 1117 τῶν
1138 1090 1260 1126 παρειῶν
1286 1089 1482 1116 ἀποστίὸοντ-ι.
1503 1090 1655 1124 Ἐράσμιος
1687 1087 1748 1125 ἦν,
1774 1091 1831 1115 καὶ

1004 1136 1176 1171 ποθούμενος
1204 1137 1287 1162 πᾶσιν
1313 1136 1327 1161 ὁ
1343 1137 1418 1167 παῖς.
1438 1136 1470 1162 Ai
1487 1135 1620 1170 παρθένοι
1643 1136 1832 1171 ὲπηὺχοντο

1006 1182 1129 1208 τοιούτου
1142 1182 1261 1216 νυμφῖου
1277 1181 1406 1215 γενέσθαι
1418 1181 1553 1215 ὀμόζυγες
1565 1189 1572 1196 ·
1591 1181 1618 1207 αί
1637 1181 1696 1207 ὑπὸ
1712 1181 1830 1215 ζυγὸν,

1005 1227 1145 1259 τοιούτους
1162 1228 1236 1263 ἔχειν
1252 1227 1338 1258 υἱούς.
1356 1228 1387 1254 οι
1406 1227 1534 1261 γέροντες
1548 1227 1585 1260 τῷ
1603 1227 1703 1262 νεανίᾳ
1723 1235 1830 1261 προσ-

1003 1277 1085 1310 εῖχον,
1114 1275 1151 1305 ὡς
1175 1275 1268 1310 οἰκείῳ
1288 1275 1375 1302 παιδί.
1396 1275 1428 1301 Ἦ
1452 1275 1480 1301 δὲ
1498 1276 1570 1310 χήρα
1591 1275 1689 1310 μήτηρ
1709 1275 1829 1310 ἔχαιρε

1004 1321 1107 1356 θαμινὰ
1123 1321 1346 1356 περιπλεκομένη
1361 1321 1400 1355 τῷ
1417 1321 1479 1355 υἱῷ,
1496 1321 1543 1348 καὶ
1561 1321 1679 1355 φιλοῦσα
1705 1321 1760 1357 τῷ
1776 1322 1829 1348 ἐπὶ

1003 1368 1050 1394 τοῦ
1072 1368 1178 1402 χείλους
1194 1368 1273 1399 ἄνθος
1287 1367 1334 1393 καὶ
1349 1367 1398 1402 τῆς
1413 1369 1532 1402 παρειᾶς
1548 1368 1578 1394 τὸ
1592 1369 1752 1403 ἐρύθημα,
1773 1369 1829 1395 καὶ

1002 1414 1065 1444 τοὺς
1083 1413 1249 1448 βοστρύχους
1266 1413 1331 1439 ποτὲ
1346 1413 1396 1448 μὲν
1408 1413 1610 1446 ἁναπλέκουσα,
1629 1415 1699 1440 ποτὲ
1713 1414 1753 1440 δὲ
1768 1415 1823 1440 ἀν-

1005 1461 1067 1486 εῖσα
1081 1460 1142 1490 ταῖς
1153 1458 1254 1493 αὔραις
1279 1458 1480 1492 περισοϐολεῑν.
1495 1459 1574 1494 Τάχα
1594 1467 1645 1485 που
1669 1460 1687 1494 ή
1707 1460 1826 1492 ἀθλία,

1003 1506 1051 1533 καὶ
1079 1505 1189 1540 νύμφην
1215 1506 1331 1538 ἀγαγεῖν
1353 1505 1524 1539 ὲφαντάζετο
1538 1505 1577 1539 τῷ
1593 1505 1673 1539 καλῷ
1695 1506 1823 1541 νεανίᾳ,

1002 1553 1048 1578 καὶ
1074 1551 1123 1583 τὰς
1153 1551 1307 1585 παρθένους
1337 1551 1519 1585 περιεσκόπει
1547 1550 1729 1585 ἐκλεγομένη
1769 1553 1826 1586 τὴν

1001 1598 1158 1632 κρείττονα,
1185 1596 1234 1622 καὶ
1261 1597 1307 1623 τὸν
1332 1596 1466 1630 στέφανον
1483 1596 1665 1631 ὀνειροπόλει,
1687 1598 1747 1623 καὶ
1767 1598 1826 1632 τὴν

1001 1643 1137 1674 παστάδα,
1164 1643 1211 1669 καὶ
1245 1642 1291 1668 τὸν
1316 1642 1458 1676 ὑμέναιον.
1474 1641 1566 1668 Ἦπου
1587 1643 1635 1668 καὶ
1655 1642 1753 1677 ὅρκος
1786 1641 1826 1678 ἦν

1001 1690 1069 1724 αὑτῇ
1095 1689 1124 1714 ὲν
1149 1689 1206 1718 τοῖς
1220 1687 1275 1714 τῶν
1300 1687 1388 1721 λόγων
1402 1688 1567 1723 ἀμφιϐόλοις
1586 1689 1600 1714 ὁ
1615 1689 1697 1720 παῖς,
1718 1688 1825 1719 οὕτως

1000 1733 1118 1768 ὀναίμην
1134 1733 1180 1759 τοῦ
1198 1732 1361 1766 μονογενοῦς
1380 1742 1429 1767 μου
1456 1733 1525 1764 υῑοῦ,
1537 1733 1610 1759 οὕτω
1623 1733 1671 1760 τὸν
1692 1734 1823 1760 ἐκείνου

1003 1781 1151 1814 φιλήσαιμι
1170 1779 1316 1812 στέφανον.
1338 1778 1411 1804 οὕτω
1423 1779 1526 1805 παίδων
1541 1779 1646 1804 ἐκείνου
1667 1780 1825 1815 γενοίμην

1001 1825 1114 1861 τροφὸς,
1140 1824 1211 1850 οὕτω
1241 1825 1301 1855 ταῖς
1312 1825 1359 1850 τοῦ
1375 1824 1433 1850 υἱοῦ
1446 1825 1543 1860 χερσὶν
1559 1825 1645 1859 ἡδέως
1658 1826 1825 1861 ἐναποψύ-

1001 1871 1090 1904 ξαιμι.
1119 1869 1190 1895 Ἀλλ’
1207 1869 1286 1904 ἡμὲν
1307 1869 1399 1904 μήτηρ
1411 1868 1498 1900 οὕτως
1520 1870 1633 1895 ἁνέπνει
1657 1870 1752 1904 μόνον
1774 1880 1827 1905 μυ-

1000 1915 1107 1950 νονουχὶ
1121 1915 1167 1941 τὸν
1181 1914 1278 1947 παῖδα,
1295 1915 1326 1940 τὸ
1343 1914 1431 1948 γλυκὺ
1449 1915 1518 1950 αὐτῇ
1533 1914 1729 1949 παραμύθιον.
1749 1917 1784 1943 Ὀ
1793 1917 1826 1943 δὲ

1001 1961 1081 1996 φόνος
1092 1960 1220 1996 ῥαγδαῖος
1235 1959 1386 1992 ἐπιπεσὼν,
1401 1959 1565 1986 ἑπισκόπτει
1578 1960 1629 1992 τὰς
1647 1962 1825 1996 χρηστοτέ-

1003 2016 1054 2043 ρας
1069 2006 1181 2037 ἐλπίδας
1193 2006 1357 2040 ἀναρπάσας
1374 2006 1457 2032 αὑτδν
1469 2006 1520 2040 τῆς
1539 2005 1614 2040 ζωῆς
1636 2006 1668 2032 ὲν
1687 2007 1768 2042 αὐτῇ
1787 2010 1826 2043 τῇ

1002 2053 1122 2088 νεότητι.
1147 2052 1222 2085 Βαρὺ
1248 2052 1277 2078 δέ
1304 2060 1330 2078 τι
1348 2051 1395 2078 καὶ
1416 2051 1551 2086 τραγικδν
1564 2052 1652 2083 πάθος
1664 2054 1702 2088 τῇ
1721 2055 1827 2089 μητρὶ

1003 2098 1166 2133 συνηνέχθη.
1181 2098 1249 2125 Τίνα
1261 2098 1316 2132 γὰρ
1329 2097 1419 2132 ψυχὴν
1446 2097 1595 2132 ἐσχηκέναι
1607 2098 1749 2133 νομίζετε
1765 2100 1827 2134 τὴν

1001 2144 1123 2171 δειλαίαν
1136 2144 1246 2178 ἐκείνην
1262 2143 1380 2178 μητέρα,
1397 2144 1421 2170 εἰ
1440 2144 1510 2175 τέως
1525 2141 1583 2179 εἶχε
1608 2143 1716 2180 ψυχὴν,
1739 2146 1826 2179 ὁρῶ-

1003 2199 1053 2216 σαν
1074 2189 1307 2226 ψυχορραγοῦντα
1335 2189 1380 2216 τδν
1409 2189 1549 2223 φίλτατον,
1567 2190 1615 2216 καὶ
1631 2190 1668 2216 τὰ
1700 2191 1825 2225 ἔσχατα

1004 2235 1132 2266 πνέοντα,
1163 2234 1212 2260 καὶ
1229 2233 1307 2268 μόλις
1328 2234 1538 2269 ὲπισκήπτοντα
1554 2235 1587 2269 τῇ
1603 2234 1695 2268 μητρὶ
1712 2236 1753 2262 τὰ
1769 2245 1824 2262 τε-

1003 2281 1128 2311 λευταῖα,
1154 2280 1201 2306 καὶ
1233 2279 1523 2314 συντακτήρια;Πῶς
1556 2281 1743 2314 παραστήσω
1777 2282 1825 2317 τῷ

1003 2327 1075 2362 λόγῳ
1090 2327 1163 2357 ὅπως
1174 2327 1187 2353 ὁ
1205 2326 1254 2361 μὲν
1273 2326 1333 2357 νέος
1348 2325 1387 2360 τῷ
1404 2325 1514 2360 σφοδρῷ
1524 2325 1637 2361 πυρετῷ
1649 2327 1729 2353 κατὰ
1741 2327 1824 2362 βρα-

1004 2373 1037 2408 χὺ
1056 2372 1232 2408 ἐμαραίνετο,
1282 2371 1311 2398 δὲ
1327 2371 1419 2407 μήτηρ
1431 2371 1587 2406 παρίστατο
1602 2371 1755 2407 περιδεὴς,
1766 2374 1825 2400 καὶ

777 2449 937 2479 Francisci
955 2449 1060 2480 Scorsi
1079 2452 1173 2479 nota).

195 2514 234 2549 (9)
250 2514 282 2540 Et
299 2513 560 2549 corollnmaCorollre
573 2512 739 2549 mentionem
750 2512 838 2549 injicit
853 2515 947 2538 auctor

158 2546 282 2577 ex‘ntore
303 2549 409 2581 rituque
431 2548 585 2575 Grazcoruut
602 2547 648 2580 qui
680 2546 883 2573 matrimonium
903 2553 947 2572 so-

159 2586 250 2611 lemne
263 2590 323 2609 cum
349 2580 454 2614 incutit,
474 2583 598 2608 coronari
623 2581 721 2608 solent.
739 2581 766 2608 lu
784 2580 947 2614 Euchologio

159 2620 279 2653 ipsorum
292 2618 367 2650 longa
383 2623 424 2653 est
435 2617 582 2643 ἀκολουθία
593 2615 645 2653 τοῦ.
657 2616 880 2653 στεφανῴματος,
897 2617 948 2641 hoc

159 2651 200 2681 est
221 2653 296 2683 ordo,
322 2660 367 2678 σειι
386 2652 453 2678 ritus
480 2651 660 2678 coronaliouis
682 2652 771 2685 sponsi
794 2655 817 2677 et
834 2657 947 2684 sponsis.

196 2698 251 2732 (i0)
274 2697 316 2724 Ita
331 2698 402 2724 inter
422 2698 479 2732 ejus
495 2706 599 2724 manus.
629 2697 803 2724 Notissintum
830 2701 946 2732 matrum

158 2730 261 2759 votum.
279 2732 374 2758 Senec.
389 2730 524 2759 Coitwlat.
539 2731 572 2758 ad
586 2732 714 2762 Helviam,
731 2739 790 2765 cap.
807 2732 840 2758 16
855 2740 861 2757 :
877 2730 945 2757 Deos

161 2775 218 2798 oro,
233 2767 367 2799 contingat
380 2767 449 2793 hunc
475 2767 547 2792 nobis
567 2767 661 2793 habere
674 2767 851 2799 superstitem.
870 2765 946 2792 Alter

162 2802 260 2827 Seucc.
274 2801 366 2827 Contr.
380 2808 394 2825 v
409 2808 415 2826 :
429 2800 472 2826 Ita
485 2801 547 2826 mihi
562 2802 700 2832 superstite
711 2801 766 2834 ﬁlio
779 2800 844 2826 mori
855 2799 944 2827 liceat.

162 2835 225 2863 huic
238 2835 346 2868 querela
364 2835 389 2862 iu
405 2835 490 2862 veteri
504 2834 682 2870 inscriptione
698 2835 827 2864 solemnis
848 2843 855 2861 :

1055 2511 1145 2544 Quod]
1156 2510 1242 2537 decuit
1264 2514 1354 2535 nutum
1380 2510 1452 2542 potri
1471 2515 1600 2536 immutare
1628 2511 1753 2544 sepulta,

1111 2545 1166 2571 Iloc
1183 2549 1276 2571 contra
1288 2549 1351 2571 nato
1371 2545 1495 2578 praestitit
1509 2545 1564 2579 ipse
1581 2553 1694 2578 parens.

1038 2591 1094 2626 (H)
1112 2590 1241 2623 Suprema
1266 2590 1347 2626 matri
1369 2589 1509 2626 mandata.
1539 2589 1577 2616 lla
1593 2589 1818 2626 interpretatus

1002 2623 1062 2652 sum
1082 2623 1174 2652 vocem
1191 2624 1402 2658 συντακτήριον,
1419 2624 1537 2658 primum
1555 2623 1666 2654 quidem
1687 2632 1722 2651 ex
1737 2634 1818 2653 con-

1001 2661 1118 2694 jectura,
1144 2659 1242 2686 deinde
1261 2667 1322 2685 cum
1343 2659 1376 2685 ad
1402 2664 1480 2694 notas
1505 2659 1589 2685 hasce
1615 2658 1818 2687 elaboraudas

1003 2693 1113 2722 Patrum
1133 2694 1247 2721 aliorum
1263 2694 1376 2726 scripta,
1400 2697 1427 2720 et
1443 2693 1625 2727 interpretum
1643 2699 1726 2720 notas
1746 2703 1819 2727 per-

1001 2730 1170 2759 volutaretn,
1206 2728 1362 2755 confirmari
1393 2728 1651 2760 interpretationem
1690 2736 1788 2755 meam
1808 2750 1816 2759 ,

1001 2771 1115 2797 eamque
1132 2770 1225 2790 vocem
1244 2769 1324 2789 sensu
1339 2769 1352 2788 a
1368 2770 1410 2789 me
1426 2762 1534 2789 reddito
1547 2769 1568 2797 Aa
1588 2761 1695 2797 Grafcis
1714 2763 1817 2790 Patri-

1002 2799 1051 2825 bus
1067 2795 1223 2831 usurpatam
1239 2797 1377 2830 comperi;
1403 2805 1465 2824 nam
1484 2795 1554 2831 apud
1581 2796 1715 2831 profanos
1736 2799 1815 2825 scri-

1000 2838 1092 2868 ptores
1112 2832 1190 2868 hujus
1209 2831 1332 2860 vocabuli
1347 2833 1500 2867 exemplum
1518 2831 1634 2860 nullunt.
1656 2833 1686 2860 Id
1703 2833 1811 2861 obser-
