1850 3054
52 141 96 172 229

729 140 895 171 HOMILIA
915 142 967 172 VI.

1614 148 1668 179 230

53 196 98 225 τοῖς
113 193 158 219 τοῦ
172 193 269 224 mea;
284 192 318 219 τὰ
336 193 436 228 ἑαυτῆς
452 194 659 229 συναρμόσασα,
685 195 771 230 ἀπρὶξ
784 195 817 221 εἴ-

907 197 1025 229 itiebant,
1051 197 1158 225 eminus
1181 198 1349 234 conspicata,
1367 199 1400 226 ad
1425 199 1541 227 loculum
1564 203 1669 231 accedit

52 247 105 273 χετο
129 240 175 264 καὶ
187 240 294 273 γοεροίς
306 239 500 274 κατησπάζετο
511 240 637 275 θρήνοις·
651 241 771 272 τοιοῦτός
785 250 828 268 σοι

53 284 165 316 λέγουσι,
177 283 286 315 τέκνον,
307 283 429 318 θάλαμος
451 285 639 320 ἐτοιμάζεται,
661 286 772 321 τοιαύτη
787 295 828 312 σοι

53 330 146 358 πιστὰς
160 329 387 362 καλλωπίζεται-ς
403 329 494 364 ἔγρεο,
508 330 630 364 φίλτατε,
652 333 700 357 καὶ
724 333 828 367 γηραιᾷ

54 375 125 410 μητρὶ
148 375 314 402 ἐπάκουσον.
338 375 514 408 Ἀποτίναξον
544 377 591 402 τὸν
621 377 707 412 βαρὺν
731 378 827 404 τοῦτον

52 422 133 452 ὕπνον,
143 421 188 446 τὸν
203 420 303 455 ἀώρως
315 421 496 456 ἐπενεχθέντα
508 430 559 448 σοι.
572 421 716 457 Οῖκτειρον
725 425 827 458 μητρὶς

54 467 148 499 πολιὰν,
175 467 224 493 καὶ
243 467 387 502 σπλάγχνα
401 467 572 502 φρυγόμενα.
594 469 672 503 υῖμοι
688 469 693 495 !
711 470 825 504 σιωπᾷς,

51 513 88 538 καὶ
102 512 128 538 τὸ
143 510 232 544 γλυκὺ
247 511 337 545 στόμα
357 511 474 545 κατέσχε
492 512 567 546 σιγὴ,
583 511 631 537 καὶ
648 511 730 545 ζόφος
747 520 826 545 περι-

51 560 149 594 κέχυται
181 559 243 589 ταῖς
261 558 388 592 λαμπάσι
398 558 453 584 τῶν
473 557 641 592 ὀφθαλμῶνς
657 558 712 584 Καὶ
727 558 758 584 σὺ
776 558 826 592 μὲν

51 606 93 632 ὑπὸ
105 604 173 630 λίθον
188 605 315 638 οἰκήσεις
329 607 443 639 τραχὺν,
459 605 505 630 καί
518 604 613 634 σκότος
628 604 705 638 βαθὺ,
724 604 779 638 ἐγὼ
793 604 821 630 δὲ

51 650 126 685 βλέψω
143 650 188 676 τὸν
201 649 299 685 ῆλιον;
315 649 468 685 Οὓμενουν,
487 651 538 676 οὐκ
563 650 637 676 ἐστιν
652 651 735 680 εἰκός.
753 651 825 685 Πρὸς

50 697 80 731 τῷ
90 696 123 731 σῷ
133 696 211 730 τάφῳ
238 695 363 730 πήξομαι
389 696 439 731 τὴν
464 696 599 730 καλύὸην,
632 696 679 722 καὶ
695 696 764 731 τάχα
779 705 824 730 μοι

49 743 152 777 μνήσῃ,
169 742 218 768 καὶ
232 741 381 773 λαλοῦντος
409 741 575 777 ἀκούσομαι,
595 742 695 776 μᾶλλον
714 742 742 768 δὲ
763 750 825 767 συν-

49 788 195 824 ιιξήσοματ
210 797 266 821 σοι,
291 788 460 822 ποθούμενε,
478 789 525 814 καὶ
550 789 606 818 τοῖς
635 789 692 819 σοῖς
717 789 824 823 νεαροῖς

48 834 146 865 ὀστέοις,
179 834 288 867 σάρκες
326 833 442 868 γηραιαὶ
475 834 702 867 συντακήσονται.
729 832 823 864 Οὕτως

49 878 218 914 ἐπετραγῲδει
235 879 274 914 μή
290 878 454 905 ἐπισπεῦσαι
472 879 653 913 συγχωροῦσα
666 878 713 905 τοῦ
724 879 823 914 νεκροῦ

48 926 86 960 τὴν
110 925 220 960 κηδείαν
235 945 243 957 ,
275 925 334 951 ἀλλ’
362 925 540 959 ἐμφορεῖσθαι
565 924 613 951 τοῦ
647 925 751 957 πάθους
774 925 824 960 ζη-

47 971 117 996 τιῦτα
147 971 193 996 ἐπὶ
221 970 356 996 πλεῖστον
375 970 449 1004 αὐτῷ
464 970 527 1002 τοὺς
539 971 674 1006 ὀδυρμοὺς
692 971 825 1006 παρατεί-

47 1026 83 1042 νου
87 1025 123 1042 31.

86 1147 139 1173 Αλλ*
154 1146 276 1182 ἐπείπερ
295 1146 351 1181 ὀρῶ
362 1147 426 1178 τοὺς
440 1146 517 1182 ὑμῶν
535 1146 692 1181 ὀφθαλμοὺς
706 1147 739 1173 ἐκ
752 1155 820 1183 συμ-

49 1193 134 1224 παθοῦς
149 1193 272 1223 διανοίας
297 1193 482 1227 τεγγομένοιις
510 1193 566 1224 τοῖς
594 1193 721 1228 δάκρυσι,
738 1193 823 1228 κάμοὶ

48 1240 69 1265 δὲ
81 1240 108 1274 τῇ
123 1239 218 1274 μνήμῃ
242 1238 296 1272 τῆς
320 1239 413 1273 φωνῆς
428 1240 442 1265 ὁ
461 1238 539 1269 τόνος
559 1239 738 1272 ἐκκόπτεται,
755 1239 822 1274 φέρε

49 1286 74 1311 τὰ
85 1286 184 1320 δάκρυα
198 1285 255 1311 τῶν
274 1284 423 1319 ὀφθαλμῶν
446 1284 640 1319 ἀπομάξαντες
658 1285 704 1311 ἐπὶ
726 1285 756 1312 τὸ
772 1285 820 1320 τῆς

49 1332 152 1366 ἱστορίας
170 1331 353 1366 μετέλθωμεν
376 1332 568 1366 χαριέστατον.
592 1331 623 1358 Ἡ
646 1332 696 1367 μὲν
710 1330 758 1358 οὖν
772 1332 820 1358 τοῦ

48 1379 96 1404 νέου
105 1378 172 1413 ψυχὴ
187 1377 303 1410 τούτου,
316 1377 363 1403 τὸν
376 1377 424 1403 τοῦ
438 1377 502 1413 ᾆδον
517 1377 606 1413 χῶρον
623 1379 760 1414 διήρχετο,
776 1378 821 1405 τὸν

49 1424 166 1450 ςιοτεινὶν
182 1425 294 1450 ἐκεῖνον
308 1423 357 1450 καὶ
380 1424 491 1458 ἀμειδῆ,
512 1423 560 1450 καὶ
583 1424 634 1458 γῆν
652 1424 818 1460 περιεπόλει,

47 1469 72 1505 ἧς
83 1471 103 1496 οἱ
114 1470 206 1504 μοχλοὶ
222 1470 339 1504 κάτοχοι
356 1469 477 1502 αἰώνιοι,
495 1469 532 1501 ὡς
547 1468 607 1495 εἷπε
632 1469 687 1496 τῶν
711 1478 819 1504 προφη-

880 241 958 277 quasi
983 242 1074 268 furore
1099 248 1260 276 eneruata,
1282 247 1309 270 et
1333 245 1472 278 complexa
1490 246 1616 280 cadaver,
1640 253 1670 276 et

879 295 926 314 sua
942 295 1003 314 cum
1018 288 1146 316 membris
1162 289 1218 316 nati
1236 290 1358 316 membra
1377 298 1543 324 componens
1565 293 1668 319 tenaci-

881 338 922 360 ter
941 335 1110 366 inhmrchat;
1126 343 1243 369 eumque
1256 336 1382 362 lamentis
1397 335 1533 363 ﬂebilibus
1547 338 1668 371 t-ompi-l-

880 379 960 406 labat.
987 379 1071 411 Talis,
1097 387 1114 406 ο
1138 380 1185 412 iiIi,
1216 380 1349 408 thalamus
1379 381 1427 408 tibi
1457 386 1586 415 paratur;
1615 382 1667 408 tale

879 425 966 451 cubile
975 425 1143 453 adornatur?
1156 425 1362 461 Expergiscere.
1376 428 1566 459 dilectissime,
1581 433 1607 454 et
1620 436 1666 455 ve-

880 470 962 496 tulam
978 475 1090 497 matrem
1109 471 1181 498 andi.
1197 471 1300 499 Excute
1315 479 1424 506 gravem
1442 473 1513 499 hunc
1525 481 1664 506 somnum,

878 515 922 547 qtti
940 520 963 541 te
980 514 1077 541 invasit
1093 516 1299 550 intempestive;
1317 519 1448 544 miserere
1464 519 1590 545 canitiem
1603 527 1662 545 ma-

878 560 938 590 tris,
951 565 977 586 et
1001 561 1103 588 viscera
1124 560 1180 594 jam
1205 562 1312 589 adusta.
1340 562 1387 589 Hei
1414 563 1500 590 mihi!
1533 567 1622 596 taces;
1639 570 1666 591 et

876 605 984 633 silentio
1004 613 1036 633 os
1050 611 1123 632 tuum
1148 614 1230 634 suave
1252 608 1447 641 compescitur,
1467 615 1492 635 et
1519 609 1662 636 oculorum

877 649 950 678 faces
963 652 1077 686 caligine
1096 652 1268 680 circumfusae
1288 658 1361 679 sunt.
1389 653 1422 680 Et
1439 659 1465 680 tu
1489 656 1596 688 quidem
1614 656 1665 682 sub

875 704 971 730 aspero
985 697 1039 732 36
1056 697 1142 731 lapide
1171 704 1198 725 et
1216 698 1354 733 profundis
1367 700 1487 727 temhris
1499 701 1663 728 domicilium

876 743 1007 775 habebis;
1036 751 1087 778 ego
1101 751 1167 771 vero
1185 745 1268 771 solem
1298 745 1453 779 aspiciam?
1484 747 1558 780 atqui
1588 752 1663 774 certe

875 797 926 816 non
941 789 1076 817 convenit.
1106 790 1221 824 Propter
1245 796 1317 817 tuum
1340 791 1469 818 tumnlutn
1493 798 1594 819 strnam
1614 800 1663 827 ego

875 836 1022 869 tugurium,
1037 839 1063 862 et
1077 835 1146 863 forte
1161 835 1226 862 mihi
1237 837 1394 870 apparebis;
1413 842 1491 871 teque
1507 837 1660 872 loquentem

875 881 1000 913 audiam;
1019 888 1066 907 seu
1094 881 1183 914 potius
1208 885 1297 908 tecum
1319 889 1371 907 una
1398 882 1530 915 sepeliar;
1551 887 1578 908 et
1601 889 1662 908 etiut

875 926 1028 953 recentibus
1038 926 1091 953 tuis
1102 927 1208 954 ossibus
1221 934 1317 954 carnes
1329 932 1467 954 senectute
1478 928 1534 962 jam
1548 928 1661 962 putrida;

875 971 1093 998 constabesrent.
1113 971 1159 998 llis
1171 972 1250 1006 plane
1267 972 1374 1007 tragicis
1388 971 1545 1007 deplorabat
1564 973 1660 1004 modis,

874 1021 900 1043 el
923 1024 1046 1052 pompam
1066 1016 1205 1045 funebrem
1233 1018 1389 1045 retardabat
1413 1019 1486 1045 :sed
1505 1017 1578 1046 luctu
1615 1018 1661 1045 illo

874 1064 1003 1090 exsatiari
1020 1063 1143 1098 cupiens,
1165 1064 1257 1098 plures
1282 1072 1363 1099 super
1386 1065 1433 1091 illo
1455 1064 1661 1091 lamentationes

873 1108 999 1144 augebat.

908 1154 984 1182 Nune
1008 1154 1135 1189 quoniam
1166 1159 1269 1181 vestros
1293 1154 1387 1181 oculos
1415 1153 1658 1181 couimiserationis

873 1199 969 1227 aitet-tu
1007 1200 1147 1227 madentes
1171 1199 1297 1235 lacrymis
1321 1201 1523 1231 animadverto;
1547 1205 1573 1225 et
1593 1200 1657 1226 inihi

872 1247 953 1273 etiam
979 1247 1035 1280 ipsa
1060 1246 1190 1272 memoria
1211 1246 1284 1272 vocis
1309 1245 1480 1272 interciditur
1504 1250 1594 1275 tonus,
1610 1252 1658 1278 age

869 1292 924 1326 jam
941 1291 1069 1318 abstersis
1085 1290 1212 1325 lacrymis
1224 1289 1292 1317 adid
1308 1290 1378 1324 quod
1390 1290 1508 1316 historiae
1520 1290 1658 1323 iucundis-

871 1338 968 1364 simum
984 1343 1035 1370 est,
1052 1337 1169 1363 animum
1190 1336 1347 1363 referamus.
1367 1336 1452 1370 llujus
1473 1337 1552 1370 igitur
1569 1336 1656 1363 adole-

871 1384 972 1411 scentis
989 1383 1078 1409 anima
1102 1382 1248 1409 inferorum
1280 1382 1336 1409 loca
1356 1382 1399 1408 illa
1424 1383 1591 1408 tenebricoso
1612 1382 1659 1408 tri-

871 1429 976 1464 stiaque
1000 1432 1172 1462 pervaserat;
1193 1431 1221 1455 et
1246 1429 1403 1455 versabatur
1429 1428 1453 1454 in
1478 1433 1560 1460 terra,
1579 1428 1657 1461 cujus

870 1480 959 1502 vectes
982 1473 1050 1508 (18),
1070 1478 1099 1499 ιιι
1118 1473 1246 1508 profugus
1269 1478 1344 1500 vates
1366 1473 1443 1503 dixit.
1465 1482 1475 1498 ι
1498 1473 1657 1500 Rctinacula

47 1515 88 1542 τῶν
98 1517 110 1542 ὁ
122 1516 298 1550 quandam
313 1515 341 1542 δὲ
354 1515 472 1550 όΣωτὴρ
499 1516 530 1541 ὲκ
548 1516 598 1550 τῆς
617 1516 817 1550 Καπερναοὺμ,

906 1525 933 1548 nt
944 1521 1104 1554 sempiterna
1114 1520 1149 1546 '“.
1162 1529 1170 1543 ι
1184 1518 1297 1546 Redihat
1319 1527 1381 1546 vero
1393 1518 1516 1546 Salvator
1525 1527 1540 1545 e
1549 1519 1586 1545 cit
1595 1519 1658 1546 itate

48 1562 151 1597 ἄρτιτὺν
168 1563 215 1588 τοῦ
240 1562 447 1597 ἑκατοντάρχου
479 1561 564 1588 παῖδα
596 1561 819 1596 τεθεραπευκὼς,

48 1607 70 1630 ὲν
83 1605 191 1640 δυσμαῖς
203 1605 254 1632 τοῦ
274 1605 335 1640 βίου
353 1605 510 1640 γενόμενον.
530 1606 602 1632 Ἰετο
612 1606 639 1632 δὲ
651 1607 720 1641 πεζῇ
738 1606 815 1640 βαδί-

49 1653 99 1684 ζων,
114 1653 149 1683 ὡς
162 1652 222 1683 ἔθος
236 1651 325 1686 αὐτῷ,
343 1652 391 1678 καὶ
405 1651 488 1687 βάδην
496 1652 545 1686 τὴν
555 1652 712 1686 ὁδοιπορίαν
729 1651 821 1678 ποιού-

50 1707 123 1731 μενος,
145 1699 203 1733 ἅμα
233 1699 287 1733 μὲν
320 1698 454 1725 διδάσκων
477 1699 550 1733 ἡμᾶς
564 1700 601 1733 μὴ
620 1698 774 1733 ἐνυϐρίζειν
790 1699 820 1724 τὸ

50 1745 128 1779 σεμνὸν
155 1745 206 1778 τῆς
238 1745 439 1775 καταστάσεως
461 1745 571 1779 ἀτάκτῳ
587 1744 744 1778 βαδεσματι,
761 1744 819 1779 ἅμα

49 1792 69 1818 δὲ
94 1792 136 1817 καὶ
162 1791 289 1826 θαρρῶν,
305 1791 343 1821 ὼς
357 1791 380 1815 εἰ
395 1791 441 1816 καὶ
462 1791 539 1824 τάφῳ
552 1790 760 1824 κατακρύψαιεν
775 1790 820 1816 τὸν

51 1838 135 1872 νεκρὸν,
151 1838 306 1873 ἀναστήσει
321 1837 416 1863 τοῦτον
429 1836 524 1871 ὥσπερ
542 1837 587 1862 τὸν
614 1837 740 1871 Λάζαρον
750 1845 757 1852 ’
772 1836 820 1863 καὶ

50 1883 97 1909 ἰδὼν
107 1883 152 1918 τὴν
168 1884 259 1918 χήραν
274 1883 363 1914 οὕτως
381 1883 547 1918 ἡμίγυμνον,
571 1883 668 1917 αἵματι
692 1883 821 1918 συρωμέ-

32 1934 85 1964 ἔνην
98 1928 140 1953 καὶ
151 1927 301 1962 δάκρυσιν,
320 1927 525 1963 ἐσπλαγχνίσθη
539 1929 552 1954 ό
565 1928 645 1961 φύσει
663 1928 819 1962 φιλάνθρω-

76 1983 94 1999 ¹¹
107 1981 177 2010 Jonas
196 1991 227 2016 tt,
245 1982 274 2009 7.

871 1566 1070 1601 Capliarnaum,
1093 1572 1152 1592 cum
1166 1564 1220 1599 jam
1238 1565 1403 1591 centurionis
1418 1571 1530 1598 puerum
1544 1571 1658 1597 vergan-

873 1617 925 1639 tem
939 1613 1112 1638 adioccasum
1131 1610 1192 1637 vitae
1212 1613 1345 1637 curassM.
1363 1609 1446 1636 Pedes
1468 1616 1533 1636 vero
1552 1609 1658 1636 rediens

872 1658 1025 1689 incedebat,
1037 1661 1066 1683 ul.
1077 1663 1135 1683 mos
1147 1656 1204 1690 ejus
1215 1659 1283 1688 erat,
1294 1659 1321 1681 et
1332 1660 1436 1681 tnaturo
1447 1654 1529 1688 gradu
1543 1653 1576 1680 [ις
1587 1653 1655 1680 iebat

871 1704 923 1730 iter
933 1710 941 1728 :
952 1703 1031 1730 simul
1042 1706 1071 1728 ut
1081 1709 1128 1728 nos
1139 1702 1257 1734 doreret,
1268 1707 1300 1727 ne
1310 1701 1486 1734 incomposito
1495 1706 1589 1733 gressu
1600 1699 1656 1733 (l9)

870 1749 1030 1783 gravitatem
1046 1747 1128 1774 animi
1146 1747 1213 1773 bene
1226 1745 1363 1773 constituti
1382 1745 1529 1772 adiciamus
1546 1744 1655 1778 injuria,

868 1794 948 1821 simul
958 1794 1040 1821 etiam
1053 1793 1190 1820 conlidens
1203 1791 1259 1818 fore
1270 1796 1299 1818 ut
1310 1796 1443 1818 mortuum
1458 1790 1540 1817 etiam
1554 1790 1656 1816 tumulo

869 1838 1019 1869 conditum,
1037 1837 1076 1863 uti
1093 1836 1237 1866 Lazarum,
1255 1840 1393 1862 revocaret
1408 1835 1440 1861 ad
1456 1835 1548 1861 vitam.
1565 1833 1597 1860 Et
1612 1834 1656 1861 tibi

868 1882 976 1909 viduam
986 1881 1165 1912 seminndam,
1175 1880 1306 1914 sanguine
1332 1879 1511 1915 lacrymisque
1523 1879 1657 1913 perfusam

869 1928 948 1960 vidit,
972 1930 1107 1953 commota
1123 1931 1183 1952 sunt
1199 1926 1223 1952 ei
1244 1925 1360 1958 viscera,
1383 1929 1475 1959 utpote
1496 1925 1541 1959 qui
1562 1928 1657 1951 natura

649 2029 809 2060 Francisci
830 2027 934 2060 Scorsi
957 2031 1052 2058 notae.

76 2079 122 2113 (l8)
137 2079 218 2114 Cujus
239 2083 336 2114 vecles.
356 2078 431 2112 Quod
446 2086 495 2105 nos
509 2079 638 2107 habemus
654 2081 680 2106 in
696 2081 816 2107 editione

51 2114 141 2148 Vulgata
167 2113 226 2147 cap.
252 2122 272 2140 ιι
299 2113 373 2140 Jonas
388 2123 394 2140 :
411 2113 498 2140 Terrae
521 2121 601 2140 vectes
634 2115 815 2141 cmwluseruut

51 2158 80 2175 ut:
92 2152 122 2184 in;
136 2154 284 2184 Mennim,
300 2150 474 2184 Septuaginta
501 2153 609 2175 rettulit
630 2150 757 2184 Κατέδην
775 2151 816 2180 εἰς

49 2185 97 2219 γὴν,
109 2182 139 2219 ἧς
152 2184 176 2209 οἱ
193 2183 292 2218 μοχλοὶ
309 2183 393 2217 αὐτῆς
406 2182 518 2219 κάτοχοι
536 2184 643 2209 αἰώνιον
660 2191 666 2197 ·

51 2229 69 2244 ιιι
84 2218 180 2248 terram.
204 2220 283 2252 cujus
302 2222 384 2244 vectes
402 2218 458 2252 ejus
476 2222 536 2244 sunt
561 2219 706 2245 retinacula
721 2220 818 2251 sempi-

50 2259 119 2280 trrm.
141 2253 262 2285 Quorum
285 2254 428 2279 verborum
449 2260 544 2279 sensus
565 2253 688 2280 litterulis
713 2254 757 2288 qui
783 2253 819 2280 sit

50 2290 166 2319 explicant
182 2289 358 2320 interpretes,
386 2292 412 2313 et
430 2289 563 2321 praecipue
582 2288 690 2319 Itinera,
710 2295 736 2315 et
751 2288 819 2314 Cor-

51 2326 120 2349 nelius
131 2330 143 2348 a
157 2322 259 2356 Lapide
276 2328 376 2348 nostra:
391 2323 496 2352 soeiet..
511 2330 578 2356 quos
594 2323 660 2356 lege.
676 2323 713 2350 Ea
730 2328 819 2350 tamen

51 2358 215 2384 accommodat
245 2362 343 2383 uester
367 2357 400 2383 ad
428 2357 574 2383 inferorum
605 2358 739 2389 claustra.
766 2365 820 2391 quo

52 2393 200 2419 cht'entlisse
212 2393 334 2417 animant
347 2391 392 2417 lilii
403 2392 498 2423 viduae,
510 2396 537 2418 et
548 2398 562 2417 a
573 2393 673 2426 quibus
684 2401 698 2418 a
711 2393 820 2419 Christo

52 2429 225 2453 revocaturum
241 2428 305 2452 vitze
318 2426 409 2453 limine
420 2427 496 2453 dicit.
510 2427 655 2460 Mquidem
671 2427 818 2458 nilobstat,

51 2462 98 2494 quia
118 2465 193 2487 verba
212 2460 392 2495 Theophanis
417 2467 471 2487 tum
500 2462 583 2495 ipsius
606 2462 735 2496 propria,
763 2467 818 2488 tum

53 2503 119 2529 qnaza
134 2496 272 2529 Scriptura
297 2501 446 2526 mutuatur,
466 2501 493 2522 el.
510 2502 658 2528 COIIﬂCL‘ItI,
679 2505 738 2523 cutn
763 2497 820 2523 suis

53 2536 77 2556 uc
92 2532 163 2556 litnbo
178 2531 377 2564 intelligantur,
400 2531 443 2566 tibi
469 2531 558 2557 anima
579 2531 686 2566 juvenis
698 2531 754 2565 jam
771 2533 818 2557 de-

54 2568 196 2597 umrtui,sed
207 2574 221 2590 a
233 2571 324 2590 morte
335 2565 479 2591 suscitandi
493 2573 622 2600 suspensa
638 2567 817 2593 detinebatur.

55 2600 149 2631 Lteuim,
177 2606 204 2626 ut
228 2601 301 2626 bene
327 2602 444 2626 advertit
465 2600 608 2627 Cornelius
628 2609 642 2628 a
671 2601 769 2634 Lapide
791 2602 816 2628 in

54 2642 99 2666 cap.
114 2642 138 2661 ix
152 2634 260 2670 ΜειιιιιἼ
279 2634 326 2660 tibi
343 2634 424 2660 lilium
441 2636 645 2670 arcliisynagogi
661 2637 817 2662 suscitatam

55 2674 127 2694 narrat
152 2669 328 2703 evangelista,
349 2671 444 2695 horum
472 2669 651 2704 aiiiiiiiefqui
681 2671 709 2697 in
735 2672 817 2697 vitain

56 2706 189 2730 restituendi
209 2709 285 2735 sunt,
307 2712 360 2729 non
381 2711 442 2730 Sunt
461 2705 599 2737 judtcattc,
618 2713 668 2732 ttec
684 2708 817 2732 damnata!

56 2742 237 2772 angeliennani,
253 2739 296 2764 vel
308 2740 504 2772 put‘gaturinnt,
521 2742 567 2766 sed
583 2748 675 2766 eorum
687 2740 816 2772 judicium

57 2773 123 2799 abeo
138 2781 315 2807 suspensum,
348 2781 445 2806 quippe
467 2776 510 2807 qui
539 2782 586 2801 eos
610 2776 741 2801 suscitare
760 2775 817 2808 jam

57 2810 191 2834 decrerunt.
208 2808 261 2843 Sed
276 2810 323 2842 qui
343 2808 428 2838 locus,
453 2810 495 2835 ubi
517 2810 646 2843 deposita:
666 2809 816 2843 hujusniodi

55 2848 152 2877 animae,
172 2842 282 2870 dillicde
303 2848 347 2870 est
370 2843 499 2877 divinare;
519 2842 630 2872 limbum
651 2842 753 2877 latuen,
772 2848 818 2871 aut

869 2079 986 2112 aliquem
999 2078 1024 2104 in
1037 2081 1132 2104 centro
1145 2081 1223 2103 terra:
1235 2076 1325 2112 dicere
1339 2081 1442 2102 nonest
1457 2075 1634 2112 improbabile
1648 2086 1657 2104 :

870 2110 997 2140 ἱικέηιιιι
1026 2117 1118 2138 censet
1147 2113 1215 2138 idem
1234 2111 1378 2138 Cornelius
1405 2111 1430 2136 in
1452 2110 1530 2137 Joan.
1548 2118 1584 2141 ιιι,
1613 2113 1657 2138 tibi

869 2148 1008 2174 Christum
1036 2154 1102 2173 voce
1132 2153 1227 2180 magna
1250 2147 1380 2172 clamasse
1404 2146 1430 2171 in
1457 2145 1600 2172 excitando
1624 2147 1658 2172 ab

689 2180 817 2210 Descendi
835 2186 856 2212 Ι)
871 2182 967 2209 inferis
985 2181 1088 2208 Lazaro
1108 2182 1182 2212 dicit,
1208 2188 1240 2207 eo
1261 2181 1332 2213 quod
1351 2188 1366 2207 e
1387 2180 1445 2207 loco
1464 2185 1577 2210 ren-oto,
1594 2185 1656 2214 puta

872 2225 887 2244 e
901 2217 984 2243 limbo
999 2216 1120 2247 Patrum,
1137 2221 1163 2242 ct
1178 2220 1270 2242 centro
1290 2220 1368 2242 terra;
1386 2216 1417 2241 ad
1443 2222 1541 2248 corpus
1563 2216 1657 2241 exani-

874 2259 946 2278 tuum
964 2252 1130 2278 evorandtnn
1147 2255 1215 2277 erat.
1238 2249 1275 2276 De
1291 2250 1341 2276 hoc
1359 2251 1449 2283 itaque
1474 2250 1532 2276 loco
1556 2250 1657 2276 dictum

873 2285 1046 2320 Theophanis
1061 2285 1144 2311 nostri
1160 2293 1210 2319 par
1227 2290 1268 2311 est
1295 2285 1417 2318 intelligi.
1436 2283 1512 2317 Quod
1537 2285 1558 2309 si
1573 2289 1657 2320 rt‘orat
1674 2283 1677 2286 ’

872 2321 932 2354 ejus
949 2319 1039 2347 vectes
1059 2320 1207 2346 retinacula
1223 2320 1390 2354 sempiterna.
1415 2321 1440 2346 id
1466 2321 1500 2345 ita
1522 2319 1658 2350 accipien-

872 2356 946 2387 dum,
959 2357 1029 2389 quod
1043 2356 1076 2382 ab
1090 2363 1123 2382 eo
1142 2355 1232 2388 egredi
1248 2355 1364 2380 maxime
1377 2359 1405 2380 ul
1415 2355 1440 2380 in
1453 2362 1549 2387 corpus
1560 2354 1656 2389 iterttni

871 2387 976 2422 redeat;
1006 2397 1084 2416 nemo
1110 2387 1194 2422 possit
1211 2396 1244 2416 ex
1272 2396 1317 2420 se,
1339 2389 1386 2415 sed
1411 2389 1509 2415 virtute
1530 2388 1587 2419 ejus
1611 2387 1658 2421 qui

871 2425 977 2451 Vincula
996 2425 1089 2451 mortis
1102 2423 1229 2459 disrupit,
1244 2429 1270 2450 et
1288 2429 1378 2451 vectes
1396 2423 1497 2450 ferreos
1513 2423 1656 2459 (20111ιῖ³311,

871 2464 898 2486 et
914 2467 947 2486 ex
965 2464 1042 2486 terrae
1057 2460 1160 2486 interno
1177 2456 1237 2486 sinu
1264 2459 1357 2485 eduxit
1381 2467 1448 2492 quos
1473 2458 1564 2483 voluit.
1589 2456 1656 2482 l‘tam

870 2499 898 2520 et
916 2495 967 2521 ltoc
988 2502 1081 2525 sensti,
1109 2503 1142 2520 ne
1170 2494 1273 2526 longius
1296 2493 1405 2524 abieris,
1431 2492 1514 2519 JOiias
1535 2497 1656 2517 ventrem

870 2530 934 2559 celi.
947 2536 993 2556 seu
1010 2530 1096 2556 locum
1114 2530 1195 2555 maris
1212 2533 1356 2561 angustum
1374 2533 1400 2554 et
1414 2527 1586 2558 profundum,
1603 2533 1657 2559 quo

871 2564 975 2591 delatus
993 2565 1026 2590 ab
1049 2565 1106 2598 ipso
1131 2570 1191 2590 ceto
1210 2564 1306 2593 fuerat,
1329 2570 1465 2598 carcerem
1486 2568 1562 2586 vocat
1577 2566 1657 2586 aelur-

871 2606 947 2630 nutn,
967 2606 1026 2624 cum
1041 2596 1078 2624 ait
1098 2606 1129 2624 ex
1147 2603 1238 2624 nostra
1257 2599 1322 2624 edit.
1341 2596 1426 2623 Terre:
1444 2604 1526 2623 aesaes
1548 2597 1653 2621 Conclu-

870 2638 959 2659 Ieruut
971 2641 1010 2659 me
1022 2635 1047 2658 in
1059 2639 1203 2665 meritum;
1226 2633 1266 2658 vel
1279 2640 1311 2658 ex
1332 2632 1459 2666 Septuag.
1480 2630 1562 2664 Cujus
1574 2635 1656 2656 vectes

870 2669 1018 2694 retinacula
1038 2673 1214 2699 sempiterna;
1239 2668 1364 2693 nimirum
1385 2668 1448 2699 quia
1471 2671 1571 2692 interno
1588 2671 1657 2689 tem-

870 2709 934 2736 pore
948 2703 982 2729 ibi
1009 2710 1213 2736 permansurum
1239 2709 1269 2727 se
1299 2709 1358 2727 esse
1384 2703 1521 2732 credebat,
1547 2706 1655 2736 eriper-

869 2735 1024 2769 iuansisset,
1051 2737 1101 2763 nisi
1124 2737 1217 2763 eodem
1245 2737 1337 2762 divino
1355 2741 1432 2768 nutu,
1454 2736 1550 2769 quoin
1577 2735 1655 2760 illum

869 2772 990 2799 intrusus
1008 2774 1103 2804 fuerat,
1119 2773 1213 2798 luisset
1227 2778 1319 2805 sospes
1334 2773 1456 2797 eductus.

905 2807 960 2842 (19)
979 2807 1152 2841 Ιιιεοηιροδὶιυ
1166 2814 1266 2839 gressu.
1285 2807 1395 2840 ἀτάκτῳ
1419 2805 1564 2841 βαδίσματι
1580 2812 1588 2838 ;
1607 2805 1655 2830 scd

869 2849 921 2870 non
936 2843 1055 2870 cohaeret
1073 2842 1224 2870 sententiae.
