1850 3054
228 103 281 137 243

815 108 1036 141 ΤΗΕΟΡΗΑΝ]
1043 112 1062 142 S
1081 113 1178 143 CERK
1184 114 1253 142 hi-El

1789 117 1832 148 ΞΗ

231 163 284 197 sol,
299 162 346 198 qni
368 163 553 199 spiritualibus
571 163 653 192 oﬂicit
663 165 772 200 plantis,
788 173 851 193 cum
871 167 971 194 habcas
985 171 1017 193 ex

1077 171 1124 198 τῶν
1140 171 1318 198 ἁναὸἀσεων¹
1339 180 1348 197 ι
1369 171 1493 206 Ἡμέρας
1518 172 1532 198 6
1559 172 1633 206 ἥλιος
1654 171 1833 206 οὖσνγκαὺσει

232 209 341 236 cantico
352 209 502 244 graduum:
520 218 530 234 ‹
545 208 597 236 Per
610 209 680 237 diem
696 211 736 238 sol
752 219 803 238 non
817 216 876 239 urct
892 217 919 239 te
928 211 977 244 ",t
993 217 1020 239 et

232 261 265 282 ex
284 254 389 290 Sponsa
402 256 570 283 canticorum
586 263 596 283 :
615 265 624 281 α
642 256 730 284 Nolite
744 257 870 291 aspicere
887 265 938 291 me,
957 258 1019 292 quia

232 306 282 334 ego
297 300 438 334 denigrata
455 308 514 328 sum
525 321 532 333 ,
547 301 611 335 quia
626 301 750 336 despexit
775 310 818 329 me
840 302 881 330 sol
904 302 938 330 ⁸³.
953 312 963 329 ›
983 303 1020 330 Ita

232 345 278 380 qui
291 347 443 374 contrarios
467 354 499 374 ac
520 347 561 375 sol
579 347 691 383 justitizc
707 347 770 375 facit
785 347 908 380 aﬂ‘ectus.
924 348 1022 376 illumi-

232 392 314 419 nandi
333 394 441 428 quidem
456 394 559 422 virtute
576 399 663 427 caret,
681 402 768 430 neque
782 402 848 423 sane
863 395 954 422 vitalis
967 400 1019 428 est,

235 438 282 464 sed
296 443 364 465 aastu
377 440 479 473 peccati
499 439 623 467 immisso
636 439 761 475 denigrat
777 446 805 469 et
816 441 945 469 exsiccat.
960 440 1021 468 Ideo

231 491 345 519 magnus
361 483 445 511 Isaias
462 484 580 512 ﬁdelium
595 485 682 520 capita
699 485 867 513 umbraculis
879 486 969 521 operit
982 486 1018 519 ⁸⁸,

231 534 261 556 ut
282 536 312 557 ea
339 531 372 557 ab
389 530 486 558 ardore
508 530 573 559 solis
596 530 708 565 hujusce
725 531 859 567 nigrorem
877 531 1022 560 inducente

230 575 367 604 defendat.

270 633 279 650 ι
300 624 333 651 Et
349 624 422 652 aliud
453 625 553 653 cecidit
573 625 644 653 inter
655 626 766 661 spinas;
780 631 806 654 et
825 626 905 654 simul
921 631 1022 654 exortae

232 669 318 704 spina;
349 670 551 699 suﬂ‘ocaverunt
579 672 654 700 illud.
679 672 840 700 )Fortassis
868 673 1020 708 huiusmodi

231 717 323 750 spinas
335 723 395 751 post
409 717 491 751 primi
507 718 628 752 parentis
642 717 768 745 delictum
786 723 858 745 terra
883 719 1020 752 produxit,

231 761 320 789 divina
338 762 375 789 illi
396 769 463 790 voce
489 763 687 790 denuntiante:
708 773 718 788 ι
737 763 837 798 Spinas
857 768 885 790 et
907 763 1022 791 tribulos

231 808 396 842 germinabit
422 809 481 836 tibi.
500 819 510 835 ι
539 809 578 837 lbi
593 810 664 837 enim
692 810 788 837 Adami
814 818 924 838 carnem
944 810 1019 838 Scri-

231 857 310 887 ptura
328 858 427 882 terram
447 855 573 889 appellat,
595 855 740 883 multarum
767 855 905 890 spinarum
929 863 945 882 a
959 855 1022 890 qui-

231 897 283 926 bus
299 899 445 931 laceratur.
464 901 566 928 aculeis
582 901 709 928 obsitam.
733 901 806 934 Quas
833 901 908 928 nobis
931 903 1023 937 spinas

232 946 347 978 invexit,
362 947 403 974 hei
420 947 499 980 mihi,
522 947 576 981 ille,
595 948 640 982 qui
661 947 741 976 bonis
758 947 880 983 frugibus
896 955 1024 983 superse-

232 991 347 1019 minavit
360 993 511 1020 adulterina
535 993 652 1025 zizania,
673 993 752 1020 sicuti
775 993 802 1020 in
819 993 870 1020 alia
893 993 1022 1028 parabola

232 1036 399 1064 declaratum
413 1037 539 1072 esuriam
555 1038 592 1066 ibi
605 1038 686 1066 etiam
701 1038 801 1066 bonum
818 1046 910 1066 semen
924 1038 1022 1066 Pater-

233 1081 355 1111 familias
369 1084 524 1118 seminavit,
539 1089 566 1112 at
583 1092 646 1112 vero
660 1084 790 1113 inimicus
808 1090 913 1120 tempus
929 1085 1024 1113 obser-

231 1134 299 1157 vans
313 1137 366 1165 quo
389 1131 514 1159 homines
533 1139 629 1159 somno
645 1136 815 1165 tenerentur,
842 1132 912 1159 bono
928 1131 1025 1159 semini

232 1175 364 1210 inspersit
378 1176 482 1210 inutile,
496 1181 578 1212 atque
593 1179 619 1204 in
634 1178 753 1205 medium
777 1177 897 1205 triticum
921 1177 1025 1204 zizania

233 1220 337 1255 injecit,
352 1229 411 1256 quae
423 1221 468 1250 hic
480 1223 572 1258 spinas
586 1225 702 1251 vocavit.
713 1223 855 1251 Cohmrent
871 1224 941 1251 enim
955 1224 1025 1250 inter

233 1272 264 1292 se
289 1273 374 1294 sacra
394 1266 536 1301 Sriplurae,
552 1272 579 1295 et
602 1268 726 1296 sensibus
748 1268 843 1295 iisdem
857 1273 1023 1303 congruunt,

233 1312 356 1346 quamvis
371 1311 527 1347 discrepent
541 1313 648 1347 verbis;
663 1320 713 1348 per
731 1313 824 1347 spinas
839 1312 932 1346 itaque
942 1333 950 1344 ,
965 1321 1026 1347 qua:

232 1363 325 1383 semen
340 1356 480 1391 spirituale
499 1357 642 1391 suﬂ‘ocant,
659 1357 822 1393 intelligatur
837 1362 1025 1386 sexcentarum

232 1401 366 1427 malorum
382 1400 480 1429 referta
506 1402 624 1437 farrago,
645 1410 705 1438 quae
721 1403 754 1431 ab
781 1403 821 1430 ira
839 1408 868 1430 et
894 1403 1025 1438 concupi-

234 1446 338 1473 acentia
351 1446 500 1481 pullulant;
513 1448 720 1481 sollicitudines,
733 1450 906 1484 cupiditates,
923 1449 1022 1482 lucttts,

1072 226 1102 244 σε
1113 225 1121 234 ·
1140 227 1149 243 ι
1173 218 1222 244 καὶ
1239 218 1270 244 ὲκ
1280 217 1330 252 τῆς
1347 219 1458 253 νύμφης
1470 218 1518 245 τοῦ
1536 218 1674 253 ’ᾼοματος
1685 227 1692 234 ·
1707 228 1716 245 ‹
1731 221 1772 255 Μὴ
1786 221 1833 255 βλέ-

1070 263 1140 298 ψητέ
1152 272 1197 298 με,
1213 263 1255 290 ὅτι
1273 263 1490 299 μεμελανωμένη
1508 264 1577 298 εἰμὶ,
1594 265 1634 291 ὅτι
1652 265 1795 300 παρέόλεψέ
1808 276 1834 301 με

1070 310 1084 336 ὀ
1099 309 1183 344 ἥλιος.
1202 318 1211 334 ι
1230 308 1322 340 Οὕτως
1335 308 1348 334 6
1363 307 1494 335 τάναντία
1513 308 1560 335 τοῦ
1575 309 1743 344 δικαιοσύνης
1758 310 1833 338 Ἠλίου

1070 354 1305 390 διαπραττόμενος
1330 354 1446 389 ἄμοιρος
1474 354 1523 389 μὲν
1547 354 1595 381 τοῦ
1620 353 1743 387 φωτίζειν
1765 356 1835 387 ἐστὶν,

1071 397 1172 433 ἥκιστα
1187 397 1215 424 δὲ
1227 394 1282 424 οἶδε
1298 398 1455 431 ζωογονεῖν,
1472 398 1593 433 μελαίνει
1619 398 1647 425 δὲ
1676 399 1721 425 καὶ
1733 399 1835 434 ξηραίνει

1071 444 1121 478 τῆς
1152 443 1291 478 ἁμαρτίας
1319 444 1433 478 ἐπάγων
1466 444 1514 470 τὸν
1539 444 1679 471 καύσωνα.
1707 445 1753 471 Διὰ
1773 447 1835 473 τοῦτο

1075 489 1191 520 Ἡσαΐας
1205 491 1219 516 6
1235 489 1323 524 μέγας
1337 490 1469 521 σκιαδίοις
1479 489 1660 516 ἐπικαλύπτει
1680 490 1728 522 τὰς
1739 491 1787 517 τῶν
1800 500 1835 517 πι-

1073 536 1144 564 στῶν
1157 536 1279 571 κεφαλὰς
1290 537 1516 572 ἀποκρονομένας
1533 537 1580 564 τοῦ
1593 536 1713 564 τοιούτου
1723 537 1790 572 ἡλίου
1800 539 1835 573 τὴν

1074 581 1244 616 μελανοῦσαν
1261 581 1450 617 πυράκτωσιν.

1111 638 1120 653 ι
1137 627 1220 654 ’Λλλο
1228 627 1256 654 δὲ
1274 627 1372 654 ἔπεσεν
1386 628 1432 654 ἐπὶ
1451 627 1500 659 τὰς
1519 627 1650 660 ἀκάνθας,
1663 628 1712 654 καὶ
1728 630 1835 662 συμφυεῖ-

1073 683 1118 701 σαι
1147 675 1173 700 αἱ
1201 673 1320 702 ἄκανθαι
1338 673 1492 706 ἀπέπνιξαν
1518 673 1595 699 αὐτό.
1616 682 1626 699 ι
1643 672 1720 707 Τάχα
1732 674 1835 705 τοιαύτας

1072 719 1194 751 ἀκάνθας
1211 719 1379 753 ἐϐλάστησεν
1391 719 1407 753 ή
1419 717 1467 752 γῆ,
1483 718 1553 753 μετὰ
1567 718 1617 753 τὴν
1636 717 1683 744 τοῦ
1696 719 1835 752 πρωτοπὶά-

1074 776 1139 794 στου
1166 765 1336 802 παράϐασιν,
1358 764 1576 800 ἀποφηναμένης
1594 764 1645 798 τῆς
1661 764 1734 795 θείας
1749 765 1835 798 φωνῆςι

1077 822 1087 839 ι
1108 812 1240 843 ’Δκάνθας
1256 811 1303 838 καὶ
1323 811 1465 846 τριϐόλους
1479 810 1606 837 ἀνατελεῖ
1621 819 1663 836 σοι
1678 811 1695 845 ἡ
1707 811 1751 844 γῆ.
1769 820 1777 837 ι
1793 812 1835 837 Κὰ-

1073 860 1148 885 κεῖσε
1164 857 1218 893 γὰρ
1243 858 1296 892 γῆν
1314 857 1363 892 μὲν
1388 857 1439 892 τὴν
1467 856 1557 891 σάρκα
1582 856 1670 892 ’Δδὰμ
1688 856 1835 892 ὠνόμασενὴ

1072 904 1168 939 Γραφὴ
1192 904 1296 930 πολλῶν
1321 903 1449 930 ἀκανθῶν
1465 903 1685 938 περισπαρεῖσαν
1701 904 1759 933 ταῖς
1783 903 1835 937 dum

1073 952 1144 986 χαῖς,
1175 949 1208 982 ἃς
1225 950 1292 984 ἡμῖν
1316 949 1512 985 προεξένησεν,
1530 949 1615 983 οῐμοι,
1642 949 1657 974 6
1674 948 1707 974 τὰ
1727 948 1787 974 νόθα
1798 950 1835 980 τοῖς

1073 996 1218 1032 τροφίμοις
1228 995 1394 1030 ἑπισπείρας
1410 994 1528 1027 ζιζάνια,
1548 993 1639 1026 καθὼς
1665 994 1745 1029 ἑτέρα
1767 1003 1835 1029 mps-

1074 1041 1140 1076 ϐολὴ
1149 1041 1309 1076 διεσάφησε.
1320 1041 1442 1067 Κάκείσε
1454 1040 1508 1074 γὰρ
1522 1039 1633 1075 ἔσπειρε
1645 1040 1677 1066 τὸ
1687 1040 1764 1066 καλὸν
1775 1040 1835 1075 σπέρ-

1076 1096 1115 1122 μα
1127 1088 1141 1114 6
1159 1086 1354 1121 οἰκοδεσπότης
1365 1094 1372 1100 ·
1389 1085 1571 1117 καθεύδοντας
1581 1085 1610 1112 δὲ
1621 1086 1685 1117 τοὺς
1701 1085 1835 1121 ἀνθρώπους

1074 1133 1089 1159 6
1116 1132 1213 1168 ἐχθρὸς
1237 1131 1420 1166 ἐπιφυλάξας,
1447 1131 1590 1166 ὲνὲσπειρε
1619 1131 1661 1166 τῷ
1684 1131 1799 1166 τροφίμῳ
1818 1131 1835 1157 τί

1075 1179 1222 1214 ἄχρηστον,
1251 1177 1325 1212 αὖτῷ
1348 1177 1388 1212 τῷ
1405 1177 1472 1212 σίτῳ
1495 1177 1566 1204 κατὰ
1582 1176 1612 1203 τδ
1635 1176 1716 1211 μέσον
1728 1177 1804 1207 ἐνθεὶς
1816 1177 1835 1203 τί

1076 1223 1207 1256 ζιζάνιον,
1220 1223 1288 1258 ὅπερ
1304 1222 1420 1249 ἐνταῦθα
1435 1221 1556 1253 ἀκάνθας
1579 1221 1721 1249 ἐκάλεσεν.
1739 1222 1835 1256 Ἐξέχονε

1076 1278 1122 1296 ται
1137 1269 1189 1305 γὰρ
1206 1269 1334 1304 ἀλλήλαις
1349 1269 1377 1295 αἱ
1399 1268 1468 1295 θεῖαί
1494 1268 1594 1303 φωναὶ,
1620 1268 1670 1295 καὶ
1692 1269 1748 1299 ταῖς
1763 1268 1835 1299 αὐταῖς

1075 1315 1193 1347 ἐννοίαις
1207 1315 1389 1350 συνείρονται,
1406 1314 1458 1341 κᾶν
1470 1316 1525 1346 τοῖς
1539 1315 1645 1350 ῥήμασι
1657 1315 1835 1341 διαλλάσσωσιν.

1076 1360 1140 1390 Εἶεν
1157 1361 1180 1388 δ’
1200 1362 1234 1389 ἂν
1259 1361 1307 1389 καὶ
1321 1361 1439 1389 ἄκανθαι
1463 1362 1492 1388 αἱ
1506 1360 1552 1388 τὸν
1563 1361 1659 1395 νοητδν
1675 1361 1769 1396 σπόρον
1785 1370 1835 1395 συμσ

1076 1407 1222 1441 πνίγουσαι
1246 1407 1260 1434 6
1281 1406 1335 1434 ἀπὺ
1350 1406 1398 1432 τοῦ
1416 1406 1504 1441 θυμοῦ
1532 1406 1580 1433 καὶ
1595 1407 1647 1442 τῆς
1664 1405 1798 1440 ἐπιθυμίας
1807 1414 1835 1431 tt-

1077 1453 1210 1487 κτόμενος
1231 1451 1420 1489 μυριοπληθίις
1433 1451 1488 1478 τῶν
1509 1451 1602 1478 κακῶν
1620 1451 1761 1486 συρφετὸς,
1776 1459 1835 1485 φρινε

233 1491 413 1526 calamitates,
440 1493 495 1529 43
513 1501 628 1528 quaeque
646 1502 678 1522 ex
696 1495 738 1522 his
762 1495 845 1522 multa
867 1496 1022 1529 passionum

1077 1500 1158 1531 τίδες,
1181 1499 1322 1535 μέριμναι,
1351 1498 1446 1531 λύπαι,
1464 1497 1621 1533 ἐπιθυμίαι,
1639 1497 1735 1532 πένθη,
1752 1505 1835 1530 anu-1'0-

234 1544 332 1572 genera
352 1539 487 1572 oriuntur,
503 1547 552 1574 per
565 1548 633 1575 quas
653 1541 731 1568 bona:
749 1542 888 1574 actiones,
914 1542 1018 1569 etiamsi

235 1584 310 1611 nasci
327 1586 353 1611 in
372 1585 464 1612 anima
481 1587 630 1619 coeperint,
649 1588 829 1615 maturitatem
855 1593 943 1615 tamen
967 1596 1020 1615 non

235 1636 427 1665 assequuntur,
445 1639 532 1667 neque
556 1633 589 1660 ad
614 1633 750 1668 profectus
770 1633 938 1661 altitudinem
957 1641 1021 1669 pcr-

234 1677 356 1704 veniunt.

274 1731 284 1750 ι
308 1724 342 1752 Et
362 1725 433 1753 aliud
456 1726 555 1754 cecidit
573 1727 600 1755 in
626 1732 726 1755 terram
750 1728 866 1761 bonam,
883 1733 910 1756 et
931 1732 1020 1756 ortum

235 1768 301 1797 fecit
321 1770 439 1799 fructum
463 1773 628 1808 centuplum.
647 1783 656 1799 ι
681 1774 774 1807 Vides,
791 1779 820 1802 ut
838 1774 908 1802 idem
930 1781 1022 1802 semen

236 1816 272 1843 ab
296 1817 389 1844 eodem
415 1825 539 1853 sparsum
562 1819 680 1855 agricola
703 1827 756 1847 non
780 1820 904 1848 eumdem
929 1819 1024 1847 aderat

238 1861 375 1889 fructum?
392 1863 463 1896 Quid
481 1865 580 1900 igitur?
596 1865 676 1901 culpa
696 1867 746 1893 hoc
763 1866 864 1893 factum
884 1865 1025 1901 agricolaz?

238 1907 300 1942 quis
315 1915 379 1936 vero
392 1917 424 1937 eo
436 1911 619 1945 pervcrsitatis
636 1911 811 1946 procedet,ut
823 1912 871 1939 has
880 1912 1024 1948 cogitatio-

240 1961 288 1982 ncs
303 1955 441 1989 admittat,
455 1962 535 1991 atque
552 1957 609 1985 haec
624 1957 801 1993 blateret(3)?
815 1957 868 1985 Sed
880 1958 917 1985 uti
932 1958 1025 1986 eadem

241 2007 310 2034 aqua
329 2001 355 2028 in
375 2009 456 2029 unum
490 2003 613 2038 idemque
630 2008 737 2038 pratum
757 2003 846 2031 inlusa
863 2004 912 2031 alit
928 2011 1026 2038 genera

240 2047 347 2074 diversa
371 2048 541 2082 plantarum,
563 2053 591 2076 et
614 2049 654 2076 vis
677 2050 785 2085 quidem
809 2057 862 2077 una
889 2054 946 2082 est,
969 2057 1028 2084 qum

241 2092 348 2127 singula
373 2093 459 2129 rigat,
482 2099 510 2121 at
533 2101 643 2128 eorum,
665 2102 725 2130 qua:
749 2095 899 2130 irrigantur
920 2095 1028 2129 propria

243 2138 375 2172 cujusque
392 2140 525 2173 conditio,
542 2141 568 2167 in
585 2141 705 2169 diversas
721 2141 865 2176 qualitates
882 2146 1029 2168 commutat

1073 1546 1129 1581 ραῖ,
1150 1545 1198 1572 καὶ
1222 1545 1256 1572 τὰ
1281 1545 1313 1571 ἐκ
1332 1544 1434 1571 τούτων
1449 1543 1608 1579 πολύτροπα
1622 1543 1710 1578 πάθη,
1733 1543 1763 1570 δι’
1776 1540 1807 1569 ὧν
1818 1542 1835 1569 al

1072 1590 1173 1624 ἀγαθαὶ
1193 1589 1317 1625 πράξεις,
1335 1589 1386 1615 κᾶν
1411 1587 1547 1628 ἄρξωνται
1560 1587 1677 1622 φύεσθαι
1693 1588 1721 1614 ὲν
1731 1589 1760 1622 τῇ
1773 1588 1835 1622 ψυχῇ.

1073 1636 1287 1671 ἀτελεσφόρητοι
1303 1635 1426 1671 μένουσι,
1453 1634 1501 1660 καὶ
1519 1634 1558 1665 εἰς
1574 1632 1643 1668 ὕψος
1670 1633 1799 1668 προκοπῆς
1814 1630 1835 1658 οὐ

1072 1682 1265 1718 προϐαίνουσι.
1685 1714 1690 1717 Δ

1110 1738 1119 1754 t
1136 1728 1193 1755 Καὶ
1207 1727 1302 1763 ἕτερον
1316 1727 1413 1754 ἔπεσεν
1427 1727 1474 1753 ἐπὶ
1493 1726 1544 1762 τὴν
1559 1726 1611 1761 γῆν
1625 1725 1676 1761 τὴν
1690 1724 1793 1759 ἀγαθὴν,
1803 1722 1835 1750 καί

1073 1775 1140 1810 φυὲν
1164 1773 1276 1807 ἐποίησε
1307 1773 1414 1808 καρπὸν
1441 1771 1721 1799 ἑκατονταπλασίονα.
1745 1781 1753 1797 ι
1775 1770 1835 1804 Ὀρᾷς

1073 1821 1120 1848 τὸν
1137 1820 1221 1847 αὑτὸν
1233 1819 1333 1854 σπόρον
1346 1817 1400 1845 ὑπὸ
1418 1818 1465 1844 τοῦ
1480 1817 1563 1844 αὑτοῦ
1581 1817 1757 1851 σκιδνάμενον
1769 1823 1835 1850 γεωρ-

1075 1867 1136 1901 γοῦ,
1152 1867 1199 1893 καὶ
1217 1867 1254 1901 μὴ
1266 1866 1315 1901 τὴν
1328 1864 1412 1898 αὐτὴν
1426 1863 1617 1899 καρποφορίαν
1639 1861 1835 1891 ἐπιδεικνύονταῖ

1075 1913 1108 1940 Τί
1131 1910 1199 1944 οὗν;
1216 1911 1294 1946 παρὰ
1309 1910 1358 1945 τὴν
1383 1909 1475 1936 αἰτίαν
1489 1909 1578 1936 ταῦτα
1596 1908 1644 1935 τοῦ
1661 1905 1792 1943 γεωργοῦ⁶⁸;
1804 1905 1835 1932 καί

1075 1960 1116 1991 τίς
1130 1958 1163 1985 ἂν
1182 1959 1222 1989 είς
1237 1957 1317 1983 τοῦτο
1341 1956 1460 1990 προήκει
1485 1955 1648 1989 σκαιότητος
1671 1951 1835 1988 λογισμῶν,ὠς

1076 2004 1205 2038 τοιαύτην
1216 2002 1352 2037 φλυαρίαν
1370 2000 1460 2036 ἑαυτῷ
1477 2000 1699 2037 παραδέξασθαι;
1721 1998 1783 2026 Ἀλλ’
1798 1996 1835 2024 ὦσι

1077 2058 1131 2086 περ
1145 2050 1175 2076 τὺ
1200 2049 1266 2076 αὐτὸ
1279 2047 1352 2083 ὕδωρ
1372 2048 1401 2074 ὲν
1417 2046 1459 2074 ἐνὶ
1483 2046 1599 2081 χειμῶνι
1612 2045 1750 2080 χεόμενον,
1765 2041 1835 2076 δια;ό‹

1079 2105 1143 2131 ρους
1158 2096 1230 2126 ιδίας
1240 2093 1295 2121 τῶν
1309 2092 1454 2128 φυομένων
1471 2092 1566 2128 τρέφει
1577 2100 1584 2107 ⁸
1606 2092 1656 2118 καὶ
1671 2092 1687 2126 ἡ
1704 2091 1749 2125 μὲν
1762 2089 1835 2116 errove

1078 2143 1191 2174 τίζουσα
1201 2140 1232 2167 τὸ
1245 2140 1306 2169 καθ’
1321 2139 1438 2166 ἕκαστον
1448 2137 1561 2172 δύναμις
1578 2137 1628 2172 μία
1644 2136 1725 2169 ἐστὶν,
1741 2134 1788 2170 ἡδὲ
1797 2133 1835 2160 τῶι

240 2183 382 2211 humorem
395 2193 402 2212 :
416 2186 508 2213 eadem
521 2186 592 2213 enim
605 2193 673 2221 aqua
686 2188 713 2213 in
725 2187 859 2214 absinthio
872 2187 1025 2217 amarescit,

1079 2187 1231 2224 δεχομένων
1247 2185 1346 2220 ιδιότης
1360 2185 1400 2215 είς
1413 2183 1559 2219 διαφόρους
1573 2182 1604 2209 τὸ
1629 2182 1711 2217 ὑγρὸν
1729 2178 1835 2216 μεταὸἀλ·

242 2232 269 2254 et
288 2227 313 2255 in
332 2229 458 2257 vitiosum
477 2238 587 2257 succum
607 2230 632 2257 in
652 2230 711 2258 faba
731 2231 898 2258 convertitur
916 2229 987 2266 (ὃὸ),
1001 2236 1028 2258 et

242 2274 362 2301 rubescit
376 2275 483 2308 quidem
499 2276 524 2302 in
542 2284 617 2308 rosa,
634 2277 659 2303 in
675 2276 732 2303 lilio
745 2284 809 2304 vero
825 2277 973 2309 candescit,
1001 2283 1029 2304 et

242 2319 287 2346 hic
301 2320 408 2354 quidem
425 2321 523 2354 caleﬁt,
539 2322 574 2350 ibi
591 2330 654 2349 vero
668 2322 780 2357 l‘rigelit;
794 2327 821 2350 et
834 2327 900 2358 quot
915 2323 940 2349 in
958 2328 1028 2350 terra

241 2364 334 2393 videre
354 2370 397 2394 est
416 2368 450 2395 ab
469 2375 523 2395 uno
545 2369 694 2404 eodemque
715 2369 829 2396 humore
850 2369 1028 2404 germinantia

1080 2232 1120 2259 λει
1135 2231 1281 2266 ποιότητας
1292 2238 1298 2245 ·
1315 2229 1346 2256 τὸ
1364 2229 1418 2263 γὰρ
1436 2227 1501 2255 αὐτὸ
1515 2227 1588 2263 ὓδωρ
1603 2228 1632 2253 ὲν
1651 2227 1700 2263 μὲν
1711 2228 1741 2261 τῇ
1756 2224 1835 2259 ἀψίνθῳ

1082 2276 1269 2311 πικραίνεται,
1285 2275 1325 2305 εἰς
1344 2273 1507 2309 φθοροποιὸν
1520 2272 1548 2299 δὲ
1563 2272 1651 2308 χυμὸν
1671 2272 1699 2298 ὲν
1711 2271 1746 2305 τῷ
1763 2269 1835 2302 κυάμιξ

1084 2323 1256 2359 μεθίσταται,
1274 2322 1321 2349 καὶ
1336 2320 1526 2357 ἐρυθραίνεται
1544 2319 1594 2354 μὲν
1610 2320 1638 2345 ὲν
1649 2318 1688 2353 τῷ
1703 2318 1774 2353 ῥόδῳ,
1786 2316 1809 2342 ἐν
1819 2313 1835 2359 Gl

1082 2358 1121 2404 τῷ
1135 2368 1221 2403 κρίνῳ
1236 2365 1420 2399 λευκαίνεται,
1438 2364 1486 2392 καὶ
1499 2363 1529 2390 τὺ
1546 2363 1596 2399 μὲν
1607 2362 1808 2398 ἑνθερμαίνεται,
1819 2358 1835 2385 τί

277 2431 302 2448 ⁸⁸
314 2432 386 2460 Psal.
401 2441 464 2467 cxx,
482 2433 509 2462 6.
547 2435 571 2451 ⁸⁵
584 2434 662 2462 Cant.
679 2443 698 2467 l,
714 2435 741 2463 6.
782 2436 804 2452 ’θ
819 2435 871 2464 lsa.
889 2444 926 2469 ιν,
942 2437 973 2470 6;
990 2443 1053 2468 xxv,
1070 2435 1097 2463 Ι.

866 2494 1026 2525 Francisci
1042 2493 1147 2525 Scorsi
1164 2495 1257 2524 notat.

280 2540 338 2579 (δὲ)
358 2541 521 2579 Alqitehlrwc'
538 2543 658 2571 blateret.
680 2545 726 2576 Ὠς
752 2543 880 2579 τοιαύτης
896 2543 1033 2578 φλυαρίαν

245 2574 337 2614 ἐαυτῷ
348 2574 565 2614 παραδέξασθαι,
581 2579 628 2605 ltus
645 2574 727 2614 nugas
743 2579 771 2606 in
788 2588 814 2606 se
835 2574 953 2612 recipiat,
968 2574 1032 2605 sim-

246 2611 355 2647 pliciter
364 2612 514 2644 venissem,
525 2611 572 2641 sed
589 2611 710 2647 pluribus
726 2614 836 2641 indulsi.
851 2611 929 2641 C(V.
947 2614 1031 2641 habet

245 2646 402 2684 τερθρείαν,
414 2648 484 2684 quod
494 2648 563 2684 idem
572 2646 603 2675 ac
614 2648 742 2684 φλυαρία,
760 2650 856 2676 usitata
873 2656 924 2675 vox
939 2656 953 2674 a
965 2649 1033 2675 Gre-

246 2682 323 2714 gorio
344 2681 423 2716 Nyss.
444 2682 492 2709 lib.
511 2683 549 2710 De
565 2681 655 2710 anima
672 2681 696 2710 ei
714 2683 836 2716 Ratun,
869 2689 897 2711 et
914 2694 929 2710 ις
947 2684 1034 2718 Chry-

246 2721 377 2746 SOSIOHIO.

282 2752 339 2788 (35)
361 2753 393 2780 In
408 2753 470 2787 faba
494 2755 664 2782 convertitur.
693 2753 754 2781 Hmc
769 2754 849 2781 verba
872 2753 912 2784 είς
936 2753 1035 2788 φθορο-

248 2787 326 2824 ῖτοιέίν
342 2788 370 2815 δὲ
383 2789 472 2824 χυμὸν
486 2789 515 2815 ἐν
530 2789 567 2823 τῷ
592 2790 691 2824 κυάμῳ
712 2789 872 2823 μεθίσταται
893 2787 997 2815 ἀεδυυᾘ
1008 2789 1034 2815 in

249 2818 279 2850 l’.
294 2822 346 2857 (λε
373 2818 559 2858 δὲάέιιρριυνῖ
572 2832 603 2852 ex
628 2818 717 2857 νζ,ὐί
729 2832 793 2852 sane
805 2824 957 2852 necessaria
971 2828 1034 2851 sunt

1088 2544 1120 2579 ad
1137 2543 1250 2570 alteram
1268 2547 1370 2579 partem
1387 2541 1564 2579 oppositionis
1577 2537 1811 2579 signandamtsicut
1821 2537 1835 2563 ir

1088 2578 1194 2614 duabus
1215 2575 1547 2614 sequentibus4exemplis
1569 2583 1664 2614 auctor
1680 2575 1729 2614 duo
1745 2575 1802 2614 inter
1819 2578 1835 2611 sf

1088 2613 1234 2640 committit
1248 2609 1387 2639 ἄντίθετα.
1400 2611 1486 2638 Porro
1497 2609 1574 2644 ’quml
1590 2610 1651 2637 faba
1665 2609 1835 2636 malisitsucci

1086 2648 1196 2675 hebetet
1208 2655 1317 2678 sensus,
1328 2651 1356 2673 et
1366 2646 1498 2673 insomnia
1514 2645 1665 2672 turbulenta
1684 2645 1789 2673 inducat,
1802 2647 1835 2678 un;

1084 2687 1135 2715 est,
1155 2682 1241 2709 Plinio
1260 2682 1286 2708 id
1303 2676 1452 2710 asserente.
1479 2685 1504 2708 et
1531 2681 1633 2714 φυσικὴ
1651 2685 1801 2717 causa,__cu'r
1816 2676 1835 2701 al

1083 2713 1236 2752 Pythagora
1265 2717 1325 2752 ejus
1342 2713 1571 2752 ususrdamnatus
1595 2713 1632 2752 eo
1648 2714 1732 2752 edicto
1743 2713 1835 2752 Κυᾱμιω

1084 2747 1254 2787 ἀπέχεσθαι·
1308 2751 1376 2785 [abis
1393 2751 1587 2787 abstinendum.
1606 2748 1657 2776 Sed
1675 2754 1699 2775 et
1711 2749 1788 2782 plures
1797 2747 1835 2771 alia

1085 2785 1234 2814 aﬂertmtnr
1258 2785 1317 2819 ejus
1339 2786 1403 2812 dicti
1424 2785 1554 2815 rationes,
1580 2791 1647 2818 quas
1675 2786 1835 2812 commemora

1085 2821 1169 2850 Lilius
1183 2821 1310 2849 Giraldus
1325 2820 1351 2848 in
1366 2820 1477 2856 Pythag.
1493 2820 1631 2854 symbolis.
