1850 3054
37 169 77 199 Ξ57
709 170 789 200 ΗΟΜ

893 169 978 200 VIII.

1599 175 1653 207 253

36 227 90 254 ἁιὶὰ
102 225 150 261 τὴν
165 225 272 262 ἀγαθὴν
291 226 457 253 κατάστασιν
475 227 524 262 τῆς
543 226 645 262 ψυχῆς,
667 228 697 253 ἐν
717 224 793 263 ᾖτοὺ

891 234 941 253 iam
961 233 1103 261 speramus
1123 225 1317 260 hmreditatem,
1336 232 1397 262 post
1423 229 1522 256 mullos
1547 229 1655 258 labores

34 273 140 304 δικαίους
167 272 304 299 ἀναπαύει
328 274 342 299 6
365 273 463 306 Λόγος,
491 273 593 300 κόλπον
630 273 809 308 Ἀδραμιαίον

34 319 157 352 ὠνόμασε.
177 319 290 353 Πρῶτος
306 320 360 354 γὰρ
379 317 455 350 οὗτος
480 320 494 345 ὁ
509 319 684 354 πατριάρχης
705 319 748 346 διὰ
763 319 809 345 πι-

35 372 106 395 σεεως
117 363 166 398 τῆς
178 364 362 399 ἐλπιζομένης
382 364 535 400 εὐκληρίας
553 364 624 399 μετὰ
639 364 688 399 τὴν
708 364 808 400 πολλὴν

35 410 203 436 κακοπάθειαν
217 411 306 446 ἔτυχε.
327 411 382 446 Τὴν
400 411 466 445 γοῦν
482 411 537 437 τῶν
555 412 720 446 ἁμετρήτων
738 412 808 446 ἁγα-

35 457 78 483 θιῖιν
89 456 198 489 ἔνδειξιν
213 457 252 492 τῷ
264 457 310 484 τοῦ
323 457 427 483 κόλπου
439 457 619 492 διασημαίνει
633 457 748 491 ὀνόματι
762 478 768 489 ,
785 453 808 490 ᾧ

35 504 118 533 πάντες
139 503 173 528 δι’
197 503 299 537 ἀρετῆς
323 503 371 530 τὸν
393 503 519 538 παρόντα
539 503 713 534 διαπλέοντες
737 503 805 538 βίον,

33 550 85 575 ὅταν
102 549 227 575 ἐντεῦθεν
246 549 407 585 ἁπάρωσιν,
422 550 460 581 ὼς
477 551 506 576 ὲν
519 549 648 584 ἀκλύστῳ
658 549 746 584 λιμένι
757 549 806 581 τὰς

33 595 105 629 xtuli;
120 595 323 630 ἐνορμίζονται.
340 595 449 622 Γένοιτο
468 596 491 622 δ’
516 596 550 622 ἂν
570 597 637 630 ἡμῖν
659 596 806 623 ἀκόλουθον

33 642 127 667 κάκεῖνο
139 642 328 676 ὲπαπορῆσαι,
340 641 436 676 ἐπειδὴ
450 641 527 668 οὐδὲν
544 641 599 668 τῶν
613 642 806 677 ἁπροαιρέτων

33 688 132 721 ὑπάρχει
149 688 335 722 μακαριστὸν,
353 687 413 718 πῶς
432 689 445 714 6
460 687 587 724 Λάζαρος
602 688 739 719 ἀκουσίως
755 697 805 714 πε-

33 734 127 767 ιήμενος
144 732 197 767 τῆς
226 734 367 768 μακαρίας
394 733 492 768 ἔτυχεν
511 733 710 767 ἀπολαύσεως;
735 733 804 760 Οὔτε

33 780 75 813 γὰρ
89 778 119 804 ἂν
132 779 181 806 καὶ
195 778 298 810 πάντες
310 780 336 806 οἱ
348 780 494 814 πενόμενοι
510 780 565 806 τῶν
580 780 645 807 ῐσων
657 779 733 814 αὐτῷ
744 779 806 806 rati-

33 825 106 856 ξονται
126 825 262 860 ἀμοιὸὦν.
288 826 382 860 Φαμὲν
412 824 469 859 οὗν,
492 826 530 857 ὡς
553 825 738 861 ἐπαινουμένη
755 826 804 860 μὲν

33 870 91 896 ἔστιν
119 870 209 897 ἔνδεια
239 871 255 905 ἡ
280 871 417 903 ἑκούσιος,
435 872 468 905 ἢν
488 870 638 906 μακαρίζει
655 871 669 897 6
689 871 803 906 Κύριος·

863 277 1029 300 consecutus
1047 278 1097 300 est.
1117 273 1209 307 Itaque
1230 273 1425 301 inmensorum
1449 275 1581 302 bonorum
1605 277 1654 303 de-

862 317 1022 345 monstratio
1035 318 1119 349 {sinus
1142 318 1321 352 appellatione
1336 320 1502 353 continetur,
1517 321 1551 347 ad
1573 329 1652 355 quem

861 371 966 395 omnes,
984 364 1028 399 qui
1055 364 1116 390 vita:
1142 364 1221 398 hujus
1246 364 1445 398 navigationem
1470 367 1654 395 ctun'virtute

860 409 1018 443 conﬁciunt,
1035 414 1177 444 postquam
1195 409 1257 436 hinc
1271 410 1420 442 solverunt,
1439 411 1512 438 velut
1525 412 1558 439 ad
1576 417 1652 440 tran-

859 456 971 491 quillutu
993 460 1099 490 portum
1125 456 1230 483 animas
1255 456 1404 490 appellunt.
1433 457 1652 486 Consentaneum

859 510 924 528 vero
939 502 1016 528 nobis
1030 506 1071 528 est
1088 501 1150 527 illud
1165 502 1246 527 etiam
1263 509 1396 535 quaerere,
1414 510 1475 529 cum
1493 503 1558 530 nihil
1575 504 1653 531 invo-

858 546 1003 573 luutariuiu
1029 545 1194 572 beatitudine
1219 546 1328 580 dignum
1345 546 1390 578 sit,
1417 546 1464 581 qui
1483 547 1580 574 factum
1598 553 1651 582 cst,

859 598 887 620 ut
901 592 1030 625 Lazarus,
1045 593 1090 627 qui
1111 593 1212 620 inritus
1235 597 1392 627 paupertate
1410 594 1571 628 angebatur,
1588 595 1652 621 bea-

858 638 1000 665 titudinem
1022 642 1235 672 consequeretur
1251 637 1327 673 (5|)?
1340 637 1434 673 Neque
1451 639 1523 666 enim
1545 647 1650 673 omnes,

856 683 901 718 qui
917 687 1038 718 egestate
1056 683 1192 714 laborant,
1210 690 1301 716 parem
1318 690 1379 709 cum
1396 683 1440 710 illo
1454 685 1651 712 remuneratio-

857 737 918 757 nem
945 729 1083 763 accepturi
1111 733 1182 756 suut.
1210 728 1303 763 Itaque
1330 728 1445 757 dicimus
1471 730 1650 758 voluntariam

856 775 964 810 quidem
986 779 1171 810 paupertatem
1193 782 1252 801 esse
1270 775 1347 802 laude
1364 775 1484 809 dignam,
1500 783 1580 810 quam
1596 776 1651 803 1).)-

857 822 947 848 minus
963 821 1069 848 beatam
1084 820 1228 855 praedicat;
1244 825 1332 847 tamen
1347 821 1466 855 prudens
1483 821 1552 849 ratio
1566 822 1647 849 etiam

856 869 970 895 invitum
988 868 1086 894 bonum
1103 868 1136 894 ad
1152 868 1276 894 virtutem
1296 868 1443 896 transferre
1460 874 1556 903 potest,
1574 877 1649 897 com-

33 915 87 950 πλὴν
97 915 151 941 ἀλλ’
165 917 179 942 6
194 916 319 951 ἐχέφρων
337 917 466 951 λογισμὸς
477 916 580 943 δύναιτ’
592 917 625 943 ἂν
638 917 797 957 μεταγαγεῖι

889 914 996 941 iscendo
1018 914 1198 941 voluntariam
1226 914 1397 941 tolerantiam
1430 922 1491 942 cum
1514 923 1578 942 casu
1599 916 1647 950 qui

33 963 63 993 εἰς
75 961 168 998 ἀρετὴν
189 962 240 989 καὶ
264 963 294 988 τὸ
320 962 450 989 ἀκούσιον
473 962 588 996 ἀγαθον,
607 963 657 998 τὴν
676 962 803 990 ἑκούσιον

33 1008 153 1043 ὑπομονὴν
178 1008 220 1043 τῷ
245 1008 383 1043 συμϐάντι
403 1008 525 1043 ἀκουσίῳ
546 1008 801 1043 συγκερασάμενος.

33 1054 110 1080 Πολλοὶ
125 1054 173 1088 μὲν
184 1054 242 1089 γὰρ
257 1054 362 1089 πτωχοὶ
375 1055 409 1089 τῇ
422 1054 579 1089 περιουσίᾳ,
600 1054 802 1081 πλεονεκτικώ-

32 1107 92 1125 sum
113 1098 141 1125 δὲ
165 1100 200 1134 τῇ
230 1100 393 1135 προαιρέσει
420 1100 614 1135 τυγχάνουσιν,
641 1097 682 1131 οἷς
714 1099 803 1131 οὐδεὶς

33 1145 108 1172 [rem
129 1145 178 1180 τῆς
203 1145 311 1176 ἐνδείας
334 1145 430 1180 μισθός
445 1153 452 1160 ’
472 1146 520 1172 καὶ
545 1145 629 1172 mea
649 1146 694 1177 ἂν,
721 1146 802 1180 φησὶ,

33 1191 148 1226 γνώριμος
162 1192 272 1226 γένοιτο
283 1193 299 1226 ὴ
318 1191 363 1218 τοῦ
380 1192 508 1227 Λαζάρου
521 1192 700 1227 προαίρεσις;
725 1191 802 1218 οὐδὲν

33 1238 74 1272 γὰρ
90 1238 148 1272 περὶ
164 1239 272 1264 τούτων
287 1240 301 1265 ό
318 1238 397 1272 λόγος
415 1239 482 1273 ἡμῖν
505 1239 629 1272 ἐσήμαινε
645 1247 653 1254 ·
673 1239 720 1264 καὶ
749 1238 804 1273 μὴν

34 1284 55 1314 ἐξ
65 1284 143 1311 αὐτῶν
162 1284 220 1310 τῶν
237 1284 437 1318 Εὐαγγελικῶν
462 1284 594 1320 ῥημάτων
615 1283 696 1310 τοῦτο
711 1283 803 1319 ῥᾴδιον

35 1328 139 1357 συνιδεῖν,
151 1329 270 1356 Ἕλκεσι
284 1329 339 1364 γὰρ
357 1329 406 1356 καὶ
422 1329 588 1364 γυμνητείᾳ,
603 1329 652 1355 καὶ
665 1328 737 1363 λιμῷ
761 1337 803 1355 τε·

34 1375 196 1409 τρυχωμένος,
212 1376 261 1401 καὶ
277 1375 325 1402 τοῦ
339 1375 469 1402 πλουσίου
482 1375 532 1410 τὴν
546 1374 653 1410 τρυφὴν
665 1374 800 1410 ὁσημέραι

34 1420 97 1453 ἐρῶν,
107 1420 166 1447 οὔτε
181 1422 231 1456 τῆς
245 1421 345 1456 βύσσου
374 1422 421 1449 καὶ
436 1422 484 1456 τῆς
501 1421 645 1456 πορφύρας
662 1421 691 1447 ὲν
705 1421 801 1446 ἐπιου-

855 965 948 987 conlra
960 959 1125 986 voluntatem
1141 959 1254 992 accidit;
1274 959 1348 986 multi
1364 959 1435 986 enim
1452 964 1515 986 stllll.
1532 959 1647 987 fortunis

854 1013 997 1040 pauperes,
1014 1006 1058 1039 qui
1076 1005 1157 1032 iidem
1173 1005 1308 1033 voluntate
1329 1005 1443 1032 habendi
1464 1009 1528 1032 sunt
1542 1006 1645 1033 avidis-

853 1052 925 1083 simi,
938 1059 1005 1086 quos
1020 1050 1090 1077 nulla
1104 1055 1193 1078 manet
1206 1051 1370 1086 paupertatis
1383 1058 1498 1079 merces.
1515 1052 1548 1078 Et
1561 1052 1648 1079 unde-

854 1105 933 1130 nam,
956 1097 1045 1131 inquit
1070 1097 1124 1129 ille,
1151 1101 1258 1124 constat
1288 1096 1383 1124 Lazari
1408 1097 1548 1124 voluntas?
1573 1097 1645 1125 Nihil

852 1143 923 1171 enim
941 1142 974 1170 de
989 1143 1040 1169 hac
1056 1142 1133 1169 nobis
1144 1142 1315 1177 evangelicus
1329 1149 1418 1169 sermo
1432 1143 1576 1176 signiﬁcat.
1590 1143 1651 1175 Sed,

854 1195 942 1217 tamen
955 1196 987 1216 ex
1003 1189 1068 1223 ipsis
1081 1187 1218 1222 Evangelii
1234 1188 1323 1215 verbis
1338 1187 1417 1215 facile
1431 1188 1457 1215 id
1474 1188 1645 1223 intelligitur,

854 1236 915 1270 quia
931 1243 992 1262 cum
1013 1234 1158 1265 ulceribus,
1178 1233 1309 1265 nuditate,
1324 1240 1356 1260 ac
1373 1234 1442 1261 fame
1458 1233 1645 1266 amictaretur,

854 1284 880 1308 ct
896 1280 985 1307 divitis
1009 1279 1100 1306 luxum
1117 1278 1236 1312 quotidie
1254 1278 1368 1310 videret,
1385 1285 1472 1312 neque
1488 1278 1599 1313 byssutn
1616 1283 1644 1305 et

855 1333 999 1360 purpuram
1012 1324 1175 1358 concupivit,
1189 1330 1275 1358 neque
1287 1323 1406 1350 ciborum
1422 1324 1544 1351 varietati
1558 1324 1645 1351 inhia-

857 1373 926 1398 visse
953 1371 1070 1401 videtur,
1093 1371 1139 1396 scd
1157 1370 1189 1396 de
1207 1369 1283 1396 micis
1306 1369 1435 1395 duntaxat
1459 1369 1642 1396 neceswriutn

856 1423 960 1445 naturze
976 1417 1095 1443 debitum
1111 1415 1216 1442 solvere
1231 1415 1366 1449 cupiebat.

36 1470 72 1503 μὶςι
82 1470 193 1502 ἐγένετο,
208 1469 272 1496 οὒτε
294 1469 357 1505 περὶ
369 1470 418 1505 τὴν
432 1470 568 1496 ποικιλίαν
595 1469 650 1495 τῶν
665 1468 822 1503 ἐδεσμάτων
842 1466 967 1501 φαίνεται
985 1464 1208 1500 λιχνευσάμενος,
1241 1463 1300 1490 ἀλλ’
1315 1465 1348 1490 ἐκ
1369 1464 1425 1490 τῶν
1442 1463 1540 1499 ψιχίων
1563 1465 1644 1500 μόνον

35 1513 143 1547 ἐπεθύμει
156 1514 250 1541 δοῦναι
263 1515 293 1541 τὸ
309 1516 460 1549 ἀναγκαῖον
475 1515 523 1549 τῆς
549 1514 656 1548 φύσεως
675 1513 797 1547 ὄφλημα.

61 1569 69 1584 ι
93 1561 220 1587 Ἀπέθανε
245 1562 275 1588 δὲ
302 1562 349 1587 καὶ
378 1563 392 1588 6
420 1561 560 1594 πλούσιος,
587 1561 634 1588 καὶ
659 1560 757 1594 ἐτάφη.
788 1568 797 1584 ι
815 1561 835 1590 C

37 1607 112 1640 ’ῼχετο
125 1608 172 1633 καὶ
185 1607 315 1634 διόλωλεν
330 1608 344 1633 6
359 1607 485 1642 λαμπρός
500 1616 530 1633 τε
546 1607 594 1633 καὶ
616 1606 797 1640 ἁϐροδίαιτος,

36 1652 85 1676 ὀὲν
103 1651 192 1686 βύσσῳ
220 1653 270 1678 καὶ
297 1652 428 1688 πορφύρᾳ
453 1651 651 1687 ὡραῖξόμενοςο
673 1652 687 1677 ὁ
701 1651 799 1677 ἐσθίων

35 1697 121 1729 ἐρίφους
144 1698 176 1723 ὲκ
203 1699 353 1733 ποιμνίων,
369 1701 415 1725 καί
434 1698 570 1732 μοσχάρια
586 1698 619 1724 ὲκ
637 1698 721 1732 μέσου
738 1696 800 1731 βου-

36 1742 110 1769 κολίων
135 1743 289 1778 γαλαθηνά.
310 1744 402 1771 Ταῦτα
425 1744 454 1770 δὲ
480 1745 515 1770 τὰ
540 1744 698 1779 προφητικά
712 1751 720 1758 ⁸
735 1751 744 1768 ι
770 1743 799 1769 Ὁ

36 1789 100 1815 πίνων
121 1790 164 1815 τὸν
186 1789 364 1825 διῦλισμένον
387 1787 469 1822 οἶνον,
495 1790 543 1816 καὶ
562 1790 595 1816 τὰ
614 1789 708 1824 πρῶτα
725 1789 799 1825 μύρα

36 1834 162 1868 χριόμενος.
191 1844 199 1861 ι
228 1835 331 1862 Σκόπει
347 1836 393 1868 δὲ,
414 1835 452 1866 ὡς
469 1835 514 1861 ἐπὶ
535 1835 585 1870 μὲν
601 1835 646 1861 τοῦ
665 1835 778 1870 πένητος
790 1854 798 1868 ,

35 1881 193 1916 οιιιέμνήσθη
203 1881 308 1916 ταφῆς.
321 1882 366 1907 ἐπὶ
384 1882 412 1908 δὲ
426 1881 473 1908 τοῦ
487 1881 615 1908 πλουσίου
633 1881 681 1908 καὶ
697 1881 798 1916 ταύτην

36 1927 183 1962 συντέταχεν,
211 1927 370 1958 ἀκολούθως
393 1927 473 1954 τοῦτο
498 1927 596 1953 ποιῶν.
620 1927 657 1953 Τὸ
678 1927 727 1962 μὲν
745 1927 798 1962 γὰρ

35 1971 135 2007 Λὶζσρον
151 1973 226 2004 εἰκὸς
240 1973 397 2007 ἀκηδέστως
416 1972 530 2006 ῥιφῆναί
551 1981 602 1998 που
618 1972 732 2006 ἄταφον.
748 1972 795 2003 Τις

35 2018 74 2052 γὰρ
83 2018 110 2044 iv
125 2019 324 2054 προσηκούσης
341 2018 418 2049 ὁσίας
434 2017 547 2052 ἠξίωσε,
558 2018 603 2044 τὸν
619 2018 687 2053 μηόὲ
700 2017 798 2052 ψιχίων

36 2063 90 2093 ἀξιον
101 2065 299 2100 νομιζόμενονξ
320 2064 364 2098 Τῷ
378 2063 499 2098 πλουσίῳ
517 2063 610 2090 πολλοὶ
636 2063 685 2098 μὲν
706 2064 731 2090 οἱ
752 2064 798 2089 ἐπὶ

35 2110 57 2142 τῇ
70 2109 160 2145 ἐκφορᾷ
175 2110 434 2145 προπομπεύοντες,
451 2109 546 2136 πολλαὶ
561 2109 589 2136 δὲ
605 2109 737 2144 Θρηνῳόοὶ
749 2109 798 2140 τὰς

35 2156 132 2188 οἰμωγὰς
149 2156 341 2182 ὲπιτείνουσαι
356 2155 479 2190 ’λάρναξ
499 2155 528 2181 δὲ
552 2155 598 2181 τὸν
621 2155 718 2189 νεκρὸν
736 2155 798 2180 ἑπι-

36 2201 180 2236 ιιρὺπτουσα,
192 2202 243 2229 καὶ
260 2203 276 2237 ἡ
291 2201 387 2236 κηδεια
403 2201 531 2236 λαμπρὰ,
549 2202 595 2227 καὶ
610 2200 641 2226 τὸ
655 2200 703 2226 τοῦ
715 2200 797 2227 Δαϐὶδ

891 1565 900 1582 ι
919 1555 1041 1582 Mortuus
1057 1559 1097 1581 est
1117 1559 1205 1581 autem
1230 1558 1256 1580 et
1273 1552 1360 1585 dives,
1376 1557 1403 1580 et
1422 1552 1543 1587 sepultus
1561 1560 1612 1581 est.
1631 1564 1640 1580 ι

853 1600 975 1626 Excessit
984 1606 998 1625 c
1009 1599 1072 1630 vita,
1081 1604 1105 1625 et
1121 1598 1221 1624 interiit
1232 1597 1387 1631 splemlidus
1400 1597 1453 1631 ille,
1462 1603 1489 1624 et
1498 1598 1642 1633 delicaius,

851 1649 877 1672 et
893 1646 972 1680 bysso
988 1649 1014 1671 et
1025 1652 1142 1679 purpura
1153 1643 1372 1677 conspiciendus,
1385 1643 1429 1677 qui
1457 1653 1466 1669 ι
1481 1645 1642 1672 comedebat.

852 1692 943 1718 haedos
964 1690 997 1717 de
1020 1697 1111 1724 grege,
1128 1695 1155 1716 et
1172 1690 1303 1716 lactentes
1328 1689 1424 1716 vitulas
1447 1690 1478 1717 de
1495 1690 1553 1717 med
1565 1699 1581 1717 ο
1596 1699 1641 1717 ar-

852 1742 1015 1763 mentorum.
1042 1745 1051 1762 »
1075 1736 1138 1763 llaec
1166 1739 1253 1762 autem
1282 1736 1360 1763 verba
1386 1737 1523 1770 propheta:
1549 1742 1611 1764 sunt
1632 1747 1640 1765 :

855 1792 863 1808 ι
879 1783 929 1816 Qui
944 1782 1051 1809 bibebat
1063 1783 1153 1809 viuum
1167 1782 1336 1814 delmcatuut,
1347 1787 1374 1809 et
1391 1783 1533 1817 unguentis
1548 1784 1641 1816 primis

851 1829 1001 1864 ungebatur
1016 1828 1037 1856 ⁵.
1058 1838 1067 1854 ι
1094 1829 1238 1856 Considera
1266 1834 1367 1861 autem,
1383 1837 1443 1856 cum
1462 1830 1494 1856 de
1517 1830 1641 1857 mendio

851 1873 1015 1907 loqueretur,
1042 1874 1142 1900 nullam
1169 1873 1314 1907 sepultura:
1342 1874 1436 1900 fecisse
1463 1874 1640 1907 mentionem,

850 1927 910 1946 cum
927 1927 990 1946 vero
1007 1919 1039 1945 de
1062 1919 1156 1951 divite,
1180 1926 1238 1945 eam
1256 1919 1346 1945 statim
1370 1920 1535 1953 adjuuxisse.
1561 1920 1638 1952 Quot

850 1969 1031 2000 congruenter
1055 1965 1117 1991 fecit
1142 1973 1149 1990 :
1175 1964 1320 1991 verisimile
1346 1965 1418 1991 enim
1442 1970 1483 1992 est
1507 1965 1637 1992 Lazarum

847 2013 926 2046 justis
938 2011 1041 2038 funeris
1051 2011 1181 2042 caruisse,
1191 2017 1270 2044 atque
1283 2011 1442 2044 insepultum
1454 2011 1542 2044 aliquo
1552 2011 1638 2038 fuisse

849 2058 997 2092 projectum
1009 2064 1017 2083 :
1029 2056 1090 2090 quis
1108 2056 1178 2082 enim
1201 2063 1260 2081 ellllt
1283 2056 1416 2088 supremis
1435 2057 1581 2083 honoribus
1595 2057 1638 2084 di-

849 2108 976 2140 gnaretur
985 2102 1047 2137 50,
1059 2102 1105 2137 qui
1117 2109 1150 2128 nc
1160 2102 1237 2138 micis
1249 2102 1356 2135 quidem
1366 2103 1459 2136 dignus
1473 2103 1639 2130 habebatur?

849 2148 946 2175 Divitis
971 2155 1034 2174 vero
1061 2145 1142 2173 funus
1165 2145 1241 2173 mulli
1267 2147 1527 2180 prosequebantur:
1546 2147 1638 2175 rnultte

852 2197 933 2224 etiam
950 2198 1062 2223 aderant
1078 2194 1191 2230 praeﬁca
1206 2202 1265 2226 qua:
1281 2194 1383 2222 luctum
1402 2195 1497 2222 maniis
1511 2196 1636 2224 intende-

35 2246 230 2282 éleqpaﬁpsvuv
248 2255 255 2262 ·
280 2255 290 2272 ι
310 2247 343 2273 Oi.
363 2246 444 2280 τάφοι
474 2245 564 2273 αὐτῶν
599 2245 685 2273 οῑκίαι
706 2246 796 2272 αὐτῶν

889 2248 924 2269 ιιι.
943 2242 1059 2269 Loculus
1078 2249 1151 2273 vero,
1166 2249 1218 2276 quo
1236 2241 1373 2268 conditum
1391 2241 1506 2268 cadaver
1526 2245 1595 2273 erat,
1610 2245 1638 2268 et

36 2292 63 2322 εἰς
74 2293 110 2318 τὸν
122 2293 216 2320 αἰῶνα.
235 2302 247 2319 ι

63 2390 70 2405 ι
86 2382 133 2408 Καὶ
151 2383 180 2408 ὲν
200 2382 240 2417 τῷ
257 2383 308 2419 ᾄδῃ
332 2383 439 2418 ἐπάρας
453 2383 518 2414 τοὺς
537 2381 694 2417 ὀφθαλμοὺς
714 2381 796 2408 αὑτοῦ

37 2425 141 2461 imit)wa
158 2429 186 2453 ὲν
203 2428 345 2462 βασάνοις,
360 2428 411 2462 ὁρᾷ
426 2427 471 2453 τὸν
486 2427 612 2462 ’Δῆραὰμ
626 2427 680 2453 ἀπὸ
695 2426 798 2461 μακρό-

37 2471 77 2503 θεν,
98 2474 140 2500 καὶ
167 2474 295 2508 Λάζαρον
324 2475 353 2500 ὲν
381 2475 438 2505 τοῖς
464 2473 574 2504 κόλποις
589 2473 732 2508 ’Δὸραάμ,
753 2473 798 2499 καὶ

61 2538 149 2565 ‘Amos
160 2547 197 2571 vi,
207 2538 236 2565 4.
275 2538 285 2553 ³
297 2537 369 2565 Psal.
386 2545 480 2570 vam,
496 2537 537 2565 t2.

849 2296 945 2324 pompa
959 2287 1061 2315 funeris
1075 2287 1224 2321 splendida,
1235 2292 1261 2313 et
1275 2287 1338 2313 illud
1354 2286 1438 2314 David
1454 2286 1616 2321 implebalur
1629 2295 1636 2314 :

852 2345 861 2361 ι
879 2334 1008 2367 Sepulera
1032 2340 1127 2360 eorum
1149 2333 1245 2360 domus
1262 2333 1367 2359 illorum
1393 2332 1419 2359 in
1440 2337 1570 2359 internum
1586 2332 1607 2358 '.
1624 2341 1636 2358 ι

888 2389 897 2405 ι
910 2380 944 2408 Et
963 2380 989 2406 in
1008 2378 1113 2406 inferno
1125 2378 1233 2405 elevans
1249 2377 1342 2405 oculos
1353 2385 1426 2410 suos,
1440 2385 1501 2404 cum
1520 2381 1593 2404 esset
1611 2377 1636 2403 in

852 2426 1005 2457 tormentis,
1022 2425 1087 2452 vidit
1104 2425 1239 2452 Abraham
1266 2432 1279 2450 a
1304 2424 1391 2459 longe,
1415 2429 1442 2450 et
1458 2423 1589 2450 Lazarum
1611 2423 1637 2449 in

852 2472 911 2499 sinu
925 2472 991 2506 ejus,
1001 2475 1026 2498 et
1042 2470 1163 2498 clamans
1170 2470 1253 2506 dixit:
1264 2470 1413 2503 Abraham,
1434 2470 1562 2496 miserere
1573 2469 1636 2502 uici,

625 2581 787 2613 Francisci
805 2581 912 2613 Scorsi
930 2584 1024 2612 neue.

39 2631 98 2667 tingit
107 2633 280 2668 Theophanes
292 2639 395 2666 noster,
406 2641 467 2661 cum
482 2634 519 2660 ait
532 2635 604 2661 hunc
615 2634 797 2668 patriarchani

40 2668 131 2703 primum
156 2670 217 2696 ﬁdei
245 2676 301 2696 suae
329 2670 424 2696 merito
449 2676 585 2703 speratam
610 2669 797 2696 hereditatem

40 2701 103 2729 tuisse
116 2709 299 2731 consecutum.
322 2701 480 2731 Uberiorem
500 2704 580 2738 hujus
599 2704 650 2730 loci
667 2704 797 2737 explana-

41 2742 116 2774 tionem
138 2740 160 2765 si
177 2739 327 2771 desideras,
350 2739 392 2765 adi
416 2738 573 2773 Gregorium
598 2739 747 2774 Nyssenum
770 2740 797 2765 in

41 2772 130 2807 dialogo,
144 2782 190 2801 seu
212 2774 282 2801 libro
302 2774 340 2800 De
359 2774 448 2800 anima
465 2772 487 2799 ἐι
509 2772 706 2800 resurrectione.

65 2807 110 2840 (5t)
128 2809 318 2836 Beatitudinem
343 2813 552 2842 consequeretur.
577 2809 653 2841 Quod
674 2808 794 2836 Lazarus

41 2840 71 2866 h‘:
84 2844 209 2870 mendicus
220 2844 288 2870 alius
300 2844 349 2874 sit,
366 2840 445 2877 atque
471 2843 515 2870 ille
536 2840 615 2878 quem
635 2842 760 2870 Christus
780 2851 795 2870 e

10 2900 11 2910 γ
41 2878 127 2904 mortuis
142 2884 278 2906 revocant
297 2882 426 2906 Constans
447 2883 487 2905 est
507 2879 627 2906 omnium
653 2883 792 2905 auctorum

853 2633 963 2666 opinio:
983 2633 1036 2660 imo
1046 2638 1073 2659 et
1084 2640 1142 2660 eam
1157 2633 1240 2660 totius
1259 2633 1385 2661 Ecclesiae
1403 2635 1564 2662 sententiam
1576 2642 1636 2662 esse

851 2667 1021 2695 Mal-leuatus
1036 2667 1126 2695 nos‘ter
1139 2668 1264 2700 allirmat,
1284 2669 1382 2703 quipue
1395 2677 1454 2703 qua:
1468 2670 1536 2697 duos
1552 2670 1637 2697 faciat

851 2703 978 2734 Lazaros,
1000 2707 1025 2728 et
1052 2704 1159 2737 utrique
1185 2703 1285 2730 cultum
1302 2705 1451 2736 'exltibeat,
1473 2709 1501 2732 et
1528 2705 1636 2732 dedicet

850 2738 948 2773 templa
968 2746 974 2764 :
991 2737 1061 2771 quod
1086 2745 1166 2763 unum
1182 2742 1224 2765 est
1241 2746 1273 2765 ex
1291 2741 1467 2773 argumentis,
1495 2747 1548 2773 quo
1572 2748 1634 2773 pro-

849 2772 1010 2808 baturquod
1027 2779 1108 2806 supra
1122 2773 1251 2804 diximus,
1269 2781 1296 2801 n.
1314 2775 1340 2804 6,
1360 2772 1584 2801 historiaurhanc
1600 2782 1635 2801 ex

847 2813 924 2843 parte
939 2808 1112 2843 censendam,
1129 2815 1181 2834 nou
1193 2808 1346 2843 parabolam
1361 2812 1456 2843 tutam.
1470 2809 1533 2836 Vide
1545 2809 1632 2843 ipsum

847 2842 1029 2868 ltlaldouatum
1049 2841 1075 2868 in
1099 2849 1160 2876 cap.
1187 2841 1231 2871 xu
1261 2842 1351 2872 Luem.
1373 2842 1444 2872 Idem
1466 2841 1632 2873 habet-Cor-

846 2878 934 2905 nelius
949 2885 964 2903 a
977 2877 1077 2917 Lapidc
1088 2877 1141 2905 hic.
