1850 3054
46 128 91 158 269

720 127 883 157 HOMlLlA
903 129 989 159 VIII.

1605 129 1659 161 270

47 186 90 212 κᾶν
117 185 158 216 εἰς
181 183 216 210 τὰ
242 185 380 218 στοιχεῖα,
403 184 432 217 ἐξ
454 181 491 211 ὧν
515 184 665 219 συνέστηκε
685 183 802 219 λέλυταιξ

912 185 994 212 alibet
1010 184 1110 216 anima,
1134 184 1258 218 quamvis
1283 185 1309 212 iu
1335 184 1478 218 elementa,
1503 193 1535 214 ex
1559 187 1659 220 quibus

46 231 70 257 τὺ
84 230 193 264 δυνάμει
209 230 261 265 μὲν
276 230 315 261 ὃν,
336 230 462 265 ἐνεργείᾳ
479 230 508 257 δὲ
524 230 708 265 γενησόμενον
737 239 822 266 προσ-

46 277 163 311 εδήλωσε.
179 276 312 303 Λείπεται
328 274 375 303 οὖν
387 277 462 312 ἡμᾶς
478 277 567 303 ὲκεῖνο
582 277 752 312 ζητήσαντας
771 285 823 311 μα-

46 323 103 354 ῦεῖν,
127 322 213 354 uligo
230 323 259 348 ὲν
284 324 317 358 τῇ
341 322 456 358 τοιαύτῃ
481 322 654 357 σμηχόμενος
681 323 819 357 συμφορᾷ,

46 368 162 403 φροντίδα
183 369 302 394 ποιεῖται
320 368 373 394 τῶν
389 368 441 394 ὑπὸ
463 368 515 402 γῆς
534 368 605 394 κατὰ
629 367 710 402 γένος
732 376 820 403 προσ-

45 414 154 448 ηκόντων
165 414 252 450 αύτῷ-
273 415 340 449 φησὶ
354 414 409 449 γὰρ
429 414 498 450 πρὸς
508 414 555 440 τὸν
563 415 747 450 πατριάρχηψ

77 504 183 538 Ἐρωτῶ
212 512 254 536 σε,
271 505 372 539 Πάτερ,
394 504 438 531 ἴνα
469 504 583 540 πέμψῃς
612 504 693 531 αὐτὸν
713 505 751 536 εἰς
771 505 821 540 τὴν

41 551 121 577 οἰκίαν
150 550 198 577 τοῦ
225 550 330 585 πατρός
360 559 412 586 μου
427 558 433 565 ·
447 551 501 586 ἔχω
514 551 569 586 γὰρ
582 551 663 578 πέντε
677 551 818 585 ἀδελφοὺς,

41 597 107 627 ὅπως
129 596 353 631 διαμαρτύρηται
379 597 482 628 αὐτοῖς,
499 596 542 623 ἵνα
571 596 608 632 μὴ
623 597 670 624 καὶ
687 597 763 623 αὐτοὶ
775 597 818 623 ἑλ-

41 643 114 668 Οωσιν
137 643 178 674 εἰς
200 643 246 669 τὸν
269 643 351 669 τόπον
379 644 427 678 τῆς
453 643 581 678 βασάνου.
595 653 604 669 ι
619 644 675 670 Καὶ
694 644 820 679 ’Δὸραὰμ

40 689 164 720 εἰπόντος,
181 690 219 720 ὡς
236 689 317 722 ἀρκεῖ
329 689 435 721 τούτοις
449 691 465 724 ὴ
482 690 514 716 ὲκ
529 689 576 716 τοῦ
595 690 678 724 νόμου
701 690 748 717 καὶ
765 690 819 718 τῶν

40 734 179 769 προφητῶν
197 734 370 770 χειραγωγία
382 741 389 749 ⁶
408 744 417 760 t
438 735 550 770 Ἔχουσι
570 734 635 769 γὰρ,
659 736 737 771 φησὶ,
755 736 818 763 Μω-

40 781 81 806 σέα
99 780 146 806 καὶ
171 780 235 812 τοὺς
254 781 408 815 προφήτας.
424 790 433 806 ι
453 781 515 807 Ἔτι
538 781 736 816 προσελιπάρει
759 790 819 808 πει-

40 827 189 861 θαιιωτὲρσν
204 827 371 862 γενήσεσθαι
385 827 476 859 αὐτοῖς
487 827 588 861 λέγων,
601 827 650 862 τὴν
661 828 709 854 τοῦ
720 828 819 863 νεκροῦ

873 230 1051 257 constitutum
1065 235 1133 263 erat,
1148 231 1184 257 sit
1196 230 1381 266 dissolutum),
1391 239 1451 259 esse
1463 233 1571 267 quidem
1586 242 1658 262 nunc

872 275 937 303 illud
944 276 1147 311 potestate(59),
1155 277 1273 303 futurum
1282 284 1345 304 vero
1353 282 1413 305 actu
1428 279 1658 313 prmsiguiilcavit.

873 321 1003 356 Superest
1021 321 1073 356 52
1091 321 1188 356 igitur,
1205 326 1232 348 ut
1248 329 1399 356 quazramus
1425 323 1480 358 (60)
1492 343 1499 354 ,
1523 327 1658 358 quomodo

872 367 906 399 is,
930 367 975 401 qui
997 367 1151 402 hujusmodi
1178 367 1333 394 calamitate
1350 367 1447 399 uritur,
1470 376 1562 396 curant
1590 371 1661 405 gcrit

871 419 965 439 eorum
980 411 1025 446 qui
1044 419 1073 440 se
1088 419 1170 446 super
1185 416 1284 438 terram
1300 411 1406 446 generis
1420 413 1579 447 cognatione
1595 422 1659 441 con-

872 458 987 492 tingunt.
1003 457 1071 484 Nam
1093 457 1252 492 patriarchae
1266 457 1331 484 dicit
1350 466 1357 484 :

911 521 920 538 ‹
938 512 1013 547 Rogo
1029 518 1064 544 te,
1081 512 1170 543 Pater,
1184 516 1212 539 ut
1226 512 1317 539 mittas
1332 520 1393 539 eum
1411 512 1436 539 in
1451 513 1559 539 domum
1575 514 1659 548 patris

871 559 924 586 mei
942 568 949 586 :
969 559 1055 586 habeo
1069 559 1140 585 enim
1159 560 1276 593 quinque
1293 558 1402 592 fratres,
1419 563 1447 586 ut
1463 563 1577 586 tesletur
1595 560 1658 592 illis,
1701 586 1704 590 ,

871 612 904 632 ne
918 609 944 632 et
959 605 1008 640 ipsi
1030 605 1138 632 veniam
1161 605 1186 631 in
1209 605 1282 632 hunc
1304 605 1392 632 locum
1416 610 1624 632 tormentorum.
1644 616 1654 632 ›

871 649 993 684 Cumque
1010 651 1125 677 divisset
1140 649 1320 682 Abiahamus,
1338 649 1458 677 sufﬁcere
1480 651 1530 682 eis,
1553 651 1623 685 quod
1643 659 1656 678 a

870 695 938 730 lege,
962 703 994 723 ac
1008 696 1146 730 prophetis
1171 695 1387 722 manuducautur
1403 705 1409 722 :
1427 705 1436 721 ι
1455 695 1570 729 Habt-ut,
1586 697 1657 723 enim

870 741 957 775 inquit
984 741 1101 775 Moysem
1131 746 1156 767 et
1183 741 1329 775 prophetas
1355 750 1365 766 ι
1392 742 1538 775 perorabat
1570 743 1659 770 adhuc

869 787 971 819 dicens,
987 786 1089 814 facilius
1104 787 1143 814 eis
1162 794 1361 820 persuasurum,
1378 786 1401 814 si
1424 792 1545 814 tnortuus
1561 787 1658 822 aliquis

871 833 1047 859 excitaretur.
1072 831 1147 865 Quod
1172 832 1255 866 igitur
1275 839 1307 859 ex
1330 831 1373 859 his
1396 833 1491 865 dogma
1511 833 1660 860 discimus?

39 872 192 900 ἀναϐίωσιν.
210 872 244 898 Τί
273 871 319 899 οὖν
336 873 364 899 ὲν
383 871 489 904 τούτοις
513 872 602 907 δόγμα
631 874 802 909 μανθάνομεν

911 879 1002 906 mirum
1032 878 1164 906 Lazarum
1188 879 1295 912 quidem
1327 883 1454 913 tanquam
1479 878 1526 912 qui
1550 883 1657 913 portum

44 917 147 951 Ἐπειδὴ
161 918 175 943 ό
188 917 238 952 μὲν
252 917 389 952 Λάζαρος,
411 917 449 949 ὡς
463 918 492 944 ἐν
507 917 596 952 λιμένι
623 918 820 953 καθορμισθεὶς

39 962 143 996 ἆπχολος
158 961 192 996 ἦν
206 962 275 997 πρὸς
287 962 364 989 οὐδὲν
379 962 433 988 τῶν
447 963 476 988 ἐν
486 964 519 997 τῇ
530 963 565 998 γῇ
579 962 647 994 ὅλως
657 963 818 998 ἐπιστρεφό-

41 1017 112 1042 μενος
123 1015 130 1022 ·
147 1009 222 1038 τίνος
240 1009 294 1042 γὰρ
311 1008 343 1034 ἂν
358 1009 402 1034 καὶ
418 1008 541 1043 ἐμνήσθη
560 1009 674 1044 μηδενὸς
697 1010 819 1036 ἀπολαύ-

42 1061 83 1083 :1;
95 1053 148 1078 τῶν
164 1053 236 1079 κατὰ
265 1053 312 1079 τὸν
329 1053 386 1087 βίον
412 1053 499 1088 ἡδέων
515 1062 522 1087 ;
545 1053 576 1080 '0
587 1054 614 1080 δὲ
639 1054 764 1086 πλούσιος
785 1057 818 1090 τῇ

39 1100 121 1133 τρυφῇ
142 1098 322 1125 ἐναποθανὼν
338 1098 379 1127 ἐτι
399 1099 527 1134 καθάπερ
540 1100 595 1126 τινὶ
610 1100 693 1137 κόλλῃ
708 1102 740 1136 τῇ
751 1109 818 1136 σαρ-

40 1145 93 1179 ιίνῃ
107 1144 176 1179 ζωῇ,
194 1145 242 1170 καὶ
258 1144 327 1179 μετὰ
347 1145 462 1171 θάνατον
481 1144 589 1179 ἴσχετο·
607 1145 648 1172 ἔτι
669 1146 724 1181 γὰρ
746 1147 819 1180 αὐτῷ

38 1190 75 1216 διὰ
99 1190 241 1224 φροντίδος
261 1188 295 1225 ἦν
308 1191 324 1224 ἠ
350 1190 503 1226 ἡδυπάθεια
517 1191 567 1226 τῆς
586 1192 696 1227 σαρκὸς,
712 1192 819 1219 καὶτοῦ

38 1236 159 1270 αἵματος.
173 1237 212 1262 Δι’
228 1233 265 1262 ὧν
280 1237 333 1271 γὰρ
343 1237 398 1263 τῶν
413 1237 476 1263 καθ’
487 1234 558 1272 αἷμα
566 1238 818 1273 προσωκειωμένῳν

39 1282 167 1316 ἐμνήσθη,
193 1282 272 1317 δῆλος
301 1280 336 1318 ἦν
360 1283 443 1318 μήπω
457 1283 506 1318 τῆς
521 1285 654 1318 σαρκίνης
674 1284 818 1316 ἀπολυθεὶς

40 1328 230 1362 προπαθείας.
245 1328 294 1354 Διὰ
322 1329 401 1355 τοῦτο
421 1329 477 1363 γάρ
501 1338 568 1364 φησι
587 1330 634 1356 καὶ
650 1330 731 1357 πέντε
747 1328 817 1357 εἶναι

38 1375 94 1404 τοὺς
113 1374 313 1406 κοινωνοῦντας
330 1374 405 1410 αὑτῷ
422 1376 469 1402 τοῦ
493 1376 588 1410 γένους
604 1376 642 1408 ὡς
658 1375 818 1412 διαιρουμέ-

38 1428 80 1454 ’γης
94 1420 217 1455 πενταχῆ
242 1420 293 1454 τῆς
319 1420 481 1455 αἰσθήσεως.
511 1421 637 1448 Δείχνυσι
663 1422 754 1450 τοίνυν
774 1423 818 1450 διὰ

38 1466 140 1492 πάντων
157 1466 173 1492 ὸ
197 1465 310 1501 Κύριος,
325 1466 362 1498 ὼς
373 1467 398 1493 εἴ
419 1475 461 1499 τις
475 1467 544 1500 ὅλως
574 1467 608 1494 δι’
622 1467 684 1494 ὅλου
699 1469 819 1504 ἀποσαρ-

38 1510 133 1545 κωθεῖη
147 1512 181 1546 τῇ
199 1511 305 1546 διανοίᾳ
325 1513 414 1539 πᾶσαν
436 1513 526 1548 ψυχῆς
546 1513 664 1548 κίνησιν,
681 1514 728 1540 καὶ
741 1514 817 1550 ἐνέρ-

36 1565 107 1590 γειαν
135 1558 166 1583 ἐν
193 1558 250 1587 τοῖς
279 1557 413 1592 θελήμασι
446 1558 495 1593 τῆς
516 1558 617 1594 σαρκὸς
642 1559 775 1595 ἀσχολῶν,
803 1561 817 1587 ὁ

36 1604 149 1636 τοιοῦτος
161 1604 224 1630 οὐδὲ
236 1604 285 1639 τῆς
297 1605 397 1639 σαρκὸς
409 1604 462 1637 ἔξω
477 1605 521 1632 διὰ
534 1605 649 1632 θανάτου
660 1606 816 1641 γενόμενος,

35 1652 83 1676 τὶν
96 1651 156 1677 κατ’
175 1650 262 1684 αὐτὴν
279 1651 450 1685 παθημάτων
470 1652 631 1687 χωρίζεται,
644 1652 702 1679 ἀλλ’
714 1653 752 1684 ὡς
770 1653 818 1688 ἰξῷ

37 1705 81 1723 τινι
105 1699 139 1733 τῇ
167 1698 217 1731 τῆς
252 1697 416 1731 ἡδυπαθείας
443 1698 572 1734 συνηθεῑᾳ
602 1698 750 1733 ἐνίσχεται,
767 1699 817 1725 Διὰ

36 1743 132 1769 τούτων
158 1743 206 1769 οὖν
225 1743 429 1776 παιδευθέντες,
455 1744 603 1778 ἀγαπητοὶ,
623 1744 818 1779 σπουδάσωμεν

36 1789 74 1814 διὰ
93 1789 144 1824 τῆς
161 1789 223 1815 κατ’
236 1789 338 1824 ἀρετήν
349 1788 423 1824 ζωῆς
435 1789 603 1824 χωρίζεσθαι
614 1798 682 1823 πως,
694 1791 741 1817 καὶ
752 1791 820 1817 ἀπο.

37 1835 144 1862 λύεσθαι
163 1837 213 1870 τῆς
228 1835 296 1871 πρὸς
309 1836 342 1862 τὰ
357 1836 439 1870 γήἳνα
455 1835 585 1870 σχέσεως,
601 1837 644 1862 ἴνα
659 1836 728 1870 μετὰ
739 1837 819 1864 θάνα-

38 1890 77 1907 τον
96 1881 134 1916 μὴ
152 1882 284 1917 φέρωμεν
299 1881 333 1908 τὰ
345 1881 459 1916 λείψανα
485 1882 535 1916 τῆς
557 1882 713 1917 σαρκώδους
733 1883 816 1918 ζωῆς,

36 1925 76 1954 εἷα
89 1936 152 1953 τινα
166 1927 275 1963 γλυὼδη
295 1928 381 1962 πηῖδν
399 1929 446 1955 καὶ
461 1928 602 1963 ἐχέκολλον
616 1936 622 1942 “
639 1928 706 1955 ἀλλὰ
731 1929 817 1956 καθά-

37 1982 84 2009 :ap
95 1974 171 2005 τινος
185 1974 284 2008 δεσμοῦ
298 1973 514 2009 περιρραγέντος
538 1974 587 2000 τοῦ
600 1974 737 2010 σώματος,
753 1975 818 2002 κοῦ-

38 2028 92 2052 ςος,
118 2020 168 2046 καὶ
183 2019 278 2051 ἄνετος
297 2021 330 2054 τῇ
342 2019 416 2055 ψυχῇ
431 2021 445 2046 ὁ
459 2019 528 2054 πρὸς
552 2020 583 2046 τὺ
593 2020 694 2054 ἀγαθὸν
705 2021 819 2056 γένηται

38 2067 144 2100 ῑρόμος,
165 2065 225 2092 οὐδὲ
244 2066 308 2100 μιᾶς
323 2066 410 2100 αὐτὴν
424 2065 557 2100 σαρκίνης
578 2066 725 2101 ἀχθηδόνος
750 2068 819 2103 πρὸς

36 2112 131 2146 ἑαυτὴν
159 2111 341 2146 ὑφελκούσης,
357 2112 405 2138 καὶ
428 2111 516 2143 οὕτως
541 2111 618 2138 ἔσται
645 2112 689 2139 διὰ
717 2113 818 2144 παντὸς

870 925 982 958 ceperit,
1009 925 1059 951 hoc
1084 928 1259 951 consecutum
1283 923 1377 956 fuisse,
1404 927 1432 950 ut
1454 923 1527 950 omni
1547 931 1658 957 prorsus

870 979 959 998 rerum
980 975 1150 998 terrenarum
1167 977 1230 997 cura
1244 974 1353 997 vacaret
1370 978 1378 996 :
1395 969 1461 1004 quid
1478 969 1549 996 enim
1567 976 1659 996 recor-

869 1017 988 1049 daretur,
1004 1017 1048 1051 qui
1066 1016 1137 1043 nulla
1160 1024 1189 1043 re
1207 1016 1355 1043 delectatus
1372 1015 1459 1042 fuerat
1475 1023 1579 1047 earum,
1597 1023 1657 1050 quae

870 1063 896 1089 in
920 1063 969 1089 hac
993 1063 1045 1089 vita
1067 1062 1192 1097 jucunda:
1209 1061 1362 1089 habentur?
1380 1060 1495 1087 Divitem
1522 1068 1594 1093 vero,
1611 1061 1657 1096 qui

870 1106 896 1133 in
911 1106 984 1138 luxu,
996 1111 1024 1134 ct
1038 1106 1137 1133 divitiis
1154 1106 1223 1133 diem
1240 1105 1355 1137 obierat,
1370 1105 1453 1132 etiam
1470 1110 1529 1138 post
1544 1110 1657 1132 mortem

869 1156 997 1186 tanquam
1019 1152 1121 1187 glutino
1142 1152 1258 1186 quodam
1282 1151 1401 1179 carnalis
1420 1151 1481 1178 vita:
1495 1151 1631 1178 detentum
1650 1161 1656 1178 :

870 1198 968 1233 quippe
982 1198 1177 1225 oblectamenta
1197 1197 1287 1225 carnis
1303 1202 1329 1225 et
1344 1197 1484 1231 sanguinis
1501 1197 1583 1224 etiam
1601 1201 1657 1224 tum

870 1244 907 1271 illi
925 1251 997 1271 curae
1013 1249 1100 1271 erant.
1125 1243 1191 1271 Cum
1215 1244 1286 1270 enim
1305 1243 1455 1270 meminerit
1477 1250 1581 1275 eorum,
1598 1243 1668 1277 qui—'

870 1289 981 1316 buscum
994 1288 1126 1323 sanguine
1136 1289 1295 1323 conjunctus
1305 1293 1373 1321 erat,
1383 1288 1526 1315 manifeste
1536 1288 1657 1315 ostendit

869 1335 903 1362 ab
914 1333 1101 1362 all'ectionibus
1111 1335 1202 1362 carnis
1213 1334 1330 1362 nondum
1344 1341 1375 1361 se
1387 1341 1447 1361 esse
1458 1333 1582 1361 liberum.
1591 1334 1657 1362 Nam

869 1385 896 1410 et
911 1381 1012 1408 idcirco
1028 1381 1093 1408 dicit
1106 1383 1225 1416 quinque
1239 1388 1299 1408 esse
1314 1387 1371 1412 eos,
1386 1380 1438 1420 qui.
1448 1388 1540 1408 secum
1556 1388 1658 1415 cogna-

870 1428 943 1456 tione
968 1427 1105 1462 conjuncti
1129 1431 1216 1460 erant,
1239 1427 1311 1462 quod
1335 1426 1468 1454 sentiendi
1493 1426 1608 1454 facultas
1629 1427 1657 1454 in

868 1474 987 1510 quinque
1008 1474 1043 1501 sit
1065 1473 1217 1502 distributa.
1241 1472 1365 1500 Ostendit
1384 1480 1448 1507 ergo
1469 1473 1595 1500 omnibus
1615 1473 1659 1500 his

868 1519 1009 1552 Dominus,
1026 1519 1048 1547 si
1065 1519 1125 1553 quis
1141 1522 1227 1546 totum
1241 1525 1271 1546 se
1289 1519 1396 1553 penitus
1420 1519 1506 1551 carni,
1523 1523 1614 1545 mente
1630 1524 1658 1545 et

870 1565 1034 1600 cogitatione
1050 1563 1193 1596 dediderit,
1212 1569 1307 1590 omnes
1327 1562 1422 1601 animae
1439 1567 1537 1595 motus,
1554 1566 1581 1589 et
1596 1569 1661 1596 ope-

871 1611 989 1637 rationes
1009 1610 1035 1636 in
1057 1609 1264 1644 appetitionibus
1278 1609 1367 1636 carnis
1381 1615 1522 1640 exercens,
1537 1616 1597 1636 eum
1613 1608 1658 1643 qui

871 1661 912 1682 est
938 1655 1111 1690 hujusmodi,
1138 1662 1172 1681 ne
1195 1661 1243 1688 per
1266 1658 1380 1681 mortem
1405 1653 1514 1688 quidem
1540 1661 1554 1680 a
1578 1661 1659 1681 carne

873 1702 1033 1736 disjunctutn
1051 1701 1084 1728 ah
1104 1702 1174 1729 illius
1189 1701 1360 1736 passiouibus
1377 1707 1439 1728 esse
1454 1705 1596 1732 remotum,
1611 1702 1658 1728 Sed

873 1749 899 1776 in
917 1749 1051 1776 consuetis
1066 1748 1246 1782 voluptatibus
1264 1753 1390 1782 tauquam
1409 1747 1435 1774 in
1453 1748 1525 1774 visco
1544 1748 1659 1775 iuliaere~

872 1801 958 1821 scere.
978 1793 1026 1821 His
1044 1793 1125 1828 igitur
1142 1793 1242 1826 edocti,
1258 1793 1421 1824 chariSsiiui,
1440 1792 1596 1819 Studeamus
1612 1799 1658 1826 per

873 1840 954 1867 vitam
978 1847 1038 1866 cum
1063 1839 1162 1866 virtute
1184 1843 1271 1865 actam
1296 1838 1385 1865 divelli
1408 1838 1606 1872 quodammodo
1627 1845 1658 1865 ac

873 1885 981 1913 lihcrari
993 1886 1026 1913 ab
1037 1885 1133 1913 allectu
1145 1889 1312 1912 terrenarum
1325 1892 1424 1916 rerum,
1439 1892 1471 1912 ne
1483 1890 1542 1918 post
1555 1884 1657 1912 obitum

871 1932 999 1966 reliquias
1012 1932 1072 1958 vita:
1085 1931 1203 1958 carnalis
1217 1935 1345 1965 tanquam
1358 1931 1443 1957 lutum
1455 1932 1587 1964 quoddam
1601 1931 1660 1964 glu-

871 1975 1004 2007 tinosum,
1028 1983 1060 2002 ac
1083 1980 1162 2001 tenax
1188 1975 1327 2002 nobiscum
1351 1973 1479 2006 feramus,
1503 1975 1549 2002 sed
1574 1975 1658 2008 ruptis

871 2021 948 2055 quasi
972 2020 1131 2054 quibusdam
1156 2019 1270 2047 vinculis
1294 2020 1427 2053 corporis,
1446 2020 1512 2047 levis
1529 2025 1557 2048 et
1578 2027 1659 2054 expe-

871 2067 943 2094 ditus
960 2067 993 2093 ad
1015 2073 1148 2094 summum
1165 2066 1264 2092 bonum
1281 2065 1328 2092 ﬂat
1348 2062 1445 2093 anima:
1460 2073 1567 2099 cursus,
1585 2066 1658 2093 nulla

871 2121 930 2140 eain
955 2113 987 2140 ad
1012 2119 1041 2140 se
1066 2112 1189 2139 trahente
1214 2111 1337 2138 molestia
1361 2111 1468 2144 carnis;
1494 2117 1520 2139 et
1545 2112 1582 2139 ita
1606 2112 1659 2139 erit

663 2181 824 2212 Francisci
841 2182 944 2213 Scorsi
961 2185 1054 2213 notae.

35 2242 155 2277 Gregorii
168 2242 291 2279 VNysseni
321 2243 443 2271 doctrina
470 2244 497 2271 in
527 2244 682 2279 supradicto
706 2244 802 2279 dialogt

911 2245 929 2271 ἲν
941 2245 982 2270 ὅτι
1001 2244 1117 2279 μάλιστα
1131 2243 1193 2275 τοὺς
1209 2244 1237 2270 ὲν
1252 2243 1335 2277 σαρκὶ
1351 2242 1519 2279 βιοτεύοντας
1609 2244 1658 2278 τῆς

36 2278 193 2314 qiieurnlihi
209 2285 260 2314 non
275 2283 316 2305 est
329 2279 438 2306 dubium
455 2286 469 2305 a
484 2278 647 2312 Theophane
661 2278 819 2314 signiﬁcari,

35 2315 99 2338 sicut
115 2312 144 2339 in
162 2313 253 2339 multis
268 2313 338 2344 aliis,
356 2318 410 2340 tota
427 2315 477 2340 hac
489 2315 610 2341 humilia.
625 2312 757 2341 Caeterum
774 2322 819 2347 an,

36 2354 58 2373 τι
72 2348 210 2381 quomodo
226 2348 315 2374 anima
333 2353 455 2382 separata
468 2349 599 2382 intelligat
617 2353 644 2376 et
663 2348 820 2383 singularia,

35 2388 98 2419 ςιρὲ
123 2389 185 2415 qua:
202 2382 229 2408 in
259 2383 310 2410 hac
337 2384 391 2410 vita
421 2388 496 2415 sunt,
533 2389 678 2419 cognoscat
703 2382 821 2417 disputat

35 2415 62 2442 Ι).
77 2416 200 2444 Thomas
214 2419 242 2454 in
257 2425 293 2450 iv,
321 2419 384 2446 dist.
406 2418 432 2450 l,
448 2423 544 2453 quaest.
561 2415 588 2451 f,
605 2418 728 2446 articulis
747 2415 820 2454 'qua-

35 2457 101 2482 tuor,
114 2459 197 2486 quem
214 2452 279 2486 lege.

66 2488 122 2520 (59)
138 2486 203 2512 Esse
219 2487 320 2521 quidem
331 2492 469 2522 potestate.
483 2487 651 2516 Scholastice
661 2488 704 2514 hic
719 2488 821 2522 planis~

34 2522 97 2548 sime
124 2522 245 2555 loquitur
270 2523 313 2549 hic
341 2523 421 2551 Pater
439 2524 471 2550 de
492 2530 606 2557 corpore
631 2523 771 2553 dissoluto.
794 2527 821 2550 et

35 2562 220 2593 resurrecturo
235 2565 360 2591 supremo
373 2558 416 2584 die
439 2558 552 2592 loquens
572 2557 686 2593 δυνάμει
707 2558 760 2593 μὲν
780 2557 819 2590 ὃν,

35 2591 160 2626 ἐνεργείᾳ.
171 2592 199 2618 δὲ
208 2593 401 2626 γενησόμενον.
415 2591 537 2620 Potentia
548 2591 655 2627 quidem
678 2591 737 2625 est;
750 2592 821 2619 futu-

36 2634 88 2652 rum
105 2634 172 2652 vero
189 2633 261 2653 actu.
274 2628 342 2660 Quid
359 2628 494 2654 concisius
504 2633 531 2654 et
551 2627 660 2655 verius?

67 2662 123 2695 (60)
149 2661 410 2698 Superestigiturmt
426 2671 585 2697 qumramus.
606 2662 682 2690 Hanc
694 2664 820 2698 quaestio-

36 2703 90 2733 nem
113 2702 204 2733 movet
220 2696 355 2731 Nysscnus
388 2698 414 2723 in
428 2696 498 2732 Saepe
511 2698 592 2724 citato
617 2696 732 2733 dialogo,
747 2698 822 2731 cujus

37 2732 111 2758 verba
130 2732 193 2764 quia
203 2732 342 2759 continent
354 2733 483 2759 moralem
508 2732 715 2766 expositionem,
728 2739 754 2760 et
766 2733 823 2761 do—

38 2771 198 2798 cumentum,
219 2767 299 2793 simul
316 2772 344 2793 ut
373 2774 524 2801 congruens
547 2767 720 2801 Theophanis
737 2768 823 2795 nostri

38 2808 128 2828 sensus
142 2807 314 2834 agnoscatur,
336 2802 380 2828 hic
394 2804 508 2828 referam
523 2811 530 2829 ε
550 2802 598 2828 Ἐκ
612 2802 714 2829 τούτων
725 2803 753 2830 δὲ
768 2803 823 2830 τῶν

37 2835 110 2871 imm,
116 2836 211 2870 μάτων
220 2836 333 2872 οἰόμεθα
342 2836 421 2864 τοῦτο
436 2838 609 2873 δογματίζειν
615 2838 661 2865 τὸν
667 2838 780 2874 Κύριον,
794 2839 823 2866 τὸ

875 2279 936 2305 κατ’
947 2279 1049 2314 ἀρετὴν
1064 2278 1136 2313 ζωῆς
1152 2279 1318 2314 χωρίζεσθαι
1335 2286 1403 2310 πως,
1416 2278 1463 2304 καὶ
1473 2313 1479 2314 7
1491 2277 1658 2314 ἀπολύεσθαι

873 2314 922 2348 τῆς
940 2315 1008 2348 πρὸς
1023 2313 1107 2348 αὐτὴν
1122 2314 1251 2348 σχέσεως,
1267 2313 1310 2339 ἵνα
1330 2314 1397 2348 μετὰ
1409 2314 1453 2338 τον
1470 2313 1584 2338 θάνατον
1619 2313 1658 2348 μὴ

874 2347 955 2375 πάλιν
963 2347 1050 2374 ἄλλου
1062 2347 1178 2375 θανάτου
1188 2348 1315 2382 δεώμεθα
1326 2347 1479 2381 τὰλείψανα
1488 2348 1536 2381 τῆς
1549 2347 1659 2382 σαρκώὲ

872 2384 933 2415 δούς
958 2383 1056 2418 κόλλης
1078 2383 1320 2417 ἀποκαθαίροντος.
1346 2382 1398 2409 Per
1418 2383 1466 2408 ltus
1492 2383 1657 2408 narratione:

871 2417 1052 2445 existimamus
1062 2427 1166 2445 δεηθέν-ε
1174 2418 1326 2449 Demittunt,
1339 2417 1406 2452 quod
1419 2422 1534 2450 oporteat
1546 2425 1588 2443 eos
1613 2418 1659 2450 qui

871 2454 900 2480 in
922 2462 1000 2480 carne
1029 2455 1127 2486 uiuunt,
1155 2462 1234 2487 quant
1259 2451 1371 2479 maxinte
1385 2451 1526 2478 secundum
1538 2453 1657 2478 rirlutent

874 2488 980 2516 vivendo
1005 2486 1195 2523 quodammodo
1207 2487 1333 2522 separari,
1348 2491 1373 2514 et
1386 2487 1501 2519 expediri
1517 2486 1547 2512 ab
1560 2487 1658 2523 affet-tu

874 2522 1015 2550 carnisne
1034 2528 1092 2555 post
1115 2528 1222 2548 mortem
1235 2522 1289 2548 alia
1317 2526 1399 2548 morte
1419 2529 1509 2547 rursus
1525 2530 1588 2555 opus
1611 2522 1658 2548 lut-

875 2558 993 2590 beamus,
1018 2566 1077 2593 quin
1097 2556 1366 2593 reliquiasﬂcarnalis
1404 2556 1512 2593 glutim's
1544 2561 1657 2593 δίψαν-ξι,

874 2598 996 2620 excernat
1017 2591 1039 2619 et
1058 2591 1190 2627 expurget.
1218 2591 1294 2627 Hunc
1318 2593 1403 2618 locum
1425 2591 1513 2627 _atlert
1534 2592 1613 2618 etiam
1626 2592 1655 2618 Ι).

875 2629 995 2655 Thomas
1009 2628 1036 2655 in
1052 2625 1152 2654 Catena
1166 2634 1258 2653 aurea.
1275 2625 1371 2652 Verum
1384 2627 1409 2652 in
1423 2625 1576 2659 Sententiis,
1594 2627 1657 2653 dist.

871 2663 917 2696 44,
934 2667 1029 2696 quaest.
1041 2663 1070 2695 2,
1081 2667 1131 2688 art.
1147 2661 1173 2693 1,
1191 2661 1383 2695 quaestiuncula
1397 2661 1414 2688 4
1434 2661 1466 2687 ad
1496 2662 1655 2694 secundum,

872 2698 910 2725 ait
920 2699 1060 2725 damnatos
1076 2704 1129 2723 non
1144 2703 1307 2724 conservare
1321 2697 1467 2722 amicitiam
1479 2697 1512 2722 ad
1535 2704 1582 2723 eos
1590 2704 1657 2729 quos

872 2732 1024 2760 inordinate
1035 2732 1196 2763 dilexerunt,
1215 2731 1262 2759 sed
1274 2732 1300 2758 in
1314 2731 1365 2758 hoc
1379 2731 1542 2758 voluntatem
1563 2739 1657 2758 eorum

872 2775 1027 2803 perversam
1052 2774 1249 2803 remansuram,
1274 2766 1345 2800 quod
1366 2773 1475 2794 causam
1498 2766 1658 2794 inordinatus

873 2802 1026 2831 dilectionis
1040 2802 1129 2831 adhuc
1145 2802 1298 2837 diligerent.
