1850 3054
220 142 271 170 ἳδό

216 203 396 231 congruenter
411 198 486 226 facit.
516 198 739 234 Quandoquidem
771 201 868 228 mortis
896 201 929 227 ad
956 206 1004 227 nos

216 246 304 273 aditus
329 245 390 272 Eva‘.
419 245 532 280 virginis
558 246 624 273 vitio
651 246 801 280 patefactus
829 251 880 274 est.
909 245 1006 273 Verum

217 295 308 325 aperto
324 299 401 318 sacro
415 291 519 323 codice,
539 292 619 318 verba
636 291 691 326 ipsa
708 292 848 319 audiamus
866 293 899 319 “.

253 345 263 362 ι
286 337 314 364 1η
343 336 389 364 illo
419 341 553 371 tempore,
584 337 666 364 homo
697 338 806 372 quidam
835 339 950 366 accessit
974 339 1005 366 ad

217 380 317 412 .lesttm,
341 381 383 408 cui
408 389 505 408 nomen
532 381 630 415 Jairus,
648 386 676 409 et
691 382 748 417 ipse
770 383 896 418 princeps
917 384 1005 420 Syna-

216 435 301 461 gogze,
328 431 355 453 et
379 426 475 453 cecidit
497 427 529 454 ad
556 428 637 461 pedes
660 427 724 455 Jesu
745 436 844 463 rogans
869 437 951 462 eum,
976 436 1006 458 ut

204 474 330 499 -intraret
355 473 380 500 in
404 473 512 499 domum
539 473 614 507 ejus;
646 474 707 508 quia
736 474 813 502 unica
836 475 889 502 ﬁlia
910 466 967 503 erat
982 477 1005 503 ei

216 518 273 545 fere
302 526 431 546 annorum
465 519 624 552 duodecim;
655 525 683 546 et
711 520 768 548 haec
797 522 970 549 moriebatur.
993 532 1001 548 ι

216 564 393 591 Admiratioui
420 564 485 591 mihi
515 570 557 592 est
580 565 606 592 iu
633 566 690 600 ipso
712 566 897 600 explicationis
918 568 1005 600 initio,

217 616 317 644 quanto
345 611 494 642 intervallo,
510 611 564 645 jam
589 611 651 639 inde
666 620 680 638 a
696 613 828 647 principio
841 632 849 644 .
873 614 918 647 qui
937 614 1006 641 inter

216 657 338 684 ethnicos
358 657 435 684 [idem
451 664 606 692 snserpere,
625 657 734 686 Iudaeos
748 661 922 687 anteivcrint.
939 661 1004 688 Nam

217 703 338 730 centurio
363 703 470 738 quidem
487 703 530 730 ille
557 709 695 738 tantopere
722 706 885 738 confidebat,
901 712 927 733 ut
945 715 1006 734 crc-

218 747 291 774 deret
313 755 391 781 posse
419 747 586 776 SaIValorem
607 750 687 775 etiam
705 750 843 777 absentem
866 754 1005 785 mgrotanti

217 800 301 826 puero
325 793 505 820 valetudinem
534 795 616 821 verbo
643 796 798 828 restituere,
815 801 842 823 et
865 802 1006 832 propterea

218 839 344 865 dicebat:
364 848 372 864 ι
387 839 435 865 Dic
462 839 556 871 verbo,
579 844 606 866 et
630 842 768 868 sanabitur
795 850 861 876 puer
890 850 976 869 tnetts.
995 852 1003 868 ι

219 884 266 911 llic
283 891 346 911 vero
361 885 485 919 princeps
502 885 649 920 Synagogm
667 886 757 914 .lairtts
773 887 914 914 Dominum
931 894 1008 921 rogat

219 933 247 955 ut
260 929 369 956 domum
389 930 564 963 ingrediatur,
580 932 739 958 existimans
754 939 814 958 eum
832 933 882 958 alia
903 933 1006 959 ratione

219 973 333 1000 salutem
354 973 449 1007 puellae
474 974 571 1002 alierrc
587 983 638 1002 non
655 983 742 1010 posse.
759 976 822 1003 Erat
847 977 917 1004 enim
934 977 1007 1005 Jairo

221 1018 273 1045 lilia
290 1018 375 1045 forma
393 1019 516 1053 insignis,
532 1027 591 1054 qua:
607 1021 847 1048 incontaminatutn
862 1023 1006 1056 virginita-

218 1064 254 1090 tis
275 1063 366 1090 ﬂorem
397 1068 524 1099 tanquam
554 1066 639 1092 calice
663 1066 794 1093 inclusum
824 1067 1007 1102 intactumque

218 1111 354 1136 servabat.
373 1109 454 1136 Multa
467 1111 572 1144 paucis
598 1112 755 1146 complexus
771 1117 811 1139 est
831 1114 1005 1147 evangelista,

219 1154 436 1182 lamentationem
464 1156 620 1183 narratione
648 1161 751 1184 texens.
773 1167 782 1182 ι
799 1158 893 1190 Unica,
910 1159 1005 1193 inquit,

218 1204 277 1226 erat
295 1196 390 1234 puella.
407 1211 416 1227 ι
438 1201 517 1229 Vides
534 1203 696 1230 calamitatis
710 1204 881 1238 gravitatem,
899 1210 925 1231 ut
939 1213 1007 1239 pau-

219 1245 258 1271 cis
285 1245 328 1271 ltic
348 1252 438 1272 sermo
463 1253 555 1273 casnm
584 1248 684 1281 tragice
710 1242 928 1282 repraesentari”
944 1251 1007 1284 quid

220 1290 291 1316 enim
319 1290 446 1318 indicavit
471 1292 514 1320 his
539 1293 647 1319 verbis?
673 1293 730 1320 Non
755 1299 823 1326 erat,
840 1302 870 1321 ea
890 1301 1006 1328 mortua,

220 1336 310 1368 proles
335 1336 387 1363 alia
412 1337 445 1364 ad
470 1345 549 1370 qttam
577 1343 702 1372 parentes
720 1339 812 1366 oculos
838 1345 1007 1373 convertere,

219 1385 246 1408 et
267 1381 401 1416 lacrymas
427 1383 553 1410 cohibere
582 1391 708 1418 possent;
736 1391 793 1412 erat
815 1386 887 1413 enim
915 1391 1008 1421 partus

220 1425 346 1460 unigena.
377 1427 418 1454 Ad
450 1427 501 1454 hoc
533 1429 647 1463 puellam
686 1430 838 1458 duodenum
875 1439 1006 1459 annorutn

220 1476 325 1502 notans.
358 1472 583 1507 jttcundissimum
604 1476 722 1503 ostendit
756 1482 863 1512 tempus
899 1479 1005 1512 aetatis;

221 1518 330 1550 quando
359 1517 486 1546 nimirum
516 1520 611 1554 puclla:
638 1521 805 1556 hymenteum
832 1524 960 1558 cogitant,
981 1531 1007 1552 et

220 1560 367 1588 formosum
388 1569 527 1596 sponsum,
545 1570 571 1590 ct
587 1565 718 1598 genialem
745 1566 903 1594 thalamum.
919 1567 1006 1595 Multa:

221 1606 301 1632 etiam
319 1608 350 1634 de
364 1607 456 1635 formze
480 1610 635 1642 praestantia
660 1612 851 1640 contendentes
872 1614 1007 1648 pigmenta

221 1651 254 1677 ad
268 1652 414 1679 naturalem
431 1653 656 1687 pulchritudinem
680 1657 838 1691 atljttngunt,
857 1663 885 1684 ut
899 1659 1008 1686 intuen-

222 1697 292 1724 tibtts
315 1697 439 1725 formosae
460 1699 609 1728 videantur.
627 1701 660 1728 Et
672 1702 787 1730 fortasse
810 1704 918 1732 domum
937 1705 1009 1733 illius

222 1743 296 1770 multi
324 1745 398 1777 proci
424 1744 646 1780 frequentabant;
673 1753 700 1776 et
720 1754 777 1776 erat
791 1750 862 1777 inter
877 1759 922 1778 eos
940 1759 1007 1778 cott-

221 1789 304 1816 tentio
317 1791 436 1824 qntedam
456 1791 568 1824 ingenua
585 1793 639 1828 59
653 1795 713 1828 quis
724 1795 835 1830 reliquis
846 1802 1009 1831 praeoptatus

219 1834 351 1868 virginem
377 1836 403 1862 itt
432 1831 633 1865 matrimoniutn
672 1841 791 1868 duceret.
822 1842 853 1868 Et.
882 1844 1009 1876 pronuba:

221 1879 340 1906 vicissim
371 1882 558 1915 succedentes,
589 1888 669 1917 atque
693 1885 743 1912 alia
770 1887 852 1913 alium
880 1896 1007 1922 sponsum

221 1924 345 1952 laudibus
375 1926 501 1959 ell‘ercus,
532 1929 686 1963 conjugintn
713 1932 833 1965 urgebat.
857 1932 908 1959 Sctl
934 1942 1008 1968 spent

221 1969 254 1997 de
267 1971 353 2004 puclla
378 1978 533 2007 conceptam
549 1975 649 2009 excipit.
669 1977 778 2004 morbus
799 1978 915 2004 futuram
931 1979 1009 2013 paulo

222 2020 281 2050 post
294 2022 407 2044 mortem
426 2019 573 2047 intentans.
593 2020 673 2048 Venit
695 2022 777 2057 igitur
793 2031 889 2057 parcns
909 2026 1010 2052 arenti-

222 2060 273 2087 bus
290 2069 344 2095 prte
359 2062 402 2088 illa
420 2071 537 2091 aerumna
567 2065 725 2099 visceribus,
747 2071 774 2094 et
794 2069 898 2096 ardenti
929 2071 1010 2097 corde

223 2107 406 2139 precationem
433 2108 564 2137 Salvatori
593 2112 728 2145 proponit.
749 2113 855 2148 Accipit
877 2115 1011 2150 supplica-

224 2152 324 2179 tionem
349 2154 372 2180 is
395 2155 440 2188 qui
465 2155 578 2182 salutem
603 2158 703 2185 tuundo
722 2159 832 2186 daturus
856 2160 1008 2189 advenerat.

225 2198 324 2226 Verum
340 2205 370 2226 ut
384 2207 466 2234 opere
489 2201 547 2236 ipso
571 2202 701 2238 principis
721 2204 868 2240 Synagogte
887 2206 1010 2234 dilIiden-

223 2244 288 2270 tiatn
316 2247 482 2278 emendaret,
507 2246 622 2281 spatium
642 2248 693 2275 sibi
714 2249 740 2275 in
764 2249 860 2277 itinere
885 2253 1011 2286 sumpsit,

223 2290 391 2317 curationem
410 2291 540 2326 mulieris,
561 2301 621 2327 qua:
635 2293 753 2322 (lusione
775 2296 914 2329 sanguinis
936 2297 1012 2325 labo-

225 2335 311 2367 rabat,
336 2343 390 2369 quo
417 2336 502 2370 magis
529 2338 694 2372 inopinatum
708 2344 734 2366 et
759 2340 918 2369 admirabile
936 2342 1012 2370 ﬁeret

225 2381 383 2408 miraculum
404 2381 497 2416 puellae
510 2389 524 2409 a
537 2387 669 2417 potestate
684 2385 777 2413 mortis
790 2391 900 2421 ereptze.

264 2437 273 2453 ι
297 2426 329 2454 Ει
341 2428 463 2462 contigit,
479 2429 540 2455 dum
557 2429 628 2462 iret,
641 2437 657 2457 a
674 2431 760 2458 turbis
770 2434 1010 2470 comprimebatur;

225 2478 253 2501 et
267 2473 364 2500 mulier
378 2474 501 2508 quaedam
519 2480 579 2502 erat
591 2475 619 2502 in
634 2476 705 2503 lluxu
727 2479 868 2513 sanguinis
883 2480 916 2507 ab
931 2482 1011 2509 annis

227 2519 379 2552 duodecim,
399 2527 459 2554 quae
480 2520 505 2547 in
522 2521 641 2549 medicos
655 2527 814 2557 erogaverat
827 2532 933 2553 omnem
950 2527 1013 2554 sub-

227 2565 353 2592 stantiam
369 2572 458 2599 suatn,
472 2573 522 2602 nec
535 2567 569 2594 ab
583 2567 639 2594 ullo
652 2569 739 2602 potuit
761 2572 862 2597 curari.
881 2580 890 2597 ι
918 2571 1015 2600 Consi-

228 2611 290 2637 dera
307 2616 406 2645 quanta
420 2612 492 2638 illum
503 2611 642 2640 hominum
655 2614 732 2641 turba
745 2622 966 2650 prosequeretur,
985 2622 1014 2645 ut

229 2655 310 2682 etiam
326 2656 470 2683 coarctatis
485 2657 611 2691 compitis
626 2657 701 2685 illum
724 2661 953 2694 comprimerent:
971 2663 1013 2690 in-

230 2705 273 2728 ter
296 2709 363 2735 quas
385 2706 443 2728 erat
473 2703 647 2737 muliercula,
678 2712 759 2739 quam
785 2705 855 2733 male
877 2708 1014 2742 sanguinis

231 2747 322 2774 ﬂuxus
341 2747 472 2782 habebat;
488 2755 547 2783 quae
562 2757 590 2777 re
603 2751 676 2778 omni
692 2751 839 2780 domestica
857 2753 883 2780 in
897 2755 1014 2782 medicos

272 2837 294 2853 ὀ
309 2837 374 2864 an.
389 2846 446 2869 VIII,
461 2839 491 2865 41
510 2845 585 2872 seqq.

825 142 1073 174 THEOPHANIS
1094 145 1262 175 CERAMEI

1782 149 1822 178 Εὸί

1019 202 1041 229 Δ
1056 202 1072 236 ἡ
1087 201 1133 227 τοῦ
1163 201 1279 228 θανάτου
1308 202 1485 236 παρείσδυσις
1500 202 1532 228 ἐκ
1555 202 1602 236 τῆς
1616 202 1748 238 παρθένου
1764 204 1821 236 Eia;

1061 247 1180 281 ἐγένετο.
1206 247 1285 275 Ἀλλὰ
1313 248 1363 283 τὴν
1389 248 1465 283 ἱερὰν
1496 248 1588 275 δέλτον
1617 249 1822 282 ἀναπτύξαντες,

1061 293 1152 319 αὐτῶν
1165 293 1221 320 τῶν
1236 293 1367 328 ῥημάτων
1382 294 1554 328 ἀκούσωμεν.

1100 348 1108 364 t
1126 338 1170 374 Τῷ
1191 340 1280 375 καιρῷ
1303 340 1400 375 ἐκείνῳ
1423 340 1566 376 ἄνθρωπός
1591 348 1632 371 τις
1650 340 1778 375 προσῆλθε
1795 344 1823 377 τιξί

1067 383 1167 419 Ἰησοῦ,
1196 384 1309 420 ὀνόματι
1341 387 1471 422 Ἰάειρος,
1495 388 1540 414 καὶ
1566 388 1647 419 αὐτὸς
1677 389 1764 423 ἄρχων
1785 391 1824 424 τῆς

1060 430 1239 465 Συναγωγῆς,
1253 432 1300 458 καὶ
1319 431 1409 459 πεσὼν
1423 433 1499 468 παρὰ
1513 434 1576 465 τοὺς
1589 434 1673 465 πόδας
1684 434 1729 460 τοῦ
1741 435 1824 469 Ἰησοῦ,

1061 476 1212 510 παρεκάλει
1232 477 1313 503 αὑτὸν
1332 478 1463 504 εἰσελθεῖν
1487 479 1527 512 είς
1543 479 1589 504 τὸν
1605 477 1680 506 οἶκον
1695 480 1782 511 αὑτοῦ,
1794 482 1824 507 Et:

1061 521 1206 556 θυγάτριον
1221 524 1364 557 μονογενὲς
1376 524 1413 558 τῷ
1429 524 1514 558 αὐτῷ,
1532 524 1569 556 ὡς
1582 525 1651 552 ὲτῶν
1669 526 1776 558 δώδεκα,
1789 529 1825 553 7.1".

1060 567 1130 602 αὕτη
1143 568 1325 603 ἀπέθνησκεν,
1349 578 1358 595 ι
1379 570 1494 596 Ἔπεστί
1515 570 1722 605 μοι,οαυμάσαι
1757 573 1824 606 ἀρχο-

1062 613 1134 648 μένῳ
1163 614 1213 648 τῆς
1243 615 1410 650 ἐξηγήσεως,
1436 616 1497 642 ὅσον
1530 617 1650 652 ἀρχῆθεν
1672 618 1739 649 οίὲξ
1755 619 1824 644 ἐθνῶν

1061 660 1273 691 πεπιστευκότες
1283 661 1347 692 τοὺς
1357 662 1498 693 Ἰουδαίους
1509 663 1736 696 ὑπερηκόντισαν.
1749 664 1775 690 Ὀ
1787 666 1824 699 μὲν

1060 705 1114 740 γὰρ
1126 706 1324 741 ἑκατόνταρχος
1335 708 1438 738 ἐκεῖνος
1448 707 1534 738 οὕτως
1546 708 1726 744 ἐτεθαῤῥήκει
1735 710 1826 736 πιστεύ-

1062 760 1121 783 σας,
1138 752 1175 782 ὡς
1193 752 1239 778 καὶ
1253 752 1330 779 ἀπὼν
1349 753 1363 779 ὁ
1377 753 1472 787 Σωτὴρ
1490 754 1540 780 οὐκ
1560 754 1691 781 ἀδυνατεῖ
1704 755 1747 780 τὸν
1759 756 1825 781 ἀσθε-

1061 797 1156 822 νοῦντα
1183 797 1266 824 παῖδα
1293 797 1331 832 τῷ
1358 798 1428 832 λόγῳ
1446 799 1589 825 ἰάσασθαι·
1613 799 1653 826 διὸ
1671 800 1719 826 καὶ
1734 800 1825 833 ἔλεγεν

1064 852 1072 867 ι
1095 843 1162 869 Εἰπὲ
1191 843 1273 878 λόγῳ,
1300 844 1348 870 καὶ
1375 844 1517 879 ἰαθήσεται
1542 845 1556 870 ὁ
1572 846 1637 876 παῖς
1653 854 1716 880 μου.
1735 855 1744 871 ι
1765 846 1826 872 '0

1027 875 1048 901 Β
1062 888 1156 922 παρὼν
1180 875 1344 923 Συναγωγῆς
1375 875 1467 924 ἄρχίυν
1480 890 1591 925 Ἰάειρος
1617 875 1685 917 εἴσω
1699 891 1746 926 τῆς
1757 893 1826 922 olida;

1058 935 1191 960 είσελθεῖν
1223 935 1269 961 τὺν
1297 935 1432 970 δεσπότην
1460 936 1624 971 παρακαλεῖ,
1658 937 1776 970 οίόμενος
1798 937 1826 971 μὴ

1058 979 1145 1012 ἄλλως
1163 981 1293 1007 δύνασθαι
1308 983 1340 1016 τῇ
1365 981 1442 1007 παιδὶ
1456 981 1505 1016 τὴν
1515 981 1665 1017 θεραπείαν
1681 984 1825 1018 ἐπαγαγεῖν.

1057 1024 1111 1053 Ἦν
1127 1028 1181 1062 γὰρ
1196 1027 1234 1063 τῷ
1251 1028 1358 1062 Ἰαείρῳ
1380 1027 1527 1063 θυγάτριον
1548 1029 1620 1064 μάλα
1643 1030 1737 1063 καλὸν,
1753 1031 1780 1056 τὺ
1790 1032 1826 1063 τῆς

1059 1073 1208 1107 παρθενίας
1237 1074 1316 1105 ἄνθος
1333 1075 1466 1110 ἄχραντον
1492 1075 1623 1110 φέρουσα,
1639 1075 1678 1107 ὼς
1695 1077 1724 1102 ὲν
1745 1076 1827 1102 κάλυκι

1058 1119 1222 1153 τηρούμενον
1231 1119 1351 1148 ἄθικτον,
1363 1122 1449 1148 Πολλὰ
1460 1122 1489 1147 ὲν
1500 1121 1599 1155 ὀλίγοις
1611 1121 1624 1146 ὁ
1634 1121 1826 1156 εὖαγγελιστὴς,

1058 1164 1201 1198 περιέλαϐε
1217 1165 1313 1199 θρῆνον
1328 1166 1430 1200 ὑφανας
1441 1167 1633 1202 τῷδιηγήματι
1644 1174 1652 1181 ·
1669 1168 1826 1201 (μονογενὴς,

1058 1211 1153 1243 φησὶν,
1181 1211 1302 1246 ὑπῆρχεν
1317 1213 1420 1246 ήπαῖς.
1437 1222 1446 1238 ›
1466 1212 1549 1247 Ὁρᾷς
1564 1213 1593 1239 τὸ
1610 1212 1695 1246 βάρος
1711 1212 1756 1245 τῆς
1773 1221 1828 1245 συμ-

1058 1257 1156 1289 φορᾶς,
1188 1257 1224 1287 ὡς
1251 1257 1280 1282 ὲν
1295 1257 1395 1290 ὀλίγοις
1412 1259 1426 1283 ὁ
1446 1257 1524 1291 λόγος
1544 1257 1575 1284 τὸ
1589 1257 1676 1288 πάθος
1691 1257 1827 1292 ἐξετραγῴ-

1058 1300 1140 1336 δησε;
1157 1302 1183 1327 τί
1194 1303 1248 1336 γὰρ
1263 1303 1291 1328 ἐν
1307 1303 1413 1334 τούτοις
1429 1303 1564 1338 ἐδήλωσεν
1578 1312 1585 1336 ;
1605 1304 1663 1329 Οὐκ
1682 1301 1715 1339 ἦν
1735 1304 1827 1338 ἐκείνης

1059 1346 1192 1381 θανούσης
1207 1349 1246 1379 είς
1257 1349 1351 1383 ἕτερον
1364 1349 1426 1380 τοὺς
1439 1350 1528 1383 γονεῖς
1540 1349 1645 1376 ἀπιδεῖν
1658 1348 1771 1382 παιδίον,
1790 1350 1826 1375 καὶ

1059 1389 1193 1427 micat-1b
1207 1393 1322 1428 δάκρυον
1332 1401 1339 1408 ⁸
1355 1394 1500 1430 μονογενὴς
1514 1394 1567 1430 γὰρ
1579 1396 1593 1420 ὁ
1604 1395 1684 1426 τόκος
1694 1404 1700 1410 ·
1717 1395 1779 1421 ἀλλὰ
1790 1395 1827 1421 καί

1058 1438 1088 1464 τὸ
1102 1438 1255 1474 δωδεκαετῆ
1269 1439 1317 1474 τὴν
1337 1440 1417 1466 παῖδα
1430 1441 1527 1470 εἰπεῖν,
1540 1440 1605 1466 αὐτὸ
1620 1440 1652 1466 τὸ
1668 1440 1716 1474 τῆς
1735 1440 1826 1475 ἡλικίας

1058 1484 1185 1518 ἐμφαίνει
1214 1485 1243 1510 τὺ
1259 1485 1456 1520 χαριέστατον·
1477 1486 1522 1512 ὅτε
1543 1486 1589 1512 τὸν
1609 1486 1739 1521 ὑμέναιον
1755 1487 1778 1512 αἱ
1791 1486 1826 1511 κό-

1021 1542 1042 1570 c
1060 1538 1104 1563 ραι
1119 1529 1298 1562 φαντάζονται
1310 1538 1316 1545 ·
1330 1531 1376 1556 καὶ
1398 1531 1514 1565 νυμφίον
1530 1531 1640 1566 ὡραῖον,
1660 1533 1706 1557 καὶ
1722 1531 1825 1557 παστάδι

1059 1574 1206 1609 γαμήλιον,
1222 1575 1320 1602 πολλαὶ
1333 1575 1361 1602 δὲ
1377 1577 1424 1602 καὶ
1446 1577 1510 1611 περὶ
1524 1577 1639 1608 κάλλους
1659 1577 1825 1611 ὲρίζουσιιτῇ

1061 1620 1163 1654 φυσικῇ
1181 1619 1240 1654 ὥρᾳ
1255 1620 1303 1646 καὶ
1325 1621 1492 1655 κομμωτικά
1508 1629 1571 1647 τινα
1587 1621 1786 1655 προστιθέασιν,
1797 1620 1826 1650 ὡς

1059 1664 1091 1690 ἃν
1116 1666 1170 1696 τοῖς
1201 1665 1300 1700 ὁρῶσιν
1327 1666 1430 1699 ὀφθῶσι
1446 1666 1538 1694 καλαί.
1555 1667 1632 1701 Τάχα
1650 1676 1703 1693 που
1719 1667 1762 1692 καὶ
1773 1675 1827 1700 μνη-

1060 1709 1159 1744 στῆρες
1182 1710 1298 1744 ἐφοίτων
1325 1711 1429 1745 πολλοὶ,
1447 1712 1494 1738 καὶ
1509 1711 1612 1747 ἅμιλλα
1625 1710 1662 1747 ἦν
1679 1712 1778 1742 τούτοις
1787 1712 1827 1737 οὐκ

1059 1756 1185 1791 ἀγεννὴς,
1216 1757 1257 1787 τίς
1291 1756 1323 1784 ἂν
1339 1758 1501 1793 προκριθεὶς
1516 1758 1622 1791 γένοιτο
1641 1759 1691 1793 τῆς
1707 1758 1827 1792 παρθένον

1059 1801 1130 1835 ἀνήρ
1142 1810 1148 1817 ·
1161 1801 1208 1827 καὶ
1239 1803 1441 1836 προμνήστριαι
1468 1803 1618 1837 ἀμοιϐαδὸν
1632 1803 1774 1832 εἰσιοῦσαι,
1790 1801 1827 1827 καὶ

1060 1847 1126 1882 ἄλλη
1155 1847 1234 1873 ἄλλον
1259 1847 1374 1882 νυμφίον
1397 1848 1443 1874 ἐπὶ
1463 1848 1535 1883 μέγα
1555 1848 1702 1882 ἐξαίρουσιν.
1719 1848 1748 1874 τὸ
1762 1847 1827 1881 κῆδος

1060 1892 1200 1919 ἔσπευδεν.
1214 1893 1295 1919 Ἀλλὰ
1323 1894 1373 1924 τὰς
1401 1894 1447 1920 ἐπὶ
1475 1895 1508 1929 τῇ
1526 1894 1596 1929 κόρῃ
1609 1894 1721 1925 ἐλπίδας
1736 1894 1751 1927 ἡ
1764 1894 1827 1923 νόσος

1059 1938 1212 1972 διαδέχεται
1226 1939 1376 1966 ἀπειλοῦσα
1388 1939 1434 1966 τὸν
1450 1940 1508 1974 μετ’
1525 1939 1615 1973 ὀλίγον
1629 1939 1741 1966 ἔσεσθαι
1760 1939 1828 1965 θείνα-

1060 1992 1115 2010 ντον.
1135 1983 1219 2010 Ἰεται
1247 1982 1294 2011 οὖν
1323 1986 1337 2012 ὁ
1368 1986 1459 2020 πατὴρ
1492 1986 1526 2012 τὰ
1552 1986 1696 2020 σπλάγχνα
1712 1985 1748 2020 τῷ
1761 1985 1828 2011 πάθει

1060 2030 1243 2065 φρυγόμενος,
1260 2031 1308 2057 καὶ
1331 2031 1429 2066 ζεούσῃ
1452 2031 1552 2066 καρδίᾳ
1574 2032 1722 2066 προσάγων
1736 2031 1829 2065 τῷΣω-

1060 2075 1123 2109 τῆρι
1156 2075 1205 2110 τὴν
1235 2075 1340 2110 δέησιν.
1355 2076 1468 2111 Δέχεται
1497 2076 1547 2110 τὴν
1572 2077 1680 2102 ἱκεσίαν
1698 2078 1712 2103 ὁ
1725 2077 1768 2103 ἐπὶ
1784 2084 1827 2101 σω-

1059 2121 1157 2156 τηρίαν
1182 2120 1228 2148 τοῦ
1261 2121 1364 2156 κόσμου
1391 2121 1620 2156 παραγενόμενος.
1635 2122 1728 2156 Ἔργῳ
1743 2130 1770 2154 γε
1785 2122 1828 2155 μὴν

1034 2189 1037 2194 ,
1060 2166 1107 2192 τοῦ
1134 2166 1359 2201 ἀρχισυναγώγου
1382 2168 1431 2201 τὴν
1457 2167 1587 2193 ἀπιστίαν
1607 2167 1828 2202 ἐπανορθούμενος

1023 2203 1050 2232 Ῑ)
1062 2212 1153 2239 δίδωσι
1173 2212 1270 2247 σχολὴν
1284 2212 1373 2247 ἑαυτῷ
1397 2212 1467 2239 κατὰ
1482 2212 1530 2246 τὴν
1547 2213 1606 2239 ὁδὸν
1623 2213 1671 2247 τῆς
1685 2210 1830 2247 αίμοῤῥοού-

1063 2267 1112 2293 σης
1122 2259 1172 2294 τὴν
1200 2259 1283 2291 ῐασιν,
1301 2259 1340 2290 ὠς
1369 2259 1402 2285 ἂν
1417 2258 1461 2284 ἐπ’
1477 2258 1567 2289 ἀδείας
1583 2259 1629 2285 τοῦ
1651 2259 1762 2285 θανάτου
1787 2257 1828 2290 τῆς

1062 2305 1146 2339 κόρης
1173 2305 1442 2340 κατακρατήσαντος,
1463 2304 1576 2339 γένηται
1603 2304 1632 2330 τὸ
1646 2304 1736 2339 θαῦμα
1753 2311 1828 2338 παρα-

1061 2349 1150 2382 δοξότε
1155 2358 1212 2385 ρον.

1099 2446 1109 2462 t
1128 2436 1173 2463 Ἐν
1197 2436 1226 2462 δὲ
1250 2435 1289 2470 τῷ
1318 2436 1435 2470 ὑπάγειν
1455 2436 1549 2468 αὐτὸν,
1563 2437 1587 2463 οί
1603 2437 1677 2472 δχλοι
1690 2436 1828 2463 συνέθλιῆον

1062 2482 1142 2509 αὐτόν
1153 2490 1160 2498 ·
1175 2482 1223 2508 καὶ
1250 2481 1318 2517 γυνὴ
1350 2480 1417 2508 οὖσα
1433 2482 1463 2508 ὲν
1480 2482 1556 2516 ῥύσει
1581 2482 1696 2517 αἵματος
1711 2481 1828 2509 anet—.13»

1061 2527 1175 2559 δώδεκα,
1195 2527 1257 2562 ἥτις
1273 2527 1375 2562 ίατροῖς
1388 2526 1626 2562 προσαναλώσασα
1639 2527 1698 2553 ὅλον
1713 2527 1755 2553 τὸν
1770 2525 1826 2560 βίον,

1061 2573 1111 2600 οὑκ
1130 2574 1223 2608 ῐσχυεν
1250 2573 1298 2600 ἀπ’
1312 2573 1421 2605 οὐδενὸς
1443 2573 1657 2608 θεραπευθῆναι.
1675 2583 1684 2599 ι
1701 2573 1791 2599 Σκόπει
1805 2571 1827 2596 δὲ

1063 2619 1125 2651 ὅσος
1139 2619 1218 2654 ὄχλος
1238 2619 1400 2655 παρείπετο,
1417 2619 1454 2651 ὡς
1468 2619 1515 2645 καὶ¹
1528 2619 1632 2646 θλίὸειν
1644 2619 1723 2646 αὐτὸν
1735 2626 1827 2644 στενου-

1067 2665 1155 2700 μένων
1166 2665 1220 2692 τῶν
1235 2665 1348 2699 ἀγυιῶν.
1374 2666 1417 2692 Ἐν
1430 2663 1470 2697 οἷς
1484 2663 1518 2700 ἦν
1537 2665 1585 2692 καὶ
1605 2665 1714 2699 γύναιον
1729 2664 1828 2698 αἵματος

1066 2711 1188 2746 ἀμέτρου
1215 2711 1409 2746 κεκακωμένον
1435 2711 1516 2746 φορᾷ,
1532 2711 1550 2746 ἢ
1577 2711 1611 2737 τὰ
1631 2710 1762 2746 προσόντα
1783 2708 1827 2738 τοῖς

1068 2756 1171 2791 ίατροῖς
1198 2754 1372 2789 ἀναλώσασα,
1402 2755 1450 2782 καὶ
1476 2755 1571 2790 κέρδος
1588 2755 1723 2790 εὑραμένη
1741 2752 1825 2788 μηδὲν·
