1850 3054
45 155 91 186 935
737 153 808 184 HOIi

933 155 969 186 Χ.

1607 159 1661 192 235

45 209 73 245 ἦν
90 209 141 244 γὰρ
158 208 189 236 τὸ
212 209 301 241 πάθος
315 209 496 246 ἀνθρωπίνοις
515 209 649 241 ἐπινοίαις
661 209 808 244 ἀνήκεστον

912 213 1024 244 mmpta,
1036 209 1137 237 nullum
1150 210 1252 238 fecerat
1265 209 1380 238 lucrum.
1396 211 1504 240 Morbus
1514 214 1585 242 enim
1601 220 1660 242 erat

56 258 223 292 Δπηρεικνῖα
243 257 314 290 πρὸς
342 257 429 284 πάντα
454 256 552 292 βουλὴν
569 256 726 289 βουλεύεται
742 264 821 282 συνε-

45 302 96 337 τὴν,
111 302 179 336 πρὸς
192 302 239 328 τὸν
259 302 378 336 ἄμισθον
410 302 501 337 ίατρδν
527 301 665 337 ὀτραλέως
695 302 820 337 δραμεῖν,

44 349 76 378 ὡς
86 348 163 382 ἁδρὸν
181 348 254 381 μάλα
275 348 372 383 μισθὸν
382 349 430 382 τὴν
447 349 538 374 πίστιν
549 347 709 382 κομίζουσα.
723 347 820 380 Ἔλεγε

45 394 99 428 τὰρ,
116 393 152 423 ὡς
171 393 250 424 ἄλλος
277 394 346 428 φησὶ
369 394 575 428 εὖαγγελιστὴς,
592 393 644 426 ὅτι,
663 402 672 419 ι
692 393 752 419 Κᾶν
766 392 820 419 τῶν

45 438 150 473 ἱματίων
168 439 254 465 αὐτοῦ
277 439 358 474 μόνον
373 439 496 474 ἅψωμαι,
511 439 681 474 σωθήσομαι.
698 448 707 464 ι
735 438 818 465 Ἀλλὰ

44 486 104 514 τίνος
127 484 209 518 χάριν
236 485 267 510 οὐ
295 484 421 520 πρόσεισι
442 484 576 520 φανερῶς,
593 484 661 519 ὼςὴ
680 484 820 511 Χαναναία

43 531 81 555 καὶ
96 530 110 563 ἠ
139 529 355 562 curaturum-:61;
370 530 522 565 Ἐπίσημος
549 528 583 564 ἦν
600 529 669 564 αὕτη
690 529 738 555 καὶ
751 529 820 563 γνὼ-

33 582 111 615 ’ριμος
125 575 182 605 τοῖς
197 576 292 605 πᾶσιν.
313 573 348 610 ἦν
361 575 389 601 δὲ
403 575 442 608 τῷ
453 575 529 610 νόμῳ
543 574 701 610 ἀκάθαρτος
715 575 730 608 ἡ
751 583 820 601 κατ-

34 619 146 653 ἐχομένη
174 620 301 654 αἱμάτων
340 622 400 655 ῥοῇ,
414 621 460 648 καὶ
485 621 535 648 οὐκ
558 619 592 656 ἦν
609 620 691 647 αὑτοῦ
708 620 819 654 θεμιτὸν

32 665 222 707 Ῐέπιθιγγεὶνειν
238 667 312 697 τινὸς
326 667 410 702 ἱεροῦ.
425 667 494 702 Φησὶ
510 667 564 702 γὰρ
580 668 594 694 ὀ
606 667 687 702 νόμος
699 675 706 682 ·
724 675 733 692 ι
748 666 819 701 Γυνὴ

32 711 80 748 ηὲὰν
106 711 155 746 ῥέῃ
185 711 263 747 ῥύσει
288 713 403 747 αἵματος
421 713 529 748 ἡμέρας
545 713 666 746 πλείους,
685 715 770 740 πᾶσαι
789 715 818 740 αι

40 757 128 791 ἡμέραι
155 758 262 791 ῥύσεως
281 754 465 794 ἀκαθαρσίας,
489 760 543 791 πᾶς
566 761 579 786 ὁ
596 760 750 794 ἁπτόμενος
771 761 820 786 αὒ-

41 803 96 836 τῆς,
112 804 272 838 ἀκάθαρτος
303 804 390 831 ἔσται.
413 815 421 831 ι
445 805 586 832 Δεδοικυῖα
608 807 699 833 τοίνυν
729 806 818 833 ποδῶν

41 849 169 882 amvch
185 850 358 884 ἐφάψασθαι,
376 851 424 877 καὶ
441 851 499 886 ἅμα
520 851 652 887 κρύπτειν
674 852 816 886 ἐθέλουσα,

41 895 54 920 ἃ
68 895 254 929 σωφρονοῦσαι
268 897 399 928 γυναῖκες
411 897 614 924 ἀνακαλύπτειν
629 897 815 932 αἰσχύνονται,

41 940 153 966 κλέπτειν
165 941 216 976 τὴν
233 942 372 976 σωτηρίαν
388 943 502 969 ἐπινοεῖ.

72 1040 78 1055 ι
96 1030 147 1056 Καὶ
163 1030 357 1066 προσελθοῦσα
370 1031 483 1058 ὄπισθεν
494 1031 583 1066 ἥψατο
599 1031 646 1058 τοῦ
662 1032 816 1066 κρασπέδου

42 1076 78 1102 τοῦ
105 1077 214 1110 ἱματίου
241 1077 336 1109 αὐτοῦ,
362 1078 409 1104 καὶ
437 1079 609 1113 παραχρῆμα
626 1078 691 1113 ἔστη
708 1079 723 1112 ὴ
739 1078 816 1113 ῥύσις

41 1124 78 1150 τοῦ
106 1124 220 1158 αἵματος
252 1125 347 1159 αὐτῆς.
369 1126 401 1151 Ὣ
429 1126 476 1152 τοῦ
493 1127 646 1161 θαύματοςί
678 1127 772 1153 καινόν
789 1135 815 1153 τι

42 1170 106 1195 τοῦτο
121 1170 346 1206 θαυματουργίας
365 1170 434 1204 εἶδος
449 1172 463 1198 ὁ
479 1173 618 1208 Δεσπότης
637 1173 816 1206 ἐνδείκνυται,

43 1218 99 1250 μήτε
112 1216 160 1251 τῆς
177 1217 312 1251 νοσούσης
325 1217 475 1252 ἁψάμενος,
495 1219 564 1253 μήτε
589 1218 660 1254 λόγῳ
681 1218 818 1253 θεραπεύ-

44 1270 81 1292 σας
96 1262 142 1296 τὴν
155 1264 291 1295 κάκωσιν,
313 1263 381 1289 ἀλλὰ
396 1265 429 1298 τῇ
452 1264 543 1290 πίστει
569 1265 761 1299 ἐπιμετρήσας
786 1264 816 1291 τὸ

42 1308 103 1339 ἔὶεος
114 1315 122 1323 ’
135 1308 276 1344 προσῆλθε
295 1309 507 1344 μετὰλπίστεως,
521 1310 629 1344 καὶτῆς
647 1310 753 1340 ἐλπίδος
766 1310 816 1346 οὐχ

43 1354 161 1387 ἥμαρτεν.
185 1354 230 1386 Ὠς
259 1355 342 1381 καλὸν
363 1357 378 1390 ἡ
407 1356 499 1387 πίστις
516 1356 620 1390 ίσχύευ
638 1357 815 1391 παρασκευὰ-

42 1400 113 1430 {oua-tt
128 1402 157 1426 ἑν
176 1403 246 1436 ἡμῖν
263 1402 312 1438 τὴν
327 1402 449 1429 θεόδοτον
465 1403 545 1437 χάριν
560 1411 566 1418 ’
586 1403 621 1430 τὸ.
641 1403 669 1429 δὲ
694 1404 815 1438 διψυχεῖν

42 1446 185 1480 ἐπιζήμιον.
205 1447 235 1472 El
250 1448 304 1482 γὰρ
317 1449 362 1475 καὶ
378 1449 450 1483 ἱερὸν
464 1446 497 1484 ἦν
515 1449 561 1475 τοῦ
575 1450 711 1485 ἀχρὰντου
731 1450 815 1484 χιτῶ-

43 1499 77 1521 νος
90 1491 118 1517 τὸ
133 1491 284 1527 εερώτατον
304 1494 468 1528 κράσπεδον,
486 1495 524 1526 ὠς
545 1495 612 1521 Θεοῦ
638 1496 739 1530 σαρκὸς
765 1497 814 1531 ἐφ-

872 255 1017 290 ejusmodi.
1034 260 1064 283 ut
1081 257 1152 284 nulla
1169 263 1262 292 posset
1274 259 1394 288 humana
1415 265 1472 287 arte
1486 261 1588 288 curari.
1606 261 1659 288 De-

872 301 989 334 speratis
1000 301 1084 336 igitur
1095 303 1220 330 omnibus
1233 305 1368 335 remediis.
1385 305 1500 339 sapienti
1522 307 1572 333 sibi
1594 315 1660 334 con-

871 345 931 373 silio
942 346 1060 373 consulit
1071 347 1198 375 celeriter
1213 349 1246 375 ad
1258 350 1404 380 medicum.
1417 351 1461 384 qui
1476 352 1559 385 gratis
1571 357 1658 383 rural,

870 392 1053 430 confugiendi,
1066 394 1144 421 ﬁdem
1157 395 1245 422 ferens
1259 396 1375 430 copiosa:
1385 397 1516 423 mercedis
1526 397 1656 431 loco(78).

873 448 881 464 ι
895 439 1004 467 Dicebat
1019 441 1102 473 enim,
1116 445 1146 467 ut
1158 441 1227 468 alius
1235 441 1397 476 evangelista
1408 442 1444 469 ait
1458 451 1465 468 ε
1482 452 1490 468 ι
1501 443 1568 475 Quia
1582 443 1604 469 si
1617 442 1657 469 vel

870 486 1059 512 vestimentum
1076 486 1135 520 ejus
1160 487 1284 522 tetigero,
1301 487 1374 514 salva
1385 495 1431 514 ero
1447 488 1480 514 “.
1495 497 1504 514 ι
1524 488 1575 515 Sed
1593 488 1656 522 quid

869 534 920 562 est,
935 531 1005 564 quod
1028 539 1081 558 non
1097 532 1194 566 palam,
1214 537 1241 560 et
1254 532 1397 560 manifesto
1414 533 1527 566 aecedit,
1544 539 1573 560 ιιι
1586 534 1657 561 Cha-

869 583 962 602 nanaaa
981 576 1014 610 “,
1035 581 1061 604 et
1076 577 1172 604 mulier
1186 577 1229 604 illa
1243 578 1370 605 inclinata
1386 579 1429 605 “'?
1445 579 1565 606 Celebris
1587 580 1656 612 lucc,

869 624 896 648 et
907 626 970 648 nota
987 622 1113 650 omnibus
1130 628 1199 654 erat,
1215 623 1274 657 lege
1296 628 1387 650 autem
1404 624 1541 651 immunda
1560 625 1657 651 mulier
1674 618 1678 622 ”

869 667 1029 700 habebatur,
1044 675 1104 702 quzc
1121 669 1261 703 sanguinis
1283 669 1355 696 [luxu
1381 674 1531 701 teneretur,
1553 677 1602 696 nec
1618 670 1656 697 fas

869 712 893 739 ei
909 717 968 739 eral
983 713 1128 747 quidquam
1148 714 1217 740 sacri
1235 714 1403 749 contingere.
1428 715 1473 741 Ait
1497 715 1567 742 enim
1592 715 1633 742 lex
1648 724 1654 742 :

872 766 881 782 ι
897 757 1003 788 Mulier,
1022 757 1043 784 si
1061 757 1125 784 ﬂuat
1141 758 1211 784 l‘luxu
1223 758 1362 793 sanguinis
1378 758 1467 792 plures
1480 759 1548 790 dies,
1562 766 1656 786 omnes

870 804 929 832 dies
945 803 1037 831 iluoris
1053 805 1250 832 immnnditiae:
1268 806 1358 832 omnis
1376 809 1488 840 tangens
1512 812 1582 838 eam,
1603 805 1656 832 im-

870 851 986 878 mundus
996 851 1046 878 erit
1064 851 1097 878 “.
1110 860 1118 875 ι
1134 850 1226 884 Itaque
1240 845 1466 877 iucontamin'atos
1480 849 1561 884 pedes
1576 850 1658 876 attin-

870 904 932 931 gere
946 897 1041 929 verita,
1060 901 1087 923 et
1103 897 1182 924 simul
1198 900 1226 923 ut
1242 896 1342 923 celaret
1364 903 1422 930 qua:
1439 895 1543 930 pudica
1557 895 1655 922 mulie-
1688 900 1691 903 ‘

871 949 915 969 res
931 942 1081 977 patefacere
1095 934 1275 975 erubescunt,
1303 941 1417 968 salutem
1443 940 1570 968 suﬁ'urari
1589 947 1655 968 con-

871 988 971 1015 stituit.
1128 1003 1138 1017 I

909 1048 918 1063 ‹
939 1038 972 1064 Ει
988 1039 1119 1065 accedens
1145 1043 1218 1065 retro
1243 1037 1330 1072 tetigit
1352 1036 1485 1064 ﬁmbriam
1503 1035 1654 1063 vestimenti

870 1083 943 1118 ejus;
962 1089 988 1111 et
1001 1084 1143 1111 confestim
1163 1083 1237 1111 stetit
1252 1083 1338 1110 (luxus
1355 1083 1496 1118 sanguinis
1511 1083 1578 1116 ejus.
1598 1091 1606 1107 ι
1632 1081 1654 1108 0

870 1138 926 1158 rem
942 1129 1149 1157 admirandam!
1178 1137 1277 1156 novum
1293 1129 1416 1156 miraculi
1434 1136 1518 1162 genus
1533 1133 1574 1155 est
1591 1128 1653 1158 hoc,

869 1177 938 1210 quod
965 1176 1094 1203 Dominus
1119 1175 1245 1205 ostendit.
1273 1182 1360 1207 neque
1384 1180 1512 1208 aegrotum
1531 1179 1653 1207 tangens,

868 1230 955 1257 neque
969 1223 1050 1248 verbo
1066 1222 1191 1249 morbum
1208 1220 1354 1255 expellens,
1370 1221 1418 1247 sed
1441 1220 1653 1247 misericordiam

870 1269 921 1295 ﬁde
931 1268 1086 1299 dimetiens;
1099 1267 1215 1294 accessit
1225 1274 1287 1293 cum
1305 1266 1355 1292 ﬁde
1367 1265 1478 1297 mulier;
1492 1265 1546 1299 60
1557 1268 1583 1291 et
1593 1271 1654 1298 spes

868 1314 940 1341 illam
972 1321 1020 1340 sua
1046 1313 1173 1339 frustrata
1191 1319 1243 1339 non
1261 1315 1312 1338 est.
1340 1310 1474 1344 Quantum
1493 1310 1592 1336 bonum
1614 1312 1654 1335 est

869 1359 945 1390 ﬁdes,
964 1365 1024 1393 qure
1039 1362 1183 1392 prmparal,
1201 1363 1230 1383 ut
1253 1355 1345 1383 divina
1369 1357 1454 1390 gratia
1473 1354 1499 1381 in
1525 1353 1603 1380 nobis
1619 1353 1654 1379 sit

868 1404 971 1436 silit-ax,
989 1403 1135 1430 difﬁdentia
1156 1410 1220 1429 vero
1235 1402 1372 1429 damnosa.
1398 1399 1464 1434 Nam
1482 1403 1510 1426 et
1527 1399 1549 1426 si
1563 1398 1654 1433 puris-

867 1451 943 1477 sima:
961 1451 1060 1477 tunica:
1078 1447 1248 1475 sanctissima
1264 1446 1369 1473 ﬁmbria
1385 1453 1462 1472 sacra
1471 1449 1541 1477 erat,
1556 1449 1654 1478 utqua:

869 1496 914 1523 Dei
932 1503 1040 1522 carnem
1055 1493 1235 1528 contingebat,
1255 1497 1342 1520 tamen
1360 1492 1425 1518 ﬁdes
1448 1489 1569 1517 mulieris
1583 1489 1654 1516 illius

43 1537 194 1571 απτόμενον,
209 1538 268 1565 ἀλλ’
287 1540 303 1574 ή
319 1540 368 1573 τῆς
384 1541 514 1573 γυναικδς
532 1542 758 1576 πίστιςπρὸξενος
771 1542 804 1576 τῆ

912 1541 934 1568 ui
955 1539 1124 1568 conciliatrix
1149 1539 1209 1566 fuit.
1234 1538 1393 1573 Tetigerunt
1411 1537 1482 1564 enim
1498 1536 1595 1563 milites
1609 1542 1655 1562 ve—

42 1584 137 1618 χᾶριτος
151 1585 277 1619 γέγονεν.
292 1586 418 1620 ’Ὶίψαντο
433 1587 486 1622 γὰρ
496 1587 550 1613 τῶν
570 1588 685 1621 ἱματίων
698 1588 722 1614 oi
734 1596 817 1622 στρα-

43 1630 255 1658 τιῶταικατέιτὸν
264 1631 311 1658 τοῦ
321 1632 424 1663 πάθους
435 1633 530 1668 καιρὸν
541 1633 588 1659 τὺν
598 1634 756 1668 ἰουδαῖσμὺν
768 1635 817 1661 αὺ-

42 1677 86 1703 :th
99 1678 146 1712 κλη
152 1678 265 1712 ροποιού
271 1687 356 1711 μενοι,
369 1679 426 1704 ἀλλ’
443 1679 493 1705 οὐκ
507 1679 637 1714 ὀνήσιμος
652 1680 668 1715 ὴ
681 1680 817 1716 πρόσαψις

43 1723 149 1756 γέγονεν.
170 1722 436 1758 Ἐξεταστικώτερον
460 1723 488 1751 δὲ
504 1724 518 1750 ὁ
535 1724 606 1758 ἱερὸς
624 1725 738 1760 Μάρκος
766 1727 817 1752 ὲπ-

43 1767 238 1804 εξηίτησάμενος
249 1769 279 1795 τὺ
289 1769 411 1804 διήγημα
419 1778 425 1785 ·
439 1779 448 1795 ι
456 1769 556 1803 Ἔγνω,
564 1771 639 1806 φησὶ,
651 1771 688 1809 τῷ
699 1770 816 1805 σώματι,

44 1815 74 1840 in
88 1815 144 1850 ἰάθη
161 1814 218 1841 ἀπὸ
229 1814 280 1849 τῆς
295 1815 437 1849 μάστιγος.
462 1824 470 1840 ι
484 1815 518 1841 Τι
539 1815 620 1841 τοῦτο
640 1815 749 1850 δηλῶν;
773 1816 816 1848 Ὠς

44 1861 117 1887 aler
144 1860 274 1896 σώματος
303 1860 451 1893 κακώσεις,
470 1859 514 1887 οἶά
529 1869 602 1892 τινες
623 1861 765 1896 μάστιγες,
781 1861 818 1892 ὠς

45 1907 130 1933 ἐπίπαν
141 1907 296 1941 ἐπάγονται
308 1907 370 1937 ταῖς
390 1907 575 1938 ἀτακτούσαις
590 1906 700 1942 ψυχαῖς.
714 1907 776 1934 Ὅτι
790 1908 819 1934 δὲ

46 1952 117 1978 ταῦτα
144 1953 248 1988 ἀληθῆ,
276 1953 291 1979 ὁ
317 1952 396 1986 λόγος
420 1952 502 1984 δείξει
517 1953 637 1987 ἀμογητί
650 1961 657 1968 ·
670 1953 709 1988 τῷ
719 1961 750 1979 τε
765 1954 819 1987 γὰρ

46 1999 228 2034 θεραπευθέντι
257 2000 288 2025 ὲν
311 2000 344 2033 τῇ
375 1999 553 2033 πενταρίθμῳ
573 1999 620 2025 τοῦ
644 1998 820 2034 Σολομῶντος

48 2046 108 2080 στοᾷ,
121 2045 191 2071 οὓτω
209 2045 294 2080 φησὶν
311 2045 324 2070 ὁ
340 2045 459 2078 Χριστός
471 2052 478 2059 ·
500 2053 508 2068 ι
531 2044 584 2070 Ἴδε
597 2043 677 2078 ὑγιὴς
693 2044 818 2077 γέγονας,

48 2093 131 2125 μηκέτι
145 2092 300 2127 ἁμάρτανε,
313 2091 357 2117 ἴνα
373 2091 409 2126 μή
421 2099 447 2116 τι
458 2087 550 2125 χεῖρον
565 2091 605 2121 είς
618 2090 647 2116 σὲ
660 2090 785 2125 γένηται.
806 2099 816 2116 ι

47 2137 90 2163 Καὶ
102 2139 154 2169 τοῖς
171 2136 363 2172 κεχραμμένῳ
377 2136 509 2163 συνειδότι
525 2136 681 2171 δεχομένοις
698 2136 732 2162 τὰ
741 2136 818 2169 ἆγισι,

47 2184 114 2217 φησὶν
135 2185 148 2210 ό
165 2183 351 2214 Ἀπόστολος·
374 2183 424 2209 Διὰ
453 2181 532 2209 τοῦτο
568 2183 596 2208 ἐν
630 2182 696 2217 ὑμῖν
726 2181 819 2208 πολλοὶ

47 2230 163 2261 ἀσθενεῖς,
180 2231 229 2256 καὶ
244 2230 391 2265 ἄρρωστοι,
404 2229 451 2255 καὶ
467 2228 618 2263 κοιμῶνται
635 2228 734 2255 ἱκανοί.
752 2237 761 2253 ι

76 2286 84 2301 ι
103 2276 155 2303 Καὶ
185 2274 393 2310 εἵπενΊησοῦς·
409 2275 457 2306 Τίς
476 2283 527 2310 μου
549 2275 652 2310 ἥψατο;
668 2274 818 2309 Ἀρνουμέ-

48 2330 89 2347 νων
102 2322 128 2348 δὲ
156 2322 278 2353 πάντων,
293 2320 370 2348 εἶπεν
381 2322 394 2347 ὁ
419 2321 535 2356 Πέτρος,
549 2320 597 2346 καὶ
613 2321 638 2346 οὶ
654 2320 702 2346 σὺν
719 2318 796 2354 αὐτῷ
809 2327 816 2335 ·

47 2367 190 2400 Ἐπιστάτα,
210 2369 236 2393 οἱ
252 2367 326 2402 ὄχλοι
340 2367 482 2402 συνέχουσι
499 2374 539 2398 σε,
568 2366 614 2393 καὶ
628 2364 816 2397 ἀποθλίϐουσι,

47 2413 83 2437 x1".
93 2412 193 2447 λέγεις·
212 2413 262 2443 Τίς
291 2421 342 2447 μου
357 2412 465 2447 intimo;
483 2421 492 2437 ι
510 2412 567 2438 Οὐκ
594 2411 673 2438 ἔλαθε
686 2411 732 2437 τὸν
751 2418 820 2444 καρ-

47 2458 93 2489 δξας
105 2459 150 2485 καὶ
164 2458 281 2493 νεφροὺς
293 2458 480 2493 ἐμϐατεύοντα
492 2459 508 2492 ὴ
524 2459 574 2492 τῆς
589 2457 718 2491 γυναικὸς
739 2456 820 2481 ἐπαι-

49 2504 149 2540 νουμένη
181 2504 282 2539 κλοπὴ,
308 2504 371 2530 οὔτε
399 2503 453 2539 μὴν
476 2503 610 2530 καλύπτει
624 2502 729 2537 ταύτην
743 2502 818 2537 σιγῇ.

78 2583 96 2597 ¹¹
113 2582 193 2610 Marc.
217 2591 242 2612 ν,
263 2582 308 2609 28.
348 2583 370 2598 ¹²
390 2581 484 2608 Matth.
505 2589 550 2614 xv,
569 2581 615 2608 22.

51 2618 124 2650 v.14.
160 2619 181 2634 ¹¹¹
202 2618 213 2645 l
233 2618 296 2644 Cor.
317 2625 356 2649 xu,
374 2617 420 2644 ὅθ.
442 2618 462 2633 ⁸⁷
484 2616 554 2644 Psal.
576 2624 625 2649 vn,
647 2615 690 2643 10.

664 2581 687 2596 ’⁸
707 2580 774 2607 Luc.
795 2588 854 2613 xm,
874 2579 916 2606 ll.

868 1587 995 1613 stimeuta
1016 1585 1121 1612 Domini
1140 1589 1260 1618 tempore
1274 1582 1423 1613 Passionis.
1448 1589 1480 1609 ea
1495 1581 1589 1608 sortito
1604 1580 1654 1607 tri—

868 1632 991 1664 buenlcs,
1007 1633 1052 1658 sed
1068 1631 1135 1658 nihil
1148 1630 1207 1657 illos
1219 1629 1289 1663 juvit
1306 1633 1446 1656 contactus
1458 1635 1562 1654 eorum.
1582 1625 1653 1653 San-

868 1683 929 1706 ctus
961 1685 1025 1705 vero
1053 1677 1159 1704 Marcus
1193 1676 1377 1703 narrationem
1408 1674 1479 1701 hanc
1503 1673 1654 1700 accuratius

867 1730 1022 1758 exponens:
1043 1731 1052 1747 ι
1079 1722 1179 1753 Sensit,
1207 1721 1304 1755 inquit,
1329 1727 1453 1753 corpore,
1479 1719 1540 1752 quia
1559 1721 1653 1745 sanata

870 1773 939 1797 esset
956 1776 970 1796 a
984 1769 1059 1803 plaga
1074 1767 1115 1793 ίδθ.
1134 1777 1143 1793 ι
1169 1767 1238 1800 Quid
1254 1767 1296 1794 his
1313 1766 1403 1793 verbis
1418 1763 1572 1800 signiﬁcat?
1592 1770 1654 1789 cor-

871 1815 943 1848 poris
955 1814 1079 1840 nimirum
1092 1812 1280 1840 aﬂlictationes
1291 1816 1319 1838 et
1334 1811 1441 1838 morbos
1454 1809 1531 1844 quasi
1543 1808 1654 1835 verbera

870 1861 1003 1895 quaedam,
1024 1864 1051 1887 et
1066 1859 1158 1894 plagas
1175 1858 1334 1892 plerumque
1355 1855 1540 1889 intemperalis
1557 1853 1655 1880 animis

870 1905 965 1933 incuti.
987 1906 1049 1932 llmc
1070 1910 1159 1931 autem
1174 1910 1238 1931 vera
1254 1910 1314 1930 esse
1330 1901 1408 1929 facile
1423 1899 1546 1927 ostendet
1568 1898 1655 1925 oratio

869 1956 981 1983 nostra;
997 1958 1058 1977 nam
1071 1955 1097 1976 et
1111 1950 1148 1976 illi
1163 1950 1208 1983 qui
1227 1949 1252 1975 in
1267 1949 1385 1982 quinque
1402 1945 1554 1973 Salomonis
1569 1943 1655 1978 porti—

870 1997 946 2025 cibus
964 2000 1074 2024 curatus
1088 2000 1139 2028 est,
1156 1995 1193 2021 ita
1208 1994 1335 2021 Christus
1355 1992 1460 2026 inquit:
1479 2000 1489 2016 ι
1520 1990 1588 2017 Ecce
1611 1996 1656 2017 sa-

870 2052 921 2071 nus
933 2043 1021 2070 factus
1034 2042 1142 2077 es,jam
1169 2040 1222 2067 noli
1251 2046 1374 2073 peccare,
1403 2045 1437 2064 ne
1465 2035 1582 2064 deterius
1607 2034 1654 2061 tibi

871 2089 972 2124 aliquid
986 2088 1123 2121 contingat
1139 2087 1171 2113 ¹⁵.
1187 2095 1196 2111 ι
1215 2085 1247 2112 Et
1264 2084 1411 2120 Apostolus
1427 2083 1472 2114 iis,
1487 2082 1531 2116 qui
1549 2081 1653 2114 impura

871 2134 1034 2163 conscientia
1049 2137 1143 2161 sancta
1157 2131 1298 2159 sumebant
1313 2138 1321 2157 :
1339 2138 1348 2155 ι
1382 2129 1457 2160 Ideo,
1488 2127 1584 2160 inquit,
1612 2127 1654 2152 in-

872 2186 912 2208 ter
931 2187 979 2208 vos
1001 2178 1075 2206 multi
1105 2177 1215 2210 inﬁrmi,
1245 2181 1272 2204 et
1287 2174 1446 2203 imbecilles.
1474 2177 1501 2200 et
1517 2172 1654 2199 dormiunt

872 2226 949 2254 multi
962 2227 993 2253 ¹⁶.
1013 2235 1022 2252 ι
1573 2229 1577 2232 ”

911 2282 920 2298 ι
944 2272 978 2299 Et
992 2272 1029 2299 ait
1043 2271 1132 2304 Jesus,
1146 2270 1206 2306 quis
1216 2274 1266 2303 est,
1283 2269 1329 2305 qui
1345 2276 1388 2296 me
1405 2267 1513 2304 tetigit?
1526 2266 1656 2302 Negantio

873 2319 923 2346 bus
938 2323 1026 2345 autem
1047 2318 1185 2350 omnibus,
1208 2317 1276 2344 dixit
1298 2315 1406 2348 Petrus,
1431 2319 1458 2342 et
1473 2314 1590 2350 quicum
1612 2312 1657 2339 illo

872 2369 948 2390 erant
964 2371 971 2390 :
997 2363 1160 2396 Prazceptor,
1177 2363 1260 2389 turbzc
1283 2366 1310 2389 te
1336 2360 1528 2395 comprimunt,
1545 2362 1571 2384 et
1588 2357 1657 2384 allii-

873 2414 951 2444 gnnt,
965 2412 993 2435 et
1010 2409 1075 2435 dicis
1095 2417 1102 2435 :
1119 2408 1185 2441 Quis
1200 2415 1242 2435 me
1258 2407 1365 2441 tetigit?
1381 2416 1390 2432 ι
1411 2405 1469 2432 Non
1490 2404 1566 2431 latuit
1582 2410 1654 2434 eum,

873 2454 919 2488 qui
934 2451 1016 2480 corda
1034 2458 1061 2480 et
1074 2460 1152 2482 renes
1167 2456 1306 2479 scrutatur
1324 2451 1357 2483 ”,
1375 2449 1513 2477 laudabile
1538 2446 1658 2474 mulieris

875 2500 988 2533 ituriituri,
1014 2506 1102 2534 neque
1129 2503 1219 2525 tamen
1236 2498 1262 2524 id
1281 2496 1390 2524 silentio
1414 2495 1495 2522 cclat.
1523 2492 1592 2527 Quid
1615 2496 1658 2520 est

956 2578 978 2594 “
999 2578 1083 2604 Levii.
1105 2584 1150 2609 xv,
1170 2575 1215 2603 25.
1255 2575 1287 2590 “‘
1307 2573 1389 2600 Marc.
1407 2581 1433 2607 v,
1454 2572 1500 2600 29.
1540 2572 1561 2587 ”
1577 2571 1656 2598 Joan.

645 2674 805 2705 Francisci
825 2673 929 2704 Scorsi
952 2676 1045 2702 notae.

79 2725 126 2759 (78)
145 2725 264 2759 Coyiosm
278 2727 402 2753 mercedis
427 2727 494 2753 loco.
517 2726 550 2752 Et
579 2726 635 2753 hazc
663 2726 745 2753 etiam
771 2726 814 2760 pia

53 2768 113 2793 :rque
137 2769 168 2788 ac
184 2767 295 2788 venusta
317 2762 448 2788 sententia
475 2769 529 2788 una
553 2761 681 2791 lilterula,
710 2761 812 2787 librarii

54 2795 120 2821 credo
140 2796 243 2822 inscitia
263 2797 364 2822 inserta
389 2796 539 2823 deformata
559 2800 629 2822 erat.
655 2795 722 2828 Quid
741 2796 812 2822 enim

54 2829 92 2855 sibi
109 2830 195 2856 vulunt
218 2833 274 2857 lucc
295 2830 333 2862 ὡς
353 2831 457 2865 ἀνδρῶν
475 2830 545 2864 μάλα
563 2830 658 2865 μισθὸν
677 2832 726 2864 τὴν
743 2831 813 2856 πίων

55 2865 196 2898 κομίζουσα,
207 2866 287 2899 ﬁdem
304 2866 389 2899 ferens
403 2864 437 2892 ιιι
448 2866 558 2900 pretium
573 2864 707 2892 hominum
725 2865 810 2893 valde.

870 2722 1024 2758 Legendnm
1041 2723 1131 2758 itaque
1155 2721 1245 2756 ἁνδροὶ
1262 2728 1309 2758 pro
1326 2720 1433 2758 ἀνδρῶν
1443 2727 1480 2758 rx
1498 2719 1559 2746 cod.
1576 2719 1609 2746 Ο.
1626 2724 1654 2746 ct

872 2754 980 2792 quidem
993 2758 1024 2784 τὸ
1037 2754 1109 2792 μάλα
1122 2763 1194 2783 recte
1204 2754 1358 2791 appositum
1371 2754 1502 2792 ﬁrdtz‘zpbv
1514 2761 1654 2788 perperam

870 2790 909 2820 τῶ
921 2790 1043 2827 ἁνδρῶνξ
1051 2792 1191 2819 Sententia
1206 2790 1268 2818 vero
1278 2790 1396 2818 auctoris
1414 2790 1438 2816 id
1455 2794 1545 2822 aperte
1560 2794 1652 2823 postu-

869 2828 915 2861 lat,
930 2829 1001 2863 quod
1017 2828 1160 2855 edidimus.
