1850 3054
210 149 260 181 291

812 141 1056 173 THEOPIIANIS
1076 141 1245 171 CEllAMEi

1774 143 1816 172 ΞΘὲ

210 208 411 237 considerantes
425 205 527 241 aequale
547 208 653 239 tempus
668 203 729 230 vitae
744 202 850 238 puellae,
866 205 894 228 et
907 199 993 228 morbi

1066 209 1090 227 ιν
1105 200 1177 234 όρῶν
1194 208 1223 226 τε
1240 199 1289 234 τῆς
1303 199 1351 226 τοῦ
1364 199 1494 235 κορασίου
1508 199 1594 235 ζωῆς,
1622 199 1670 226 καὶ
1690 199 1737 234 τῆς
1753 202 1817 228 νόσω

210 255 343 287 mulieris,
358 257 504 287 utrumque
519 251 650 278 duodenis
664 250 818 277 dimensum
830 247 922 280 annis,
940 253 995 273 non

209 302 350 332 aberrare,
365 304 392 327 et
404 299 605 332 inconsequens
617 297 721 331 aliquid
738 303 752 322 a
769 294 907 329 proposito
923 292 995 320 vide-

210 355 270 374 mur
283 347 382 374 dicere.
405 345 471 372 Nam
487 344 607 379 quandiu
634 337 774 378 Synagoga
795 341 880 372 vixit,
903 340 996 367 tandiu

209 393 379 421 ethnicorum
395 390 538 418 multitudo
551 390 654 424 peccati
670 389 765 416 morbo
778 390 909 421 occupata
925 385 994 418 fuit;

213 443 304 473 postea
320 444 490 474 vero.quam
508 435 552 463 illa
573 435 599 462 in
615 433 819 461 Emmanuelem
844 436 885 460 est
900 431 998 458 debac-

209 483 300 514 chata,
316 487 342 509 et
357 489 404 516 per
419 481 603 509 inﬁdelitatem
617 484 734 512 mortua,
744 478 802 505 hac
813 477 866 504 fuit
877 485 891 504 a
903 476 997 504 morbo

210 529 264 565 63
280 529 405 555 liberata.
423 527 475 554 Sed
488 531 515 554 et
528 533 660 553 annorum
671 527 808 552 'numerus
827 523 927 550 indicat
938 530 998 557 qute

212 576 246 601 ad
264 581 361 601 sensus
376 577 404 600 et
425 577 531 606 tempus
549 571 686 603 attinent,
703 569 806 604 quibus
830 569 856 595 in
880 569 998 596 humana

211 626 306 647 natura
330 618 477 653 impietatis
498 617 610 645 morbus
630 616 745 644 invaluit
767 623 775 642 :
801 620 906 648 tempus
925 613 997 641 enim

210 665 393 700 septenarium
409 668 451 690 est
468 663 523 698 (81)
542 669 637 690 sensus
663 669 727 689 vero
741 661 893 696 quinarius.
921 659 997 692 Quod

211 718 274 738 vero
291 714 350 744 post
364 709 517 737 restitutam
530 707 676 734 immunda:
695 706 801 734 mulieri
816 704 997 732 valetudinem

212 755 341 783 defuncta
358 754 447 789 puclla
465 761 480 781 a
496 753 611 781 mortuis
626 753 790 787 restituitur,
805 758 840 778 ne
865 751 915 778 hoc
940 750 999 784 qui-

209 803 271 829 dem
311 801 345 828 ab
372 801 504 835 exquisita
532 799 663 835 allegoria
692 803 735 826 est
771 798 899 825 alienum.
932 796 998 823 Nam

213 855 223 872 ε
257 845 388 880 Reliquiae
418 845 500 872 salvae
526 844 591 871 ﬁent
616 844 659 877 ²⁰,
686 852 696 870 ›
725 843 801 878 juxta
828 841 998 877 Apostolnm,

1049 248 1097 282 τῆς
1111 247 1252 280 γυναικὶς,
1276 247 1317 278 εἰς
1345 247 1489 277 ἐνιαυτοὺς
1513 245 1698 282 μετρούμενον
1727 245 1770 271 δύο
1781 249 1818 273 ita".

1049 293 1126 325 δέκα,
1141 292 1171 318 οὐ
1189 291 1348 327 ξενιζόμεθα
1370 293 1439 326 πρὸς
1463 292 1494 318 τὸ
1516 291 1664 318 ἀκόλουθον
1678 291 1817 326 βλέποντες.

1050 340 1120 366 Καθ’
1135 341 1198 366 ὅσον
1214 339 1267 375 γὰρ
1278 338 1400 374 χρόνονή
1414 339 1559 373 συναγωγὴ
1574 338 1634 373 ἔζη,
1651 339 1668 372 ἡ
1681 338 1734 363 τῶν
1747 338 1819 364 ἐθνῶν

1057 385 1208 420 Ἐκκλησία
1230 386 1263 420 τῇ
1280 385 1350 420 νόσῳ
1367 385 1416 419 τῆς
1433 384 1570 419 ἁμαρτίας
1589 383 1745 417 συνείχετο·
1761 384 1819 409 ὲκεί-

1051 439 1099 466 νης
1112 430 1343 466 πεπαρῳνηκυίας
1358 430 1426 464 πρὸς
1440 429 1485 455 τὸν
1505 428 1693 464 Ἐμμανουὴλ,
1707 428 1752 454 καὶ
1766 430 1822 454 ἀπο.

1052 478 1186 513 θανούσης
1208 479 1241 512 τῇ
1265 477 1390 512 ἀπιστίᾳ,
1406 475 1475 511 αὓτη
1487 475 1534 502 τοῦ
1549 475 1703 510 νοσήματος
1717 475 1821 502 λέλυται.

1057 524 1137 551 Ἀλλὰ
1155 525 1202 551 καὶ
1215 525 1229 550 ὀ
1244 523 1298 550 τῶν
1313 523 1382 550 ἐτῶν
1397 522 1514 556 ἀριθμὸς
1533 522 1587 548 τῶν
1608 521 1674 556 περὶ
1686 521 1822 554 αἰσθήσεώς

1052 573 1121 602 ἐστι,
1135 571 1182 597 καὶ
1197 571 1293 605 χρόνου
1308 568 1466 604 δηλωτικὸς,
1485 568 1514 594 ὲν
1541 565 1582 599 οἷς
1609 567 1822 600 κατεκράτειτῆς

1052 618 1160 652 φύσεως
1175 617 1226 650 τῆς
1242 615 1369 647 ἀσεϐείας
1387 615 1417 642 τὸ
1442 615 1563 650 νόσημα·
1588 612 1764 646 ἑϐδομαδικδς
1778 613 1822 645 γὰρ

1051 666 1064 691 ὁ
1079 653 1186 698 γρόνος,
1200 661 1349 697 πενταδικὴ
1365 661 1393 687 δὲ
1403 662 1420 696 ἡ
1438 660 1564 694 αἴσθησις
1574 667 1582 675 ·
1611 659 1635 684 εί
1653 658 1683 684 δὲ
1697 658 1743 684 καὶ
1766 658 1822 692 μετά

1051 711 1100 744 τῆς
1113 709 1272 745 ἀκαθάρτου
1289 707 1337 742 τὴν
1358 706 1508 742 θεραπείαν
1529 705 1709 740 ήτεθνηκυῐα
1734 703 1824 738 ὲγεὶρε-

1051 766 1107 789 ται,
1128 756 1189 783 οὐδὲ
1210 755 1289 781 τοῦτο
1303 756 1336 789 τῇ
1353 753 1453 788 θεωρίᾳ
1470 751 1523 778 τῶν
1547 751 1740 786 ὲξητασμένων
1763 750 1824 775 ἐστὶν

1053 801 1252 829 ἀνακόλουθον·
1288 809 1297 825 ι
1315 799 1370 826 Καὶ
1396 799 1426 824 τὸ
1442 797 1619 831 κατάλειμμα
1644 796 1800 831 σωθήσεται,
1815 805 1822 820 ›

1053 846 1125 873 κατὰ
1139 847 1186 872 τὸν
1205 844 1379 875 Ἀπόστολον,
1406 852 1415 868 ι
1435 841 1601 872 εἰσελθόντος
1620 839 1669 866 τοῦ
1688 839 1825 873 πληρώμα-

217 902 226 918 ι
257 879 332 919 cum
351 893 474 927 ingressa
504 890 586 919 fuerit
612 890 732 925 gentium
757 889 896 924 plenitudo
925 888 958 914 ²¹.
990 897 998 911 ι

1069 902 1099 925 ος
1109 893 1164 919 τῶν
1180 891 1277 918 ἐθνῶν.
1297 901 1306 917 ι
1331 889 1419 917 ’Ἀλλὰ
1441 889 1468 915 τί
1483 888 1552 924 πρὸς
1566 888 1665 923 κλῆσιν
1681 887 1773 925 ἐθνῶν,
1788 888 1824 912 καὶ

212 936 266 964 Sed
291 937 355 971 quid
396 937 463 963 abeo
495 936 528 962 ad
564 935 736 962 vocationem
770 934 941 961 ethnicorum
975 937 1002 958 et

213 982 344 1016 reliquias
372 980 500 1008 lsraelis?
525 985 553 1008 et
576 985 690 1008 externa
712 979 933 1014 circumspiciens
959 985 1002 1004 me

213 1029 300 1062 ipsum
318 1035 370 1054 non
387 1027 466 1054 video
477 1027 526 1054 hac
535 1026 694 1053 narratione
709 1024 900 1060 descriptum?
916 1023 1003 1051 Ades-

212 1074 275 1101 dum
298 1074 324 1100 in
349 1074 460 1100 historia
477 1078 604 1107 tanquam
629 1072 656 1099 in
674 1072 783 1106 speculo
797 1071 910 1106 ﬁgamus
928 1077 1004 1097 men-

214 1121 246 1146 tis
257 1121 392 1152 obtutum,
404 1123 433 1146 ut
442 1119 627 1153 unusquisque
638 1124 760 1145 nostrum
770 1118 897 1144 miseram
908 1117 1004 1143 animae

213 1174 268 1193 suae
285 1165 470 1192 conditionem
489 1163 699 1191 animadvertat.
712 1161 812 1190 Eadem
828 1162 901 1189 enim
914 1161 1004 1189 anima

213 1216 239 1238 et
260 1210 357 1237 mulier
375 1210 518 1244 sanguinis
541 1207 674 1243 proﬂuvio
693 1208 841 1240 laborans,
864 1212 891 1234 et
916 1208 1004 1242 puclla

213 1261 275 1283 est:
293 1255 391 1283 mulier
411 1255 521 1290 quidem
539 1254 673 1290 sanguine
694 1253 796 1286 ﬂuens,
812 1253 875 1288 quia
889 1253 1004 1280 faculta-

215 1307 267 1329 tem
293 1302 345 1328 sibi
362 1302 454 1328 datam
471 1301 506 1328 ad
532 1300 682 1335 gignendos
708 1299 815 1334 piorum
834 1305 1003 1329 sermonum,

213 1353 240 1376 et
260 1349 392 1375 bonorum
417 1354 531 1382 operum
550 1346 655 1373 fructus
668 1365 676 1377 ,
702 1346 728 1372 in
745 1345 875 1372 ﬂuentem
899 1345 1006 1380 passio-

215 1401 278 1420 nmn
295 1392 438 1419 materiam
451 1391 522 1418 male
535 1391 678 1423 derivavit,
695 1395 722 1418 et
736 1391 837 1418 exilem
860 1391 1006 1417 virtutum-

215 1445 269 1473 que
285 1437 405 1465 sterilem
428 1437 566 1470 reddidit,
593 1441 621 1464 et
640 1436 725 1463 solam
752 1436 857 1470 peccati
882 1437 1006 1469 concepit

217 1484 422 1519 impuritatem:
436 1483 530 1510 eadem
545 1490 627 1517 porro
640 1482 730 1510 anima
742 1482 830 1516 puella
841 1487 882 1510 est
896 1487 1006 1517 propter

217 1530 401 1564 virginitatem
414 1549 422 1562 ,
440 1533 468 1556 et
481 1529 668 1556 castimoniam
682 1549 689 1562 ,
707 1533 734 1556 et
749 1533 861 1563 propter
875 1527 1002 1556 similitu-

215 1576 324 1607 dinem,
339 1583 422 1610 quam
449 1574 530 1602 habet
558 1582 619 1601 cum
635 1573 756 1608 perfecto
780 1573 851 1601 bono
864 1592 872 1606 ,
894 1580 955 1600 cum
970 1573 1005 1600 sit

216 1619 383 1654 incorruptis
398 1619 492 1646 idonea
508 1618 729 1653 nuptiis,etapta
741 1618 890 1654 spiritualis
906 1617 1006 1653 Sponsi

215 1665 363 1693 connubio.
391 1664 456 1692 Haec
470 1665 503 1692 ad
531 1665 632 1692 malum
656 1672 786 1692 conversa
810 1672 882 1699 mgra
897 1665 1007 1692 decum-

214 1711 297 1738 bebat
310 1711 336 1737 in
352 1710 475 1744 corporis
491 1711 582 1743 domo,
607 1715 780 1745 peccatorum
802 1710 898 1737 morbo
919 1710 1006 1737 febri-

214 1764 267 1791 que
281 1756 452 1783 conﬂictata:
469 1756 676 1791 ingravescente
707 1756 829 1783 sedenim
847 1756 918 1783 malo
934 1756 987 1783 vita
998 1776 1006 1790 ,

216 1809 276 1837 quae
305 1809 353 1836 per
381 1802 507 1829 virtutem
528 1801 648 1835 ducitur,
665 1801 770 1836 privata
795 1805 845 1829 est.
877 1801 1006 1835 Quaenam

215 1847 298 1882 igitur
313 1847 412 1875 salutis
425 1847 510 1882 spes?
524 1847 626 1882 Lugeat
637 1847 744 1875 animus
761 1851 888 1882 tanquam
910 1848 1007 1882 puella:

215 1898 308 1928 pater:
331 1893 461 1920 doleatet
486 1900 584 1921 sensus
602 1897 729 1927 tanquam
758 1893 841 1920 animi
862 1894 1007 1921 contuber-

215 1940 305 1972 nalis,
321 1945 351 1967 ut
375 1940 526 1967 animarum
552 1939 674 1967 medicus
697 1947 756 1967 eam
772 1939 848 1973 lapsu
869 1940 1006 1974 restituat,

215 1989 243 2012 et
268 1984 303 2012 ob
320 1984 346 2011 id
370 1983 528 2019 gaudebunt
550 1984 708 2019 angelorum
725 1984 884 2012 exercitus:
909 1994 919 2010 ‹
935 1984 1007 2012 Gau-

214 2029 288 2056 dium
312 2029 384 2056 enim
402 2033 445 2056 est
461 2029 487 2056 in
505 2029 575 2057 coelo
596 2035 677 2064 super
694 2036 747 2056 uno
760 2034 902 2064 peccatore
917 2031 1007 2064 poeni-

215 2074 329 2102 tentiam
352 2079 448 2108 agente
470 2075 509 2106 ",
530 2084 539 2100 ι
571 2079 598 2102 et
624 2081 756 2102 converso
784 2074 819 2102 ad
836 2075 939 2108 Deum,
963 2077 1006 2104 cui

215 2121 331 2148 debetur
345 2120 436 2148 omnis
451 2120 549 2155 gloria,
568 2121 655 2149 honor
667 2125 694 2148 et
708 2111 847 2149 veneratio
861 2121 889 2149 in
906 2122 1005 2150 sacula

213 2166 384 2195 saeculorum.
402 2167 499 2194 Amen.

519 2221 664 2249 llOMILlA
683 2221 732 2249 ΧΙ.

215 2268 254 2295 De
270 2269 421 2303 .egispert‘to
446 2268 625 2305 interrogante
646 2268 798 2305 Dominum,
822 2273 848 2295 et
863 2269 895 2296 de
909 2278 939 2297 eo
954 2271 999 2305 qui

493 2303 584 2329 incidit
601 2303 628 2329 in
645 2302 769 2330 latrones.

250 2358 308 2386 Non
326 2363 468 2393 tantopere
483 2357 611 2391 squalens
625 2379 632 2392 ,
657 2362 684 2385 et
700 2365 796 2393 aspera
809 2379 817 2392 ,
838 2365 865 2387 et
884 2360 1006 2388 arefacta

215 2411 286 2434 terra
293 2405 432 2432 caelestem
445 2405 546 2439 appetit
558 2404 683 2438 imbrem,
695 2409 824 2437 quantum
837 2395 889 2440 ego
898 2413 947 2433 ora
958 2413 1006 2434 ve-

213 2457 271 2479 stra
279 2450 335 2487 64
345 2451 437 2478 videre
444 2450 594 2485 cupiebam,
605 2458 621 2478 o
631 2450 684 2478 Deo
696 2451 885 2486 acceptissima
896 2453 1004 2481 concio.

213 2497 326 2530 Quando
339 2503 404 2524 vero
417 2496 462 2523 hic
477 2496 546 2530 apud
563 2504 610 2523 vos
625 2495 675 2528 fui.
693 2503 746 2524 non
762 2501 904 2532 tantopere
920 2497 1000 2525 ardo-

214 2550 271 2570 rem
291 2542 364 2570 sensi
385 2541 479 2576 :quod
496 2541 569 2569 enirn
585 2549 640 2576 prae
661 2542 784 2569 manibus
796 2563 804 2575 ,
828 2547 856 2569 et
870 2543 896 2569 in
913 2543 999 2570 oculis

215 2589 296 2615 situm
314 2591 367 2619 est,
396 2587 505 2621 segnius
536 2586 700 2614 desiderium
717 2591 820 2615 movet.
840 2586 907 2614 Cum
938 2595 1000 2615 vero

214 2633 364 2666 disjunctus
401 2639 475 2659 cram
503 2639 519 2659 a
542 2632 637 2664 vobis,
663 2633 760 2667 agnovi
793 2640 913 2660 amorem
943 2635 1002 2661 vio-

215 2679 316 2706 lentum
331 2685 392 2706 esse
417 2682 577 2712 tyrannum,
594 2681 622 2704 ut
646 2677 770 2712 proxime
796 2678 829 2705 ad
855 2679 997 2706 veritatem

1059 937 1254 974 Ἰσραηλιτικδν
1266 935 1365 971 βαδίζω
1378 931 1574 969 κατάλειμμα’;
1587 934 1634 959 καὶ
1650 931 1686 958 τὰ
1700 932 1751 964 ἕξω
1763 940 1825 966 περι-

1054 984 1173 1017 σκοπῶν,
1189 983 1307 1018 ὲμαυτὸν
1322 983 1371 1016 οὐχ
1383 981 1439 1016 ὁρῶ
1448 981 1487 1015 τῷ
1505 980 1657 1015 διηγήματι
1674 978 1824 1014 ζωγραφού-

1056 1038 1150 1066 μενον;
1167 1029 1252 1065 Δεῦρο
1264 1029 1306 1064 δὴ,
1316 1028 1353 1060 ὡς
1368 1029 1398 1053 ἑν
1415 1026 1573 1061 κατόπτρῳ,
1595 1027 1627 1060 τῇ
1658 1024 1762 1059 ἱστορίᾳ
1775 1024 1825 1050 ἐνα-

1052 1077 1212 1110 τενίσωμεν,
1246 1074 1289 1100 ἵνα
1317 1073 1443 1108 εὕρωμεν
1458 1070 1642 1105 ἕκαστος’τὴν
1671 1068 1720 1103 τῆς
1743 1067 1826 1094 ἑαυτοῦ

1053 1122 1142 1157 ψυχῆς
1154 1121 1300 1155 ἀθλιότητα
1312 1127 1319 1134 ⁸
1336 1121 1352 1155 ἡ
1368 1118 1438 1153 αὐτὴ
1449 1117 1504 1152 γὰρ
1517 1116 1603 1151 ψυχὴ,
1620 1115 1670 1143 καὶ
1683 1116 1827 1150 αἱμορρονς,

1054 1169 1101 1195 καὶ
1115 1167 1182 1202 κόρη
1197 1167 1281 1193 ἐστίν.
1317 1166 1361 1198 Ὠς
1377 1166 1427 1202 μὲν
1442 1167 1604 1202 αἱμόρρους,
1627 1167 1672 1192 ὅτι
1689 1165 1738 1201 τὴν
1757 1164 1828 1191 ὁοθεῖ-

1055 1221 1105 1239 σαν
1136 1213 1204 1248 αὐτῇ
1232 1212 1348 1246 δύναμιν
1364 1212 1403 1243 είς
1419 1211 1525 1245 γένεσιν
1538 1211 1625 1246 λόγων
1651 1212 1778 1242 εὐσεϐῶν,
1793 1210 1829 1236 καὶ

1055 1258 1182 1294 πράξεων
1211 1257 1322 1292 ἀγαθῶν
1347 1258 1388 1289 είς
1408 1257 1458 1293 τὴν
1482 1257 1570 1292 ῥοώδη
1585 1257 1641 1284 τῶν
1671 1256 1762 1283 παθῶν
1775 1256 1828 1290 ὓλην

1056 1305 1148 1336 κακῶς
1160 1304 1330 1338 ὑποσύρασοι,
1346 1303 1393 1330 καὶ
1409 1304 1506 1337 ἄγονον
1518 1303 1618 1338 ἀρετῆς
1634 1303 1781 1337 ποιήσασα,
1793 1303 1829 1328 12".

1055 1350 1176 1386 ἐξίτηλον
1189 1349 1272 1384 μόνην
1291 1349 1341 1384 τὴν
1359 1350 1409 1384 τῆς
1423 1349 1563 1384 ἁμαρτίας
1575 1348 1751 1384 ἀκαθαρσίαν
1766 1349 1830 1374 ἐκνο-

1056 1397 1159 1432 φόρησε
1170 1405 1178 1413 ·
1205 1396 1272 1431 κόρη
1287 1395 1315 1421 δὲ
1329 1396 1345 1430 ὴ
1361 1395 1430 1430 αὑτὴ
1452 1395 1526 1430 ψυχὴ
1551 1395 1595 1421 διὰ
1607 1395 1660 1430 τὴν
1685 1395 1828 1430 παρθενίαν,

1056 1444 1103 1470 καὶ
1121 1442 1305 1478 καθαρότητα,
1319 1442 1366 1468 καὶ
1381 1441 1430 1477 τὴν
1446 1442 1514 1476 πρὸς
1530 1441 1561 1468 τὸ
1586 1441 1730 1476 ἀκήρατον
1744 1441 1830 1474 ἀγαθὸν

1055 1490 1212 1524 ὁμοιότητα,
1237 1489 1328 1515 τελεία
1348 1488 1416 1515 οὖσα
1430 1488 1499 1523 πρὸς
1522 1487 1569 1514 τὸν
1595 1489 1734 1523 ἄχραντον
1747 1489 1829 1522 γάμον,

1057 1536 1104 1562 καὶ
1115 1535 1164 1570 τὴν
1193 1534 1238 1562 τοῦ
1267 1533 1364 1569 νοητοῦ
1381 1533 1500 1568 νυμφίου
1532 1540 1697 1567 συναφειαν.
1725 1532 1792 1567 Αὕτη
1804 1533 1829 1567 τῇ

1057 1581 1124 1616 πρὸς
1140 1580 1239 1608 κακίαν
1266 1581 1434 1616 παρατροπῇ
1451 1580 1589 1614 κλινήρης
1605 1579 1745 1613 ’ἐγεγόνει
1766 1579 1792 1604 ὲν
1804 1580 1828 1611 τῇ

1056 1626 1130 1663 οίκίᾳ
1157 1627 1204 1653 τοῦ
1223 1625 1351 1661 σώματος
1375 1627 1409 1661 τῇ
1427 1625 1481 1652 τῶν
1508 1625 1688 1660 ἁμαρτωλῶν
1708 1625 1830 1661 inﬁmi;

1057 1675 1243 1709 πυρέττουσα·
1269 1674 1532 1708 κατακρατήσαντος
1558 1672 1586 1699 δὲ
1611 1672 1663 1698 τοῦ
1687 1666 1830 1703 amiciti;

1057 1721 1117 1747 κατ’
1132 1720 1233 1755 ἀρετὴν
1250 1720 1322 1756 ζωῆς
1339 1719 1538 1755 ἀπεστέρηται.
1553 1719 1603 1750 Τίς
1615 1717 1665 1745 οὖν
1683 1720 1741 1744 ἐστι
1757 1725 1830 1751 σωτη-

1059 1766 1118 1801 ρίας
1135 1765 1230 1799 ὲλπίς;
1257 1765 1398 1800 Θρηνείτω
1422 1766 1436 1791 ό
1451 1764 1528 1797 νοῦς,
1544 1764 1582 1796 ὡς
1605 1764 1620 1790 ὁ
1632 1764 1685 1799 τῆς
1698 1764 1778 1798 κόρης
1790 1772 1831 1788 m-

1056 1814 1108 1848 τήρ
1118 1822 1124 1828 ·
1141 1812 1307 1847 συναλγείτω
1325 1812 1482 1848 ἡαῖσθησις
1504 1808 1548 1838 οἷα
1577 1811 1706 1842 σύνοικος
1718 1811 1760 1837 τοῦ
1774 1810 1829 1841 νοὸς,

1058 1859 1100 1886 ἵνα
1117 1859 1131 1885 ό
1145 1859 1199 1885 τῶν
1210 1858 1304 1894 ψυχῶν
1318 1858 1411 1894 ἰατρὸς
1427 1858 1568 1893 ἀναστήσῃ
1592 1857 1699 1891 ταύτην
1714 1857 1758 1883 τοῦ
1772 1858 1831 1882 πτώ-

1058 1913 1153 1940 ματος,
1168 1905 1216 1931 καὶ
1230 1905 1398 1939 χαρήσονται
1427 1903 1474 1931 ἐπὶ
1488 1903 1575 1938 τούτῳ
1591 1903 1618 1930 αί
1628 1904 1755 1938 οὐράνιαι
1765 1911 1830 1936 στρα-

1056 1951 1122 1978 τιαὶ.
1138 1960 1147 1977 ‹
1166 1950 1246 1985 Χαρὰ
1257 1950 1311 1986 γὰρ
1330 1950 1435 1984 γίνεται
1453 1951 1482 1976 ὲν
1499 1949 1608 1985 οὐρανῷ
1635 1950 1685 1976 ἐπὶ
1699 1949 1739 1975 ἑνὶ
1753 1949 1830 1982 ἁμαρ·

1055 1997 1134 2032 τωλῷ
1161 1996 1346 2032 μετανοοῦντι,
1372 1996 1420 2023 καὶ
1450 1996 1646 2030 ἐπιστρέφοντι
1672 1996 1713 2026 είς
1729 1990 1831 2026 Θεόϊῷ

1055 2043 1157 2078 πρέπει
1174 2043 1250 2069 πᾶσα
1278 2041 1354 2075 δόξα,
1365 2041 1433 2077 τιμὴ
1449 2042 1496 2068 καὶ
1512 2041 1704 2077 προσκύνησις
1725 2041 1762 2072 εἰς
1779 2040 1831 2070 τοὺς

1055 2089 1160 2120 αίῶνας
1175 2088 1229 2116 τῶν
1240 2088 1360 2115 αἰώνων.
1387 2087 1486 2123 Ἀμήν.

1350 2220 1474 2246 υΜΙΛΙΑ
1490 2219 1543 2246 lA’.

1054 2267 1124 2302 Περὶ
1145 2267 1200 2294 τοῦ
1220 2265 1430 2302 ἐρωτήσαντος
1449 2266 1502 2293 τὸν
1519 2266 1629 2302 Κύριον
1643 2267 1775 2301 νοχιικοῦ,
1790 2266 1830 2293 καὶ

1133 2302 1201 2336 περὶ
1218 2301 1271 2328 τοῦ
1285 2301 1473 2336 ἐμπεσόντος
1489 2303 1530 2333 εὶς
1545 2301 1617 2334 τοὺς
1633 2302 1760 2336 λῃστάς.

1093 2360 1130 2386 oo
1148 2358 1275 2386 τοσοῦτον
1285 2358 1426 2394 αὶχμώδης
1442 2359 1488 2393 γῆ,
1501 2359 1549 2385 καὶ
1561 2359 1681 2394 κραναῆ,
1697 2359 1741 2385 καὶ
1757 2358 1829 2385 κατά-

1058 2406 1139 2442 ξηρος
1155 2406 1209 2432 τῶν
1225 2405 1360 2440 οὐρανίων
1375 2405 1487 2440 όμὸρων
1509 2405 1626 2438 ἐφίεται,
1649 2405 1747 2432 ὁπόσον
1767 2404 1829 2438 ἐγλι-

1056 2453 1144 2488 χόμην
1161 2451 1243 2482 αὐτὸς
1255 2452 1304 2482 τὰς
1318 2451 1455 2486 ὑμετέρας
1469 2450 1546 2485 ὄψεις
1563 2451 1639 2484 ἰδεῖν,
1653 2451 1828 2485 θεοφιλέστατε

1056 2499 1178 2532 σύλλογε.
1200 2498 1297 2524 Ἠνίκα
1310 2497 1377 2532 γοῦν
1389 2497 1523 2532 παρήμην
1535 2498 1661 2524 ἐνταυθοῖ
1675 2498 1733 2534 μεθ’
1752 2497 1827 2532 ὑμῶν,

1052 2546 1082 2572 οὐ
1103 2544 1230 2572 τοσοῦτον
1255 2543 1414 2580 ᾐσθανόμην
1429 2544 1476 2570 τοῦ
1494 2543 1590 2571 πόθου.
1609 2545 1646 2571 "re
1664 2545 1718 2580 γὰρ
1734 2544 1829 2578 πρόχει-

1054 2599 1111 2625 ρον,
1136 2591 1184 2618 καὶ
1199 2590 1366 2625 βλεπόμενον
1382 2590 1469 2624 ἀργὸν
1487 2589 1528 2621 είς
1541 2589 1691 2625 ἐπιθυμίαν
1703 2599 1709 2605 ·
1722 2589 1827 2624 ὁπηνίκα

1054 2635 1082 2662 δὲ
1094 2634 1267 2670 κεχώρισμαι
1278 2635 1325 2669 ἀφ’
1343 2634 1432 2670 ὑμῶν,
1443 2635 1531 2668 ἔγνων
1543 2635 1590 2661 τὸν
1602 2635 1684 2662 πόθον
1695 2635 1739 2661 τὸν
1753 2634 1827 2669 βίαιον

1055 2680 1201 2716 τύραννον,
1213 2680 1250 2712 ὡς
1270 2681 1354 2715 ὲγγὺς
1381 2680 1513 2716 ἀληθείας
1532 2678 1602 2708 εἶναι
1617 2681 1647 2708 τὸ
1662 2681 1718 2713 τοῖς
1733 2679 1780 2712 ἔξω
1792 2678 1827 2704 λε-

249 2743 271 2759 "
290 2742 341 2770 lsa.
360 2743 400 2775 Χ.
413 2743 465 2776 22;
485 2743 565 2793 Rom.
585 2751 623 2778 lt,
639 2743 685 2771 27.
736 2744 758 2761 "
773 2743 853 2772 Rom.
870 2746 976 2779 x1,25.
1014 2747 1037 2763 "
1058 2747 1125 2775 Luc.
1145 2755 1189 2780 xv,
1211 2747 1254 2775 10.

826 2805 986 2837 Francisci
1004 2806 1109 2837 Scorsi
1128 2811 1222 2838 notae.

251 2851 307 2888 (8i)
329 2851 440 2887 Tempus
463 2854 532 2882 enim
558 2855 733 2889 septenarinm
755 2857 782 2885 1.
810 2856 878 2886 Vide
902 2860 972 2888 dicta
991 2860 1101 2888 homilia
1119 2861 1218 2896 prima,
1242 2865 1300 2889 not.
1324 2861 1369 2895 17,
1398 2865 1426 2889 et
1442 2860 1514 2892 infra
1529 2861 1605 2890 hom.
1621 2860 1668 2890 40.
