1850 3054
233 117 285 149 303

837 113 1082 145 THEOPHANIS
1101 114 1272 145 CERAllEl
1782 117 1819 148 3M,

233 174 420 209 uouSquisque
436 171 572 208 propriam
591 171 742 199 mercedem
760 171 874 207 accipiet
894 171 927 199 ²θ.
945 170 1008 199 Felix

1076 173 1190 203 ἕκαστος
1213 173 1259 199 τὸν
1285 173 1350 200 ἴδιον
1376 172 1474 208 μισθὸν
1498 173 1623 208 λήψεται.
1646 173 1768 209 Μακάριος
1784 178 1819 211 μὲν

231 221 314 256 igitur
337 219 382 246 ille
394 219 499 251 doctor,
516 217 561 252 qui
576 217 705 245 doctrinae
718 216 844 244 denarios
863 217 1019 253 adaugebit,

233 267 362 295 nimirum
387 272 448 292 cum
472 263 557 292 veluti
579 263 613 291 de
632 271 662 291 re
684 271 733 291 sua
758 263 906 291 domestica
925 271 1020 290 sanum

230 314 355 345 verbum,
375 316 402 340 et
416 312 498 339 vitam
519 311 576 347 69
589 310 672 339 verbo
691 314 899 338 consentaneam
917 311 1022 345 impen-

230 360 309 387 dcrit.
325 358 449 385 lnielices
464 364 527 384 vero
543 364 638 384 omnes
659 363 691 384 ac
705 356 873 384 miserabiles
886 356 973 391 juxta,
990 364 1023 383 ac

230 412 280 440 ego
295 410 366 437 sum,
380 402 426 438 qui
444 401 561 429 inaniter
582 401 609 428 in
628 407 693 428 aere
708 404 922 435 perstrepentes,
943 398 1020 434 quasi

229 458 266 478 aes
277 457 376 478 sonans
391 453 437 476 aut
447 447 599 483 cymbalum
610 447 740 480 tinniens,
751 446 889 474 dimidium
904 445 1023 474 cilicium

229 498 321 532 operis
339 496 415 528 boni,
430 500 458 524 et
472 495 530 530 ejus
552 493 622 530 quod
640 493 812 528 praestantius
829 497 880 526 cst,
898 496 1022 528 expertes

231 547 354 571 manent.
369 541 498 570 Parabola
512 537 593 576 igitur
602 541 740 568 hominem
750 540 865 575 lapsum,
877 543 904 567 et
916 539 1022 566 Domini

231 597 295 625 erga
329 596 379 617 nos
406 588 620 616 misericordiam
650 587 857 615 demonstravit.
887 585 1023 614 Describit

230 636 313 664 etiam
339 635 464 662 fortassis
487 639 514 661 et
539 641 594 666 me,
621 637 649 660 et
668 640 762 661 omnes
777 632 880 661 similes
894 633 958 666 mei,
976 632 1022 667 qui

230 689 306 709 suam
324 679 463 715 negligunt
478 679 603 707 salutem.
620 677 678 714 Ego
692 678 764 705 enim
782 678 827 706 ille
849 686 921 711 sum,
945 678 990 713 qui
1007 685 1022 705 a

208 756 212 761 ,
228 727 340 754 civitate
353 726 485 753 virtutum
499 725 582 752 veluti
599 724 633 752 ab
647 723 796 752 Jerusalem
810 724 1021 757 exterminatus,

229 778 257 800 ct
275 773 303 799 in
327 776 469 806 peccaturo
489 771 566 806 quasi
593 770 620 798 in
643 769 752 798 Jericlio
773 777 833 797 mea
851 773 947 805 sponte
960 776 1023 804 pro-

229 823 343 851 tractus,
367 822 394 846 et
416 819 444 845 in
468 816 576 852 publica
601 815 716 852 hujusce
740 815 802 843 vitae
823 815 909 843 viain
935 815 1021 843 malas

228 873 303 893 nteas
325 865 512 899 cogitationes,
538 863 612 892 velut
634 864 660 891 in
687 863 806 891 latrones
832 863 987 896 incurrens,
1006 870 1020 890 a
1035 848 1059 878 Β

229 911 337 946 quibus,
355 911 396 938 hei
416 910 499 937 niihil
515 910 636 937 honestae
652 908 714 936 vita:
727 909 882 937 actionibus
893 915 909 936 a
921 908 1021 936 virtute

229 956 360 990 profectis
372 960 470 984 exutus
480 955 594 991 apparui
606 955 705 987 nudus,
718 959 745 982 et
760 954 859 982 multas
873 961 888 981 a
902 955 1023 989 peccatis

230 1003 336 1029 inustas
353 1009 408 1037 prae
422 1009 465 1030 me
481 1002 580 1029 vibices
594 1000 696 1029 ferens.
711 1000 745 1028 Et
758 1000 865 1036 quidem
879 1001 1022 1029 semimor-

231 1054 292 1076 tuus
303 1048 445 1075 dimidium
462 1048 514 1076 mei
527 1047 637 1081 retinui,
655 1047 711 1075 sola
729 1055 778 1082 spe
793 1046 924 1075 incolumi
939 1046 1021 1075 comi—

230 1098 314 1121 tatus.
342 1092 478 1120 Sacerdos
505 1099 571 1120 vero
610 1097 638 1120 et
657 1091 749 1120 Levita
771 1099 813 1119 me
835 1091 1022 1127 praetergressi

229 1144 303 1166 sunt.
334 1138 401 1165 Nam
428 1144 457 1166 et
478 1139 578 1173 scripta
601 1138 653 1172 lex_
669 1142 696 1165 et
723 1138 855 1166 naturalis
876 1138 911 1165 ob
933 1145 1021 1166 meam

229 1185 441 1213 inobedientiam
467 1183 632 1220 imperfecta:
656 1189 855 1212 remanserunt.
881 1184 934 1212 Sed
958 1185 1022 1212 ades

229 1231 296 1266 ipse,
310 1238 327 1258 ο
337 1229 473 1265 Salvator,
485 1235 510 1258 et
527 1234 699 1265 praestantem
710 1230 782 1257 illam
796 1230 1020 1265 compositionem

229 1275 282 1302 olei
323 1280 350 1303 et
377 1275 432 1303 vini
461 1276 673 1304 misericorditer
699 1275 763 1303 milii
787 1276 904 1310 instilla;
928 1280 956 1303 et
973 1283 1022 1311 per

230 1321 390 1357 patientiam
416 1329 459 1349 me
486 1323 642 1358 corrigens,
672 1328 698 1350 et
727 1331 774 1358 per
804 1323 1020 1351 misericordiam

230 1368 388 1400 instruens,
417 1366 522 1402 ﬂagella
551 1375 594 1395 me
620 1369 768 1404 angoribus
799 1374 908 1404 propter
933 1376 1021 1396 meam

231 1415 441 1447 contumaciam,
459 1417 486 1441 et
504 1417 613 1448 propter
631 1413 844 1442 imbecillitatem
867 1421 911 1442 tua
929 1414 1022 1450 longa-

230 1460 353 1487 nimitate
386 1459 440 1487 mei
468 1459 609 1487 miserere.
644 1459 728 1487 lnduc
761 1468 805 1488 me
833 1460 860 1487 in
890 1460 1020 1488 virtutum

231 1504 430 1538 diversorium;
446 1504 563 1539 praecipe
576 1509 672 1532 sancto
686 1505 782 1540 angelo
793 1513 853 1533 meo
863 1507 979 1538 custodi,
992 1510 1022 1533 ut

230 1558 319 1578 meam
333 1550 449 1577 salutem
468 1554 562 1583 curet;
578 1555 605 1578 et
621 1550 703 1578 veluti
718 1551 786 1579 duos
810 1552 937 1579 denarios
958 1560 1008 1585 sup

229 1596 331 1632 peditet
342 1596 369 1624 in
381 1595 466 1624 Deum
493 1601 520 1624 et
537 1597 688 1631 proximum
702 1598 874 1625 cbaritatem.
891 1598 930 1624 Tu
948 1599 1020 1626 enim

229 1649 260 1669 es
270 1642 316 1676 qui
329 1642 500 1670 inﬁrmitates
514 1647 623 1679 nostras
634 1644 747 1678 curasti,
759 1648 786 1672 et
799 1645 852 1672 tuis
864 1645 1022 1673 vulneribus

229 1689 342 1715 vulnera
370 1692 463 1715 nostra
491 1689 642 1716 medicatus
669 1697 709 1723 es,
737 1691 784 1725 qui
807 1698 867 1718 cum
894 1691 974 1719 Patre
994 1696 1022 1719 et

231 1734 332 1768 Spiritu
359 1733 532 1767 glorilicaris,
560 1734 603 1761 cui
627 1734 740 1762 debetur
765 1736 854 1763 omnis
880 1736 967 1764 honor
989 1737 1020 1764 in

229 1779 338 1808 smcula.
354 1779 452 1808 Anien.

512 1836 653 1865 llOMlLlA
673 1837 729 1866 XII.

265 1884 304 1912 De
323 1884 445 1917 muliere,
461 1891 520 1919 qua;
536 1883 648 1911 habebat
668 1885 791 1919 spiritum
810 1885 984 1920 inﬁrmitatis.

270 1931 335 1958 Fuci
353 1939 386 1958 ex
399 1938 479 1965 apum
495 1938 593 1965 genere
611 1931 667 1966 (94)
682 1938 745 1959 sunt
758 1933 846 1968 ignavi
858 1938 885 1960 et
898 1934 1018 1966 inutiles,

229 1979 275 2014 qui
293 1977 337 2004 ubi
362 1978 454 2004 vident
478 1985 544 2012 apes
567 1978 600 2005 ab
616 1978 769 2006 alvearibus
789 1980 928 2008 avolantes
949 1986 976 2008 et
993 1982 1019 2008 in

230 2030 306 2059 prata
326 2023 461 2059 profectas
480 2023 548 2060 (95),
560 2025 689 2058 quidquid
706 2030 748 2053 est
765 2030 846 2053 tcntte
870 2032 898 2054 et
913 2027 1021 2062 lanugi-

230 2077 325 2097 nosum
340 2070 486 2097 decussum
500 2077 516 2096 e
534 2070 620 2097 media
643 2069 739 2098 ﬂorum
758 2079 835 2099 coma
855 2072 1019 2107 decerpere,

229 2123 263 2142 ex
279 2123 332 2150 quo
348 2115 446 2142 deinde
470 2115 557 2142 mellis
574 2116 743 2143 dulcedinem
768 2117 795 2145 in
809 2125 870 2145 cera
891 2119 996 2154 lingunt
1010 2128 1018 2147 :

232 2167 306 2195 tunc,
317 2162 371 2197 '70
387 2162 507 2196 inquam,
522 2162 547 2188 lii
561 2162 706 2195 latronum,
722 2171 770 2190 seu
787 2164 876 2198 potius
889 2164 979 2192 l’urutn
992 2166 1018 2192 in

1074 218 1121 246 οὖν
1134 219 1149 245 ὁ
1163 219 1336 250 διδάσκαλος,
1354 219 1383 251 ὃς
1399 219 1550 255 ὲπαυξήςει
1564 219 1600 245 τὰ
1617 219 1665 254 τῆς
1684 219 1819 254 διδασκαλίας

1073 263 1190 299 δηνάρια
1203 284 1209 295 ,
1225 263 1330 290 οἴκοθεν
1347 264 1581 299 προσδαπανήσας
1603 264 1679 297 λόγον
1691 265 1772 300 ὀρθὸν,
1787 269 1821 293 καὶ

1075 310 1133 345 βίον
1150 310 1190 345 τῷ
1208 310 1281 345 λόγῳ
1313 310 1472 337 ἀκόλουθον.
1501 310 1607 336 ’Ἀθλιοι
1631 309 1658 336 δὲ
1679 311 1700 336 el
1720 312 1767 338 κατ’
1786 314 1822 347 ἐμέ

1073 357 1174 388 πάντες
1194 357 1241 383 καὶ
1258 357 1369 383 δείλαιοι
1385 357 1548 392 ἐνηχοῦντες
1567 357 1607 389 είς
1631 357 1695 392 ἀέρα
1708 357 1745 384 διὰ
1763 359 1823 391 xcvi;

1073 402 1111 435 ὥς
1126 402 1226 438 χαλκὸς
1242 397 1327 438 ὴχῶῗι.
1353 403 1369 438 ἦ
1392 404 1582 439 περικτυποῢν
1597 403 1729 438 τύμπανον
1743 406 1765 437 ἐξ
1777 407 1825 440 ἡμιρ

1075 449 1150 480 σείας
1161 449 1190 476 τὺ
1203 449 1285 476 καλὸν
1301 449 1511 485 κατορθοῦντες,
1522 450 1569 476 καὶ
1586 450 1707 485 μένοντες
1721 451 1825 484 ἐλλειπεῖς

1073 495 1119 522 τοῦ
1142 495 1288 530 βελτίονος.
1320 495 1351 522 Ἦ
1367 496 1418 531 μὲν
1445 494 1492 523 οὖν
1514 496 1658 531 παραϐολὴ
1673 496 1718 531 τὴν
1732 497 1776 524 τῶν
1792 499 1827 524 ἀν-

1074 541 1192 576 Θρώπων
1206 541 1355 573 ἔκπτωσιν,
1369 542 1416 568 καὶ
1432 542 1462 568 τὸ
1483 542 1524 573 εἰς
1544 542 1617 576 ἡμᾶς
1633 541 1678 568 τοῦ
1697 542 1755 568 Θειῦ
1773 543 1827 574 ἕλεος

1074 586 1244 619 ἐπεδείξατο.
1274 586 1448 622 ’Υπογράφει
1474 587 1503 613 δὲ
1532 587 1603 622 τάχα
1631 587 1701 621 κάμὲ
1726 589 1767 614 καὶ
1782 589 1828 620 τοὺς

1075 631 1141 663 ἴσως
1159 632 1222 666 ἐμοὶ
1236 631 1285 667 τῆς
1304 632 1380 666 σφῶν
1394 632 1532 668 σωτηρίας
1548 633 1828 668 ὀλιγωρήσαντας.Ἒγὼ

1074 677 1129 713 γάρ
1148 678 1207 712 εἰμι
1221 679 1234 703 ὁ
1247 677 1374 713 καθάπερ
1389 678 1419 710 ἐξ
1440 678 1620 713 Ἰερουσαλὴμ
1631 678 1681 713 τῆς
1691 678 1739 704 τῶν
1749 678 1830 713 ἀρετῶν

1074 724 1180 756 πόλεως
1195 724 1430 760 ἐξοστρακισθεὶς,
1445 725 1574 760 καὶπρὸς
1590 725 1640 760 τὴν
1654 725 1702 759 τῆς
1720 725 1830 760 ἁμαρτίας

1081 769 1188 805 Ἰεριχὼ
1207 770 1368 805 αὑτομόλως
1392 769 1555 804 ὑποσυρεὶς,
1576 769 1624 797 καὶ
1640 770 1670 796 ὲν
1682 771 1713 805 τῇ
1729 769 1832 806 λεωφόρῳ

1074 817 1123 852 τῆς
1144 815 1227 851 ζωῆς,
1246 815 1284 847 ὡς
1305 815 1474 848 λωποδύταις
1496 816 1644 842 ὑποπεσὼν
1670 817 1721 847 τοῖς
1737 817 1831 850 ἐμαυτοῦ

1075 862 1204 896 πονηροῖ;
1224 861 1377 896 λογισμοῖς,
1396 861 1442 896 ὑφ’
1458 858 1495 888 ὧν
1511 862 1696 896 γυμνωσθεὶς,
1710 863 1783 897 οἶμαι,
1797 863 1832 896 τῆς

1073 905 1243 941 εὐσχήμονος
1279 905 1381 940 βιωτῆς
1418 902 1716 942 πράξεων“ὲναρέτων
1747 907 1833 942 ὡράθῃν

1073 953 1190 989 γυμνὸς,
1203 953 1305 985 πολλὰς
1318 953 1462 989 ἁμαρτιῶν
1477 954 1676 990 ἐπιφερόμενος
1693 954 1833 989 σμώδιγγες.

1078 999 1232 1035 Ἧμιθανὴς
1247 999 1275 1026 δὲ
1287 1000 1389 1034 γέγονα
1401 1000 1449 1027 καὶ
1464 1000 1613 1035 ἡμίτομος,
1629 1001 1713 1035 μόνην
1723 1001 1768 1036 τὴν
1777 1001 1834 1026 ἑλπί-

1073 1046 1107 1074 δα
1133 1045 1227 1079 ζῶσαν
1250 1047 1480 1082 περιφερόμενος.
1503 1047 1606 1082 Ίερεὺς
1631 1047 1660 1074 δὲ
1682 1048 1728 1074 χαὶ
1742 1047 1835 1081 Aspim

1073 1093 1262 1129 ἀντιπαρῆλθέ
1285 1102 1319 1129 με
1332 1102 1340 1109 ·
1357 1093 1404 1120 καὶ
1422 1094 1435 1120 ὁ
1453 1093 1568 1128 φυσικὸς
1584 1093 1640 1128 γὰρ
1658 1093 1736 1128 νόμος
1747 1113 1753 1124 ,
1775 1094 1836 1119 καὶὸ

1073 1141 1197 1176 γραπτδς
1214 1140 1244 1172 ἐξ
1258 1140 1329 1175 ἐμῆς
1347 1139 1491 1172 ἀπειθείας
1505 1141 1574 1167 ἀσυν
1581 1140 1665 1171 τελεῖς
1676 1139 1836 1173 ἐγεγόνεισαν.

1079 1186 1161 1213 Ἀλλὰ
1175 1186 1291 1221 πάρεσο,
1301 1186 1395 1221 Σῶτερ
1408 1185 1499 1218 αὐτὸς,
1514 1186 1563 1222 τὴν
1579 1185 1666 1221 καλὴν
1681 1185 1808 1219 συζυγίαν,
1816 1184 1838 1210 τὸ

1073 1232 1165 1258 ἔλαιον
1180 1231 1228 1258 καὶ
1245 1231 1290 1258 τὸν
1303 1229 1375 1258 οἶνον
1391 1230 1544 1266 συμπαθῶς
1561 1230 1716 1262 ἐπιστάζων
1733 1239 1783 1264 μοι,
1798 1237 1837 1264 μα-

1073 1277 1220 1313 κροθύμως
1232 1277 1361 1313 ἐλέγχων,
1378 1278 1424 1304 καὶ
1448 1278 1507 1312 μετ’
1531 1278 1623 1307 ἐλέους
1656 1277 1784 1303 παιδεύω-ί
1804 1284 1838 1310 με,

1075 1324 1217 1358 μαστίσων
1230 1324 1287 1355 τοῖς
1302 1325 1468 1359 πειρασμοῖς
1483 1323 1527 1350 διὰ
1541 1323 1591 1359 τὴν
1607 1323 1758 1354 ἀπείθειαν,
1773 1322 1838 1348 ἐλεῶν

1073 1372 1107 1406 τῇ
1124 1370 1303 1406 μακροθυμίᾳ
1318 1370 1362 1397 διὰ
1376 1371 1426 1405 τὴν
1440 1370 1595 1402 ἀσθένειαν,
1613 1369 1745 1404 εἰσάγαγε
1764 1377 1792 1404 με
1810 1369 1840 1399 si;

1072 1416 1103 1443 τδ
1118 1416 1171 1443 τῶν
1187 1417 1292 1451 ἀρετῶν
1309 1417 1479 1451 πανδοχεῖον.
1492 1416 1630 1443 Ἐντειλον
1647 1416 1687 1451 τῷ
1700 1414 1839 1450 φυλάττοντι

1075 1470 1109 1497 με
1126 1461 1196 1497 ἁγίῳ
1211 1463 1321 1497 ἀγγέλῳ
1346 1461 1547 1497 ἐπιμεληθῆναι
1570 1462 1621 1498 τῆς
1642 1461 1777 1496 σωτηρίας
1792 1469 1840 1495 μου,

1073 1507 1122 1534 καὶ
1137 1507 1175 1539 ὡς
1191 1508 1238 1535 δύο
1250 1508 1368 1544 δηνάρια
1381 1508 1537 1544 χορηγῆσαι
1556 1516 1601 1543 μοι
1631 1508 1684 1542 τὴν
1705 1508 1744 1539 εἰς
1764 1507 1788 1533 σὲ
1806 1506 1841 1531 καὶ

1076 1554 1122 1580 τὸν
1137 1553 1252 1589 πλησίον
1267 1555 1389 1590 ἀγάπην.
1407 1554 1444 1580 Σὺ
1462 1554 1516 1589 γὰρ
1530 1554 1544 1580 ὁ
1560 1555 1610 1585 τὰς
1623 1553 1767 1583 ἀσθενείας
1781 1552 1841 1586 tati)!

1077 1599 1261 1635 θεραπεύσας,
1280 1601 1327 1627 καὶ
1342 1601 1376 1627 τὰ
1394 1600 1539 1636 τραύματα
1557 1601 1615 1632 τοῖς
1631 1601 1691 1631 σοῖς
1708 1599 1841 1634 τραύμασιν

1077 1647 1236 1682 ἰασάμενος,
1248 1648 1262 1674 ὁ
1276 1647 1326 1674 σὺν
1342 1647 1430 1682 Πατρὶ
1445 1647 1493 1673 καὶ
1515 1646 1658 1681 Ιινεύματι
1675 1646 1841 1680 δοξαζτὶμενος<

1075 1689 1097 1727 ᾦ
1110 1694 1212 1730 πρέπει
1225 1695 1299 1720 πᾶσα
1314 1694 1381 1729 τιμὴ
1396 1695 1436 1725 εἰς
1450 1694 1514 1726 τοὺς
1529 1693 1643 1725 αἰῶνας,
1667 1693 1764 1728 Ἀμήν.

1375 1842 1501 1868 OMIAIA
1515 1842 1563 1868 lB’.

1162 1888 1232 1922 Περὶ
1250 1887 1305 1921 τῆς
1323 1887 1459 1922 ἐχούσης
1473 1887 1591 1922 πνεῦμα
1605 1887 1777 1919 ἀσθενείας.

1113 1934 1144 1960 υί
1158 1935 1280 1970 κηφῆνες
1303 1931 1373 1965 εἶδός
1395 1934 1633 1968 ὲστι-μελλισσῶν
1657 1934 1744 1968 ἀργόν
1764 1942 1790 1959 τε
1813 1931 1841 1958 xi

1075 1981 1221 2016 ἄχρηστον.
1239 1977 1318 2008 Οὗτοι
1339 1979 1406 2014 γοῦν
1427 1980 1546 2014 ὁπηνίκα
1572 1981 1621 2012 τὰς
1646 1980 1778 2015 μελίσσας
1799 1979 1839 2005 0ξᾶ

1075 2034 1168 2053 σαιντο
1181 2027 1233 2053 τῶν
1240 2026 1361 2062 σίμϐλων
1371 2027 1573 2061 ἀφιπταμένας,
1588 2026 1633 2053 καὶ
1648 2026 1717 2061 πρὸς
1729 2026 1838 2060 λειμὼν]

1073 2073 1230 2109 χωρούσας,
1256 2074 1303 2099 καὶ
1325 2073 1498 2109 δρεπομένας
1513 2073 1569 2098 τῶν
1587 2073 1694 2099 ἀνθέων
1710 2073 1741 2098 τὸ
1757 2072 1841 2097 tum

1073 2121 1121 2147 καὶ
1139 2120 1255 2154 χνοῶδες
1279 2120 1327 2155 τῆς
1342 2121 1370 2146 ὲν
1386 2121 1419 2155 τῇ
1441 2120 1518 2155 μέσῳ
1534 2120 1621 2154 κόμης
1639 2118 1812 2154 ὲκτιναχθὶν,
1829 2118 1838 2142 ὲ

1073 2164 1104 2194 οὗ
1119 2167 1339 2202 κηροπλαστοῦσι
1357 2166 1404 2193 τοῦ
1422 2167 1529 2201 μέλιτος
1544 2167 1593 2201 τὴν
1606 2165 1778 2200 γλυκύτητα,
1789 2172 1841 2198 τηνι

231 2215 335 2235 morem
353 2208 515 2240 insilientes,
539 2212 568 2235 et
587 2208 613 2235 in
636 2208 726 2236 alveos
750 2209 910 2239 invadentes
929 2211 1006 2240 clabo

1076 2199 1165 2241 καῦτα
1181 2213 1206 2240 oi.
1221 2214 1344 2248 κηφῆνες
1360 2199 1433 2239 οὗτοι
1449 2199 1615 2247 λῃστρικῶς,
1630 2211 1736 2246 μᾶλλον
1748 2211 1776 2238 δὲ
1786 2210 1841 2245 δίκη

230 2260 320 2281 ratum
332 2261 400 2288 opus
409 2253 559 2280 clanculutn
573 2255 655 2281 edunt
665 2254 732 2288 (96);
745 2255 788 2282 ulti
801 2263 865 2283 vero
875 2257 1020 2286 redeuntes

229 2299 351 2326 sentiunt
361 2305 436 2333 apes,
447 2299 646 2326 irremeabilcnt
657 2300 911 2337 capessunll‘ugam,
922 2303 1021 2338 quippe

267 2359 290 2374 ⁸ο
309 2358 317 2385 l
339 2357 401 2384 Cor.
423 2364 465 2388 ttt,
485 2356 513 2384 8.

1073 2259 1199 2287 κλεπτῶν
1230 2259 1456 2294 εἰσπηδήσαντες,
1481 2259 1528 2284 καὶ
1547 2259 1616 2293 πρδς
1638 2258 1674 2285 τὰ
1697 2257 1798 2292 σίμϐλα
1811 2264 1841 2290 χιιι

1075 2306 1208 2342 ρὴσαντες
1236 2304 1290 2331 τῶν
1321 2303 1467 2339 μελιττῶν·
1484 2303 1534 2339 τὴν
1552 2304 1693 2338 γεωργίαν
1723 2302 1841 2339 ἁρπαλέω

850 2404 1011 2436 Francisci
1028 2406 1132 2436 Scorsi
1149 2396 1242 2438 notas.

267 2458 324 2492 (91.)
348 2456 416 2482 Fuci
435 2461 468 2492 ea;
494 2461 574 2492 apum
594 2460 697 2492 genere.
727 2453 881 2487 bcriptmcs
912 2455 1024 2489 apiaria:

232 2494 272 2520 rei
295 2489 422 2527 κηφῆνας
438 2489 541 2527 αργορς
557 2489 746 2527 fucosignaws
764 2494 871 2527 vocant,
888 2497 939 2527 qua
952 2498 1022 2527 voce

232 2530 315 2555 utitur
325 2524 458 2557 hostenet
464 2533 513 2552 nos
520 2525 614 2551 Latina
624 2524 846 2558 interpretatione
852 2525 1021 2553 concinimus

234 2563 380 2598 Virgiliauo
393 2561 506 2588 carmini
529 2558 622 2594 Georg.
637 2566 663 2585 tv
677 2563 702 2585 et
723 2558 836 2586 Aitteid.
851 2567 870 2592 ι,
887 2560 933 2586 ubi
949 2560 1019 2588 idem

231 2599 361 2632 repetitur
376 2604 468 2632 versus
481 2604 488 2622 :

284 2633 410 2668 Ignavum
428 2630 501 2668 fucos
519 2638 595 2668 pecus
612 2638 628 2668 ᾳ
644 2629 805 2668 prwsepibus
821 2637 919 2658 arcent.

232 2665 316 2695 Arist.
334 2672 411 2694 vocat
430 2666 549 2700 νωθροὺς
577 2665 759 2699 οιάκέντρους
776 2672 865 2701 segnes
880 2670 907 2693 et
928 2667 1020 2693 aculeo

232 2711 332 2736 cassos,
342 2701 376 2728 ob
389 2708 470 2735 quam
483 2701 674 2736 proprietatem
688 2705 761 2727 recte
776 2707 866 2728 noster
876 2702 919 2728 hic
933 2702 1021 2733 aitet;

231 2739 336 2774 ἄμυναν
351 2737 439 2763 ὲλοείν
464 2735 696 2774 οὑνδρνασοαιηαιί
708 2743 735 2762 se
751 2736 942 2770 defendendum
956 2744 1020 2774 con-

231 2770 303 2808 gredi
321 2780 372 2799 non
389 2778 482 2805 posse;
502 2770 615 2804 ideoque
636 2772 670 2799 ab
688 2778 769 2806 apum
786 2780 903 2800 occursu
921 2771 1017 2806 profu-

249 2816 306 2834 ere.

232 2819 325 2877 W523)
346 2841 378 2868 ιη
392 2845 468 2876 prata
483 2840 625 2875 profectas.
637 2841 737 2870 Desunt
750 2841 807 2869 liazc
826 2844 908 2871 verba
924 2843 951 2871 in
966 2851 1021 2871 uno

1077 2456 1147 2494 θοὰς.
1163 2458 1210 2484 καὶ
1225 2459 1296 2494 ςπρὺς
1321 2458 1458 2493 λειμῶνας
1472 2458 1633 2494 χωρούσας;
1652 2459 1763 2486 reddidi
1778 2464 1841 2486 tame

1076 2500 1110 2519 cx
1178 2498 1209 2529 et
1217 2491 1262 2527 GI,
1277 2495 1304 2520 in
1317 2491 1417 2529 quibus
1429 2501 1460 2520 ea
1472 2491 1615 2527 leguntur.

1111 2527 1169 2563 (96)
1191 2527 1347 2556 Clanculum
1367 2529 1458 2556 edunt.
1482 2529 1546 2555 Fuci
1571 2528 1698 2562 quamvis
1721 2529 1841 2557 conﬁciat

1075 2562 1163 2600 favos,
1178 2564 1334 2598 perﬁciendi
1351 2569 1440 2600 tamen
1464 2565 1552 2591 mellis
1576 2564 1711 2600 facultate
1733 2573 1788 2591 non
1808 2572 1841 2599 po

1074 2598 1150 2632 lent;
1166 2600 1256 2632 sed,ut
1269 2599 1428 2626 Aristmeles
1444 2601 1493 2631 ait,
1503 2598 1649 2626 vescuntur
1661 2603 1722 2626 tum
1737 2598 1841 2633 ίυείίιω

1075 2634 1200 2669 ipsorum
1214 2634 1279 2668 pulli
1297 2635 1374 2661 melle
1385 2635 1457 2669 quod
1473 2642 1538 2668 apes
1551 2634 1734 2661 elaborarint.
1752 2636 1782 2662 ld
1798 2642 1841 2669 quc

1074 2669 1177 2696 diserte
1194 2668 1327 2697 Hesiodus
1344 2670 1369 2696 in
1385 2668 1544 2704 'l‘lieogonia
1559 2677 1566 2696 :

1079 2715 1121 2742 Ὀἱ
1137 2715 1165 2742 δ’
1177 2714 1287 2742 ἔντοσθε
1305 2715 1430 2750 μένοντες
1445 2716 1491 2751 ἐπὶ
1506 2715 1607 2750 ρεφέας
1626 2716 1700 2742 κατὰ
1716 2715 1841 2751 σίμϐλους

1081 2751 1234 2785 Ἀλλότριον
1250 2751 1374 2786 κάματον
1391 2750 1525 2786 σφετέρην
1545 2751 1585 2782 εἰς
1601 2752 1718 2786 γαστέρ’
1733 2750 1841 2786 ἇμῶντσ

1073 2797 1107 2824 At
1122 2797 1162 2824 illi
1175 2798 1248 2825 intus
1264 2803 1445 2832 permanentes
1459 2797 1589 2831 cooperti:
1608 2798 1635 2824 in
1649 2798 1782 2826 alveariis

1075 2833 1194 2860 Alienum
1210 2834 1327 2860 laborent
1342 2840 1417 2860 suum
1437 2833 1464 2859 in
1481 2837 1595 2860 venti-rm
1610 2837 1727 2861 metunt.
