1850 3054
35 118 68 150 36]

690 115 853 146 HOMILIA
873 115 940 145 XVI

1574 118 1626 150 362

34 184 43 200 ‹
56 173 112 199 Ὀσα
124 169 245 206 ηὐξάμην
263 168 396 196 ἀποδώσω
412 177 453 195 σοι
466 178 472 185 ·
490 177 501 195 ο
527 169 574 196 καὶ
598 170 661 205 περὶ
680 169 789 204 Ἰεφθάε

883 171 916 197 od
951 169 1090 205 fugitivum
1127 169 1288 205 Prophetam
1311 170 1451 198 audiamus
1489 171 1622 199 diccnlcttt

35 220 137 248 θῦσαντος
151 216 198 250 τὴν
210 215 305 247 παῖδα,
321 215 429 251 φησὶνὴ
446 215 554 251 Γραφὴ,
568 215 606 248 ὥς
621 215 729 243 ἐτέλεσε
740 216 789 252 τὴν

32 263 96 298 av)th
106 261 192 289 αὐτοῦ.
229 260 311 288 Ἀλλὰ
331 261 358 287 τί
376 261 445 296 πρὸς
472 261 606 296 ἀλλήλους
633 260 789 292 ἁπειδόντξς

33 309 93 343 ὑμεῖς
105 305 287 333 συνεστείλατε
301 305 351 336 τὰς
365 304 468 340 ὀφρῦςς
484 304 579 341 Οἶμαι,
594 305 644 340 τὴν
666 306 788 341 ἱστορίαν

32 354 115 381 ἐοίκατε
128 352 234 386 ἀγνοεῖν
245 360 251 366 ·
266 346 326 378 ἀλλ’
337 351 361 377 εἰ
388 350 436 378 καὶ
462 350 602 386 πάρεργος
616 352 633 386 ἡ
648 351 790 386 ἀφήγησις

32 399 83 434 πρὸς
95 397 137 433 τὴν
149 396 336 432 προκειμένην
350 396 491 430 ὑπόθεσιν,
505 396 582 430 ὅμως
600 395 739 432 ἐπιτεμὼν
753 396 791 431 τῷ

30 445 84 478 λόγῳ
93 443 122 469 τὰ
139 442 249 470 πλείονα
259 441 443 478 ἐπιτροχάδην
466 441 570 477 ταύτην
585 442 652 478 ὐμῖν
663 442 791 478 διηγήσο-

30 497 74 523 μαι.

58 575 145 610 Ίεῳθάε
159 574 192 610 ἦν
215 575 387 612 Γαλααδίτης
403 575 486 610 ἀνὴρ,
510 575 673 612 ἀποτεχθεὶς
696 576 747 612 μὲν
761 576 792 609 ὲξ

30 622 136 657 ὲτιιρίδος
149 621 264 656 μητρὸς,
283 621 399 657 εὐσεϐὴς
419 621 448 648 δὲ
466 621 514 648 καὶ
529 621 615 653 πολὺς
629 620 680 656 τὴν
693 621 790 658 ίσχύν.

30 667 92 699 Οὗτος
105 667 196 703 κριτὴς
212 668 337 703 κατέστη
363 667 465 700 παντὸς
478 668 527 695 τοῦ
544 668 611 696 λαοῦ
622 675 628 684 '
659 676 792 704 κατετρο-

31 715 93 740 mito
102 714 126 740 δὲ
139 713 198 740 τότε
208 713 256 740 τὸν
270 713 381 749 Ἰσραὴλ
403 714 431 740 ’Δ
437 712 518 749 μμὼν
531 715 546 740 ὁ
560 713 711 749 ἀλλόφυλος
723 721 731 729 ⁸
744 713 793 741 καὶ¹

29 761 52 787 τὰ
64 760 103 795 μὲν
114 759 162 786 τῶν
176 759 314 795 Ἐϐραίων
327 758 362 796 ἦν
377 760 406 787 ὲν
425 759 511 796 στενῷ
537 760 636 796 κομιδῇ
651 767 659 776 ”
673 760 688 787 ὁ
699 760 729 787 δὲ
744 759 792 787 ἁλ-

30 806 117 839 tam»;
128 804 206 840 ᾔρετο
220 806 255 840 τῇ
274 805 348 841 νίκῃ,
366 805 414 833 καὶ
438 805 597 841 ὺπέροφρυς
613 803 659 841 ἦν.
683 806 712 833 '0
725 805 792 841 γοῦν

843 215 918 242 Deo:
937 223 946 240 ι
962 215 1134 249 Quaecunque
1159 215 1232 248 vovi,
1245 215 1355 242 reddam
1382 215 1478 249 tibi",
1503 225 1512 242 ι
1540 221 1567 245 et
1591 219 1624 245 de

842 259 938 294 Iephte
965 261 1136 288 sacriﬁcante
1158 261 1239 288 ﬁliam
1273 268 1359 288 sacrae
1390 260 1500 289 Littera:
1535 263 1626 290 dicunt

841 306 950 340 fecisse,
966 306 1034 333 sicut
1052 311 1163 334 voverat
1178 307 1211 334 '”.
1227 307 1280 334 Sed
1313 306 1376 341 quid
1389 309 1457 334 alter
1470 308 1500 334 ad
1515 308 1627 336 alterum

843 359 894 380 ora
908 353 1076 384 obvertistis,
1088 356 1116 380 et
1132 353 1278 387 supercilia
1301 353 1494 380 c0ntraxistis?
1525 353 1614 389 signiﬁ

843 399 921 431 catis,
940 403 970 425 ut
988 398 1117 431 arbitror,
1134 399 1275 426 historiam
1296 398 1440 434 ignarare;
1461 399 1507 426 sed
1533 407 1630 434 quam-

843 444 885 472 vis
897 444 957 478 ejus
973 445 1093 472 narratio
1111 452 1162 472 non
1177 445 1312 480 pertineat
1331 445 1362 471 ad
1389 446 1556 480 propositum
1587 454 1630 472 ar-

842 494 1009 524 gumentum,
1043 495 1133 518 tamen
1171 491 1363 524 compendium
1394 491 1484 518 verbis
1518 491 1630 524 faciens,

840 536 945 564 cursim
961 543 1020 564 eam
1031 536 1108 564 vobis
1125 543 1271 572 exponam.

878 581 976 618 Jephte
986 583 1026 610 vir
1038 582 1194 610 Galaadites
1211 582 1262 609 fuit
1281 591 1288 610 :
1303 587 1329 609 et
1350 589 1502 617 quanquam
1522 591 1556 611 ex
1576 592 1632 611 ma-

845 631 886 655 tre
901 628 1044 656 meretrice
1058 634 1146 662 natus,
1168 629 1267 662 pietate
1298 633 1387 656 tamen
1416 634 1442 656 et
1472 629 1631 658 fortitudine

843 673 999 709 praestabat.
1012 673 1152 710 Hicjudex
1168 675 1214 702 toti
1230 674 1330 709 pepulo
1347 679 1470 710 praeerat.
1490 675 1575 704 Porro
1584 684 1632 711 per

844 719 871 747 id
884 723 989 754 tempus
1004 719 1120 747 Ammon
1133 720 1281 755 alienigena
1309 721 1455 756 subegerat
1481 720 1629 749 lsraelem:

845 769 927 800 atque
943 765 970 792 in
985 773 1096 801 magnas
1107 767 1246 801 angustias
1262 766 1378 795 deducta
1392 774 1436 795 res
1454 767 1630 795 Hebraeorum

844 815 914 837 erat.
930 809 1086 846 Alienigena
1099 819 1163 838 vero
1182 811 1226 838 ille
1237 811 1348 839 victoria
1374 812 1460 840 elatus
1483 813 1632 841 insolesce-

34 850 115 886 Ίεςρθάε
132 850 247 885 στρατὸν
267 851 435 886 συναγείρας
463 851 544 886 ἁδρὴν
568 852 792 886 καταστρατηγεῖ

882 855 1018 891 t.'.lephte
1041 857 1123 892 igitur
1139 864 1252 891 magnas
1281 857 1372 892 copias
1400 864 1511 886 coactas
1537 865 1630 886 contra

30 898 61 923 τὸν
73 896 203 923 ἀντίπαλον
213 904 221 912 ⁵
238 896 311 924 ἀλλὰ
325 897 395 932 πρὸς
410 897 460 932 τὴν
475 896 630 933 παράταξιν
653 897 733 931 ἐξιὼν
747 899 793 925 εὐ-

30 943 66 979 χὴν
75 941 165 978 ηὔξατο
178 943 218 976 τῷ
240 942 315 979 Θεῷ,
331 944 360 970 οὐ
377 943 448 971 πάνυ
468 943 513 971 τδν
529 943 609 978 λόγον
624 944 793 980 περισκεψά-

31 997 101 1023 μενος,
115 988 159 1021 ὡς,
173 988 198 1014 el
214 988 323 1022 γένοιτο
347 989 401 1015 τῶν
424 988 532 1025 ἐχθρῶν
545 989 694 1026 ἐγκρατὴς,
712 991 741 1017 ὲν
753 990 792 1026 τῷ

31 1034 183 1068 ὺπονοστῆσαι
197 1034 253 1061 ἀπὸ
268 1034 318 1061 τοῦ
349 1034 470 1070 πολέμου
489 1034 535 1061 τδν
553 1035 688 1070 πρότερον
717 1035 793 1069 ἐξελ-

31 1080 90 1107 om:
99 1080 140 1115 τῆς
154 1081 252 1112 οίκίας,
268 1081 318 1108 καὶ
334 1081 541 1116 συναντήσαντα
555 1081 742 1108 ὁλοκαυτῶσαι
753 1081 792 1117 τῷ

31 1126 66 1160 τῆς
76 1126 141 1160 νίκης
153 1127 232 1162 αίτίῳ
252 1127 325 1162 Θεῷ.
343 1127 476 1154 Ἦττᾶται
495 1125 542 1154 οὖν
554 1128 568 1153 ὸ
588 1127 712 1163 Ἀμμὼν,
727 1136 793 1163 κρα-

31 1174 82 1199 seio
98 1173 207 1209 Ἰσραὴλ,
223 1174 274 1200 καὶ
285 1174 349 1204 τοὺς
361 1173 530 1208 ἀλλοφύλους
545 1173 683 1205 διοδεύσας
701 1173 794 1209 ληῖζε-

32 1227 71 1250 ται,
83 1219 123 1246 καὶ
138 1220 151 1246 ὁ
163 1219 318 1254 στρατηγὸς
333 1218 458 1246 ἐπάνεισι
478 1221 511 1255 τῇ
530 1219 594 1255 νίκῃ
613 1221 659 1246 καὶ
678 1220 735 1251 τοῖς
746 1219 794 1247 λα-

34 1266 106 1299 φύροις
122 1285 128 1296 ,
154 1265 191 1296 ὡς
221 1264 307 1296 είκὺς.
328 1265 574 1300 λαμπρυνάμενος.
604 1265 690 1300 Καὶὴ
715 1265 793 1298 πόλις

32 1309 226 1344 εὸιγγελισθεῖσα
235 1310 264 1336 τὸ
273 1310 405 1344 τρόπαιον
416 1310 530 1344 διεχεῖτο
541 1311 616 1336 πᾶσα
628 1310 696 1345 πρὸς
707 1310 795 1337 ἁπαν-

34 1357 77 1390 τὴν,
91 1357 151 1390 μετὰ
167 1355 267 1390 χορῶν,
283 1356 332 1382 καὶ
344 1355 495 1390 τυμπάνων
515 1355 560 1382 τὸν
575 1355 730 1390 στρατηγὸν
746 1356 793 1382 ὲκ-

34 1399 207 1430 θειαζουαα.Τὸ
224 1399 246 1426 δ’
267 1399 396 1426 ἐντεῦθεν
416 1399 472 1434 ἔχει
498 1408 526 1426 τι
544 1399 706 1434 σκυθρωπὸν
724 1401 794 1435 ἠδι-

35 1446 115 1480 mm.
136 1445 287 1479 Θυγάτριον
318 1443 353 1480 ἦν
382 1445 421 1481 τῷ
455 1445 561 1481 Ἰεφθάε
579 1446 734 1480 μονογενὲς,
747 1447 795 1475 καὶ

35 1490 87 1524 μάλα
98 1490 184 1521 καλὸν,
199 1491 251 1525 ἤδη
267 1490 317 1517 τοῦ
328 1492 418 1526 γάμου
427 1491 475 1525 τὴν
484 1491 558 1526 ὥραν
570 1491 642 1526 ἕχον.
657 1491 792 1528 Ἓπ¹αὑτῇ
807 1517 828 1548 C

35 1535 53 1548 ςι
69 1535 124 1548 ηιμ-
143 1536 152 1548 ι
173 1536 262 1548 _-_-__
279 1536 329 1548 ,μ
342 1536 454 1548 ικλιβμΑ
467 1537 581 1548 μέμ..-
614 1537 625 1548 ι.
642 1537 734 1548 ηιμ
748 1538 791 1548 μ,-

35 1535 54 1561 δὲ
68 1535 125 1571 μόνῃ
142 1536 155 1562 ὁ
172 1536 265 1571 πατὴρ
279 1536 329 1567 τὰς
341 1536 454 1568 ἐλπίδας
465 1537 596 1568 ἐσάλευε,
612 1537 735 1572 διάδοχον
748 1538 793 1564 τοῦ

35 1580 116 1613 γένους,
131 1581 176 1607 καὶ
196 1580 369 1616 κληρονόμον
397 1581 502 1615 ταύτην
527 1581 600 1614 ἕξειν
626 1582 793 1617 ἡγούμενος·

35 1626 85 1660 τάχα
97 1635 141 1653 που
152 1627 198 1654 καὶ
213 1629 254 1659 είς
270 1628 301 1653 τὸ
318 1627 390 1662 ἱερὸν
404 1628 577 1663 προσφοιτῶν
592 1628 646 1655 ἀπὸ
666 1630 716 1664 τῆς
731 1636 796 1655 παι-

36 1672 65 1702 Pl;
78 1672 203 1707 ἁπήρχετο
213 1672 269 1699 τῶν
286 1673 386 1708 εὐχῶν.
404 1673 479 1709 Αὕτη
494 1674 542 1700 τοῦ
561 1674 661 1708 φῦντος
679 1675 796 1709 εὐαγγε-

36 1718 130 1745 italides
144 1720 176 1745 τὰ
187 1720 319 1754 τρόπαια,
333 1721 380 1747 καὶ
389 1721 476 1756 χαρᾶς
489 1720 707 1754 ὐποπλησθεῖσα,
721 1721 796 1753 ἐξαν-

37 1764 116 1790 ίσταται
131 1765 198 1799 μάλα
214 1766 336 1800 γοργὼς,
353 1767 398 1792 καὶ
411 1766 557 1800 νυμφικῶς
573 1767 673 1802 ἑαυτὴν
687 1768 794 1802 κοσμή-

36 1819 96 1840 qm.
108 1811 185 1842 ἔξεισι
199 1811 246 1838 τοῦ
264 1812 399 1846 Θαλάμου,
413 1812 523 1839 πάντων
550 1813 613 1843 τοὺς
637 1812 796 1848 ὀφθαλμοὺς

35 1855 62 1889 τῷ
74 1855 154 1882 κάλλει
168 1856 352 1891 ἐπισπωμένη
371 1857 439 1891 πρὸς
452 1856 565 1891 ἑαυτήν.
588 1855 794 1891 Ἐπιταχὺνασα

36 1899 69 1928 ei»
79 1901 120 1936 τὴν
135 1902 246 1937 πορείαν
259 1902 357 1938 πρώτη
370 1902 409 1937 τῷ
425 1902 510 1937 πατρὶ
519 1902 659 1937 δυστυχῶς
673 1903 793 1937 ἀπαντᾷ,

845 901 953 930 hostem
969 902 1052 933 ducit.
1071 910 1101 930 ac
1121 910 1280 938 progressus
1294 903 1320 930 iu
1338 904 1423 931 aciem
1443 909 1533 931 votum
1560 907 1632 933 vovit

844 947 911 980 Deo,
931 955 983 975 non
996 948 1061 975 satis
1077 949 1157 975 verba
1171 948 1348 976 considerans
1360 949 1428 984 (71),
1458 949 1480 977 si
1513 951 1631 978 hostium

845 995 988 1029 potiretur,
1009 995 1164 1031 quicunque
1186 996 1290 1031 primus
1318 1003 1443 1030 egressus
1472 997 1551 1025 domo
1580 998 1630 1025 sibi

845 1050 860 1070 e
873 1042 944 1070 bello
961 1048 1107 1070 revertenti
1121 1045 1279 1078 procederet
1292 1044 1411 1078 obviam,
1427 1053 1489 1073 eum
1511 1045 1632 1073 victoria:

846 1089 951 1116 auctori
964 1089 1018 1116 Deo
1034 1088 1061 1116 in
1076 1088 1264 1117 holocaustum
1279 1097 1292 1116 a
1309 1097 1339 1117 se
1361 1089 1541 1118 oﬂ‘orendnm.
1569 1089 1631 1118 Vin-

846 1133 915 1161 citur
930 1141 994 1169 ergo
1007 1135 1133 1167 Ammon,
1160 1137 1241 1168 atque
1260 1133 1345 1162 Israel
1367 1139 1478 1162 strenue
1502 1143 1558 1163 rem
1587 1143 1634 1170 ge‘

844 1186 918 1212 reus,
930 1187 962 1207 ac
973 1187 1139 1214 persequens
1153 1179 1256 1214 praedas
1270 1181 1324 1214 agit
1338 1188 1345 1207 :
1366 1184 1393 1207 et
1405 1181 1458 1207 dux
1478 1181 1591 1208 victoria
1606 1187 1632 1209 et

845 1225 951 1260 spoliis,
965 1229 993 1252 ut
1012 1233 1061 1260 par
1076 1231 1145 1258 erat.
1159 1226 1323 1260 conspicuus
1339 1225 1419 1253 redit.
1436 1226 1475 1253 Ac
1493 1227 1587 1254 civitas
1600 1228 1633 1254 dc

846 1272 984 1307 triumpho
1002 1273 1101 1300 certior
1119 1273 1187 1299 facta
1201 1271 1284 1299 ell‘usa
1296 1277 1337 1299 est
1362 1273 1450 1300 omnis
1485 1274 1509 1300 in
1536 1279 1633 1301 occur-

849 1324 920 1350 sum,
935 1317 1025 1345 choris
1049 1324 1082 1345 ac
1110 1317 1245 1353 tympanis
1269 1317 1364 1344 ducem
1390 1319 1423 1345 ad
1457 1318 1553 1345 coelum
1580 1319 1633 1346 tol-

848 1363 920 1390 lens.
952 1363 1087 1391 Caeterum
1120 1363 1223 1398 reliqua
1251 1364 1371 1391 narratio
1406 1364 1525 1391 continet
1557 1365 1634 1392 triste

847 1409 974 1444 quiddam
992 1409 1125 1436 :ﬁliolam
1139 1408 1236 1444 Jephtc
1255 1409 1375 1442 unicam,
1403 1413 1430 1437 et
1459 1409 1550 1444 specie
1568 1410 1634 1437 insi-

847 1461 939 1488 gnem,
952 1461 984 1482 ac
999 1455 1101 1490 nuptiis
1112 1454 1168 1489 jam
1185 1459 1319 1482 maturam
1332 1455 1458 1482 habebat.
1471 1455 1499 1482 lu
1512 1456 1568 1491 ipsa
1579 1464 1634 1483 una

847 1507 908 1534 spes
922 1508 984 1529 suas
999 1501 1118 1536 agitabat
1131 1506 1216 1536 pater,
1232 1508 1312 1536 quam
1330 1506 1358 1529 et
1371 1509 1455 1544 genas
1473 1507 1636 1537 propagatu-

847 1553 914 1578 ram,
927 1550 953 1573 et
967 1547 1151 1574 haereditatem
1165 1546 1290 1574 inituram
1307 1547 1452 1581 cogitabat.
1469 1547 1501 1574 Et
1511 1547 1636 1576 fortassis

845 1592 878 1618 ad
897 1592 1025 1626 templum
1049 1599 1110 1619 cum
1136 1592 1294 1625 ventitaret,
1317 1597 1379 1620 vota
1412 1592 1602 1627 auspicabatur
1619 1601 1634 1620 a

846 1636 911 1664 (ilia.
930 1637 992 1664 llzec
1007 1638 1040 1664 de
1051 1637 1171 1672 parentis
1188 1637 1295 1672 tropteis
1314 1637 1403 1664 laetum
1428 1638 1553 1665 nuntium
1574 1646 1636 1666 cum

848 1683 1007 1718 accepisset,
1032 1683 1129 1718 gaudio
1150 1683 1268 1711 delibuta
1294 1683 1421 1711 oeissime
1457 1684 1573 1719 prosilit,
1608 1689 1636 1711 et

846 1737 952 1764 sponsa:
967 1729 1018 1756 ritu
1037 1734 1165 1757 exornata
1183 1738 1198 1758 e
1224 1729 1341 1757 thalamo
1355 1729 1492 1765 egreditur
1514 1730 1635 1758 omnium

847 1777 873 1802 in
887 1783 915 1802 se
931 1776 966 1803 ob
982 1775 1211 1810 pulchritudinem
1225 1775 1319 1804 oculos
1335 1779 1455 1804 vertens.
1475 1777 1561 1812 Igitur
1585 1777 1637 1804 iter

847 1820 1004 1848 aecelerans
1017 1821 1140 1848 omnium
1160 1821 1247 1856 prima
1262 1821 1368 1856 parenti
1386 1820 1529 1850 infeliciter
1543 1829 1638 1849 oecur-

847 1866 939 1899 rit;et
960 1873 1020 1893 cum
1047 1866 1201 1894 reverentia
1229 1865 1408 1902 ﬂagrantique
1439 1866 1537 1894 allectu
1566 1867 1636 1895 collo

847 1912 904 1946 ejus
919 1912 1061 1946 implicito,
1072 1902 1258 1947 gratulationis
1271 1913 1352 1940 verba
1374 1913 1503 1941 emittens
1532 1913 1637 1942 salvere

36 1949 249 1984 κιὶπεριὸαλοῦσα
270 1951 317 1976 τὸν
333 1950 435 1984 αὐχένα
448 1950 509 1984 μετ’
526 1950 631 1983 αίδοῦς,
649 1951 697 1978 καὶ
710 1951 794 1978 πόθου

882 1958 966 1985 oebat.
988 1957 1027 1984 Ad
1044 1959 1100 1985 hanc
1114 1957 1210 1992 Jephte
1223 1957 1371 1993 ingemuit;
1391 1963 1428 1990 et,
1443 1958 1492 1985 llei
1506 1959 1581 1991 mihi,
1596 1959 1638 1985 iu-

37 1993 113 2029 θερμοῦ
125 1997 317 2031 κατησπάζετο
338 1996 536 2031 χαριστηρίους
556 1996 668 2030 ἀφιεῖσα
689 1997 794 2031 φωνάς.

37 2040 87 2075 Πρὸς
99 2042 176 2068 ταῦτα
186 2042 315 2077 ὀἿεφθάε
326 2041 469 2076 ἀνῴμωξε,
483 2043 543 2075 καὶ,
561 2041 653 2077 οἴμοι,
663 2041 795 2078 θύγατερ,

37 2084 102 2118 εἶπεν,
130 2089 167 2114 ὅτι
199 2097 229 2114 σε
263 2087 431 2115 καταθύσειν
446 2088 576 2124 ηὐξάμην
605 2088 675 2123 Θεῷ.
708 2089 740 2115 ΕΙ
755 2088 794 2121 δὲ,

847 2003 916 2038 quit,
933 2002 996 2032 tilia.
1018 2002 1089 2036 quod
1109 2002 1163 2030 Deo
1172 2006 1199 2030 te
1213 2003 1275 2030 vovi
1290 2003 1492 2031 immolandam.
1510 2003 1562 2031 Sed
1574 2005 1636 2031 hei!

849 2048 912 2074 audi
930 2047 1043 2081 virginis
1066 2047 1190 2081 ingenuae
1205 2054 1311 2078 vocem.
1327 2052 1354 2075 et
1366 2056 1371 2060 '
1384 2048 1504 2083 pulchra
1525 2057 1637 2084 genero-

848 2100 893 2120 sos
906 2092 1016 2126 spiritus
1029 2092 1171 2119 considera
1179 2092 1326 2127 paululum.
1340 2091 1396 2128 96
1407 2092 1496 2120 Primo
1513 2100 1568 2120 rem
1582 2098 1638 2120 tam

37 2132 125 2159 hewn
141 2134 267 2168 εὐγενοῦς
296 2134 433 2170 παρθένου
461 2134 572 2170 φωνῆς·
590 2133 648 2161 ἀλλ’
676 2134 794 2161 ἐνταῦθα

882 2137 1016 2172 opinatam
1027 2137 1139 2165 audiens
1156 2143 1274 2164 mmrore
1290 2142 1361 2174 tacta
1380 2142 1421 2165 est
1441 2146 1448 2165 :
1465 2144 1526 2173 past
1545 2146 1573 2166 se
1597 2139 1639 2174 ip-

38 2179 110 2204 σκὰπει
131 2188 178 2214 μοι
193 2180 306 2214 εὐγενὲς
324 2179 454 2214 φρόνημα
474 2179 610 2215 παρθένου
626 2180 722 2215 καλῆς.
741 2180 794 2207 Μι-

882 2171 906 2210 m
924 2183 1042 2218 collegit,
1065 2187 1104 2216 et,
1130 2183 1202 2211 omni
1218 2191 1233 2211 a
1245 2191 1274 2211 se
1292 2171 1408 2211 eicusso
1429 2183 1536 2216 timore,
1555 2188 1639 2212 totam

38 2223 84 2256 χρὸν
97 2225 313 2259 ὲπιστυγνάσασα
323 2225 362 2260 τῷ
375 2225 524 2260 παραλόγῳ
534 2225 584 2260 τῆς
597 2225 683 2260 ἀκοῆς
697 2225 797 2253 ἀνέλα-

38 2267 70 2293 ϐεν
81 2269 175 2306 ἑαυτὴν,
188 2271 237 2298 καὶ
247 2272 340 2297 πᾶσαν
351 2271 454 2297 δειλίαν
462 2271 492 2303 ἐξ
500 2271 600 2306 ὲαυτῆς
613 2270 796 2305 ὲκόάλλουσα,

38 2314 71 2347 ὅλη
83 2317 122 2343 τοῦ
136 2318 270 2353 πατρικοῦ
294 2318 447 2354 θελήματος
465 2318 581 2353 γίνεται.
613 2318 755 2354 Ἀγχουσα
769 2319 797 2346 δὲ

38 2362 61 2386 τὰ
71 2362 160 2397 δάκρυα
186 2365 239 2390 τῶν
259 2364 409 2399 osanna»;
439 2363 634 2398 ἐπιγενόμενα,
651 2361 694 2390 οἷα
711 2363 740 2390 δέ
755 2372 798 2395 τις

39 2407 120 2444 ιίιρινὴ
140 2410 225 2445 ἀηδὼν
253 2411 354 2437 unum
372 2410 512 2446 μυρομένη
528 2410 610 2445 ᾠδὴν,
627 2409 719 2445 ἠρέμα
742 2418 800 2442 πως

40 2453 118 2486 {sum
142 2456 178 2490 τῷ
210 2457 314 2492 πατρί·
333 2457 434 2490 Πάτερ,
452 2457 476 2482 εἰ
494 2457 524 2482 ὲν
545 2456 607 2491 ἐμοὶ
632 2455 743 2497 ἧνοιξας
768 2455 799 2482 τὸ

63 2512 270 2548 “Jonzexr1,l0.
314 2514 410 2543 "Jud.
429 2522 484 2546 ut,
504 2514 552 2543 59.
571 2521 576 2525 '

850 2237 880 2257 se
908 2230 1027 2265 parentis
1053 2230 1185 2257 voluntati
1225 2229 1358 2265 permisit.
1398 2229 1546 2266 Lacrymas
1575 2239 1639 2259 vero

850 2284 883 2303 ex
907 2277 993 2304 oculis
1024 2276 1175 2312 reprimens
1204 2277 1259 2312 jam
1280 2281 1467 2313 erumpentes;
1499 2282 1525 2305 et
1551 2278 1639 2313 qualis

851 2328 935 2349 verno
948 2313 1067 2356 tempore
1081 2323 1194 2350 luscinia
1215 2322 1273 2358 ('72)
1293 2322 1399 2358 lugubri
1425 2322 1560 2350 cantilena
1590 2323 1639 2351 de-

851 2367 960 2401 plorans
977 2368 1082 2403 placide
1094 2373 1198 2403 patrem
1220 2373 1261 2397 est
1283 2369 1401 2397 allocuta
1418 2377 1425 2395 :
1451 2369 1540 2402 Pater,
1560 2369 1582 2396 si
1611 2369 1640 2397 in

851 2420 941 2439 meum
966 2419 1047 2449 caput
1074 2421 1105 2441 os
1126 2419 1200 2441 tuum
1227 2414 1343 2442 Domino
1370 2415 1513 2450 aperuisti,
1541 2415 1641 2449 perﬁce

851 2458 985 2492 quomodo
1001 2464 1093 2487 votum
1108 2459 1272 2494 nuncupasti
1288 2463 1375 2487 tuum.
1401 2458 1463 2493 Quo
1487 2465 1566 2494 pacto
1597 2459 1638 2487 al-

625 2548 789 2580 Francisci
809 2549 915 2581 Scorsi
931 2553 1024 2580 notae.

66 2609 110 2642 171)
128 2609 183 2636 Non
205 2612 269 2637 satis
295 2611 372 2637 verba
400 2609 581 2637 considerans.
607 2609 794 2636 Temerarium

42 2643 101 2679 igitur
117 2643 205 2679 IIephte
221 2651 313 2673 votum
334 2645 419 2672 fuisse
444 2647 484 2672 his
509 2645 599 2671 verbis
617 2644 738 2670 insinuat
754 2646 797 2671 hc

42 2677 112 2711 l’ater,
121 2677 260 2714 etquidem
274 2688 346 2713 vere,
360 2682 432 2714 quod
442 2680 561 2707 ostendit
579 2679 692 2707 Suarius
705 2685 797 2705 uoster

44 2718 90 2740 trm.
111 2715 128 2741 ll
145 2715 178 2742 De
200 2716 337 2750 religione.
362 2717 408 2742 lib.
426 2723 455 2745 ll.
479 2722 538 2748 cap.
557 2714 601 2746 l0,
624 2714 669 2741 ubi
692 2715 724 2750 de
748 2715 798 2741 hoc

44 2749 140 2775 subtilius
153 2748 258 2784 qnzerit.
270 2751 388 2777 Habctur
405 2752 430 2776 id
446 2751 528 2776 etiam
544 2756 575 2776 ex
590 2752 685 2776 sancto
701 2748 797 2776 Hiero-

45 2790 113 2817 nymo,
127 2785 169 2812 hb.
183 2794 190 2812 ι
205 2788 303 2812 (.omra
319 2785 488 2812 Joviniununt
501 2804 508 2814 ,
534 2792 629 2818 parum
653 2789 715 2811 ante
741 2792 797 2810 me-

45 2820 108 2852 dmn,
118 2821 157 2849 ubi
169 2822 204 2848 ait
214 2821 377 2855 reprehendi
389 2820 496 2847 solitum
509 2819 606 2852 Jephte
624 2821 659 2847 ab
678 2819 799 2848 llebra‘is

198 2868 336 2900 Pnaon.
354 2868 412 2900 Gn.
433 2866 590 2897 CXXXII.

851 2611 905 2638 voti
924 2609 1061 2637 temerarii
1080 2618 1087 2636 :
1103 2610 1171 2637 Nam
1184 2611 1207 2637 si
1220 2609 1457 2644 canis,inquiunt.
1472 2610 1641 2643 orcurriuel,

851 2646 873 2672 si
889 2646 992 2678 asinus,
1012 2646 1075 2679 quid
1088 2646 1183 2679 faceret
1193 2645 1206 2672 7
1218 2652 1246 2673 et
1258 2643 1397 2680 subjungit
1409 2652 1417 2671 :
1430 2643 1471 2680 Ea:
1481 2652 1532 2679 quo
1550 2646 1642 2672 volunt

850 2678 1047 2714 dispensatione
1066 2678 1112 2706 Dei
1129 2680 1242 2714 factum,
1253 2686 1281 2706 ut
1298 2678 1342 2714 qui
1357 2678 1508 2712 imperfecte
1522 2687 1640 2711 voverat,

851 2723 966 2749 errorem
984 2716 1034 2742 υοέὶ
1049 2717 1076 2742 in
1092 2716 1154 2749 ﬁlia
1168 2721 1249 2742 marte
1271 2715 1389 2742 sentiret.
1408 2714 1471 2740 Haec
1488 2722 1521 2741 ex
1548 2716 1642 2742 [lucro-

852 2757 943 2784 uymo.
959 2750 1030 2776 Idem
1047 2751 1127 2784 igitur
1144 2751 1185 2777 'de
1208 2751 1259 2777 hoc
1282 2755 1344 2776 voto
1360 2750 1444 2776 sentit
1462 2749 1505 2776 hic
1535 2756 1642 2782 auctor,

851 2793 913 2812 cum
929 2792 990 2812 cuin
1006 2793 1058 2812 non
1073 2791 1140 2812 satis
1157 2786 1236 2812 verba
1256 2784 1406 2819 dispexisse
1422 2785 1498 2811 dicit.

886 2820 945 2855 (72)
960 2819 1044 2848 Vento
1056 2825 1171 2855 tempora
1181 2820 1301 2845 lumini".
1319 2819 1383 2848 Vide
1395 2819 1517 2853 hmu.vl,
1528 2826 1584 2848 not.
1598 2821 1640 2848 L3.

1407 2865 1445 2894 12
