1883 3053
204 183 254 216 331

802 184 1047 214 ΤΗΕΟΡΗᾹΝΙΞ
1064 185 1236 215 CERAMEI

1775 181 1833 213 ’.Ξῖ-2

206 242 372 274 denotabat,
395 243 466 276 quod
485 241 584 268 bonum
606 249 670 269 sane
690 241 790 274 indicio
807 242 879 268 circa
897 243 994 268 bonum

1066 243 1117 273 ίας,
1131 243 1160 268 οὺ
1178 242 1289 268 δύναται
1309 241 1372 267 ἰδεῖν
1387 239 1432 266 τὸν
1443 241 1510 267 Θεόν
1525 249 1532 256 ·
1548 240 1571 267 εξ
1589 240 1616 267 δὲ
1630 241 1680 275 τῆς
1695 239 1836 274 ἁμαρτίας

205 288 306 315 erranti
322 288 441 318 videtur,
465 295 493 314 re
513 292 601 314 autem
621 295 695 319 vera,
714 288 813 314 malum
830 293 889 321 est;
912 289 951 314 sic
967 293 994 314 et

207 333 265 365 l'psa
283 338 442 366 sycomorea
467 331 556 362 planta
581 331 648 358 licus
665 332 772 366 quidem
799 338 908 367 apparet
926 332 993 366 (60),

211 380 238 400 et
256 380 344 401 tamen
364 375 449 409 reipsa
475 376 541 402 licus
565 384 616 402 non
642 382 693 404 est.
718 377 785 403 Dum
804 377 884 411 igitur
901 377 995 404 subter

1047 287 1201 321 ὑπεραρθῇ,
1218 286 1266 313 καὶ
1277 286 1410 320 κρείττων
1421 285 1524 320 ταύτης
1543 286 1624 320 ὀφθῇ.
1647 286 1698 319 ὁρᾷ
1713 285 1758 311 τὸν
1777 293 1837 318 φω-

1047 332 1160 366 τοδότην
1186 331 1300 366 Ἰησοῦν,
1319 331 1369 366 τὴν
1390 331 1477 363 ὅντως
1497 332 1636 366 σωτηρίαν
1653 331 1837 365 ὲκφωνοῦσαν

1047 378 1121 413 αὐτῷ
1134 387 1140 394 ι
1160 388 1169 404 ‹
1188 379 1312 414 Σήμερον
1329 379 1450 414 σωτηρία
1462 378 1500 413 τῷ
1516 378 1584 412 οἴκῳ
1605 387 1662 406 σου.
1681 387 1690 404 I

207 428 404 456 sycomOream,
418 423 468 449 hoc
483 428 523 449 est
537 423 633 450 subter
653 429 793 458 peceatum
823 425 956 460 quispiam
987 425 1033 458 sit,
1055 427 1137 453 Drum
1156 427 1248 453 videre
1265 431 1317 453 no‘n
1339 432 1425 460 potvst
1443 436 1449 453 :
1467 427 1488 453 si
1511 435 1575 454 vino
1595 436 1625 454 se
1639 435 1721 462 supra
1738 434 1840 461 pecca-

206 472 264 494 tum
282 468 379 501 elevet,
400 475 425 496 et
442 470 566 503 superior
582 470 627 496 illo
642 471 775 502 videatur,
790 470 843 504 iam
859 471 990 505 conpicit
1010 471 1077 499 lucis
1097 472 1218 499 datorem
1241 471 1344 504 Jesum,
1365 476 1392 499 et
1421 479 1494 504 eum,
1511 472 1557 506 qui
1593 477 1636 499 est
1658 479 1720 498 vera
1744 472 1836 502 sdus,

207 515 341 542 dicentem
358 515 409 542 sibi
426 525 432 543 :
450 525 460 541 ι
474 515 560 543 Hodie
576 517 647 543 salus
661 517 749 543 domui
770 523 821 544 tua:
834 517 905 545 facta
919 522 985 544 θεία

246 571 256 587 ‹
267 560 424 595 Suspiciens
438 562 508 588 enim
519 561 608 594 Jesus,
619 562 715 596 inquit,
724 562 790 589 vidit
803 563 888 596 illum,
899 567 925 590 et
938 563 994 590 ait:

208 606 348 640 Zacehaee,
371 606 501 634 festinans
523 608 665 641 descende,
679 609 739 640 quia
762 608 841 635 hodie
865 609 891 635 in
915 609 996 636 domo

210 660 253 681 tua
275 659 384 687 oportet
409 662 451 680 me
467 662 589 680 manere.
606 664 615 680 ι
633 654 656 681 Ο
672 655 778 681 beatam
795 663 900 686 vocem,
913 663 994 689 quam

210 701 356 728 Zacchmns
372 700 493 731 audivit;
521 708 537 727 ο
559 701 676 728 divinam
694 701 719 728 in
738 702 860 728 homines
874 702 1002 736 hcnigni-.

211 751 294 773 tatem
309 766 317 778 ,
341 754 401 779 qua:
427 746 560 780 publicani
590 747 668 773 fidem
690 747 830 774 celeritate
856 748 994 781 prtevenit.

210 791 296 817 Simul
313 791 386 817 enim
411 799 472 817 eum
491 791 557 818 vidit
575 791 712 825 paululum
734 799 749 818 e
773 793 889 819 terrenis
906 792 998 819 subla-

212 842 279 867 tutn,
298 837 330 863 ad
351 844 381 863 se
394 842 470 863 vocat
489 837 624 864 hominem
642 838 789 871 perditum,
805 837 928 864 fiduciam
943 839 996 864 im-

212 883 329 916 pertiens
345 882 395 915 illi,
410 883 454 917 qui
473 883 547 917 loqui
568 891 621 909 non
644 884 769 911 audebat.
789 884 833 911 Sic
846 889 873 911 et
890 885 916 910 in
932 893 996 920 pro—

1088 571 1097 587 ι
1118 562 1284 597 Ἀναϐλέψας
1297 562 1362 598 γὰρ,
1385 562 1478 597 φησὶν,
1494 563 1508 588 6
1535 561 1640 596 Ἰησοῦς
1656 559 1725 588 εἶδεν
1738 562 1836 594 αὑτὸν,

1050 608 1095 634 καὶ
1116 605 1178 634 εἷπε
1196 615 1203 622 ·
1230 609 1361 643 Ζακχαῖε,
1380 607 1502 639 σπεύσας
1527 607 1662 642 κατάϐηθι
1681 615 1688 622 ⁶
1715 610 1840 642 σήμερον

1050 655 1104 689 γὰρ
1119 655 1146 680 ὲν
1163 654 1200 689 τῷ
1223 655 1290 689 οἴκῳ
1305 663 1351 680 σου
1367 655 1408 680 δεῖ
1430 663 1465 688 με
1491 655 1591 687 μεῖναι.
1612 663 1620 678 ι
1638 652 1674 680 Ὤ
1695 654 1840 689 μακαρίας

1050 701 1151 735 φωνῆς,
1164 698 1197 737 ἧς
1208 701 1221 725 ὁ
1236 701 1370 735 Ζακχαῖος
1391 700 1564 734 ὐπήκουσενί
1580 698 1614 725 Ὢ
1633 699 1725 733 θεῖκῆς
1743 701 1841 733 φιλαν-

1050 745 1173 780 θρωπίας
1200 746 1341 780 φθασάσης
1359 747 1392 780 τῇ
1419 746 1551 780 ’παχύτητι
1579 745 1625 771 τοῦ
1646 745 1763 771 τελώνου
1791 746 1842 779 τὴν

1033 789 1159 818 ’πίστινῑ
1180 791 1266 826 Ὀμοῦ
1280 791 1334 827 γὰρ
1357 790 1427 817 εἶδεν
1444 791 1524 818 αὐτὸν
1542 793 1642 825 μικρὸν
1664 792 1719 818 τῶν
1735 793 1841 826 γηΐνων

1051 837 1253 872 ὑπεραρθὲντα,
1268 838 1314 864 καὶ
1329 837 1525 873 προσκαλεῖται
1548 837 1593 864 τὸν
1607 837 1779 868 ἀπολωλότα,
1795 839 1843 864 καὶ

1052 883 1213 917 μεταδίδωσι
1231 882 1349 917 θάρσους
1372 883 1409 916 τῷ
1433 882 1650 917 ἀπαρῤησιὰστῳ
1669 890 1676 897 ⁸
1695 882 1768 908 οὕτω
1796 882 1842 908 καὶ

212 929 302 962 dignm
319 927 401 955 ﬁliuni
420 937 451 956 se
473 930 568 963 gessit.
585 929 635 957 Ubi
653 938 713 957 etnn
732 930 798 957 vidit
819 938 832 957 a
855 939 996 966 porcorum

1062 929 1087 964 ᾧ
1110 927 1207 963 ἀσώτῳ
1230 930 1310 955 ποιεῖ.
1335 928 1418 962 Ὁμοῦ
1442 937 1471 954 τε
1497 925 1550 953 εἶδε
1573 928 1618 954 τὶν
1641 928 1758 963 χοιρώδη
1783 929 1841 961 βῖον

213 974 337 1001 rom-ictu
360 974 525 1008 sejunctnm,
546 981 574 1003 et
597 976 630 1003 ad
660 981 799 1010 paternam
822 977 929 1004 domum
955 984 999 1004 re-

213 1027 332 1051 versum,
352 1019 430 1054 longe
443 1020 551 1047 obviam
565 1028 716 1048 occurrens
731 1022 889 1056 complexus
904 1026 955 1054 est,
972 1028 999 1049 et

213 1065 311 1091 ('ollnm
323 1066 473 1093 osculatus.
484 1066 557 1093 Talis
569 1072 611 1093 est
620 1067 748 1094 Dominus
757 1072 864 1095 noster:
877 1069 1000 1102 quamvis

214 1111 349 1138 sexcentis
380 1111 494 1138 maculis
522 1112 606 1139 notati
637 1113 739 1144 simus,
769 1113 892 1147 quamvis
918 1113 998 1140 oblita

214 1165 294 1184 emno
308 1157 344 1184 sit
361 1157 415 1184 vita
437 1163 546 1191 nostra;
564 1158 585 1185 si
605 1159 684 1185 modo
700 1164 853 1194 promptum
871 1160 999 1187 ostende-

215 1203 300 1230 rimus
327 1203 459 1234 animum.
492 1207 519 1231 et
548 1212 628 1231 ttnam
661 1205 826 1239 pmnitentire
855 1206 999 1241 lacrymam

214 1249 467 1281 s:illemus,-statim
487 1250 582 1285 recipit
607 1258 655 1278 nos
676 1252 701 1278 in
721 1252 797 1278 ulnas
812 1259 886 1283 suas,
901 1257 925 1279 et
944 1252 1001 1286 pla-

215 1295 329 1322 cttbiletn
357 1303 434 1322 suam
461 1300 585 1323 naturam
610 1298 738 1330 ostendit,
755 1303 781 1324 et
803 1298 1000 1332 praeteritorum

215 1342 336 1368 omnium
350 1347 524 1376 peccatorum
540 1343 722 1370 obliviscitur.
742 1343 795 1370 Sed
812 1344 1000 1371 revertendum

215 1386 285 1412 unde
300 1386 413 1420 digressi
430 1394 540 1414 sumus:
561 1396 569 1412 t
583 1387 726 1419 Zacchme,
744 1388 876 1415 festinans
890 1389 1002 1416 descen-

215 1433 258 1459 de.
278 1441 288 1458 ι
320 1432 395 1459 Nunc
421 1441 484 1460 vere
513 1434 661 1461 Zaccbmns
680 1435 803 1466 evasisti,
832 1443 904 1462 nunc
931 1435 999 1462 facta

217 1477 318 1504 nomini
338 1485 457 1512 congrua
475 1479 630 1506 ostendisti.
652 1479 800 1507 Zacchaeus
815 1483 897 1512 enim,
913 1482 1002 1508 victo-

216 1531 272 1549 retn
301 1523 326 1550 vi
357 1524 472 1551 nominis
497 1524 553 1559 (61)
577 1524 684 1559 signat;
709 1533 782 1552 nunc
809 1527 891 1561 igitur
916 1528 1002 1554 victor

216 1569 315 1596 diceris
328 1575 498 1603 peccatorum
509 1579 530 1597 ιι
539 1570 679 1603 Ζιιεοιιτεε,
693 1571 826 1599 festinans
839 1573 998 1605 descende,»

215 1622 300 1648 quare
318 1615 523 1644 festinationem
540 1617 683 1652 adiungit?
699 1617 733 1645 Ut
748 1618 837 1646 discas
854 1627 905 1645 non
921 1627 1001 1652 opor-

217 1666 273 1688 tere
290 1661 444 1689 socorditer
459 1667 486 1688 et
501 1662 680 1698 negligenter.
699 1664 746 1691 sed
762 1664 846 1690 alacri
865 1669 1003 1699 prompto-

218 1711 272 1738 que
287 1705 378 1733 studio
393 1705 496 1739 ingredi
516 1706 569 1742 91
590 1707 661 1734 viam
683 1708 801 1736 virtutis.
820 1707 905 1735 Fluxa
930 1709 1001 1736 enim

216 1754 260 1776 est
277 1751 330 1777 vita
347 1756 449 1783 nostra,
467 1754 589 1787 adeoque
604 1758 711 1786 oportet
733 1754 766 1780 ad
792 1754 890 1781 bonum
906 1762 1002 1789 capes-

218 1797 330 1823 sendum
344 1804 394 1824 nos
406 1796 546 1830 festinare.
558 1798 622 1825 dum
633 1798 685 1826 hoc
695 1799 816 1834 corporis
831 1800 1003 1827 tabernarnlo

217 1842 385 1869 circumiecti
406 1851 509 1871 sumus.
529 1842 581 1871 Sed
599 1844 670 1871 enim
697 1845 804 1872 videtur
830 1845 881 1872 hoc
902 1845 1009 1872 dictum

219 1887 317 1914 tradito
334 1896 349 1915 a
364 1888 443 1916 nobis
467 1889 613 1916 intellectui
633 1891 773 1918 adversari
792 1891 1002 1924 quodammodo.

218 1932 246 1960 Si
276 1934 348 1960 enim
383 1935 542 1967 praeclarum
572 1935 702 1963 Zacchmo
736 1936 785 1963 fuit
816 1944 1002 1972 sycomoream

216 1980 364 2008 ascendere
382 1981 407 2015 (a
424 1982 539 2009 terrenis
559 1983 659 2016 quippe
685 1983 823 2015 sublatus.
842 1988 867 2009 et
893 1989 1002 2017 peccato

216 2027 342 2060 superior
357 2027 444 2054 factus
456 2028 523 2062 est),
536 2036 587 2062 qua
608 2030 713 2056 ratione
730 2029 841 2063 jubetur
855 2031 1003 2057 descende-

218 2072 268 2099 re?
285 2081 294 2097 I
314 2072 444 2100 Zacchme
462 2073 533 2100 enim
557 2074 654 2108 inquit,
682 2073 812 2101 festinans
829 2074 972 2102 descende.
991 2083 1000 2100 ι

218 2118 278 2151 Quo
304 2125 383 2154 pacto
403 2127 476 2151 eum,
498 2120 541 2153 qui
570 2120 638 2147 bene
659 2122 830 2153 ascenderat,
853 2121 948 2148 incitat
970 2123 1002 2148 ad

217 2166 457 2194 descendendum?
471 2166 546 2199 Quod
559 2167 591 2193 ad
606 2167 764 2194 historicum
777 2175 886 2194 sensum
897 2169 1002 2201 attinet,

218 2209 253 2236 ab
267 2210 364 2237 arbore
375 2218 435 2237 eum
444 2211 611 2238 descendere
624 2211 842 2245 Salvatorjnbet,
855 2213 1002 2246 anagogit'a

220 2263 284 2283 vero
300 2257 518 2284 consideratione
537 2265 586 2285 nos
610 2259 688 2284 docet
702 2259 804 2285 nullum
825 2259 905 2285 alium
921 2260 1004 2294 magis

220 2303 344 2329 idoneum
361 2309 422 2330 esse
445 2303 593 2336 pmnitcudi
612 2304 773 2338 principium
793 2312 875 2338 quam
891 2305 1003 2331 descen-

219 2355 290 2376 sum.
317 2347 380 2375 Hac
406 2355 471 2375 vero
495 2353 536 2376 est
560 2349 622 2376 felix
653 2350 801 2382 humilitas,
827 2358 859 2377 ex
890 2351 1003 2377 adverso

219 2393 320 2421 diaboli
343 2395 476 2428 superbiat
504 2396 637 2430 opposita.
670 2405 679 2421 ι
700 2395 840 2433 Zumlnt‘t',
873 2395 1004 2422 festinans

219 2439 370 2475 descende;
390 2449 399 2465 ι
426 2439 467 2466 vis
494 2440 680 2474 ptenitentiam
721 2441 878 2475 auspicari?
908 2442 1004 2468 fomla-

221 2489 351 2519 mentum,
371 2490 399 2511 et
424 2485 612 2513 inconcussam
640 2487 806 2520 paenitentia:
828 2487 912 2513 basim
936 2495 1005 2522 pone

221 2532 416 2571 humilitatem;
443 2532 579 2560 descende
603 2537 632 2559 ut
657 2533 788 2559 attoltaris
809 2532 936 2558 virtutium
957 2533 1006 2560 alis

1051 975 1279 1010 ἀποσεισάμενον,
1297 975 1344 1001 καὶ
1363 974 1430 1008 πρὸς
1444 974 1494 1008 τὴν
1518 974 1656 1008 πατρικὴν
1676 975 1772 1000 ἑστίαν
1788 984 1841 1001 πα-

1050 1021 1279 1056 λινδρομήσαντα,
1305 1022 1352 1047 καὶ
1377 1019 1513 1055 μακρόθεν
1532 1020 1643 1054 δραμὼν
1664 1020 1841 1055 περιεπλακη

1051 1068 1168 1102 φιλήσας
1183 1068 1228 1094 τὸν
1245 1067 1389 1103 τράχηλον.
1413 1066 1539 1098 Τοιοῦτος
1553 1067 1566 1092 ὁ
1579 1066 1711 1101 ἡμέτερος
1736 1067 1841 1093 Δεσπό-

1051 1120 1120 1147 της·
1138 1113 1189 1140 κᾶν
1207 1113 1319 1148 μυρίαις
1340 1112 1432 1147 κηλῖσι
1448 1111 1658 1147 κατεστιγμένοι
1677 1113 1774 1146 ἐσμὲν.
1791 1112 1842 1138 κᾶν

1052 1158 1224 1194 βορϐορώδης
1240 1160 1313 1185 ἐστὶν
1330 1160 1344 1185 ὁ
1361 1159 1416 1193 βίος
1431 1158 1520 1194 ἡμῶν,
1536 1159 1560 1185 εἰ
1579 1158 1732 1193 προθυμίαν
1758 1159 1842 1193 μόνην

1051 1205 1264 1239 ὲπιδειξπίμεθα,
1279 1206 1325 1231 καὶ
1336 1204 1453 1238 δάκρυον
1468 1205 1665 1238 μεταγνώσεως
1677 1204 1842 1237 ὲπιστάξαιο

1053 1259 1113 1286 μεν,
1128 1251 1209 1281 εὐθὺς
1224 1250 1440 1284 ἐναγκαλίζεται,
1456 1250 1504 1284 τὴν
1523 1250 1587 1275 ἵλεω
1602 1249 1683 1283 φύσιν
1699 1250 1840 1276 ἐνδείκνυ-

1051 1304 1105 1328 ται,
1136 1296 1244 1322 πάντων
1266 1295 1321 1321 τῶν
1347 1295 1489 1330 προτέρων
1514 1294 1737 1321 ἐπιλανθάνεται.
1771 1294 1838 1320 Ἀλλ’

1051 1342 1182 1368 ὲπαντέον
1201 1341 1262 1368 ὃθεν
1279 1341 1423 1376 ἐξέϐημεν.
1444 1351 1453 1367 ι
1469 1342 1597 1375 Ζακχαῖε,
1615 1340 1738 1372 σπεύσας
1756 1342 1841 1367 κατά-

1052 1387 1125 1422 ϐηθι.
1143 1396 1153 1413 ι
1169 1387 1226 1413 Νῦν
1238 1387 1322 1418 ὅντως
1340 1388 1474 1422 Ζακχαῖος
1502 1387 1617 1420 γέγονας
1632 1395 1640 1402 ·
1658 1387 1707 1413 νῦν
1722 1388 1756 1422 τῇ
1773 1387 1839 1420 κλή-

1053 1441 1094 1459 σει
1118 1433 1286 1468 κατάλληλον
1309 1433 1449 1465 ἐπέδειξας
1467 1433 1516 1466 τὴν
1531 1433 1682 1468 ἐνέργειαν.
1706 1434 1840 1468 Ζακχαῖος

1053 1479 1107 1514 γὰρ
1132 1479 1261 1514 νικητὴς
1287 1479 1469 1514 ἑρμηνεύεται
1484 1487 1490 1493 '
1507 1479 1554 1505 νῦν
1579 1479 1625 1505 οὖν
1646 1480 1762 1515 νικητὴς
1788 1479 1839 1505 τῶν

1053 1525 1352 1561 παθῶνὲχρημάτισας.
1366 1535 1375 1551 ι
1393 1527 1521 1561 Ζακχαῖε,
1533 1525 1657 1557 σπεύσας
1672 1526 1836 1560 κατάϐηθι.)

1054 1571 1103 1598 Διὰ
1121 1571 1146 1598 τί
1164 1573 1210 1597 καὶ
1232 1571 1282 1606 τὴν
1307 1571 1425 1606 σπουδὴν
1441 1571 1639 1606 προστίθησινς
1659 1572 1719 1598 ’Ὶνα
1738 1571 1838 1608 μάθῃς,

1051 1617 1088 1647 ὡς
1101 1617 1131 1643 οὐ
1149 1617 1202 1652 χρὴ
1219 1618 1350 1652 ῥαθύμως
1374 1617 1419 1643 καὶ
1445 1617 1555 1652 ἀμελῶς
1573 1618 1694 1652 μετιέναι
1709 1617 1761 1653 τὴν
1779 1619 1839 1653 ἀρε-

1052 1662 1112 1697 τὴν,
1128 1662 1195 1689 ἀλλὰ
1211 1663 1280 1697 μετὰ
1302 1663 1444 1696 προθύμου
1467 1663 1599 1697 σπουδῆς.
1622 1662 1731 1698 Ἐπειδὴ
1756 1671 1840 1695 παρο-

1052 1709 1113 1743 δική
1137 1709 1210 1735 ἐστιν
1228 1708 1336 1744 ἠμῶνή
1354 1707 1421 1742 ζωὴ.
1440 1708 1486 1734 καὶ
1505 1708 1557 1743 χρὴ
1576 1708 1702 1734 σπεύδειν
1715 1709 1790 1743 ἡμᾶς
1802 1709 1839 1739 al;

1053 1754 1083 1779 τδ
1096 1754 1208 1787 ἀγαθὸν,
1226 1753 1324 1780 εστ⁹ἂν
1339 1753 1562 1788 περιϐεϐλήμεθα
1577 1754 1606 1779 τδ
1621 1754 1749 1788 σάρκινον
1763 1753 1840 1780 τοῦτο

1055 1799 1242 1834 περισκήνιον.
1278 1799 1358 1824 ’Δλλὰ
1386 1799 1461 1825 δοκεῖ
1484 1808 1542 1830 πως
1567 1799 1597 1825 τὸ
1622 1800 1702 1834 ῥητὶν
1720 1800 1839 1826 ἐναντίον

1053 1843 1122 1878 πρὸς
1138 1844 1183 1870 τὸν
1201 1843 1367 1870 ἁποδοθέντα
1386 1844 1496 1870 σκοπόν.
1512 1844 1543 1870 Εἰ
1556 1844 1609 1879 γὰρ
1627 1844 1696 1878 καλὴ
1707 1844 1754 1870 τοῦ
1770 1845 1839 1870 Ζακ-

1053 1890 1131 1924 χαίου
1146 1890 1162 1924 ή
1182 1890 1249 1923 πρὸς
1265 1889 1312 1925 τὴν
1329 1891 1517 1925 συκομοραίαν
1532 1890 1664 1921 ἀνάϐασις
1686 1890 1837 1925 (ὑπερήρθη

1053 1937 1108 1970 γὰρ
1123 1936 1177 1962 τῶν
1193 1937 1307 1970 γηΐνων,
1330 1936 1378 1963 καὶ
1395 1937 1451 1963 ἂνω
1474 1939 1524 1972 τῆς
1547 1937 1684 1971 ἁμαρτίας
1708 1937 1838 1971 ἐγένετο),

1054 1982 1114 2014 πῶς
1137 1982 1281 2009 κατελθεῖν
1312 1982 1489 2017 ὲγκελεύεται
1504 1991 1510 1998 ·
1530 1992 1539 2008 ι
1558 1984 1694 2018 Ζακχαῖε,
1721 1983 1839 2014 σπεύσας

1053 2029 1206 2063 κατάϐηθις
1225 2038 1234 2054 ›
1259 2028 1320 2060 Πῶς
1335 2029 1381 2054 τὸν
1403 2028 1494 2059 καλῶς
1517 2028 1662 2054 ἀνελθόντα
1680 2028 1836 2054 ἐπισπεύδει

1053 2075 1121 2109 πρὸς
1133 2074 1182 2109 τὴν
1196 2074 1363 2106 κατάϐασιν;
1383 2074 1540 2109 Ἰστορικῶς
1558 2074 1607 2108 μὲν
1623 2074 1677 2100 ἀπὸ
1692 2073 1739 2100 τοῦ
1754 2073 1837 2108 φυτοῦ

1053 2121 1067 2147 ό
1082 2121 1178 2156 Σωτὴρ
1191 2121 1331 2147 κατελθεῖν
1343 2120 1451 2147 κελεύει
1466 2129 1472 2136 ·
1486 2120 1668 2154 ἁναγωγικῶς
1682 2120 1709 2146 δὲ
1721 2120 1838 2146 διδάσκει

1054 2167 1137 2202 ἡμᾶς,
1155 2167 1192 2197 ὡς
1208 2167 1278 2201 ἀρχὴ
1294 2167 1438 2201 μετανοίας
1449 2166 1488 2200 τῷ
1501 2167 1693 2200 ἁμαρτήσαντι
1710 2167 1759 2191 οὐκ
1774 2165 1836 2198 ἄλλη

1053 2221 1095 2243 τις
1108 2212 1237 2246 ἁρμόδιος
1253 2213 1307 2247 εἰη,
1324 2212 1392 2247 ὡςὴ
1415 2211 1579 2242 κατάϐασις.
1598 2211 1673 2245 Δῦτη
1688 2211 1715 2236 δέ
1738 2210 1836 2244 ἐστινὴ

1022 2259 1042 2285 ι)
1058 2257 1183 2292 μακαρία
1210 2257 1385 2288 ταπείνωσις,
1408 2259 1424 2292 ἡ
1443 2258 1554 2283 ἐναντία
1574 2258 1624 2292 τῆς
1649 2256 1838 2291 δαιμονιώδους

1057 2304 1209 2338 ὲπάρσεως.
1231 2312 1240 2329 ι
1268 2305 1398 2338 Ζακχαῖε,
1426 2303 1548 2334 σπεύσας
1572 2302 1724 2336 καταϐηθη
1753 2301 1838 2335 βούλει

1059 2349 1222 2384 μετανοῆσαι
1234 2357 1241 2382 ;
1265 2349 1422 2383 ὑποϐάθραν
1440 2349 1489 2383 τῆς
1500 2348 1653 2382 μετανοίας,
1663 2348 1709 2373 καὶ
1719 2347 1837 2373 ἄσειστον

1055 2395 1175 2430 κρηπῖδα
1195 2395 1240 2426 θὲς
1255 2395 1304 2428 τὴν
1317 2394 1484 2421 ταπείνωσιν
1499 2403 1506 2410 ο
1520 2393 1656 2428 κατάϐηθι
1671 2393 1714 2418 Ζνα
1732 2391 1835 2426 ὑψωθῇς

1054 2442 1110 2472 τοῖς
1126 2443 1234 2476 πτεροῖς
1251 2441 1306 2467 τῶν
1328 2440 1434 2476 ἀρετῶν
1456 2439 1654 2474 ἀνυψούμενος.
1677 2437 1758 2465 ⁹Αλλὰ
1772 2437 1835 2471 τίςή

1054 2487 1102 2513 τοῦ
1115 2486 1298 2522 ἁρχιτελώνου
1313 2486 1464 2520 ἐπαγγελία
1482 2486 1659 2520 ἀκούσωμεν,
1677 2483 1747 2520 μετὰ
1758 2483 1787 2510 τὸ
1796 2483 1837 2509 τὸν

1057 2533 1158 2568 Κύριον
1175 2532 1354 2565 ὑποδέξασθαι
1375 2532 1456 2559 οἴκοι.

835 2609 995 2639 Francisci
1013 2609 1119 2640 Scorsi
1142 2614 1235 2640 notet).

258 2683 314 2718 (60)
337 2682 417 2711 Ficus
432 2683 536 2718 quidem
551 2688 669 2718 apparet.
688 2683 724 2710 Ex
742 2683 898 2710 Dioscoride
913 2692 1004 2715 supra,

222 2725 279 2755 put.
296 2719 342 2750 57.
363 2719 525 2755 licosirnilis
540 2726 698 2754 syeomorus
727 2719 835 2748 dicitur.
863 2726 916 2755 nec
941 2719 1006 2755 tiens

225 2753 313 2786 inritent
332 2760 384 2780 est.
402 2753 449 2780 llic
463 2753 610 2780 autemest
624 2755 736 2788 abrupta
753 2754 886 2780 sententia
902 2754 926 2779 in
944 2754 1005 2780 cod.

223 2789 255 2822 Ρ.
278 2788 470 2822 deficientibus
488 2790 597 2815 ontninn
626 2789 787 2815 necessariis
809 2793 870 2822 post
896 2789 1007 2814 verbum

223 2820 297 2857 δοκεῖ
311 2823 361 2856 μὲν
381 2823 431 2853 his.
449 2821 519 2849 εἶναι
536 2823 617 2858 συκῆ,
636 2824 666 2849 οὐ
683 2823 735 2858 μὴν
750 2825 783 2859 τῇ
810 2820 926 2858 ἀληθεία
948 2824 1009 2849 ἐστι

226 2858 307 2883 συκῆ.

261 2874 318 2927 (iiii)
344 2891 473 2919 Victorem
494 2891 516 2919 vi
540 2892 662 2919 nominis.
678 2891 797 2920 llebrmis
810 2897 869 2925 ml:
885 2897 927 2920 est
950 2893 1009 2919 vin-

1059 2691 1131 2715 cere,
1150 2688 1177 2710 et
1194 2684 1307 2711 victoria
1323 2684 1432 2711 mutatis
1453 2683 1570 2717 punctis,
1593 2691 1654 2718 quae
1683 2683 1835 2718 posteriores

1060 2719 1164 2745 rahbiui
1175 2723 1368 2752 anposnerunt.
1383 2719 1423 2746 Ab
1436 2720 1486 2745 hac
1495 2717 1746 2746 vidcturideducere
1758 2717 1834 2744 Theu-

1059 2755 1160 2787 phanes
1186 2754 1308 2781 Ztcchrei
1333 2761 1448 2785 nomen.
1478 2754 1550 2788 quod
1582 2753 1723 2779 victoriam
1748 2757 1834 2788 sonare

1059 2786 1124 2820 vult,
1147 2789 1254 2823 dempta
1273 2794 1361 2815 tamen
1380 2786 1500 2822 principe
1518 2789 1604 2815 littt-ra
1619 2788 1685 2826 ;_s_ed
1704 2788 1778 2826 video
1789 2786 1833 2812 hoc

1060 2832 1155 2850 nomen
1183 2825 1384 2857 interpretatum
1401 2832 1508 2857 purum,
1534 2828 1561 2851 et
1588 2824 1696 2857 quidem
1715 2824 1832 2850 rectius:

1059 2863 1118 2892 .131,
1136 2859 1207 2893 quod
1223 2865 1264 2886 est
1277 2866 1372 2893 purum
1389 2867 1453 2886 esse.
