  <div class='ocr_page' id='page_1' title='image "/cluster/home/n/w/nwhite01/storage/ocr_20150623/132/njp.32101077773081/214.png"; bbox 0 0 1883 3053; ppageno 0'>
   <div class='ocr_carea' id='block_1_1' title="bbox 27 99 979 132">
    <p class='ocr_par' dir='ltr' id='par_1_1' title="bbox 27 99 979 132">
     <span class='ocr_line' id='line_1_1' title="bbox 27 99 979 132; baseline 0.004 -4"><span class='ocrx_word' id='word_1_1' title='bbox 27 99 69 128; x_wconf 63' lang='lat'><strong>3‘39</strong></span> <span class='ocrx_word' id='word_1_2' title='bbox 718 101 798 130; x_wconf 74' lang='lat' dir='ltr'>110M</span> <span class='ocrx_word' id='word_1_3' title='bbox 807 100 882 130; x_wconf 77' lang='lat' dir='ltr'><strong>lLIA</strong></span> <span class='ocrx_word' id='word_1_4' title='bbox 902 101 979 132; x_wconf 85' lang='lat' dir='ltr'><strong>XVI.</strong></span> 
     </span>
    </p>
   </div>
   <div class='ocr_carea' id='block_1_2' title="bbox 1607 107 1660 138">
    <p class='ocr_par' dir='ltr' id='par_1_2' title="bbox 1607 107 1660 138">
     <span class='ocr_line' id='line_1_2' title="bbox 1607 107 1660 138; baseline -0.038 0"><span class='ocrx_word' id='word_1_5' title='bbox 1607 107 1660 138; x_wconf 69' lang='lat'><strong>370</strong></span> 
     </span>
    </p>
   </div>
   <div class='ocr_carea' id='block_1_3' title="bbox 27 155 815 199">
    <p class='ocr_par' dir='ltr' id='par_1_3' title="bbox 27 155 815 193">
     <span class='ocr_line' id='line_1_3' title="bbox 27 155 815 193; baseline 0.001 -10"><span class='ocrx_word' id='word_1_6' title='bbox 27 155 158 191; x_wconf 69' lang='grc' dir='ltr'>ἁμαρτίας</span> <span class='ocrx_word' id='word_1_7' title='bbox 170 157 208 192; x_wconf 81' lang='grc' dir='ltr'>τῇ</span> <span class='ocrx_word' id='word_1_8' title='bbox 224 157 314 193; x_wconf 78' lang='grc' dir='ltr'>ραὁδῳ</span> <span class='ocrx_word' id='word_1_9' title='bbox 326 157 377 192; x_wconf 76' lang='grc' dir='ltr'>τῆς</span> <span class='ocrx_word' id='word_1_10' title='bbox 385 157 492 188; x_wconf 72' lang='grc' dir='ltr'>ἐλπίδος</span> <span class='ocrx_word' id='word_1_11' title='bbox 504 157 712 193; x_wconf 72' lang='grc' dir='ltr'>ἐπερειδόμενος</span> <span class='ocrx_word' id='word_1_12' title='bbox 731 167 815 192; x_wconf 70' lang='grc' dir='ltr'>προσ-</span> 
     </span>
    </p>
   </div>
   <div class='ocr_carea' id='block_1_4' title="bbox 908 155 1660 199">
    <p class='ocr_par' dir='ltr' id='par_1_4' title="bbox 908 159 1660 199">
     <span class='ocr_line' id='line_1_4' title="bbox 908 159 1660 199; baseline 0.008 -14"><span class='ocrx_word' id='word_1_13' title='bbox 908 159 998 187; x_wconf 82' lang='lat' dir='ltr'><strong>Idabili</strong></span> <span class='ocrx_word' id='word_1_14' title='bbox 1014 168 1074 187; x_wconf 77' lang='lat' dir='ltr'><strong>cum</strong></span> <span class='ocrx_word' id='word_1_15' title='bbox 1089 161 1213 193; x_wconf 83' lang='lat' dir='ltr'><strong>audacia,</strong></span> <span class='ocrx_word' id='word_1_16' title='bbox 1231 167 1258 189; x_wconf 79' lang='lat' dir='ltr'><strong>n1</strong></span> <span class='ocrx_word' id='word_1_17' title='bbox 1270 163 1377 197; x_wconf 80' lang='lat' dir='ltr'><strong>quidam</strong></span> <span class='ocrx_word' id='word_1_18' title='bbox 1391 171 1420 190; x_wconf 77' lang='lat' dir='ltr'><strong>ex</strong></span> <span class='ocrx_word' id='word_1_19' title='bbox 1435 164 1559 192; x_wconf 81' lang='lat' dir='ltr'><strong>Patribus</strong></span> <span class='ocrx_word' id='word_1_20' title='bbox 1572 164 1660 199; x_wconf 78' lang='lat' dir='ltr'><strong>loqui-</strong></span> 
     </span>
    </p>
   </div>
   <div class='ocr_carea' id='block_1_5' title="bbox 24 196 817 239">
    <p class='ocr_par' dir='ltr' id='par_1_5' title="bbox 24 196 817 239">
     <span class='ocr_line' id='line_1_5' title="bbox 24 196 817 239; baseline 0.004 -12"><span class='ocrx_word' id='word_1_21' title='bbox 24 202 111 236; x_wconf 63' lang='grc' dir='ltr'>εὐχετο</span> <span class='ocrx_word' id='word_1_22' title='bbox 130 202 198 236; x_wconf 81' lang='grc' dir='ltr'>μετ’</span> <span class='ocrx_word' id='word_1_23' title='bbox 223 196 427 237; x_wconf 80' lang='grc' dir='ltr'>ὲπαίνουμένης</span> <span class='ocrx_word' id='word_1_24' title='bbox 454 203 604 235; x_wconf 84' lang='grc' dir='ltr'>ἀναιδείας,</span> <span class='ocrx_word' id='word_1_25' title='bbox 637 205 756 239; x_wconf 77' lang='grc' dir='ltr'>πατρική</span> <span class='ocrx_word' id='word_1_26' title='bbox 776 212 817 235; x_wconf 87' lang='grc' dir='ltr'><strong>τις</strong></span> 
     </span>
    </p>
   </div>
   <div class='ocr_carea' id='block_1_6' title="bbox 23 246 815 284">
    <p class='ocr_par' dir='ltr' id='par_1_6' title="bbox 23 246 815 284">
     <span class='ocr_line' id='line_1_6' title="bbox 23 246 815 284; baseline 0.003 -11"><span class='ocrx_word' id='word_1_27' title='bbox 23 247 75 274; x_wconf 67' lang='grc' dir='ltr'>εἴτε</span> <span class='ocrx_word' id='word_1_28' title='bbox 91 248 183 282; x_wconf 67' lang='grc' dir='ltr'>φωνή.</span> <span class='ocrx_word' id='word_1_29' title='bbox 211 249 298 284; x_wconf 80' lang='grc' dir='ltr'>Ἐστη</span> <span class='ocrx_word' id='word_1_30' title='bbox 317 246 365 276; x_wconf 76' lang='grc' dir='ltr'>οὖν</span> <span class='ocrx_word' id='word_1_31' title='bbox 380 248 473 284; x_wconf 78' lang='grc' dir='ltr'>τηλόθι</span> <span class='ocrx_word' id='word_1_32' title='bbox 499 249 668 284; x_wconf 84' lang='grc' dir='ltr'>δακρυχέων,</span> <span class='ocrx_word' id='word_1_33' title='bbox 688 249 735 276; x_wconf 71' lang='grc' dir='ltr'>καὶ</span> <span class='ocrx_word' id='word_1_34' title='bbox 752 250 815 283; x_wconf 66' lang='grc' dir='ltr'>στῆς</span> 
     </span>
    </p>
   </div>
   <div class='ocr_carea' id='block_1_7' title="bbox 24 294 814 330">
    <p class='ocr_par' dir='ltr' id='par_1_7' title="bbox 24 294 814 330">
     <span class='ocr_line' id='line_1_7' title="bbox 24 294 814 330; baseline 0 -9"><span class='ocrx_word' id='word_1_35' title='bbox 24 295 65 321; x_wconf 82' lang='grc' dir='ltr'>Θεα</span> <span class='ocrx_word' id='word_1_36' title='bbox 83 295 164 328; x_wconf 72' lang='grc' dir='ltr'>χερσὶ</span> <span class='ocrx_word' id='word_1_37' title='bbox 186 295 343 322; x_wconf 80' lang='grc' dir='ltr'>πατάσσων</span> <span class='ocrx_word' id='word_1_38' title='bbox 355 315 361 327; x_wconf 87' lang='grc'><strong><em>,</em></strong></span> <span class='ocrx_word' id='word_1_39' title='bbox 381 295 448 330; x_wconf 85' lang='grc' dir='ltr'><strong>ὼςὴ</strong></span> <span class='ocrx_word' id='word_1_40' title='bbox 466 294 609 330; x_wconf 73' lang='grc' dir='ltr'>θεολογική</span> <span class='ocrx_word' id='word_1_41' title='bbox 637 295 726 330; x_wconf 81' lang='grc' dir='ltr'>μοῦσά</span> <span class='ocrx_word' id='word_1_42' title='bbox 738 304 814 330; x_wconf 79' lang='grc' dir='ltr'>φησι.</span> 
     </span>
    </p>
   </div>
   <div class='ocr_carea' id='block_1_8' title="bbox 22 339 815 378">
    <p class='ocr_par' dir='ltr' id='par_1_8' title="bbox 22 339 815 378">
     <span class='ocr_line' id='line_1_8' title="bbox 22 339 815 378; baseline 0.003 -12"><span class='ocrx_word' id='word_1_43' title='bbox 22 341 65 366; x_wconf 75' lang='grc' dir='ltr'>Δια</span> <span class='ocrx_word' id='word_1_44' title='bbox 81 339 106 366; x_wconf 79' lang='grc' dir='ltr'><strong>τί</strong></span> <span class='ocrx_word' id='word_1_45' title='bbox 120 340 150 366; x_wconf 75' lang='grc' dir='ltr'>δὲ</span> <span class='ocrx_word' id='word_1_46' title='bbox 169 340 211 375; x_wconf 84' lang='grc' dir='ltr'>μὴ</span> <span class='ocrx_word' id='word_1_47' title='bbox 234 341 283 376; x_wconf 73' lang='grc' dir='ltr'>τὴν</span> <span class='ocrx_word' id='word_1_48' title='bbox 301 341 424 376; x_wconf 84' lang='grc' dir='ltr'>κεφαλὴν</span> <span class='ocrx_word' id='word_1_49' title='bbox 446 341 571 374; x_wconf 78' lang='grc' dir='ltr'><strong>ἔτυπτεν,</strong></span> <span class='ocrx_word' id='word_1_50' title='bbox 587 341 604 376; x_wconf 86' lang='grc' dir='ltr'>ἢ</span> <span class='ocrx_word' id='word_1_51' title='bbox 623 341 656 368; x_wconf 82' lang='grc' dir='ltr'><strong>τὰ</strong></span> <span class='ocrx_word' id='word_1_52' title='bbox 668 342 780 376; x_wconf 85' lang='grc' dir='ltr'>γόνατα,</span> <span class='ocrx_word' id='word_1_53' title='bbox 799 342 815 378; x_wconf 85' lang='grc' dir='ltr'>ἢ</span> 
     </span>
    </p>
   </div>
   <div class='ocr_carea' id='block_1_9' title="bbox 22 385 816 422">
    <p class='ocr_par' dir='ltr' id='par_1_9' title="bbox 22 385 816 422">
     <span class='ocr_line' id='line_1_9' title="bbox 22 385 816 422; baseline 0.004 -10"><span class='ocrx_word' id='word_1_54' title='bbox 22 385 80 412; x_wconf 79' lang='grc' dir='ltr'>ἄλλο</span> <span class='ocrx_word' id='word_1_55' title='bbox 95 385 184 420; x_wconf 83' lang='grc' dir='ltr'>μέρος</span> <span class='ocrx_word' id='word_1_56' title='bbox 212 385 261 412; x_wconf 83' lang='grc' dir='ltr'>τοῦ</span> <span class='ocrx_word' id='word_1_57' title='bbox 286 385 425 422; x_wconf 82' lang='grc' dir='ltr'>σώματος,</span> <span class='ocrx_word' id='word_1_58' title='bbox 441 386 510 413; x_wconf 78' lang='grc' dir='ltr'>ἀλλὰ</span> <span class='ocrx_word' id='word_1_59' title='bbox 529 386 560 413; x_wconf 84' lang='grc' dir='ltr'>τὸ</span> <span class='ocrx_word' id='word_1_60' title='bbox 577 387 676 422; x_wconf 82' lang='grc' dir='ltr'>στῆθος</span> <span class='ocrx_word' id='word_1_61' title='bbox 695 388 816 415; x_wconf 73' lang='grc' dir='ltr'>ἐπᾶτασ-</span> 
     </span>
    </p>
   </div>
   <div class='ocr_carea' id='block_1_10' title="bbox 23 439 77 463">
    <p class='ocr_par' dir='ltr' id='par_1_10' title="bbox 23 439 77 463">
     <span class='ocr_line' id='line_1_10' title="bbox 23 439 77 463; baseline 0 -7"><span class='ocrx_word' id='word_1_62' title='bbox 23 439 77 463; x_wconf 76' lang='grc' dir='ltr'>σεν;</span> 
     </span>
    </p>
   </div>
   <div class='ocr_carea' id='block_1_11' title="bbox 55 477 815 515">
    <p class='ocr_par' dir='ltr' id='par_1_11' title="bbox 55 477 815 515">
     <span class='ocr_line' id='line_1_11' title="bbox 55 477 815 515; baseline 0.005 -12"><span class='ocrx_word' id='word_1_63' title='bbox 55 487 63 502; x_wconf 75' lang='grc' dir='ltr'><strong>ι</strong></span> <span class='ocrx_word' id='word_1_64' title='bbox 87 477 217 504; x_wconf 84' lang='grc' dir='ltr'>Ἕτυπτε</span> <span class='ocrx_word' id='word_1_65' title='bbox 236 477 301 513; x_wconf 80' lang='grc' dir='ltr'>γὰρ,</span> <span class='ocrx_word' id='word_1_66' title='bbox 315 478 408 513; x_wconf 77' lang='grc' dir='ltr'>φησὶν,</span> <span class='ocrx_word' id='word_1_67' title='bbox 422 478 462 510; x_wconf 83' lang='grc' dir='ltr'><strong>είς</strong></span> <span class='ocrx_word' id='word_1_68' title='bbox 473 479 503 505; x_wconf 83' lang='grc' dir='ltr'><strong>τδ</strong></span> <span class='ocrx_word' id='word_1_69' title='bbox 515 479 613 515; x_wconf 76' lang='grc' dir='ltr'>στῆθος</span> <span class='ocrx_word' id='word_1_70' title='bbox 625 479 706 507; x_wconf 85' lang='grc' dir='ltr'><strong>αὐτοῦ</strong></span> <span class='ocrx_word' id='word_1_71' title='bbox 718 480 815 514; x_wconf 83' lang='grc' dir='ltr'>λέγων·</span> 
     </span>
    </p>
   </div>
   <div class='ocr_carea' id='block_1_12' title="bbox 27 522 816 562">
    <p class='ocr_par' dir='ltr' id='par_1_12' title="bbox 27 522 816 562">
     <span class='ocr_line' id='line_1_12' title="bbox 27 522 816 562; baseline 0.008 -15"><span class='ocrx_word' id='word_1_72' title='bbox 27 522 53 548; x_wconf 89' lang='lat'><strong>&#39;0</strong></span> <span class='ocrx_word' id='word_1_73' title='bbox 71 522 150 553; x_wconf 80' lang='grc' dir='ltr'>Θεὸς,</span> <span class='ocrx_word' id='word_1_74' title='bbox 167 523 299 558; x_wconf 71' lang='grc' dir='ltr'>ἱλάσθητί</span> <span class='ocrx_word' id='word_1_75' title='bbox 314 533 360 559; x_wconf 80' lang='grc' dir='ltr'><strong>μοι</strong></span> <span class='ocrx_word' id='word_1_76' title='bbox 390 524 430 559; x_wconf 82' lang='grc' dir='ltr'>τῷ</span> <span class='ocrx_word' id='word_1_77' title='bbox 444 525 612 560; x_wconf 83' lang='grc' dir='ltr'>ἁμαρτωλῷ.</span> <span class='ocrx_word' id='word_1_78' title='bbox 635 535 645 552; x_wconf 74' lang='grc' dir='ltr'><strong>ι</strong></span> <span class='ocrx_word' id='word_1_79' title='bbox 662 526 772 562; x_wconf 75' lang='grc' dir='ltr'>Ἐπειδὴ</span> <span class='ocrx_word' id='word_1_80' title='bbox 785 527 816 553; x_wconf 83' lang='grc' dir='ltr'>ὲκ</span> 
     </span>
    </p>
   </div>
   <div class='ocr_carea' id='block_1_13' title="bbox 23 568 816 606">
    <p class='ocr_par' dir='ltr' id='par_1_13' title="bbox 23 568 816 606">
     <span class='ocr_line' id='line_1_13' title="bbox 23 568 816 606; baseline 0.005 -12"><span class='ocrx_word' id='word_1_81' title='bbox 23 569 65 600; x_wconf 66' lang='grc' dir='ltr'>εἷς</span> <span class='ocrx_word' id='word_1_82' title='bbox 78 568 200 602; x_wconf 79' lang='grc' dir='ltr'>καρδίας</span> <span class='ocrx_word' id='word_1_83' title='bbox 223 570 247 595; x_wconf 71' lang='grc' dir='ltr'>οἱ</span> <span class='ocrx_word' id='word_1_84' title='bbox 267 569 403 604; x_wconf 75' lang='grc' dir='ltr'>λογισμοὶ,</span> <span class='ocrx_word' id='word_1_85' title='bbox 420 571 443 597; x_wconf 82' lang='lat' dir='ltr'><strong>ol</strong></span> <span class='ocrx_word' id='word_1_86' title='bbox 465 571 534 606; x_wconf 71' lang='grc' dir='ltr'>πρὸς</span> <span class='ocrx_word' id='word_1_87' title='bbox 563 571 720 604; x_wconf 72' lang='grc' dir='ltr'><strong>πλεονεξίαν</strong></span> <span class='ocrx_word' id='word_1_88' title='bbox 735 572 816 599; x_wconf 77' lang='grc' dir='ltr'>αὑτὸν</span> 
     </span>
    </p>
   </div>
   <div class='ocr_carea' id='block_1_14' title="bbox 22 614 817 653">
    <p class='ocr_par' dir='ltr' id='par_1_14' title="bbox 22 614 817 653">
     <span class='ocr_line' id='line_1_14' title="bbox 22 614 817 653; baseline 0.005 -12"><span class='ocrx_word' id='word_1_89' title='bbox 22 614 216 649; x_wconf 81' lang='grc' dir='ltr'>διεγείροντες,</span> <span class='ocrx_word' id='word_1_90' title='bbox 231 615 344 648; x_wconf 73' lang='grc' dir='ltr'>καὶταῖς</span> <span class='ocrx_word' id='word_1_91' title='bbox 364 617 441 651; x_wconf 73' lang='grc' dir='ltr'>χερσὶ</span> <span class='ocrx_word' id='word_1_92' title='bbox 451 617 517 651; x_wconf 82' lang='grc' dir='ltr'>πρὸς</span> <span class='ocrx_word' id='word_1_93' title='bbox 526 617 560 643; x_wconf 85' lang='grc' dir='ltr'><strong>τὰ</strong></span> <span class='ocrx_word' id='word_1_94' title='bbox 570 617 676 652; x_wconf 83' lang='grc' dir='ltr'>πονηρὰ</span> <span class='ocrx_word' id='word_1_95' title='bbox 684 617 817 653; x_wconf 82' lang='grc' dir='ltr'><strong>λήμματα</strong></span> 
     </span>
    </p>
   </div>
   <div class='ocr_carea' id='block_1_15' title="bbox 23 659 816 698">
    <p class='ocr_par' dir='ltr' id='par_1_15' title="bbox 23 659 816 698">
     <span class='ocr_line' id='line_1_15' title="bbox 23 659 816 698; baseline 0.006 -13"><span class='ocrx_word' id='word_1_96' title='bbox 23 659 171 695; x_wconf 72' lang='grc' dir='ltr'>χρώμενος.</span> <span class='ocrx_word' id='word_1_97' title='bbox 203 660 239 687; x_wconf 83' lang='grc' dir='ltr'><strong>Ἦ</strong></span> <span class='ocrx_word' id='word_1_98' title='bbox 265 662 294 688; x_wconf 79' lang='grc' dir='ltr'>δὲ</span> <span class='ocrx_word' id='word_1_99' title='bbox 319 661 419 698; x_wconf 80' lang='grc' dir='ltr'>τοπικὴ</span> <span class='ocrx_word' id='word_1_100' title='bbox 433 662 483 697; x_wconf 86' lang='grc' dir='ltr'>τῆς</span> <span class='ocrx_word' id='word_1_101' title='bbox 503 663 620 698; x_wconf 83' lang='grc' dir='ltr'><strong>καρδίας</strong></span> <span class='ocrx_word' id='word_1_102' title='bbox 640 663 715 695; x_wconf 81' lang='grc' dir='ltr'>θέσις</span> <span class='ocrx_word' id='word_1_103' title='bbox 731 664 760 690; x_wconf 85' lang='grc' dir='ltr'>ὲν</span> <span class='ocrx_word' id='word_1_104' title='bbox 778 664 816 698; x_wconf 84' lang='grc' dir='ltr'>τῷ</span> 
     </span>
    </p>
   </div>
   <div class='ocr_carea' id='block_1_16' title="bbox 24 706 817 745">
    <p class='ocr_par' dir='ltr' id='par_1_16' title="bbox 24 706 817 745">
     <span class='ocr_line' id='line_1_16' title="bbox 24 706 817 745; baseline 0.006 -13"><span class='ocrx_word' id='word_1_105' title='bbox 24 706 109 741; x_wconf 78' lang='grc' dir='ltr'>στήθει</span> <span class='ocrx_word' id='word_1_106' title='bbox 129 706 225 738; x_wconf 79' lang='grc' dir='ltr'>ἐστὶν,</span> <span class='ocrx_word' id='word_1_107' title='bbox 253 707 367 739; x_wconf 72' lang='grc' dir='ltr'>εἰκότως</span> <span class='ocrx_word' id='word_1_108' title='bbox 380 708 476 735; x_wconf 77' lang='grc' dir='ltr'><strong>τύπτει</strong></span> <span class='ocrx_word' id='word_1_109' title='bbox 503 709 532 736; x_wconf 80' lang='grc' dir='ltr'><strong>τὺ</strong></span> <span class='ocrx_word' id='word_1_110' title='bbox 547 710 664 745; x_wconf 73' lang='grc' dir='ltr'>πονηρὸν</span> <span class='ocrx_word' id='word_1_111' title='bbox 681 710 817 744; x_wconf 79' lang='grc' dir='ltr'>ἐργαστή-</span> 
     </span>
    </p>
   </div>
   <div class='ocr_carea' id='block_1_17' title="bbox 26 751 815 791">
    <p class='ocr_par' dir='ltr' id='par_1_17' title="bbox 26 751 815 791">
     <span class='ocr_line' id='line_1_17' title="bbox 26 751 815 791; baseline 0.005 -13"><span class='ocrx_word' id='word_1_112' title='bbox 26 759 75 786; x_wconf 78' lang='grc' dir='ltr'>ριον</span> <span class='ocrx_word' id='word_1_113' title='bbox 92 751 193 784; x_wconf 65' lang='grc' dir='ltr'>αὑταῖς</span> <span class='ocrx_word' id='word_1_114' title='bbox 207 753 270 784; x_wconf 89' lang='grc' dir='ltr'>ταῖς</span> <span class='ocrx_word' id='word_1_115' title='bbox 285 754 392 789; x_wconf 77' lang='grc' dir='ltr'>χερσὶν,</span> <span class='ocrx_word' id='word_1_116' title='bbox 407 751 452 786; x_wconf 72' lang='grc' dir='ltr'>αἷς</span> <span class='ocrx_word' id='word_1_117' title='bbox 474 754 544 790; x_wconf 77' lang='grc' dir='ltr'>πρὸς</span> <span class='ocrx_word' id='word_1_118' title='bbox 556 754 718 787; x_wconf 78' lang='grc' dir='ltr'>πλεονεξίαν</span> <span class='ocrx_word' id='word_1_119' title='bbox 731 756 815 791; x_wconf 77' lang='grc' dir='ltr'>ἐχρή-</span> 
     </span>
    </p>
   </div>
   <div class='ocr_carea' id='block_1_18' title="bbox 25 805 94 824">
    <p class='ocr_par' dir='ltr' id='par_1_18' title="bbox 25 805 94 824">
     <span class='ocr_line' id='line_1_18' title="bbox 25 805 94 824; baseline 0.029 -2"><span class='ocrx_word' id='word_1_120' title='bbox 25 805 94 824; x_wconf 82' lang='grc' dir='ltr'>σατο.</span> 
     </span>
    </p>
   </div>
   <div class='ocr_carea' id='block_1_19' title="bbox 57 828 854 883">
    <p class='ocr_par' dir='ltr' id='par_1_19' title="bbox 57 828 854 883">
     <span class='ocr_line' id='line_1_19' title="bbox 57 828 854 883; baseline 0.006 -13"><span class='ocrx_word' id='word_1_121' title='bbox 57 853 66 870; x_wconf 77' lang='grc' dir='ltr'><strong>ι</strong></span> <span class='ocrx_word' id='word_1_122' title='bbox 89 843 120 871; x_wconf 88' lang='lat'><strong>&#39;0</strong></span> <span class='ocrx_word' id='word_1_123' title='bbox 145 844 231 877; x_wconf 73' lang='grc' dir='ltr'>Θεὸς,</span> <span class='ocrx_word' id='word_1_124' title='bbox 260 845 386 881; x_wconf 71' lang='grc' dir='ltr'>ἱλάσθητί</span> <span class='ocrx_word' id='word_1_125' title='bbox 415 855 461 881; x_wconf 89' lang='grc' dir='ltr'><strong>μοι</strong></span> <span class='ocrx_word' id='word_1_126' title='bbox 488 847 528 883; x_wconf 84' lang='grc' dir='ltr'>τῷ</span> <span class='ocrx_word' id='word_1_127' title='bbox 553 846 718 883; x_wconf 78' lang='grc' dir='ltr'><strong>ἁμαρτωλῷ.</strong></span> <span class='ocrx_word' id='word_1_128' title='bbox 740 856 750 873; x_wconf 82' lang='grc'><strong>›</strong></span> <span class='ocrx_word' id='word_1_129' title='bbox 777 848 814 875; x_wconf 81' lang='grc' dir='ltr'><strong>Οὐ</strong></span> <span class='ocrx_word' id='word_1_130' title='bbox 833 828 854 856; x_wconf 74' lang='grc' dir='ltr'><em>Β</em></span> 
     </span>
    </p>
   </div>
   <div class='ocr_carea' id='block_1_20' title="bbox 24 890 816 928">
    <p class='ocr_par' dir='ltr' id='par_1_20' title="bbox 24 890 816 928">
     <span class='ocr_line' id='line_1_20' title="bbox 24 890 816 928; baseline 0.005 -12"><span class='ocrx_word' id='word_1_131' title='bbox 24 890 200 925; x_wconf 70' lang='grc' dir='ltr'>δικαιωθῆναι</span> <span class='ocrx_word' id='word_1_132' title='bbox 220 892 313 926; x_wconf 76' lang='grc' dir='ltr'>ζητεῖ,</span> <span class='ocrx_word' id='word_1_133' title='bbox 337 893 395 928; x_wconf 72' lang='grc' dir='ltr'>ᾔδει</span> <span class='ocrx_word' id='word_1_134' title='bbox 410 892 465 928; x_wconf 72' lang='grc' dir='ltr'><strong>γὰρ</strong></span> <span class='ocrx_word' id='word_1_135' title='bbox 492 893 588 920; x_wconf 79' lang='grc' dir='ltr'>ἑαυτὸν</span> <span class='ocrx_word' id='word_1_136' title='bbox 604 893 714 926; x_wconf 79' lang='grc' dir='ltr'>ἀνάξιον</span> <span class='ocrx_word' id='word_1_137' title='bbox 736 893 816 921; x_wconf 84' lang='grc' dir='ltr'>τοῦτο</span> 
     </span>
    </p>
   </div>
   <div class='ocr_carea' id='block_1_21' title="bbox 25 936 815 976">
    <p class='ocr_par' dir='ltr' id='par_1_21' title="bbox 25 936 815 976">
     <span class='ocr_line' id='line_1_21' title="bbox 25 936 815 976; baseline 0.006 -14"><span class='ocrx_word' id='word_1_138' title='bbox 25 936 122 969; x_wconf 75' lang='grc' dir='ltr'>λαϐεῖν,</span> <span class='ocrx_word' id='word_1_139' title='bbox 151 937 215 963; x_wconf 77' lang='grc' dir='ltr'>ἀλλ’</span> <span class='ocrx_word' id='word_1_140' title='bbox 240 938 321 964; x_wconf 79' lang='grc' dir='ltr'>ἵλεων</span> <span class='ocrx_word' id='word_1_141' title='bbox 344 939 420 974; x_wconf 75' lang='grc' dir='ltr'>αὐτῷ</span> <span class='ocrx_word' id='word_1_142' title='bbox 442 939 572 973; x_wconf 81' lang='grc' dir='ltr'>γενέσθαι</span> <span class='ocrx_word' id='word_1_143' title='bbox 594 940 751 976; x_wconf 81' lang='grc' dir='ltr'>παρακαλεῖ</span> <span class='ocrx_word' id='word_1_144' title='bbox 769 941 815 967; x_wconf 70' lang='grc' dir='ltr'><strong>τὸν</strong></span> 
     </span>
    </p>
   </div>
   <div class='ocr_carea' id='block_1_22' title="bbox 27 982 815 1021">
    <p class='ocr_par' dir='ltr' id='par_1_22' title="bbox 27 982 815 1021">
     <span class='ocr_line' id='line_1_22' title="bbox 27 982 815 1021; baseline 0.008 -13"><span class='ocrx_word' id='word_1_145' title='bbox 27 982 86 1009; x_wconf 76' lang='grc' dir='ltr'>Θεόν</span> <span class='ocrx_word' id='word_1_146' title='bbox 100 991 106 997; x_wconf 94' lang='grc'><strong>·</strong></span> <span class='ocrx_word' id='word_1_147' title='bbox 131 983 181 1009; x_wconf 78' lang='grc' dir='ltr'>καὶ</span> <span class='ocrx_word' id='word_1_148' title='bbox 200 983 232 1009; x_wconf 87' lang='grc' dir='ltr'><strong>τδ</strong></span> <span class='ocrx_word' id='word_1_149' title='bbox 247 983 374 1011; x_wconf 81' lang='grc' dir='ltr'>ἐντεῦθεν</span> <span class='ocrx_word' id='word_1_150' title='bbox 391 985 420 1010; x_wconf 80' lang='grc' dir='ltr'>τὸ</span> <span class='ocrx_word' id='word_1_151' title='bbox 436 986 553 1021; x_wconf 74' lang='grc' dir='ltr'>πρᾶγμα</span> <span class='ocrx_word' id='word_1_152' title='bbox 571 986 754 1021; x_wconf 80' lang='grc' dir='ltr'><strong>ἀνέστραπτο.</strong></span> <span class='ocrx_word' id='word_1_153' title='bbox 785 987 815 1013; x_wconf 93' lang='grc' dir='ltr'>Ὀ</span> 
     </span>
    </p>
   </div>
   <div class='ocr_carea' id='block_1_23' title="bbox 29 1026 814 1067">
    <p class='ocr_par' dir='ltr' id='par_1_23' title="bbox 29 1026 814 1067">
     <span class='ocr_line' id='line_1_23' title="bbox 29 1026 814 1067; baseline 0.009 -15"><span class='ocrx_word' id='word_1_154' title='bbox 29 1027 71 1062; x_wconf 73' lang='grc' dir='ltr'>μὲν</span> <span class='ocrx_word' id='word_1_155' title='bbox 90 1027 145 1063; x_wconf 76' lang='grc' dir='ltr'>γὰρ</span> <span class='ocrx_word' id='word_1_156' title='bbox 166 1028 322 1063; x_wconf 77' lang='grc' dir='ltr'>Φαρισατος</span> <span class='ocrx_word' id='word_1_157' title='bbox 339 1026 384 1055; x_wconf 75' lang='grc' dir='ltr'>οἷα</span> <span class='ocrx_word' id='word_1_158' title='bbox 398 1030 506 1065; x_wconf 81' lang='grc' dir='ltr'>δένδρον</span> <span class='ocrx_word' id='word_1_159' title='bbox 532 1031 625 1065; x_wconf 78' lang='grc' dir='ltr'>κομῶν</span> <span class='ocrx_word' id='word_1_160' title='bbox 641 1031 679 1066; x_wconf 83' lang='grc' dir='ltr'>τῷ</span> <span class='ocrx_word' id='word_1_161' title='bbox 702 1031 814 1067; x_wconf 85' lang='grc' dir='ltr'>καρπῷ,</span> 
     </span>
    </p>
   </div>
   <div class='ocr_carea' id='block_1_24' title="bbox 27 1073 815 1111">
    <p class='ocr_par' dir='ltr' id='par_1_24' title="bbox 27 1073 815 1111">
     <span class='ocr_line' id='line_1_24' title="bbox 27 1073 815 1111; baseline 0.008 -14"><span class='ocrx_word' id='word_1_162' title='bbox 27 1073 71 1106; x_wconf 73' lang='grc' dir='ltr'>τῆς</span> <span class='ocrx_word' id='word_1_163' title='bbox 84 1073 137 1098; x_wconf 86' lang='grc' dir='ltr'><strong>τῶν</strong></span> <span class='ocrx_word' id='word_1_164' title='bbox 147 1073 271 1100; x_wconf 68' lang='grc' dir='ltr'>ἐντολῶν</span> <span class='ocrx_word' id='word_1_165' title='bbox 281 1075 416 1110; x_wconf 81' lang='grc' dir='ltr'><strong>φυλακῆς,</strong></span> <span class='ocrx_word' id='word_1_166' title='bbox 429 1075 559 1111; x_wconf 74' lang='grc' dir='ltr'><strong>ἐξαίφνης</strong></span> <span class='ocrx_word' id='word_1_167' title='bbox 568 1076 605 1108; x_wconf 85' lang='grc' dir='ltr'>ὡς</span> <span class='ocrx_word' id='word_1_168' title='bbox 617 1077 669 1103; x_wconf 71' lang='grc' dir='ltr'>ὐπδ</span> <span class='ocrx_word' id='word_1_169' title='bbox 686 1078 815 1111; x_wconf 73' lang='grc' dir='ltr'>ῥαγδαίου</span> 
     </span>
    </p>
   </div>
   <div class='ocr_carea' id='block_1_25' title="bbox 28 1118 815 1157">
    <p class='ocr_par' dir='ltr' id='par_1_25' title="bbox 28 1118 815 1157">
     <span class='ocr_line' id='line_1_25' title="bbox 28 1118 815 1157; baseline 0.005 -13"><span class='ocrx_word' id='word_1_170' title='bbox 28 1118 190 1154; x_wconf 75' lang='grc' dir='ltr'>πνεύματος,</span> <span class='ocrx_word' id='word_1_171' title='bbox 211 1119 252 1154; x_wconf 85' lang='grc' dir='ltr'><strong>τῷ</strong></span> <span class='ocrx_word' id='word_1_172' title='bbox 286 1120 335 1154; x_wconf 79' lang='grc' dir='ltr'>τῆς</span> <span class='ocrx_word' id='word_1_173' title='bbox 363 1121 516 1154; x_wconf 71' lang='grc' dir='ltr'>κενοδοξίας</span> <span class='ocrx_word' id='word_1_174' title='bbox 533 1122 627 1157; x_wconf 86' lang='grc' dir='ltr'>ἀνέμῳ</span> <span class='ocrx_word' id='word_1_175' title='bbox 645 1123 815 1157; x_wconf 76' lang='grc' dir='ltr'>ὲκτιναχθεὶς</span> 
     </span>
    </p>
   </div>
   <div class='ocr_carea' id='block_1_26' title="bbox 30 1165 817 1202">
    <p class='ocr_par' dir='ltr' id='par_1_26' title="bbox 30 1165 817 1202">
     <span class='ocr_line' id='line_1_26' title="bbox 30 1165 817 1202; baseline 0.005 -12"><span class='ocrx_word' id='word_1_176' title='bbox 30 1165 116 1200; x_wconf 77' lang='grc' dir='ltr'>ὠράθη</span> <span class='ocrx_word' id='word_1_177' title='bbox 141 1166 271 1200; x_wconf 71' lang='grc' dir='ltr'>γυμνὸς,</span> <span class='ocrx_word' id='word_1_178' title='bbox 306 1166 344 1198; x_wconf 88' lang='grc' dir='ltr'>ὼς</span> <span class='ocrx_word' id='word_1_179' title='bbox 368 1167 526 1201; x_wconf 56' lang='grc' dir='ltr'>τερέϐικθος</span> <span class='ocrx_word' id='word_1_180' title='bbox 552 1168 759 1202; x_wconf 72' lang='grc' dir='ltr'>ἁποὸεῦληκυῖα</span> <span class='ocrx_word' id='word_1_181' title='bbox 781 1168 817 1194; x_wconf 82' lang='grc' dir='ltr'><strong>τὰ</strong></span> 
     </span>
    </p>
   </div>
   <div class='ocr_carea' id='block_1_27' title="bbox 30 1210 816 1250">
    <p class='ocr_par' dir='ltr' id='par_1_27' title="bbox 30 1210 816 1250">
     <span class='ocr_line' id='line_1_27' title="bbox 30 1210 816 1250; baseline 0.005 -14"><span class='ocrx_word' id='word_1_182' title='bbox 30 1210 118 1244; x_wconf 58' lang='grc' dir='ltr'>φύλλα,</span> <span class='ocrx_word' id='word_1_183' title='bbox 141 1211 172 1238; x_wconf 80' lang='grc' dir='ltr'>τὸ</span> <span class='ocrx_word' id='word_1_184' title='bbox 188 1211 240 1238; x_wconf 77' lang='grc' dir='ltr'>τοῦ</span> <span class='ocrx_word' id='word_1_185' title='bbox 265 1211 378 1238; x_wconf 80' lang='grc' dir='ltr'>Ἡσαΐου</span> <span class='ocrx_word' id='word_1_186' title='bbox 392 1214 491 1240; x_wconf 82' lang='grc' dir='ltr'>εἰπεῖν.</span> <span class='ocrx_word' id='word_1_187' title='bbox 511 1213 541 1239; x_wconf 91' lang='lat'><strong>&#39;0</strong></span> <span class='ocrx_word' id='word_1_188' title='bbox 555 1213 584 1240; x_wconf 81' lang='grc' dir='ltr'>δὲ</span> <span class='ocrx_word' id='word_1_189' title='bbox 598 1214 816 1250; x_wconf 76' lang='grc' dir='ltr'>πεφορτισμένος</span> 
     </span>
    </p>
   </div>
   <div class='ocr_carea' id='block_1_28' title="bbox 32 1257 812 1296">
    <p class='ocr_par' dir='ltr' id='par_1_28' title="bbox 32 1257 812 1296">
     <span class='ocr_line' id='line_1_28' title="bbox 32 1257 812 1296; baseline 0.005 -13"><span class='ocrx_word' id='word_1_190' title='bbox 32 1258 73 1291; x_wconf 74' lang='grc' dir='ltr'>τῆς</span> <span class='ocrx_word' id='word_1_191' title='bbox 91 1257 281 1293; x_wconf 72' lang='grc' dir='ltr'><strong>φιλαργυρίας</strong></span> <span class='ocrx_word' id='word_1_192' title='bbox 305 1259 351 1285; x_wconf 78' lang='grc' dir='ltr'><strong>τὸν</strong></span> <span class='ocrx_word' id='word_1_193' title='bbox 376 1259 512 1293; x_wconf 73' lang='grc' dir='ltr'>μὸλιῦδον,</span> <span class='ocrx_word' id='word_1_194' title='bbox 530 1261 570 1286; x_wconf 85' lang='grc' dir='ltr'><strong>ἑνὶ</strong></span> <span class='ocrx_word' id='word_1_195' title='bbox 590 1260 661 1295; x_wconf 85' lang='grc' dir='ltr'>λόγῳ</span> <span class='ocrx_word' id='word_1_196' title='bbox 689 1262 812 1296; x_wconf 79' lang='grc' dir='ltr'>νουνεχεῖ</span> 
     </span>
    </p>
   </div>
   <div class='ocr_carea' id='block_1_29' title="bbox 32 1303 816 1340">
    <p class='ocr_par' dir='ltr' id='par_1_29' title="bbox 32 1303 816 1340">
     <span class='ocr_line' id='line_1_29' title="bbox 32 1303 816 1340; baseline 0.006 -12"><span class='ocrx_word' id='word_1_197' title='bbox 32 1303 72 1329; x_wconf 74' lang='grc' dir='ltr'>καὶ</span> <span class='ocrx_word' id='word_1_198' title='bbox 82 1304 204 1338; x_wconf 84' lang='grc' dir='ltr'>σχήματι</span> <span class='ocrx_word' id='word_1_199' title='bbox 219 1304 342 1339; x_wconf 81' lang='grc' dir='ltr'>ταπεινῷ</span> <span class='ocrx_word' id='word_1_200' title='bbox 369 1305 399 1330; x_wconf 72' lang='grc' dir='ltr'>τὸ</span> <span class='ocrx_word' id='word_1_201' title='bbox 416 1305 499 1340; x_wconf 85' lang='grc' dir='ltr'>βάρος</span> <span class='ocrx_word' id='word_1_202' title='bbox 514 1305 568 1332; x_wconf 76' lang='grc' dir='ltr'><strong>τῶν</strong></span> <span class='ocrx_word' id='word_1_203' title='bbox 582 1306 676 1333; x_wconf 83' lang='grc' dir='ltr'>κακῶν</span> <span class='ocrx_word' id='word_1_204' title='bbox 687 1307 816 1333; x_wconf 80' lang='grc' dir='ltr'>ἀποτίθε-</span> 
     </span>
    </p>
   </div>
   <div class='ocr_carea' id='block_1_30' title="bbox 33 1348 815 1385">
    <p class='ocr_par' dir='ltr' id='par_1_30' title="bbox 33 1348 815 1385">
     <span class='ocr_line' id='line_1_30' title="bbox 33 1348 815 1385; baseline 0.005 -12"><span class='ocrx_word' id='word_1_205' title='bbox 33 1356 79 1374; x_wconf 81' lang='grc' dir='ltr'>ται.</span> <span class='ocrx_word' id='word_1_206' title='bbox 96 1348 216 1382; x_wconf 77' lang='grc' dir='ltr'>Ίλιγγιῶ</span> <span class='ocrx_word' id='word_1_207' title='bbox 233 1348 420 1383; x_wconf 79' lang='grc' dir='ltr'>λογιζόμενος,</span> <span class='ocrx_word' id='word_1_208' title='bbox 440 1349 498 1381; x_wconf 80' lang='grc' dir='ltr'>πῶς</span> <span class='ocrx_word' id='word_1_209' title='bbox 514 1351 528 1377; x_wconf 87' lang='grc' dir='ltr'><strong>ό</strong></span> <span class='ocrx_word' id='word_1_210' title='bbox 542 1350 659 1381; x_wconf 78' lang='grc' dir='ltr'>δείλαιος</span> <span class='ocrx_word' id='word_1_211' title='bbox 669 1351 815 1385; x_wconf 82' lang='grc' dir='ltr'>Φαρισαῖος</span> 
     </span>
    </p>
   </div>
   <div class='ocr_carea' id='block_1_31' title="bbox 34 1394 816 1431">
    <p class='ocr_par' dir='ltr' id='par_1_31' title="bbox 34 1394 816 1431">
     <span class='ocr_line' id='line_1_31' title="bbox 34 1394 816 1431; baseline 0.004 -11"><span class='ocrx_word' id='word_1_212' title='bbox 34 1394 114 1428; x_wconf 68' lang='grc' dir='ltr'>φέρων</span> <span class='ocrx_word' id='word_1_213' title='bbox 127 1395 178 1429; x_wconf 76' lang='grc' dir='ltr'>τὴν</span> <span class='ocrx_word' id='word_1_214' title='bbox 196 1395 297 1421; x_wconf 77' lang='grc' dir='ltr'>ἑαυτοῦ</span> <span class='ocrx_word' id='word_1_215' title='bbox 314 1395 403 1430; x_wconf 73' lang='grc' dir='ltr'>ψυχὴν</span> <span class='ocrx_word' id='word_1_216' title='bbox 415 1415 423 1428; x_wconf 83' lang='lat'><strong>,</strong></span> <span class='ocrx_word' id='word_1_217' title='bbox 445 1396 572 1430; x_wconf 80' lang='grc' dir='ltr'>καθάπερ</span> <span class='ocrx_word' id='word_1_218' title='bbox 591 1396 692 1423; x_wconf 77' lang='grc' dir='ltr'>ὁλκάδα</span> <span class='ocrx_word' id='word_1_219' title='bbox 710 1397 816 1431; x_wconf 84' lang='grc' dir='ltr'><strong>μυρίων</strong></span> 
     </span>
    </p>
   </div>
   <div class='ocr_carea' id='block_1_32' title="bbox 35 1438 815 1477">
    <p class='ocr_par' dir='ltr' id='par_1_32' title="bbox 35 1438 815 1477">
     <span class='ocr_line' id='line_1_32' title="bbox 35 1438 815 1477; baseline 0.005 -13"><span class='ocrx_word' id='word_1_220' title='bbox 35 1438 182 1473; x_wconf 76' lang='grc' dir='ltr'>πλήθουσαν</span> <span class='ocrx_word' id='word_1_221' title='bbox 201 1440 374 1474; x_wconf 83' lang='grc' dir='ltr'>ἀγωγίμων,</span> <span class='ocrx_word' id='word_1_222' title='bbox 398 1441 439 1471; x_wconf 75' lang='grc' dir='ltr'>εἰς</span> <span class='ocrx_word' id='word_1_223' title='bbox 459 1441 505 1467; x_wconf 69' lang='grc' dir='ltr'><strong>τὸν</strong></span> <span class='ocrx_word' id='word_1_224' title='bbox 524 1441 622 1476; x_wconf 80' lang='grc' dir='ltr'>λιμένα</span> <span class='ocrx_word' id='word_1_225' title='bbox 638 1442 722 1468; x_wconf 74' lang='grc' dir='ltr'>αὐτοῦ</span> <span class='ocrx_word' id='word_1_226' title='bbox 740 1442 815 1477; x_wconf 82' lang='grc' dir='ltr'>ἱεροῦ</span> 
     </span>
    </p>
   </div>
   <div class='ocr_carea' id='block_1_33' title="bbox 34 1484 851 1534">
    <p class='ocr_par' dir='ltr' id='par_1_33' title="bbox 34 1484 851 1534">
     <span class='ocr_line' id='line_1_33' title="bbox 34 1484 851 1534; baseline 0.005 -24"><span class='ocrx_word' id='word_1_227' title='bbox 34 1484 182 1518; x_wconf 71' lang='grc' dir='ltr'>πεφθακὼς,</span> <span class='ocrx_word' id='word_1_228' title='bbox 206 1487 255 1512; x_wconf 74' lang='grc' dir='ltr'>καὶ</span> <span class='ocrx_word' id='word_1_229' title='bbox 271 1486 325 1512; x_wconf 73' lang='grc' dir='ltr'><strong>τῶν</strong></span> <span class='ocrx_word' id='word_1_230' title='bbox 345 1485 393 1513; x_wconf 78' lang='grc' dir='ltr'>τοῦ</span> <span class='ocrx_word' id='word_1_231' title='bbox 415 1487 475 1517; x_wconf 58' lang='lat' dir='ltr'><strong>vah;</strong></span> <span class='ocrx_word' id='word_1_232' title='bbox 491 1487 634 1526; x_wconf 57' lang='grc' dir='ltr'>,πηδαλίων</span> <span class='ocrx_word' id='word_1_233' title='bbox 654 1487 813 1524; x_wconf 72' lang='grc' dir='ltr'>ἠμεληκὼς,</span> <span class='ocrx_word' id='word_1_234' title='bbox 828 1503 851 1534; x_wconf 78' lang='lat' dir='ltr'>C</span> 
     </span>
    </p>
   </div>
   <div class='ocr_carea' id='block_1_34' title="bbox 35 1530 816 1567">
    <p class='ocr_par' dir='ltr' id='par_1_34' title="bbox 35 1530 816 1567">
     <span class='ocr_line' id='line_1_34' title="bbox 35 1530 816 1567; baseline 0.006 -11"><span class='ocrx_word' id='word_1_235' title='bbox 35 1530 122 1562; x_wconf 78' lang='grc' dir='ltr'>ἀθλίως</span> <span class='ocrx_word' id='word_1_236' title='bbox 144 1531 226 1567; x_wconf 77' lang='grc' dir='ltr'>ῶφθη</span> <span class='ocrx_word' id='word_1_237' title='bbox 249 1533 446 1567; x_wconf 79' lang='grc' dir='ltr'>νεναυαγηκώς</span> <span class='ocrx_word' id='word_1_238' title='bbox 461 1541 469 1548; x_wconf 91' lang='grc'>·</span> <span class='ocrx_word' id='word_1_239' title='bbox 483 1534 527 1560; x_wconf 73' lang='grc' dir='ltr'><strong>διὰ</strong></span> <span class='ocrx_word' id='word_1_240' title='bbox 541 1533 587 1567; x_wconf 72' lang='grc' dir='ltr'><strong>τίς</strong></span> <span class='ocrx_word' id='word_1_241' title='bbox 616 1542 626 1559; x_wconf 70' lang='grc' dir='ltr'>α</span> <span class='ocrx_word' id='word_1_242' title='bbox 643 1534 704 1561; x_wconf 81' lang='grc' dir='ltr'>’Ὁτι</span> <span class='ocrx_word' id='word_1_243' title='bbox 728 1535 781 1567; x_wconf 80' lang='grc' dir='ltr'>πᾶς</span> <span class='ocrx_word' id='word_1_244' title='bbox 801 1535 816 1561; x_wconf 80' lang='grc' dir='ltr'>ὁ</span> 
     </span>
    </p>
   </div>
   <div class='ocr_carea' id='block_1_35' title="bbox 36 1577 814 1614">
    <p class='ocr_par' dir='ltr' id='par_1_35' title="bbox 36 1577 814 1614">
     <span class='ocr_line' id='line_1_35' title="bbox 36 1577 814 1614; baseline 0.008 -12"><span class='ocrx_word' id='word_1_245' title='bbox 36 1577 101 1611; x_wconf 71' lang='grc' dir='ltr'>ὑψῶν</span> <span class='ocrx_word' id='word_1_246' title='bbox 112 1577 212 1604; x_wconf 75' lang='grc' dir='ltr'>ἑαυτὸν</span> <span class='ocrx_word' id='word_1_247' title='bbox 226 1579 478 1614; x_wconf 81' lang='grc' dir='ltr'>ταπεινωθήσεται,</span> <span class='ocrx_word' id='word_1_248' title='bbox 498 1580 545 1606; x_wconf 75' lang='grc' dir='ltr'>καὶ</span> <span class='ocrx_word' id='word_1_249' title='bbox 558 1581 572 1607; x_wconf 84' lang='grc' dir='ltr'>ὁ</span> <span class='ocrx_word' id='word_1_250' title='bbox 589 1581 726 1607; x_wconf 84' lang='grc' dir='ltr'>ταπεινῶν</span> <span class='ocrx_word' id='word_1_251' title='bbox 748 1582 814 1608; x_wconf 78' lang='grc' dir='ltr'>ἑαυ-</span> 
     </span>
    </p>
   </div>
   <div class='ocr_carea' id='block_1_36' title="bbox 36 1623 816 1663">
    <p class='ocr_par' dir='ltr' id='par_1_36' title="bbox 36 1623 816 1663">
     <span class='ocr_line' id='line_1_36' title="bbox 36 1623 816 1663; baseline 0.01 -15"><span class='ocrx_word' id='word_1_252' title='bbox 36 1623 73 1648; x_wconf 58' lang='grc' dir='ltr'><strong>τὴν</strong></span> <span class='ocrx_word' id='word_1_253' title='bbox 90 1623 278 1660; x_wconf 76' lang='grc' dir='ltr'><strong>ὑψωθήσεται.</strong></span> <span class='ocrx_word' id='word_1_254' title='bbox 297 1634 307 1650; x_wconf 84' lang='grc'><strong>›</strong></span> <span class='ocrx_word' id='word_1_255' title='bbox 331 1626 412 1652; x_wconf 79' lang='grc' dir='ltr'>Δοκεῖ</span> <span class='ocrx_word' id='word_1_256' title='bbox 434 1634 480 1660; x_wconf 88' lang='grc' dir='ltr'><strong>μοι</strong></span> <span class='ocrx_word' id='word_1_257' title='bbox 504 1626 624 1654; x_wconf 73' lang='grc' dir='ltr'>ἐνταῦθα</span> <span class='ocrx_word' id='word_1_258' title='bbox 650 1627 816 1663; x_wconf 71' lang='grc' dir='ltr'>ὑπογραφὴν</span> 
     </span>
    </p>
   </div>
   <div class='ocr_carea' id='block_1_37' title="bbox 36 1670 839 1710">
    <p class='ocr_par' dir='ltr' id='par_1_37' title="bbox 36 1670 839 1710">
     <span class='ocr_line' id='line_1_37' title="bbox 36 1670 839 1710; baseline 0.009 -15"><span class='ocrx_word' id='word_1_259' title='bbox 36 1677 87 1695; x_wconf 80' lang='grc' dir='ltr'>τινα</span> <span class='ocrx_word' id='word_1_260' title='bbox 108 1670 247 1697; x_wconf 78' lang='grc' dir='ltr'>ποιεῖσθαι</span> <span class='ocrx_word' id='word_1_261' title='bbox 267 1672 281 1698; x_wconf 82' lang='grc' dir='ltr'><strong>ὸ</strong></span> <span class='ocrx_word' id='word_1_262' title='bbox 301 1671 404 1706; x_wconf 83' lang='grc' dir='ltr'>Κύριος</span> <span class='ocrx_word' id='word_1_263' title='bbox 427 1673 477 1706; x_wconf 81' lang='grc' dir='ltr'>τῆς</span> <span class='ocrx_word' id='word_1_264' title='bbox 495 1673 611 1708; x_wconf 74' lang='grc' dir='ltr'>οἰήσεως</span> <span class='ocrx_word' id='word_1_265' title='bbox 644 1674 750 1710; x_wconf 76' lang='grc' dir='ltr'>καὶτῆς</span> <span class='ocrx_word' id='word_1_266' title='bbox 765 1683 816 1701; x_wconf 84' lang='grc' dir='ltr'>τα·</span> <span class='ocrx_word' id='word_1_267' title='bbox 836 1700 839 1703; x_wconf 92' lang='grc'><strong>,</strong></span> 
     </span>
    </p>
   </div>
   <div class='ocr_carea' id='block_1_38' title="bbox 38 1715 816 1753">
    <p class='ocr_par' dir='ltr' id='par_1_38' title="bbox 38 1715 816 1753">
     <span class='ocr_line' id='line_1_38' title="bbox 38 1715 816 1753; baseline 0.006 -13"><span class='ocrx_word' id='word_1_268' title='bbox 38 1715 180 1747; x_wconf 54' lang='lat' dir='ltr'><strong>seminam;</strong></span> <span class='ocrx_word' id='word_1_269' title='bbox 197 1724 206 1732; x_wconf 62' lang='grc' dir='ltr'><strong><em>η</em></strong></span> <span class='ocrx_word' id='word_1_270' title='bbox 231 1717 279 1743; x_wconf 80' lang='grc' dir='ltr'>καὶ</span> <span class='ocrx_word' id='word_1_271' title='bbox 304 1717 377 1752; x_wconf 81' lang='grc' dir='ltr'>τάχα</span> <span class='ocrx_word' id='word_1_272' title='bbox 397 1725 439 1748; x_wconf 85' lang='grc' dir='ltr'><strong>τις</strong></span> <span class='ocrx_word' id='word_1_273' title='bbox 462 1718 495 1744; x_wconf 83' lang='grc' dir='ltr'>ὲκ</span> <span class='ocrx_word' id='word_1_274' title='bbox 525 1718 629 1744; x_wconf 85' lang='grc' dir='ltr'>τούτων</span> <span class='ocrx_word' id='word_1_275' title='bbox 652 1718 816 1753; x_wconf 74' lang='grc' dir='ltr'>ὁρμώμενος</span> 
     </span>
    </p>
   </div>
   <div class='ocr_carea' id='block_1_39' title="bbox 38 1761 816 1799">
    <p class='ocr_par' dir='ltr' id='par_1_39' title="bbox 38 1761 816 1799">
     <span class='ocr_line' id='line_1_39' title="bbox 38 1761 816 1799; baseline 0.005 -12"><span class='ocrx_word' id='word_1_276' title='bbox 38 1761 118 1788; x_wconf 73' lang='grc' dir='ltr'>ἄνοδον</span> <span class='ocrx_word' id='word_1_277' title='bbox 128 1763 175 1789; x_wconf 66' lang='grc' dir='ltr'><strong>ἐπὶ</strong></span> <span class='ocrx_word' id='word_1_278' title='bbox 190 1763 226 1790; x_wconf 86' lang='grc' dir='ltr'><strong>τά</strong></span> <span class='ocrx_word' id='word_1_279' title='bbox 241 1762 318 1790; x_wconf 86' lang='grc' dir='ltr'>κάτω</span> <span class='ocrx_word' id='word_1_280' title='bbox 331 1763 381 1798; x_wconf 85' lang='grc' dir='ltr'>τὴν</span> <span class='ocrx_word' id='word_1_281' title='bbox 395 1762 551 1796; x_wconf 82' lang='grc' dir='ltr'>κενοδοξίαν</span> <span class='ocrx_word' id='word_1_282' title='bbox 567 1764 703 1799; x_wconf 70' lang='grc' dir='ltr'>ὁρίσαιτο.</span> <span class='ocrx_word' id='word_1_283' title='bbox 730 1764 816 1791; x_wconf 81' lang='grc' dir='ltr'>Τοῦτο</span> 
     </span>
    </p>
   </div>
   <div class='ocr_carea' id='block_1_40' title="bbox 38 1807 814 1847">
    <p class='ocr_par' dir='ltr' id='par_1_40' title="bbox 38 1807 814 1847">
     <span class='ocr_line' id='line_1_40' title="bbox 38 1807 814 1847; baseline 0.005 -13"><span class='ocrx_word' id='word_1_284' title='bbox 38 1807 83 1842; x_wconf 75' lang='grc' dir='ltr'>γὰρ</span> <span class='ocrx_word' id='word_1_285' title='bbox 105 1808 151 1835; x_wconf 71' lang='grc' dir='ltr'><strong>καὶ</strong></span> <span class='ocrx_word' id='word_1_286' title='bbox 178 1809 289 1845; x_wconf 76' lang='grc' dir='ltr'>ἱστορία</span> <span class='ocrx_word' id='word_1_287' title='bbox 314 1809 420 1836; x_wconf 87' lang='grc' dir='ltr'>παλαιὰ</span> <span class='ocrx_word' id='word_1_288' title='bbox 448 1810 625 1845; x_wconf 77' lang='grc' dir='ltr'>συμὸολικῶς</span> <span class='ocrx_word' id='word_1_289' title='bbox 653 1810 814 1847; x_wconf 75' lang='grc' dir='ltr'>ὑπῃνίξατο.</span> 
     </span>
    </p>
   </div>
   <div class='ocr_carea' id='block_1_41' title="bbox 44 1854 815 1892">
    <p class='ocr_par' dir='ltr' id='par_1_41' title="bbox 44 1854 815 1892">
     <span class='ocr_line' id='line_1_41' title="bbox 44 1854 815 1892; baseline 0.006 -12"><span class='ocrx_word' id='word_1_290' title='bbox 44 1854 162 1889; x_wconf 77' lang='grc' dir='ltr'>’Δδειρὼν</span> <span class='ocrx_word' id='word_1_291' title='bbox 177 1855 234 1891; x_wconf 82' lang='grc' dir='ltr'>γὰρ</span> <span class='ocrx_word' id='word_1_292' title='bbox 247 1856 295 1883; x_wconf 79' lang='grc' dir='ltr'><strong>καὶ</strong></span> <span class='ocrx_word' id='word_1_293' title='bbox 310 1856 401 1882; x_wconf 81' lang='grc' dir='ltr'>Δαθὰν</span> <span class='ocrx_word' id='word_1_294' title='bbox 419 1856 490 1892; x_wconf 83' lang='grc' dir='ltr'>ὑπὲρ</span> <span class='ocrx_word' id='word_1_295' title='bbox 510 1857 574 1888; x_wconf 77' lang='grc' dir='ltr'>τοὺς</span> <span class='ocrx_word' id='word_1_296' title='bbox 596 1856 695 1888; x_wconf 77' lang='grc' dir='ltr'>ἄλλους</span> <span class='ocrx_word' id='word_1_297' title='bbox 711 1858 815 1890; x_wconf 79' lang='grc' dir='ltr'>πάντας</span> 
     </span>
    </p>
   </div>
   <div class='ocr_carea' id='block_1_42' title="bbox 39 1900 816 1940">
    <p class='ocr_par' dir='ltr' id='par_1_42' title="bbox 39 1900 816 1940">
     <span class='ocr_line' id='line_1_42' title="bbox 39 1900 816 1940; baseline 0.005 -14"><span class='ocrx_word' id='word_1_298' title='bbox 39 1900 140 1934; x_wconf 73' lang='grc' dir='ltr'>ἑαυτοὺς</span> <span class='ocrx_word' id='word_1_299' title='bbox 165 1903 287 1938; x_wconf 80' lang='grc' dir='ltr'>ἄραντες</span> <span class='ocrx_word' id='word_1_300' title='bbox 314 1902 496 1935; x_wconf 74' lang='grc' dir='ltr'>ἀλαζονικῶς,</span> <span class='ocrx_word' id='word_1_301' title='bbox 523 1904 569 1930; x_wconf 84' lang='grc' dir='ltr'>καὶ</span> <span class='ocrx_word' id='word_1_302' title='bbox 598 1905 648 1936; x_wconf 85' lang='grc' dir='ltr'>τῆς</span> <span class='ocrx_word' id='word_1_303' title='bbox 675 1904 816 1940; x_wconf 79' lang='grc' dir='ltr'>ίεροσὺνης</span> 
     </span>
    </p>
   </div>
   <div class='ocr_carea' id='block_1_43' title="bbox 41 1947 816 1984">
    <p class='ocr_par' dir='ltr' id='par_1_43' title="bbox 41 1947 816 1984">
     <span class='ocr_line' id='line_1_43' title="bbox 41 1947 816 1984; baseline 0.003 -11"><span class='ocrx_word' id='word_1_304' title='bbox 41 1947 99 1979; x_wconf 55' lang='grc' dir='ltr'>σφᾶς</span> <span class='ocrx_word' id='word_1_305' title='bbox 114 1947 204 1980; x_wconf 81' lang='grc' dir='ltr'>ἀξίους</span> <span class='ocrx_word' id='word_1_306' title='bbox 218 1948 363 1984; x_wconf 81' lang='grc' dir='ltr'>κρίναντες</span> <span class='ocrx_word' id='word_1_307' title='bbox 380 1948 500 1983; x_wconf 82' lang='grc' dir='ltr'>ἰταμῶς,</span> <span class='ocrx_word' id='word_1_308' title='bbox 519 1948 568 1983; x_wconf 80' lang='grc' dir='ltr'>τῆς</span> <span class='ocrx_word' id='word_1_309' title='bbox 584 1949 637 1982; x_wconf 83' lang='grc' dir='ltr'>γῆς</span> <span class='ocrx_word' id='word_1_310' title='bbox 650 1948 816 1984; x_wconf 82' lang='grc' dir='ltr'>διασχούσης</span> 
     </span>
    </p>
   </div>
   <div class='ocr_carea' id='block_1_44' title="bbox 41 1992 816 2029">
    <p class='ocr_par' dir='ltr' id='par_1_44' title="bbox 41 1992 816 2029">
     <span class='ocr_line' id='line_1_44' title="bbox 41 1992 816 2029; baseline 0.004 -12"><span class='ocrx_word' id='word_1_311' title='bbox 41 1992 178 2020; x_wconf 78' lang='grc' dir='ltr'>κατέδυσαν</span> <span class='ocrx_word' id='word_1_312' title='bbox 193 1995 223 2020; x_wconf 76' lang='grc' dir='ltr'>ὲν</span> <span class='ocrx_word' id='word_1_313' title='bbox 235 1993 275 2029; x_wconf 85' lang='grc' dir='ltr'><strong>τῷ</strong></span> <span class='ocrx_word' id='word_1_314' title='bbox 288 1993 426 2028; x_wconf 83' lang='grc' dir='ltr'>χάσματι,</span> <span class='ocrx_word' id='word_1_315' title='bbox 439 1993 486 2020; x_wconf 75' lang='grc' dir='ltr'>καὶ</span> <span class='ocrx_word' id='word_1_316' title='bbox 498 1993 652 2028; x_wconf 76' lang='grc' dir='ltr'>ὐψωθέντες</span> <span class='ocrx_word' id='word_1_317' title='bbox 662 1995 695 2029; x_wconf 87' lang='grc' dir='ltr'>τῇ</span> <span class='ocrx_word' id='word_1_318' title='bbox 710 1994 816 2028; x_wconf 87' lang='grc' dir='ltr'>διανοίᾳ</span> 
     </span>
    </p>
   </div>
   <div class='ocr_carea' id='block_1_45' title="bbox 42 2039 815 2076">
    <p class='ocr_par' dir='ltr' id='par_1_45' title="bbox 42 2039 815 2076">
     <span class='ocr_line' id='line_1_45' title="bbox 42 2039 815 2076; baseline 0.003 -12"><span class='ocrx_word' id='word_1_319' title='bbox 42 2039 260 2076; x_wconf 76' lang='grc' dir='ltr'>ἐταπεινώθησαν.</span> <span class='ocrx_word' id='word_1_320' title='bbox 275 2040 347 2072; x_wconf 77' lang='grc' dir='ltr'>Πρὸς</span> <span class='ocrx_word' id='word_1_321' title='bbox 361 2041 447 2067; x_wconf 74' lang='grc' dir='ltr'>ταῦτα</span> <span class='ocrx_word' id='word_1_322' title='bbox 463 2040 641 2072; x_wconf 74' lang='grc' dir='ltr'>σκοποῦντες,</span> <span class='ocrx_word' id='word_1_323' title='bbox 663 2040 815 2074; x_wconf 76' lang='grc' dir='ltr'>ἀγαπητοὶ,</span> 
     </span>
    </p>
   </div>
   <div class='ocr_carea' id='block_1_46' title="bbox 43 2084 817 2121">
    <p class='ocr_par' dir='ltr' id='par_1_46' title="bbox 43 2084 817 2121">
     <span class='ocr_line' id='line_1_46' title="bbox 43 2084 817 2121; baseline 0.003 -11"><span class='ocrx_word' id='word_1_324' title='bbox 43 2085 185 2120; x_wconf 78' lang='grc' dir='ltr'>μετριάζειν</span> <span class='ocrx_word' id='word_1_325' title='bbox 211 2086 438 2120; x_wconf 79' lang='grc' dir='ltr'>ὲκπαιδευθῶμεν</span> <span class='ocrx_word' id='word_1_326' title='bbox 449 2105 456 2117; x_wconf 85' lang='grc'><em>,</em></span> <span class='ocrx_word' id='word_1_327' title='bbox 471 2086 520 2112; x_wconf 79' lang='grc' dir='ltr'>καὶ</span> <span class='ocrx_word' id='word_1_328' title='bbox 536 2086 573 2120; x_wconf 85' lang='grc' dir='ltr'>μὴ</span> <span class='ocrx_word' id='word_1_329' title='bbox 584 2084 690 2118; x_wconf 83' lang='grc' dir='ltr'>ἀλόγως</span> <span class='ocrx_word' id='word_1_330' title='bbox 704 2086 817 2121; x_wconf 71' lang='grc' dir='ltr'>ὲπαίρε-</span> 
     </span>
    </p>
   </div>
   <div class='ocr_carea' id='block_1_47' title="bbox 43 2129 816 2166">
    <p class='ocr_par' dir='ltr' id='par_1_47' title="bbox 43 2129 816 2166">
     <span class='ocr_line' id='line_1_47' title="bbox 43 2129 816 2166; baseline 0.004 -11"><span class='ocrx_word' id='word_1_331' title='bbox 43 2129 96 2156; x_wconf 90' lang='grc' dir='ltr'>σθαι</span> <span class='ocrx_word' id='word_1_332' title='bbox 107 2137 116 2146; x_wconf 82' lang='lat'><strong>&#39;</strong></span> <span class='ocrx_word' id='word_1_333' title='bbox 134 2132 171 2166; x_wconf 82' lang='grc' dir='ltr'>μὴ</span> <span class='ocrx_word' id='word_1_334' title='bbox 183 2131 207 2159; x_wconf 83' lang='grc' dir='ltr'>δ’</span> <span class='ocrx_word' id='word_1_335' title='bbox 225 2132 307 2166; x_wconf 70' lang='grc' dir='ltr'>ειπερ</span> <span class='ocrx_word' id='word_1_336' title='bbox 322 2133 389 2166; x_wconf 81' lang='grc' dir='ltr'>ἡμῖν</span> <span class='ocrx_word' id='word_1_337' title='bbox 404 2140 430 2157; x_wconf 90' lang='grc' dir='ltr'><strong>τι</strong></span> <span class='ocrx_word' id='word_1_338' title='bbox 446 2131 501 2157; x_wconf 85' lang='grc' dir='ltr'><strong>τῶν</strong></span> <span class='ocrx_word' id='word_1_339' title='bbox 518 2130 616 2163; x_wconf 80' lang='grc' dir='ltr'>δεξιῶν</span> <span class='ocrx_word' id='word_1_340' title='bbox 633 2130 816 2166; x_wconf 83' lang='grc' dir='ltr'>κεκατώρθω-</span> 
     </span>
    </p>
   </div>
   <div class='ocr_carea' id='block_1_48' title="bbox 870 206 1662 244">
    <p class='ocr_par' dir='ltr' id='par_1_48' title="bbox 870 206 1662 244">
     <span class='ocr_line' id='line_1_48' title="bbox 870 206 1662 244; baseline 0.006 -12"><span class='ocrx_word' id='word_1_341' title='bbox 870 209 922 238; x_wconf 88' lang='lat' dir='ltr'><strong>tur,</strong></span> <span class='ocrx_word' id='word_1_342' title='bbox 941 206 1113 240; x_wconf 82' lang='lat' dir='ltr'><strong>precabatur.</strong></span> <span class='ocrx_word' id='word_1_343' title='bbox 1135 207 1214 235; x_wconf 89' lang='lat' dir='ltr'><strong>Stetit</strong></span> <span class='ocrx_word' id='word_1_344' title='bbox 1227 208 1308 242; x_wconf 79' lang='lat' dir='ltr'><strong>igitur</strong></span> <span class='ocrx_word' id='word_1_345' title='bbox 1322 209 1400 243; x_wconf 76' lang='lat' dir='ltr'><strong>longe</strong></span> <span class='ocrx_word' id='word_1_346' title='bbox 1412 209 1621 244; x_wconf 82' lang='lat' dir='ltr'><strong>collacrvmans,</strong></span> <span class='ocrx_word' id='word_1_347' title='bbox 1634 215 1662 237; x_wconf 89' lang='lat' dir='ltr'><strong>et</strong></span> 
     </span>
    </p>
   </div>
   <div class='ocr_carea' id='block_1_49' title="bbox 872 252 1660 292">
    <p class='ocr_par' dir='ltr' id='par_1_49' title="bbox 872 252 1660 292">
     <span class='ocr_line' id='line_1_49' title="bbox 872 252 1660 292; baseline 0.008 -14"><span class='ocrx_word' id='word_1_348' title='bbox 872 252 988 279; x_wconf 89' lang='lat' dir='ltr'><strong>tundens</strong></span> <span class='ocrx_word' id='word_1_349' title='bbox 1012 257 1120 286; x_wconf 79' lang='lat' dir='ltr'><strong>pectora</strong></span> <span class='ocrx_word' id='word_1_350' title='bbox 1148 253 1255 288; x_wconf 85' lang='lat' dir='ltr'><strong>palmis,</strong></span> <span class='ocrx_word' id='word_1_351' title='bbox 1283 260 1312 282; x_wconf 86' lang='grc' dir='ltr'><strong>ιιι</strong></span> <span class='ocrx_word' id='word_1_352' title='bbox 1341 255 1377 282; x_wconf 78' lang='lat' dir='ltr'><strong>ait</strong></span> <span class='ocrx_word' id='word_1_353' title='bbox 1396 255 1546 292; x_wconf 85' lang='lat' dir='ltr'><strong>theologica</strong></span> <span class='ocrx_word' id='word_1_354' title='bbox 1571 265 1660 286; x_wconf 85' lang='lat' dir='ltr'><strong>musa.</strong></span> 
     </span>
    </p>
   </div>
   <div class='ocr_carea' id='block_1_50' title="bbox 868 295 1660 338">
    <p class='ocr_par' dir='ltr' id='par_1_50' title="bbox 868 295 1660 338">
     <span class='ocr_line' id='line_1_50' title="bbox 868 295 1660 338; baseline 0.009 -16"><span class='ocrx_word' id='word_1_355' title='bbox 868 295 958 328; x_wconf 84' lang='lat' dir='ltr'><strong>Quare</strong></span> <span class='ocrx_word' id='word_1_356' title='bbox 987 301 1076 324; x_wconf 87' lang='lat' dir='ltr'><strong>autem</strong></span> <span class='ocrx_word' id='word_1_357' title='bbox 1103 305 1190 332; x_wconf 85' lang='lat' dir='ltr'><strong>neque</strong></span> <span class='ocrx_word' id='word_1_358' title='bbox 1213 304 1304 333; x_wconf 88' lang='lat' dir='ltr'><strong>eapttt,</strong></span> <span class='ocrx_word' id='word_1_359' title='bbox 1330 307 1417 334; x_wconf 87' lang='lat' dir='ltr'><strong>ueqtte</strong></span> <span class='ocrx_word' id='word_1_360' title='bbox 1442 308 1548 335; x_wconf 85' lang='lat' dir='ltr'><strong>genua,</strong></span> <span class='ocrx_word' id='word_1_361' title='bbox 1576 311 1660 338; x_wconf 85' lang='lat' dir='ltr'><strong>neque</strong></span> 
     </span>
    </p>
   </div>
   <div class='ocr_carea' id='block_1_51' title="bbox 868 342 1554 381">
    <p class='ocr_par' dir='ltr' id='par_1_51' title="bbox 868 342 1554 381">
     <span class='ocr_line' id='line_1_51' title="bbox 868 342 1554 381; baseline 0.006 -12"><span class='ocrx_word' id='word_1_362' title='bbox 868 342 949 370; x_wconf 82' lang='lat' dir='ltr'><strong>aliam</strong></span> <span class='ocrx_word' id='word_1_363' title='bbox 966 343 1089 377; x_wconf 88' lang='lat' dir='ltr'><strong>corporis</strong></span> <span class='ocrx_word' id='word_1_364' title='bbox 1103 346 1273 379; x_wconf 88' lang='lat' dir='ltr'><strong>partem,sed</strong></span> <span class='ocrx_word' id='word_1_365' title='bbox 1293 350 1387 380; x_wconf 88' lang='lat' dir='ltr'><strong>peetus</strong></span> <span class='ocrx_word' id='word_1_366' title='bbox 1403 347 1525 381; x_wconf 63' lang='lat' dir='ltr'><strong>pulsabat</strong></span> <span class='ocrx_word' id='word_1_367' title='bbox 1542 349 1554 373; x_wconf 81' lang='lat'>?</span> 
     </span>
    </p>
   </div>
   <div class='ocr_carea' id='block_1_52' title="bbox 907 476 1660 513">
    <p class='ocr_par' dir='ltr' id='par_1_52' title="bbox 907 476 1660 513">
     <span class='ocr_line' id='line_1_52' title="bbox 907 476 1660 513; baseline 0.005 -10"><span class='ocrx_word' id='word_1_368' title='bbox 907 485 916 502; x_wconf 87' lang='grc'><em>‹</em></span> <span class='ocrx_word' id='word_1_369' title='bbox 934 476 1117 510; x_wconf 77' lang='lat' dir='ltr'><strong>Percutiebat,</strong></span> <span class='ocrx_word' id='word_1_370' title='bbox 1133 482 1231 512; x_wconf 80' lang='lat' dir='ltr'><strong>tnqutt,</strong></span> <span class='ocrx_word' id='word_1_371' title='bbox 1243 483 1338 513; x_wconf 90' lang='lat' dir='ltr'><strong>pectus</strong></span> <span class='ocrx_word' id='word_1_372' title='bbox 1353 485 1429 506; x_wconf 88' lang='lat' dir='ltr'><strong>suum</strong></span> <span class='ocrx_word' id='word_1_373' title='bbox 1449 477 1562 508; x_wconf 80' lang='lat' dir='ltr'><strong>dicens:</strong></span> <span class='ocrx_word' id='word_1_374' title='bbox 1579 479 1660 511; x_wconf 90' lang='lat' dir='ltr'><strong>Deus,</strong></span> 
     </span>
    </p>
   </div>
   <div class='ocr_carea' id='block_1_53' title="bbox 868 523 1660 559">
    <p class='ocr_par' dir='ltr' id='par_1_53' title="bbox 868 523 1660 559">
     <span class='ocr_line' id='line_1_53' title="bbox 868 523 1660 559; baseline 0.004 -9"><span class='ocrx_word' id='word_1_375' title='bbox 868 523 1003 558; x_wconf 79' lang='lat' dir='ltr'><strong>propitius</strong></span> <span class='ocrx_word' id='word_1_376' title='bbox 1018 528 1077 552; x_wconf 88' lang='lat' dir='ltr'><strong>esto</strong></span> <span class='ocrx_word' id='word_1_377' title='bbox 1097 525 1163 552; x_wconf 87' lang='lat' dir='ltr'><strong>mihi</strong></span> <span class='ocrx_word' id='word_1_378' title='bbox 1179 525 1328 559; x_wconf 80' lang='lat' dir='ltr'><strong>peccatori.</strong></span> <span class='ocrx_word' id='word_1_379' title='bbox 1352 534 1361 550; x_wconf 74' lang='grc' dir='ltr'><strong>ι</strong></span> <span class='ocrx_word' id='word_1_380' title='bbox 1378 525 1510 553; x_wconf 88' lang='lat' dir='ltr'><strong>Nimirum</strong></span> <span class='ocrx_word' id='word_1_381' title='bbox 1526 534 1559 553; x_wconf 85' lang='lat' dir='ltr'><strong>ex</strong></span> <span class='ocrx_word' id='word_1_382' title='bbox 1577 527 1660 553; x_wconf 89' lang='lat' dir='ltr'><strong>corde</strong></span> 
     </span>
    </p>
   </div>
   <div class='ocr_carea' id='block_1_54' title="bbox 869 570 1662 606">
    <p class='ocr_par' dir='ltr' id='par_1_54' title="bbox 869 570 1662 606">
     <span class='ocr_line' id='line_1_54' title="bbox 869 570 1662 606; baseline 0.001 -9"><span class='ocrx_word' id='word_1_383' title='bbox 869 570 1049 604; x_wconf 80' lang='lat' dir='ltr'><strong>cogitationes</strong></span> <span class='ocrx_word' id='word_1_384' title='bbox 1064 570 1097 597; x_wconf 85' lang='lat' dir='ltr'><strong>ad</strong></span> <span class='ocrx_word' id='word_1_385' title='bbox 1123 571 1264 597; x_wconf 79' lang='lat' dir='ltr'><strong>avaritiam</strong></span> <span class='ocrx_word' id='word_1_386' title='bbox 1288 571 1376 606; x_wconf 89' lang='lat' dir='ltr'><strong>ipsum</strong></span> <span class='ocrx_word' id='word_1_387' title='bbox 1397 571 1546 598; x_wconf 80' lang='lat' dir='ltr'><strong>excitantes</strong></span> <span class='ocrx_word' id='word_1_388' title='bbox 1565 579 1662 606; x_wconf 81' lang='lat' dir='ltr'><strong>erupe-</strong></span> 
     </span>
    </p>
   </div>
   <div class='ocr_carea' id='block_1_55' title="bbox 867 617 1663 652">
    <p class='ocr_par' dir='ltr' id='par_1_55' title="bbox 867 617 1663 652">
     <span class='ocr_line' id='line_1_55' title="bbox 867 617 1663 652; baseline 0.003 -10"><span class='ocrx_word' id='word_1_389' title='bbox 867 621 945 649; x_wconf 85' lang='lat' dir='ltr'><strong>rant;</strong></span> <span class='ocrx_word' id='word_1_390' title='bbox 959 621 986 643; x_wconf 87' lang='lat' dir='ltr'><strong>et</strong></span> <span class='ocrx_word' id='word_1_391' title='bbox 1003 617 1127 644; x_wconf 83' lang='lat' dir='ltr'><strong>manibus</strong></span> <span class='ocrx_word' id='word_1_392' title='bbox 1138 617 1194 652; x_wconf 80' lang='lat'><strong><em>99</em></strong></span> <span class='ocrx_word' id='word_1_393' title='bbox 1208 618 1240 643; x_wconf 85' lang='lat' dir='ltr'><strong>ad</strong></span> <span class='ocrx_word' id='word_1_394' title='bbox 1258 617 1373 644; x_wconf 85' lang='lat' dir='ltr'><strong>alienam</strong></span> <span class='ocrx_word' id='word_1_395' title='bbox 1396 625 1453 645; x_wconf 91' lang='lat' dir='ltr'><strong>rem</strong></span> <span class='ocrx_word' id='word_1_396' title='bbox 1476 617 1572 652; x_wconf 83' lang='lat' dir='ltr'><strong>injuste</strong></span> <span class='ocrx_word' id='word_1_397' title='bbox 1588 617 1663 644; x_wconf 87' lang='lat' dir='ltr'><strong>acci-</strong></span> 
     </span>
    </p>
   </div>
   <div class='ocr_carea' id='block_1_56' title="bbox 867 661 1662 697">
    <p class='ocr_par' dir='ltr' id='par_1_56' title="bbox 867 661 1662 697">
     <span class='ocr_line' id='line_1_56' title="bbox 867 661 1662 697; baseline 0.001 -10"><span class='ocrx_word' id='word_1_398' title='bbox 867 661 992 696; x_wconf 82' lang='lat' dir='ltr'><strong>piendam</strong></span> <span class='ocrx_word' id='word_1_399' title='bbox 1019 661 1120 689; x_wconf 84' lang='lat' dir='ltr'><strong>abusus</strong></span> <span class='ocrx_word' id='word_1_400' title='bbox 1143 661 1242 689; x_wconf 82' lang='lat' dir='ltr'><strong>iuerat.</strong></span> <span class='ocrx_word' id='word_1_401' title='bbox 1264 662 1352 690; x_wconf 88' lang='lat' dir='ltr'><strong>Locus</strong></span> <span class='ocrx_word' id='word_1_402' title='bbox 1367 662 1451 695; x_wconf 86' lang='lat' dir='ltr'><strong>enim,</strong></span> <span class='ocrx_word' id='word_1_403' title='bbox 1468 662 1493 689; x_wconf 93' lang='lat' dir='ltr'><strong>in</strong></span> <span class='ocrx_word' id='word_1_404' title='bbox 1510 669 1564 697; x_wconf 89' lang='lat' dir='ltr'><strong>quo</strong></span> <span class='ocrx_word' id='word_1_405' title='bbox 1579 663 1662 690; x_wconf 88' lang='lat' dir='ltr'><strong>situm</strong></span> 
     </span>
    </p>
   </div>
   <div class='ocr_carea' id='block_1_57' title="bbox 867 707 1662 743">
    <p class='ocr_par' dir='ltr' id='par_1_57' title="bbox 867 707 1662 743">
     <span class='ocr_line' id='line_1_57' title="bbox 867 707 1662 743; baseline 0.001 -10"><span class='ocrx_word' id='word_1_406' title='bbox 867 711 909 734; x_wconf 86' lang='lat' dir='ltr'><strong>est</strong></span> <span class='ocrx_word' id='word_1_407' title='bbox 946 714 1004 740; x_wconf 89' lang='lat' dir='ltr'><strong>cor,</strong></span> <span class='ocrx_word' id='word_1_408' title='bbox 1039 712 1134 742; x_wconf 88' lang='lat' dir='ltr'><strong>pectus</strong></span> <span class='ocrx_word' id='word_1_409' title='bbox 1161 712 1214 735; x_wconf 89' lang='lat' dir='ltr'><strong>est.</strong></span> <span class='ocrx_word' id='word_1_410' title='bbox 1243 708 1339 742; x_wconf 72' lang='lat' dir='ltr'><strong>Merito</strong></span> <span class='ocrx_word' id='word_1_411' title='bbox 1370 707 1452 743; x_wconf 80' lang='lat' dir='ltr'><strong>igitur</strong></span> <span class='ocrx_word' id='word_1_412' title='bbox 1482 708 1662 742; x_wconf 82' lang='lat' dir='ltr'><strong>improbitatis</strong></span> 
     </span>
    </p>
   </div>
   <div class='ocr_carea' id='block_1_58' title="bbox 867 752 1663 789">
    <p class='ocr_par' dir='ltr' id='par_1_58' title="bbox 867 752 1663 789">
     <span class='ocr_line' id='line_1_58' title="bbox 867 752 1663 789; baseline 0.001 -10"><span class='ocrx_word' id='word_1_413' title='bbox 867 752 1002 780; x_wconf 83' lang='lat' dir='ltr'><strong>oﬂieinatu</strong></span> <span class='ocrx_word' id='word_1_414' title='bbox 1027 754 1153 781; x_wconf 89' lang='lat' dir='ltr'><strong>manibus</strong></span> <span class='ocrx_word' id='word_1_415' title='bbox 1171 754 1267 781; x_wconf 88' lang='lat' dir='ltr'><strong>iisdem</strong></span> <span class='ocrx_word' id='word_1_416' title='bbox 1286 755 1425 787; x_wconf 83' lang='lat' dir='ltr'><strong>verberat,</strong></span> <span class='ocrx_word' id='word_1_417' title='bbox 1447 761 1506 789; x_wconf 81' lang='lat' dir='ltr'><strong>quae</strong></span> <span class='ocrx_word' id='word_1_418' title='bbox 1522 755 1555 781; x_wconf 88' lang='lat' dir='ltr'><strong>ad</strong></span> <span class='ocrx_word' id='word_1_419' title='bbox 1573 754 1663 781; x_wconf 83' lang='lat' dir='ltr'><strong>avari-</strong></span> 
     </span>
    </p>
   </div>
   <div class='ocr_carea' id='block_1_59' title="bbox 871 798 1226 827">
    <p class='ocr_par' dir='ltr' id='par_1_59' title="bbox 871 798 1226 827">
     <span class='ocr_line' id='line_1_59' title="bbox 871 798 1226 827; baseline 0.008 -3"><span class='ocrx_word' id='word_1_420' title='bbox 871 798 935 825; x_wconf 85' lang='lat' dir='ltr'><strong>tiam</strong></span> <span class='ocrx_word' id='word_1_421' title='bbox 951 798 1061 826; x_wconf 81' lang='lat' dir='ltr'><strong>fuerant</strong></span> <span class='ocrx_word' id='word_1_422' title='bbox 1077 798 1226 827; x_wconf 76' lang='lat' dir='ltr'><strong>famulalte.</strong></span> 
     </span>
    </p>
   </div>
   <div class='ocr_carea' id='block_1_60' title="bbox 909 843 1661 880">
    <p class='ocr_par' dir='ltr' id='par_1_60' title="bbox 909 843 1661 880">
     <span class='ocr_line' id='line_1_60' title="bbox 909 843 1661 880; baseline 0.003 -11"><span class='ocrx_word' id='word_1_423' title='bbox 909 853 918 869; x_wconf 75' lang='grc' dir='ltr'><strong>ι</strong></span> <span class='ocrx_word' id='word_1_424' title='bbox 939 843 1023 875; x_wconf 86' lang='lat' dir='ltr'><strong>Deus,</strong></span> <span class='ocrx_word' id='word_1_425' title='bbox 1035 844 1168 879; x_wconf 91' lang='lat' dir='ltr'><strong>propitius</strong></span> <span class='ocrx_word' id='word_1_426' title='bbox 1181 848 1240 872; x_wconf 89' lang='lat' dir='ltr'><strong>esto</strong></span> <span class='ocrx_word' id='word_1_427' title='bbox 1250 845 1313 872; x_wconf 88' lang='lat' dir='ltr'><strong>mihi</strong></span> <span class='ocrx_word' id='word_1_428' title='bbox 1328 845 1475 880; x_wconf 73' lang='lat' dir='ltr'><strong>peccaturi.</strong></span> <span class='ocrx_word' id='word_1_429' title='bbox 1489 855 1498 871; x_wconf 77' lang='grc' dir='ltr'><strong>ι</strong></span> <span class='ocrx_word' id='word_1_430' title='bbox 1512 845 1569 872; x_wconf 85' lang='lat' dir='ltr'><strong>Non</strong></span> <span class='ocrx_word' id='word_1_431' title='bbox 1586 845 1661 880; x_wconf 85' lang='lat' dir='ltr'><strong>petit,</strong></span> 
     </span>
    </p>
   </div>
   <div class='ocr_carea' id='block_1_61' title="bbox 870 890 1662 927">
    <p class='ocr_par' dir='ltr' id='par_1_61' title="bbox 870 890 1662 927">
     <span class='ocr_line' id='line_1_61' title="bbox 870 890 1662 927; baseline 0.003 -11"><span class='ocrx_word' id='word_1_432' title='bbox 870 895 900 917; x_wconf 91' lang='lat' dir='ltr'><strong>ut</strong></span> <span class='ocrx_word' id='word_1_433' title='bbox 913 890 1098 925; x_wconf 74' lang='lat' dir='ltr'><strong>iustiﬁcetur;</strong></span> <span class='ocrx_word' id='word_1_434' title='bbox 1121 890 1229 918; x_wconf 87' lang='lat' dir='ltr'><strong>videbat</strong></span> <span class='ocrx_word' id='word_1_435' title='bbox 1243 891 1314 919; x_wconf 89' lang='lat' dir='ltr'><strong>enim</strong></span> <span class='ocrx_word' id='word_1_436' title='bbox 1331 899 1361 918; x_wconf 83' lang='lat' dir='ltr'><strong>se</strong></span> <span class='ocrx_word' id='word_1_437' title='bbox 1377 891 1530 927; x_wconf 81' lang='lat' dir='ltr'><strong>indignum,</strong></span> <span class='ocrx_word' id='word_1_438' title='bbox 1550 892 1595 926; x_wconf 91' lang='lat' dir='ltr'><strong>qui</strong></span> <span class='ocrx_word' id='word_1_439' title='bbox 1613 891 1662 918; x_wconf 86' lang='lat' dir='ltr'><strong>hoe</strong></span> 
     </span>
    </p>
   </div>
   <div class='ocr_carea' id='block_1_62' title="bbox 871 936 1659 971">
    <p class='ocr_par' dir='ltr' id='par_1_62' title="bbox 871 936 1659 971">
     <span class='ocr_line' id='line_1_62' title="bbox 871 936 1659 971; baseline 0.004 -8"><span class='ocrx_word' id='word_1_440' title='bbox 871 936 1042 970; x_wconf 80' lang='lat' dir='ltr'><strong>impetraret;</strong></span> <span class='ocrx_word' id='word_1_441' title='bbox 1059 936 1105 964; x_wconf 87' lang='lat' dir='ltr'><strong>sed</strong></span> <span class='ocrx_word' id='word_1_442' title='bbox 1123 936 1204 964; x_wconf 85' lang='lat' dir='ltr'><strong>Deum</strong></span> <span class='ocrx_word' id='word_1_443' title='bbox 1223 938 1368 971; x_wconf 88' lang='lat' dir='ltr'><strong>propitium</strong></span> <span class='ocrx_word' id='word_1_444' title='bbox 1384 938 1433 964; x_wconf 80' lang='lat' dir='ltr'><strong>sibi</strong></span> <span class='ocrx_word' id='word_1_445' title='bbox 1450 945 1509 965; x_wconf 83' lang='lat' dir='ltr'><strong>esse</strong></span> <span class='ocrx_word' id='word_1_446' title='bbox 1523 942 1659 971; x_wconf 79' lang='lat' dir='ltr'><strong>precatur.</strong></span> 
     </span>
    </p>
   </div>
   <div class='ocr_carea' id='block_1_63' title="bbox 871 983 1661 1017">
    <p class='ocr_par' dir='ltr' id='par_1_63' title="bbox 871 983 1661 1017">
     <span class='ocr_line' id='line_1_63' title="bbox 871 983 1661 1017; baseline 0.001 -8"><span class='ocrx_word' id='word_1_447' title='bbox 871 983 961 1017; x_wconf 81' lang='lat' dir='ltr'><strong>Atque</strong></span> <span class='ocrx_word' id='word_1_448' title='bbox 990 983 1086 1010; x_wconf 79' lang='lat' dir='ltr'><strong>exinde</strong></span> <span class='ocrx_word' id='word_1_449' title='bbox 1113 983 1138 1010; x_wconf 92' lang='lat' dir='ltr'><strong>in</strong></span> <span class='ocrx_word' id='word_1_450' title='bbox 1171 984 1337 1010; x_wconf 88' lang='lat' dir='ltr'><strong>contrarium</strong></span> <span class='ocrx_word' id='word_1_451' title='bbox 1367 992 1452 1011; x_wconf 65' lang='lat' dir='ltr'><strong>versae</strong></span> <span class='ocrx_word' id='word_1_452' title='bbox 1478 990 1540 1011; x_wconf 89' lang='lat' dir='ltr'><strong>sunt</strong></span> <span class='ocrx_word' id='word_1_453' title='bbox 1570 991 1661 1010; x_wconf 90' lang='lat' dir='ltr'><strong>rerum</strong></span> 
     </span>
    </p>
   </div>
   <div class='ocr_carea' id='block_1_64' title="bbox 869 1029 1662 1064">
    <p class='ocr_par' dir='ltr' id='par_1_64' title="bbox 869 1029 1662 1064">
     <span class='ocr_line' id='line_1_64' title="bbox 869 1029 1662 1064; baseline 0 -8"><span class='ocrx_word' id='word_1_454' title='bbox 869 1029 954 1056; x_wconf 83' lang='lat' dir='ltr'><strong>vices.</strong></span> <span class='ocrx_word' id='word_1_455' title='bbox 980 1029 1087 1056; x_wconf 88' lang='lat' dir='ltr'><strong>Etenim</strong></span> <span class='ocrx_word' id='word_1_456' title='bbox 1112 1029 1267 1057; x_wconf 82' lang='lat' dir='ltr'><strong>Pharisaeus</strong></span> <span class='ocrx_word' id='word_1_457' title='bbox 1291 1031 1368 1064; x_wconf 89' lang='lat' dir='ltr'><strong>quasi</strong></span> <span class='ocrx_word' id='word_1_458' title='bbox 1394 1031 1476 1057; x_wconf 88' lang='lat' dir='ltr'><strong>arbor</strong></span> <span class='ocrx_word' id='word_1_459' title='bbox 1501 1030 1662 1064; x_wconf 87' lang='lat' dir='ltr'><strong>superbiens</strong></span> 
     </span>
    </p>
   </div>
   <div class='ocr_carea' id='block_1_65' title="bbox 870 1073 1661 1110">
    <p class='ocr_par' dir='ltr' id='par_1_65' title="bbox 870 1073 1661 1110">
     <span class='ocr_line' id='line_1_65' title="bbox 870 1073 1661 1110; baseline 0.003 -10"><span class='ocrx_word' id='word_1_460' title='bbox 870 1073 978 1107; x_wconf 77' lang='lat' dir='ltr'><strong>fructu,</strong></span> <span class='ocrx_word' id='word_1_461' title='bbox 1005 1074 1185 1101; x_wconf 64' lang='lat' dir='ltr'><strong>observantia:</strong></span> <span class='ocrx_word' id='word_1_462' title='bbox 1212 1080 1406 1109; x_wconf 60' lang='lat' dir='ltr'><strong>prtereptorum</strong></span> <span class='ocrx_word' id='word_1_463' title='bbox 1435 1074 1661 1110; x_wconf 82' lang='lat' dir='ltr'><strong>repente/inanis</strong></span> 
     </span>
    </p>
   </div>
   <div class='ocr_carea' id='block_1_66' title="bbox 870 1119 1660 1154">
    <p class='ocr_par' dir='ltr' id='par_1_66' title="bbox 870 1119 1660 1154">
     <span class='ocr_line' id='line_1_66' title="bbox 870 1119 1660 1154; baseline 0.004 -10"><span class='ocrx_word' id='word_1_464' title='bbox 870 1119 962 1154; x_wconf 68' lang='lat' dir='ltr'><strong>gloriae</strong></span> <span class='ocrx_word' id='word_1_465' title='bbox 977 1123 1068 1151; x_wconf 84' lang='lat' dir='ltr'><strong>vento,</strong></span> <span class='ocrx_word' id='word_1_466' title='bbox 1082 1124 1110 1146; x_wconf 92' lang='lat' dir='ltr'><strong>ut</strong></span> <span class='ocrx_word' id='word_1_467' title='bbox 1125 1126 1140 1146; x_wconf 84' lang='lat' dir='ltr'><strong>a</strong></span> <span class='ocrx_word' id='word_1_468' title='bbox 1153 1119 1248 1154; x_wconf 85' lang='lat' dir='ltr'><strong>spiritu</strong></span> <span class='ocrx_word' id='word_1_469' title='bbox 1262 1120 1381 1147; x_wconf 81' lang='lat' dir='ltr'><strong>violento</strong></span> <span class='ocrx_word' id='word_1_470' title='bbox 1397 1127 1556 1153; x_wconf 79' lang='lat' dir='ltr'><strong>concussus,</strong></span> <span class='ocrx_word' id='word_1_471' title='bbox 1571 1121 1660 1148; x_wconf 76' lang='lat' dir='ltr'><strong>nudus</strong></span> 
     </span>
    </p>
   </div>
   <div class='ocr_carea' id='block_1_67' title="bbox 870 1165 1660 1200">
    <p class='ocr_par' dir='ltr' id='par_1_67' title="bbox 870 1165 1660 1200">
     <span class='ocr_line' id='line_1_67' title="bbox 870 1165 1660 1200; baseline 0.004 -10"><span class='ocrx_word' id='word_1_472' title='bbox 870 1165 1010 1198; x_wconf 82' lang='lat' dir='ltr'><strong>apparuit,</strong></span> <span class='ocrx_word' id='word_1_473' title='bbox 1033 1169 1060 1192; x_wconf 88' lang='lat' dir='ltr'><strong>et</strong></span> <span class='ocrx_word' id='word_1_474' title='bbox 1088 1166 1163 1198; x_wconf 88' lang='lat' dir='ltr'><strong>quasi</strong></span> <span class='ocrx_word' id='word_1_475' title='bbox 1189 1166 1368 1198; x_wconf 73' lang='lat' dir='ltr'><strong>terebinthus,</strong></span> <span class='ocrx_word' id='word_1_476' title='bbox 1385 1166 1495 1200; x_wconf 84' lang='lat' dir='ltr'><strong>abjeetis</strong></span> <span class='ocrx_word' id='word_1_477' title='bbox 1522 1166 1605 1199; x_wconf 79' lang='lat' dir='ltr'><strong>foliis,</strong></span> <span class='ocrx_word' id='word_1_478' title='bbox 1631 1171 1660 1193; x_wconf 88' lang='lat' dir='ltr'><strong>ut</strong></span> 
     </span>
    </p>
   </div>
   <div class='ocr_carea' id='block_1_68' title="bbox 869 1209 1659 1247">
    <p class='ocr_par' dir='ltr' id='par_1_68' title="bbox 869 1209 1659 1247">
     <span class='ocr_line' id='line_1_68' title="bbox 869 1209 1659 1247; baseline 0.004 -11"><span class='ocrx_word' id='word_1_479' title='bbox 869 1209 934 1236; x_wconf 88' lang='lat' dir='ltr'><strong>illud</strong></span> <span class='ocrx_word' id='word_1_480' title='bbox 958 1210 1032 1238; x_wconf 72' lang='lat' dir='ltr'><strong>Isaia:</strong></span> <span class='ocrx_word' id='word_1_481' title='bbox 1057 1218 1186 1245; x_wconf 90' lang='lat' dir='ltr'><strong>usurpem</strong></span> <span class='ocrx_word' id='word_1_482' title='bbox 1210 1211 1243 1238; x_wconf 69' lang='grc' dir='ltr'><strong>ι’.</strong></span> <span class='ocrx_word' id='word_1_483' title='bbox 1263 1211 1310 1238; x_wconf 89' lang='lat' dir='ltr'><strong>llic</strong></span> <span class='ocrx_word' id='word_1_484' title='bbox 1335 1216 1424 1238; x_wconf 88' lang='lat' dir='ltr'><strong>autem</strong></span> <span class='ocrx_word' id='word_1_485' title='bbox 1448 1212 1568 1239; x_wconf 73' lang='lat' dir='ltr'><strong>avaritia:</strong></span> <span class='ocrx_word' id='word_1_486' title='bbox 1583 1212 1659 1247; x_wconf 90' lang='lat' dir='ltr'><strong>quasi</strong></span> 
     </span>
    </p>
   </div>
   <div class='ocr_carea' id='block_1_69' title="bbox 869 1255 1660 1292">
    <p class='ocr_par' dir='ltr' id='par_1_69' title="bbox 869 1255 1660 1292">
     <span class='ocr_line' id='line_1_69' title="bbox 869 1255 1660 1292; baseline 0.003 -10"><span class='ocrx_word' id='word_1_487' title='bbox 869 1255 980 1291; x_wconf 88' lang='lat' dir='ltr'><strong>plumbo</strong></span> <span class='ocrx_word' id='word_1_488' title='bbox 1005 1261 1200 1291; x_wconf 64' lang='lat' dir='ltr'><strong>praegravatus,</strong></span> <span class='ocrx_word' id='word_1_489' title='bbox 1224 1264 1278 1284; x_wconf 89' lang='lat' dir='ltr'><strong>uno</strong></span> <span class='ocrx_word' id='word_1_490' title='bbox 1293 1257 1376 1284; x_wconf 90' lang='lat' dir='ltr'><strong>verbo</strong></span> <span class='ocrx_word' id='word_1_491' title='bbox 1392 1258 1529 1292; x_wconf 84' lang='lat' dir='ltr'><strong>sapienter</strong></span> <span class='ocrx_word' id='word_1_492' title='bbox 1543 1258 1660 1292; x_wconf 83' lang='lat' dir='ltr'><strong>prolato,</strong></span> 
     </span>
    </p>
   </div>
   <div class='ocr_carea' id='block_1_70' title="bbox 870 1295 1658 1337">
    <p class='ocr_par' dir='ltr' id='par_1_70' title="bbox 870 1295 1658 1337">
     <span class='ocr_line' id='line_1_70' title="bbox 870 1295 1658 1337; baseline 0.005 -10"><span class='ocrx_word' id='word_1_493' title='bbox 870 1301 1016 1336; x_wconf 87' lang='lat' dir='ltr'><strong>habituque</strong></span> <span class='ocrx_word' id='word_1_494' title='bbox 1046 1295 1187 1335; x_wconf 86' lang='lat' dir='ltr'><strong>demisso,</strong></span> <span class='ocrx_word' id='word_1_495' title='bbox 1218 1310 1288 1329; x_wconf 87' lang='lat' dir='ltr'><strong>onus</strong></span> <span class='ocrx_word' id='word_1_496' title='bbox 1321 1303 1444 1337; x_wconf 82' lang='lat' dir='ltr'><strong>deposuit</strong></span> <span class='ocrx_word' id='word_1_497' title='bbox 1476 1308 1658 1337; x_wconf 83' lang='lat' dir='ltr'><strong>peccatorum.</strong></span> 
     </span>
    </p>
   </div>
   <div class='ocr_carea' id='block_1_71' title="bbox 868 1346 1659 1382">
    <p class='ocr_par' dir='ltr' id='par_1_71' title="bbox 868 1346 1659 1382">
     <span class='ocr_line' id='line_1_71' title="bbox 868 1346 1659 1382; baseline 0.001 -9"><span class='ocrx_word' id='word_1_498' title='bbox 868 1347 1005 1373; x_wconf 83' lang='lat' dir='ltr'><strong>Attonitus</strong></span> <span class='ocrx_word' id='word_1_499' title='bbox 1029 1346 1136 1380; x_wconf 66' lang='grc' dir='ltr'>δῖοι-σο,</span> <span class='ocrx_word' id='word_1_500' title='bbox 1158 1355 1217 1374; x_wconf 90' lang='lat' dir='ltr'><strong>cum</strong></span> <span class='ocrx_word' id='word_1_501' title='bbox 1235 1348 1363 1382; x_wconf 79' lang='lat' dir='ltr'><strong>recogito,</strong></span> <span class='ocrx_word' id='word_1_502' title='bbox 1377 1355 1431 1382; x_wconf 92' lang='lat' dir='ltr'><strong>quo</strong></span> <span class='ocrx_word' id='word_1_503' title='bbox 1460 1354 1539 1382; x_wconf 57' lang='lat' dir='ltr'><strong>picto</strong></span> <span class='ocrx_word' id='word_1_504' title='bbox 1569 1347 1659 1374; x_wconf 70' lang='lat' dir='ltr'><strong>infelix</strong></span> 
     </span>
    </p>
   </div>
   <div class='ocr_carea' id='block_1_72' title="bbox 869 1393 1658 1428">
    <p class='ocr_par' dir='ltr' id='par_1_72' title="bbox 869 1393 1658 1428">
     <span class='ocr_line' id='line_1_72' title="bbox 869 1393 1658 1428; baseline 0.003 -9"><span class='ocrx_word' id='word_1_505' title='bbox 869 1393 1022 1420; x_wconf 69' lang='lat' dir='ltr'><strong>Pharistens</strong></span> <span class='ocrx_word' id='word_1_506' title='bbox 1047 1393 1166 1420; x_wconf 86' lang='lat' dir='ltr'><strong>animam</strong></span> <span class='ocrx_word' id='word_1_507' title='bbox 1191 1401 1266 1420; x_wconf 88' lang='lat' dir='ltr'><strong>suam</strong></span> <span class='ocrx_word' id='word_1_508' title='bbox 1291 1395 1368 1428; x_wconf 88' lang='lat' dir='ltr'><strong>quasi</strong></span> <span class='ocrx_word' id='word_1_509' title='bbox 1394 1394 1483 1421; x_wconf 90' lang='lat' dir='ltr'><strong>navim</strong></span> <span class='ocrx_word' id='word_1_510' title='bbox 1506 1394 1658 1421; x_wconf 83' lang='lat' dir='ltr'><strong>onerariam</strong></span> 
     </span>
    </p>
   </div>
   <div class='ocr_carea' id='block_1_73' title="bbox 869 1439 1659 1474">
    <p class='ocr_par' dir='ltr' id='par_1_73' title="bbox 869 1439 1659 1474">
     <span class='ocr_line' id='line_1_73' title="bbox 869 1439 1659 1474; baseline 0.001 -8"><span class='ocrx_word' id='word_1_511' title='bbox 869 1439 1006 1466; x_wconf 79' lang='lat' dir='ltr'><strong>sexcentis</strong></span> <span class='ocrx_word' id='word_1_512' title='bbox 1021 1439 1146 1466; x_wconf 80' lang='lat' dir='ltr'><strong>refertam</strong></span> <span class='ocrx_word' id='word_1_513' title='bbox 1163 1439 1298 1467; x_wconf 75' lang='lat' dir='ltr'><strong>mercibus</strong></span> <span class='ocrx_word' id='word_1_514' title='bbox 1314 1440 1425 1472; x_wconf 75' lang='lat' dir='ltr'><strong>vehens,</strong></span> <span class='ocrx_word' id='word_1_515' title='bbox 1439 1445 1466 1467; x_wconf 92' lang='lat' dir='ltr'><strong>et</strong></span> <span class='ocrx_word' id='word_1_516' title='bbox 1482 1446 1558 1474; x_wconf 88' lang='lat' dir='ltr'><strong>portu</strong></span> <span class='ocrx_word' id='word_1_517' title='bbox 1577 1441 1659 1467; x_wconf 88' lang='lat' dir='ltr'><strong>etiam</strong></span> 
     </span>
    </p>
   </div>
   <div class='ocr_carea' id='block_1_74' title="bbox 872 1485 1655 1522">
    <p class='ocr_par' dir='ltr' id='par_1_74' title="bbox 872 1485 1655 1522">
     <span class='ocr_line' id='line_1_74' title="bbox 872 1485 1655 1522; baseline 0.001 -10"><span class='ocrx_word' id='word_1_518' title='bbox 872 1485 930 1520; x_wconf 87' lang='lat' dir='ltr'><strong>ipse</strong></span> <span class='ocrx_word' id='word_1_519' title='bbox 955 1486 1046 1520; x_wconf 88' lang='lat' dir='ltr'><strong>templi</strong></span> <span class='ocrx_word' id='word_1_520' title='bbox 1073 1491 1163 1520; x_wconf 78' lang='lat' dir='ltr'><strong>capto,</strong></span> <span class='ocrx_word' id='word_1_521' title='bbox 1195 1486 1293 1513; x_wconf 89' lang='lat' dir='ltr'><strong>mentis</strong></span> <span class='ocrx_word' id='word_1_522' title='bbox 1318 1486 1440 1521; x_wconf 75' lang='lat' dir='ltr'><strong>neglecto</strong></span> <span class='ocrx_word' id='word_1_523' title='bbox 1465 1486 1655 1522; x_wconf 79' lang='lat' dir='ltr'><strong>gubernaculo.</strong></span> 
     </span>
    </p>
   </div>
   <div class='ocr_carea' id='block_1_75' title="bbox 870 1531 1659 1566">
    <p class='ocr_par' dir='ltr' id='par_1_75' title="bbox 870 1531 1659 1566">
     <span class='ocr_line' id='line_1_75' title="bbox 870 1531 1659 1566; baseline 0 -7"><span class='ocrx_word' id='word_1_524' title='bbox 870 1532 1060 1559; x_wconf 85' lang='lat' dir='ltr'><strong>miserabiliter</strong></span> <span class='ocrx_word' id='word_1_525' title='bbox 1082 1532 1249 1566; x_wconf 83' lang='lat' dir='ltr'><strong>nauiragium</strong></span> <span class='ocrx_word' id='word_1_526' title='bbox 1273 1531 1363 1559; x_wconf 75' lang='lat' dir='ltr'><strong>facere</strong></span> <span class='ocrx_word' id='word_1_527' title='bbox 1386 1532 1459 1559; x_wconf 85' lang='lat' dir='ltr'><strong>visus</strong></span> <span class='ocrx_word' id='word_1_528' title='bbox 1483 1537 1535 1559; x_wconf 84' lang='lat' dir='ltr'><strong>est.</strong></span> <span class='ocrx_word' id='word_1_529' title='bbox 1557 1532 1659 1565; x_wconf 83' lang='lat' dir='ltr'><strong>Quam-</strong></span> 
     </span>
    </p>
   </div>
   <div class='ocr_carea' id='block_1_76' title="bbox 869 1577 1657 1612">
    <p class='ocr_par' dir='ltr' id='par_1_76' title="bbox 869 1577 1657 1612">
     <span class='ocr_line' id='line_1_76' title="bbox 869 1577 1657 1612; baseline 0 -7"><span class='ocrx_word' id='word_1_530' title='bbox 869 1578 981 1605; x_wconf 80' lang='lat' dir='ltr'><strong>obrem?</strong></span> <span class='ocrx_word' id='word_1_531' title='bbox 995 1587 1004 1603; x_wconf 77' lang='grc' dir='ltr'><strong>ι</strong></span> <span class='ocrx_word' id='word_1_532' title='bbox 1016 1577 1082 1611; x_wconf 85' lang='lat' dir='ltr'><strong>Quia</strong></span> <span class='ocrx_word' id='word_1_533' title='bbox 1095 1579 1184 1605; x_wconf 88' lang='lat' dir='ltr'><strong>omnis</strong></span> <span class='ocrx_word' id='word_1_534' title='bbox 1195 1578 1239 1612; x_wconf 88' lang='lat' dir='ltr'><strong>qui</strong></span> <span class='ocrx_word' id='word_1_535' title='bbox 1255 1585 1284 1605; x_wconf 85' lang='lat' dir='ltr'><strong>se</strong></span> <span class='ocrx_word' id='word_1_536' title='bbox 1298 1577 1398 1605; x_wconf 78' lang='lat' dir='ltr'><strong>exultat</strong></span> <span class='ocrx_word' id='word_1_537' title='bbox 1414 1577 1618 1611; x_wconf 79' lang='lat' dir='ltr'><strong>humiliabitur;</strong></span> <span class='ocrx_word' id='word_1_538' title='bbox 1632 1583 1657 1605; x_wconf 73' lang='lat' dir='ltr'><strong>et</strong></span> 
     </span>
    </p>
   </div>
   <div class='ocr_carea' id='block_1_77' title="bbox 870 1624 1660 1658">
    <p class='ocr_par' dir='ltr' id='par_1_77' title="bbox 870 1624 1660 1658">
     <span class='ocr_line' id='line_1_77' title="bbox 870 1624 1660 1658; baseline -0.001 -7"><span class='ocrx_word' id='word_1_539' title='bbox 870 1624 914 1658; x_wconf 86' lang='lat' dir='ltr'><strong>qui</strong></span> <span class='ocrx_word' id='word_1_540' title='bbox 936 1631 966 1652; x_wconf 87' lang='lat' dir='ltr'><strong>se</strong></span> <span class='ocrx_word' id='word_1_541' title='bbox 988 1624 1133 1657; x_wconf 83' lang='lat' dir='ltr'><strong>hutnilial,</strong></span> <span class='ocrx_word' id='word_1_542' title='bbox 1161 1625 1336 1652; x_wconf 84' lang='lat' dir='ltr'><strong>exaltabilur.</strong></span> <span class='ocrx_word' id='word_1_543' title='bbox 1367 1634 1376 1650; x_wconf 75' lang='grc' dir='ltr'><strong>ι</strong></span> <span class='ocrx_word' id='word_1_544' title='bbox 1399 1624 1448 1652; x_wconf 85' lang='lat' dir='ltr'><strong>Hic</strong></span> <span class='ocrx_word' id='word_1_545' title='bbox 1466 1624 1530 1651; x_wconf 88' lang='lat' dir='ltr'><strong>Inihi</strong></span> <span class='ocrx_word' id='word_1_546' title='bbox 1553 1624 1660 1651; x_wconf 88' lang='lat' dir='ltr'><strong>videtur</strong></span> 
     </span>
    </p>
   </div>
   <div class='ocr_carea' id='block_1_78' title="bbox 869 1660 1660 1704">
    <p class='ocr_par' dir='ltr' id='par_1_78' title="bbox 869 1660 1660 1704">
     <span class='ocr_line' id='line_1_78' title="bbox 869 1660 1660 1704; baseline 0.003 -9"><span class='ocrx_word' id='word_1_547' title='bbox 869 1668 1078 1702; x_wconf 87' lang='lat' dir='ltr'><strong>descriptionem</strong></span> <span class='ocrx_word' id='word_1_548' title='bbox 1096 1671 1238 1704; x_wconf 78' lang='lat' dir='ltr'><strong>quamdam</strong></span> <span class='ocrx_word' id='word_1_549' title='bbox 1256 1669 1346 1697; x_wconf 80' lang='lat' dir='ltr'><strong>facere</strong></span> <span class='ocrx_word' id='word_1_550' title='bbox 1371 1670 1500 1697; x_wconf 87' lang='lat' dir='ltr'><strong>Dominus</strong></span> <span class='ocrx_word' id='word_1_551' title='bbox 1527 1660 1660 1704; x_wconf 71' lang='lat' dir='ltr'><strong>superbia:</strong></span> 
     </span>
    </p>
   </div>
   <div class='ocr_carea' id='block_1_79' title="bbox 871 1714 1659 1750">
    <p class='ocr_par' dir='ltr' id='par_1_79' title="bbox 871 1714 1659 1750">
     <span class='ocr_line' id='line_1_79' title="bbox 871 1714 1659 1750; baseline 0.004 -11"><span class='ocrx_word' id='word_1_552' title='bbox 871 1717 898 1740; x_wconf 88' lang='lat' dir='ltr'><strong>et</strong></span> <span class='ocrx_word' id='word_1_553' title='bbox 913 1714 1083 1741; x_wconf 84' lang='lat' dir='ltr'><strong>humilitatis.</strong></span> <span class='ocrx_word' id='word_1_554' title='bbox 1102 1715 1136 1742; x_wconf 86' lang='lat' dir='ltr'><strong>Et</strong></span> <span class='ocrx_word' id='word_1_555' title='bbox 1153 1715 1268 1742; x_wconf 82' lang='lat' dir='ltr'><strong>fortasse</strong></span> <span class='ocrx_word' id='word_1_556' title='bbox 1284 1714 1418 1750; x_wconf 85' lang='lat' dir='ltr'><strong>quispiam</strong></span> <span class='ocrx_word' id='word_1_557' title='bbox 1442 1715 1484 1742; x_wconf 88' lang='lat' dir='ltr'><strong>bis</strong></span> <span class='ocrx_word' id='word_1_558' title='bbox 1504 1715 1594 1742; x_wconf 77' lang='lat' dir='ltr'><strong>verbis</strong></span> <span class='ocrx_word' id='word_1_559' title='bbox 1608 1715 1659 1742; x_wconf 80' lang='lat' dir='ltr'><strong>im-</strong></span> 
     </span>
    </p>
   </div>
   <div class='ocr_carea' id='block_1_80' title="bbox 869 1759 1659 1795">
    <p class='ocr_par' dir='ltr' id='par_1_80' title="bbox 869 1759 1659 1795">
     <span class='ocr_line' id='line_1_80' title="bbox 869 1759 1659 1795; baseline 0.003 -9"><span class='ocrx_word' id='word_1_560' title='bbox 869 1759 962 1794; x_wconf 88' lang='lat' dir='ltr'><strong>pulsus</strong></span> <span class='ocrx_word' id='word_1_561' title='bbox 986 1760 1095 1786; x_wconf 84' lang='lat' dir='ltr'><strong>inanem</strong></span> <span class='ocrx_word' id='word_1_562' title='bbox 1119 1760 1243 1795; x_wconf 79' lang='lat' dir='ltr'><strong>gloriam,</strong></span> <span class='ocrx_word' id='word_1_563' title='bbox 1266 1761 1450 1788; x_wconf 84' lang='lat' dir='ltr'><strong>reversionem</strong></span> <span class='ocrx_word' id='word_1_564' title='bbox 1474 1761 1507 1788; x_wconf 88' lang='lat' dir='ltr'><strong>ad</strong></span> <span class='ocrx_word' id='word_1_565' title='bbox 1532 1760 1659 1788; x_wconf 77' lang='lat' dir='ltr'><strong>inferiora</strong></span> 
     </span>
    </p>
   </div>
   <div class='ocr_carea' id='block_1_81' title="bbox 869 1805 1660 1842">
    <p class='ocr_par' dir='ltr' id='par_1_81' title="bbox 869 1805 1660 1842">
     <span class='ocr_line' id='line_1_81' title="bbox 869 1805 1660 1842; baseline 0 -10"><span class='ocrx_word' id='word_1_566' title='bbox 869 1813 929 1832; x_wconf 84' lang='lat' dir='ltr'><strong>esse</strong></span> <span class='ocrx_word' id='word_1_567' title='bbox 943 1805 1086 1833; x_wconf 80' lang='lat' dir='ltr'><strong>deﬁnierit.</strong></span> <span class='ocrx_word' id='word_1_568' title='bbox 1105 1806 1161 1834; x_wconf 90' lang='lat' dir='ltr'><strong>Hoc</strong></span> <span class='ocrx_word' id='word_1_569' title='bbox 1174 1806 1246 1834; x_wconf 90' lang='lat' dir='ltr'><strong>enim</strong></span> <span class='ocrx_word' id='word_1_570' title='bbox 1266 1807 1347 1834; x_wconf 85' lang='lat' dir='ltr'><strong>etiam</strong></span> <span class='ocrx_word' id='word_1_571' title='bbox 1365 1813 1444 1834; x_wconf 83' lang='lat' dir='ltr'><strong>vetus</strong></span> <span class='ocrx_word' id='word_1_572' title='bbox 1457 1807 1570 1834; x_wconf 79' lang='lat' dir='ltr'><strong>historia</strong></span> <span class='ocrx_word' id='word_1_573' title='bbox 1585 1814 1660 1842; x_wconf 80' lang='lat' dir='ltr'><strong>sym-</strong></span> 
     </span>
    </p>
   </div>
   <div class='ocr_carea' id='block_1_82' title="bbox 869 1852 1660 1888">
    <p class='ocr_par' dir='ltr' id='par_1_82' title="bbox 869 1852 1660 1888">
     <span class='ocr_line' id='line_1_82' title="bbox 869 1852 1660 1888; baseline 0.001 -9"><span class='ocrx_word' id='word_1_574' title='bbox 869 1852 957 1879; x_wconf 85' lang='lat' dir='ltr'><strong>bolice</strong></span> <span class='ocrx_word' id='word_1_575' title='bbox 972 1852 1091 1880; x_wconf 86' lang='lat' dir='ltr'><strong>involvit.</strong></span> <span class='ocrx_word' id='word_1_576' title='bbox 1107 1853 1208 1880; x_wconf 80' lang='lat' dir='ltr'><strong>Abiron</strong></span> <span class='ocrx_word' id='word_1_577' title='bbox 1226 1853 1296 1880; x_wconf 86' lang='lat' dir='ltr'><strong>enim</strong></span> <span class='ocrx_word' id='word_1_578' title='bbox 1315 1857 1342 1880; x_wconf 83' lang='lat' dir='ltr'><strong>et</strong></span> <span class='ocrx_word' id='word_1_579' title='bbox 1374 1854 1477 1880; x_wconf 84' lang='lat' dir='ltr'><strong>Dathan</strong></span> <span class='ocrx_word' id='word_1_580' title='bbox 1499 1857 1660 1888; x_wconf 70' lang='lat' dir='ltr'><strong>arroganter</strong></span> 
     </span>
    </p>
   </div>
   <div class='ocr_carea' id='block_1_83' title="bbox 869 1895 1661 1934">
    <p class='ocr_par' dir='ltr' id='par_1_83' title="bbox 869 1895 1661 1934">
     <span class='ocr_line' id='line_1_83' title="bbox 869 1895 1661 1934; baseline 0 -9"><span class='ocrx_word' id='word_1_581' title='bbox 869 1906 899 1925; x_wconf 86' lang='lat' dir='ltr'><strong>se</strong></span> <span class='ocrx_word' id='word_1_582' title='bbox 912 1905 994 1932; x_wconf 86' lang='lat' dir='ltr'><strong>supra</strong></span> <span class='ocrx_word' id='word_1_583' title='bbox 1008 1898 1076 1926; x_wconf 84' lang='lat' dir='ltr'><strong>alios</strong></span> <span class='ocrx_word' id='word_1_584' title='bbox 1088 1898 1244 1930; x_wconf 71' lang='lat' dir='ltr'><strong>efferentes,</strong></span> <span class='ocrx_word' id='word_1_585' title='bbox 1255 1895 1450 1926; x_wconf 80' lang='lat' dir='ltr'><strong>et&#39;saeerdolio</strong></span> <span class='ocrx_word' id='word_1_586' title='bbox 1465 1899 1558 1934; x_wconf 75' lang='lat' dir='ltr'><strong>dignos</strong></span> <span class='ocrx_word' id='word_1_587' title='bbox 1571 1907 1599 1925; x_wconf 83' lang='lat' dir='ltr'><strong>se</strong></span> <span class='ocrx_word' id='word_1_588' title='bbox 1613 1907 1661 1933; x_wconf 91' lang='lat' dir='ltr'><strong>per</strong></span> 
     </span>
    </p>
   </div>
   <div class='ocr_carea' id='block_1_84' title="bbox 871 1943 1660 1977">
    <p class='ocr_par' dir='ltr' id='par_1_84' title="bbox 871 1943 1660 1977">
     <span class='ocr_line' id='line_1_84' title="bbox 871 1943 1660 1977; baseline 0 -7"><span class='ocrx_word' id='word_1_589' title='bbox 871 1943 1067 1977; x_wconf 84' lang='lat' dir='ltr'><strong>impudentiam</strong></span> <span class='ocrx_word' id='word_1_590' title='bbox 1080 1944 1255 1976; x_wconf 85' lang='lat' dir='ltr'><strong>arbitrantes,</strong></span> <span class='ocrx_word' id='word_1_591' title='bbox 1268 1944 1427 1971; x_wconf 72' lang='lat' dir='ltr'><strong>dehiscente</strong></span> <span class='ocrx_word' id='word_1_592' title='bbox 1438 1949 1508 1971; x_wconf 84' lang='lat' dir='ltr'><strong>terra</strong></span> <span class='ocrx_word' id='word_1_593' title='bbox 1521 1945 1546 1970; x_wconf 90' lang='lat' dir='ltr'><strong>in</strong></span> <span class='ocrx_word' id='word_1_594' title='bbox 1557 1943 1660 1970; x_wconf 82' lang='lat' dir='ltr'><strong>hiatum</strong></span> 
     </span>
    </p>
   </div>
   <div class='ocr_carea' id='block_1_85' title="bbox 870 1989 1659 2024">
    <p class='ocr_par' dir='ltr' id='par_1_85' title="bbox 870 1989 1659 2024">
     <span class='ocr_line' id='line_1_85' title="bbox 870 1989 1659 2024; baseline 0 -8"><span class='ocrx_word' id='word_1_595' title='bbox 870 1989 1024 2021; x_wconf 85' lang='lat' dir='ltr'><strong>subierunt,</strong></span> <span class='ocrx_word' id='word_1_596' title='bbox 1048 1994 1075 2016; x_wconf 88' lang='lat' dir='ltr'><strong>et</strong></span> <span class='ocrx_word' id='word_1_597' title='bbox 1107 1990 1152 2023; x_wconf 87' lang='lat' dir='ltr'><strong>qui</strong></span> <span class='ocrx_word' id='word_1_598' title='bbox 1183 1997 1230 2016; x_wconf 86' lang='lat' dir='ltr'><strong>sua</strong></span> <span class='ocrx_word' id='word_1_599' title='bbox 1262 1990 1427 2024; x_wconf 76' lang='lat' dir='ltr'><strong>cogitatione</strong></span> <span class='ocrx_word' id='word_1_600' title='bbox 1451 1990 1513 2017; x_wconf 85' lang='lat' dir='ltr'><strong>elati</strong></span> <span class='ocrx_word' id='word_1_601' title='bbox 1542 1990 1659 2020; x_wconf 81' lang='lat' dir='ltr'><strong>fuerant,</strong></span> 
     </span>
    </p>
   </div>
   <div class='ocr_carea' id='block_1_86' title="bbox 871 2035 1659 2070">
    <p class='ocr_par' dir='ltr' id='par_1_86' title="bbox 871 2035 1659 2070">
     <span class='ocr_line' id='line_1_86' title="bbox 871 2035 1659 2070; baseline 0 -8"><span class='ocrx_word' id='word_1_602' title='bbox 871 2035 991 2070; x_wconf 81' lang='lat' dir='ltr'><strong>depressi</strong></span> <span class='ocrx_word' id='word_1_603' title='bbox 1007 2039 1082 2062; x_wconf 88' lang='lat' dir='ltr'><strong>sunt.</strong></span> <span class='ocrx_word' id='word_1_604' title='bbox 1097 2035 1153 2062; x_wconf 90' lang='lat' dir='ltr'><strong>lluc</strong></span> <span class='ocrx_word' id='word_1_605' title='bbox 1166 2035 1286 2062; x_wconf 72' lang='lat' dir='ltr'><strong>animum</strong></span> <span class='ocrx_word' id='word_1_606' title='bbox 1301 2036 1482 2069; x_wconf 77' lang='lat' dir='ltr'><strong>advertentes,</strong></span> <span class='ocrx_word' id='word_1_607' title='bbox 1496 2036 1659 2070; x_wconf 78' lang='lat' dir='ltr'><strong>charissimi,</strong></span> 
     </span>
    </p>
   </div>
   <div class='ocr_carea' id='block_1_87' title="bbox 870 2083 1659 2118">
    <p class='ocr_par' dir='ltr' id='par_1_87' title="bbox 870 2083 1659 2118">
     <span class='ocr_line' id='line_1_87' title="bbox 870 2083 1659 2118; baseline -0.001 -8"><span class='ocrx_word' id='word_1_608' title='bbox 870 2083 1018 2110; x_wconf 87' lang='lat' dir='ltr'><strong>doceatnur</strong></span> <span class='ocrx_word' id='word_1_609' title='bbox 1031 2083 1152 2110; x_wconf 86' lang='lat' dir='ltr'><strong>modeste</strong></span> <span class='ocrx_word' id='word_1_610' title='bbox 1168 2091 1216 2110; x_wconf 88' lang='lat' dir='ltr'><strong>nos</strong></span> <span class='ocrx_word' id='word_1_611' title='bbox 1228 2090 1332 2117; x_wconf 70' lang='lat' dir='ltr'><strong>gerere,</strong></span> <span class='ocrx_word' id='word_1_612' title='bbox 1350 2090 1438 2117; x_wconf 84' lang='lat' dir='ltr'><strong>neque</strong></span> <span class='ocrx_word' id='word_1_613' title='bbox 1455 2091 1535 2118; x_wconf 84' lang='lat' dir='ltr'><strong>supra</strong></span> <span class='ocrx_word' id='word_1_614' title='bbox 1551 2083 1659 2110; x_wconf 86' lang='lat' dir='ltr'><strong>tnodntn</strong></span> 
     </span>
    </p>
   </div>
   <div class='ocr_carea' id='block_1_88' title="bbox 870 2128 1658 2169">
    <p class='ocr_par' dir='ltr' id='par_1_88' title="bbox 870 2128 1658 2169">
     <span class='ocr_line' id='line_1_88' title="bbox 870 2128 1658 2169; baseline -0.001 -13"><span class='ocrx_word' id='word_1_615' title='bbox 870 2129 1018 2169; x_wconf 60' lang='lat' dir='ltr'><strong>extollere1</strong></span> <span class='ocrx_word' id='word_1_616' title='bbox 1030 2128 1123 2163; x_wconf 82' lang='lat' dir='ltr'><strong>Neque</strong></span> <span class='ocrx_word' id='word_1_617' title='bbox 1142 2129 1165 2155; x_wconf 88' lang='lat' dir='ltr'><strong>si</strong></span> <span class='ocrx_word' id='word_1_618' title='bbox 1184 2129 1248 2163; x_wconf 89' lang='lat' dir='ltr'><strong>quid</strong></span> <span class='ocrx_word' id='word_1_619' title='bbox 1270 2134 1343 2155; x_wconf 79' lang='lat' dir='ltr'><strong>recte</strong></span> <span class='ocrx_word' id='word_1_620' title='bbox 1360 2134 1465 2163; x_wconf 82' lang='lat' dir='ltr'><strong>gestum</strong></span> <span class='ocrx_word' id='word_1_621' title='bbox 1485 2136 1498 2155; x_wconf 89' lang='lat' dir='ltr'><strong>a</strong></span> <span class='ocrx_word' id='word_1_622' title='bbox 1514 2129 1591 2155; x_wconf 85' lang='lat' dir='ltr'><strong>nobis</strong></span> <span class='ocrx_word' id='word_1_623' title='bbox 1608 2134 1658 2161; x_wconf 79' lang='lat' dir='ltr'><strong>est,</strong></span> 
     </span>
    </p>
   </div>
   <div class='ocr_carea' id='block_1_89' title="bbox 42 2175 815 2213">
    <p class='ocr_par' dir='ltr' id='par_1_89' title="bbox 42 2177 815 2213">
     <span class='ocr_line' id='line_1_89' title="bbox 42 2177 815 2213; baseline 0.005 -12"><span class='ocrx_word' id='word_1_624' title='bbox 42 2184 96 2208; x_wconf 84' lang='grc' dir='ltr'>ται,</span> <span class='ocrx_word' id='word_1_625' title='bbox 112 2177 155 2204; x_wconf 79' lang='grc' dir='ltr'>διὰ</span> <span class='ocrx_word' id='word_1_626' title='bbox 168 2178 251 2205; x_wconf 78' lang='grc' dir='ltr'>τοῦτο</span> <span class='ocrx_word' id='word_1_627' title='bbox 274 2178 445 2213; x_wconf 81' lang='grc' dir='ltr'>ὑπερφέρειν</span> <span class='ocrx_word' id='word_1_628' title='bbox 464 2178 518 2203; x_wconf 83' lang='grc' dir='ltr'><strong>τῶν</strong></span> <span class='ocrx_word' id='word_1_629' title='bbox 539 2177 628 2204; x_wconf 77' lang='grc' dir='ltr'>ἄλλων</span> <span class='ocrx_word' id='word_1_630' title='bbox 649 2177 815 2213; x_wconf 80' lang='grc' dir='ltr'>νομίζωμεν.</span> 
     </span>
    </p>
   </div>
   <div class='ocr_carea' id='block_1_90' title="bbox 908 2175 1659 2213">
    <p class='ocr_par' dir='ltr' id='par_1_90' title="bbox 908 2175 1659 2212">
     <span class='ocr_line' id='line_1_90' title="bbox 908 2175 1659 2212; baseline 0 -10"><span class='ocrx_word' id='word_1_631' title='bbox 908 2176 974 2203; x_wconf 83' lang='lat' dir='ltr'><strong>:irco</strong></span> <span class='ocrx_word' id='word_1_632' title='bbox 990 2175 1173 2209; x_wconf 65' lang='lat' dir='ltr'><strong>prasterendos</strong></span> <span class='ocrx_word' id='word_1_633' title='bbox 1187 2183 1235 2202; x_wconf 77' lang='lat' dir='ltr'><strong>nos</strong></span> <span class='ocrx_word' id='word_1_634' title='bbox 1249 2175 1309 2201; x_wconf 88' lang='lat' dir='ltr'><strong>aliis</strong></span> <span class='ocrx_word' id='word_1_635' title='bbox 1323 2175 1518 2202; x_wconf 77' lang='lat' dir='ltr'><strong>existimemus.</strong></span> <span class='ocrx_word' id='word_1_636' title='bbox 1535 2175 1586 2212; x_wconf 77' lang='lat' dir='ltr'><strong>Sed</strong></span> <span class='ocrx_word' id='word_1_637' title='bbox 1598 2184 1659 2202; x_wconf 83' lang='lat' dir='ltr'><strong>eum</strong></span> 
     </span>
    </p>
   </div>
   <div class='ocr_carea' id='block_1_91' title="bbox 49 2221 814 2260">
    <p class='ocr_par' dir='ltr' id='par_1_91' title="bbox 49 2221 814 2260">
     <span class='ocr_line' id='line_1_91' title="bbox 49 2221 814 2260; baseline 0.005 -14"><span class='ocrx_word' id='word_1_638' title='bbox 49 2221 117 2249; x_wconf 78' lang='grc' dir='ltr'>Ἀλλὰ</span> <span class='ocrx_word' id='word_1_639' title='bbox 133 2223 328 2260; x_wconf 82' lang='grc' dir='ltr'>κατορθοῦντες</span> <span class='ocrx_word' id='word_1_640' title='bbox 343 2223 457 2258; x_wconf 82' lang='grc' dir='ltr'>ψάλλειν</span> <span class='ocrx_word' id='word_1_641' title='bbox 478 2223 650 2259; x_wconf 80' lang='grc' dir='ltr'>διδαχθῶμεν</span> <span class='ocrx_word' id='word_1_642' title='bbox 671 2223 742 2259; x_wconf 81' lang='grc' dir='ltr'>μετὰ</span> <span class='ocrx_word' id='word_1_643' title='bbox 767 2224 814 2251; x_wconf 78' lang='grc' dir='ltr'>τοῦ</span> 
     </span>
    </p>
   </div>
   <div class='ocr_carea' id='block_1_92' title="bbox 43 2268 815 2305">
    <p class='ocr_par' dir='ltr' id='par_1_92' title="bbox 43 2268 815 2305">
     <span class='ocr_line' id='line_1_92' title="bbox 43 2268 815 2305; baseline 0.005 -13"><span class='ocrx_word' id='word_1_644' title='bbox 43 2268 113 2294; x_wconf 79' lang='grc' dir='ltr'>Δαὸίδ</span> <span class='ocrx_word' id='word_1_645' title='bbox 126 2277 132 2284; x_wconf 94' lang='grc'><strong>·</strong></span> <span class='ocrx_word' id='word_1_646' title='bbox 151 2279 160 2295; x_wconf 76' lang='grc' dir='ltr'><strong>ι</strong></span> <span class='ocrx_word' id='word_1_647' title='bbox 178 2270 224 2305; x_wconf 82' lang='grc' dir='ltr'><strong>Μὴ</strong></span> <span class='ocrx_word' id='word_1_648' title='bbox 244 2270 322 2304; x_wconf 83' lang='grc' dir='ltr'>ἡμῖν,</span> <span class='ocrx_word' id='word_1_649' title='bbox 338 2270 437 2305; x_wconf 85' lang='grc' dir='ltr'>Κύριε,</span> <span class='ocrx_word' id='word_1_650' title='bbox 455 2270 495 2304; x_wconf 84' lang='grc' dir='ltr'>μὴ</span> <span class='ocrx_word' id='word_1_651' title='bbox 511 2270 590 2304; x_wconf 77' lang='grc' dir='ltr'>ἡμῖν,</span> <span class='ocrx_word' id='word_1_652' title='bbox 603 2269 661 2296; x_wconf 87' lang='grc' dir='ltr'>ἀλλ’</span> <span class='ocrx_word' id='word_1_653' title='bbox 676 2271 705 2296; x_wconf 80' lang='grc' dir='ltr'>ἐν</span> <span class='ocrx_word' id='word_1_654' title='bbox 719 2270 761 2296; x_wconf 77' lang='grc' dir='ltr'>σοὶ</span> <span class='ocrx_word' id='word_1_655' title='bbox 771 2269 815 2301; x_wconf 80' lang='grc' dir='ltr'>δὸς</span> 
     </span>
    </p>
   </div>
   <div class='ocr_carea' id='block_1_93' title="bbox 44 2310 816 2349">
    <p class='ocr_par' dir='ltr' id='par_1_93' title="bbox 44 2310 816 2349">
     <span class='ocr_line' id='line_1_93' title="bbox 44 2310 816 2349; baseline 0.003 -11"><span class='ocrx_word' id='word_1_656' title='bbox 44 2310 98 2344; x_wconf 69' lang='grc' dir='ltr'>ἡμῖν</span> <span class='ocrx_word' id='word_1_657' title='bbox 123 2313 315 2348; x_wconf 79' lang='grc' dir='ltr'>ὲγκαυχᾱσθαι.</span> <span class='ocrx_word' id='word_1_658' title='bbox 348 2323 357 2340; x_wconf 79' lang='grc' dir='ltr'><strong>ι</strong></span> <span class='ocrx_word' id='word_1_659' title='bbox 380 2314 461 2349; x_wconf 78' lang='grc' dir='ltr'>Παρά</span> <span class='ocrx_word' id='word_1_660' title='bbox 489 2322 536 2340; x_wconf 87' lang='grc' dir='ltr'><strong>σου</strong></span> <span class='ocrx_word' id='word_1_661' title='bbox 557 2315 610 2349; x_wconf 84' lang='grc' dir='ltr'>γὰρ</span> <span class='ocrx_word' id='word_1_662' title='bbox 639 2323 649 2340; x_wconf 89' lang='grc'><em>‹</em></span> <span class='ocrx_word' id='word_1_663' title='bbox 669 2314 683 2340; x_wconf 85' lang='grc' dir='ltr'><strong>δ</strong></span> <span class='ocrx_word' id='word_1_664' title='bbox 704 2314 816 2346; x_wconf 76' lang='grc' dir='ltr'>ἔπαινος</span> 
     </span>
    </p>
   </div>
   <div class='ocr_carea' id='block_1_94' title="bbox 43 2357 814 2396">
    <p class='ocr_par' dir='ltr' id='par_1_94' title="bbox 43 2357 814 2396">
     <span class='ocr_line' id='line_1_94' title="bbox 43 2357 814 2396; baseline 0.004 -12"><span class='ocrx_word' id='word_1_665' title='bbox 43 2357 110 2391; x_wconf 76' lang='grc' dir='ltr'>ἡμῶν</span> <span class='ocrx_word' id='word_1_666' title='bbox 131 2359 157 2385; x_wconf 83' lang='grc' dir='ltr'>ἐν</span> <span class='ocrx_word' id='word_1_667' title='bbox 171 2360 306 2396; x_wconf 71' lang='grc' dir='ltr'>ἐκκλησίᾳ</span> <span class='ocrx_word' id='word_1_668' title='bbox 324 2360 444 2396; x_wconf 81' lang='grc' dir='ltr'>μεγάλῃ,</span> <span class='ocrx_word' id='word_1_669' title='bbox 466 2370 475 2386; x_wconf 75' lang='grc' dir='ltr'><strong>ι</strong></span> <span class='ocrx_word' id='word_1_670' title='bbox 493 2361 540 2386; x_wconf 83' lang='grc' dir='ltr'>τοῦ</span> <span class='ocrx_word' id='word_1_671' title='bbox 558 2360 700 2395; x_wconf 84' lang='grc' dir='ltr'>μέλλοντος</span> <span class='ocrx_word' id='word_1_672' title='bbox 713 2361 814 2396; x_wconf 81' lang='grc' dir='ltr'>δηλαδὴ</span> 
     </span>
    </p>
   </div>
   <div class='ocr_carea' id='block_1_95' title="bbox 46 2402 815 2442">
    <p class='ocr_par' dir='ltr' id='par_1_95' title="bbox 46 2402 815 2442">
     <span class='ocr_line' id='line_1_95' title="bbox 46 2402 815 2442; baseline 0.007 -14"><span class='ocrx_word' id='word_1_673' title='bbox 46 2402 137 2436; x_wconf 78' lang='grc' dir='ltr'>αἰῶνος.</span> <span class='ocrx_word' id='word_1_674' title='bbox 150 2405 271 2441; x_wconf 82' lang='grc' dir='ltr'>’Δληθῶς</span> <span class='ocrx_word' id='word_1_675' title='bbox 279 2407 333 2441; x_wconf 80' lang='grc' dir='ltr'><strong>γὰρ</strong></span> <span class='ocrx_word' id='word_1_676' title='bbox 344 2416 352 2432; x_wconf 76' lang='grc' dir='ltr'><strong>ι</strong></span> <span class='ocrx_word' id='word_1_677' title='bbox 373 2406 496 2442; x_wconf 84' lang='grc' dir='ltr'>Καρδίαν</span> <span class='ocrx_word' id='word_1_678' title='bbox 519 2407 754 2442; x_wconf 83' lang='grc' dir='ltr'>συντετριμμένην</span> <span class='ocrx_word' id='word_1_679' title='bbox 767 2407 815 2433; x_wconf 77' lang='grc' dir='ltr'>καὶ</span> 
     </span>
    </p>
   </div>
   <div class='ocr_carea' id='block_1_96' title="bbox 45 2452 815 2487">
    <p class='ocr_par' dir='ltr' id='par_1_96' title="bbox 45 2452 815 2487">
     <span class='ocr_line' id='line_1_96' title="bbox 45 2452 815 2487; baseline 0.006 -13"><span class='ocrx_word' id='word_1_680' title='bbox 45 2455 265 2487; x_wconf 79' lang='grc' dir='ltr'>τεταπεινωμένην</span> <span class='ocrx_word' id='word_1_681' title='bbox 275 2453 288 2479; x_wconf 78' lang='grc' dir='ltr'><strong>δ</strong></span> <span class='ocrx_word' id='word_1_682' title='bbox 305 2452 372 2483; x_wconf 69' lang='grc' dir='ltr'>Θεὸς</span> <span class='ocrx_word' id='word_1_683' title='bbox 387 2453 438 2478; x_wconf 83' lang='grc' dir='ltr'>οὐκ</span> <span class='ocrx_word' id='word_1_684' title='bbox 450 2452 636 2484; x_wconf 79' lang='grc' dir='ltr'>ὲξουδενώσει,</span> <span class='ocrx_word' id='word_1_685' title='bbox 649 2462 658 2478; x_wconf 74' lang='grc' dir='ltr'><strong>ι</strong></span> <span class='ocrx_word' id='word_1_686' title='bbox 673 2453 730 2479; x_wconf 83' lang='grc' dir='ltr'>ἀλλ’</span> <span class='ocrx_word' id='word_1_687' title='bbox 743 2463 750 2478; x_wconf 83' lang='grc' dir='ltr'><strong>ι</strong></span> <span class='ocrx_word' id='word_1_688' title='bbox 770 2453 815 2480; x_wconf 82' lang='grc' dir='ltr'><strong>Ἑν</strong></span> 
     </span>
    </p>
   </div>
   <div class='ocr_carea' id='block_1_97' title="bbox 47 2496 815 2534">
    <p class='ocr_par' dir='ltr' id='par_1_97' title="bbox 47 2496 815 2534">
     <span class='ocr_line' id='line_1_97' title="bbox 47 2496 815 2534; baseline 0.005 -12"><span class='ocrx_word' id='word_1_689' title='bbox 47 2496 73 2529; x_wconf 78' lang='grc' dir='ltr'><strong>τῇ</strong></span> <span class='ocrx_word' id='word_1_690' title='bbox 82 2498 232 2525; x_wconf 81' lang='grc' dir='ltr'>ταπεινώσει</span> <span class='ocrx_word' id='word_1_691' title='bbox 246 2499 369 2534; x_wconf 79' lang='grc' dir='ltr'>ἐμνήσθη</span> <span class='ocrx_word' id='word_1_692' title='bbox 379 2498 457 2534; x_wconf 83' lang='grc' dir='ltr'>ἡμῶν</span> <span class='ocrx_word' id='word_1_693' title='bbox 465 2499 480 2525; x_wconf 82' lang='grc' dir='ltr'><strong><em>ὁ</em></strong></span> <span class='ocrx_word' id='word_1_694' title='bbox 496 2499 610 2534; x_wconf 83' lang='grc' dir='ltr'>Κύριος.</span> <span class='ocrx_word' id='word_1_695' title='bbox 628 2508 638 2526; x_wconf 86' lang='grc'><strong>›</strong></span> <span class='ocrx_word' id='word_1_696' title='bbox 656 2499 777 2526; x_wconf 80' lang='grc' dir='ltr'>Ἀστείον</span> <span class='ocrx_word' id='word_1_697' title='bbox 787 2500 815 2526; x_wconf 79' lang='grc' dir='ltr'>δὲ</span> 
     </span>
    </p>
   </div>
   <div class='ocr_carea' id='block_1_98' title="bbox 48 2541 817 2580">
    <p class='ocr_par' dir='ltr' id='par_1_98' title="bbox 48 2541 817 2580">
     <span class='ocr_line' id='line_1_98' title="bbox 48 2541 817 2580; baseline 0.004 -13"><span class='ocrx_word' id='word_1_698' title='bbox 48 2541 140 2568; x_wconf 69' lang='grc' dir='ltr'>κὶκεῐνο</span> <span class='ocrx_word' id='word_1_699' title='bbox 159 2544 355 2579; x_wconf 73' lang='grc' dir='ltr'>προσειρῆσθαι</span> <span class='ocrx_word' id='word_1_700' title='bbox 384 2544 431 2570; x_wconf 79' lang='grc' dir='ltr'>καὶ</span> <span class='ocrx_word' id='word_1_701' title='bbox 455 2544 562 2579; x_wconf 73' lang='grc' dir='ltr'>χαρίεν,</span> <span class='ocrx_word' id='word_1_702' title='bbox 596 2544 634 2575; x_wconf 85' lang='grc' dir='ltr'>ὼς</span> <span class='ocrx_word' id='word_1_703' title='bbox 652 2545 677 2570; x_wconf 87' lang='grc' dir='ltr'>οῑ</span> <span class='ocrx_word' id='word_1_704' title='bbox 696 2545 817 2580; x_wconf 68' lang='grc' dir='ltr'>γεωργοὶ</span> 
     </span>
    </p>
   </div>
   <div class='ocr_carea' id='block_1_99' title="bbox 48 2586 815 2626">
    <p class='ocr_par' dir='ltr' id='par_1_99' title="bbox 48 2586 815 2626">
     <span class='ocr_line' id='line_1_99' title="bbox 48 2586 815 2626; baseline 0.003 -10"><span class='ocrx_word' id='word_1_705' title='bbox 48 2586 99 2616; x_wconf 64' lang='grc' dir='ltr'><strong>τοὺς</strong></span> <span class='ocrx_word' id='word_1_706' title='bbox 122 2588 167 2622; x_wconf 77' lang='grc' dir='ltr'>μὲν</span> <span class='ocrx_word' id='word_1_707' title='bbox 203 2590 278 2617; x_wconf 77' lang='grc' dir='ltr'>κάτω</span> <span class='ocrx_word' id='word_1_708' title='bbox 312 2590 474 2621; x_wconf 86' lang='grc' dir='ltr'>νενευκότας</span> <span class='ocrx_word' id='word_1_709' title='bbox 504 2590 560 2616; x_wconf 86' lang='grc' dir='ltr'><strong>τῶν</strong></span> <span class='ocrx_word' id='word_1_710' title='bbox 587 2590 732 2626; x_wconf 76' lang='grc' dir='ltr'>ἀσταχύων</span> <span class='ocrx_word' id='word_1_711' title='bbox 768 2592 815 2618; x_wconf 76' lang='grc' dir='ltr'>καὶ</span> 
     </span>
    </p>
   </div>
   <div class='ocr_carea' id='block_1_100' title="bbox 50 2629 813 2672">
    <p class='ocr_par' dir='ltr' id='par_1_100' title="bbox 50 2629 813 2672">
     <span class='ocr_line' id='line_1_100' title="bbox 50 2629 813 2672; baseline 0.008 -14"><span class='ocrx_word' id='word_1_712' title='bbox 50 2629 170 2666; x_wconf 80' lang='grc' dir='ltr'>βρίθοντας</span> <span class='ocrx_word' id='word_1_713' title='bbox 186 2635 271 2662; x_wconf 77' lang='grc' dir='ltr'>πολὺν</span> <span class='ocrx_word' id='word_1_714' title='bbox 286 2635 332 2661; x_wconf 78' lang='grc' dir='ltr'>τὸν</span> <span class='ocrx_word' id='word_1_715' title='bbox 348 2636 456 2671; x_wconf 80' lang='grc' dir='ltr'>καρπὸν</span> <span class='ocrx_word' id='word_1_716' title='bbox 475 2637 573 2671; x_wconf 84' lang='grc' dir='ltr'>φέρειν</span> <span class='ocrx_word' id='word_1_717' title='bbox 593 2636 791 2672; x_wconf 81' lang='grc' dir='ltr'>τεκμαίρονται</span> <span class='ocrx_word' id='word_1_718' title='bbox 806 2646 813 2653; x_wconf 77' lang='grc' dir='ltr'><strong>ο</strong></span> 
     </span>
    </p>
   </div>
   <div class='ocr_carea' id='block_1_101' title="bbox 50 2675 815 2716">
    <p class='ocr_par' dir='ltr' id='par_1_101' title="bbox 50 2675 815 2716">
     <span class='ocr_line' id='line_1_101' title="bbox 50 2675 815 2716; baseline 0.01 -16"><span class='ocrx_word' id='word_1_719' title='bbox 50 2675 101 2707; x_wconf 70' lang='grc' dir='ltr'>τοὺς</span> <span class='ocrx_word' id='word_1_720' title='bbox 117 2678 142 2704; x_wconf 75' lang='grc' dir='ltr'>δὲ</span> <span class='ocrx_word' id='word_1_721' title='bbox 168 2680 274 2715; x_wconf 77' lang='grc' dir='ltr'>ὀρθίους</span> <span class='ocrx_word' id='word_1_722' title='bbox 311 2680 358 2707; x_wconf 75' lang='grc' dir='ltr'>καὶ</span> <span class='ocrx_word' id='word_1_723' title='bbox 387 2680 538 2716; x_wconf 80' lang='grc' dir='ltr'>ἀνεμώδεις</span> <span class='ocrx_word' id='word_1_724' title='bbox 557 2701 566 2713; x_wconf 89' lang='grc'><em>,</em></span> <span class='ocrx_word' id='word_1_725' title='bbox 597 2681 732 2714; x_wconf 78' lang='grc' dir='ltr'>ἀλαζόνας</span> <span class='ocrx_word' id='word_1_726' title='bbox 768 2683 815 2710; x_wconf 70' lang='grc' dir='ltr'>καὶ</span> 
     </span>
    </p>
   </div>
   <div class='ocr_carea' id='block_1_102' title="bbox 52 2723 815 2763">
    <p class='ocr_par' dir='ltr' id='par_1_102' title="bbox 52 2723 815 2763">
     <span class='ocr_line' id='line_1_102' title="bbox 52 2723 815 2763; baseline 0.003 -11"><span class='ocrx_word' id='word_1_727' title='bbox 52 2723 130 2755; x_wconf 71' lang='grc' dir='ltr'>κενοὺς</span> <span class='ocrx_word' id='word_1_728' title='bbox 157 2725 329 2761; x_wconf 75' lang='grc' dir='ltr'>ὀνομάζουσι.</span> <span class='ocrx_word' id='word_1_729' title='bbox 365 2726 420 2753; x_wconf 86' lang='grc' dir='ltr'>Καὶ</span> <span class='ocrx_word' id='word_1_730' title='bbox 447 2725 503 2753; x_wconf 86' lang='grc' dir='ltr'><strong>τῶν</strong></span> <span class='ocrx_word' id='word_1_731' title='bbox 528 2725 682 2761; x_wconf 84' lang='grc' dir='ltr'>ἀνθρώπων</span> <span class='ocrx_word' id='word_1_732' title='bbox 709 2728 734 2754; x_wconf 80' lang='grc' dir='ltr'>οἱ</span> <span class='ocrx_word' id='word_1_733' title='bbox 765 2727 815 2763; x_wconf 85' lang='grc' dir='ltr'>μὲν</span> 
     </span>
    </p>
   </div>
   <div class='ocr_carea' id='block_1_103' title="bbox 81 2811 267 2851">
    <p class='ocr_par' dir='ltr' id='par_1_103' title="bbox 81 2811 267 2851">
     <span class='ocr_line' id='line_1_103' title="bbox 81 2811 267 2851; baseline 0.022 -10"><span class='ocrx_word' id='word_1_734' title='bbox 81 2811 101 2829; x_wconf 81' lang='grc'><strong><em>⁸³</em></strong></span> <span class='ocrx_word' id='word_1_735' title='bbox 115 2813 162 2843; x_wconf 84' lang='lat' dir='ltr'><strong>lsa.</strong></span> <span class='ocrx_word' id='word_1_736' title='bbox 181 2824 217 2851; x_wconf 81' lang='grc' dir='ltr'>ιιι,</span> <span class='ocrx_word' id='word_1_737' title='bbox 239 2816 267 2845; x_wconf 80' lang='lat'><strong>5.</strong></span> 
     </span>
    </p>
   </div>
   <div class='ocr_carea' id='block_1_104' title="bbox 870 2219 1661 2255">
    <p class='ocr_par' dir='ltr' id='par_1_104' title="bbox 870 2219 1661 2255">
     <span class='ocr_line' id='line_1_104' title="bbox 870 2219 1661 2255; baseline -0.001 -7"><span class='ocrx_word' id='word_1_738' title='bbox 870 2221 972 2255; x_wconf 85' lang='lat' dir='ltr'><strong>aliquid</strong></span> <span class='ocrx_word' id='word_1_739' title='bbox 994 2221 1062 2248; x_wconf 88' lang='lat' dir='ltr'><strong>bene</strong></span> <span class='ocrx_word' id='word_1_740' title='bbox 1085 2226 1112 2248; x_wconf 92' lang='lat' dir='ltr'><strong>et</strong></span> <span class='ocrx_word' id='word_1_741' title='bbox 1133 2228 1165 2247; x_wconf 80' lang='lat' dir='ltr'><strong>ex</strong></span> <span class='ocrx_word' id='word_1_742' title='bbox 1189 2219 1290 2247; x_wconf 86' lang='lat' dir='ltr'><strong>virtute</strong></span> <span class='ocrx_word' id='word_1_743' title='bbox 1312 2225 1400 2246; x_wconf 92' lang='lat' dir='ltr'><strong>aetum</strong></span> <span class='ocrx_word' id='word_1_744' title='bbox 1419 2228 1432 2246; x_wconf 86' lang='lat' dir='ltr'><strong>a</strong></span> <span class='ocrx_word' id='word_1_745' title='bbox 1450 2220 1526 2247; x_wconf 81' lang='lat' dir='ltr'><strong>nobis</strong></span> <span class='ocrx_word' id='word_1_746' title='bbox 1541 2220 1602 2254; x_wconf 84' lang='lat' dir='ltr'><strong>erit,</strong></span> <span class='ocrx_word' id='word_1_747' title='bbox 1617 2228 1661 2247; x_wconf 82' lang='lat' dir='ltr'><strong>as-</strong></span> 
     </span>
    </p>
   </div>
   <div class='ocr_carea' id='block_1_105' title="bbox 869 2265 1660 2299">
    <p class='ocr_par' dir='ltr' id='par_1_105' title="bbox 869 2265 1660 2299">
     <span class='ocr_line' id='line_1_105' title="bbox 869 2265 1660 2299; baseline -0.001 -6"><span class='ocrx_word' id='word_1_748' title='bbox 869 2274 1026 2294; x_wconf 82' lang='lat' dir='ltr'><strong>suescamus</strong></span> <span class='ocrx_word' id='word_1_749' title='bbox 1038 2273 1134 2293; x_wconf 85' lang='lat' dir='ltr'><strong>canere</strong></span> <span class='ocrx_word' id='word_1_750' title='bbox 1150 2274 1211 2293; x_wconf 80' lang='lat' dir='ltr'><strong>enm</strong></span> <span class='ocrx_word' id='word_1_751' title='bbox 1226 2266 1325 2293; x_wconf 87' lang='lat' dir='ltr'><strong>David:</strong></span> <span class='ocrx_word' id='word_1_752' title='bbox 1339 2276 1348 2291; x_wconf 76' lang='grc' dir='ltr'><strong>ε</strong></span> <span class='ocrx_word' id='word_1_753' title='bbox 1365 2265 1422 2292; x_wconf 82' lang='lat' dir='ltr'><strong>Non</strong></span> <span class='ocrx_word' id='word_1_754' title='bbox 1435 2266 1523 2298; x_wconf 82' lang='lat' dir='ltr'><strong>nobis,</strong></span> <span class='ocrx_word' id='word_1_755' title='bbox 1537 2265 1660 2299; x_wconf 76' lang='lat' dir='ltr'><strong>Domine,</strong></span> 
     </span>
    </p>
   </div>
   <div class='ocr_carea' id='block_1_106' title="bbox 870 2312 1661 2347">
    <p class='ocr_par' dir='ltr' id='par_1_106' title="bbox 870 2312 1661 2347">
     <span class='ocr_line' id='line_1_106' title="bbox 870 2312 1661 2347; baseline -0.004 -6"><span class='ocrx_word' id='word_1_756' title='bbox 870 2321 923 2341; x_wconf 89' lang='lat' dir='ltr'><strong>non</strong></span> <span class='ocrx_word' id='word_1_757' title='bbox 941 2313 1027 2346; x_wconf 90' lang='lat' dir='ltr'><strong>nobis,</strong></span> <span class='ocrx_word' id='word_1_758' title='bbox 1047 2313 1092 2340; x_wconf 80' lang='lat' dir='ltr'><strong>Sed</strong></span> <span class='ocrx_word' id='word_1_759' title='bbox 1109 2314 1211 2340; x_wconf 91' lang='lat' dir='ltr'><strong>nomini</strong></span> <span class='ocrx_word' id='word_1_760' title='bbox 1237 2317 1282 2339; x_wconf 85' lang='lat' dir='ltr'><strong>tuo</strong></span> <span class='ocrx_word' id='word_1_761' title='bbox 1308 2313 1340 2339; x_wconf 88' lang='lat' dir='ltr'><strong>da</strong></span> <span class='ocrx_word' id='word_1_762' title='bbox 1365 2312 1477 2346; x_wconf 73' lang='lat' dir='ltr'><strong>gloriam</strong></span> <span class='ocrx_word' id='word_1_763' title='bbox 1495 2312 1540 2345; x_wconf 69' lang='grc'><strong>⁸“;</strong></span> <span class='ocrx_word' id='word_1_764' title='bbox 1561 2322 1570 2338; x_wconf 76' lang='grc' dir='ltr'><strong>ι</strong></span> <span class='ocrx_word' id='word_1_765' title='bbox 1592 2313 1661 2347; x_wconf 82' lang='lat' dir='ltr'><strong>apud</strong></span> 
     </span>
    </p>
   </div>
   <div class='ocr_carea' id='block_1_107' title="bbox 871 2358 1659 2393">
    <p class='ocr_par' dir='ltr' id='par_1_107' title="bbox 871 2358 1659 2393">
     <span class='ocr_line' id='line_1_107' title="bbox 871 2358 1659 2393; baseline -0.003 -7"><span class='ocrx_word' id='word_1_766' title='bbox 871 2364 895 2386; x_wconf 89' lang='lat' dir='ltr'><strong>te</strong></span> <span class='ocrx_word' id='word_1_767' title='bbox 912 2359 982 2386; x_wconf 89' lang='lat' dir='ltr'><strong>enim</strong></span> <span class='ocrx_word' id='word_1_768' title='bbox 997 2377 1004 2391; x_wconf 90' lang='lat'><strong>,</strong></span> <span class='ocrx_word' id='word_1_769' title='bbox 1019 2367 1027 2383; x_wconf 80' lang='grc' dir='ltr'><strong>ι</strong></span> <span class='ocrx_word' id='word_1_770' title='bbox 1041 2358 1111 2386; x_wconf 89' lang='lat' dir='ltr'><strong>Laus</strong></span> <span class='ocrx_word' id='word_1_771' title='bbox 1123 2363 1215 2385; x_wconf 80' lang='lat' dir='ltr'><strong>nostra</strong></span> <span class='ocrx_word' id='word_1_772' title='bbox 1230 2358 1256 2385; x_wconf 91' lang='lat' dir='ltr'><strong>in</strong></span> <span class='ocrx_word' id='word_1_773' title='bbox 1266 2359 1382 2386; x_wconf 85' lang='lat' dir='ltr'><strong>ecclesia</strong></span> <span class='ocrx_word' id='word_1_774' title='bbox 1395 2366 1491 2393; x_wconf 78' lang='lat' dir='ltr'><strong>magna</strong></span> <span class='ocrx_word' id='word_1_775' title='bbox 1502 2358 1539 2390; x_wconf 79' lang='grc'><strong>⁸⁸,</strong></span> <span class='ocrx_word' id='word_1_776' title='bbox 1558 2368 1566 2384; x_wconf 74' lang='grc' dir='ltr'><strong>ι</strong></span> <span class='ocrx_word' id='word_1_777' title='bbox 1578 2358 1659 2385; x_wconf 81' lang='lat' dir='ltr'><strong>futuri</strong></span> 
     </span>
    </p>
   </div>
   <div class='ocr_carea' id='block_1_108' title="bbox 871 2403 1661 2431">
    <p class='ocr_par' dir='ltr' id='par_1_108' title="bbox 871 2403 1661 2431">
     <span class='ocr_line' id='line_1_108' title="bbox 871 2403 1661 2431; baseline -0.001 0"><span class='ocrx_word' id='word_1_778' title='bbox 871 2404 975 2431; x_wconf 88' lang='lat' dir='ltr'><strong>scilicet</strong></span> <span class='ocrx_word' id='word_1_779' title='bbox 1002 2403 1103 2431; x_wconf 76' lang='lat' dir='ltr'><strong>szeculi.</strong></span> <span class='ocrx_word' id='word_1_780' title='bbox 1131 2403 1202 2430; x_wconf 85' lang='lat' dir='ltr'><strong>Vere</strong></span> <span class='ocrx_word' id='word_1_781' title='bbox 1239 2404 1310 2430; x_wconf 87' lang='lat' dir='ltr'><strong>enim</strong></span> <span class='ocrx_word' id='word_1_782' title='bbox 1342 2413 1351 2429; x_wconf 78' lang='grc' dir='ltr'><strong>ι</strong></span> <span class='ocrx_word' id='word_1_783' title='bbox 1382 2403 1435 2430; x_wconf 90' lang='lat' dir='ltr'><strong>Cor</strong></span> <span class='ocrx_word' id='word_1_784' title='bbox 1461 2403 1606 2430; x_wconf 86' lang='lat' dir='ltr'><strong>contritum</strong></span> <span class='ocrx_word' id='word_1_785' title='bbox 1634 2407 1661 2430; x_wconf 84' lang='lat' dir='ltr'><strong>et</strong></span> 
     </span>
    </p>
   </div>
   <div class='ocr_carea' id='block_1_109' title="bbox 871 2449 1660 2484">
    <p class='ocr_par' dir='ltr' id='par_1_109' title="bbox 871 2449 1660 2484">
     <span class='ocr_line' id='line_1_109' title="bbox 871 2449 1660 2484; baseline -0.003 -8"><span class='ocrx_word' id='word_1_786' title='bbox 871 2449 1042 2477; x_wconf 88' lang='lat' dir='ltr'><strong>lnuniliatum</strong></span> <span class='ocrx_word' id='word_1_787' title='bbox 1065 2457 1119 2476; x_wconf 87' lang='lat' dir='ltr'><strong>non</strong></span> <span class='ocrx_word' id='word_1_788' title='bbox 1138 2449 1268 2484; x_wconf 72' lang='lat' dir='ltr'><strong>despiciet</strong></span> <span class='ocrx_word' id='word_1_789' title='bbox 1288 2449 1359 2476; x_wconf 88' lang='lat' dir='ltr'><strong>Deus</strong></span> <span class='ocrx_word' id='word_1_790' title='bbox 1376 2449 1415 2482; x_wconf 58' lang='lat' dir='ltr'><strong>l3&quot;;</strong></span> <span class='ocrx_word' id='word_1_791' title='bbox 1433 2449 1478 2475; x_wconf 88' lang='lat' dir='ltr'><strong>sed</strong></span> <span class='ocrx_word' id='word_1_792' title='bbox 1499 2459 1507 2474; x_wconf 79' lang='grc' dir='ltr'><strong>ι</strong></span> <span class='ocrx_word' id='word_1_793' title='bbox 1524 2450 1553 2475; x_wconf 87' lang='lat' dir='ltr'><strong>in</strong></span> <span class='ocrx_word' id='word_1_794' title='bbox 1571 2449 1660 2475; x_wconf 85' lang='lat' dir='ltr'><strong>humi-</strong></span> 
     </span>
    </p>
   </div>
   <div class='ocr_carea' id='block_1_110' title="bbox 871 2495 1659 2523">
    <p class='ocr_par' dir='ltr' id='par_1_110' title="bbox 871 2495 1659 2523">
     <span class='ocr_line' id='line_1_110' title="bbox 871 2495 1659 2523; baseline -0.001 0"><span class='ocrx_word' id='word_1_795' title='bbox 871 2497 946 2523; x_wconf 87' lang='lat' dir='ltr'><strong>litate</strong></span> <span class='ocrx_word' id='word_1_796' title='bbox 965 2496 1094 2522; x_wconf 80' lang='lat' dir='ltr'><strong>Dominus</strong></span> <span class='ocrx_word' id='word_1_797' title='bbox 1111 2503 1214 2522; x_wconf 89' lang='lat' dir='ltr'><strong>memor</strong></span> <span class='ocrx_word' id='word_1_798' title='bbox 1240 2495 1290 2522; x_wconf 81' lang='lat' dir='ltr'><strong>fuit</strong></span> <span class='ocrx_word' id='word_1_799' title='bbox 1316 2496 1401 2522; x_wconf 73' lang='lat' dir='ltr'><strong>nostri</strong></span> <span class='ocrx_word' id='word_1_800' title='bbox 1426 2496 1461 2523; x_wconf 74' lang='grc'><strong>⁸⁷.</strong></span> <span class='ocrx_word' id='word_1_801' title='bbox 1480 2505 1488 2520; x_wconf 79' lang='grc' dir='ltr'><strong>ι</strong></span> <span class='ocrx_word' id='word_1_802' title='bbox 1506 2496 1659 2523; x_wconf 60' lang='grc' dir='ltr'>Ιυιλιιιιιιιιιῐι</span> 
     </span>
    </p>
   </div>
   <div class='ocr_carea' id='block_1_111' title="bbox 871 2540 1660 2576">
    <p class='ocr_par' dir='ltr' id='par_1_111' title="bbox 871 2540 1660 2576">
     <span class='ocr_line' id='line_1_111' title="bbox 871 2540 1660 2576; baseline -0.003 -8"><span class='ocrx_word' id='word_1_803' title='bbox 871 2549 952 2576; x_wconf 87' lang='lat' dir='ltr'><strong>porro</strong></span> <span class='ocrx_word' id='word_1_804' title='bbox 966 2541 1028 2573; x_wconf 84' lang='lat' dir='ltr'><strong>erit,</strong></span> <span class='ocrx_word' id='word_1_805' title='bbox 1044 2545 1071 2568; x_wconf 90' lang='lat' dir='ltr'><strong>et</strong></span> <span class='ocrx_word' id='word_1_806' title='bbox 1086 2540 1151 2568; x_wconf 91' lang='lat' dir='ltr'><strong>illud</strong></span> <span class='ocrx_word' id='word_1_807' title='bbox 1171 2541 1250 2567; x_wconf 84' lang='lat' dir='ltr'><strong>dictis</strong></span> <span class='ocrx_word' id='word_1_808' title='bbox 1265 2540 1425 2575; x_wconf 76' lang='lat' dir='ltr'><strong>adjnngere,</strong></span> <span class='ocrx_word' id='word_1_809' title='bbox 1447 2541 1517 2574; x_wconf 92' lang='lat' dir='ltr'><strong>quod</strong></span> <span class='ocrx_word' id='word_1_810' title='bbox 1536 2541 1660 2575; x_wconf 64' lang='lat' dir='ltr'><strong>agricolae</strong></span> 
     </span>
    </p>
   </div>
   <div class='ocr_carea' id='block_1_112' title="bbox 869 2586 1664 2622">
    <p class='ocr_par' dir='ltr' id='par_1_112' title="bbox 869 2586 1664 2622">
     <span class='ocr_line' id='line_1_112' title="bbox 869 2586 1664 2622; baseline -0.004 -8"><span class='ocrx_word' id='word_1_811' title='bbox 869 2595 938 2622; x_wconf 90' lang='lat' dir='ltr'><strong>quas</strong></span> <span class='ocrx_word' id='word_1_812' title='bbox 952 2587 1040 2622; x_wconf 76' lang='lat' dir='ltr'><strong>spicas</strong></span> <span class='ocrx_word' id='word_1_813' title='bbox 1051 2594 1106 2621; x_wconf 75' lang='lat' dir='ltr'><strong>prae</strong></span> <span class='ocrx_word' id='word_1_814' title='bbox 1118 2594 1200 2613; x_wconf 84' lang='lat' dir='ltr'><strong>onere</strong></span> <span class='ocrx_word' id='word_1_815' title='bbox 1216 2586 1334 2613; x_wconf 84' lang='lat' dir='ltr'><strong>viderint</strong></span> <span class='ocrx_word' id='word_1_816' title='bbox 1347 2591 1488 2621; x_wconf 77' lang='lat' dir='ltr'><strong>vergentes</strong></span> <span class='ocrx_word' id='word_1_817' title='bbox 1502 2587 1528 2613; x_wconf 85' lang='lat' dir='ltr'><strong>in</strong></span> <span class='ocrx_word' id='word_1_818' title='bbox 1548 2593 1664 2621; x_wconf 82' lang='lat' dir='ltr'><strong>terr;nn,_</strong></span> 
     </span>
    </p>
   </div>
   <div class='ocr_carea' id='block_1_113' title="bbox 870 2633 1659 2667">
    <p class='ocr_par' dir='ltr' id='par_1_113' title="bbox 870 2633 1659 2667">
     <span class='ocr_line' id='line_1_113' title="bbox 870 2633 1659 2667; baseline -0.004 -5"><span class='ocrx_word' id='word_1_819' title='bbox 870 2635 981 2662; x_wconf 87' lang='lat' dir='ltr'><strong>uberem</strong></span> <span class='ocrx_word' id='word_1_820' title='bbox 1007 2633 1126 2660; x_wconf 77' lang='lat' dir='ltr'><strong>fructum</strong></span> <span class='ocrx_word' id='word_1_821' title='bbox 1152 2633 1281 2659; x_wconf 81' lang='lat' dir='ltr'><strong>allaturas</strong></span> <span class='ocrx_word' id='word_1_822' title='bbox 1308 2641 1369 2660; x_wconf 85' lang='lat' dir='ltr'><strong>esse</strong></span> <span class='ocrx_word' id='word_1_823' title='bbox 1395 2634 1561 2666; x_wconf 74' lang='lat' dir='ltr'><strong>coniiciunt;</strong></span> <span class='ocrx_word' id='word_1_824' title='bbox 1591 2641 1659 2667; x_wconf 71' lang='lat' dir='ltr'><strong>quas</strong></span> 
     </span>
    </p>
   </div>
   <div class='ocr_carea' id='block_1_114' title="bbox 870 2678 1658 2713">
    <p class='ocr_par' dir='ltr' id='par_1_114' title="bbox 870 2678 1658 2713">
     <span class='ocr_line' id='line_1_114' title="bbox 870 2678 1658 2713; baseline -0.004 -6"><span class='ocrx_word' id='word_1_825' title='bbox 870 2687 936 2707; x_wconf 86' lang='lat' dir='ltr'><strong>vero</strong></span> <span class='ocrx_word' id='word_1_826' title='bbox 956 2683 1045 2706; x_wconf 83' lang='lat' dir='ltr'><strong>rectas</strong></span> <span class='ocrx_word' id='word_1_827' title='bbox 1061 2683 1134 2706; x_wconf 84' lang='lat' dir='ltr'><strong>stare</strong></span> <span class='ocrx_word' id='word_1_828' title='bbox 1150 2686 1182 2706; x_wconf 89' lang='lat' dir='ltr'><strong>ac</strong></span> <span class='ocrx_word' id='word_1_829' title='bbox 1200 2678 1280 2713; x_wconf 79' lang='lat'><strong>100</strong></span> <span class='ocrx_word' id='word_1_830' title='bbox 1295 2679 1382 2706; x_wconf 90' lang='lat' dir='ltr'><strong>ventis</strong></span> <span class='ocrx_word' id='word_1_831' title='bbox 1399 2678 1540 2711; x_wconf 81' lang='lat' dir='ltr'><strong>obnoxias,</strong></span> <span class='ocrx_word' id='word_1_832' title='bbox 1565 2685 1658 2712; x_wconf 87' lang='lat' dir='ltr'><strong>super-</strong></span> 
     </span>
    </p>
   </div>
   <div class='ocr_carea' id='block_1_115' title="bbox 870 2724 1658 2760">
    <p class='ocr_par' dir='ltr' id='par_1_115' title="bbox 870 2724 1658 2760">
     <span class='ocr_line' id='line_1_115' title="bbox 870 2724 1658 2760; baseline -0.005 -6"><span class='ocrx_word' id='word_1_833' title='bbox 870 2726 918 2754; x_wconf 89' lang='lat' dir='ltr'><strong>bas</strong></span> <span class='ocrx_word' id='word_1_834' title='bbox 933 2730 960 2753; x_wconf 88' lang='lat' dir='ltr'><strong>et</strong></span> <span class='ocrx_word' id='word_1_835' title='bbox 987 2725 1082 2752; x_wconf 87' lang='lat' dir='ltr'><strong>inanes</strong></span> <span class='ocrx_word' id='word_1_836' title='bbox 1105 2729 1212 2752; x_wconf 84' lang='lat' dir='ltr'><strong>vocant.</strong></span> <span class='ocrx_word' id='word_1_837' title='bbox 1231 2724 1277 2752; x_wconf 90' lang='lat' dir='ltr'><strong>Sic</strong></span> <span class='ocrx_word' id='word_1_838' title='bbox 1298 2729 1324 2752; x_wconf 89' lang='lat' dir='ltr'><strong>et</strong></span> <span class='ocrx_word' id='word_1_839' title='bbox 1344 2724 1482 2751; x_wconf 87' lang='lat' dir='ltr'><strong>hominum</strong></span> <span class='ocrx_word' id='word_1_840' title='bbox 1501 2725 1658 2760; x_wconf 84' lang='lat' dir='ltr'><strong>quicunque</strong></span> 
     </span>
    </p>
   </div>
   <div class='ocr_carea' id='block_1_116' title="bbox 325 2808 815 2852">
    <p class='ocr_par' dir='ltr' id='par_1_116' title="bbox 325 2817 815 2852">
     <span class='ocr_line' id='line_1_116' title="bbox 325 2817 815 2852; baseline 0.004 -7"><span class='ocrx_word' id='word_1_841' title='bbox 325 2818 349 2834; x_wconf 80' lang='lat'>“</span> <span class='ocrx_word' id='word_1_842' title='bbox 369 2817 440 2846; x_wconf 82' lang='lat' dir='ltr'><strong>Psal.</strong></span> <span class='ocrx_word' id='word_1_843' title='bbox 461 2825 541 2852; x_wconf 81' lang='lat' dir='ltr'><strong>cxnl,</strong></span> <span class='ocrx_word' id='word_1_844' title='bbox 563 2818 588 2846; x_wconf 86' lang='lat' dir='ltr'><strong>l.</strong></span> <span class='ocrx_word' id='word_1_845' title='bbox 626 2818 649 2835; x_wconf 78' lang='lat'>”</span> <span class='ocrx_word' id='word_1_846' title='bbox 669 2819 740 2847; x_wconf 84' lang='lat' dir='ltr'><strong>Psal.</strong></span> <span class='ocrx_word' id='word_1_847' title='bbox 762 2827 815 2852; x_wconf 79' lang='lat' dir='ltr'><strong>xu,</strong></span> 
     </span>
    </p>
   </div>
   <div class='ocr_carea' id='block_1_117' title="bbox 908 2808 1496 2852">
    <p class='ocr_par' dir='ltr' id='par_1_117' title="bbox 921 2808 1496 2852">
     <span class='ocr_line' id='line_1_117' title="bbox 921 2808 1496 2852; baseline -0.002 -6"><span class='ocrx_word' id='word_1_848' title='bbox 921 2818 945 2834; x_wconf 78' lang='lat'><strong>&quot;</strong></span> <span class='ocrx_word' id='word_1_849' title='bbox 965 2817 1038 2847; x_wconf 80' lang='lat' dir='ltr'><strong>Psal.</strong></span> <span class='ocrx_word' id='word_1_850' title='bbox 1057 2826 1084 2852; x_wconf 79' lang='grc' dir='ltr'><strong>ι..</strong></span> <span class='ocrx_word' id='word_1_851' title='bbox 1107 2817 1150 2846; x_wconf 82' lang='lat' dir='ltr'><strong>i9.</strong></span> <span class='ocrx_word' id='word_1_852' title='bbox 1190 2817 1212 2834; x_wconf 85' lang='grc'><strong>⁸⁷</strong></span> <span class='ocrx_word' id='word_1_853' title='bbox 1231 2808 1306 2846; x_wconf 84' lang='lat' dir='ltr'><strong>Psal.</strong></span> <span class='ocrx_word' id='word_1_854' title='bbox 1326 2823 1427 2849; x_wconf 80' lang='lat' dir='ltr'><strong>cxxxv,</strong></span> <span class='ocrx_word' id='word_1_855' title='bbox 1446 2816 1496 2846; x_wconf 75' lang='grc'>27.</span> 
     </span>
    </p>
   </div>
  </div>
