1883 3053
180 135 234 167 379

783 136 1033 167 ΤΗΕΟΡΗΑΝΙΞ
1052 135 1222 165 CERAMEI

1763 129 1820 161 3ῗο

181 202 235 222 1)οη
253 194 291 222 ita
307 182 465 222 sanctorum
487 195 570 222 verba
596 194 752 230 accipiunt,
768 195 815 221 sed
831 202 864 222 ex
882 195 970 221 humi-

1055 192 1188 219 Οὐδέποτε
1206 191 1316 226 ὲντολήν
1334 199 1380 217 σου
1394 190 1542 225 παρῆλθον,
1560 199 1569 215 ι
1594 190 1642 224 τῆς
1656 187 1819 222 ἀγγε).ικῆ;

180 241 257 269 litate
273 242 405 268 duntaxat
430 242 501 269 dicta
519 248 580 268 esse
604 241 779 268 arbitrantur.
799 241 895 267 Verum
912 241 967 267 Inec

180 295 234 315 vox
256 295 264 314 :
293 297 303 313 ι
321 287 465 322 Nunquam
493 287 652 315 mandatum
681 292 754 313 tuum
780 286 935 321 praeterivi,
957 295 966 311 ν

182 335 209 359 in
239 333 390 368 angelicum
404 333 527 360 ordinem
544 333 630 360 solum
647 332 773 359 couvenit
785 351 793 363 ,
811 332 854 365 qui
873 332 970 358 immu-

181 378 226 405 nis
242 377 316 405 omni
338 378 415 412 culpa
443 383 565 405 servatus
589 383 640 405 est.
658 377 727 411 Quid
750 384 815 404 vero
833 377 865 404 de
882 377 969 410 prima

182 422 254 448 stola
274 421 413 454 dixerint,
433 429 484 455 qua
502 430 642 449 servorum
667 429 747 456 opera
770 422 969 450 adolescentem

178 466 272 505 induit
295 467 383 497 Pater,
399 475 459 502 quae
474 468 638 502 baptismum
656 467 758 502 liquido
776 471 949 502 reprtesentat
962 487 969 500 ,

183 520 216 539 an
242 513 357 546 improbi
380 513 456 546 juxta
485 521 545 541 cutn
564 514 656 548 probis
678 520 707 540 ea
733 520 785 540 non
801 513 971 540 vestiuntur?

186 557 270 590 Atqui
286 557 312 584 in
328 565 455 585 sermone
478 558 614 592 parabolae
629 558 702 585 solus
725 558 922 586 adolescentior
939 565 970 585 ea

183 602 322 634 induitur;
342 603 420 636 quasi
434 610 465 629 ea
485 610 622 638 nuuqttam
646 603 737 630 senior
752 603 845 630 fuisset
863 608 970 630 exutus.

183 647 257 674 idem
282 648 315 675 de
345 648 455 680 annulo,
484 649 636 684 calceisque
663 649 877 684 intelligendum.
901 650 970 682 Quin

183 693 263 719 etiam
280 694 380 721 vitulus
407 694 462 727 pro'
476 695 553 722 nobis
568 695 600 721 ad
616 694 778 722 sacriﬁcimn
803 695 897 722 ductus
919 703 971 722 non

185 746 234 772 pro
251 740 439 774 peccatoribus
451 741 548 772 solum,
566 741 613 769 sed
630 742 711 769 etiam
724 749 771 775 pro
780 741 861 776 jnstis
874 742 970 768 immo-

185 783 258 811 latus
276 789 328 817 est,
340 793 401 812 cum
416 791 489 813 esset
503 786 618 821 pretium
634 786 825 821 redemptionis
840 787 972 814 universa:

187 833 301 855 natura.
313 829 371 862 Qua
388 830 468 864 igitur
481 831 586 858 ratione
600 832 633 858 de
647 831 719 858 cede
731 830 806 858 vituli
819 831 974 866 indignatur

183 873 293 907 justus,
312 881 363 908 qua
379 873 431 901 fuit
456 875 537 902 etiam
565 876 623 909 ipse
648 876 801 904 liberatus?
827 877 885 910 Quo
908 885 972 903 vero

187 919 269 946 modo
283 919 355 947 dicat
377 920 428 955 ipsi
445 920 545 949 Pater:
564 931 573 948 ι
592 921 630 949 Tu
645 929 752 957 semper
767 930 871 950 mecum
893 923 944 950 es?
960 933 969 948 )

186 965 245 993 Non
265 966 337 994 enim
353 975 463 1002 semper
477 976 539 995 eum
559 969 613 996 Deo
625 968 691 1003 justi
714 969 832 997 fuerunt.
848 969 876 997 Si
889 970 971 1001 enim.

188 1017 217 1040 ul
230 1013 269 1040 ait
282 1014 430 1048 Apostolus
443 1014 465 1047 ⁸,
482 1014 508 1042 in
525 1015 629 1042 Adamo
645 1023 740 1043 omnes
765 1016 863 1043 mortui
880 1024 973 1044 sumus

188 1062 216 1085 et
232 1066 328 1086 omnes
357 1060 382 1086 in
406 1059 518 1088 Christo
543 1061 606 1087 vita:
629 1061 746 1088 restituti
761 1082 768 1095 ,
795 1069 891 1089 omnes
908 1069 974 1090 sane

187 1104 233 1138 qui
247 1104 343 1132 Adami
362 1110 465 1134 natura:
481 1107 627 1141 participes
641 1115 744 1140 sumus,
758 1107 874 1142 lapsum'
890 1109 972 1136 etiam

187 1156 249 1176 cum
276 1149 322 1177 illo
348 1158 520 1178 communem
540 1151 596 1188 (92)
616 1152 747 1180 habemus
761 1173 769 1185 ,
782 1158 814 1187 .et
833 1161 879 1188 per
893 1154 973 1181 Chri-

186 1199 258 1222 stum
271 1198 451 1225 communiter
463 1198 568 1225 liherali
586 1207 691 1226 sumus.
703 1199 760 1226 Non
779 1200 858 1234 igitur
867 1207 974 1234 semper

192 1247 253 1267 cum
272 1240 326 1268 Deo
338 1241 405 1276 justi
422 1242 531 1270 fuerunt
546 1264 553 1276 ,
568 1244 614 1270 sed
631 1243 800 1271 intellectivaa
816 1246 972 1280 angelorum

189 1289 293 1312 natura:
308 1295 314 1313 :
333 1294 392 1321 qum
406 1295 544 1321 nunquam
560 1296 574 1315 a
590 1287 644 1315 Deo
664 1289 808 1322 disiuncta:
821 1294 893 1322 sunt,
907 1297 974 1325 quo-

188 1337 249 1357 rum
276 1339 356 1359 causa
385 1340 419 1359 ne
442 1333 536 1360 haedus
566 1334 675 1367 quidem
704 1342 821 1369 unquam
842 1341 974 1363 mactatus

189 1380 249 1409 est;
266 1384 314 1411 pro
328 1378 430 1412 angelis
446 1380 516 1406 enim
530 1386 618 1414 neque
634 1385 759 1414 peccator
777 1380 876 1416 aliquis
894 1382 972 1409 morti

192 1422 307 1450 traditus
321 1429 380 1456 est;
401 1429 428 1451 at
446 1433 495 1459 pro
510 1426 650 1452 ltominum
669 1426 764 1462 salute
788 1427 844 1460 ipse
864 1426 910 1454 Dei
928 1426 974 1453 Fi-

191 1467 244 1495 lius
273 1468 299 1495 in
321 1470 484 1498 sacriﬁcium
502 1472 618 1499 oblatus.
645 1471 698 1500 Sed
726 1472 838 1500 nimiutn
866 1480 879 1500 a
900 1477 975 1500 recta

194 1512 235 1539 via
262 1515 368 1548 evagati
387 1523 491 1543 sumus.
522 1516 578 1551 Age
604 1517 686 1551 igitur
710 1523 862 1544 sermonem
888 1517 975 1544 instar

192 1559 265 1593 equi,
278 1560 397 1588 remissis
418 1561 544 1592 habenis.
563 1567 639 1590 extra
661 1563 775 1590 orbitam
801 1562 974 1596 exsultantis,

193 1604 226 1631 iis
238 1605 362 1633 adductis
377 1607 474 1634 iterum
493 1613 695 1636 convertamus.

233 1659 243 1676 ι
261 1649 346 1677 Homo
362 1652 472 1686 quidam
485 1652 579 1680 habuit
595 1654 663 1680 duos
679 1653 764 1686 ﬁlios;
782 1658 809 1682 et
827 1653 893 1682 dixit
912 1654 977 1682 ado-

192 1695 340 1725 lescentior
365 1705 399 1725 ex
426 1698 481 1726 illis
496 1699 588 1733 patri:
609 1698 646 1726 Da
662 1700 726 1726 mihi
744 1700 893 1734 portionem
912 1699 976 1727 sub-

193 1742 301 1769 stantiae
329 1751 390 1778 quae
415 1751 459 1770 me
487 1744 630 1778 contingit.
657 1753 666 1769 ι
703 1744 855 1777 Quoniam,
878 1745 976 1779 inquit,

193 1788 263 1815 liber
286 1793 395 1817 creatus
421 1797 501 1822 sum,
521 1790 583 1816 nolo
607 1798 638 1817 ex
667 1790 827 1817 necessitate
852 1791 975 1818 servire:

193 1835 321 1868 permitte
345 1842 388 1862 me
405 1843 464 1862 mea
486 1841 559 1862 sorte
583 1836 623 1863 uti
646 1836 776 1863 arbitrati:
803 1844 872 1863 meo.
895 1836 978 1863 Sceus

195 1880 269 1907 enini
289 1881 425 1914 quomodo
451 1882 502 1909 mei
531 1882 617 1916 ipsius
634 1882 763 1909 Dominus
786 1882 870 1909 videri
885 1888 978 1916 potero

191 1927 336 1961 prteceptis
354 1927 513 1962 legibusque
525 1928 677 1962 subjectus.

233 1980 244 1997 ι
267 1971 301 1998 Ει
315 1972 407 1999 divisit
423 1972 477 1999 illis
501 1974 694 2004 substantiam.
713 1982 722 2000 ›
742 1974 908 2008 ineorporeis
922 1974 980 2008 qui-

192 2018 255 2044 dem
271 2017 412 2045 caelestem
425 2020 578 2057 regionem,
595 2020 749 2047 hominibus
766 2027 830 2047 vero
843 2024 978 2046 terrenam

193 2064 328 2091 attribuit.
345 2063 407 2092 Haec
424 2066 496 2092 enim
515 2067 567 2093 duo
581 2071 644 2093 sunt
657 2066 788 2093 elementa
804 2066 861 2102 (9'5)
879 2066 905 2092 in
921 2067 981 2092 uni-

190 2117 272 2138 versa
286 2118 317 2138 re
331 2115 432 2142 creata,
446 2111 525 2147 10E.
541 2112 568 2139 in
584 2112 682 2147 quibus
709 2117 812 2140 natum
834 2111 980 2147 participes

194 2156 308 2184 rationis
335 2157 455 2191 degant,
478 2157 575 2185 caelum
589 2178 597 2190 ,
619 2161 648 2184 et
673 2161 756 2184 terra.
774 2157 863 2184 Locus
884 2164 980 2184 eorum

991 862 1010 889 Β

1020 236 1125 269 τάξεως
1141 237 1221 272 μόνον
1249 236 1388 271 ἁρμόδιος,
1416 236 1478 271 ἥτις
1505 236 1655 270 τετήρηται
1681 233 1759 268 πρὸς
1788 232 1820 257 τὸ

1021 283 1107 310 κακὸν
1129 283 1321 316 ἀνεπίμικτος.
1345 282 1377 308 Τί
1394 282 1416 307 δ’
1437 282 1469 308 ἂν
1487 282 1590 308 εἴποιεν
1609 282 1655 308 καὶ
1672 281 1747 314 περὶ
1769 281 1821 314 τῆ,

1022 329 1134 364 πρώτης
1151 328 1258 363 στολῆς,
1286 328 1319 362 ἢν
1346 327 1391 354 διὰ
1417 327 1472 353 τῶν
1494 326 1595 353 δούλων
1614 327 1627 352 6
1643 326 1743 360 πατὴρ
1771 324 1821 350 τον

1021 373 1081 400 νέον
1098 373 1221 405 ἀνέδυσε,
1247 373 1278 399 τὸ
1297 373 1438 408 βάπτισμα
1459 372 1587 407 καθαρῶς
1602 372 1822 403 εἰκονίζουσαν;

1021 418 1066 455 ἆρ’
1094 420 1125 446 οὐ
1148 419 1236 446 δίκαοι
1265 420 1311 446 καὶ
1331 419 1489 454 ἁμαρτωλοὶ
1512 419 1616 453 ταύτην
1638 417 1822 454 περιχλαινι-

1022 465 1129 498 (autat;
1153 465 1224 492 Ἀλλ’
1237 466 1267 492 ὲν
1278 466 1316 500 τῷ
1330 466 1380 500 τῆς
1393 465 1550 500 παραϐολῆς
1565 465 1637 499 λόγῳ
1653 465 1741 498 μόνος
1765 463 1821 490 αὐ-

1021 512 1071 547 τὴν
1091 513 1104 538 6
1128 511 1261 546 νεώτερος
1277 511 1462 538 ὲνδιδύσκεται
1474 532 1481 543 ,
1498 511 1535 542 ὡς
1551 511 1598 537 τοῦ
1618 510 1820 546 πρεσϐυτέρου

1024 559 1157 594 μηδέποτε
1181 558 1370 593 γυμνωθέντος
1395 558 1490 593 αὐτῆς.
1517 557 1602 584 Τοῦτο
1622 557 1650 584 δὲ
1677 557 1749 592 περὶ
1769 556 1820 582 τοῦ

1021 603 1176 636 δακτυλίου,
1208 604 1256 630 καὶ
1286 603 1350 637 περὶ
1375 603 1428 629 τῶν
1453 603 1635 637 ὑποδημάτων
1654 603 1821 636 νοήσωμεν.

1024 649 1078 676 Καὶ
1095 650 1149 684 μὴν
1165 649 1212 676 καὶ
1227 650 1240 676 ὁ
1255 649 1324 682 ὑπὲρ
1344 649 1422 684 ἡμῶν
1439 649 1532 684 ἀχθεὶς
1549 650 1587 680 εἰς
1599 648 1695 675 θυσίαν
1710 649 1822 683 μόσχος

1022 695 1071 730 οὐχ
1089 695 1159 730 ὑπὲρ
1178 694 1349 730 ἁμαρτωλῶν
1366 694 1456 728 μόνον,
1469 694 1536 721 ἀλλὰ
1551 694 1597 720 καὶ
1613 695 1682 729 ὑπὲρ
1694 694 1823 720 δικαῖων

1023 740 1150 772 τέθυται,
1169 740 1267 776 λύτρον
1281 739 1404 774 γεγονὼς
1427 739 1516 774 πάσης
1535 740 1585 774 τῆς
1602 739 1724 773 φύσεως.
1755 738 1824 768 Πῶς

1024 783 1070 812 οὖν
1088 786 1102 811 ὁ
1115 786 1231 817 δίκαιοις
1249 786 1319 821 ὑπὲρ
1335 785 1381 812 τοῦ
1400 786 1500 820 μόσχου
1509 787 1558 820 τῆς
1577 786 1684 820 σφαγῆς
1698 785 1823 818 ἐδυσχέ-

1026 840 1129 866 ραινεν,
1149 832 1194 866 ὑφ’
1212 829 1242 859 οὗ
1259 832 1305 858 καὶ
1319 831 1399 863 αὐτὸς
1421 831 1603 866 ὲλελύτρωτο;
1625 831 1686 862 Πῶς
1708 830 1740 857 δὲ
1772 831 1823 856 καὶ

1024 878 1091 912 πρὸς
1110 878 1191 904 αὐτόν
1207 885 1289 912 φησιν
1302 878 1315 903 6
1330 877 1424 912 Πατήρ
1439 885 1445 892 ·
1460 886 1469 902 t
1489 877 1524 903 Σὺ
1542 877 1656 904 πάντοτε
1671 876 1735 911 μετ’
1749 875 1822 910 ἐμοῦ

1024 921 1069 955 ei;
1090 933 1099 948 ι
1117 923 1154 950 Οὺ
1172 923 1225 958 γὰρ
1240 923 1357 950 πάντοτε
1376 923 1445 958 μετὰ
1468 922 1536 948 Θεοῦ
1558 921 1628 957 ἦσαν
1653 923 1678 948 οἱ
1698 922 1822 948 δίκαιοι.

1024 969 1056 996 Et
1074 969 1144 1003 γὰρ,
1169 968 1262 1000 καθώς
1279 977 1361 1003 φησιν
1378 970 1391 995 ὁ
1412 968 1587 1001 Ἀπόστολος,
1610 968 1639 994 ὲν
1661 967 1700 1002 τῷ
1728 967 1822 1001 Ἀδὰμ

1025 1015 1127 1046 πάντες
1154 1015 1384 1050 ἀποθνήσκομεν,
1431 1014 1479 1041 καὶ
1511 1015 1612 1043 πάντες
1642 1014 1671 1040 ὲν
1699 1013 1822 1048 Χριστῷ

1024 1060 1267 1095 ὲζωοποιήθημεν,
1288 1060 1389 1092 πάντες
1417 1058 1464 1087 οὖν
1495 1061 1520 1086 οἱ
1546 1060 1742 1090 κοινωνοῦντες
1769 1058 1821 1090 τῆς

1025 1105 1133 1140 φύσεως
1145 1108 1193 1140 τῆς
1213 1106 1317 1141 Ἀδὰμ,
1339 1106 1386 1132 καὶ
1401 1108 1451 1141 τῆς
1467 1107 1572 1132 ἐκείνου
1590 1106 1724 1137 πτώσεως
1742 1105 1821 1130 ἐκοι-

1025 1152 1160 1187 νώνησαν,
1177 1153 1224 1179 καὶ
1239 1153 1288 1188 τῆς
1306 1152 1350 1179 διὰ
1366 1153 1485 1187 Χριστοῦ
1502 1151 1736 1186 ἀπολυτρώσεως.
1761 1151 1820 1177 Οὐκ

1024 1195 1071 1225 οὗν
1091 1199 1209 1225 πάντοτε
1229 1198 1299 1233 μετὰ
1325 1198 1392 1225 Θεοῦ
1415 1197 1486 1233 ἦσαν
1515 1200 1540 1225 οἱ
1568 1199 1684 1230 δίκαιοι,
1706 1197 1770 1224 ἀλλ’
1791 1197 1820 1223 al.

1024 1244 1118 1278 νοεραὶ
1132 1244 1186 1273 τῶν
1211 1245 1337 1277 ἀγγέλων
1363 1244 1464 1275 οὐσίαι,
1490 1245 1517 1271 αἱ
1543 1244 1677 1279 μηδέποτε
1700 1244 1817 1278 διακρι-

1025 1289 1113 1316 θεῖσαι
1131 1290 1198 1316 Θεοῦ
1214 1298 1221 1306 ο
1239 1290 1309 1325 ὑπὲρ
1335 1287 1372 1316 ὧν
1402 1290 1463 1316 οὐδὲ
1492 1290 1586 1324 ἔριφος
1623 1289 1706 1325 ὲούθη
1736 1289 1816 1316 ποτέ.

1031 1334 1118 1370 ’Υπὲρ
1132 1335 1187 1370 γὰρ
1200 1335 1254 1361 τῶν
1272 1335 1396 1369 ἀγγέλων
1417 1335 1477 1362 οὐδὲ
1491 1336 1654 1370 ἁμαρτωλὸς
1673 1337 1713 1367 εἰς
1729 1335 1816 1362 θάνα-

1025 1388 1072 1406 τον
1089 1380 1194 1407 δέδοται
1208 1389 1214 1396 ·
1226 1381 1296 1415 ὑπὲρ
1310 1381 1338 1407 δὲ
1354 1382 1403 1416 τῆς
1421 1380 1476 1408 τῶν
1498 1381 1650 1417 ἀνθρώπων
1675 1381 1818 1416 σωτηρίας

1026 1425 1108 1457 αὐτὸς
1124 1426 1138 1452 6
1157 1425 1205 1452 τοῦ
1233 1425 1301 1452 Θεοῦ
1326 1427 1391 1458 Υἱὸς
1409 1427 1528 1453 τέθυται.
1563 1427 1644 1454 Ἀλλὰ
1666 1427 1738 1454 πολὺ
1768 1427 1817 1460 τῆς

1026 1471 1135 1504 εὐθείας
1155 1473 1401 1508 ἀπεπλανήθημεν.
1420 1474 1488 1508 Φέρε
1508 1472 1553 1499 οὖν
1580 1473 1626 1500 τὸν
1653 1472 1735 1505 λόγον
1761 1471 1818 1498 ὦσ-

988 1537 1010 1566 c
1027 1525 1080 1553 περ
1103 1518 1186 1545 ἵππον
1208 1519 1261 1551 ἔξω
1275 1519 1326 1553 τῆς
1346 1519 1448 1553 νύσσης
1463 1519 1656 1554 ἀφηνιάσαντα
1672 1519 1819 1554 ἡνιοστρο-

1027 1564 1169 1600 φήσωμεν.

1065 1662 1074 1680 ι
1091 1653 1250 1688 Ἄνθρωπός
1268 1662 1310 1684 τις
1324 1651 1381 1688 εἷχε
1399 1652 1446 1679 δύο
1460 1651 1537 1684 υἱούς
1548 1660 1554 1668 -
1577 1651 1625 1678 καὶ
1643 1647 1722 1677 εἶπεν
1739 1649 1814 1684 αὒτῷ

1026 1700 1040 1726 6
1053 1698 1202 1734 νεώτερος·
1219 1699 1321 1734 Πάτερ,
1335 1699 1378 1730 δός
1395 1707 1439 1733 μοι
1456 1698 1486 1724 τὸ
1498 1697 1642 1725 ὲπιῆάλλον
1664 1696 1751 1731 μέρος
1767 1695 1816 1729 τῆς

1027 1745 1131 1776 οὐσίας.
1151 1754 1160 1770 ι
1184 1745 1303 1779 Ἐπειδὴ,
1321 1745 1414 1779 φησὶν,
1429 1743 1602 1776 αὐτεξούσιος
1623 1743 1768 1776 ἔκτισμαι,
1786 1742 1816 1767 οὐ

1029 1791 1098 1818 θέλω
1121 1791 1257 1817 δουλεύειν
1281 1791 1406 1826 ἁνάγκῃ’
1433 1789 1636 1825 παραχώρησον
1662 1787 1817 1824 χρήσασθαί

1030 1844 1064 1869 με
1088 1836 1127 1870 τῷ
1149 1836 1253 1870 κλήρῳ,
1278 1836 1317 1867 ὡς
1348 1835 1479 1870 βούλομαι
1493 1843 1500 1850 ·
1524 1836 1540 1870 ἦ
1565 1834 1623 1866 πῶς
1646 1834 1678 1861 ἂν
1701 1834 1816 1868 φανείην

1028 1882 1238 1913 αὖτοδέσποτος,
1263 1881 1383 1913 εντολαῖς
1416 1881 1464 1908 καὶ
1499 1881 1591 1916 νόμοις
1622 1879 1816 1914 δουλαγωγού-

1031 1937 1111 1963 μενος
1124 1937 1132 1960 ;

1068 1983 1077 1999 ι
1095 1975 1150 2000 Καὶ
1171 1974 1268 2000 διεῖλεν
1292 1974 1384 2004 αὐτοῖς
1406 1972 1452 1998 τὸν
1467 1971 1536 2006 βίον,
1555 1980 1565 1996 ι
1587 1971 1643 2002 τοῖς
1660 1971 1816 2004 ἀσωμάτοις

1030 2021 1163 2053 ἀπένειμε
1178 2019 1223 2045 τὸν
1236 2019 1361 2053 οὐράνιον
1373 2018 1471 2053 χῶρον,
1488 2019 1542 2048 τοῖς
1560 2016 1714 2051 ἀνθρώποις
1729 2016 1758 2042 δὲ
1771 2014 1815 2041 τὸν

1031 2065 1181 2100 περίγειον.
1196 2064 1248 2090 Δύο
1261 2064 1315 2099 γὰρ
1329 2064 1416 2090 ταῦτα
1431 2063 1551 2097 στοιχεῖα
1564 2062 1592 2087 ὲν
1608 2062 1641 2096 τῇ
1662 2061 1716 2087 τῶν
1732 2060 1816 2087 ὄντων

1030 2110 1120 2137 κτίσει
1136 2110 1205 2145 πρὸς
1217 2109 1355 2144 διαγωγὴν
1368 2109 1419 2143 τῆς
1432 2108 1546 2142 λογικῆς
1560 2107 1677 2142 φύσεως,
1691 2106 1814 2140 οὐρανὸς,

1031 2156 1079 2182 καὶ
1096 2156 1112 2190 ἡ
1129 2155 1175 2190 γῆ.
1199 2155 1287 2186 Τόπος
1302 2155 1357 2181 τῶν
1372 2154 1416 2181 διὰ
1432 2153 1534 2189 σαρκὸς
1551 2152 1600 2187 τὴν
1621 2151 1694 2186 ζωὴν
1709 2151 1816 2186 εἰληχό-

195 2202 241 2235 qui
263 2202 345 2229 vitam
372 2203 400 2230 in
422 2211 536 2237 corpore
566 2203 656 2230 sortiti
672 2207 746 2234 sunt,
761 2207 831 2229 terra
851 2210 858 2235 ;
877 2202 975 2230 coelum

1041 2210 1083 2228 ’ων
1097 2202 1113 2236 ἡ
1129 2202 1165 2236 γῆ
1176 2210 1182 2217 ·
1198 2201 1212 2227 6
1227 2201 1255 2227 δὲ
1270 2201 1396 2236 οὐράνιος
1411 2200 1464 2226 τῶν
1479 2199 1633 2233 ἀσωμάτων
1649 2199 1733 2229 ἐστὶν,
1751 2199 1779 2224 ἐν

194 2254 260 2274 vero
285 2248 407 2282 corporis
423 2248 574 2282 expertium
594 2252 634 2275 est
648 2269 655 2281 ,
679 2247 705 2274 in
730 2255 783 2282 quo
799 2248 978 2275 sunetissinue

196 2297 302 2320 mentes
322 2297 482 2327 versantes,
507 2293 605 2324 divinae
635 2292 816 2328 perfectaeque
849 2293 921 2319 omni
948 2300 979 2320 ett

195 2339 272 2369 parte
295 2336 457 2364 beatitudini
481 2337 592 2372 propius
614 2337 757 2364 aecedunt.
787 2337 873 2364 Homo
899 2337 981 2372 igitur

195 2381 274 2415 quasi
296 2382 496 2411 adolescentior
513 2382 585 2410 ﬁlius
606 2383 676 2410 hunc
700 2383 829 2410 mundum
853 2383 977 2410 sensibus

232 2459 270 2489 ⁵1
287 2461 350 2490 Cor.
367 2468 412 2494 xv,
427 2461 474 2491 22.

1034 2247 1157 2281 πανίεροι
1182 2247 1240 2277 νόες
1257 2246 1469 2282 περιπολοῦντες
1489 2243 1640 2279 γειτονοῦσι
1662 2245 1694 2278 τῇ
1717 2251 1815 2269 πανευ-

1032 2291 1140 2326 δαίμονι
1156 2291 1202 2318 καὶ
1220 2291 1280 2327 θεῖᾳ
1304 2291 1499 2326 μακαριότητι.
1525 2290 1556 2317 '0
1570 2290 1661 2316 τοίνυν
1677 2289 1816 2324 ἄνθρωπος

1033 2335 1077 2364 οἷα
1095 2338 1224 2372 νεώτερος
1246 2339 1321 2369 παῖς,
1344 2338 1381 2369 ὡς
1398 2337 1499 2373 κλῆρον
1516 2337 1561 2364 τὸν
1577 2336 1705 2370 αἰσθητὸν
1725 2335 1815 2362 τοῦτον

1033 2385 1134 2418 κῧσμον
1162 2383 1209 2410 καὶ
1234 2384 1280 2409 τὸν
1304 2383 1468 2418 παράδεισον
1496 2383 1536 2414 εἰς
1560 2382 1664 2409 δίαιταν
1689 2380 1813 2416 εἰληφὼς,

806 2507 965 2538 Francis-ci
986 2506 1090 2537 Scorsi
1111 2510 1205 2537 noun.

233 2570 289 2606 (92)
306 2569 421 2604 Lapmm
436 2570 516 2598 etiam
531 2578 590 2597 cum
602 2569 647 2596 illo
662 2576 835 2597 communem.
853 2567 922 2596 Vide
934 2575 983 2595 no-

196 2609 252 2633 tam
266 2606 443 2636 superiorem.

235 2640 291 2674 (95)
309 2640 366 2667 Duo
384 2645 444 2666 sunt
457 2642 592 2667 elemento.
610 2639 666 2666 Non
685 2639 772 2666 solum
788 2643 905 2674 quatuor
917 2637 984 2664 sub-

196 2673 303 2702 Ittnaria
318 2682 442 2706 corpora,
459 2675 504 2701 sed
515 2675 596 2702 etiam
609 2674 706 2700 caalutn
722 2674 796 2700 vides
810 2673 898 2700 vocari
914 2680 986 2698 στοι-

198 2713 271 2745 χεῖον
282 2710 349 2745 apud
365 2709 483 2745 Graecos.
497 2710 579 2736 Arist.
598 2709 644 2736 lib.
659 2708 696 2735 De
716 2710 813 2745 "tundo
826 2707 985 2745 ενΣτοιχεῖον

197 2741 283 2770 οὖσαν
300 2741 304 2744 ⁷
320 2743 413 2777 ἕτερον
447 2744 500 2770 τῶν
527 2745 685 2778 τεσσάρων,
727 2743 864 2778 ᾁκὴρατόν
887 2741 986 2768 τεκαὶ

198 2778 286 2804 θεῖον·
307 2778 382 2810 Quod
402 2779 475 2804 aliud
495 2783 559 2804 esta
573 2783 699 2812 quatuor,
718 2777 873 2804 elementum
894 2778 985 2809 puris-

199 2814 295 2839 simum
323 2819 346 2838 et
374 2813 511 2844 divinum;
535 2813 568 2839 de
582 2812 650 2839 callo
681 2812 807 2845 loquitur.
839 2812 985 2844 Gregorius

199 2845 282 2880 Eyss.
305 2847 413 2882 Diutoga
426 2847 457 2874 de
469 2847 556 2874 anima
572 2852 594 2873 et
613 2854 696 2873 retur.
711 2854 719 2874 :
733 2846 816 2881 Atqu:
825 2846 904 2873 etiam
917 2847 985 2872 luuw

1036 2567 1237 2595 diminutionem
1268 2575 1292 2596 et
1309 2570 1495 2596 incrementum
1517 2578 1576 2596 cum
1590 2569 1672 2602 vides,
1689 2577 1735 2604 per
1749 2576 1813 2600 eam,

1037 2611 1095 2636 quia
1111 2609 1218 2634 apparet
1236 2605 1262 2630 in
1278 2604 1413 2634 elementa.
1427 2605 1550 2638 ﬁguram,
1568 2605 1623 2631 alia
1634 2605 1724 2631 discis.
1735 2604 1814 2637 Chry-

1037 2642 1102 2663 sost.
1123 2638 1171 2663 hac
1198 2639 1254 2672 ipsa
1274 2640 1381 2664 humilia
1398 2639 1430 2665 de
1454 2640 1509 2666 lilio
1530 2638 1727 2672 prodigo:0m'
1750 2639 1813 2665 enim

1034 2672 1058 2698 i-t
1090 2671 1290 2705 cmiumpéccal,
1313 2674 1382 2705 quod
1411 2674 1459 2700 etsi
1473 2671 1634 2707 supremum,
1654 2679 1740 2700 tanien
1756 2674 1814 2700 ι·ἰεί-

1036 2707 1085 2732 ΙιίῘε
1102 2708 1256 2743 elementum
1271 2713 1321 2733 est.
1339 2707 1431 2735 Grmea
1463 2709 1606 2743 Cltrysost.
1634 2715 1686 2735 non
1711 2713 1772 2734 sunt
1790 2708 1812 2733 iit

1035 2747 1170 2774 pt-mnplu.
1186 2742 1222 2768 Ex
1238 2742 1340 2769 La‘inis
1357 2751 1422 2769 vero
1442 2743 1469 2770 S.
1489 2744 1648 2769 Ambrosius
1664 2745 1696 2769 de
1713 2743 1812 2770 defertu

1036 2776 1115 2806 inmte,
1147 2776 1198 2802 nisi
1228 2784 1321 2803 ant-tor
1351 2779 1384 2804 sit
1414 2778 1441 2804 S.
1475 2778 1606 2804 Maximus
1643 2777 1814 2804 Tauriltensis

1034 2811 1192 2846 cpiscopus:
1209 2810 1371 2839 Clama-{tutis
1382 2814 1447 2839 enirn
1465 2822 1493 2839 ue
1507 2812 1653 2840 tacentibus
1667 2813 1738 2839 vobis
1763 2819 1815 2846 rct-

1035 2846 1106 2871 derct
1119 2845 1284 2873 elementum.
