1883 3053
39 125 76 158 389

677 116 844 148 HOMILIA
864 116 959 148 XVII.

1572 117 1625 148 390

38 182 84 216 τογῇ
93 186 138 205 των
148 175 276 211 οὐρανίων
299 174 410 210 ἀγαθῶν
424 182 430 190 ·
445 175 461 210 ἡ
478 174 532 210 γὰρ
561 173 683 210 οὐρανῶν
704 173 783 208 βασι-

873 179 896 199 te
913 171 1077 198 crediderat.
1104 170 1143 197 lla
1160 172 1259 206 quippe
1285 171 1407 199 dicturus
1422 177 1462 198 est
1486 171 1569 206 judcx
1597 174 1624 200 iu

37 224 80 250 λεία
90 221 122 256 τῷ
137 220 265 255 ἀνθρώπῳ
283 220 464 255 ἡτοίμασται·
479 219 566 251 οὕτως
588 218 715 249 εἰπόντος
739 216 784 243 τοῦ

37 269 70 295 ἐπὶ
82 267 161 302 θρόνου
185 265 263 299 δόξης
280 264 392 300 κριτοῦ·
413 274 421 290 ι
441 264 535 296 Δεῦτε,
551 265 577 290 οἱ
605 262 784 298 εὐλογημένοι

36 313 69 339 τοῦ
79 311 168 347 Πατρός
181 319 242 345 μου,
259 310 482 344 κληρονομήσατε
506 310 556 345 τὴν
578 308 785 344 ἡτοιμασμένην

37 360 83 393 ἡμῖν
101 355 245 391 βασιλείαν]
266 365 274 382 ι
295 355 343 382 ἅτε
357 354 403 382 οὖν
419 356 600 390 πεπεισμένος
613 376 620 387 ,
634 355 671 386 ὡς
685 354 786 389 κλῆρος

36 403 96 429 αὐτοῦ
107 401 136 438 ἦν
150 403 162 428 o'
177 402 301 437 οὐρανὸς,
319 401 348 428 ὃν
363 401 540 436 καταλιπὼν.
559 401 784 436 ἐπλημμέλησεν,

35 450 63 479 ei;
73 448 109 474 τὸν
122 447 226 482 οὐρανὸν
241 447 401 482 ἁμαρτῆσαί
415 455 509 482 φησιν.

62 504 69 518 ι
82 492 138 520 Eine
153 493 178 519 δὲ
192 494 205 519 ό
224 493 316 527 πατὴρ
332 492 400 527 πρὸς
411 493 475 523 τοὺς
489 491 599 521 δούλους
613 490 696 517 αὐτοῦ
709 499 716 506 ·
728 491 787 524 Ἐξ-

34 538 136 571 ενέγιιατε
150 536 195 571 τὴν
213 536 310 570 στολὴν
323 536 372 571 τὴν
389 535 512 571 πρώτην,
531 536 578 562 καὶ
591 535 719 562 ἐνδύσατε
735 537 786 563 αὺ-

32 585 74 615 τὸν,
87 583 127 609 καὶ
153 582 208 608 δότε
235 581 379 608 δακτύλιον
407 583 448 613 εἰς
471 581 521 617 τὴν
536 583 616 617 χεῖρα
629 582 723 615 αὐτοῦ,
740 583 787 608 καὶ

34 630 167 664 ὑποδήματα
190 629 230 660 εἰς
258 629 321 660 τοὺς
338 628 421 660 πόδας
444 628 540 655 αὐτοῦ.
557 638 566 654 ι
585 629 679 656 Δοῦλοι
698 630 722 656 οἱ
740 629 787 656 τοῦ

33 677 157 711 μυστηρίου
168 675 215 709 τῆς
229 675 342 710 χάριτος
356 675 476 710 κήρυκες
501 674 548 701 καὶ
558 674 690 708 διάκονοι,
704 676 728 701 οἱ
744 676 788 702 διὰ

32 722 66 748 τοῦ
79 722 145 755 ἁγίου
165 720 352 756 βαπτίσματος
381 721 430 756 τὴν
457 721 555 756 στολὴν
577 721 787 757 ἀμφιεννῦντες,

31 769 68 794 οὐκ
89 767 175 803 ἄλλην,
200 766 270 793 ἀλλὰ
299 766 348 802 τὴν
382 765 506 802 πρώτην,
524 764 558 802 ἧς
581 766 624 793 διὰ
644 767 788 802 παρακοῆς

31 812 150 846 ἐγυμνώθη
160 813 173 838 ὁ
184 812 341 847 ἄνθρωπος,
357 812 414 847 ἅμα
427 813 459 847 τῇ
472 812 565 846 γεύσει
574 814 677 848 γυμνὸν
692 813 788 840 ἑαυτὸν

837 217 930 251 gloriae
945 217 1089 244 considens
1105 217 1203 244 throno
1217 225 1224 243 :
1242 226 1251 242 ι
1272 216 1377 248 Venite,
1389 217 1522 244 benedicti
1536 217 1626 245 Putris

838 262 902 294 mei,
917 263 1049 297 percipite
1062 267 1243 298 pratparatum
1260 263 1336 289 vobis
1362 270 1474 298 regnum
1487 265 1507 291 ν.
1527 273 1535 289 ι
1556 264 1624 290 Cum

838 308 920 343 igitur
933 315 1092 342 persuasum
1108 309 1231 342 haberet,
1249 308 1346 336 coelum
1364 316 1423 336 esse
1440 310 1624 336 ltu'rcditatetn

838 361 926 385 suam,
951 360 1065 387 eamque
1083 353 1232 380 deserendo
1258 361 1400 388 perperam
1426 347 1455 381 se
1477 353 1585 386 fecisse,
1598 354 1625 380 in

838 399 936 426 coelum
953 405 1082 433 peccasse
1100 406 1130 426 se
1149 399 1229 427 dixit.

876 500 885 516 ι
903 490 975 517 Dixit
990 497 1054 518 vero
1070 495 1146 526 pater
1163 492 1195 518 ad
1212 498 1306 518 servos
1323 498 1387 519 suos
1404 499 1411 518 :
1430 490 1554 517 Proferte
1567 495 1625 518 sto-

837 537 890 563 lam
909 538 1035 572 pritnam,
1051 543 1079 565 et
1099 538 1200 565 induite
1217 538 1290 564 illum
1309 547 1317 567 ς
1333 542 1360 565 et
1375 538 1436 564 date
1452 538 1580 564 annulum
1599 538 1626 564 in

839 591 946 610 mairum
964 584 1033 618 ejus.
1048 588 1074 610 et
1090 583 1273 611 calceamenla
1299 584 1325 610 in
1343 584 1424 618 pedes
1439 583 1506 617 ejus.
1521 593 1531 609 ι
1547 583 1626 611 Servi

839 633 904 656 sunt
927 636 1064 663 praecones
1088 629 1208 664 mysterii
1232 629 1338 663 gratias,
1355 633 1382 655 et
1398 629 1561 659 administri,
1577 630 1624 663 qui

839 681 887 708 per
904 679 1027 701 sanctum
1043 674 1207 709 baptismum
1226 674 1322 702 stolam
1344 675 1422 702 nobis
1437 673 1561 708 injiciunt
1572 681 1626 702 non

839 719 918 746 aliaat
942 727 1023 754 quam
1051 720 1166 754 primam
1188 720 1261 747 illam
1280 728 1333 755 qua
1351 728 1398 754 per
1417 721 1625 747 inobedientiam

840 764 970 798 spoliatus
984 769 1024 791 est
1042 764 1131 797 homo,
1147 772 1220 798 cum,
1237 765 1317 792 simul
1331 772 1362 792 ac
1380 765 1497 799 gustavit
1511 765 1627 792 vetitum

841 810 940 842 cibum.
955 810 1054 837 nudum
1069 817 1099 838 se
1112 818 1172 838 esse
1187 811 1322 846 cognovit.
1346 811 1378 838 Et.
1402 811 1428 837 in
1452 818 1561 837 martum
1586 810 1628 837 in-

31 857 178 891 Οεασέιμενος.
199 858 254 883 Kal.
271 858 337 891 περὶ
352 857 402 893 τὴν
417 859 497 893 χεῖρα
513 843 671 894 τίθησίτὸν
687 859 788 885 δακτύ-

873 853 913 879 τίι
931 854 1058 881 annulum
1074 862 1106 881 ex
1123 856 1253 882 servitute
1273 855 1375 882 scilicet
1399 855 1466 882 civis
1480 855 1562 888 illius,
1578 855 1629 882 hoc

30 904 83 934 im,
97 902 240 937 ἐλευθερῶν
264 903 345 930 αὑτὸν
360 903 408 938 τῆς
422 903 544 936 δουλείας
560 904 607 931 τοῦ
630 905 679 940 τῆς
698 905 791 940 ἀμαρ-

29 949 76 979 τίας
87 948 196 980 πολίτου,
211 949 261 976 καὶ
287 949 331 976 διὰ
355 949 408 985 τῆς
432 951 462 977 ὲν
479 952 511 986 τῇ
533 952 662 988 σφενδόνῃ
685 953 791 989 γλυφῆς

29 995 66 1027 τὴν
76 994 235 1028 ἐπανάληψιν
250 995 297 1030 τῆς
310 995 413 1026 εἰκόνος
426 994 524 1030 δηλῶν,
542 997 575 1032 ἣν
600 997 742 1033 ὑπέκρυψε
757 1000 790 1034 τῇ

30 1038 114 1073 κόπρῳ,
125 1040 156 1074 τῇ
171 1039 219 1073 τῆς
238 1039 340 1074 σαρκός
356 1048 428 1074 φημι
447 1041 580 1077 ῥυπαρία.
599 1042 791 1076 Ἀσφαλίζεται

28 1084 48 1110 δὲ
64 1084 172 1116 καὶτοὺς
187 1085 272 1116 πόδας
286 1087 343 1117 τοῖς
374 1087 560 1121 ὑποδήμασιν,
575 1088 613 1120 ὡς
630 1089 663 1115 ἂν
688 1089 725 1124 μὴ
741 1098 790 1122 γυ-

29 1132 69 1166 μνῇ
84 1132 112 1167 τῇ
123 1131 222 1167 πτέρνῃ
237 1133 270 1167 τῇ
291 1132 396 1168 κεφαλῇ
416 1133 464 1159 τοῦ
483 1133 572 1168 ὄφεως
591 1135 672 1162 πάλιν
692 1135 791 1162 ἁλώσι-

28 1185 67 1212 μος
80 1177 193 1211 γένηται.
207 1175 272 1204 Εἶεν
282 1177 304 1204 δ’
319 1178 353 1205 ἂν
369 1179 535 1215 ὑποδήματα
545 1181 558 1206 ὁ
576 1180 627 1215 τῆς
648 1181 792 1216 εὐαγγελι-

28 1223 67 1256 κῆς
81 1223 212 1256 πολιτείας
230 1225 380 1260 ἐγκρατὴς,
402 1226 451 1252 καὶ
471 1226 667 1262 κατεσκληκὼς
691 1227 757 1263 βίος,
777 1229 791 1255 ό

26 1268 115 1302 lips-iuni
128 1269 159 1295 δι’
173 1269 274 1296 ἑαυτοῦ
308 1271 356 1296 καὶ
379 1271 518 1306 περικλῶν
529 1273 577 1304 τὰς
594 1273 644 1307 τῆς
668 1273 791 1308 ἀκάνθης

26 1315 110 1349 ἀκμὰς,
139 1316 185 1342 καὶ
202 1315 317 1343 κωλύω-ι
333 1317 362 1349 ἐξ
378 1317 498 1351 ἀφανοῦς
520 1319 567 1344 καὶ
584 1318 685 1354 λεπτῆς
705 1320 791 1355 ἀρχῆς

23 1361 61 1395 τὴν
73 1361 204 1396 ἁμαρτίαν
220 1363 251 1389 ἐν
267 1364 300 1398 τῇ
313 1364 385 1398 ψυχῇ
406 1365 632 1399 παρεισδύεσθαι.

52 1416 59 1432 ι
73 1408 121 1434 Καὶ
138 1408 197 1435 θύει
212 1409 261 1435 τὸν
280 1410 383 1444 μόσχον
400 1410 446 1436 τὸν
463 1411 596 1445 σιτευτὸν,
617 1412 689 1441 »τὸν
708 1412 791 1440 ἄσπι-

23 1452 57 1479 λον
69 1453 146 1485 ὅντως
171 1454 219 1480 καὶ
248 1455 379 1490 καθαρὸν,
398 1455 428 1482 ὃν
448 1456 464 1491 ἡ
480 1457 593 1491 ἄμωμος
605 1457 683 1485 ἔτεκε
700 1458 790 1494 δάμα-

840 903 883 925 est
899 899 1014 933 peccati,
1027 903 1149 934 ereptum
1165 907 1291 927 asserens
1308 900 1335 927 in
1349 900 1513 931 libertatem,
1528 907 1630 934 perque

840 943 947 978 signum
968 945 995 972 in
1009 945 1069 980 pala
1097 945 1189 972 annuli
1217 947 1350 980 sculptum
1364 945 1403 981 (5)
1429 945 1626 973 restitutionem

841 990 973 1025 signiﬁcat
989 991 1061 1019 illius
1076 991 1212 1027 imaginis,
1235 1000 1315 1026 quam
1331 992 1358 1018 in
1377 991 1451 1023 timo,
1465 991 1555 1018 carnis
1568 991 1630 1018 dico

841 1036 978 1070 sordibus,
1001 1038 1198 1065 occultaverat.
1216 1037 1303 1065 Pedes
1315 1046 1380 1065 vero
1403 1038 1503 1065 calceis
1531 1038 1629 1070 munit,

842 1089 875 1108 ne
903 1081 1000 1108 iterum
1029 1082 1164 1116 serpentis
1188 1083 1269 1115 capiti
1295 1083 1365 1110 nuda
1382 1082 1474 1117 planta
1494 1084 1629 1109 obnoxius

841 1127 886 1154 sit.
920 1126 1079 1160 Signiﬁrare
1099 1135 1164 1155 vero
1179 1128 1263 1155 calcei
1278 1128 1316 1163 (4)
1334 1133 1445 1162 possunt
1466 1128 1630 1163 evangelicae

841 1172 1056 1199 conversationis
1073 1173 1258 1200 continentem
1283 1178 1310 1200 et
1323 1181 1446 1208 asperant
1460 1174 1541 1200 vitam
1570 1180 1629 1208 qua:

841 1225 890 1251 per
914 1225 944 1245 se
970 1218 1055 1252 ipsam
1089 1219 1172 1253 spina:
1197 1218 1307 1246 aculeos
1325 1218 1437 1246 inﬂectit
1458 1224 1539 1253 atque
1563 1226 1630 1245 cou-

842 1261 954 1297 fringit,
985 1263 1171 1298 itnpeditque,
1205 1263 1351 1297 quominus
1387 1270 1419 1289 ex
1460 1263 1628 1301 improviso.

843 1308 971 1342 tenuique
981 1307 1114 1342 principio
1129 1307 1156 1334 in
1170 1309 1286 1334 animam
1302 1314 1332 1334 se
1344 1313 1482 1342 peccatum
1499 1308 1629 1335 insinuet.

881 1415 890 1431 ι
908 1405 942 1432 Et
955 1404 1053 1433 occidit
1069 1404 1181 1431 vitulum
1198 1404 1363 1438 saginatum,
1379 1413 1388 1430 ι
1409 1403 1484 1431 illum
1504 1410 1568 1431 vero
1589 1403 1631 1430 in-

842 1450 1055 1478 contaminatnm
1086 1457 1118 1476 ac
1134 1456 1241 1482 purum,
1258 1457 1337 1483 quem
1352 1449 1524 1476 immaculata
1536 1448 1630 1483 juven’

23 1499 61 1530 λις,
84 1500 126 1525 τὸν
152 1501 257 1535 μόσχον
282 1501 327 1527 τὸν
352 1503 441 1537 πρᾶον
465 1503 512 1529 καὶ
533 1503 650 1539 ἥμερον,
671 1505 716 1531 τὸν
728 1506 789 1537 τοὺς

873 1497 907 1524 tla
927 1496 1050 1531 peperit;
1068 1495 1181 1522 vitulum
1200 1495 1274 1522 illum
1307 1495 1401 1522 mitem
1428 1503 1459 1522 ac
1483 1495 1629 1530 placidum,

22 1546 160 1578 κτείναντας
178 1547 263 1574 αὑτὸν
281 1548 397 1583 ταύρους
425 1549 471 1575 καὶ
496 1549 582 1581 κύνας
618 1550 655 1585 μὴ
680 1552 792 1586 κερατί-

22 1600 107 1619 σαντα·
122 1594 204 1621 τοῦτο
226 1596 268 1626 είς
286 1594 382 1621 θυσίαν
398 1595 507 1622 δίδωσιν
524 1596 539 1621 ὁ
569 1598 658 1631 πατὴρ
669 1604 675 1611 ·
697 1606 707 1622 ι
724 1598 792 1624 Τοσ-

20 1638 82 1665 οῦτον
96 1640 146 1674 γὰρ
160 1640 309 1674 ἠγάπησεν
327 1641 341 1666 ὁ
365 1640 432 1671 Θεὸς
446 1641 492 1666 τὸν
521 1640 633 1676 κόσμον,
655 1641 725 1668 ὥστε
747 1643 793 1670 τὸν

21 1684 70 1711 Titii
86 1686 166 1712 αὑτοῦ
183 1687 231 1713 τὸν
249 1687 383 1722 μονογενῆ
410 1686 504 1714 δοῦναι
526 1687 623 1723 λύτρον
637 1688 699 1714 ἀντὶ
728 1689 793 1715 πολ-

19 1737 70 1758 Aut-1.
90 1740 100 1758 ι

48 1786 56 1802 ι
69 1778 120 1806 Καὶ
135 1777 259 1814 ἧρξαντο
274 1778 480 1813 εὐφραίνεσθαι.
495 1787 505 1805 ι
519 1778 593 1814 Αὕτη
608 1777 642 1814 ἦν
664 1779 680 1814 ἡ
697 1780 794 1815 εὐφρο-

20 1822 82 1859 enim,
96 1824 128 1859 ἢν
141 1824 265 1861 ἀλλαχοῦ
286 1825 394 1851 δεῖπνον
420 1825 469 1851 καὶ
492 1825 580 1859 γάμον
607 1825 735 1859 ὀνομάζει
762 1826 793 1852 τὸ

20 1868 177 1903 Εὑαγγὲλιον.
192 1870 295 1904 Γέγονε
309 1869 374 1904 γὰρ,
386 1870 423 1902 ὡς
436 1870 555 1906 ἀληθῶς,
573 1870 613 1905 τῷ
627 1871 687 1906 Θεῷ
709 1872 726 1906 ὴ
738 1872 793 1899 τῶν

16 1914 151 1949 ἀνθρώπων
168 1915 297 1950 σωτηρία
313 1915 487 1950 εὐφροσύνης
513 1916 661 1946 ὑπόθεσις·
675 1917 722 1943 καὶ
739 1917 792 1952 γὰρ

17 1960 164 1996 ὲνενέκρωτο
177 1963 213 1997 τῇ
231 1961 357 1997 ἁμαρτίᾳ
372 1961 388 1996 ή
404 1961 484 1996 φύσις
499 1961 590 1996 ήμῶν,
602 1961 751 1998 ἀνεζωώθη
764 1963 792 1990 δὲ

16 2006 45 2040 τῷ
56 2007 171 2042 Χριστῷ.

46 2052 72 2079 '0
82 2055 137 2085 υἱός
161 2062 216 2088 μου
248 2061 314 2088 γαρ,
341 2052 436 2088 φησὶν,
454 2049 533 2085 οὗτος
563 2054 660 2090 νεκρὸς
682 2052 728 2090 ἦν,
745 2055 792 2082 καὶ

14 2099 126 2135 ἁνέζησε,
145 2100 196 2126 καὶ
210 2099 365 2130 ἀπολωλὼς
379 2097 424 2135 ἦν,
438 2100 486 2126 καὶ
497 2099 608 2135 εὑρέθη.
623 2109 633 2126 ι
647 2101 726 2127 Τοῦτ’
736 2101 793 2136 ἀρι-

14 2144 86 2179 δήὶως
102 2145 232 2179 ὑπέδειξε
245 2145 296 2172 κᾶν
316 2146 345 2171 ἑν
356 2147 388 2180 τῇ
404 2145 545 2181 παραϐολῇ
563 2145 611 2172 τοῦ
625 2147 792 2181 ἐμπεσόντος

14 2193 46 2221 εἰς
60 2192 118 2224 τοὺς
131 2192 250 2228 λῃστάς.
266 2192 321 2218 Καὶ
333 2191 415 2217 αὑτὸν
427 2191 481 2226 γὰρ
495 2180 593 2218 the.
606 2180 717 2226 πληγῶν
730 2194 792 2228 ἡμι-
807 2180 830 2208 Ῐ)

14 2236 84 2272 Mn
112 2239 266 2273 γενόμενον
296 2237 452 2269 ἀνεζὼωσε.
478 2237 515 2263 Τὸ
528 2238 573 2264 δέ·
593 2247 601 2263 ι
629 2238 790 2271 Ἀπολωλὼς

13 2284 51 2308 καὶ
62 2284 170 2319 εὑρέθη,
192 2293 202 2309 ι
224 2283 335 2318 συνᾴδει
349 2284 385 2318 τῇ
402 2283 544 2318 παραϐολῇ
561 2283 608 2310 τοῦ
625 2285 796 2316 ἀπολωλότος

12 2329 147 2363 προϐάτου,
162 2328 213 2356 καὶ
226 2329 278 2363 τῆς
290 2328 479 2363 ἀπολλυμένης
489 2329 626 2364 δραχμῆς,
638 2331 670 2364 ἢν
680 2330 798 2364 εὑροῦσα

13 2375 77 2409 ᾐτοῦ
93 2376 161 2403 Θεοῦ
195 2375 282 2410 σοφία
303 2375 394 2410 χαίρει
418 2375 465 2402 καὶ
490 2375 604 2410 γέγηθε.
622 2377 672 2403 Διὰ
694 2377 722 2403 δὲ
751 2377 798 2404 τοῦ

38 2447 48 2463 ⁹
60 2446 153 2474 Matth.
173 2453 245 2478 xxv.
265 2445 311 2472 54.
349 2445 372 2461 ³⁸
389 2443 469 2477 Joan,
485 2452 527 2478 ιιι,
544 2444 585 2472 l6.

844 1551 931 1577 neque
946 1550 1029 1569 cornu
1045 1546 1180 1576 petentem
1202 1547 1294 1567 tauros
1321 1545 1348 1568 et
1365 1548 1447 1568 canes
1471 1541 1516 1576 qui
1544 1541 1630 1575 ipsum

844 1587 1036 1614 interimebant
1050 1595 1057 1613 :
1077 1586 1151 1613 hunc
1167 1586 1193 1612 in
1209 1585 1371 1613 sacrificium
1389 1591 1465 1620 pater
1477 1587 1522 1613 dat
1536 1595 1543 1613 :
1560 1595 1569 1612 ι
1588 1586 1633 1614 Sic

843 1634 915 1660 enim
932 1633 1003 1660 Deus
1018 1632 1113 1659 dilexit
1130 1632 1271 1664 mundum,
1293 1637 1322 1658 ut
1345 1632 1442 1659 Filium
1466 1641 1543 1659 suum
1569 1633 1631 1660 urti-

844 1679 964 1715 genitum
980 1678 1068 1712 daret,
1094 1678 1309 1713 redemptionem
1329 1686 1378 1713 pro
1394 1678 1486 1706 multis
1496 1679 1527 1707 ¹⁶.
1549 1688 1558 1704 ι

882 1774 963 1809 109
981 1782 991 1799 ε
1009 1773 1043 1801 Et
1063 1778 1206 1809 eruperunt
1225 1774 1339 1809 epulari.
1361 1783 1370 1800 ι
1390 1774 1452 1802 Παξο
1473 1775 1514 1802 illa
1539 1775 1632 1803 laetitia

845 1827 898 1852 est,
925 1829 1006 1854 quam
1024 1821 1086 1847 alibi
1101 1828 1207 1848 caenam
1221 1825 1249 1848 et
1264 1822 1371 1855 nuptias
1389 1821 1566 1855 Evangelium
1585 1830 1633 1849 vo-

845 1871 888 1894 cat
903 1868 936 1894 “.
952 1866 1013 1893 Fuit
1030 1867 1101 1893 enim
1120 1867 1173 1894 Deo
1189 1874 1252 1894 vere
1267 1867 1369 1894 la2titia3
1393 1875 1473 1895 causa
1490 1867 1562 1895 salus
1578 1868 1631 1896 hu-

845 1921 936 1940 mana.
956 1913 1061 1940 Etenim
1080 1917 1185 1940 mortua
1209 1921 1257 1947 per
1273 1918 1411 1948 peccatum
1435 1913 1523 1942 fuerat
1538 1920 1633 1942 nostra

845 1966 959 1993 natura;
976 1960 1022 1987 sed
1038 1960 1066 1986 in
1079 1959 1189 1987 Christo
1207 1959 1315 1986 revixit.

883 2066 893 2083 ι
918 2055 984 2089 Quia
1010 2055 1054 2082 hic
1071 2055 1142 2082 ﬁlius
1168 2062 1253 2088 meus,
1268 2055 1364 2090 inquit,
1383 2062 1507 2084 mortuus
1520 2063 1589 2089 erat,
1606 2061 1634 2084 et

844 2102 953 2134 revixit,
979 2102 1106 2136 perierat,
1130 2107 1156 2128 et
1183 2101 1308 2128 inventus
1330 2106 1381 2128 est.
1401 2111 1410 2127 ι
1437 2101 1493 2129 Hoc
1507 2103 1586 2129 etiam
1605 2103 1631 2130 in

845 2148 972 2184 parabola
996 2149 1055 2181 ejus
1081 2148 1127 2182 qui
1153 2147 1249 2174 incidit
1274 2148 1301 2174 in
1321 2147 1450 2180 latrones,
1476 2148 1631 2182 planissime

845 2195 964 2222 ostendit
978 2203 984 2228 ;
1000 2194 1071 2222 hunc
1088 2194 1158 2222 enim
1176 2195 1257 2221 etiam
1274 2193 1382 2222 inﬂictis
1397 2195 1480 2229 plagis
1491 2196 1634 2222 semimor-

847 2246 921 2268 tuum
936 2241 1073 2268 revocavit
1090 2241 1121 2267 ad
1140 2241 1233 2267 vitam.
1258 2239 1334 2273 Quod
1359 2245 1447 2267 autem
1464 2242 1522 2268 ait:
1543 2250 1553 2267 ι
1581 2241 1633 2269 Pe-

847 2288 942 2320 rierat,
961 2292 988 2314 et
1003 2288 1129 2314 inventus
1145 2291 1186 2314 est
1202 2287 1236 2319 “,
1257 2295 1267 2312 ι
1294 2287 1412 2314 concinit
1427 2295 1488 2314 cum
1506 2289 1633 2322 parabola

848 2334 959 2367 perditae
974 2334 1043 2365 ovis,
1069 2337 1094 2359 et
1110 2326 1257 2365 drachmm,
1282 2340 1334 2367 qua
1358 2339 1478 2367 reperta,
1506 2333 1632 2368 gaudium

850 2380 1069 2414 liilaritatcmque
1084 2379 1174 2406 divina
1190 2378 1326 2414 Sapientia
1348 2381 1476 2407 ostendit.
1493 2379 1569 2413 Quod
1584 2387 1634 2407 au-

627 2446 647 2461 ”
668 2446 734 2474 Luc.
757 2455 812 2482 xiv,
835 2448 868 2475 16
889 2457 896 2482 ;
919 2447 1014 2476 Matth.
1035 2449 1082 2482 ΞΕ,
1102 2449 1130 2476 2.
1170 2449 1192 2465 “
1213 2447 1280 2476 Luc.
1300 2456 1345 2481 xv,
1367 2448 1394 2481 6,
1411 2448 1438 2476 9.

596 2559 600 2563 ~
622 2518 784 2549 Francisci
804 2518 910 2550 Scorsi
928 2522 1024 2549 nota).

39 2581 73 2617 (ὃ)
91 2581 124 2608 1η
141 2581 208 2616 pata
232 2581 325 2617 annuli
349 2580 490 2615 scalptum.
515 2580 582 2609 Vide
606 2588 664 2615 quae
677 2581 790 2609 adhunc

12 2617 91 2644 itidem
113 2618 205 2644 locum
230 2616 344 2648 faciunt,
367 2617 437 2643 dicta
471 2617 545 2642 ltum.
579 2617 624 2648 Η,
656 2622 713 2643 ιιοι.
745 2618 790 2644 48.

12 2679 14 2685 _
40 2653 75 2685 (4)
90 2651 256 2686 Signi/itare
276 2659 335 2677 vero
358 2652 450 2678 calcei.
464 2651 566 2678 Similis
583 2659 629 2677 seu
650 2652 737 2686 potius
746 2659 792 2678 ea-

12 2688 60 2713 dem
82 2688 237 2721 tropologia
253 2687 375 2721 Gregorii
391 2687 472 2721 Nyss.
495 2686 556 2712 libr.
574 2687 610 2712 De
626 2687 678 2712 vim
693 2686 793 2714 Mosw:

12 2722 44 2748 Ne
59 2724 149 2757 igitur,
167 2722 271 2756 inquit,
288 2722 368 2754 sputis
385 2723 412 2748 in
428 2723 473 2748 hoc
490 2724 574 2748 arduo
593 2723 692 2748 intendi
704 2722 796 2748 irinere

12 2762 74 2787 pedes
99 2759 251 2787 iwdmrtur,
267 2765 317 2782 non
344 2758 421 2782 nudis
439 2757 554 2790 pedibus.
573 2759 620 2784 sed
642 2757 794 2782 durioribus

12 2794 92 2820 mfrein
115 2793 279 2820 communiit"
301 2791 427 2818 itinerare
445 2791 576 2819 debemus.
602 2791 693 2824 Spinw
705 2796 794 2818 autem

12 2834 56 2859 ra:
74 2829 186 2862 pedibus
202 2827 296 2861 inﬁxa:
321 2835 374 2853 non
398 2827 482 2854 solum
509 2828 620 2853 retinent
644 2830 794 2852 retardant-

845 2590 904 2615 que,
928 2590 1017 2608 verum
1048 2582 1128 2608 etiam
1148 2585 1267 2612 enecant,
1295 2585 1399 2614 peccata
1414 2584 1476 2606 sunt
1498 2588 1514 2607 a
1540 2580 1635 2614 quibus

846 2618 956 2644 durities
977 2618 1124 2644 calceorum
1151 2617 1286 2651 defendit;
1315 2616 1542 2651 continentissima
1565 2616 1636 2642 ride-

847 2653 918 2683 licet,
957 2652 1053 2684 tenuis,
1080 2659 1111 2678 ac
1138 2652 1207 2677 dura
1231 2651 1294 2682 rita,
1318 2653 1386 2685 qua,"
1407 2650 1527 2677 debilitat
1558 2657 1636 2683 alque

846 2688 945 2721 frangit
962 2687 1098 2721 spinarum
1114 2687 1245 2716 acumina,
1257 2686 1351 2719 quibus
1376 2694 1391 2711 a
1414 2693 1493 2719 prava
1513 2686 1635 2718 tenui-pie

845 2722 976 2756 principio
998 2723 1031 2747 uti
1058 2722 1185 2748 interiora
1200 2729 1279 2755 usque
1291 2725 1408 2756 petimur
1421 2721 1458 2746 sic
1484 2721 1636 2754 ingrediun-

845 2754 900 2787 iur,
916 2754 942 2783 ut
969 2758 1071 2790 penitus
1096 2757 1227 2783 occidant.
1259 2756 1351 2783 Graeca
1386 2754 1500 2789 Nysscni
1529 2762 1635 2789 posacm

845 2791 888 2818 hic
905 2793 1015 2819 reddere
1030 2791 1096 2826 ;sed
1109 2792 1171 2826 quia
1184 2791 1349 2826 longiuscula
1359 2797 1386 2818 et
1402 2798 1454 2818 nou
1468 2791 1633 2821 necessaria,

844 2832 949 2854 omitto.
