1883 3053
220 96 270 128 4ος

817 103 1063 133 ΤΗΕΟΡΠΑΝ13
1081 103 1252 134 CERAMEI

1787 102 1838 133 ιω

221 161 271 187 set,
287 153 341 188 jam
360 154 421 182 inde
436 155 470 182 ab
488 155 565 183 initio
583 155 681 184 mentis
698 156 725 184 in
746 163 841 185 sensus
863 158 1004 192 imperium

1069 156 1152 190 τοφίαν
1169 155 1371 191 κατωρθωκὼς,
1385 155 1453 190 πρὸς
1476 150 1681 190 ἡτοιμασμένην
1697 155 1775 186 αὐτῷ
1793 157 1838 191 βι-

220 201 363 233 sanciens;
380 206 408 228 ut
435 201 550 232 scilicet.
571 207 709 237 postquam
736 211 828 231 eorum
855 204 1004 231 ministerio

221 247 248 273 in
265 247 384 281 practica
402 254 448 275 sex
469 253 663 282 praeceptorum
687 249 856 284 philosophia
879 257 908 277 se
934 254 1005 276 reetc

220 292 383 324 exercuerit.
398 293 528 320 evehatur
542 294 574 321 ad
599 301 709 330 regnum
735 295 785 322 sibi
811 300 945 330 paratum.
972 294 1004 321 Et

225 341 275 366 hoc
295 338 402 371 Moyses
417 338 442 366 in
460 339 595 367 veteribus
620 340 804 369 sanctionibus
824 341 1005 374 adumbrnvit,

224 394 284 413 cum
303 393 416 420 pucrttm
443 385 596 418 llelnraum,
613 387 658 421 qui
675 393 723 414 sex
741 394 826 413 annos
849 386 1005 413 servitutem

223 431 373 462 serviisset,
386 431 510 459 libertate
522 432 647 459 donatum
660 431 692 458 ad
702 436 831 466 cognatos
842 438 904 458 suos
915 431 1007 458 dimit-

223 477 333 504 tendum
348 476 437 509 jussit.
465 477 554 504 lunuit
577 477 649 504 enim
674 481 790 504 mentem
816 481 944 508 nostram,
961 476 1006 504 ubi

223 521 318 548 horum
334 525 528 556 prmceptorum
544 521 688 549 observato
708 521 827 552 senario.
843 521 911 558 bene
928 520 1008 547 fuerit

222 567 362 600 famulata,
377 574 392 594 a
409 567 655 602 perturbationibus
677 567 798 600 liberari,
814 572 894 601 atque
913 566 945 594 ad
967 566 1008 593 fe-

222 611 301 640 licem
318 611 445 647 patriam,
462 616 489 640 et
512 619 572 640 eam
587 619 647 648 qua:
672 613 722 640 sub
747 612 910 640 intellectum
926 612 1007 645 cadit,

222 657 410 692 cognationem
432 657 612 685 laetabundam
638 657 777 685 accedere.
799 657 929 690 Quoniam
944 664 1009 683 vero

224 702 320 736 duplex
346 705 388 729 est
412 702 505 734 homo,
529 702 649 729 exterior
668 706 696 729 et
713 701 836 735 interior,
852 701 922 737 quod
947 709 1007 729 cum

224 748 307 774 Paulo
334 752 361 776 et
378 748 435 783 ipsa
449 747 565 775 veritate
582 747 729 780 consentit,
746 747 842 782 duplex
860 747 940 774 etiam
957 746 1010 773 erit

222 793 375 821 observatio
391 798 597 828 praeceptorum.
614 792 673 821 Non
697 793 769 820 enim
785 793 811 820 in
827 793 1009 820 exterioribus

223 839 336 873 gradum
359 839 437 867 sistet
456 839 490 870 is.
508 838 551 866 cui
573 839 691 866 cltaritas
708 838 793 866 facem
817 838 902 872 tollit;
922 845 1009 872 neque

223 882 312 917 solum
326 890 426 917 corpus
442 883 587 911 esurientis
609 883 673 917 alet,
696 884 743 911 sed
767 883 849 910 etiam
879 883 1007 910 interiora

224 935 305 963 atque
324 937 340 956 a
366 937 447 958 sensu
469 935 573 958 remota
598 931 736 965 pervadet,
760 935 787 958 et
808 930 890 957 animi
914 930 1009 957 morbo

224 976 385 1003 medicinam
414 976 578 1012 excogitabit
600 977 797 1011 opportunam';
824 981 850 1003 et
875 983 935 1003 eum
963 977 1008 1009 qui

224 1029 279 1048 non
298 1022 375 1057 panis
388 1027 415 1049 et
431 1030 517 1057 aquae,
535 1024 582 1050 sed
602 1022 676 1050 verbi
692 1023 774 1050 divini
790 1022 915 1049 audiendi
939 1021 1010 1048 fame

225 1066 328 1093 laborat
363 1073 396 1094 ac
419 1067 475 1098 siti,
495 1067 520 1093 in
544 1067 604 1094 loco
626 1074 734 1101 pascua:
757 1071 784 1094 et
807 1074 889 1101 super
910 1074 1008 1100 aquam

225 1113 381 1141 refectionis
395 1114 555 1145 collocabit;
577 1118 605 1140 et
623 1113 668 1147 qui
685 1113 775 1147 pravis
791 1112 916 1146 operibus
931 1120 946 1140 a
962 1121 1010 1140 su-

225 1167 310 1193 perna
329 1159 416 1194 patria
439 1159 557 1186 extorris
580 1163 608 1185 et
625 1158 724 1192 hospes
742 1158 837 1191 evasit,
854 1158 933 1192 117
947 1166 1008 1185 eum

226 1205 303 1232 bonis
321 1205 440 1232 consiliis
465 1205 598 1236 restituet,
615 1209 641 1230 et
658 1203 766 1231 domum
783 1211 858 1230 suam
883 1205 1009 1238 reducet;

226 1250 307 1277 alium
322 1250 444 1284 paternis
457 1250 554 1284 opibus
569 1249 653 1276 instar
667 1249 770 1283 prodigi
787 1249 832 1275 lilii
854 1249 1009 1283 spoliatum,

225 1301 254 1322 et.
278 1299 425 1330 temperate
443 1298 569 1328 recteque
593 1293 701 1321 vivendi
727 1295 816 1327 modo,
841 1294 917 1328 quasi
936 1299 1011 1322 veste

227 1345 349 1372 curtum,
366 1339 486 1367 docendo
512 1340 700 1373 hortandoque
722 1339 849 1366 virtutum
872 1339 939 1366 stola
955 1340 1011 1367 cir—

226 1385 381 1418 cutndahit;
399 1385 434 1416 ei.
451 1385 495 1419 qui
514 1386 540 1411 in
559 1384 717 1418 ignorantiae
740 1384 867 1416 tenebris,
883 1389 1010 1419 tanquam

226 1432 254 1459 in
270 1438 379 1458 carcere
395 1430 541 1463 detinetur,
565 1430 853 1469 iutclligentimrlumen
870 1432 1010 1462 ostendet;

1057 201 1158 228 σιλείαν
1173 202 1357 231 ἐπανασταίη.
1375 201 1430 228 Καὶ
1440 201 1518 228 τοῦτο
1533 201 1656 237 ᾐνίττετο
1678 203 1802 236 Μωῦσῆς
1814 204 1841 229 ὲν

1055 248 1111 278 τοῖς
1129 247 1256 278 παλαιοῖς
1276 247 1469 282 διατάγμασιν,
1490 247 1616 281 Ἐῦραῐον
1642 247 1726 273 παῖδα
1755 247 1841 281 λέγων

1056 291 1086 324 ἓξ
1114 291 1161 327 ἔτη
1184 291 1366 318 δουλεύσαντα
1390 291 1459 326 πρὸς
1486 292 1534 326 τὴν
1557 292 1654 318 ἑαυτοῦ
1679 292 1841 326 συγγένειαν

1056 337 1241 371 ἑπανάγεσθαι
1256 337 1398 373 ἐλεύθερον
1409 345 1416 352 ·
1434 337 1561 373 ὑποδηλοῖ
1575 338 1629 372 γὰρ
1649 338 1694 364 τὸν
1710 337 1776 364 νοῦν
1793 347 1842 364 κα-

1056 382 1110 413 λῶς
1124 382 1317 409 δεδουλευκότα
1337 384 1370 417 τῇ
1387 383 1502 418 τηρήσει
1525 384 1574 415 τῆς
1590 383 1682 416 ἑξάδος
1697 383 1756 410 τῶν
1771 385 1843 410 two-

1057 428 1121 459 λῶν,
1145 428 1286 464 ἐλεύθερον
1301 429 1427 462 γενέσθαι
1443 429 1497 455 τῶν
1521 429 1628 459 παθῶν.
1651 429 1695 455 καὶ
1710 429 1844 464 χαίροντα

1058 475 1176 510 βαδίζειν
1189 475 1258 510 πρὸς
1269 474 1319 511 τὴν
1335 474 1475 510 μακαρίαν
1489 475 1616 509 πατρίδα,
1638 475 1684 501 καὶ
1700 475 1754 510 τὴν
1767 483 1842 501 νοου-

1059 521 1142 556 μένην
1154 520 1441 555 συγγένειαν.Ἐπειδὴ
1457 520 1484 546 δὲ
1499 521 1608 552 διπλοῦς
1625 522 1638 547 ὁ
1651 520 1841 555 ἄνθρωποςῂ

1057 576 1087 594 τε
1105 566 1254 602 ὁρώμενος,
1270 565 1319 593 καὶ
1333 566 1346 593 ὁ
1364 565 1475 596 ἔσωθεν,
1488 566 1525 596 ὡς
1545 565 1642 600 Παύλῳ
1657 565 1705 592 καὶ
1725 566 1759 600 τῇ
1777 565 1840 598 ἀλη-

1059 611 1119 646 θείᾳ
1131 611 1213 643 δοκεῖ,
1227 611 1309 646 διπλῆ
1329 610 1438 642 πάντως
1462 611 1510 637 καὶ
1525 611 1541 645 ἡ
1557 611 1612 636 τῶν
1633 610 1751 636 ἐντολῶν
1769 609 1842 636 ἔσται

1057 658 1184 694 τήρησις.
1207 658 1244 684 Οὐ
1267 658 1320 692 γὰρ
1348 658 1427 693 μέχρι
1445 656 1499 683 τῶν
1522 656 1693 691 φαινομένων
1713 657 1843 690 στήσεται

1057 704 1072 731 ὀ
1087 703 1124 739 τῷ
1138 704 1186 739 τῆς
1201 703 1312 738 ἀγάπης
1329 704 1397 738 φωτὶ
1418 701 1673 737 φρυκτωρούμενος,
1690 702 1752 728 οὐδὲ
1768 702 1844 736 μόνον

1058 749 1105 776 τὸν
1121 749 1256 776 πεινῶντα
1270 748 1364 782 Θρέψει
1377 748 1550 783 σωματικῶς,
1568 748 1635 774 ἀλλὰ
1650 748 1698 774 καὶ
1713 747 1845 781 ἐνδοτέρω

1060 795 1177 830 χωρήσει
1192 794 1239 821 τοῦ
1255 791 1431 828 φαινομένου,
1454 794 1502 820 καὶ
1517 794 1567 828 τῆς
1580 794 1702 828 ψυχικῆς
1725 801 1845 820 κακοπα-

1060 841 1136 872 θείας
1162 840 1283 875 ἰατρείαν
1298 841 1438 873 ὲπινοήσει
1460 840 1508 874 τὴν
1532 839 1702 874 πρέπουσαν,
1725 839 1775 865 καὶ
1797 848 1842 865 κα-

1059 885 1232 922 τασκηνώσει
1262 885 1311 919 μὲν
1336 886 1365 911 ὲν
1383 885 1457 919 τόπῳ
1481 884 1574 919 χλόης,
1598 884 1644 911 καὶ
1670 883 1718 910 ἐπὶ
1751 883 1843 910 ὖδατο;

1060 931 1241 963 ἀναπαύσεως
1268 930 1317 957 τδν
1344 930 1479 956 πεινῶντα
1506 930 1536 956 οὐ
1562 930 1641 964 λιμὸν
1667 929 1765 964 ἄρτου,
1788 930 1843 956 aliis

1059 977 1137 1012 δίψαν
1151 977 1255 1010 ὕδατος,
1267 976 1334 1003 ἀλλὰ
1345 976 1423 1009 λιμδν
1434 974 1481 1002 τοῦ
1497 975 1612 1002 ἀκοῦσαι
1628 975 1708 1009 λόγον
1724 975 1840 1010 Κυρίου,

1060 1024 1107 1049 καὶ
1122 1022 1228 1056 φυγάδα
1246 1022 1295 1056 τῆς
1317 1021 1374 1048 ἄνω
1395 1020 1538 1055 πατρίδος,
1554 1020 1602 1046 καὶ
1619 1021 1696 1053 ξένον
1708 1020 1745 1046 δι’
1760 1020 1845 1054 ἔργων

1063 1068 1174 1102 φαύλων
1190 1067 1336 1102 γενόμενον
1349 1066 1395 1093 ἐπὶ
1407 1066 1456 1101 τὴν
1474 1066 1543 1092 ἰδίαν
1553 1066 1645 1092 ἑστίαν
1657 1066 1781 1101 χωρήσει
1789 1066 1843 1096 ταῖς

1060 1115 1177 1148 ἀγαθαῖς
1199 1115 1369 1148 είσηγήσεσι,
1387 1113 1433 1139 καὶ
1450 1112 1528 1139 ἄλλον
1545 1111 1787 1146 ἀπογυμνωθέντα
1800 1111 1844 1144 τῆς

1061 1162 1198 1195 πατρικῆς
1210 1160 1314 1191 οὐσίας,
1332 1159 1425 1194 ὥσπερ
1437 1159 1482 1184 τὸν
1494 1158 1609 1190 ἄσωτον,
1623 1157 1671 1183 καὶ
1685 1156 1737 1191 τὴν
1753 1155 1843 1190 στολὴν

1060 1207 1206 1234 ὲκδυθέντα
1213 1206 1264 1240 τῆς
1280 1205 1417 1239 σώφρονος
1439 1204 1542 1238 βιοτῆς,
1554 1202 1597 1228 διὰ
1606 1202 1656 1237 τῆς
1670 1201 1843 1231 διδασκαλίας

1061 1253 1110 1287 τὴν
1123 1252 1252 1287 ἐνάρετον
1267 1250 1401 1285 ὰμφιάσει
1420 1249 1525 1282 στολὴν,
1544 1248 1591 1275 καὶ
1605 1247 1644 1282 τῷ
1655 1246 1842 1281 καθειργμένῳ

1063 1301 1091 1325 ἐν
1109 1298 1147 1333 τῷ
1159 1299 1209 1332 τῆς
1222 1297 1332 1331 ἀγνοίας
1352 1297 1426 1330 ζόφῳ
1442 1295 1472 1321 τὸ
1489 1295 1546 1328 φῶς
1562 1294 1699 1327 ὑποδείξει
1717 1293 1768 1327 τῆς
1780 1292 1843 1327 γνὼ-

1063 1353 1142 1375 σεως,
1165 1343 1210 1369 τὸν
1237 1343 1265 1369 δὲ
1290 1341 1456 1368 ἀσθενοῦντα
1477 1341 1509 1376 τῇ
1535 1340 1623 1366 πίστει
1647 1339 1841 1374 προσλήιζεται,

1063 1390 1132 1416 κατὰ
1147 1389 1194 1424 τὴν
1204 1389 1251 1415 τοῦ
1270 1388 1429 1414 ’Λποστόλου
1448 1386 1622 1421 παραίνεσιν,
1639 1385 1720 1412 Οὓτω
1735 1387 1841 1419 ποιήσας

1065 1436 1208 1463 πλεονάσει
1226 1435 1347 1466 ἐντολὰς,
1369 1434 1417 1461 καὶ
1439 1435 1479 1465 είς
1502 1433 1605 1466 πλῆθος
1632 1432 1785 1466 ὲπαυξήσει
1800 1431 1842 1460 τὰς

226 1483 254 1505 et
271 1477 407 1505 inﬁrmum
424 1477 449 1504 in
470 1477 522 1505 lide
542 1481 671 1508 assumet,
690 1477 765 1510 juxta
790 1477 862 1504 Pauli
887 1479 1006 1505 admoni-

1069 1481 1100 1512 ἑξ.
1111 1480 1163 1508 Καί
1177 1489 1222 1514 μοι
1230 1480 1302 1506 δοκεῖ
1313 1479 1391 1506 τοῦτο
1404 1479 1559 1514 φιλοσοφεῖν
1570 1479 1599 1505 τὸ
1607 1476 1703 1513 ’ᾊσμα
1711 1477 1742 1503 τὸ
1758 1486 1791 1510 μυ
1797 1485 1843 1502 στι-

227 1524 328 1550 tionem
345 1523 378 1549 ’⁷.
394 1522 446 1550 Ubi
466 1523 507 1550 sic
521 1523 618 1557 egerit,
637 1522 826 1557 multiplicabit
851 1523 1015 1550 cumulabit-

227 1577 279 1602 que
294 1570 429 1597 senarium
448 1573 653 1603 praeceptorum.
668 1568 755 1602 Atque
767 1568 818 1595 hoc
834 1569 899 1596 mihi
915 1568 1014 1597 docere

227 1616 334 1641 \idetut‘
357 1615 499 1650 mysticum
533 1614 596 1640 illud
627 1613 788 1645 Canticum,
814 1614 858 1641 ubi
886 1614 984 1642 dicitttr
1006 1624 1014 1643 :

230 1670 239 1684 ο
256 1659 401 1691 Sexaginta
416 1662 477 1685 sunt
494 1658 593 1692 reginae
601 1656 641 1691 '9;
663 1666 672 1683 ›
687 1658 797 1692 perinde
813 1659 888 1693 quasi
903 1667 950 1686 sex
970 1659 1014 1687 illa

227 1707 372 1738 praecepta,
388 1703 581 1730 exercitatione
593 1703 868 1737 accedente,decuplo
883 1704 1015 1739 multipli-

1064 1526 1111 1551 κον
1132 1526 1161 1551 ὲν
1181 1525 1219 1560 τῷ
1235 1526 1323 1558 λέγειν
1339 1533 1346 1539 ’
1372 1533 1380 1549 t
1406 1523 1554 1558 Ἑξήκοντά
1578 1524 1631 1549 εισι
1649 1521 1815 1557 βασιλίσσαι,
1833 1529 1841 1545 ι

1064 1571 1101 1601 ὡς
1115 1570 1344 1604 δεκαπλουμένων
1358 1569 1402 1595 διὰ
1413 1570 1461 1604 τῆς
1473 1569 1604 1603 ἐργασίας
1615 1568 1669 1594 τῶν
1684 1566 1715 1599 ἓξ
1726 1565 1843 1597 ἐντολῶν,

1064 1617 1111 1643 καὶ
1127 1616 1277 1651 γινομένων
1293 1616 1434 1649 ἑξήκοντα,
1458 1614 1486 1640 αἳ
1503 1614 1534 1649 δὴ
1552 1615 1598 1640 καὶ
1612 1613 1769 1648 βασίλισσαι
1780 1611 1843 1637 εικό-

1063 1670 1118 1693 τως
1141 1661 1382 1696 κατονομάζονται,
1409 1660 1446 1692 ὡς
1468 1660 1508 1691 εἰς
1529 1660 1578 1695 τὴν
1603 1657 1787 1694 κληρονομίαν
1802 1657 1844 1689 τῆς

1066 1707 1204 1742 βασιλείας
1218 1707 1390 1740 είσάγουσαι.

230 1753 326 1776 ccntur
348 1753 503 1784 augmento,
520 1752 547 1776 et
571 1749 710 1784 sexaginta
738 1749 820 1782 liant;
837 1757 897 1784 qua:
920 1738 1017 1780 merito
1036 1738 1116 1781 etiam
1131 1755 1229 1794 regina:
1243 1738 1422 1788 appellantur,
1437 1760 1497 1780 cum
1516 1759 1564 1778 nos
1594 1751 1620 1777 iu
1646 1750 1766 1777 cmiestis
1778 1738 1843 1783 rcgui

229 1794 413 1822 hrrreditatem
429 1794 612 1822 introdttcant.

269 1851 278 1867 ι
296 1841 403 1873 Venite,
412 1840 548 1868 benedicti
563 1840 652 1867 Patris
666 1841 728 1872 mei,
740 1843 874 1875 possidete
889 1848 1011 1877 paratum

227 1887 307 1914 vobis
333 1893 446 1921 regnum
479 1893 493 1912 a
521 1886 717 1914 constitutione
748 1887 852 1916 mundi.
871 1898 880 1914 ι
904 1889 941 1915 Ex
970 1889 1013 1916 his

229 1933 319 1960 verbis
335 1932 463 1966 colligere
475 1932 611 1965 convenit,
636 1940 748 1967 regnum
770 1934 877 1968 quidem
901 1934 947 1962 Dei
965 1936 1011 1962 ho-

229 1978 348 2005 minibus
366 1977 451 2005 fuisse
466 1977 500 2005 ab
516 1977 594 2005 initio
609 1983 807 2013 praeparatum;
834 1980 923 2014 ignem
949 1988 1013 2008 vero

227 2030 357 2052 reternqu
384 2031 437 2051 non
463 2023 630 2056 hominibus,
659 2025 705 2052 sed
729 2025 836 2052 diabolo
859 2030 886 2053 et
911 2027 1013 2061 angelis

228 2069 288 2103 ejus
299 2069 356 2106 (2‘2)
369 2069 498 2103 asseclis;
516 2070 563 2097 sed
580 2070 625 2104 qui
643 2070 746 2104 peccati
756 2071 858 2098 aculeis
870 2072 1013 2104 stimulati,

230 2122 341 2148 pravqu
361 2119 450 2141 tamen
468 2114 610 2142 consilium
626 2114 784 2148 paenitentia
802 2123 858 2142 non
875 2116 1014 2152 corrigen-

1107 1851 1118 1868 ε
1138 1842 1231 1873 Δεῦτε,
1254 1843 1277 1868 οἱ
1295 1840 1472 1876 εὐλογημένοι
1489 1840 1536 1866 τοῦ
1551 1839 1657 1874 nutrit};
1676 1846 1740 1873 μου,
1756 1838 1844 1873 κληρο·

1069 1889 1205 1924 νομήσατε
1221 1888 1269 1923 τὴν
1285 1887 1490 1923 ἡτοιμασμένην
1505 1887 1569 1920 ὑμῖν
1584 1885 1724 1919 βασιλείαν
1741 1885 1792 1910 ἀπὸ
1805 1892 1844 1909 κα-

1067 1934 1184 1967 ταϐολῆς
1199 1934 1313 1968 κόσμου·
1330 1942 1338 1958 ›
1357 1933 1406 1958 Διὰ
1420 1932 1524 1958 τούτων
1540 1928 1842 1964 προσήκειλογίσασθαι,

1067 1979 1105 2011 ὡς
1119 1980 1135 2014 ἡ
1148 1979 1197 2014 μὲν
1209 1978 1330 2014 βασιλεία
1342 1977 1388 2004 τοῦ
1404 1977 1471 2003 Θεοῦ
1484 1976 1616 2002 ἀνέκαθεν
1628 1975 1685 2006 τοῖς
1701 1974 1843 2008 ἀνθρώποις

1068 2026 1241 2059 ἡτοίμασται,
1260 2025 1290 2051 τὸ
1314 2025 1343 2052 δὲ
1364 2023 1419 2059 πῦρ
1433 2024 1463 2050 τδ
1476 2023 1597 2054 αἰώνιον,
1618 2023 1648 2049 οὐ
1667 2023 1724 2053 τοῖς
1741 2019 1842 2055 ἀνθρώ-

1068 2080 1139 2103 ποις,
1151 2071 1218 2098 ἀλλὰ
1230 2070 1268 2106 τῷ
1282 2070 1397 2103 διαῦόλῳ
1411 2069 1522 2099 καὶτοῖς
1535 2066 1737 2098 ἁναποστάταις
1750 2064 1842 2092 αὐτοῦ’

1067 2117 1125 2144 ἀλλ’
1146 2118 1170 2144 οῑ
1185 2117 1244 2147 ταῖς
1269 2117 1343 2143 ἁκίσι
1364 2116 1414 2151 τῆς
1435 2114 1574 2150 ἁμαρτίας
1600 2113 1776 2148 ἀμυχθὲντες,
1801 2110 1841 2136 καὶ

230 2165 283 2191 tes,
299 2168 312 2185 ιι
325 2159 414 2193 parati
425 2160 478 2187 sibi
492 2161 569 2195 regni
580 2160 642 2193 jure
652 2161 824 2194 exciderunt,
839 2161 909 2197 ignis
920 2164 1012 2190 :ctcrni

1071 2162 1202 2197 μετανοίᾳ
1218 2162 1266 2197 τὴν
1285 2161 1414 2188 ἀϐουλίαν
1435 2160 1472 2195 μὴ
1488 2158 1695 2194 διορῦώσαντες,
1716 2157 1766 2191 τῆς
1779 2157 1840 2183 ἐτοι-

230 2206 293 2232 Ιίιειὶ
310 2211 375 2232 sunt.
396 2205 435 2233 rei
456 2206 643 2241 audiuntque:

268 2305 277 2321 ι
297 2294 453 2322 Disceditca
470 2302 525 2327 me,
551 2294 698 2326 maledicti.
715 2296 740 2322 iu
765 2296 853 2330 ignem
873 2303 1015 2328 aeternum,

229 2341 275 2374 qui
291 2346 401 2375 paratus
417 2345 458 2367 est
474 2339 582 2367 diabolo
609 2346 637 2367 et
653 2341 756 2374 angelis
771 2341 840 2375 ejus.
861 2352 870 2368 ι
889 2342 1017 2378 Expende

229 2392 333 2420 autem,
350 2388 388 2414 uti
399 2387 522 2421 dejustis
532 2387 622 2414 dicat:
639 2395 650 2412 α
666 2386 802 2415 Benedicti
817 2388 906 2416 Patris
920 2389 982 2420 mei,
1002 2399 1010 2414 ι

230 2440 277 2460 cos
292 2440 369 2465 vero,
390 2433 435 2467 qui
454 2440 470 2459 α
487 2432 552 2459 laeva
576 2437 648 2465 sunt,
677 2433 834 2460 maledictos
858 2434 1016 2469 simpliciter

230 2478 364 2513 appellet,
391 2482 482 2513 utpote
510 2478 555 2513 qui
581 2486 634 2505 non
666 2477 753 2506 Patris
780 2479 933 2512 voluntate.
968 2481 1014 2508 sed

230 2525 344 2552 suismet
362 2525 451 2560 pravis
467 2523 594 2559 operibus
611 2524 637 2551 iu
647 2531 676 2551 se
693 2524 908 2553 maledictionem
922 2527 1017 2554 advor-

267 2595 289 2611 ¹⁷
308 2594 385 2621 “mli.
408 2602 465 2625 XIV,
482 2595 508 2621 l.
545 2593 568 2610 "
582 2593 661 2620 Cant.
678 2601 715 2626 vt,
733 2593 761 2620 7.

1071 2207 1222 2242 μασθείσης
1253 2208 1345 2239 αὐτοῖς
1371 2205 1510 2242 βασιλείας
1547 2203 1783 2239 ἀλλοτριούμενοι,
1807 2201 1841 2236 τῷ

1066 2254 1169 2289 αἰωνίῳ
1183 2254 1250 2288 πυρὶ
1262 2253 1364 2280 ἔκδοτοι
1379 2252 1509 2286 γίνονται,
1527 2250 1693 2280 ἀκούσαντες
1705 2257 1713 2264 ·

1106 2309 1116 2325 ‹
1135 2297 1289 2334 Πορεύεσθε
1303 2298 1350 2325 ἀπ’
1365 2296 1443 2333 ἐμοῦ,
1456 2297 1479 2323 οἱ
1489 2294 1687 2330 κατηραμένοι,
1703 2294 1742 2325 είς
1752 2292 1780 2320 τὸ
1792 2290 1839 2326 πῦρ

1066 2343 1097 2371 τδ
1105 2343 1212 2370 αίὼνιον
1223 2343 1253 2370 τὸ
1263 2341 1463 2378 ἡτοιμασμένον
1474 2341 1513 2377 τῷ
1522 2340 1637 2375 διαὸόλῳ
1645 2340 1755 2370 καὶτοῖς
1766 2337 1840 2370 ἀγγέ-

1066 2391 1122 2422 λοις
1139 2389 1234 2417 αὑτοῦ.
1249 2399 1258 2416 ›
1277 2389 1376 2416 Σκόπει
1386 2389 1414 2415 δὲ
1429 2389 1503 2419 ὅπως
1521 2388 1567 2414 ἐπὶ
1585 2387 1634 2422 μὲν
1650 2385 1706 2412 τῶν
1722 2383 1839 2411 δικαίωνυ

1071 2448 1080 2464 ι
1099 2436 1285 2472 Εὑλογημένοι
1306 2436 1352 2463 τοῦ
1373 2434 1479 2470 Πατρός
1494 2443 1556 2469 μου,
1573 2443 1583 2459 r
1602 2432 1680 2467 φησὶ,
1703 2431 1762 2461 τοὺς
1775 2429 1836 2455 δὲέν

1067 2484 1124 2514 τοῖς
1148 2484 1252 2514 σκαιοῖς
1277 2481 1483 2517 κατηραμένους
1509 2479 1654 2509 ἀκωλύτως
1693 2476 1836 2510 ὠνόμασεν.

1069 2530 1119 2564 οὐχ
1133 2529 1186 2556 ὑπὸ
1201 2529 1247 2556 τοῦ
1261 2529 1379 2563 Πατρδς,
1398 2527 1457 2555 ἀλλ’
1473 2526 1525 2553 ὑπὸ
1543 2525 1598 2552 τῶν
1620 2524 1694 2551 ἰδίων
1704 2519 1838 2558 ἐργωγτὴν

847 2640 1007 2672 Francisci
1026 2640 1129 2671 Scorsi
1147 2643 1241 2670 notua.

268 2705 324 2738 (2'2)
345 2704 396 2731 Sed
424 2704 528 2731 diubolo
550 2709 577 2730 et
606 2704 706 2739 angelis
733 2703 802 2738 ejus.
827 2702 958 2739 Supplicii
973 2707 1016 2739 ,οι

235 2740 305 2770 ignis
320 2740 412 2765 :cterui
430 2740 529 2770 locum,
543 2744 624 2772 atque
642 2737 709 2765 adeo
725 2739 812 2772 ipsum
831 2738 918 2772 ignem
940 2737 1016 2771 prin-

233 2775 368 2808 cipttlller,
391 2779 418 2800 et
437 2775 514 2808 quasi
540 2781 587 2807 per
605 2782 633 2800 se
651 2773 738 2808 primo
759 2780 807 2807 pro
834 2773 1013 2808 da‘monibus,

233 2806 282 2842 pro
298 2806 454 2836 hominibus
475 2806 545 2838 vero
563 2809 638 2843 quasi
653 2806 815 2836 accesseris.
830 2806 917 2835 tuisse
931 2807 1014 2834 desti—

1069 2706 1174 2733 natum.
1198 2701 1296 2727 multos
1307 2708 1340 2728 ex
1358 2701 1483 2728 Patribus
1499 2701 1525 2726 in
1540 2700 1615 2728 hisce
1625 2700 1726 2728 Christi
1743 2698 1834 2726 Domini

1069 2736 1161 2763 verbis
1177 2737 1340 2770 ponderassc
1365 2741 1478 2763 testatur
1495 2735 1620 2766 Suarim,
1651 2736 1697 2763 lib.
1726 2743 1780 2767 rm,
1807 2733 1837 2770 De

1070 2769 1181 2804 angelis,
1194 2779 1254 2805 cap.
1270 2770 1313 2803 16,
1327 2778 1354 2798 n.
1368 2771 1413 2804 25,
1426 2771 1498 2798 inter
1513 2778 1581 2806 quos
1596 2771 1639 2798 hic
1653 2775 1742 2798 noster
1753 2769 1837 2797 merito

1069 2806 1262 2834 receuseudus.
