1883 3053
204 133 258 166 “3

483 188 623 217 HOMILIA
638 188 710 217 XXI.

316 243 356 273 De
371 245 517 281 paralytico
538 250 632 273 sanato
647 247 673 273 in
690 246 886 281 Capharttaum.

241 302 354 332 Conanti
384 303 449 330 mihi
477 309 635 330 consuetum
663 303 746 331 ordiri
773 311 942 335 sermonem,
967 310 994 330 et

205 350 275 377 inter
306 350 515 384 indignationem
559 357 758 384 maeroremque
797 348 915 376 versanti
942 356 992 375 vox

206 394 387 422 interciditur.
402 395 472 422 Idem
488 395 558 422 enim
573 395 638 422 milti
652 395 794 429 contingit,
810 394 880 429 quod
894 394 994 421 homini

205 441 339 475 agricolae,
355 441 398 474 qui
415 448 473 467 cum
490 441 587 469 mullos
598 441 623 467 in
638 440 783 468 excolenda
802 446 870 467 terra
883 442 996 468 sudores

206 486 366 521 profuderit,
391 494 489 520 paucas
506 490 594 513 tamen
622 488 709 514 aetatis
736 491 856 521 tempore
886 487 996 514 demetit

208 533 307 566 Spicas.
337 532 402 558 Cum
435 533 505 559 enim
532 533 557 559 itt
584 532 696 567 singulis
734 534 910 560 conventibus
940 533 996 567 (88)

207 577 288 604 verba
313 576 418 608 faciam,
451 577 552 604 nullam
579 578 705 605 obvenire
722 578 784 605 mihi
806 578 883 606 video
898 579 998 605 utilita-

209 626 274 650 tem.
301 621 391 650 Totie:
416 623 535 651 laboravi
562 623 701 656 clamans,
726 632 822 652 raucus
847 624 941 656 factus,
967 632 998 652 ac

207 668 306 694 sudore
320 669 444 701 perfueus
461 669 584 696 hortatus
598 677 669 701 sttm,
682 674 710 695 ιιι
723 670 862 697 concionis
878 674 998 704 tempore

211 712 306 737 missas
330 712 451 739 faceretis
465 713 534 745 lites,
552 717 579 739 et
593 713 625 739 ad
641 713 717 748 131
734 720 884 740 sermonem
900 720 998 740 conve-

209 757 368 791 niretis(89)
384 767 390 784 :
407 759 511 791 quoties
532 759 644 793 prmcepi
666 758 732 794 (90),
752 764 778 784 Ill
799 759 970 786 abstineretis
984 766 999 785 a

207 802 388 835 iuramentis?
402 805 448 831 sed
464 812 538 839 nugte
562 805 637 831 vobis
654 805 851 832 admonitiones
875 804 1000 832 videntur

794 131 1042 164 THEOPHANIS
1062 128 1233 162 CERAMEI

1792 124 1847 157 448

1337 183 1457 211 ΟΜῐΛΙᾹ
1470 183 1535 211 KA'.

1127 243 1197 278 Περὶ
1211 241 1265 269 τοῦ
1281 241 1316 269 ἐν
1333 241 1532 276 Kasta-praemi
1545 238 1774 274 παραλυτικοῦ.

1086 298 1281 334 Ἐπειγόμενος
1314 299 1365 332 τῆς
1398 298 1529 333 συνήθους
1560 296 1742 328 διδασκαλίας
1777 295 1849 329 ἐφά-

1044 344 1158 380 ψασθαι,
1173 344 1364 378 ἁνακόπτομαι
1382 343 1431 379 τὴν
1450 343 1552 379 φωνὴν,
1569 343 1656 377 θυμοῦ
1684 343 1737 369 καὶ¹
1754 341 1849 376 λύπης

1045 392 1075 417 ὲν
1099 390 1254 425 μεταιχμίῳ
1275 391 1432 424 γενόμενος.
1461 389 1550 416 Ταῦτὸ
1571 390 1625 424 γὰρ
1646 388 1751 424 πάσχω
1770 388 1849 423 ἀνδρὶ

1047 436 1163 471 γεωργῷ
1176 435 1291 466 πολλοὺς
1309 435 1358 470 μὲν
1372 434 1489 470 ἱδρῶτας
1502 434 1736 469 καταϐαλλομένῳ
1750 435 1787 468 τῇ
1802 435 1849 467 γῇ.

1046 484 1075 509 ὲν
1089 482 1117 509 δὲ
1189 481 1278 517 καιρῷ
1292 480 1339 507 τοῦ
1353 481 1449 516 θέρους
1471 480 1578 515 ὀλίγους
1593 480 1762 515 δρεπομένῳ
1786 480 1850 511 τοὺς

1048 529 1178 562 στάχυας.
1196 527 1377 562 Καθεκὰστην
1394 527 1448 562 γὰρ
1463 527 1619 553 συνέλευσιν
1635 527 1851 561 διαλεγόμενος,

1048 573 1177 608 οὐδεμίαν
1205 573 1261 608 6ρῶ
1291 573 1512 608 προσγινομένην
1539 572 1684 606 ὠφέλειαν.
1721 572 1851 602 nostin;

1049 619 1184 646 ἐκοπίασα
1212 618 1333 654 κράζων,
1363 619 1497 654 ἐγενόμην
1529 619 1720 654 ὑπέρασθμος,
1754 617 1851 653 ἱδρῶτι

1050 668 1221 703 ῥαινόμενος,
1246 666 1389 701 παραινῶν
1405 667 1454 697 τὰς
1476 666 1554 698 δίκας
1579 665 1849 700 παραγκωνίζεσθαι

1050 715 1079 740 ὲν
1094 714 1132 748 τῷ
1149 712 1239 747 καιρῷ
1253 713 1303 747 τῆς
1319 712 1468 745 συνάξεως,
1489 713 1537 739 καὶ
1555 711 1623 747 πρὸς
1644 712 1694 746 τὴν
1713 711 1851 737 διδασκα-

1050 760 1110 786 λίαν
1125 759 1326 794 ἁθροίζεσθαι;
1356 758 1476 790 Ποσάκις
1503 758 1645 792 ὑπεθέμην
1671 757 1729 783 τῶν
1759 757 1851 791 ὅρκων

1052 806 1164 840 φυγὴν;
1188 803 1271 831 Ἀλλὰ
1295 804 1378 839 λῆρος
1404 804 1469 838 ὑμῖν
1496 804 1512 838 ἡ
1542 802 1670 829 νουθεσία
1692 802 1786 834 δοκεῖ,
1806 803 1852 828 καὶ

209 853 238 875 et
264 849 409 876 verborum
438 857 520 877 sonus
549 850 647 878 inanis.
675 850 708 877 Et
733 858 782 884 ego
811 858 1001 886 usquequaque

1080 859 1138 885 ›γων
1152 851 1249 886 κρότος
1263 850 1400 884 διακενής.
1415 849 1471 876 Καὶ
1483 850 1497 876 ὁ
1509 849 1626 880 δείλαιος
1639 849 1674 875 τὰ
1687 848 1787 874 πάντα
1798 847 1852 881 ἐγὼ

212 895 295 921 miser
322 896 348 921 in
379 903 446 930 aqua
479 903 570 923 serere
599 897 701 930 videor,
728 897 769 924 vel
793 898 818 925 in
845 903 918 931 petra
950 905 1001 924 non

212 939 328 967 habente
358 941 508 969 humorem.
540 942 628 976 Aliqui
661 944 732 970 enim
751 943 1003 977 exprobratiouibus

212 987 302 1020 punti
327 987 504 1014 hortationem
531 988 647 1023 fugiunt,
674 990 750 1023 quasi
774 989 895 1016 frenetiei
917 989 1003 1015 medi-

212 1039 270 1064 cos,
288 1032 333 1059 sed
350 1040 414 1059 vero
431 1033 474 1060 hie
490 1040 611 1060 meorum
637 1039 807 1068 peccatorum
821 1039 864 1061 est
878 1033 1003 1068 fructus;

214 1077 237 1104 si
260 1078 332 1104 ettim
358 1078 459 1110 felices,
480 1079 524 1112 qui
550 1079 661 1107 auribus
686 1080 894 1107 auscultantium
922 1081 1004 1107 verba

214 1122 326 1156 faciunt,
350 1123 440 1150 miseri
464 1124 576 1157 scilicet,
591 1125 637 1159 qui
654 1125 799 1159 loqntmtur
812 1126 844 1152 ad
858 1132 937 1153 aures
951 1133 1004 1152 non

215 1170 365 1196 audientes.
385 1169 572 1198 Verumtamen
586 1179 636 1205 ego
653 1177 773 1198 metuens
786 1179 830 1204 ne,
846 1172 869 1199 si
883 1176 1004 1205 tacuero,

215 1222 324 1248 pmnam
353 1215 475 1247 subeam,
501 1223 554 1242 tton
580 1216 726 1243 cunetabor
757 1222 898 1252 argentum
930 1218 1005 1245 verbi

216 1261 380 1295 dependere,
395 1269 428 1288 ne
443 1261 511 1288 idem
542 1262 638 1296 patiar.
665 1266 744 1297 atque
760 1263 802 1290 ille
816 1264 860 1297 qui
875 1263 1005 1290 talentum

216 1305 366 1332 abscomlit.
397 1306 627 1334 Cteterumn'obis
651 1308 741 1338 timeo,
766 1315 800 1334 ne
825 1307 934 1342 majoris
952 1308 1007 1335 haec

221 1351 336 1377 hortulo
365 1353 465 1385 pet-cati
496 1353 602 1378 occasio
633 1354 738 1378 evadat.
768 1362 777 1378 ‹
802 1352 829 1380 Si
854 1354 925 1380 enim
955 1361 1006 1380 non

220 1397 366 1430 venissem,
385 1397 481 1431 inquit,
495 1403 518 1424 et
535 1398 639 1426 locutus
659 1399 769 1426 fuissent
794 1399 844 1431 eis,
868 1404 1008 1434 peccatum

220 1450 272 1469 non
300 1442 497 1470 haberent“.r
519 1443 580 1471 [an
611 1445 693 1471 vestri
724 1453 830 1478 amore,
859 1451 1009 1480 vestrasque

219 1488 344 1515 utilitatis
374 1489 484 1516 ardente
514 1489 648 1517 desiderio
675 1491 829 1518 stimulatus
852 1491 958 1526 loquor,
981 1497 1009 1519 et

219 1535 292 1569 quod
316 1535 353 1561 ait
371 1536 478 1562 divinus
501 1535 633 1563 Jeremias
651 1546 659 1562 t
680 1536 776 1565 Cordis
795 1539 916 1564 sensoria
941 1539 1007 1565 dila-
1022 1523 1043 1552 δ

219 1581 372 1608 ceratus“.
393 1592 400 1606 ›
428 1581 554 1609 Sentiatis
584 1583 685 1616 igitur,
710 1583 782 1616 quod
812 1585 906 1616 decet;
934 1589 960 1610 et
986 1583 1008 1610 si

221 1633 306 1660 usque
322 1627 353 1654 ad
371 1627 438 1654 lianc
454 1628 522 1654 diem
537 1629 570 1655 ab
585 1628 672 1655 oilicio
694 1629 850 1662 deerrastis,
866 1630 1008 1656 stultitiam

222 1673 380 1708 poenitentia
414 1674 555 1701 emendate
582 1683 588 1700 :
614 1675 684 1702 unde
712 1675 794 1702 etiam
822 1675 884 1706 ﬁet,
910 1680 939 1702 ut
961 1683 1010 1703 nos

223 1718 355 1746 alacriore
381 1721 471 1747 animo
487 1728 534 1748 vos
551 1721 734 1748 adhortemur.
753 1722 810 1755 Age
834 1729 898 1755 ergo
916 1730 1011 1749 rursus

225 1765 362 1792 hodiernae
375 1765 496 1793 lectionis
513 1767 593 1793 verba
610 1766 699 1793 divina
713 1768 878 1801 explicemus
891 1767 923 1794 “.

260 1858 290 1885 In
313 1858 357 1884 illo
378 1863 498 1892 tempore
517 1868 526 1884 ἰ
543 1858 655 1885 Intravit
679 1858 756 1886 Jesus
772 1859 797 1886 in
811 1859 1011 1894 Capharnanm.

226 1903 260 1931 Et
281 1903 399 1930 auditum
420 1907 460 1930 est
483 1903 554 1937 quod
576 1904 601 1930 in
620 1904 700 1932 domo
724 1909 813 1939 esset;
830 1911 857 1932 et
871 1904 1012 1932 confestim

226 1947 410 1976 convenerunt
436 1949 523 1982 multi,
546 1949 581 1976 ita
606 1955 635 1976 ttt
657 1958 708 1977 non
728 1956 852 1983 caperent
874 1958 962 1986 neque
982 1950 1014 1977 ad

222 1995 346 2031 januam.
363 2005 372 2022 ι
391 1996 427 2023 Ex
440 2003 493 2030 quo
508 1997 541 2023 ad
557 1996 705 2024 Gereseuos
724 1998 780 2033 (91)
798 1998 908 2025 veniens
922 1997 1014 2025 Domi—

226 2049 278 2069 nus
292 2041 325 2069 ad
345 2042 488 2069 sanitatem
521 2042 638 2069 restituit
663 2043 785 2071 homines
806 2051 853 2071 eos
869 2044 913 2078 qui
929 2052 943 2070 a
959 2044 1015 2071 ἀίει-

227 2087 352 2115 monibus
369 2087 548 2122 agitabantur,
561 2093 588 2116 et
603 2089 629 2115 in
645 2088 761 2116 furorem
777 2089 866 2116 adacti
879 2090 905 2116 in
919 2097 1015 2116 monu-

228 2134 327 2161 mentis
345 2134 400 2170 (92)
417 2134 590 2167 habitabant;
619 2142 819 2169 poreorumque
846 2143 912 2170 grex
937 2136 1015 2170 quasi

1052 898 1092 929 εἰς
1107 897 1180 932 ὕδωρ
1194 896 1271 923 ἔοικα
1285 896 1420 931 σπείρειν,
1434 895 1450 930 ἢ
1469 895 1573 931 πέτραν
1591 894 1693 930 ἰκμάδα
1716 894 1760 929 μὴ
1778 894 1853 928 ἔχου-

1054 951 1103 970 σαν
1120 951 1127 958 ·
1155 943 1314 977 νυττόμενοι
1338 942 1392 976 γάρ
1424 950 1499 972 τινες
1529 940 1582 967 ὑπὸ
1606 941 1660 967 τῶν
1682 940 1852 975 ὀνειδισμῶν

1054 989 1187 1024 φεύγουσι
1213 988 1261 1024 τὴν
1281 987 1467 1020 διδασκαλίαν,
1489 987 1585 1022 ὥσπερ
1601 986 1665 1018 τοὺς
1686 986 1806 1021 ἰατροὺς
1830 986 1853 1011 οι

1056 1036 1240 1070 παράφρονες.
1263 1035 1342 1061 Ἐστι
1360 1034 1388 1060 δὲ
1403 1034 1450 1060 καὶ
1465 1034 1544 1060 τοῦτο
1561 1033 1616 1059 τῶν
1636 1033 1714 1068 ὲμῶν
1740 1031 1854 1066 ἀμπλα-

1056 1082 1188 1117 κημάτων
1205 1081 1310 1116 καρπός
1323 1088 1330 1095 ·
1357 1081 1381 1106 εἰ
1397 1079 1452 1115 γὰρ
1467 1080 1598 1114 μακάριοι
1616 1079 1641 1106 oi
1657 1079 1793 1113 λέγοντες
1817 1079 1854 1110 εἰς

1055 1124 1113 1154 ὦτα
1137 1127 1302 1158 ἀκουόντων,
1324 1125 1412 1153 ἄθλιοι
1434 1125 1557 1160 δηλονότι
1578 1124 1605 1150 oi
1626 1124 1760 1159 λέγοντες
1788 1123 1855 1158 πρὸς

1056 1171 1113 1200 ὦτα
1133 1173 1169 1208 μὴ
1188 1173 1329 1199 ὲπαῖοντα.
1349 1171 1423 1206 Πλὴν
1438 1170 1494 1205 ἐγὼ
1515 1170 1566 1205 μὲν
1581 1169 1631 1206 τὴν
1650 1171 1683 1196 ἐκ
1699 1169 1751 1196 τοῦ
1776 1170 1854 1204 σιγᾷν

1057 1218 1218 1252 κατάκρισιν
1233 1215 1372 1248 δεδοικὼς,
1388 1216 1419 1242 οὗ
1439 1215 1601 1250 κατοκνήσω
1621 1214 1811 1242 καταϐάλλειν
1827 1213 1855 1239 τὸ

1056 1263 1103 1288 τοῦ
1129 1263 1209 1296 λόγου
1237 1262 1379 1297 ἀργύριον,
1408 1261 1452 1288 ἵνα
1472 1260 1510 1295 μὴ
1532 1260 1616 1287 ταύτὸ
1645 1260 1727 1286 πάθω
1751 1260 1794 1294 τῷ
1825 1259 1853 1285 τὸ

1057 1309 1189 1334 τάλαντον
1211 1307 1432 1342 κατακρύψαντι.
1454 1306 1595 1341 Φοῦοῠμαι
1611 1305 1639 1332 δὲ
1665 1306 1704 1341 μὴ
1729 1305 1853 1340 μείζονος

1059 1353 1125 1388 ὑμῖν
1150 1353 1287 1387 ἁμαρτίας
1308 1353 1436 1384 ὑπόθεσις
1503 1351 1663 1378 διδασκαλία
1692 1352 1851 1386 γενήσεται.

1063 1408 1071 1424 t
1090 1399 1121 1424 Εί
1149 1398 1202 1433 γὰρ
1231 1398 1268 1433 μὴ
1292 1397 1385 1433 ἦλθον,
1411 1398 1489 1433 φησὶ,
1521 1399 1570 1425 καὶ
1596 1397 1718 1434 ἐλάλησα
1749 1398 1851 1429 αὐτοῖς,

1060 1446 1197 1481 ἁμαρτίαν
1220 1448 1270 1472 οὐκ
1290 1444 1369 1480 εἶχον.
1390 1453 1401 1471 ›
1417 1445 1510 1472 Ταῦτά
1536 1453 1608 1480 φημι
1631 1445 1671 1481 τῷ
1686 1444 1759 1480 πρὸς
1783 1445 1850 1480 ὑμᾶς

1060 1492 1164 1526 φίλτρῳ
1189 1492 1363 1524 νυττόμενος,
1388 1491 1438 1526 τῆς
1465 1490 1601 1526 ὠφελείας
1629 1490 1707 1525 ὑμῶν
1735 1490 1852 1521 διακαῶς

1061 1538 1242 1572 ἰμειρόμενος,
1270 1537 1318 1563 καὶ
1336 1538 1349 1563 ὃ
1369 1538 1480 1572 φησινό
1509 1536 1580 1568 θεῖος
1608 1536 1761 1571 Ἱερεμίας,
1796 1545 1805 1561 ‹
1820 1536 1850 1562 τᾶ

1059 1583 1223 1618 αἰσθητήρια
1238 1583 1490 1617 σπιρασσόμενος.»
1500 1581 1610 1609 Γίνεσθε
1624 1580 1670 1608 οὗν
1686 1582 1716 1608 ἐν
1731 1581 1850 1616 αίσοήσει

1061 1629 1107 1656 τοῦ
1129 1630 1294 1663 πρέποντος,
1312 1629 1359 1655 καὶ
1385 1629 1411 1655 εἴ
1431 1637 1458 1654 τι
1480 1628 1562 1664 μέχρι
1583 1628 1630 1654 τοῦ
1652 1627 1700 1654 νῦν
1720 1627 1770 1654 τοῦ
1785 1636 1849 1662 συμ-

1062 1675 1190 1711 φέροντος
1206 1675 1384 1710 διημάρτετε,
1408 1674 1538 1710 μετανοίᾳ
1558 1674 1608 1709 τὴν
1630 1673 1763 1700 ἀδουλίαν
1777 1674 1852 1699 ἐπανο

1061 1722 1214 1758 οροὼσατε,
1230 1722 1267 1753 ὼς
1288 1721 1321 1748 ἂν
1341 1722 1390 1748 καὶ
1410 1722 1491 1757 ἡμεῖς
1515 1723 1584 1756 πρὸς
1605 1721 1654 1755 τὴν
1681 1720 1851 1747 διδασκαλίαν

1064 1768 1264 1803 προθυμότεροι
1286 1767 1440 1801 γενώμεθα.
1458 1767 1527 1802 Φέρε
1545 1766 1578 1800 δὴ
1595 1767 1678 1793 πάλιν
1692 1764 1850 1797 ἀναπτύξω-

1065 1821 1115 1848 μεν
1133 1812 1168 1839 τὰ
1184 1812 1306 1846 σήμερον
1322 1811 1533 1846 ἀναγνωσθέντα
1542 1811 1679 1837 θεόλεκτα
1697 1811 1819 1846 ῥήματα.

1099 1858 1144 1893 Τῷ
1159 1858 1248 1894 καιρῷ
1276 1858 1373 1892 ἐκείνῳ
1402 1868 1410 1884 t
1431 1857 1564 1892 Εἰσῆλθεν
1586 1859 1600 1884 ὁ
1623 1857 1728 1892 Ἰησοῦς
1743 1858 1783 1889 εἰς
1800 1857 1851 1883 Κα-

1065 1904 1220 1939 περναοὺμ,
1246 1904 1294 1931 καὶ
1322 1903 1446 1939 ἠκούσθη
1474 1905 1515 1931 ὃτι
1543 1905 1584 1936 εἰς
1609 1901 1684 1930 οἶκόν
1710 1904 1783 1936 ἐστι,
1811 1903 1853 1929 καὶ

1065 1951 1166 1982 εὐθέως
1195 1950 1370 1985 συνήχθησαν
1401 1949 1506 1980 πολλοὶ,
1524 1941 1605 1976 ⁴ὥστε
1632 1950 1734 1984 μηκέτι
1762 1949 1851 1984 χωρεῖν

1067 1997 1134 2032 μηδὲ
1159 1997 1193 2024 τὰ
1218 1996 1286 2031 πρὸς
1302 1996 1351 2031 τὴν
1374 1995 1470 2031 θύραν.
1488 2005 1498 2022 ›
1520 1996 1580 2030 Ἀφ’
1596 1993 1683 2030 οὗπερ
1700 1996 1731 2022 ἐν
1758 1996 1852 2029 Γεργε-

1067 2044 1158 2078 σηνοῖς
1183 2042 1338 2077 προϐαίνων
1360 2042 1374 2067 ὸ
1396 2041 1508 2076 Κύριος,
1530 2042 1594 2073 τοὺς
1620 2041 1850 2076 κορυϐαντιῶντες

1068 2089 1161 2115 ἰάσατο
1181 2088 1245 2120 τοὺς
1261 2087 1459 2122 ἐλαυνομένους
1481 2087 1534 2114 ὑπὸ
1556 2087 1611 2113 τῶν
1637 2087 1786 2122 δαιμόνων,
1810 2084 1850 2111 καὶ

1068 2134 1264 2164 κατοικοῦντας
1290 2134 1329 2165 εἰς
1357 2133 1392 2160 τὰ
1415 2133 1566 2169 χαρώνεια,
1591 2133 1608 2168 ἥ
1634 2141 1663 2159 τε
1681 2133 1737 2159 τῶν
1762 2131 1850 2167 χοίρων

230 2185 314 2206 mSIro
336 2180 465 2213 percitus,
480 2187 512 2207 ac
528 2180 561 2207 de
574 2187 640 2214 rttpe
665 2181 836 2215 prmcipitans
860 2181 1014 2208 submersus

1080 2181 1154 2216 ιγέλη
1181 2180 1402 2215 ὲξοιστρηθεῖσα,
1427 2179 1562 2206 καὶκατὰ
1580 2178 1705 2215 κρημνοῦ
1734 2176 1851 2210 κυϐιστή-

229 2229 271 2252 est
289 2225 366 2259 aquis
382 2225 404 2241 ⁸⁷
415 2244 422 2256 ,
450 2226 524 2253 cives
539 2226 571 2253 de
585 2233 614 2253 re
627 2231 700 2260 gesta
717 2234 732 2253 a
747 2226 867 2254 subulcis
887 2227 1018 2254 admoniti

229 2276 394 2305 rogaverunt
413 2271 568 2304 Dominum,
586 2276 614 2299 ut
629 2272 716 2299 abiret
731 2280 744 2298 a
759 2272 859 2300 ﬁnibus
875 2273 946 2306 suis;
960 2273 1020 2300 ideo

1073 2235 1154 2258 σασα,
1170 2227 1200 2253 ὲν
1219 2228 1253 2262 τῇ
1277 2226 1359 2261 λίμνῃ
1384 2226 1498 2260 γέγονεν
1523 2225 1700 2260 ὑποϐρύχιος,
1715 2225 1741 2251 οἱ
1756 2222 1849 2250 ἀστικοὶ

1073 2273 1150 2310 παρὰ
1164 2272 1219 2299 τῶν
1232 2271 1392 2313 συοφορὸῶν
1404 2271 1538 2306 μαθόντες
1551 2271 1582 2297 ’τὸ
1593 2270 1717 2305 γεγονὸς,
1734 2276 1849 2306 παρακα-

268 2363 381 2392 “.loan.
395 2372 441 2397 xv,
456 2364 502 2391 22.
540 2364 673 2393 "Jerem.
687 2373 725 2399 tv,
743 2365 788 2392 16.
826 2365 848 2381 ⁵⁸
863 2364 946 2392 Marc.
965 2373 994 2397 tt,
1010 2365 1023 2392 Ι
1041 2372 1119 2399 seqq.
1156 2365 1179 2381 ⁸⁷
1192 2364 1351 2397 Matthmu,
1367 2363 1421 2398 28;
1440 2364 1506 2392 Luc.
1526 2371 1584 2395 vttt,
1601 2362 1647 2390 26.

848 2434 1010 2466 Francisei
1027 2435 1130 2466 Scorsi
1148 2437 1244 2466 notae.

273 2501 329 2540 (8_8)
341 2501 372 2528 In
383 2500 493 2540 singulis
507 2499 684 2540 conventibus:
697 2499 890 2540 lu_P_an_ormit.
903 2499 1021 2540 eaempl:

236 2534 345 2566 concisa
359 2534 492 2563 erat-luec
513 2535 645 2561 sententia
664 2534 732 2570 Καθ’
757 2535 877 2568 ἑκάστην
899 2534 953 2570 γὰρ
967 2534 1023 2568 ὁρῶ

205 2588 212 2592 ι
239 2574 277 2609 μὴ
292 2571 514 2610 προσγενομένην
533 2570 678 2610 ᾠφέλειαν.
696 2569 911 2610 ξίςιΞῙΟλτθιριρχ
934 2574 1024 2610 tuente

239 2604 358 2635 att'cloris
374 2604 465 2632 eadem
488 2606 587 2637 scripta
611 2605 636 2631 in
654 2605 722 2631 Gall.
743 2604 812 2630 Καθ’
828 2605 947 2637 ἑκάστην
969 2604 1023 2636 γὰρ

239 2641 394 2685 συνέλευριν
417 2640 608 2675 διαλεγόμενος
623 2639 753 2674 οὐδεμίαν
768 2639 824 2673 ὁρῶ
839 2637 1025 2674 προσγινομέ-

239 2685 287 2712 γην
303 2676 446 2710 ὠφέλειαν.

277 2712 334 2745 (89)
355 2712 544 2738 ('ottventretis.
567 2709 686 2745 Traduxi
711 2709 824 2745 verbum
849 2708 1026 2745 ᾲθροίζεσθαι

243 2747 314 2780 quod
331 2748 409 2774 estin
428 2746 460 2773 G.
477 2746 556 2773 lectio
573 2744 602 2771 Ρ.
620 2744 794 2777 ὲπείγεσῢαις
811 2744 857 2770 sed
874 2744 967 2770 eodem
983 2749 1023 2769 re-

242 2782 338 2849 wish)
363 2815 470 2848 Quoties
493 2815 611 2849 pra'cept'.
640 2813 759 2845 Ποσάκις
789 2813 947 2849 ὐπεθέμην;
978 2811 1025 2849 llis

246 2847 347 2881 verbis,
373 2847 400 2877 et
422 2847 596 2884 sequentibus
618 2856 701 2882 usque
723 2850 755 2876 ad
778 2848 821 2875 illa
843 2847 938 2882 ὥσπερ
961 2847 1025 2878 τοὺς

1074 2498 1185 2534 ἰατροὺς
1200 2499 1225 2525 οι
1244 2498 1431 2533 παράφρονες,
1452 2496 1594 2534 mutilatus
1608 2500 1666 2523 erat
1682 2494 1729 2534 hic
1745 2494 1811 2534 let-Its
1825 2491 1846 2532 in

1075 2529 1135 2562 cod.
1150 2529 1181 2561 Ρζ
1197 2534 1266 2560 Sunt
1281 2529 1370 2570 autem
1388 2533 1479 2559 omnia
1497 2532 1524 2558 itt
1543 2532 1617 2570 G._et
1630 2529 1752 2570 profecto
1768 2529 1844 2570 religio

1075 2574 1134 2596 erat
1153 2577 1183 2596 ea
1205 2568 1421 2604 praetermittere,
1439 2575 1500 2593 cum
1519 2566 1674 2604 contineant
1694 2570 1722 2604 et
1737 2566 1844 2598 spiritum

1075 2600 1274 2631 conciona'toris
1285 2602 1414 2636 episcopi,
1424 2606 1451 2628 et
1463 2609 1508 2628 seu
1514 2602 1612 2628 tentias
1623 2600 1749 2631 murales,
1760 2604 1845 2636 ειπερ-

1076 2638 1220 2674 αλλήλους,
1234 2638 1294 2665 aliis
1303 2631 1432 2669 houniliis,
1449 2637 1474 2663 in
1488 2637 1588 2671 quibus
1604 2635 1692 2670 agitur
1703 2636 1736 2661 de
1753 2631 1844 2661 vitando

1095 2681 1204 2700 Cl'lIITIO.

1077 2681 1204 2708 periurio.

1125 2710 1170 2744 9|)
1183 2708 1225 2736 Ex
1234 2716 1284 2744 quo
1299 2709 1332 2735 ad
1345 2708 1512 2744 Gergesenos.
1527 2705 1593 2733 Vide
1604 2705 1678 2732 hom.
1692 2704 1719 2737 9,
1734 2709 1761 2731 et
1770 2703 1845 2730 obser-

1078 2749 1138 2770 vata
1153 2752 1166 2770 a
1183 2745 1260 2771 nobis
1277 2749 1338 2770 nota
1352 2743 1396 2769 64.

1114 2779 1170 2814 (92)
1195 2779 1228 2806 In
1248 2778 1432 2805 monumentis.
1458 2777 1487 2804 ln
1510 2776 1606 2804 Greco
1630 2779 1672 2802 est
1695 2775 1736 2806 εἱς
1757 2773 1788 2801 τὰ

1114 2823 1177 2834 mem
1205 2814 1240 2834 np
1256 2821 1307 2834 mm
1322 2820 1388 2834 vnl‘P.
1399 2812 1460 2834 vide
1469 2813 1592 2834 eamdem
1609 2810 1682 2834 hom.
1698 2809 1728 2834 9.
1747 2813 1797 2834 not.
1821 2821 1840 2832 υ-

1080 2803 1240 2851 ρῶνειᾶ.-ὗε
1249 2803 1388 2849 quiesce
1399 2803 1592 2840 videreamtlem
1609 2810 1682 2837 hom.
1698 2803 1734 2843 9;
1747 2803 1840 2837 not/65-
