1883 3053
82 128 138 163 ιὶθ

766 138 928 170 HOMILIA
950 138 1030 170 XXI.

1661 149 1716 184 450

122 197 133 216 ι
152 188 207 216 Ἴδε
221 188 303 226 ὑγιὴς
325 189 451 225 γέγονας,
479 192 579 228 μηκέτι
603 184 757 230 ἁμάρτανε,
775 195 819 222 ἵνα
835 204 853 230 μ

964 203 974 220 ι
992 195 1082 229 Ecce,
1107 194 1211 231 inquit,
1234 204 1317 225 sanus
1339 197 1427 227 lactus
1451 207 1494 233 es:
1519 203 1573 231 noli
1598 206 1716 240 amplius

82 235 175 270 χεῖρον
198 235 241 267 εῑς
262 235 295 261 σὲ
321 235 449 271 γένηται·
466 245 476 263 ι
497 238 544 264 καὶ
560 238 605 266 τὸν
621 239 744 275 παρόντα
759 240 873 275 ἰώμενος

81 280 221 315 πάρετον,
251 279 318 307 αὐτὸ
344 281 423 308 τοῦτο
449 281 629 310 ἐνδείκνυται.
657 285 714 311 Καὶ
739 285 754 312 6
785 285 873 320 μέγας

87 326 251 359 ’Δπόστολος
267 327 477 363 καθαπτόμενος
496 329 552 356 τῶν
573 331 624 357 οὐκ
645 331 752 366 εὐαγῶς
771 333 804 367 τῇ
821 341 872 366 μυ-

81 373 161 407 στικῇ
176 373 303 409 τραπέζῃ
324 375 555 410 προσερχομένων
569 382 576 390 ·
596 386 605 402 ι
620 377 670 404 Διὰ
685 376 775 410 τοῦτο,
791 378 870 413 φησὶ,

79 417 175 444 πολλοὶ
192 419 222 445 ὲν
246 419 311 453 ὑμῖν
338 419 487 455 ἄρρωστοι,
502 421 548 447 καὶ
559 422 710 457 κοιμῶνται
738 424 835 450 ἱκανοί.
858 434 868 450 ι

79 463 137 489 Καὶ
159 463 215 499 μὴν
234 464 354 499 δρῶμεν,
379 466 475 501 φησὶν,
502 467 633 504 ἁρτιγενῆ
654 469 753 505 βρέφη,
781 471 870 506 τυφλὰ

78 507 224 541 πολλάκις,
240 509 257 546 ἢ
275 513 513 547 παρακεκομμένα
534 513 583 549 τὴν
599 514 726 550 αἴσθησιν
747 517 797 552 τῆς
817 526 870 552 μη-

75 555 177 589 τρικῆς
200 555 297 590 νηδύος
323 556 562 586 ἀπολισθαίνοντα.
585 560 617 586 Τί
637 560 683 588 οὖν
706 562 812 597 ἥμαρτε
837 563 868 590 τὸ

77 600 166 636 μήπω
180 601 277 635 τεχθέν
290 611 298 635 ;
319 603 391 629 Ἀλλ’
407 605 421 630 ό
436 605 486 638 τῆς
500 606 633 640 Προνοίας
649 607 753 640 δίκαιος
765 609 868 643 ὀφθαλ-

77 646 130 678 μδς
143 644 174 670 οὐ
193 645 222 671 τὸ
236 646 324 681 παρὸν
342 647 433 682 μόνον,
445 649 514 676 ἀλλὰ
525 651 610 678 καὶτὸ
626 652 722 687 μέλλον
733 655 785 690 ὁρᾷ
799 664 806 670 ·
820 657 868 683 καὶ

75 689 117 724 τῷ
136 689 186 724 μὲν
202 691 364 724 ἀκολάστοις
388 694 538 730 ὀφθαλμοῖς
564 697 690 732 μέλλοντι
708 701 867 734 παγιδεύειν

75 735 179 771 ψυχὰς,
209 739 428 774 προαπήμὸλυνε
454 742 504 774 τὰς
531 742 608 778 ὄψεις
633 746 686 780 πρὸ
709 747 793 782 αὐτῆς
816 749 867 784 τῆς

75 784 233 818 γεννήσεως
251 792 259 799 ·
288 786 334 811 καὶ
358 787 372 813 ὁ
402 788 501 822 τυφλὸς
530 791 681 825 γεννηθεὶς,
712 794 736 819 εί
762 794 865 827 δίκαιος

75 828 193 862 γένοιτο,
207 830 253 856 καὶ
271 830 318 856 τοῦ
334 833 519 868 μυθευομένου
529 835 658 869 Λυγκέως
671 837 865 876 ὸξυοπέστερος

73 875 193 909 γίνεται.
217 876 269 903 Τὸν
287 878 315 905 δὲ
338 879 406 914 πρὸς
425 880 521 915 ἡδονὰς
546 882 609 915 ὀξὺν
629 884 676 911 καὶ
699 870 863 922 κατάφορον,
881 870 902 898 Β

74 920 178 955 θλίψει,
196 922 244 949 καὶ
265 924 356 959 πενίᾳ,
374 925 391 960 ἢ
415 926 504 961 μελῶν
531 928 646 963 παρέσει
669 920 863 964 πολλάκις-ἀν·

73 967 192 1001 ἔστειλε,
220 969 347 1005 καθάπερ
369 971 421 998 ὑπὸ
432 972 626 1010 μανδραγόρας
653 977 789 1011 κοιμήσας
815 978 863 1014 τὴν

73 1013 193 1041 ἄτακτον
223 1014 325 1050 ὄρεξιν,
340 1015 396 1043 οἷον
410 1019 437 1044 εἴ
455 1027 497 1050 τις
521 1020 589 1054 πρὸς
610 1022 692 1055 φόνον
718 1013 863 1059 γενόμενος

72 1059 194 1094 ἕτοιμος,
206 1061 388 1098 ἀναινομένης
401 1064 475 1099 αὐτῷ
486 1065 536 1100 τῆς
549 1067 649 1100 δεξιᾶς,
662 1067 775 1104 ἡσυχίαν
793 1072 863 1105 ἠγά-

73 1114 157 1139 πησε.
186 1107 219 1133 Τί
239 1107 296 1139 οὖν,
320 1109 414 1144 φησὶν,
438 1111 468 1136 οὺ
487 1112 554 1138 πᾶσι
578 1115 634 1145 τοῖς
658 1114 863 1150 ἁμαρτάνουσιν

71 1147 152 1182 οὗτος
169 1151 184 1177 ὁ
201 1152 249 1186 τῆς
271 1153 446 1190 δικαιοσύνης
473 1156 554 1189 ζυγὸς
571 1147 775 1195 ταλαντεύεται,
794 1162 862 1190 ἀλλὰ

71 1197 168 1224 πολλοὶ
193 1199 243 1233 μὲν
267 1199 418 1236 ἀλλοτρίων
446 1203 542 1237 γάμων
569 1204 689 1238 κλοπείς,
720 1208 812 1234 πολλοὶ
833 1210 862 1236 δὲ

70 1242 238 1277 λωποδύται,
253 1246 299 1271 καὶ
315 1247 500 1281 τοιχορύκται,
514 1249 560 1276 καὶ
575 1251 756 1287 τυμῦορύχοι,
770 1254 862 1281 πολλοὶ

69 1289 100 1315 δὲ
114 1290 253 1322 τοκισταὶ,
270 1292 316 1318 καὶ
333 1292 441 1326 φαῦλοι,
459 1294 506 1320 καὶ
524 1296 725 1331 ῥυποκόνδυλοι,
741 1300 861 1335 αἰσχρῶν

71 1335 230 1372 λημμάτων
238 1338 393 1372 ήττόμενοι,
407 1339 581 1375 διαμένουσιν
588 1343 800 1378 εὐρωστοῦντες,
813 1347 860 1374 καὶ

69 1382 189 1417 ἀνιαροῦ
202 1384 301 1416 παντὸς
313 1385 441 1418 ἄγευστοι
455 1394 461 1418 ;
481 1387 550 1414 Ἀλλ’
564 1389 615 1416 οὐκ
629 1390 674 1417 ἀεὶ
693 1392 709 1426 ἡ
727 1392 861 1426 μέλλουσα

67 1428 157 1454 κακία
185 1429 256 1464 νόσῳ
276 1431 533 1465 προαναστέλλεται,
560 1434 603 1461 ἵνα
631 1435 667 1471 μὴ
695 1438 803 1474 κωλυθῇ
830 1439 860 1465 τὸ

66 1473 147 1500 δοθὲν
165 1475 232 1509 ἡμῖν
250 1476 369 1511 ἀρχῆθεν
395 1477 562 1513 αὐτοκρατὲς
585 1482 633 1506 καὶ
655 1482 813 1510 ἀδέσποτον.
828 1485 859 1511 Et

925 249 1047 275 peccare,
1063 249 1097 270 ne
1113 243 1234 271 deterius
1251 245 1298 272 tibi
1320 245 1423 281 aliquid
1440 249 1581 285 contingat
1593 252 1635 285 υς
1654 261 1663 278 ι
1684 257 1713 281 et

923 293 1083 320 pmsentem
1108 288 1180 315 hunc
1210 289 1388 325 paralyticutn
1423 298 1522 320 sanans
1555 293 1607 322 hoc
1639 297 1711 324 idem

923 334 1052 361 oswndit.
1083 333 1117 361 Et
1139 343 1254 370 magnus
1280 336 1324 364 ille
1349 337 1506 373 Apostolus,
1529 348 1590 368 cum
1606 349 1654 370 eos
1670 351 1713 372 re-

923 378 1084 412 prehendit,
1109 380 1155 414 qui
1180 388 1233 407 non
1256 386 1352 409 sancte
1376 389 1408 410 ac
1432 392 1498 417 pure
1514 386 1548 413 ad
1569 388 1711 422 mysticam

921 430 1026 451 comam
1042 425 1192 458 accedunt,
1210 435 1219 451 ι
1231 425 1305 460 ideo,
1319 427 1417 462 inquit,
1429 430 1498 457 inter
1507 438 1554 458 vos
1572 433 1647 460 multi
1661 434 1713 460 im-

921 471 1041 504 becilles,
1061 476 1086 499 et
1100 472 1237 501 dormiunt
1259 475 1335 502 multi
1353 475 1387 503 ".
1404 485 1415 503 ›
1433 477 1526 512 Atqui,
1548 481 1647 509 dixerit
1661 482 1712 509 ali-

919 516 981 550 quis
995 535 1003 549 ,
1017 517 1140 545 videmus
1164 526 1235 554 smpe
1256 528 1350 548 recens
1374 528 1452 550 natos
1478 524 1594 553 infantes
1610 527 1709 561 oculis,

920 563 963 589 vel
975 563 1029 590 alio
1042 571 1123 591 sensu
1137 571 1232 599 captos
1247 574 1279 593 ex
1297 573 1374 595 utero
1389 570 1485 597 tnatris
1505 572 1622 605 prodire.
1639 575 1708 607 Quid

920 610 1001 643 igitur
1016 611 1141 646 deliquit,
1157 614 1203 647 qui
1228 615 1347 642 nondum
1368 616 1457 644 editus
1481 624 1522 646 est
1545 620 1572 646 in
1595 620 1708 649 lucem?

919 656 972 684 Sed
988 665 1080 692 aaquns
1099 659 1144 685 ille
1162 659 1339 687 Providentia:
1357 662 1451 690 oculus
1471 672 1522 691 non
1540 665 1565 692 in
1591 674 1708 701 praesens

918 705 1024 737 tempus
1039 703 1124 730 solum
1140 705 1259 738 respicit,
1278 706 1325 733 sed
1338 706 1418 734 ctiam
1437 708 1461 734 in
1477 708 1606 737 futurum.
1622 711 1654 739 Et
1670 713 1708 740 illi

918 748 1043 782 quidem,
1070 749 1115 782 qui
1142 749 1286 777 libidinoso
1307 752 1446 779 oculorum
1470 755 1594 789 conjectn
1617 757 1708 785 irreti-

918 797 994 820 llil‘US
1018 799 1077 821 erat
1105 794 1232 828 animas,
1257 801 1402 831 antequam
1430 806 1607 834 nasceretur,
1632 803 1706 830 ViSllS

918 839 1001 865 aciem
1017 841 1160 868 retundere
1176 843 1329 876 occupavit,
1346 847 1373 870 et
1390 844 1435 878 qui
1451 852 1538 873 caecus
1556 852 1636 874 natus
1651 854 1703 880 est,

915 885 937 911 si
948 884 1037 918 justus
1058 887 1178 914 evadat:
1206 887 1329 916 fabuloso
1345 889 1426 917 etiam
1453 891 1548 926 iynceo
1570 894 1706 922 oculatior

914 931 976 957 erit.
992 930 1058 958 Eum
1079 940 1144 960 vero
1161 934 1205 968 qui
1222 939 1370 969 prompltts,
1389 943 1420 963 ac
1434 944 1553 972 praeceps
1568 941 1601 965 ad
1628 941 1705 967 volu-

915 981 1003 1012 ptates
1026 978 1131 1006 futurus
1158 985 1227 1013 erat,
1246 989 1377 1014 aerumna,
1406 983 1447 1009 vel
1470 989 1637 1020 paupertate,
1662 988 1703 1014 vel

914 1024 1095 1051 membrorum
1113 1026 1289 1053 dissolutione
1305 1027 1436 1061 cohibuit,
1453 1029 1582 1057 eﬂ'renem
1597 1033 1703 1066 cupidi<

915 1074 995 1096 tatem
1021 1070 1097 1103 quasi
1126 1071 1175 1098 sub
1200 1073 1377 1106 mandragora
1397 1074 1454 1109 (98)
1473 1076 1597 1109 sopiens.
1619 1079 1688 1106 velut

913 1114 934 1141 si
945 1114 1005 1149 quis
1018 1115 1117 1142 cmdetn
1142 1115 1232 1143 facere
1253 1121 1376 1150 paratum
1393 1118 1497 1146 habens
1512 1120 1631 1148 arefacta
1647 1122 1700 1150 sibi

913 1159 1004 1186 dextra
1031 1161 1163 1195 quietcat.
1189 1161 1258 1194 Quid
1276 1162 1368 1196 igitur,
1387 1163 1504 1198 inquies,
1532 1173 1584 1192 non
1604 1168 1699 1194 eadem

911 1207 1036 1234 omnibus
1052 1207 1239 1240 peccatoribus
1263 1209 1319 1235 hanc
1334 1209 1471 1243 teqttitatis
1487 1210 1553 1238 libra
1569 1212 1700 1246 deprimi-

913 1255 966 1282 tur,
983 1251 1029 1278 sed
1051 1251 1127 1278 multi
1152 1251 1231 1278 alieni
1258 1253 1308 1279 tori
1337 1253 1489 1287 invasorcs,
1517 1255 1593 1283 multi
1616 1257 1698 1285 etiam

911 1303 1095 1332 grassatores,
1119 1302 1146 1325 et
1171 1298 1244 1325 iures
1268 1303 1294 1326 et
1321 1300 1509 1333 sepulcrorum
1536 1309 1698 1336 eversores,

912 1343 988 1369 tnttlti
999 1350 1105 1378 quoque
1119 1343 1299 1376 feneratores,
1313 1349 1340 1372 et
1356 1345 1529 1378 lraudulenti,
1542 1351 1568 1373 ct
1582 1349 1699 1376 sordidae

911 1388 993 1416 nimis
1005 1389 1135 1420 avaritiae,
1152 1393 1179 1415 et
1199 1390 1324 1424 turpibus
1349 1390 1432 1418 lucris
1454 1391 1587 1423 obstricti.
1615 1393 1697 1425 ﬁrmi,

910 1434 1084 1468 valentesque
1100 1435 1244 1468 pervivunt
1269 1443 1318 1462 nec
1336 1437 1482 1471 quidquam
1502 1438 1632 1466 molestia:
1647 1448 1698 1475 gu-

911 1484 992 1506 stant.
1003 1479 1056 1506 Sed
1067 1487 1119 1506 non
1129 1486 1236 1514 semper
1248 1479 1338 1508 futura
1352 1481 1455 1509 malitia
1466 1485 1560 1510 morbo
1571 1489 1632 1511 ante
1646 1485 1697 1512 im-

68 1519 121 1554 μὲν
136 1520 192 1555 γὰρ
208 1519 242 1555 ἦν
257 1521 271 1547 ὁ
289 1522 405 1554 θάνατος
419 1523 564 1559 ἀπαλλαγὴ
582 1525 629 1552 τοῦ
642 1527 753 1559 παντὸς,
768 1528 853 1556 ἄδικοι

922 1525 1039 1558 peditur,
1075 1529 1105 1552 ut
1134 1524 1215 1552 libera
1254 1526 1421 1559 relinquatur
1451 1529 1582 1562 permissa
1618 1531 1698 1558 nobis

66 1565 161 1598 ἔδοξεν
184 1567 227 1600 ἂν,
257 1567 284 1594 ετ
308 1577 350 1600 τις
375 1570 491 1605 πονηρὸς
514 1570 562 1603 ὣν,
583 1572 614 1598 ὲν
637 1573 792 1610 δυναστείᾳ,
810 1577 856 1602 καὶ

65 1611 191 1646 πλούτῳ,
218 1613 266 1639 καὶ
292 1616 382 1649 τρυφῇ
413 1615 457 1642 τὸν
478 1615 534 1651 βίον
549 1618 706 1646 κατέλυσεν.
731 1620 808 1647 Ἐπεὶ
828 1622 855 1648 δὲ

65 1658 202 1690 ἀθάνατος
219 1659 234 1694 ή
250 1659 333 1696 ψυχὴ,
346 1661 406 1687 οὐδὲ
427 1662 467 1693 εἰς
488 1662 550 1697 ᾅδου
572 1666 792 1701 μεταχωρήσασα
806 1668 855 1703 τὴν

65 1704 146 1738 δίκην
181 1705 321 1739 διέφυγεν,
346 1707 402 1733 ἀλλ’
426 1709 484 1734 ἐκεῖ
506 1709 624 1743 μάλιστα
647 1713 696 1746 τῆς
719 1714 855 1749 τιμωρίας

65 1750 242 1786 αἰσθήσεται,
258 1752 295 1783 ὠς
309 1753 337 1778 ἐν
353 1753 391 1788 τῷ
406 1753 477 1780 κατὰ
496 1755 541 1782 τὸν
558 1756 685 1784 πλούσιον
704 1759 854 1795 διηγήματι

66 1796 273 1832 μεμαθήκαμεν
286 1805 292 1811 ·
310 1797 379 1824 ὥστε
393 1799 507 1834 ἕρμαιον
520 1801 552 1827 ἂν
565 1802 606 1836 εἴη
623 1803 678 1833 tot;
693 1805 855 1839 κακοέργοις

65 1840 186 1866 ἐνταῦθα
205 1843 302 1873 νοσεῖν,
319 1842 419 1876 μᾶλλον
434 1843 461 1869 δὲ
474 1845 520 1871 καὶ
543 1846 682 1878 πένεσθαι,
707 1848 724 1883 ἢ
747 1850 802 1880 τοῖς
825 1851 854 1876 ἐν

66 1887 133 1922 ᾅδου
162 1888 350 1923 δικαστηρίοις
372 1889 502 1918 δίδοσθαι.
531 1891 593 1923 Πῶς
615 1892 679 1925 οὖν,
705 1895 782 1930 φησὶ,
807 1896 854 1922 καὶ

64 1933 168 1960 δίκαιοι
184 1934 316 1967 πολλάκις
333 1935 434 1968 νόσοις,
456 1938 503 1963 καὶ
517 1941 692 1973 πειρασμοῖς,
703 1941 749 1968 καὶ
764 1943 854 1978 πενίᾳ,

65 1980 115 2006 καὶ
133 1980 191 2010 τοῖς
208 1980 299 2012 ἄλλοις
314 1982 410 2013 κακοῖς
426 1983 682 2018 προσπελάζουσιν;
709 1986 787 2014 Ἀλλὰ
806 1996 855 2014 πε-

65 2023 123 2054 νία.
141 2020 164 2050 ὦ
179 2022 267 2055 οὗτος.
290 2026 337 2051 καὶ
357 2026 440 2059 νόσοι,
459 2028 506 2054 καὶ
518 2028 642 2061 θάνατος,
662 2030 719 2056 οὔτ’
744 2033 853 2067 αἰσχρὰ,

64 2067 129 2093 οὔτε
145 2068 229 2099 κακὰ,
243 2069 298 2100 τοῖς
313 2068 342 2096 εὖ
355 2071 483 2104 φρονοῦσι
497 2071 646 2106 λογίζονται
660 2082 667 2089 ·
683 2075 853 2110 Χριστιανοῖς

64 2113 95 2139 δὲ
118 2114 168 2140 καὶ
194 2114 310 2148 μεγίστη
329 2115 443 2151 αἰσχύνη
471 2117 500 2143 τὸ
521 2118 607 2144 ταῦτα
625 2120 749 2154 ἡγεῖσθαι
771 2123 854 2155 κακὰ,

64 2158 134 2185 ὅπου
156 2160 205 2185 καὶ
226 2160 242 2194 ἡ
263 2159 315 2192 ἔξω
336 2161 444 2188 παιδεία
459 2163 582 2200 φυλακὴν
595 2166 753 2202 φιλοσοφίας
768 2168 855 2197 ταῦτα

67 2204 171 2238 μᾶλλον
200 2205 336 2240 ὠνόμασε.
357 2208 426 2235 Φασὶ
448 2210 502 2245 γὰρ
528 2211 575 2237 καὶ
592 2212 723 2240 Πλάτωνα
738 2215 852 2248 νοσῶδές

64 2258 92 2276 τι
102 2249 206 2285 χωρίον
217 2252 267 2286 τῆς
287 2252 425 2288 Ἀττικῆς,
442 2255 491 2290 τὴν
513 2255 679 2292 Ἀκαδημίαν
696 2259 853 2295 ἐξεπίτηδες

64 2295 247 2330 ἀλλάξασθαι,
261 2298 431 2333 ἀμὸλύνοντα
448 2301 497 2336 τὴν
513 2301 619 2334 εὐεξίαν
642 2304 689 2330 τοῦ
711 2305 852 2340 σώματος’

907 1572 940 1598 ab
969 1571 1045 1598 initio
1084 1575 1202 1605 potestas
1243 1572 1368 1604 arbitrii,
1410 1578 1493 1607 atque
1532 1575 1694 1605 dominium.

908 1616 1044 1651 Siquidem
1061 1617 1132 1644 enim
1154 1624 1213 1644 cum
1234 1623 1319 1644 morte
1334 1619 1423 1645 omnia
1442 1620 1608 1653 delerentur,
1635 1623 1692 1651 ini-

906 1671 988 1698 quum
1012 1662 1096 1690 videri
1121 1667 1220 1697 posset,
1243 1664 1266 1690 si
1283 1665 1343 1698 quis
1367 1665 1504 1699 improbus
1521 1675 1581 1694 cttm
1599 1668 1646 1700 sit,
1666 1669 1695 1697 in

908 1709 1030 1744 imperio,
1044 1717 1075 1736 ac
1096 1710 1252 1737 divitiarum
1270 1710 1490 1746 voluptatumque
1509 1713 1585 1747 copia
1602 1717 1694 1742 trans-

906 1757 990 1791 igeret
1005 1757 1100 1783 vitam.
1121 1755 1253 1789 Quoniam
1266 1764 1331 1783 vero
1355 1757 1516 1785 immortalis
1535 1763 1575 1786 est
1589 1760 1693 1793 anima,

907 1810 958 1830 non
975 1809 1080 1837 pmnam
1096 1801 1206 1836 effugiet
1219 1810 1279 1829 cum
1298 1803 1330 1829 ad
1347 1802 1448 1830 inferos
1461 1802 1633 1839 demigrabit,
1646 1807 1694 1833 sed

906 1848 941 1874 ibi
959 1847 1077 1873 maxime
1093 1846 1241 1873 crttciattttn
1262 1846 1370 1877 sentiet,
1384 1851 1413 1873 ut
1430 1855 1462 1874 ex
1477 1847 1588 1875 historia
1603 1849 1695 1877 divitis

907 1892 1077 1926 intelligimus
1084 1891 1117 1918 ".
1130 1891 1166 1917 Ita
1179 1890 1292 1926 135m
1300 1891 1428 1925 praeclare
1437 1899 1496 1918 cum
1505 1894 1693 1927 peccatoribus

905 1944 1040 1973 ageretur,
1065 1938 1109 1964 hic
1129 1942 1260 1971 :rgrotarc
1272 1937 1294 1964 si
1317 1937 1446 1970 daretur;
1462 1941 1489 1964 et
1514 1939 1599 1965 satius
1621 1942 1694 1966 esset

906 1986 986 2020 ailligi
1003 1989 1171 2020 paupertate,
1188 1991 1268 2018 quam
1286 1983 1356 2017 apud
1379 1983 1480 2011 inferos
1504 1984 1610 2011 multari
1626 1992 1692 2019 sup-

906 2032 1005 2067 pliciis.
1033 2029 1172 2063 Quomodo
1204 2029 1304 2063 igitur,
1339 2028 1466 2064 inquies,
1496 2029 1584 2063 justus
1610 2030 1691 2057 etiam

907 2077 1004 2108 morbi.
1019 2075 1185 2103 calamitates
1199 2079 1225 2102 et
1239 2079 1393 2109 paupertas,
1413 2079 1439 2102 et
1461 2075 1518 2102 alia
1535 2076 1604 2102 mala
1621 2083 1692 2111 saepe

906 2121 1139 2150 circumveniunt?
1154 2121 1218 2152 Sed,
1232 2121 1299 2148 heus
1313 2121 1320 2148 ί
1337 2125 1364 2148 ιιι
1381 2121 1469 2149 nescis
1480 2127 1506 2149 et
1521 2122 1642 2154 morbos,
1663 2127 1691 2150 et

906 2173 1018 2195 mortem
1033 2175 1119 2202 neque
1132 2167 1157 2194 in
1176 2167 1326 2201 probrosis,
1351 2175 1436 2202 neque
1461 2168 1486 2194 in
1508 2168 1587 2195 malis
1609 2169 1692 2196 rebus

906 2223 920 2242 a
948 2213 1113 2248 sapientibus
1138 2212 1294 2240 recenscri‘.’
1321 2212 1486 2240 Christianis
1518 2220 1582 2240 vero
1608 2214 1689 2240 etiam

907 2260 1025 2288 maxima
1051 2259 1214 2287 verecundia
1241 2264 1302 2291 est,
1331 2260 1387 2286 haec
1417 2259 1444 2286 in
1473 2259 1550 2287 malis
1578 2260 1689 2292 habere,

907 2305 1017 2341 quando
1032 2305 1075 2332 vel
1097 2309 1209 2332 externa
1231 2305 1351 2332 doctrina
1367 2304 1424 2341 (99)
1446 2305 1622 2340 philosophia-
1642 2312 1690 2332 cu-

103 2355 126 2384 ίι
140 2365 221 2394 Joan.
237 2375 265 2400 ν,
281 2367 323 2394 Η.
363 2367 385 2384 ³¹
400 2367 485 2396 ICor.
505 2377 542 2403 χι,
556 2371 583 2398 5.
623 2371 645 2388 ⁸³
662 2371 728 2399 Luc.
753 2382 809 2407 un,
828 2374 853 2403 ιε

922 2382 956 2410 [ί]-

681 2429 841 2461 Francisci
856 2430 961 2462 Scorsi
976 2432 1072 2460 notae.

98 2491 160 2527 (98)
180 2490 324 2527 Quarimb
339 2491 526 2527 mqndragora.
543 2491 603 2518 Vim
616 2491 707 2520 incsse
727 2494 853 2521 mandra-

63 2525 150 2562 gora?
163 2525 341 2562 soporiferam
373 2525 475 2553 Plinius
493 2531 606 2553 testatur
637 2527 708 2558 nm.
731 2528 780 2556 lib.
805 2536 851 2562 xx,

64 2569 126 2596 cap.
141 2561 186 2597 ll,
206 2565 362 2597 tantamque
377 2565 405 2597 nt
420 2562 501 2588 etiam
514 2566 619 2593 enecet,
634 2563 656 2589 si
670 2563 771 2597 largius
791 2564 851 2590 ebi-

64 2595 158 2632 batur,
174 2595 240 2632 Inde
257 2595 356 2632 factum
371 2596 507 2630 adagium,
525 2602 553 2623 ut
572 2597 618 2632 qui
633 2595 729 2631 segnes
745 2603 807 2625 stmt
824 2599 849 2625 ill

64 2631 187 2666 negotio,
202 2631 405 2666 domitantque
419 2631 532 2666 multum
549 2631 735 2666 mandragorae
748 2633 848 2660 bibisse

63 2664 211 2701 dicantur;
226 2672 258 2692 ea
273 2665 312 2692 sic
329 2672 393 2692 usus
408 2671 449 2692 est
462 2664 549 2693 Julius
565 2664 694 2700 Apostata
710 2667 795 2701 Epist.
814 2668 846 2693 ad

63 2700 200 2736 Callixen.
221 2700 259 2726 υὺ
286 2701 411 2736 φανεῖται
436 2701 537 2735 πολλὴν
562 2702 633 2728 πάνυ
658 2700 849 2736 μανδραγόραν

63 2735 96 2761 ὲκ
135 2735 409 2770 πεπωκώςηΔηηοη
439 2736 541 2762 videtur
578 2735 850 2770 plurimum'potdue

64 2771 252 2804 mandragora:
262 2770 275 2796 ν
288 2768 401 2796 Lttcian.
421 2770 502 2797 etiam
523 2771 550 2797 in
565 2770 673 2798 Timone
683 2779 693 2798 .'
713 2768 800 2798 ’σπου
816 2780 847 2804 γε

63 2804 191 2839 καθάπερ
223 2804 277 2831 ὑπὸ
315 2805 506 2840 μανδραγόρας
535 2805 688 2838 καθεύδεις.
722 2806 849 2840 Quando-

63 2840 169 2874 quidem
183 2840 263 2868 πείνη
278 2842 326 2866 sub
341 2841 516 2875 mandragora
539 2841 649 2868 dormis.

944 2494 999 2530 (99)
1025 2494 1072 2521 Vel
1097 2498 1205 2520 externa
1232 2493 1363 2531 doctrina.
1383 2494 1536 2522 Stoicorum
1567 2496 1688 2531 porticus

907 2529 960 2557 hoc
975 2531 1099 2563 dogmate
1111 2533 1302 2565 resonuertmt.
1331 2529 1432 2565 Dogma
1459 2529 1686 2565 qnippe‘illorum

904 2563 1152 2601 decantatum_6rt_
1174 2564 1265 2601 μόνον-
1281 2563 1384 2601 ἀγαθὸν
1409 2564 1439 2590 τὸ
1457 2563 1549 2592 καλόν.
1574 2566 1611 2592 De
1631 2575 1687 2601 quo

905 2598 1022 2633 disputat
1037 2598 1071 2624 Μ.
1084 2597 1187 2625 Tullius
1202 2599 1227 2624 in
1244 2598 1395 2629 Paradoz..
1405 2604 1431 2626 et
1441 2604 1535 2626 contra
1548 2601 1613 2628 nihil
1624 2597 1686 2629 esse

903 2635 1014 2665 malutn,
1029 2633 1079 2670 nisi
1098 2638 1174 2667 turpe
1187 2634 1257 2670 quod
1273 2638 1314 2660 est
1338 2634 1520 2670 etyitiosnm.
1536 2634 1573 2662 De
1592 2644 1645 2670 quo
1657 2642 1686 2663 et

902 2667 928 2693 in
947 2667 1055 2705 Tu_s_cul.
1072 2668 1305 2705 qnmt.;_b‘eneca
1320 2667 1456 2705 perfectus
1481 2667 1685 2705 Stoicusfepist

902 2702 937 2729 96
956 2712 963 2729 :
981 2701 1083 2729 Tamen'
1100 2708 1128 2728 lu
1141 2703 1303 2738 indignaris
1318 2701 1429 2738 aliquid,
1451 2709 1475 2730 et
1497 2701 1614 2738 quereris
1624 2701 1637 2737 ,”
1660 2711 1683 2732 et

903 2745 954 2764 non
969 2737 1092 2772 intelligis
1108 2736 1173 2762 nihil
1185 2736 1240 2763 om
1253 2737 1279 2763 t'n
1296 2736 1449 2771 iatis‘tnalt',
1472 2736 1524 2765 nisi
1536 2740 1584 2766 hoc
1601 2748 1684 2767 unum

901 2772 972 2806 quod
987 2771 1146 2807 indigneris,
1162 2773 1326 2807 etquereris.
1339 2773 1399 2807 Agit
1415 2775 1447 2800 de
1459 2773 1510 2800 hoc
1523 2780 1685 2807 argumento

902 2810 979 2833 docte
996 2813 1022 2835 et
1048 2806 1296 2844 _utihter_llteretu.
1313 2806 1419 2844 Dreztcl.
1435 2815 1502 2842 opus
1522 2806 1566 2844 De
1577 2810 1684 2844 confor-

902 2842 998 2869 manda
1012 2841 1144 2869 voluntate
1158 2841 1274 2869 humana
1286 2850 1343 2870 cum
1357 2841 1459 2876 dit-ina,
1469 2843 1602 2879 praecipue
1618 2841 1684 2873 vero
