  <div class='ocr_page' id='page_1' title='image "/cluster/home/n/w/nwhite01/storage/ocr_20150623/132/njp.32101077773081/259.png"; bbox 0 0 1883 3053; ppageno 0'>
   <div class='ocr_carea' id='block_1_1' title="bbox 181 108 236 140">
    <p class='ocr_par' dir='ltr' id='par_1_1' title="bbox 181 108 236 140">
     <span class='ocr_line' id='line_1_1' title="bbox 181 108 236 140; baseline 0.018 -1"><span class='ocrx_word' id='word_1_1' title='bbox 181 108 236 140; x_wconf 68' lang='grc' dir='ltr'>ὀῡθ</span> 
     </span>
    </p>
   </div>
   <div class='ocr_carea' id='block_1_2' title="bbox 183 162 1006 198">
    <p class='ocr_par' dir='ltr' id='par_1_2' title="bbox 183 162 1006 198">
     <span class='ocr_line' id='line_1_2' title="bbox 183 162 1006 198; baseline -0.004 -7"><span class='ocrx_word' id='word_1_2' title='bbox 183 171 242 191; x_wconf 84' lang='lat' dir='ltr'><strong>mus</strong></span> <span class='ocrx_word' id='word_1_3' title='bbox 258 164 340 198; x_wconf 76' lang='lat' dir='ltr'><strong>igitur</strong></span> <span class='ocrx_word' id='word_1_4' title='bbox 354 170 462 198; x_wconf 87' lang='lat' dir='ltr'><strong>operam</strong></span> <span class='ocrx_word' id='word_1_5' title='bbox 477 182 484 195; x_wconf 90' lang='lat'><strong>,</strong></span> <span class='ocrx_word' id='word_1_6' title='bbox 507 167 535 190; x_wconf 89' lang='lat' dir='ltr'><strong>nt</strong></span> <span class='ocrx_word' id='word_1_7' title='bbox 550 169 714 190; x_wconf 82' lang='lat' dir='ltr'><strong>coroaemur</strong></span> <span class='ocrx_word' id='word_1_8' title='bbox 731 170 844 191; x_wconf 87' lang='lat' dir='ltr'><strong>omnes:</strong></span> <span class='ocrx_word' id='word_1_9' title='bbox 860 162 970 197; x_wconf 68' lang='lat' dir='ltr'><strong>prtecla—</strong></span> <span class='ocrx_word' id='word_1_10' title='bbox 985 165 1006 191; x_wconf 75' lang='grc' dir='ltr'><strong>Α</strong></span> 
     </span>
    </p>
   </div>
   <div class='ocr_carea' id='block_1_3' title="bbox 183 207 968 241">
    <p class='ocr_par' dir='ltr' id='par_1_3' title="bbox 183 207 968 241">
     <span class='ocr_line' id='line_1_3' title="bbox 183 207 968 241; baseline -0.005 -5"><span class='ocrx_word' id='word_1_11' title='bbox 183 218 240 236; x_wconf 81' lang='lat' dir='ltr'><strong>iam</strong></span> <span class='ocrx_word' id='word_1_12' title='bbox 256 216 371 241; x_wconf 79' lang='lat' dir='ltr'><strong>(mines,</strong></span> <span class='ocrx_word' id='word_1_13' title='bbox 390 213 417 236; x_wconf 88' lang='lat' dir='ltr'><strong>et</strong></span> <span class='ocrx_word' id='word_1_14' title='bbox 443 208 549 235; x_wconf 69' lang='lat' dir='ltr'><strong>invidia:</strong></span> <span class='ocrx_word' id='word_1_15' title='bbox 580 216 632 234; x_wconf 88' lang='lat' dir='ltr'><strong>non</strong></span> <span class='ocrx_word' id='word_1_16' title='bbox 659 208 803 235; x_wconf 82' lang='lat' dir='ltr'><strong>obnoxiam</strong></span> <span class='ocrx_word' id='word_1_17' title='bbox 828 207 968 234; x_wconf 88' lang='lat' dir='ltr'><strong>victoriam</strong></span> 
     </span>
    </p>
   </div>
   <div class='ocr_carea' id='block_1_4' title="bbox 181 253 970 289">
    <p class='ocr_par' dir='ltr' id='par_1_4' title="bbox 181 253 970 289">
     <span class='ocr_line' id='line_1_4' title="bbox 181 253 970 289; baseline -0.004 -7"><span class='ocrx_word' id='word_1_18' title='bbox 181 260 360 289; x_wconf 67' lang='lat' dir='ltr'><strong>rrportcmns.</strong></span> <span class='ocrx_word' id='word_1_19' title='bbox 377 253 424 281; x_wconf 90' lang='lat' dir='ltr'><strong>llic</strong></span> <span class='ocrx_word' id='word_1_20' title='bbox 439 254 548 288; x_wconf 80' lang='lat' dir='ltr'><strong>quidem</strong></span> <span class='ocrx_word' id='word_1_21' title='bbox 574 254 657 280; x_wconf 88' lang='lat' dir='ltr'><strong>alium</strong></span> <span class='ocrx_word' id='word_1_22' title='bbox 684 254 857 281; x_wconf 66' lang='lat' dir='ltr'><strong>continentiae</strong></span> <span class='ocrx_word' id='word_1_23' title='bbox 882 254 970 280; x_wconf 84' lang='lat' dir='ltr'><strong>inten-</strong></span> 
     </span>
    </p>
   </div>
   <div class='ocr_carea' id='block_1_5' title="bbox 184 299 971 335">
    <p class='ocr_par' dir='ltr' id='par_1_5' title="bbox 184 299 971 335">
     <span class='ocr_line' id='line_1_5' title="bbox 184 299 971 335; baseline -0.003 -8"><span class='ocrx_word' id='word_1_24' title='bbox 184 303 257 328; x_wconf 89' lang='lat' dir='ltr'><strong>tione</strong></span> <span class='ocrx_word' id='word_1_25' title='bbox 274 301 409 335; x_wconf 71' lang='lat' dir='ltr'><strong>prtecet‘at</strong></span> <span class='ocrx_word' id='word_1_26' title='bbox 425 319 432 331; x_wconf 94' lang='lat'><strong>,</strong></span> <span class='ocrx_word' id='word_1_27' title='bbox 455 300 530 327; x_wconf 85' lang='lat' dir='ltr'><strong>tenui</strong></span> <span class='ocrx_word' id='word_1_28' title='bbox 548 301 618 327; x_wconf 75' lang='lat' dir='ltr'><strong>tictu</strong></span> <span class='ocrx_word' id='word_1_29' title='bbox 635 301 757 335; x_wconf 83' lang='lat' dir='ltr'><strong>corporis</strong></span> <span class='ocrx_word' id='word_1_30' title='bbox 786 307 903 326; x_wconf 87' lang='lat' dir='ltr'><strong>ntassant</strong></span> <span class='ocrx_word' id='word_1_31' title='bbox 922 299 971 326; x_wconf 50' lang='lat' dir='ltr'><strong>eli-</strong></span> 
     </span>
    </p>
   </div>
   <div class='ocr_carea' id='block_1_6' title="bbox 182 345 971 381">
    <p class='ocr_par' dir='ltr' id='par_1_6' title="bbox 182 345 971 381">
     <span class='ocr_line' id='line_1_6' title="bbox 182 345 971 381; baseline -0.001 -8"><span class='ocrx_word' id='word_1_32' title='bbox 182 348 269 379; x_wconf 81' lang='lat' dir='ltr'><strong>deus;</strong></span> <span class='ocrx_word' id='word_1_33' title='bbox 295 346 340 373; x_wconf 88' lang='lat' dir='ltr'><strong>hie</strong></span> <span class='ocrx_word' id='word_1_34' title='bbox 367 354 430 373; x_wconf 86' lang='lat' dir='ltr'><strong>vero</strong></span> <span class='ocrx_word' id='word_1_35' title='bbox 457 346 563 373; x_wconf 84' lang='lat' dir='ltr'><strong>abunde</strong></span> <span class='ocrx_word' id='word_1_36' title='bbox 587 346 784 381; x_wconf 68' lang='lat' dir='ltr'><strong>suppeditanda</strong></span> <span class='ocrx_word' id='word_1_37' title='bbox 809 345 971 380; x_wconf 73' lang='lat' dir='ltr'><strong>pauperibus</strong></span> 
     </span>
    </p>
   </div>
   <div class='ocr_carea' id='block_1_7' title="bbox 182 390 969 427">
    <p class='ocr_par' dir='ltr' id='par_1_7' title="bbox 182 390 969 427">
     <span class='ocr_line' id='line_1_7' title="bbox 182 390 969 427; baseline -0.005 -8"><span class='ocrx_word' id='word_1_38' title='bbox 182 392 252 426; x_wconf 78' lang='lat' dir='ltr'><strong>stipe</strong></span> <span class='ocrx_word' id='word_1_39' title='bbox 265 392 401 427; x_wconf 66' lang='lat' dir='ltr'><strong>praicellat</strong></span> <span class='ocrx_word' id='word_1_40' title='bbox 415 400 422 424; x_wconf 87' lang='lat'><strong>;</strong></span> <span class='ocrx_word' id='word_1_41' title='bbox 439 400 470 418; x_wconf 85' lang='lat' dir='ltr'><strong>ac</strong></span> <span class='ocrx_word' id='word_1_42' title='bbox 484 400 512 419; x_wconf 89' lang='lat' dir='ltr'><strong>se</strong></span> <span class='ocrx_word' id='word_1_43' title='bbox 527 391 587 419; x_wconf 79' lang='lat' dir='ltr'><strong>oleo</strong></span> <span class='ocrx_word' id='word_1_44' title='bbox 603 391 798 418; x_wconf 60' lang='lat' dir='ltr'><strong>misericordia:</strong></span> <span class='ocrx_word' id='word_1_45' title='bbox 815 390 969 418; x_wconf 86' lang='lat' dir='ltr'><strong>nitidioretn</strong></span> 
     </span>
    </p>
   </div>
   <div class='ocr_carea' id='block_1_8' title="bbox 186 437 971 473">
    <p class='ocr_par' dir='ltr' id='par_1_8' title="bbox 186 437 971 473">
     <span class='ocr_line' id='line_1_8' title="bbox 186 437 971 473; baseline -0.001 -9"><span class='ocrx_word' id='word_1_46' title='bbox 186 438 292 464; x_wconf 86' lang='lat' dir='ltr'><strong>reddat.</strong></span> <span class='ocrx_word' id='word_1_47' title='bbox 307 437 384 464; x_wconf 85' lang='lat' dir='ltr'><strong>Alius</strong></span> <span class='ocrx_word' id='word_1_48' title='bbox 397 442 542 473; x_wconf 73' lang='lat' dir='ltr'><strong>peccantes</strong></span> <span class='ocrx_word' id='word_1_49' title='bbox 559 438 585 464; x_wconf 94' lang='lat' dir='ltr'><strong>in</strong></span> <span class='ocrx_word' id='word_1_50' title='bbox 604 445 631 464; x_wconf 80' lang='lat' dir='ltr'><strong>se</strong></span> <span class='ocrx_word' id='word_1_51' title='bbox 647 445 744 472; x_wconf 74' lang='lat' dir='ltr'><strong>magno</strong></span> <span class='ocrx_word' id='word_1_52' title='bbox 761 437 851 463; x_wconf 81' lang='lat' dir='ltr'><strong>animo</strong></span> <span class='ocrx_word' id='word_1_53' title='bbox 864 437 971 469; x_wconf 90' lang='lat' dir='ltr'><strong>toleret,</strong></span> 
     </span>
    </p>
   </div>
   <div class='ocr_carea' id='block_1_9' title="bbox 182 483 970 518">
    <p class='ocr_par' dir='ltr' id='par_1_9' title="bbox 182 483 970 518">
     <span class='ocr_line' id='line_1_9' title="bbox 182 483 970 518; baseline 0 -8"><span class='ocrx_word' id='word_1_54' title='bbox 182 484 275 510; x_wconf 85' lang='lat' dir='ltr'><strong>ethoc</strong></span> <span class='ocrx_word' id='word_1_55' title='bbox 299 483 380 510; x_wconf 90' lang='lat' dir='ltr'><strong>modo</strong></span> <span class='ocrx_word' id='word_1_56' title='bbox 396 483 542 518; x_wconf 78' lang='lat' dir='ltr'><strong>propitiant</strong></span> <span class='ocrx_word' id='word_1_57' title='bbox 566 484 616 510; x_wconf 85' lang='lat' dir='ltr'><strong>sibi</strong></span> <span class='ocrx_word' id='word_1_58' title='bbox 642 483 692 518; x_wconf 88' lang='lat' dir='ltr'><strong>ipsi</strong></span> <span class='ocrx_word' id='word_1_59' title='bbox 719 483 862 510; x_wconf 86' lang='lat' dir='ltr'><strong>Dominum</strong></span> <span class='ocrx_word' id='word_1_60' title='bbox 880 483 970 510; x_wconf 79' lang='lat' dir='ltr'><strong>faciat.</strong></span> 
     </span>
    </p>
   </div>
   <div class='ocr_carea' id='block_1_10' title="bbox 184 529 971 563">
    <p class='ocr_par' dir='ltr' id='par_1_10' title="bbox 184 529 971 563">
     <span class='ocr_line' id='line_1_10' title="bbox 184 529 971 563; baseline -0.004 -6"><span class='ocrx_word' id='word_1_61' title='bbox 184 530 285 557; x_wconf 88' lang='lat' dir='ltr'><strong>Omnes</strong></span> <span class='ocrx_word' id='word_1_62' title='bbox 309 538 319 555; x_wconf 86' lang='grc'><strong>(</strong></span> <span class='ocrx_word' id='word_1_63' title='bbox 352 534 381 556; x_wconf 87' lang='lat' dir='ltr'><strong>ut</strong></span> <span class='ocrx_word' id='word_1_64' title='bbox 409 530 435 557; x_wconf 90' lang='lat' dir='ltr'><strong>in</strong></span> <span class='ocrx_word' id='word_1_65' title='bbox 453 530 496 556; x_wconf 88' lang='lat' dir='ltr'><strong>die</strong></span> <span class='ocrx_word' id='word_1_66' title='bbox 518 530 631 556; x_wconf 84' lang='lat' dir='ltr'><strong>honeste</strong></span> <span class='ocrx_word' id='word_1_67' title='bbox 652 529 835 561; x_wconf 86' lang='lat' dir='ltr'><strong>ambulemus,</strong></span> <span class='ocrx_word' id='word_1_68' title='bbox 855 539 864 555; x_wconf 85' lang='grc'><strong>›</strong></span> <span class='ocrx_word' id='word_1_69' title='bbox 896 529 971 563; x_wconf 78' lang='lat' dir='ltr'><strong>juxta</strong></span> 
     </span>
    </p>
   </div>
   <div class='ocr_carea' id='block_1_11' title="bbox 184 573 973 610">
    <p class='ocr_par' dir='ltr' id='par_1_11' title="bbox 184 573 973 610">
     <span class='ocr_line' id='line_1_11' title="bbox 184 573 973 610; baseline -0.003 -8"><span class='ocrx_word' id='word_1_70' title='bbox 184 575 307 610; x_wconf 81' lang='lat' dir='ltr'><strong>Apostoli</strong></span> <span class='ocrx_word' id='word_1_71' title='bbox 327 575 428 602; x_wconf 88' lang='lat' dir='ltr'><strong>dictum</strong></span> <span class='ocrx_word' id='word_1_72' title='bbox 445 573 480 602; x_wconf 71' lang='grc' dir='ltr'><strong>ου.</strong></span> <span class='ocrx_word' id='word_1_73' title='bbox 497 574 575 601; x_wconf 89' lang='lat' dir='ltr'><strong>Nunc</strong></span> <span class='ocrx_word' id='word_1_74' title='bbox 589 575 660 602; x_wconf 87' lang='lat' dir='ltr'><strong>enim</strong></span> <span class='ocrx_word' id='word_1_75' title='bbox 675 575 776 601; x_wconf 87' lang='lat' dir='ltr'><strong>animis</strong></span> <span class='ocrx_word' id='word_1_76' title='bbox 791 574 894 602; x_wconf 84' lang='lat' dir='ltr'><strong>nostris</strong></span> <span class='ocrx_word' id='word_1_77' title='bbox 911 575 973 600; x_wconf 95' lang='lat' dir='ltr'><strong>illu-</strong></span> 
     </span>
    </p>
   </div>
   <div class='ocr_carea' id='block_1_12' title="bbox 184 619 972 655">
    <p class='ocr_par' dir='ltr' id='par_1_12' title="bbox 184 619 972 655">
     <span class='ocr_line' id='line_1_12' title="bbox 184 619 972 655; baseline -0.003 -7"><span class='ocrx_word' id='word_1_78' title='bbox 184 620 267 648; x_wconf 85' lang='lat' dir='ltr'><strong>cescit</strong></span> <span class='ocrx_word' id='word_1_79' title='bbox 296 621 374 652; x_wconf 83' lang='lat' dir='ltr'><strong>dies,</strong></span> <span class='ocrx_word' id='word_1_80' title='bbox 401 620 447 655; x_wconf 89' lang='lat' dir='ltr'><strong>qui</strong></span> <span class='ocrx_word' id='word_1_81' title='bbox 479 625 583 647; x_wconf 75' lang='lat' dir='ltr'><strong>tractent</strong></span> <span class='ocrx_word' id='word_1_82' title='bbox 599 620 831 654; x_wconf 80' lang='lat' dir='ltr'><strong>perturbationum</strong></span> <span class='ocrx_word' id='word_1_83' title='bbox 857 627 871 646; x_wconf 87' lang='lat' dir='ltr'><strong>a</strong></span> <span class='ocrx_word' id='word_1_84' title='bbox 894 619 972 647; x_wconf 86' lang='lat' dir='ltr'><strong>nobis</strong></span> 
     </span>
    </p>
   </div>
   <div class='ocr_carea' id='block_1_13' title="bbox 185 664 970 700">
    <p class='ocr_par' dir='ltr' id='par_1_13' title="bbox 185 664 970 700">
     <span class='ocr_line' id='line_1_13' title="bbox 185 664 970 700; baseline -0.001 -8"><span class='ocrx_word' id='word_1_85' title='bbox 185 669 319 692; x_wconf 67' lang='lat' dir='ltr'><strong>amove-at.</strong></span> <span class='ocrx_word' id='word_1_86' title='bbox 344 664 421 691; x_wconf 81' lang='lat' dir='ltr'><strong>Nune</strong></span> <span class='ocrx_word' id='word_1_87' title='bbox 446 672 524 692; x_wconf 88' lang='lat' dir='ltr'><strong>mens</strong></span> <span class='ocrx_word' id='word_1_88' title='bbox 546 672 596 699; x_wconf 86' lang='lat' dir='ltr'><strong>per</strong></span> <span class='ocrx_word' id='word_1_89' title='bbox 615 664 747 700; x_wconf 85' lang='lat' dir='ltr'><strong>jejunium</strong></span> <span class='ocrx_word' id='word_1_90' title='bbox 767 664 916 692; x_wconf 87' lang='lat' dir='ltr'><strong>illttminata</strong></span> <span class='ocrx_word' id='word_1_91' title='bbox 945 665 970 691; x_wconf 92' lang='lat' dir='ltr'><strong>in</strong></span> 
     </span>
    </p>
   </div>
   <div class='ocr_carea' id='block_1_14' title="bbox 186 710 971 745">
    <p class='ocr_par' dir='ltr' id='par_1_14' title="bbox 186 710 971 745">
     <span class='ocr_line' id='line_1_14' title="bbox 186 710 971 745; baseline 0 -9"><span class='ocrx_word' id='word_1_92' title='bbox 186 712 271 738; x_wconf 86' lang='lat' dir='ltr'><strong>lucem</strong></span> <span class='ocrx_word' id='word_1_93' title='bbox 296 710 492 744; x_wconf 78' lang='lat' dir='ltr'><strong>iutclligibilem</strong></span> <span class='ocrx_word' id='word_1_94' title='bbox 521 710 595 737; x_wconf 79' lang='lat' dir='ltr'><strong>clare</strong></span> <span class='ocrx_word' id='word_1_95' title='bbox 619 711 700 744; x_wconf 81' lang='lat' dir='ltr'><strong>ﬁgere</strong></span> <span class='ocrx_word' id='word_1_96' title='bbox 725 712 849 737; x_wconf 88' lang='lat' dir='ltr'><strong>obtutum</strong></span> <span class='ocrx_word' id='word_1_97' title='bbox 872 713 971 745; x_wconf 81' lang='lat' dir='ltr'><strong>potest,</strong></span> 
     </span>
    </p>
   </div>
   <div class='ocr_carea' id='block_1_15' title="bbox 185 755 973 790">
    <p class='ocr_par' dir='ltr' id='par_1_15' title="bbox 185 755 973 790">
     <span class='ocr_line' id='line_1_15' title="bbox 185 755 973 790; baseline -0.003 -7"><span class='ocrx_word' id='word_1_98' title='bbox 185 764 317 783; x_wconf 88' lang='lat' dir='ltr'><strong>coercens</strong></span> <span class='ocrx_word' id='word_1_99' title='bbox 333 756 396 783; x_wconf 89' lang='lat' dir='ltr'><strong>hinc</strong></span> <span class='ocrx_word' id='word_1_100' title='bbox 410 755 532 790; x_wconf 84' lang='lat' dir='ltr'><strong>corporis</strong></span> <span class='ocrx_word' id='word_1_101' title='bbox 544 756 673 790; x_wconf 82' lang='lat' dir='ltr'><strong>impetus,</strong></span> <span class='ocrx_word' id='word_1_102' title='bbox 685 756 796 789; x_wconf 86' lang='lat' dir='ltr'><strong>spiritus</strong></span> <span class='ocrx_word' id='word_1_103' title='bbox 811 755 872 783; x_wconf 83' lang='lat' dir='ltr'><strong>inde</strong></span> <span class='ocrx_word' id='word_1_104' title='bbox 882 755 973 789; x_wconf 89' lang='lat' dir='ltr'><strong>splen-</strong></span> 
     </span>
    </p>
   </div>
   <div class='ocr_carea' id='block_1_16' title="bbox 186 799 971 835">
    <p class='ocr_par' dir='ltr' id='par_1_16' title="bbox 186 799 971 835">
     <span class='ocr_line' id='line_1_16' title="bbox 186 799 971 835; baseline 0.003 -10"><span class='ocrx_word' id='word_1_105' title='bbox 186 799 265 825; x_wconf 83' lang='lat' dir='ltr'><strong>dores</strong></span> <span class='ocrx_word' id='word_1_106' title='bbox 289 799 451 834; x_wconf 78' lang='lat' dir='ltr'><strong>excipiens;</strong></span> <span class='ocrx_word' id='word_1_107' title='bbox 478 803 504 826; x_wconf 86' lang='lat' dir='ltr'><strong>et</strong></span> <span class='ocrx_word' id='word_1_108' title='bbox 528 799 655 826; x_wconf 81' lang='lat' dir='ltr'><strong>ardorem</strong></span> <span class='ocrx_word' id='word_1_109' title='bbox 678 799 787 834; x_wconf 87' lang='lat' dir='ltr'><strong>quidem</strong></span> <span class='ocrx_word' id='word_1_110' title='bbox 805 800 971 835; x_wconf 82' lang='lat' dir='ltr'><strong>voluptatum</strong></span> 
     </span>
    </p>
   </div>
   <div class='ocr_carea' id='block_1_17' title="bbox 185 833 1011 876">
    <p class='ocr_par' dir='ltr' id='par_1_17' title="bbox 185 833 1011 876">
     <span class='ocr_line' id='line_1_17' title="bbox 185 833 1011 876; baseline 0.004 -7"><span class='ocrx_word' id='word_1_111' title='bbox 185 833 382 876; x_wconf 78' lang='lat' dir='ltr'><strong>exstinguens,</strong></span> <span class='ocrx_word' id='word_1_112' title='bbox 410 845 535 870; x_wconf 77' lang='lat' dir='ltr'><strong>ardorem</strong></span> <span class='ocrx_word' id='word_1_113' title='bbox 567 850 632 870; x_wconf 89' lang='lat' dir='ltr'><strong>vero</strong></span> <span class='ocrx_word' id='word_1_114' title='bbox 654 844 785 871; x_wconf 82' lang='lat' dir='ltr'><strong>virtutum</strong></span> <span class='ocrx_word' id='word_1_115' title='bbox 813 833 1011 872; x_wconf 84' lang='lat' dir='ltr'><strong>incendens.B</strong></span> 
     </span>
    </p>
   </div>
   <div class='ocr_carea' id='block_1_18' title="bbox 186 888 972 925">
    <p class='ocr_par' dir='ltr' id='par_1_18' title="bbox 186 888 972 925">
     <span class='ocr_line' id='line_1_18' title="bbox 186 888 972 925; baseline 0.003 -11"><span class='ocrx_word' id='word_1_116' title='bbox 186 888 223 915; x_wconf 82' lang='lat' dir='ltr'><strong>Ita</strong></span> <span class='ocrx_word' id='word_1_117' title='bbox 237 889 368 923; x_wconf 84' lang='lat' dir='ltr'><strong>jejunium</strong></span> <span class='ocrx_word' id='word_1_118' title='bbox 394 889 485 916; x_wconf 82' lang='lat' dir='ltr'><strong>omnia</strong></span> <span class='ocrx_word' id='word_1_119' title='bbox 500 889 577 916; x_wconf 92' lang='lat' dir='ltr'><strong>nobis</strong></span> <span class='ocrx_word' id='word_1_120' title='bbox 591 889 661 917; x_wconf 80' lang='lat' dir='ltr'><strong>bona</strong></span> <span class='ocrx_word' id='word_1_121' title='bbox 675 890 811 917; x_wconf 90' lang='lat' dir='ltr'><strong>conciliat.</strong></span> <span class='ocrx_word' id='word_1_122' title='bbox 827 889 882 925; x_wconf 72' lang='lat' dir='ltr'><strong>Age</strong></span> <span class='ocrx_word' id='word_1_123' title='bbox 898 898 972 925; x_wconf 75' lang='lat' dir='ltr'><strong>ergo,</strong></span> 
     </span>
    </p>
   </div>
   <div class='ocr_carea' id='block_1_19' title="bbox 186 934 974 971">
    <p class='ocr_par' dir='ltr' id='par_1_19' title="bbox 186 934 974 971">
     <span class='ocr_line' id='line_1_19' title="bbox 186 934 974 971; baseline 0.004 -11"><span class='ocrx_word' id='word_1_124' title='bbox 186 935 246 969; x_wconf 82' lang='lat' dir='ltr'><strong>ejus</strong></span> <span class='ocrx_word' id='word_1_125' title='bbox 267 934 353 960; x_wconf 77' lang='lat' dir='ltr'><strong>innixi</strong></span> <span class='ocrx_word' id='word_1_126' title='bbox 378 935 476 962; x_wconf 79' lang='lat' dir='ltr'><strong>virtute</strong></span> <span class='ocrx_word' id='word_1_127' title='bbox 494 935 663 962; x_wconf 79' lang='lat' dir='ltr'><strong>Salvatorem</strong></span> <span class='ocrx_word' id='word_1_128' title='bbox 680 935 822 963; x_wconf 83' lang='lat' dir='ltr'><strong>audiamus</strong></span> <span class='ocrx_word' id='word_1_129' title='bbox 833 936 974 971; x_wconf 87' lang='lat' dir='ltr'><strong>jubentcm</strong></span> 
     </span>
    </p>
   </div>
   <div class='ocr_carea' id='block_1_20' title="bbox 187 981 709 1015">
    <p class='ocr_par' dir='ltr' id='par_1_20' title="bbox 187 981 709 1015">
     <span class='ocr_line' id='line_1_20' title="bbox 187 981 709 1015; baseline 0.002 -9"><span class='ocrx_word' id='word_1_130' title='bbox 187 987 282 1007; x_wconf 88' lang='lat' dir='ltr'><strong>omnes</strong></span> <span class='ocrx_word' id='word_1_131' title='bbox 301 981 409 1008; x_wconf 87' lang='lat' dir='ltr'><strong>concito</strong></span> <span class='ocrx_word' id='word_1_132' title='bbox 426 989 506 1008; x_wconf 88' lang='lat' dir='ltr'><strong>cursu</strong></span> <span class='ocrx_word' id='word_1_133' title='bbox 521 989 550 1008; x_wconf 86' lang='lat' dir='ltr'><strong>se</strong></span> <span class='ocrx_word' id='word_1_134' title='bbox 568 981 709 1015; x_wconf 86' lang='lat' dir='ltr'><strong>subsequi.</strong></span> 
     </span>
    </p>
   </div>
   <div class='ocr_carea' id='block_1_21' title="bbox 225 1031 976 1069">
    <p class='ocr_par' dir='ltr' id='par_1_21' title="bbox 225 1031 976 1069">
     <span class='ocr_line' id='line_1_21' title="bbox 225 1031 976 1069; baseline 0.005 -12"><span class='ocrx_word' id='word_1_135' title='bbox 225 1041 234 1058; x_wconf 73' lang='grc' dir='ltr'><strong>ι</strong></span> <span class='ocrx_word' id='word_1_136' title='bbox 251 1031 328 1066; x_wconf 53' lang='grc' dir='ltr'>»ιλιι</span> <span class='ocrx_word' id='word_1_137' title='bbox 342 1031 490 1059; x_wconf 81' lang='lat' dir='ltr'><strong>Dominus:</strong></span> <span class='ocrx_word' id='word_1_138' title='bbox 509 1031 538 1059; x_wconf 87' lang='lat' dir='ltr'><strong>Si</strong></span> <span class='ocrx_word' id='word_1_139' title='bbox 554 1033 615 1067; x_wconf 86' lang='lat' dir='ltr'><strong>quis</strong></span> <span class='ocrx_word' id='word_1_140' title='bbox 626 1033 682 1060; x_wconf 79' lang='lat' dir='ltr'><strong>vult</strong></span> <span class='ocrx_word' id='word_1_141' title='bbox 699 1039 742 1059; x_wconf 85' lang='lat' dir='ltr'><strong>me</strong></span> <span class='ocrx_word' id='word_1_142' title='bbox 757 1033 846 1068; x_wconf 84' lang='lat' dir='ltr'><strong>sequi,</strong></span> <span class='ocrx_word' id='word_1_143' title='bbox 861 1033 976 1069; x_wconf 71' lang='lat' dir='ltr'><strong>deneget</strong></span> 
     </span>
    </p>
   </div>
   <div class='ocr_carea' id='block_1_22' title="bbox 186 1077 975 1114">
    <p class='ocr_par' dir='ltr' id='par_1_22' title="bbox 186 1077 975 1114">
     <span class='ocr_line' id='line_1_22' title="bbox 186 1077 975 1114; baseline 0.005 -10"><span class='ocrx_word' id='word_1_144' title='bbox 186 1077 362 1113; x_wconf 83' lang='lat' dir='ltr'><strong>semetipsum</strong></span> <span class='ocrx_word' id='word_1_145' title='bbox 375 1098 382 1111; x_wconf 88' lang='lat'><strong>,</strong></span> <span class='ocrx_word' id='word_1_146' title='bbox 407 1084 434 1105; x_wconf 91' lang='lat' dir='ltr'><strong>et</strong></span> <span class='ocrx_word' id='word_1_147' title='bbox 454 1078 529 1105; x_wconf 86' lang='lat' dir='ltr'><strong>tollat</strong></span> <span class='ocrx_word' id='word_1_148' title='bbox 546 1086 654 1106; x_wconf 88' lang='lat' dir='ltr'><strong>crucetn</strong></span> <span class='ocrx_word' id='word_1_149' title='bbox 671 1087 746 1107; x_wconf 85' lang='lat' dir='ltr'><strong>suam</strong></span> <span class='ocrx_word' id='word_1_150' title='bbox 760 1098 769 1111; x_wconf 86' lang='lat'><strong>,</strong></span> <span class='ocrx_word' id='word_1_151' title='bbox 793 1085 820 1107; x_wconf 86' lang='lat' dir='ltr'><strong>et</strong></span> <span class='ocrx_word' id='word_1_152' title='bbox 844 1087 975 1114; x_wconf 77' lang='lat' dir='ltr'><strong>sequatur</strong></span> 
     </span>
    </p>
   </div>
   <div class='ocr_carea' id='block_1_23' title="bbox 187 1124 975 1159">
    <p class='ocr_par' dir='ltr' id='par_1_23' title="bbox 187 1124 975 1159">
     <span class='ocr_line' id='line_1_23' title="bbox 187 1124 975 1159; baseline 0.003 -8"><span class='ocrx_word' id='word_1_153' title='bbox 187 1132 241 1152; x_wconf 89' lang='lat' dir='ltr'><strong>me.</strong></span> <span class='ocrx_word' id='word_1_154' title='bbox 274 1134 284 1151; x_wconf 69' lang='grc' dir='ltr'><strong>ι</strong></span> <span class='ocrx_word' id='word_1_155' title='bbox 313 1124 460 1159; x_wconf 80' lang='lat' dir='ltr'><strong>Postquam</strong></span> <span class='ocrx_word' id='word_1_156' title='bbox 493 1124 620 1153; x_wconf 79' lang='lat' dir='ltr'><strong>Salvator</strong></span> <span class='ocrx_word' id='word_1_157' title='bbox 645 1131 737 1153; x_wconf 84' lang='lat' dir='ltr'><strong>noster</strong></span> <span class='ocrx_word' id='word_1_158' title='bbox 764 1125 844 1154; x_wconf 75' lang='lat' dir='ltr'><strong>Jcsus</strong></span> <span class='ocrx_word' id='word_1_159' title='bbox 873 1127 975 1154; x_wconf 76' lang='lat' dir='ltr'><strong>sanctis</strong></span> 
     </span>
    </p>
   </div>
   <div class='ocr_carea' id='block_1_24' title="bbox 186 1170 974 1206">
    <p class='ocr_par' dir='ltr' id='par_1_24' title="bbox 186 1170 974 1206">
     <span class='ocr_line' id='line_1_24' title="bbox 186 1170 974 1206; baseline 0.001 -8"><span class='ocrx_word' id='word_1_160' title='bbox 186 1170 327 1206; x_wconf 82' lang='lat' dir='ltr'><strong>discipulis</strong></span> <span class='ocrx_word' id='word_1_161' title='bbox 341 1178 372 1197; x_wconf 77' lang='lat' dir='ltr'><strong>ea</strong></span> <span class='ocrx_word' id='word_1_162' title='bbox 391 1178 451 1205; x_wconf 74' lang='lat' dir='ltr'><strong>quae</strong></span> <span class='ocrx_word' id='word_1_163' title='bbox 465 1170 537 1198; x_wconf 88' lang='lat' dir='ltr'><strong>circa</strong></span> <span class='ocrx_word' id='word_1_164' title='bbox 560 1178 671 1198; x_wconf 86' lang='lat' dir='ltr'><strong>crucem</strong></span> <span class='ocrx_word' id='word_1_165' title='bbox 686 1177 710 1199; x_wconf 87' lang='lat' dir='ltr'><strong>et</strong></span> <span class='ocrx_word' id='word_1_166' title='bbox 735 1171 891 1199; x_wconf 78' lang='lat' dir='ltr'><strong>Passioneur</strong></span> <span class='ocrx_word' id='word_1_167' title='bbox 909 1179 974 1199; x_wconf 88' lang='lat' dir='ltr'><strong>ven-</strong></span> 
     </span>
    </p>
   </div>
   <div class='ocr_carea' id='block_1_25' title="bbox 187 1216 975 1253">
    <p class='ocr_par' dir='ltr' id='par_1_25' title="bbox 187 1216 975 1253">
     <span class='ocr_line' id='line_1_25' title="bbox 187 1216 975 1253; baseline 0.005 -11"><span class='ocrx_word' id='word_1_168' title='bbox 187 1221 248 1243; x_wconf 88' lang='lat' dir='ltr'><strong>tura</strong></span> <span class='ocrx_word' id='word_1_169' title='bbox 266 1216 549 1250; x_wconf 69' lang='lat' dir='ltr'><strong>erant,prtedixisset</strong></span> <span class='ocrx_word' id='word_1_170' title='bbox 562 1236 570 1248; x_wconf 86' lang='lat'><strong>,</strong></span> <span class='ocrx_word' id='word_1_171' title='bbox 596 1217 791 1252; x_wconf 87' lang='lat' dir='ltr'><strong>discipulorum</strong></span> <span class='ocrx_word' id='word_1_172' title='bbox 815 1219 975 1253; x_wconf 72' lang='lat' dir='ltr'><strong>coryplraeus</strong></span> 
     </span>
    </p>
   </div>
   <div class='ocr_carea' id='block_1_26' title="bbox 186 1261 973 1298">
    <p class='ocr_par' dir='ltr' id='par_1_26' title="bbox 186 1261 973 1298">
     <span class='ocr_line' id='line_1_26' title="bbox 186 1261 973 1298; baseline 0.005 -10"><span class='ocrx_word' id='word_1_173' title='bbox 186 1261 380 1289; x_wconf 74' lang='lat' dir='ltr'><strong>secretioribus</strong></span> <span class='ocrx_word' id='word_1_174' title='bbox 399 1262 518 1289; x_wconf 80' lang='lat' dir='ltr'><strong>nendum</strong></span> <span class='ocrx_word' id='word_1_175' title='bbox 546 1262 668 1290; x_wconf 83' lang='lat' dir='ltr'><strong>initiatus</strong></span> <span class='ocrx_word' id='word_1_176' title='bbox 693 1264 830 1298; x_wconf 82' lang='lat' dir='ltr'><strong>mysteriis</strong></span> <span class='ocrx_word' id='word_1_177' title='bbox 843 1283 853 1297; x_wconf 77' lang='lat'><strong>,</strong></span> <span class='ocrx_word' id='word_1_178' title='bbox 868 1269 895 1292; x_wconf 86' lang='lat' dir='ltr'><strong>et</strong></span> <span class='ocrx_word' id='word_1_179' title='bbox 914 1272 973 1291; x_wconf 81' lang='lat' dir='ltr'><strong>rna-</strong></span> 
     </span>
    </p>
   </div>
   <div class='ocr_carea' id='block_1_27' title="bbox 186 1306 974 1343">
    <p class='ocr_par' dir='ltr' id='par_1_27' title="bbox 186 1306 974 1343">
     <span class='ocr_line' id='line_1_27' title="bbox 186 1306 974 1343; baseline 0.005 -9"><span class='ocrx_word' id='word_1_180' title='bbox 186 1308 265 1342; x_wconf 80' lang='lat' dir='ltr'><strong>gistri</strong></span> <span class='ocrx_word' id='word_1_181' title='bbox 293 1308 336 1335; x_wconf 91' lang='lat' dir='ltr'><strong>sui</strong></span> <span class='ocrx_word' id='word_1_182' title='bbox 366 1306 464 1335; x_wconf 77' lang='lat' dir='ltr'><strong>aﬂ‘ectu</strong></span> <span class='ocrx_word' id='word_1_183' title='bbox 491 1314 630 1343; x_wconf 86' lang='lat' dir='ltr'><strong>permotus</strong></span> <span class='ocrx_word' id='word_1_184' title='bbox 654 1309 809 1337; x_wconf 83' lang='lat' dir='ltr'><strong>Passionem</strong></span> <span class='ocrx_word' id='word_1_185' title='bbox 830 1312 862 1337; x_wconf 85' lang='lat' dir='ltr'><strong>ab</strong></span> <span class='ocrx_word' id='word_1_186' title='bbox 881 1318 912 1338; x_wconf 89' lang='lat' dir='ltr'><strong>eu</strong></span> <span class='ocrx_word' id='word_1_187' title='bbox 930 1312 974 1338; x_wconf 84' lang='lat' dir='ltr'><strong>de-</strong></span> 
     </span>
    </p>
   </div>
   <div class='ocr_carea' id='block_1_28' title="bbox 188 1353 973 1388">
    <p class='ocr_par' dir='ltr' id='par_1_28' title="bbox 188 1353 973 1388">
     <span class='ocr_line' id='line_1_28' title="bbox 188 1353 973 1388; baseline 0.005 -9"><span class='ocrx_word' id='word_1_188' title='bbox 188 1354 361 1388; x_wconf 81' lang='lat' dir='ltr'><strong>precabatur,</strong></span> <span class='ocrx_word' id='word_1_189' title='bbox 381 1362 390 1378; x_wconf 84' lang='grc'><strong><em>‹</em></strong></span> <span class='ocrx_word' id='word_1_190' title='bbox 406 1353 498 1385; x_wconf 79' lang='lat' dir='ltr'><strong>Absit,</strong></span> <span class='ocrx_word' id='word_1_191' title='bbox 518 1354 643 1388; x_wconf 74' lang='lat' dir='ltr'><strong>inquiens</strong></span> <span class='ocrx_word' id='word_1_192' title='bbox 657 1375 665 1387; x_wconf 86' lang='lat'><strong>,</strong></span> <span class='ocrx_word' id='word_1_193' title='bbox 679 1362 694 1381; x_wconf 88' lang='lat' dir='ltr'><strong>a</strong></span> <span class='ocrx_word' id='word_1_194' title='bbox 711 1359 747 1387; x_wconf 80' lang='lat' dir='ltr'><strong>te,</strong></span> <span class='ocrx_word' id='word_1_195' title='bbox 761 1355 873 1382; x_wconf 88' lang='lat' dir='ltr'><strong>Domine</strong></span> <span class='ocrx_word' id='word_1_196' title='bbox 887 1375 894 1387; x_wconf 93' lang='lat'><strong>,</strong></span> <span class='ocrx_word' id='word_1_197' title='bbox 920 1364 973 1383; x_wconf 87' lang='lat' dir='ltr'><strong>non</strong></span> 
     </span>
    </p>
   </div>
   <div class='ocr_carea' id='block_1_29' title="bbox 187 1398 975 1434">
    <p class='ocr_par' dir='ltr' id='par_1_29' title="bbox 187 1398 975 1434">
     <span class='ocr_line' id='line_1_29' title="bbox 187 1398 975 1434; baseline 0.005 -9"><span class='ocrx_word' id='word_1_198' title='bbox 187 1400 239 1426; x_wconf 91' lang='lat' dir='ltr'><strong>erit</strong></span> <span class='ocrx_word' id='word_1_199' title='bbox 277 1398 324 1425; x_wconf 88' lang='lat' dir='ltr'><strong>tibi</strong></span> <span class='ocrx_word' id='word_1_200' title='bbox 352 1399 402 1426; x_wconf 86' lang='lat' dir='ltr'><strong>hoc</strong></span> <span class='ocrx_word' id='word_1_201' title='bbox 430 1399 463 1426; x_wconf 72' lang='grc' dir='ltr'><strong>θ’.</strong></span> <span class='ocrx_word' id='word_1_202' title='bbox 483 1408 493 1425; x_wconf 71' lang='grc' dir='ltr'><strong>ι</strong></span> <span class='ocrx_word' id='word_1_203' title='bbox 525 1399 609 1434; x_wconf 84' lang='lat' dir='ltr'><strong>Cujus</strong></span> <span class='ocrx_word' id='word_1_204' title='bbox 636 1401 816 1428; x_wconf 83' lang='lat' dir='ltr'><strong>temeritatem</strong></span> <span class='ocrx_word' id='word_1_205' title='bbox 845 1402 975 1429; x_wconf 87' lang='lat' dir='ltr'><strong>Dominus</strong></span> 
     </span>
    </p>
   </div>
   <div class='ocr_carea' id='block_1_30' title="bbox 189 1445 973 1482">
    <p class='ocr_par' dir='ltr' id='par_1_30' title="bbox 189 1445 973 1482">
     <span class='ocr_line' id='line_1_30' title="bbox 189 1445 973 1482; baseline 0.005 -11"><span class='ocrx_word' id='word_1_206' title='bbox 189 1445 289 1472; x_wconf 86' lang='lat' dir='ltr'><strong>acriter</strong></span> <span class='ocrx_word' id='word_1_207' title='bbox 320 1452 379 1471; x_wconf 89' lang='lat' dir='ltr'><strong>cum</strong></span> <span class='ocrx_word' id='word_1_208' title='bbox 408 1445 653 1479; x_wconf 85' lang='lat' dir='ltr'><strong>reprehendisset,</strong></span> <span class='ocrx_word' id='word_1_209' title='bbox 684 1447 717 1474; x_wconf 88' lang='lat' dir='ltr'><strong>ad</strong></span> <span class='ocrx_word' id='word_1_210' title='bbox 746 1454 775 1474; x_wconf 86' lang='lat' dir='ltr'><strong>se</strong></span> <span class='ocrx_word' id='word_1_211' title='bbox 804 1449 973 1482; x_wconf 86' lang='lat' dir='ltr'><strong>sequentium</strong></span> 
     </span>
    </p>
   </div>
   <div class='ocr_carea' id='block_1_31' title="bbox 189 1490 1010 1530">
    <p class='ocr_par' dir='ltr' id='par_1_31' title="bbox 189 1490 1010 1530">
     <span class='ocr_line' id='line_1_31' title="bbox 189 1490 1010 1530; baseline 0.006 -14"><span class='ocrx_word' id='word_1_212' title='bbox 189 1490 388 1518; x_wconf 87' lang='lat' dir='ltr'><strong>multitudinem</strong></span> <span class='ocrx_word' id='word_1_213' title='bbox 405 1498 565 1525; x_wconf 86' lang='lat' dir='ltr'><strong>conversus,</strong></span> <span class='ocrx_word' id='word_1_214' title='bbox 590 1492 663 1519; x_wconf 90' lang='lat' dir='ltr'><strong>hunc</strong></span> <span class='ocrx_word' id='word_1_215' title='bbox 686 1500 838 1520; x_wconf 84' lang='lat' dir='ltr'><strong>sermonem</strong></span> <span class='ocrx_word' id='word_1_216' title='bbox 857 1494 952 1521; x_wconf 82' lang='lat' dir='ltr'><strong>bubuit</strong></span> <span class='ocrx_word' id='word_1_217' title='bbox 965 1503 974 1521; x_wconf 84' lang='grc'>;</span> <span class='ocrx_word' id='word_1_218' title='bbox 990 1503 1010 1530; x_wconf 75' lang='grc' dir='ltr'><em>ε</em></span> 
     </span>
    </p>
   </div>
   <div class='ocr_carea' id='block_1_32' title="bbox 191 1538 976 1575">
    <p class='ocr_par' dir='ltr' id='par_1_32' title="bbox 191 1538 976 1575">
     <span class='ocr_line' id='line_1_32' title="bbox 191 1538 976 1575; baseline 0.005 -10"><span class='ocrx_word' id='word_1_219' title='bbox 191 1547 201 1564; x_wconf 75' lang='grc' dir='ltr'><strong>ι</strong></span> <span class='ocrx_word' id='word_1_220' title='bbox 230 1538 258 1565; x_wconf 84' lang='lat' dir='ltr'><strong>Si</strong></span> <span class='ocrx_word' id='word_1_221' title='bbox 286 1539 348 1572; x_wconf 83' lang='lat' dir='ltr'><strong>quis</strong></span> <span class='ocrx_word' id='word_1_222' title='bbox 366 1538 424 1565; x_wconf 84' lang='lat' dir='ltr'><strong>vult</strong></span> <span class='ocrx_word' id='word_1_223' title='bbox 445 1539 537 1565; x_wconf 80' lang='lat' dir='ltr'><strong>venire</strong></span> <span class='ocrx_word' id='word_1_224' title='bbox 562 1544 623 1574; x_wconf 85' lang='lat' dir='ltr'><strong>post</strong></span> <span class='ocrx_word' id='word_1_225' title='bbox 650 1547 710 1574; x_wconf 87' lang='lat' dir='ltr'><strong>me,</strong></span> <span class='ocrx_word' id='word_1_226' title='bbox 737 1541 852 1575; x_wconf 79' lang='lat' dir='ltr'><strong>abneget</strong></span> <span class='ocrx_word' id='word_1_227' title='bbox 875 1546 976 1569; x_wconf 81' lang='lat' dir='ltr'><strong>semel-</strong></span> 
     </span>
    </p>
   </div>
   <div class='ocr_carea' id='block_1_33' title="bbox 189 1585 977 1623">
    <p class='ocr_par' dir='ltr' id='par_1_33' title="bbox 189 1585 977 1623">
     <span class='ocr_line' id='line_1_33' title="bbox 189 1585 977 1623; baseline 0.004 -9"><span class='ocrx_word' id='word_1_228' title='bbox 189 1587 279 1621; x_wconf 91' lang='lat' dir='ltr'><strong>ipsum</strong></span> <span class='ocrx_word' id='word_1_229' title='bbox 298 1586 332 1613; x_wconf 81' lang='lat'><strong>&quot;.</strong></span> <span class='ocrx_word' id='word_1_230' title='bbox 358 1595 367 1612; x_wconf 86' lang='grc'><strong>›</strong></span> <span class='ocrx_word' id='word_1_231' title='bbox 383 1585 423 1613; x_wconf 82' lang='lat' dir='ltr'><strong>Ad</strong></span> <span class='ocrx_word' id='word_1_232' title='bbox 447 1586 556 1613; x_wconf 87' lang='lat' dir='ltr'><strong>Petrum</strong></span> <span class='ocrx_word' id='word_1_233' title='bbox 583 1588 733 1622; x_wconf 76' lang='lat' dir='ltr'><strong>przecipne,</strong></span> <span class='ocrx_word' id='word_1_234' title='bbox 752 1588 858 1623; x_wconf 90' lang='lat' dir='ltr'><strong>opinor,</strong></span> <span class='ocrx_word' id='word_1_235' title='bbox 875 1591 977 1617; x_wconf 85' lang='lat' dir='ltr'><strong>oratio-</strong></span> 
     </span>
    </p>
   </div>
   <div class='ocr_carea' id='block_1_34' title="bbox 189 1631 975 1667">
    <p class='ocr_par' dir='ltr' id='par_1_34' title="bbox 189 1631 975 1667">
     <span class='ocr_line' id='line_1_34' title="bbox 189 1631 975 1667; baseline 0.005 -9"><span class='ocrx_word' id='word_1_236' title='bbox 189 1639 251 1659; x_wconf 86' lang='lat' dir='ltr'><strong>nem</strong></span> <span class='ocrx_word' id='word_1_237' title='bbox 285 1631 406 1666; x_wconf 74' lang='lat' dir='ltr'><strong>dirigens</strong></span> <span class='ocrx_word' id='word_1_238' title='bbox 436 1631 463 1658; x_wconf 91' lang='lat' dir='ltr'><strong>in</strong></span> <span class='ocrx_word' id='word_1_239' title='bbox 489 1632 558 1659; x_wconf 85' lang='lat' dir='ltr'><strong>hanc</strong></span> <span class='ocrx_word' id='word_1_240' title='bbox 590 1633 784 1667; x_wconf 87' lang='lat' dir='ltr'><strong>propemodum</strong></span> <span class='ocrx_word' id='word_1_241' title='bbox 813 1635 975 1662; x_wconf 87' lang='lat' dir='ltr'><strong>sententiam</strong></span> 
     </span>
    </p>
   </div>
   <div class='ocr_carea' id='block_1_35' title="bbox 190 1675 975 1714">
    <p class='ocr_par' dir='ltr' id='par_1_35' title="bbox 190 1675 975 1714">
     <span class='ocr_line' id='line_1_35' title="bbox 190 1675 975 1714; baseline 0.006 -12"><span class='ocrx_word' id='word_1_242' title='bbox 190 1675 331 1710; x_wconf 88' lang='lat' dir='ltr'><strong>loquitur:</strong></span> <span class='ocrx_word' id='word_1_243' title='bbox 349 1675 408 1703; x_wconf 88' lang='lat' dir='ltr'><strong>Non</strong></span> <span class='ocrx_word' id='word_1_244' title='bbox 434 1683 484 1711; x_wconf 77' lang='lat' dir='ltr'><strong>ego</strong></span> <span class='ocrx_word' id='word_1_245' title='bbox 512 1676 600 1704; x_wconf 89' lang='lat' dir='ltr'><strong>solum</strong></span> <span class='ocrx_word' id='word_1_246' title='bbox 621 1678 654 1704; x_wconf 91' lang='lat' dir='ltr'><strong>ad</strong></span> <span class='ocrx_word' id='word_1_247' title='bbox 673 1677 830 1706; x_wconf 86' lang='lat' dir='ltr'><strong>Passionem</strong></span> <span class='ocrx_word' id='word_1_248' title='bbox 849 1687 975 1714; x_wconf 79' lang='lat' dir='ltr'><strong>propero,</strong></span> 
     </span>
    </p>
   </div>
   <div class='ocr_carea' id='block_1_36' title="bbox 189 1721 974 1758">
    <p class='ocr_par' dir='ltr' id='par_1_36' title="bbox 189 1721 974 1758">
     <span class='ocr_line' id='line_1_36' title="bbox 189 1721 974 1758; baseline 0.005 -11"><span class='ocrx_word' id='word_1_249' title='bbox 189 1722 236 1748; x_wconf 83' lang='lat' dir='ltr'><strong>sc-l</strong></span> <span class='ocrx_word' id='word_1_250' title='bbox 252 1722 284 1748; x_wconf 88' lang='lat' dir='ltr'><strong>ab</strong></span> <span class='ocrx_word' id='word_1_251' title='bbox 298 1721 423 1748; x_wconf 90' lang='lat' dir='ltr'><strong>omnibus</strong></span> <span class='ocrx_word' id='word_1_252' title='bbox 440 1721 574 1755; x_wconf 84' lang='lat' dir='ltr'><strong>cannlent,</strong></span> <span class='ocrx_word' id='word_1_253' title='bbox 587 1729 668 1756; x_wconf 88' lang='lat' dir='ltr'><strong>quam</strong></span> <span class='ocrx_word' id='word_1_254' title='bbox 681 1730 731 1758; x_wconf 80' lang='lat' dir='ltr'><strong>ego</strong></span> <span class='ocrx_word' id='word_1_255' title='bbox 745 1723 829 1750; x_wconf 88' lang='lat' dir='ltr'><strong>subeo</strong></span> <span class='ocrx_word' id='word_1_256' title='bbox 843 1731 956 1752; x_wconf 85' lang='lat' dir='ltr'><strong>mortem</strong></span> <span class='ocrx_word' id='word_1_257' title='bbox 967 1744 974 1758; x_wconf 98' lang='lat'><strong>,</strong></span> 
     </span>
    </p>
   </div>
   <div class='ocr_carea' id='block_1_37' title="bbox 190 1767 973 1805">
    <p class='ocr_par' dir='ltr' id='par_1_37' title="bbox 190 1767 973 1805">
     <span class='ocr_line' id='line_1_37' title="bbox 190 1767 973 1805; baseline 0.005 -11"><span class='ocrx_word' id='word_1_258' title='bbox 190 1767 251 1801; x_wconf 72' lang='lat' dir='ltr'><strong>eligi</strong></span> <span class='ocrx_word' id='word_1_259' title='bbox 280 1767 339 1794; x_wconf 93' lang='lat' dir='ltr'><strong>volo</strong></span> <span class='ocrx_word' id='word_1_260' title='bbox 374 1778 381 1794; x_wconf 87' lang='lat'><strong>:</strong></span> <span class='ocrx_word' id='word_1_261' title='bbox 414 1775 425 1792; x_wconf 80' lang='grc' dir='ltr'><strong>ι</strong></span> <span class='ocrx_word' id='word_1_262' title='bbox 445 1767 550 1802; x_wconf 89' lang='lat' dir='ltr'><strong>Siquis</strong></span> <span class='ocrx_word' id='word_1_263' title='bbox 585 1769 641 1796; x_wconf 91' lang='lat' dir='ltr'><strong>vult</strong></span> <span class='ocrx_word' id='word_1_264' title='bbox 673 1769 766 1797; x_wconf 89' lang='lat' dir='ltr'><strong>venire</strong></span> <span class='ocrx_word' id='word_1_265' title='bbox 797 1773 858 1805; x_wconf 79' lang='lat' dir='ltr'><strong>post</strong></span> <span class='ocrx_word' id='word_1_266' title='bbox 893 1778 973 1798; x_wconf 69' lang='lat' dir='ltr'><strong>me.»</strong></span> 
     </span>
    </p>
   </div>
   <div class='ocr_carea' id='block_1_38' title="bbox 190 1811 974 1848">
    <p class='ocr_par' dir='ltr' id='par_1_38' title="bbox 190 1811 974 1848">
     <span class='ocr_line' id='line_1_38' title="bbox 190 1811 974 1848; baseline 0.003 -9"><span class='ocrx_word' id='word_1_267' title='bbox 190 1811 249 1839; x_wconf 84' lang='lat' dir='ltr'><strong>Non</strong></span> <span class='ocrx_word' id='word_1_268' title='bbox 273 1811 368 1839; x_wconf 76' lang='lat' dir='ltr'><strong>aufem</strong></span> <span class='ocrx_word' id='word_1_269' title='bbox 385 1811 539 1839; x_wconf 85' lang='lat' dir='ltr'><strong>libertatem</strong></span> <span class='ocrx_word' id='word_1_270' title='bbox 552 1832 560 1845; x_wconf 94' lang='lat'><strong>,</strong></span> <span class='ocrx_word' id='word_1_271' title='bbox 578 1816 606 1840; x_wconf 82' lang='lat' dir='ltr'><strong>et</strong></span> <span class='ocrx_word' id='word_1_272' title='bbox 631 1813 672 1841; x_wconf 89' lang='lat' dir='ltr'><strong>sui</strong></span> <span class='ocrx_word' id='word_1_273' title='bbox 691 1814 789 1848; x_wconf 88' lang='lat' dir='ltr'><strong>cuique</strong></span> <span class='ocrx_word' id='word_1_274' title='bbox 814 1815 974 1848; x_wconf 79' lang='lat' dir='ltr'><strong>dominium,</strong></span> 
     </span>
    </p>
   </div>
   <div class='ocr_carea' id='block_1_39' title="bbox 192 1858 976 1896">
    <p class='ocr_par' dir='ltr' id='par_1_39' title="bbox 192 1858 976 1896">
     <span class='ocr_line' id='line_1_39' title="bbox 192 1858 976 1896; baseline 0.004 -12"><span class='ocrx_word' id='word_1_275' title='bbox 192 1859 249 1891; x_wconf 83' lang='lat' dir='ltr'><strong>ait,</strong></span> <span class='ocrx_word' id='word_1_276' title='bbox 266 1865 316 1886; x_wconf 89' lang='lat' dir='ltr'><strong>nec</strong></span> <span class='ocrx_word' id='word_1_277' title='bbox 340 1866 504 1893; x_wconf 77' lang='lat' dir='ltr'><strong>quemquam</strong></span> <span class='ocrx_word' id='word_1_278' title='bbox 527 1858 561 1886; x_wconf 74' lang='lat' dir='ltr'><strong>ad</strong></span> <span class='ocrx_word' id='word_1_279' title='bbox 585 1867 628 1891; x_wconf 82' lang='lat' dir='ltr'><strong>me</strong></span> <span class='ocrx_word' id='word_1_280' title='bbox 648 1860 815 1894; x_wconf 89' lang='lat' dir='ltr'><strong>sequendtnn</strong></span> <span class='ocrx_word' id='word_1_281' title='bbox 838 1868 925 1896; x_wconf 79' lang='lat' dir='ltr'><strong>cogo;</strong></span> <span class='ocrx_word' id='word_1_282' title='bbox 942 1861 976 1887; x_wconf 85' lang='lat' dir='ltr'><strong>ad</strong></span> 
     </span>
    </p>
   </div>
   <div class='ocr_carea' id='block_1_40' title="bbox 191 1901 974 1938">
    <p class='ocr_par' dir='ltr' id='par_1_40' title="bbox 191 1901 974 1938">
     <span class='ocr_line' id='line_1_40' title="bbox 191 1901 974 1938; baseline 0.003 -9"><span class='ocrx_word' id='word_1_283' title='bbox 191 1905 285 1935; x_wconf 79' lang='lat' dir='ltr'><strong>vitam,</strong></span> <span class='ocrx_word' id='word_1_284' title='bbox 304 1907 331 1930; x_wconf 90' lang='lat' dir='ltr'><strong>et</strong></span> <span class='ocrx_word' id='word_1_285' title='bbox 349 1904 500 1937; x_wconf 60' lang='lat' dir='ltr'><strong>praemium,</strong></span> <span class='ocrx_word' id='word_1_286' title='bbox 516 1907 543 1930; x_wconf 84' lang='lat' dir='ltr'><strong>et</strong></span> <span class='ocrx_word' id='word_1_287' title='bbox 567 1903 736 1930; x_wconf 82' lang='lat' dir='ltr'><strong>immutabile</strong></span> <span class='ocrx_word' id='word_1_288' title='bbox 760 1901 870 1938; x_wconf 76' lang='lat' dir='ltr'><strong>regnum</strong></span> <span class='ocrx_word' id='word_1_289' title='bbox 899 1912 974 1931; x_wconf 81' lang='lat' dir='ltr'><strong>voco.</strong></span> 
     </span>
    </p>
   </div>
   <div class='ocr_carea' id='block_1_41' title="bbox 191 1948 977 1983">
    <p class='ocr_par' dir='ltr' id='par_1_41' title="bbox 191 1948 977 1983">
     <span class='ocr_line' id='line_1_41' title="bbox 191 1948 977 1983; baseline 0.001 -8"><span class='ocrx_word' id='word_1_290' title='bbox 191 1948 321 1983; x_wconf 85' lang='lat' dir='ltr'><strong>Quisquis</strong></span> <span class='ocrx_word' id='word_1_291' title='bbox 341 1948 399 1975; x_wconf 75' lang='lat' dir='ltr'><strong>vult</strong></span> <span class='ocrx_word' id='word_1_292' title='bbox 422 1948 587 1982; x_wconf 78' lang='lat' dir='ltr'><strong>incorruptis</strong></span> <span class='ocrx_word' id='word_1_293' title='bbox 605 1948 685 1983; x_wconf 82' lang='lat'><strong>139</strong></span> <span class='ocrx_word' id='word_1_294' title='bbox 699 1948 800 1982; x_wconf 79' lang='lat' dir='ltr'><strong>perfrui</strong></span> <span class='ocrx_word' id='word_1_295' title='bbox 816 1949 911 1981; x_wconf 87' lang='lat' dir='ltr'><strong>bonis,</strong></span> <span class='ocrx_word' id='word_1_296' title='bbox 934 1957 977 1976; x_wconf 90' lang='lat' dir='ltr'><strong>me</strong></span> 
     </span>
    </p>
   </div>
   <div class='ocr_carea' id='block_1_42' title="bbox 191 1992 977 2029">
    <p class='ocr_par' dir='ltr' id='par_1_42' title="bbox 191 1992 977 2029">
     <span class='ocr_line' id='line_1_42' title="bbox 191 1992 977 2029; baseline 0.001 -8"><span class='ocrx_word' id='word_1_297' title='bbox 191 1997 342 2028; x_wconf 73' lang='lat' dir='ltr'><strong>sequatur;</strong></span> <span class='ocrx_word' id='word_1_298' title='bbox 361 1993 478 2028; x_wconf 79' lang='lat' dir='ltr'><strong>abneget</strong></span> <span class='ocrx_word' id='word_1_299' title='bbox 494 1994 679 2028; x_wconf 88' lang='lat' dir='ltr'><strong>semetipsum.</strong></span> <span class='ocrx_word' id='word_1_300' title='bbox 696 1992 749 2021; x_wconf 86' lang='lat' dir='ltr'><strong>Sed</strong></span> <span class='ocrx_word' id='word_1_301' title='bbox 767 1995 901 2029; x_wconf 89' lang='lat' dir='ltr'><strong>quomodo</strong></span> <span class='ocrx_word' id='word_1_302' title='bbox 917 1995 977 2028; x_wconf 87' lang='lat' dir='ltr'><strong>quis</strong></span> 
     </span>
    </p>
   </div>
   <div class='ocr_carea' id='block_1_43' title="bbox 192 2040 974 2075">
    <p class='ocr_par' dir='ltr' id='par_1_43' title="bbox 192 2040 974 2075">
     <span class='ocr_line' id='line_1_43' title="bbox 192 2040 974 2075; baseline 0.001 -8"><span class='ocrx_word' id='word_1_303' title='bbox 192 2040 328 2075; x_wconf 73' lang='lat' dir='ltr'><strong>abnegare</strong></span> <span class='ocrx_word' id='word_1_304' title='bbox 339 2040 457 2074; x_wconf 80' lang='lat' dir='ltr'><strong>seipsqu</strong></span> <span class='ocrx_word' id='word_1_305' title='bbox 470 2044 563 2074; x_wconf 80' lang='lat' dir='ltr'><strong>queat,</strong></span> <span class='ocrx_word' id='word_1_306' title='bbox 573 2040 681 2075; x_wconf 83' lang='lat' dir='ltr'><strong>planum</strong></span> <span class='ocrx_word' id='word_1_307' title='bbox 695 2040 824 2068; x_wconf 76' lang='lat' dir='ltr'><strong>faciemus</strong></span> <span class='ocrx_word' id='word_1_308' title='bbox 835 2041 974 2075; x_wconf 76' lang='lat' dir='ltr'><strong>exemplo:</strong></span> 
     </span>
    </p>
   </div>
   <div class='ocr_carea' id='block_1_44' title="bbox 195 2086 977 2122">
    <p class='ocr_par' dir='ltr' id='par_1_44' title="bbox 195 2086 977 2122">
     <span class='ocr_line' id='line_1_44' title="bbox 195 2086 977 2122; baseline 0.003 -10"><span class='ocrx_word' id='word_1_309' title='bbox 195 2086 228 2113; x_wconf 85' lang='lat' dir='ltr'><strong>Ut</strong></span> <span class='ocrx_word' id='word_1_310' title='bbox 243 2087 265 2112; x_wconf 88' lang='lat' dir='ltr'><strong>si</strong></span> <span class='ocrx_word' id='word_1_311' title='bbox 279 2086 340 2120; x_wconf 87' lang='lat' dir='ltr'><strong>quis</strong></span> <span class='ocrx_word' id='word_1_312' title='bbox 355 2086 549 2113; x_wconf 73' lang='lat' dir='ltr'><strong>amiciSsimum</strong></span> <span class='ocrx_word' id='word_1_313' title='bbox 565 2086 841 2120; x_wconf 76' lang='lat' dir='ltr'><strong>quempiamhabcns,</strong></span> <span class='ocrx_word' id='word_1_314' title='bbox 858 2093 977 2122; x_wconf 86' lang='lat' dir='ltr'><strong>postmo-</strong></span> 
     </span>
    </p>
   </div>
   <div class='ocr_carea' id='block_1_45' title="bbox 192 2131 976 2165">
    <p class='ocr_par' dir='ltr' id='par_1_45' title="bbox 192 2131 976 2165">
     <span class='ocr_line' id='line_1_45' title="bbox 192 2131 976 2165; baseline 0.003 -9"><span class='ocrx_word' id='word_1_315' title='bbox 192 2132 254 2156; x_wconf 89' lang='lat' dir='ltr'><strong>dum</strong></span> <span class='ocrx_word' id='word_1_316' title='bbox 279 2139 343 2158; x_wconf 88' lang='lat' dir='ltr'><strong>casu</strong></span> <span class='ocrx_word' id='word_1_317' title='bbox 373 2131 465 2165; x_wconf 86' lang='lat' dir='ltr'><strong>aliquo</strong></span> <span class='ocrx_word' id='word_1_318' title='bbox 492 2131 702 2163; x_wconf 77' lang='lat' dir='ltr'><strong>interveniente,</strong></span> <span class='ocrx_word' id='word_1_319' title='bbox 725 2131 759 2158; x_wconf 78' lang='lat' dir='ltr'><strong>ab</strong></span> <span class='ocrx_word' id='word_1_320' title='bbox 783 2132 841 2165; x_wconf 84' lang='lat' dir='ltr'><strong>ejus</strong></span> <span class='ocrx_word' id='word_1_321' title='bbox 866 2133 976 2159; x_wconf 86' lang='lat' dir='ltr'><strong>omnino</strong></span> 
     </span>
    </p>
   </div>
   <div class='ocr_carea' id='block_1_46' title="bbox 192 2172 1016 2210">
    <p class='ocr_par' dir='ltr' id='par_1_46' title="bbox 192 2172 1016 2210">
     <span class='ocr_line' id='line_1_46' title="bbox 192 2172 1016 2210; baseline 0.002 -8"><span class='ocrx_word' id='word_1_322' title='bbox 192 2177 339 2202; x_wconf 74' lang='lat' dir='ltr'><strong>abhorreat</strong></span> <span class='ocrx_word' id='word_1_323' title='bbox 357 2176 489 2208; x_wconf 87' lang='lat' dir='ltr'><strong>amicitia,</strong></span> <span class='ocrx_word' id='word_1_324' title='bbox 504 2176 540 2203; x_wconf 84' lang='lat' dir='ltr'><strong>ita</strong></span> <span class='ocrx_word' id='word_1_325' title='bbox 560 2182 588 2203; x_wconf 79' lang='lat' dir='ltr'><strong>ut</strong></span> <span class='ocrx_word' id='word_1_326' title='bbox 602 2177 683 2203; x_wconf 82' lang='lat' dir='ltr'><strong>etiam</strong></span> <span class='ocrx_word' id='word_1_327' title='bbox 701 2177 722 2203; x_wconf 92' lang='lat' dir='ltr'><strong>si</strong></span> <span class='ocrx_word' id='word_1_328' title='bbox 737 2181 861 2203; x_wconf 81' lang='lat' dir='ltr'><strong>vexatum</strong></span> <span class='ocrx_word' id='word_1_329' title='bbox 876 2178 976 2210; x_wconf 78' lang='lat' dir='ltr'><strong>videat,</strong></span> <span class='ocrx_word' id='word_1_330' title='bbox 993 2172 1016 2200; x_wconf 73' lang='grc' dir='ltr'><strong>ι)</strong></span> 
     </span>
    </p>
   </div>
   <div class='ocr_carea' id='block_1_47' title="bbox 192 2221 1000 2257">
    <p class='ocr_par' dir='ltr' id='par_1_47' title="bbox 192 2221 1000 2257">
     <span class='ocr_line' id='line_1_47' title="bbox 192 2221 1000 2257; baseline 0.004 -10"><span class='ocrx_word' id='word_1_331' title='bbox 192 2227 216 2247; x_wconf 88' lang='lat' dir='ltr'><strong>et</strong></span> <span class='ocrx_word' id='word_1_332' title='bbox 233 2221 458 2256; x_wconf 68' lang='lat' dir='ltr'><strong>colaphisctesum</strong></span> <span class='ocrx_word' id='word_1_333' title='bbox 476 2221 498 2256; x_wconf 86' lang='lat' dir='ltr'><strong>(t</strong></span> <span class='ocrx_word' id='word_1_334' title='bbox 506 2222 542 2257; x_wconf 84' lang='lat'><strong>7),</strong></span> <span class='ocrx_word' id='word_1_335' title='bbox 557 2226 584 2249; x_wconf 81' lang='lat' dir='ltr'><strong>et</strong></span> <span class='ocrx_word' id='word_1_336' title='bbox 601 2223 768 2249; x_wconf 85' lang='lat' dir='ltr'><strong>membratim</strong></span> <span class='ocrx_word' id='word_1_337' title='bbox 784 2223 935 2255; x_wconf 81' lang='lat' dir='ltr'><strong>concisum,</strong></span> <span class='ocrx_word' id='word_1_338' title='bbox 950 2228 977 2250; x_wconf 75' lang='lat' dir='ltr'><strong>et</strong></span> <span class='ocrx_word' id='word_1_339' title='bbox 997 2224 1000 2227; x_wconf 86' lang='lat'>&#39;</span> 
     </span>
    </p>
   </div>
   <div class='ocr_carea' id='block_1_48' title="bbox 193 2266 976 2302">
    <p class='ocr_par' dir='ltr' id='par_1_48' title="bbox 193 2266 976 2302">
     <span class='ocr_line' id='line_1_48' title="bbox 193 2266 976 2302; baseline 0.005 -10"><span class='ocrx_word' id='word_1_340' title='bbox 193 2266 341 2298; x_wconf 64' lang='lat' dir='ltr'><strong>laniatum,</strong></span> <span class='ocrx_word' id='word_1_341' title='bbox 357 2273 384 2294; x_wconf 91' lang='lat' dir='ltr'><strong>et</strong></span> <span class='ocrx_word' id='word_1_342' title='bbox 411 2267 477 2294; x_wconf 86' lang='lat' dir='ltr'><strong>rotis</strong></span> <span class='ocrx_word' id='word_1_343' title='bbox 503 2267 640 2302; x_wconf 85' lang='lat' dir='ltr'><strong>variisque</strong></span> <span class='ocrx_word' id='word_1_344' title='bbox 666 2267 831 2302; x_wconf 78' lang='lat' dir='ltr'><strong>discerptum</strong></span> <span class='ocrx_word' id='word_1_345' title='bbox 857 2273 976 2296; x_wconf 82' lang='lat' dir='ltr'><strong>tormen-</strong></span> 
     </span>
    </p>
   </div>
   <div class='ocr_carea' id='block_1_49' title="bbox 195 2312 976 2348">
    <p class='ocr_par' dir='ltr' id='par_1_49' title="bbox 195 2312 976 2348">
     <span class='ocr_line' id='line_1_49' title="bbox 195 2312 976 2348; baseline 0.004 -10"><span class='ocrx_word' id='word_1_346' title='bbox 195 2318 229 2338; x_wconf 80' lang='lat' dir='ltr'><strong>trs</strong></span> <span class='ocrx_word' id='word_1_347' title='bbox 245 2312 314 2347; x_wconf 75' lang='lat' dir='ltr'><strong>(l8),</strong></span> <span class='ocrx_word' id='word_1_348' title='bbox 330 2312 389 2347; x_wconf 76' lang='lat' dir='ltr'><strong>ejus</strong></span> <span class='ocrx_word' id='word_1_349' title='bbox 403 2313 590 2340; x_wconf 68' lang='lat' dir='ltr'><strong>misericordia</strong></span> <span class='ocrx_word' id='word_1_350' title='bbox 603 2320 655 2340; x_wconf 92' lang='lat' dir='ltr'><strong>non</strong></span> <span class='ocrx_word' id='word_1_351' title='bbox 671 2318 831 2347; x_wconf 73' lang='lat' dir='ltr'><strong>moveatur;</strong></span> <span class='ocrx_word' id='word_1_352' title='bbox 848 2323 907 2341; x_wconf 86' lang='lat' dir='ltr'><strong>cum</strong></span> <span class='ocrx_word' id='word_1_353' title='bbox 921 2316 976 2348; x_wconf 83' lang='lat' dir='ltr'><strong>jam</strong></span> 
     </span>
    </p>
   </div>
   <div class='ocr_carea' id='block_1_50' title="bbox 248 2389 1016 2422">
    <p class='ocr_par' dir='ltr' id='par_1_50' title="bbox 248 2389 1016 2422">
     <span class='ocr_line' id='line_1_50' title="bbox 248 2389 1016 2422; baseline 0.003 -6"><span class='ocrx_word' id='word_1_354' title='bbox 248 2391 269 2406; x_wconf 65' lang='grc' dir='ltr'><strong>το</strong></span> <span class='ocrx_word' id='word_1_355' title='bbox 290 2389 366 2417; x_wconf 69' lang='lat' dir='ltr'><strong>“om.</strong></span> <span class='ocrx_word' id='word_1_356' title='bbox 381 2397 447 2421; x_wconf 68' lang='grc' dir='ltr'>χιιι,</span> <span class='ocrx_word' id='word_1_357' title='bbox 467 2390 509 2416; x_wconf 77' lang='lat' dir='ltr'><strong>l5.</strong></span> <span class='ocrx_word' id='word_1_358' title='bbox 548 2390 569 2406; x_wconf 86' lang='lat'>“</span> <span class='ocrx_word' id='word_1_359' title='bbox 587 2390 681 2418; x_wconf 81' lang='lat' dir='ltr'><strong>Matth.</strong></span> <span class='ocrx_word' id='word_1_360' title='bbox 700 2398 743 2417; x_wconf 79' lang='lat' dir='ltr'><strong>xvi</strong></span> <span class='ocrx_word' id='word_1_361' title='bbox 756 2410 763 2422; x_wconf 90' lang='lat'><strong>,</strong></span> <span class='ocrx_word' id='word_1_362' title='bbox 779 2391 824 2418; x_wconf 60' lang='grc' dir='ltr'>τε.</span> <span class='ocrx_word' id='word_1_363' title='bbox 864 2391 886 2407; x_wconf 84' lang='grc'><strong>⁶¹</strong></span> <span class='ocrx_word' id='word_1_364' title='bbox 901 2390 969 2418; x_wconf 74' lang='lat' dir='ltr'><strong>Ibid.</strong></span> <span class='ocrx_word' id='word_1_365' title='bbox 981 2392 1016 2419; x_wconf 74' lang='grc'><strong>24</strong></span> 
     </span>
    </p>
   </div>
   <div class='ocr_carea' id='block_1_51' title="bbox 786 101 1219 136">
    <p class='ocr_par' dir='ltr' id='par_1_51' title="bbox 786 101 1219 136">
     <span class='ocr_line' id='line_1_51' title="bbox 786 101 1219 136; baseline -0.014 1"><span class='ocrx_word' id='word_1_366' title='bbox 786 103 1031 136; x_wconf 72' lang='grc' dir='ltr'><strong>ΤΗΕΟΡΗΛΝΙΞ</strong></span> <span class='ocrx_word' id='word_1_367' title='bbox 1050 101 1219 132; x_wconf 72' lang='lat' dir='ltr'><strong>CEltAMEI</strong></span> 
     </span>
    </p>
   </div>
   <div class='ocr_carea' id='block_1_52' title="bbox 1024 155 1817 192">
    <p class='ocr_par' dir='ltr' id='par_1_52' title="bbox 1024 155 1817 192">
     <span class='ocr_line' id='line_1_52' title="bbox 1024 155 1817 192; baseline -0.005 -7"><span class='ocrx_word' id='word_1_368' title='bbox 1024 169 1074 191; x_wconf 83' lang='grc' dir='ltr'>σις,</span> <span class='ocrx_word' id='word_1_369' title='bbox 1092 159 1196 190; x_wconf 79' lang='grc' dir='ltr'>Πάντες</span> <span class='ocrx_word' id='word_1_370' title='bbox 1207 158 1255 184; x_wconf 77' lang='grc' dir='ltr'>οὖν</span> <span class='ocrx_word' id='word_1_371' title='bbox 1267 157 1425 192; x_wconf 71' lang='grc' dir='ltr'>στεφανῖται</span> <span class='ocrx_word' id='word_1_372' title='bbox 1440 156 1584 190; x_wconf 78' lang='grc' dir='ltr'>γενώμεθα</span> <span class='ocrx_word' id='word_1_373' title='bbox 1597 164 1604 171; x_wconf 90' lang='grc'><strong>·</strong></span> <span class='ocrx_word' id='word_1_374' title='bbox 1619 155 1721 187; x_wconf 81' lang='grc' dir='ltr'>πάντες</span> <span class='ocrx_word' id='word_1_375' title='bbox 1735 155 1817 190; x_wconf 78' lang='grc' dir='ltr'>νική-</span> 
     </span>
    </p>
   </div>
   <div class='ocr_carea' id='block_1_53' title="bbox 1023 201 1817 240">
    <p class='ocr_par' dir='ltr' id='par_1_53' title="bbox 1023 201 1817 240">
     <span class='ocr_line' id='line_1_53' title="bbox 1023 201 1817 240; baseline -0.005 -9"><span class='ocrx_word' id='word_1_376' title='bbox 1023 213 1114 240; x_wconf 76' lang='grc' dir='ltr'>σωμεν</span> <span class='ocrx_word' id='word_1_377' title='bbox 1127 205 1177 240; x_wconf 80' lang='grc' dir='ltr'>τὴν</span> <span class='ocrx_word' id='word_1_378' title='bbox 1194 203 1280 238; x_wconf 79' lang='grc' dir='ltr'>καλὴν</span> <span class='ocrx_word' id='word_1_379' title='bbox 1294 203 1372 237; x_wconf 74' lang='grc' dir='ltr'>νίκην</span> <span class='ocrx_word' id='word_1_380' title='bbox 1393 203 1439 228; x_wconf 68' lang='grc' dir='ltr'><strong>καὶ</strong></span> <span class='ocrx_word' id='word_1_381' title='bbox 1459 201 1639 236; x_wconf 71' lang='grc' dir='ltr'>ἀνεπίφθονον</span> <span class='ocrx_word' id='word_1_382' title='bbox 1651 209 1658 217; x_wconf 83' lang='grc'><em>’</em></span> <span class='ocrx_word' id='word_1_383' title='bbox 1673 202 1688 228; x_wconf 99' lang='lat'><strong>6</strong></span> <span class='ocrx_word' id='word_1_384' title='bbox 1702 201 1752 236; x_wconf 77' lang='grc' dir='ltr'>μὲν</span> <span class='ocrx_word' id='word_1_385' title='bbox 1765 202 1817 235; x_wconf 82' lang='grc' dir='ltr'><strong>ὲγ-</strong></span> 
     </span>
    </p>
   </div>
   <div class='ocr_carea' id='block_1_54' title="bbox 1020 246 1816 286">
    <p class='ocr_par' dir='ltr' id='par_1_54' title="bbox 1020 246 1816 286">
     <span class='ocr_line' id='line_1_54' title="bbox 1020 246 1816 286; baseline -0.004 -10"><span class='ocrx_word' id='word_1_386' title='bbox 1020 250 1136 286; x_wconf 71' lang='grc' dir='ltr'>κρατείᾳ</span> <span class='ocrx_word' id='word_1_387' title='bbox 1153 249 1340 284; x_wconf 77' lang='grc' dir='ltr'>ὲπιτεταμένῃ</span> <span class='ocrx_word' id='word_1_388' title='bbox 1366 247 1562 282; x_wconf 78' lang='grc' dir='ltr'>ὑπερϐαλλέτω</span> <span class='ocrx_word' id='word_1_389' title='bbox 1584 246 1630 274; x_wconf 72' lang='grc' dir='ltr'>τὸν</span> <span class='ocrx_word' id='word_1_390' title='bbox 1645 247 1751 282; x_wconf 79' lang='grc' dir='ltr'>ἕτερον,</span> <span class='ocrx_word' id='word_1_391' title='bbox 1765 247 1816 273; x_wconf 80' lang='grc' dir='ltr'>λε-</span> 
     </span>
    </p>
   </div>
   <div class='ocr_carea' id='block_1_55' title="bbox 1020 293 1817 331">
    <p class='ocr_par' dir='ltr' id='par_1_55' title="bbox 1020 293 1817 331">
     <span class='ocr_line' id='line_1_55' title="bbox 1020 293 1817 331; baseline -0.004 -9"><span class='ocrx_word' id='word_1_392' title='bbox 1020 297 1075 331; x_wconf 81' lang='grc' dir='ltr'>πτῇ</span> <span class='ocrx_word' id='word_1_393' title='bbox 1092 295 1183 330; x_wconf 82' lang='grc' dir='ltr'><strong>διαίτῃ</strong></span> <span class='ocrx_word' id='word_1_394' title='bbox 1200 295 1379 328; x_wconf 84' lang='grc' dir='ltr'>καταπνίγων</span> <span class='ocrx_word' id='word_1_395' title='bbox 1391 295 1435 321; x_wconf 68' lang='grc' dir='ltr'><strong>τδν</strong></span> <span class='ocrx_word' id='word_1_396' title='bbox 1460 294 1542 328; x_wconf 67' lang='grc' dir='ltr'>ὄγκον</span> <span class='ocrx_word' id='word_1_397' title='bbox 1555 293 1602 320; x_wconf 82' lang='grc' dir='ltr'>τοῦ</span> <span class='ocrx_word' id='word_1_398' title='bbox 1631 293 1758 328; x_wconf 81' lang='grc' dir='ltr'>σώματος</span> <span class='ocrx_word' id='word_1_399' title='bbox 1771 302 1779 309; x_wconf 88' lang='grc'><strong>·</strong></span> <span class='ocrx_word' id='word_1_400' title='bbox 1799 293 1817 319; x_wconf 85' lang='grc' dir='ltr'>ὁ</span> 
     </span>
    </p>
   </div>
   <div class='ocr_carea' id='block_1_56' title="bbox 1020 340 1819 377">
    <p class='ocr_par' dir='ltr' id='par_1_56' title="bbox 1020 340 1819 377">
     <span class='ocr_line' id='line_1_56' title="bbox 1020 340 1819 377; baseline -0.006 -8"><span class='ocrx_word' id='word_1_401' title='bbox 1020 343 1049 369; x_wconf 76' lang='grc' dir='ltr'>δὲ</span> <span class='ocrx_word' id='word_1_402' title='bbox 1064 342 1142 377; x_wconf 79' lang='grc' dir='ltr'>νικᾷν</span> <span class='ocrx_word' id='word_1_403' title='bbox 1158 340 1312 375; x_wconf 77' lang='grc' dir='ltr'><strong>ἐπειγέσθω</strong></span> <span class='ocrx_word' id='word_1_404' title='bbox 1327 341 1366 375; x_wconf 74' lang='grc' dir='ltr'>τῷ</span> <span class='ocrx_word' id='word_1_405' title='bbox 1380 340 1507 374; x_wconf 78' lang='grc' dir='ltr'>ἀφθόνως</span> <span class='ocrx_word' id='word_1_406' title='bbox 1522 341 1579 371; x_wconf 85' lang='grc' dir='ltr'>τοῖς</span> <span class='ocrx_word' id='word_1_407' title='bbox 1599 340 1715 374; x_wconf 75' lang='grc' dir='ltr'>πένησιν</span> <span class='ocrx_word' id='word_1_408' title='bbox 1725 340 1819 373; x_wconf 79' lang='grc' dir='ltr'>ἐπαρ-</span> 
     </span>
    </p>
   </div>
   <div class='ocr_carea' id='block_1_57' title="bbox 1020 386 1816 423">
    <p class='ocr_par' dir='ltr' id='par_1_57' title="bbox 1020 386 1816 423">
     <span class='ocr_line' id='line_1_57' title="bbox 1020 386 1816 423; baseline -0.004 -8"><span class='ocrx_word' id='word_1_409' title='bbox 1020 390 1090 419; x_wconf 84' lang='grc' dir='ltr'>κεῖν,</span> <span class='ocrx_word' id='word_1_410' title='bbox 1111 389 1157 414; x_wconf 80' lang='grc' dir='ltr'><strong>καὶ</strong></span> <span class='ocrx_word' id='word_1_411' title='bbox 1173 388 1211 423; x_wconf 78' lang='grc' dir='ltr'>τῷ</span> <span class='ocrx_word' id='word_1_412' title='bbox 1225 389 1275 422; x_wconf 76' lang='grc' dir='ltr'>τῆς</span> <span class='ocrx_word' id='word_1_413' title='bbox 1292 386 1480 422; x_wconf 74' lang='grc' dir='ltr'>ἑλεημοσύνης</span> <span class='ocrx_word' id='word_1_414' title='bbox 1495 387 1578 422; x_wconf 77' lang='grc' dir='ltr'>ἐλαίῳ</span> <span class='ocrx_word' id='word_1_415' title='bbox 1592 386 1791 421; x_wconf 71' lang='grc' dir='ltr'><strong>φαιδρύνεσθαι</strong></span> <span class='ocrx_word' id='word_1_416' title='bbox 1807 394 1816 400; x_wconf 91' lang='grc'>·</span> 
     </span>
    </p>
   </div>
   <div class='ocr_carea' id='block_1_58' title="bbox 1020 432 1820 469">
    <p class='ocr_par' dir='ltr' id='par_1_58' title="bbox 1020 432 1820 469">
     <span class='ocr_line' id='line_1_58' title="bbox 1020 432 1820 469; baseline -0.004 -8"><span class='ocrx_word' id='word_1_417' title='bbox 1020 436 1113 469; x_wconf 77' lang='grc' dir='ltr'>ἕτερος</span> <span class='ocrx_word' id='word_1_418' title='bbox 1150 433 1366 469; x_wconf 79' lang='grc' dir='ltr'>μακροθυμεῐτω</span> <span class='ocrx_word' id='word_1_419' title='bbox 1396 433 1443 459; x_wconf 70' lang='grc' dir='ltr'><strong>ἐπὶ</strong></span> <span class='ocrx_word' id='word_1_420' title='bbox 1473 433 1530 464; x_wconf 87' lang='grc' dir='ltr'>τοῖς</span> <span class='ocrx_word' id='word_1_421' title='bbox 1558 432 1713 464; x_wconf 75' lang='grc' dir='ltr'><strong>πταίουσιν,</strong></span> <span class='ocrx_word' id='word_1_422' title='bbox 1732 432 1820 459; x_wconf 80' lang='grc' dir='ltr'><strong>ἵλεων</strong></span> 
     </span>
    </p>
   </div>
   <div class='ocr_carea' id='block_1_59' title="bbox 1021 478 1819 515">
    <p class='ocr_par' dir='ltr' id='par_1_59' title="bbox 1021 478 1819 515">
     <span class='ocr_line' id='line_1_59' title="bbox 1021 478 1819 515; baseline -0.005 -7"><span class='ocrx_word' id='word_1_423' title='bbox 1021 481 1097 515; x_wconf 71' lang='grc' dir='ltr'>αὐτῷ</span> <span class='ocrx_word' id='word_1_424' title='bbox 1113 481 1159 506; x_wconf 69' lang='grc' dir='ltr'><strong>τὸν</strong></span> <span class='ocrx_word' id='word_1_425' title='bbox 1171 481 1313 514; x_wconf 70' lang='grc' dir='ltr'>Δεσπότην</span> <span class='ocrx_word' id='word_1_426' title='bbox 1335 478 1572 514; x_wconf 79' lang='grc' dir='ltr'>ἀπεργαζόμενος.</span> <span class='ocrx_word' id='word_1_427' title='bbox 1598 478 1714 511; x_wconf 78' lang='grc' dir='ltr'>Πάντες,</span> <span class='ocrx_word' id='word_1_428' title='bbox 1744 487 1754 504; x_wconf 76' lang='grc' dir='ltr'><strong>ε</strong></span> <span class='ocrx_word' id='word_1_429' title='bbox 1774 478 1819 510; x_wconf 79' lang='grc' dir='ltr'>ὡς</span> 
     </span>
    </p>
   </div>
   <div class='ocr_carea' id='block_1_60' title="bbox 1021 525 1820 562">
    <p class='ocr_par' dir='ltr' id='par_1_60' title="bbox 1021 525 1820 562">
     <span class='ocr_line' id='line_1_60' title="bbox 1021 525 1820 562; baseline -0.003 -9"><span class='ocrx_word' id='word_1_430' title='bbox 1021 528 1050 553; x_wconf 82' lang='grc' dir='ltr'><strong>ἐν</strong></span> <span class='ocrx_word' id='word_1_431' title='bbox 1080 526 1171 562; x_wconf 77' lang='grc' dir='ltr'>ἡμέρᾳ</span> <span class='ocrx_word' id='word_1_432' title='bbox 1187 526 1362 561; x_wconf 63' lang='grc' dir='ltr'>ενῦσχημᾶνως</span> <span class='ocrx_word' id='word_1_433' title='bbox 1380 535 1389 551; x_wconf 79' lang='grc' dir='ltr'><strong>ι</strong></span> <span class='ocrx_word' id='word_1_434' title='bbox 1407 526 1642 560; x_wconf 83' lang='grc' dir='ltr'>περιπατήσωμεν</span> <span class='ocrx_word' id='word_1_435' title='bbox 1654 545 1662 556; x_wconf 86' lang='grc'><strong>,</strong></span> <span class='ocrx_word' id='word_1_436' title='bbox 1681 526 1753 552; x_wconf 83' lang='grc' dir='ltr'>κατά</span> <span class='ocrx_word' id='word_1_437' title='bbox 1764 525 1820 560; x_wconf 79' lang='grc' dir='ltr'>τὴν</span> 
     </span>
    </p>
   </div>
   <div class='ocr_carea' id='block_1_61' title="bbox 1025 570 1818 606">
    <p class='ocr_par' dir='ltr' id='par_1_61' title="bbox 1025 570 1818 606">
     <span class='ocr_line' id='line_1_61' title="bbox 1025 570 1818 606; baseline -0.003 -8"><span class='ocrx_word' id='word_1_438' title='bbox 1025 571 1222 606; x_wconf 69' lang='grc' dir='ltr'>Ἀποστολικὴν</span> <span class='ocrx_word' id='word_1_439' title='bbox 1239 571 1341 606; x_wconf 72' lang='grc' dir='ltr'>φωνήν.</span> <span class='ocrx_word' id='word_1_440' title='bbox 1355 570 1411 596; x_wconf 84' lang='grc' dir='ltr'><strong>Νῦν</strong></span> <span class='ocrx_word' id='word_1_441' title='bbox 1420 570 1536 605; x_wconf 77' lang='grc' dir='ltr'><strong>ἀνατολὴ</strong></span> <span class='ocrx_word' id='word_1_442' title='bbox 1556 570 1651 604; x_wconf 82' lang='grc' dir='ltr'>γέγονε</span> <span class='ocrx_word' id='word_1_443' title='bbox 1667 572 1726 602; x_wconf 84' lang='grc' dir='ltr'>ταῖς</span> <span class='ocrx_word' id='word_1_444' title='bbox 1742 571 1818 606; x_wconf 73' lang='grc' dir='ltr'>ἠμε-</span> 
     </span>
    </p>
   </div>
   <div class='ocr_carea' id='block_1_62' title="bbox 1022 616 1823 653">
    <p class='ocr_par' dir='ltr' id='par_1_62' title="bbox 1022 616 1823 653">
     <span class='ocr_line' id='line_1_62' title="bbox 1022 616 1823 653; baseline -0.002 -9"><span class='ocrx_word' id='word_1_445' title='bbox 1022 619 1115 653; x_wconf 84' lang='grc' dir='ltr'>τέραις</span> <span class='ocrx_word' id='word_1_446' title='bbox 1127 618 1239 653; x_wconf 74' lang='grc' dir='ltr'><strong>ψυχαῖς,</strong></span> <span class='ocrx_word' id='word_1_447' title='bbox 1254 617 1305 652; x_wconf 85' lang='grc' dir='ltr'>τῆς</span> <span class='ocrx_word' id='word_1_448' title='bbox 1323 617 1420 648; x_wconf 81' lang='grc' dir='ltr'>νυκτὸς</span> <span class='ocrx_word' id='word_1_449' title='bbox 1437 617 1511 652; x_wconf 76' lang='grc' dir='ltr'>ἡμᾶς</span> <span class='ocrx_word' id='word_1_450' title='bbox 1522 616 1577 643; x_wconf 78' lang='grc' dir='ltr'><strong>τῶν</strong></span> <span class='ocrx_word' id='word_1_451' title='bbox 1587 616 1681 643; x_wconf 85' lang='grc' dir='ltr'>παθῶν</span> <span class='ocrx_word' id='word_1_452' title='bbox 1694 617 1823 652; x_wconf 79' lang='grc' dir='ltr'>ἀποστή-</span> 
     </span>
    </p>
   </div>
   <div class='ocr_carea' id='block_1_63' title="bbox 1023 661 1822 696">
    <p class='ocr_par' dir='ltr' id='par_1_63' title="bbox 1023 661 1822 696">
     <span class='ocr_line' id='line_1_63' title="bbox 1023 661 1822 696; baseline -0.004 -6"><span class='ocrx_word' id='word_1_453' title='bbox 1023 663 1164 690; x_wconf 70' lang='grc' dir='ltr'>σασα.Νῦν</span> <span class='ocrx_word' id='word_1_454' title='bbox 1179 664 1193 689; x_wconf 88' lang='grc' dir='ltr'>ὁ</span> <span class='ocrx_word' id='word_1_455' title='bbox 1205 662 1267 694; x_wconf 84' lang='grc' dir='ltr'>νοῦς</span> <span class='ocrx_word' id='word_1_456' title='bbox 1279 662 1323 688; x_wconf 67' lang='grc' dir='ltr'>διὰ</span> <span class='ocrx_word' id='word_1_457' title='bbox 1339 661 1387 696; x_wconf 78' lang='grc' dir='ltr'>τῆς</span> <span class='ocrx_word' id='word_1_458' title='bbox 1402 662 1531 695; x_wconf 76' lang='grc' dir='ltr'><strong>νηστείας</strong></span> <span class='ocrx_word' id='word_1_459' title='bbox 1548 661 1734 696; x_wconf 79' lang='grc' dir='ltr'>αὺγαζόμενος</span> <span class='ocrx_word' id='word_1_460' title='bbox 1747 661 1822 696; x_wconf 74' lang='grc' dir='ltr'>τηλ-</span> 
     </span>
    </p>
   </div>
   <div class='ocr_carea' id='block_1_64' title="bbox 1021 707 1824 743">
    <p class='ocr_par' dir='ltr' id='par_1_64' title="bbox 1021 707 1824 743">
     <span class='ocr_line' id='line_1_64' title="bbox 1021 707 1824 743; baseline -0.002 -8"><span class='ocrx_word' id='word_1_461' title='bbox 1021 708 1114 743; x_wconf 83' lang='grc' dir='ltr'>αυγῶς</span> <span class='ocrx_word' id='word_1_462' title='bbox 1143 708 1308 740; x_wconf 76' lang='grc' dir='ltr'>ὲνατενίζειν</span> <span class='ocrx_word' id='word_1_463' title='bbox 1337 708 1377 743; x_wconf 87' lang='grc' dir='ltr'><strong>τῷ</strong></span> <span class='ocrx_word' id='word_1_464' title='bbox 1416 707 1506 743; x_wconf 81' lang='grc' dir='ltr'><strong>νοητῷ</strong></span> <span class='ocrx_word' id='word_1_465' title='bbox 1527 707 1596 741; x_wconf 74' lang='grc' dir='ltr'>φωτὶ</span> <span class='ocrx_word' id='word_1_466' title='bbox 1611 707 1734 737; x_wconf 76' lang='grc' dir='ltr'>δύναται,</span> <span class='ocrx_word' id='word_1_467' title='bbox 1765 708 1824 733; x_wconf 70' lang='grc' dir='ltr'><strong>ἒπ-</strong></span> 
     </span>
    </p>
   </div>
   <div class='ocr_carea' id='block_1_65' title="bbox 1024 751 1826 791">
    <p class='ocr_par' dir='ltr' id='par_1_65' title="bbox 1024 751 1826 791">
     <span class='ocr_line' id='line_1_65' title="bbox 1024 751 1826 791; baseline -0.004 -10"><span class='ocrx_word' id='word_1_468' title='bbox 1024 755 1095 790; x_wconf 83' lang='grc' dir='ltr'>έχων</span> <span class='ocrx_word' id='word_1_469' title='bbox 1123 755 1173 789; x_wconf 81' lang='grc' dir='ltr'>μὲν</span> <span class='ocrx_word' id='word_1_470' title='bbox 1187 754 1235 785; x_wconf 81' lang='grc' dir='ltr'><strong>τὰς</strong></span> <span class='ocrx_word' id='word_1_471' title='bbox 1259 754 1348 791; x_wconf 83' lang='grc' dir='ltr'>ὁρμὰς</span> <span class='ocrx_word' id='word_1_472' title='bbox 1364 755 1414 788; x_wconf 85' lang='grc' dir='ltr'>τῆς</span> <span class='ocrx_word' id='word_1_473' title='bbox 1434 754 1546 788; x_wconf 71' lang='grc' dir='ltr'>σαρκὸς,</span> <span class='ocrx_word' id='word_1_474' title='bbox 1562 753 1707 788; x_wconf 82' lang='grc' dir='ltr'>δεχόμενος</span> <span class='ocrx_word' id='word_1_475' title='bbox 1722 753 1753 779; x_wconf 84' lang='grc' dir='ltr'>δὲ</span> <span class='ocrx_word' id='word_1_476' title='bbox 1768 751 1826 778; x_wconf 77' lang='grc' dir='ltr'>τοῦ</span> 
     </span>
    </p>
   </div>
   <div class='ocr_carea' id='block_1_66' title="bbox 1023 799 1824 836">
    <p class='ocr_par' dir='ltr' id='par_1_66' title="bbox 1023 799 1824 836">
     <span class='ocr_line' id='line_1_66' title="bbox 1023 799 1824 836; baseline -0.002 -9"><span class='ocrx_word' id='word_1_477' title='bbox 1023 800 1179 836; x_wconf 82' lang='grc' dir='ltr'>πνεύματος</span> <span class='ocrx_word' id='word_1_478' title='bbox 1209 800 1258 832; x_wconf 75' lang='grc' dir='ltr'><strong>τὰς</strong></span> <span class='ocrx_word' id='word_1_479' title='bbox 1284 799 1372 833; x_wconf 69' lang='grc' dir='ltr'>αὐγάς</span> <span class='ocrx_word' id='word_1_480' title='bbox 1386 808 1392 814; x_wconf 89' lang='grc'>·</span> <span class='ocrx_word' id='word_1_481' title='bbox 1409 799 1440 826; x_wconf 78' lang='grc' dir='ltr'>τὸ</span> <span class='ocrx_word' id='word_1_482' title='bbox 1462 799 1520 834; x_wconf 78' lang='grc' dir='ltr'>πῦρ</span> <span class='ocrx_word' id='word_1_483' title='bbox 1531 799 1668 826; x_wconf 83' lang='grc' dir='ltr'>σὸεννύων</span> <span class='ocrx_word' id='word_1_484' title='bbox 1681 799 1735 825; x_wconf 85' lang='grc' dir='ltr'>τῶν</span> <span class='ocrx_word' id='word_1_485' title='bbox 1752 799 1824 834; x_wconf 78' lang='grc' dir='ltr'>ἡδο-</span> 
     </span>
    </p>
   </div>
   <div class='ocr_carea' id='block_1_67' title="bbox 1026 844 1824 881">
    <p class='ocr_par' dir='ltr' id='par_1_67' title="bbox 1026 844 1824 881">
     <span class='ocr_line' id='line_1_67' title="bbox 1026 844 1824 881; baseline -0.003 -9"><span class='ocrx_word' id='word_1_486' title='bbox 1026 846 1090 879; x_wconf 92' lang='grc' dir='ltr'>νῶν,</span> <span class='ocrx_word' id='word_1_487' title='bbox 1106 846 1137 872; x_wconf 70' lang='grc' dir='ltr'>τὸ</span> <span class='ocrx_word' id='word_1_488' title='bbox 1154 845 1210 881; x_wconf 84' lang='grc' dir='ltr'><strong>πῦρ</strong></span> <span class='ocrx_word' id='word_1_489' title='bbox 1226 845 1355 872; x_wconf 81' lang='grc' dir='ltr'><strong>ἀνάπτων</strong></span> <span class='ocrx_word' id='word_1_490' title='bbox 1384 844 1438 871; x_wconf 85' lang='grc' dir='ltr'><strong>τῶν</strong></span> <span class='ocrx_word' id='word_1_491' title='bbox 1468 844 1586 880; x_wconf 85' lang='grc' dir='ltr'>ἀρετῶν.</span> <span class='ocrx_word' id='word_1_492' title='bbox 1612 844 1726 871; x_wconf 79' lang='grc' dir='ltr'>Πάντων</span> <span class='ocrx_word' id='word_1_493' title='bbox 1750 845 1824 878; x_wconf 75' lang='grc' dir='ltr'>ἡμῖν</span> 
     </span>
    </p>
   </div>
   <div class='ocr_carea' id='block_1_68' title="bbox 1025 887 1824 927">
    <p class='ocr_par' dir='ltr' id='par_1_68' title="bbox 1025 887 1824 927">
     <span class='ocr_line' id='line_1_68' title="bbox 1025 887 1824 927; baseline -0.005 -8"><span class='ocrx_word' id='word_1_494' title='bbox 1025 892 1136 927; x_wconf 80' lang='grc' dir='ltr'><strong>ἀγαθῶν</strong></span> <span class='ocrx_word' id='word_1_495' title='bbox 1149 894 1165 926; x_wconf 83' lang='grc' dir='ltr'>ὴ</span> <span class='ocrx_word' id='word_1_496' title='bbox 1185 891 1301 926; x_wconf 82' lang='grc' dir='ltr'><strong>νηστεία</strong></span> <span class='ocrx_word' id='word_1_497' title='bbox 1319 890 1474 926; x_wconf 81' lang='grc' dir='ltr'>καθέστηκε</span> <span class='ocrx_word' id='word_1_498' title='bbox 1486 890 1629 924; x_wconf 77' lang='grc' dir='ltr'><strong>πρόξενος.</strong></span> <span class='ocrx_word' id='word_1_499' title='bbox 1644 890 1712 924; x_wconf 82' lang='grc' dir='ltr'><strong>Ἀγε</strong></span> <span class='ocrx_word' id='word_1_500' title='bbox 1724 890 1759 925; x_wconf 81' lang='grc' dir='ltr'>δὴ</span> <span class='ocrx_word' id='word_1_501' title='bbox 1771 887 1824 915; x_wconf 81' lang='grc' dir='ltr'>οὗν</span> 
     </span>
    </p>
   </div>
   <div class='ocr_carea' id='block_1_69' title="bbox 1024 935 1825 974">
    <p class='ocr_par' dir='ltr' id='par_1_69' title="bbox 1024 935 1825 974">
     <span class='ocr_line' id='line_1_69' title="bbox 1024 935 1825 974; baseline -0.004 -9"><span class='ocrx_word' id='word_1_502' title='bbox 1024 939 1112 974; x_wconf 75' lang='grc' dir='ltr'>ταύτῃ</span> <span class='ocrx_word' id='word_1_503' title='bbox 1127 938 1342 972; x_wconf 82' lang='grc' dir='ltr'>ὲπερειδόμενοι,</span> <span class='ocrx_word' id='word_1_504' title='bbox 1354 937 1401 967; x_wconf 73' lang='grc' dir='ltr'><strong>τοῦ</strong></span> <span class='ocrx_word' id='word_1_505' title='bbox 1412 937 1539 972; x_wconf 78' lang='grc' dir='ltr'><strong>Σωτῆρος</strong></span> <span class='ocrx_word' id='word_1_506' title='bbox 1558 936 1720 971; x_wconf 82' lang='grc' dir='ltr'>ἀκούσωμεν</span> <span class='ocrx_word' id='word_1_507' title='bbox 1730 935 1825 963; x_wconf 76' lang='grc' dir='ltr'>αὑτοῦ</span> 
     </span>
    </p>
   </div>
   <div class='ocr_carea' id='block_1_70' title="bbox 1027 983 1531 1020">
    <p class='ocr_par' dir='ltr' id='par_1_70' title="bbox 1027 983 1531 1020">
     <span class='ocr_line' id='line_1_70' title="bbox 1027 983 1531 1020; baseline -0.006 -9"><span class='ocrx_word' id='word_1_508' title='bbox 1027 983 1222 1020; x_wconf 75' lang='grc' dir='ltr'><strong>προτροπάδην</strong></span> <span class='ocrx_word' id='word_1_509' title='bbox 1240 983 1345 1014; x_wconf 78' lang='grc' dir='ltr'><strong>πάντας</strong></span> <span class='ocrx_word' id='word_1_510' title='bbox 1363 983 1531 1014; x_wconf 82' lang='grc' dir='ltr'>κελεύοντος.</span> 
     </span>
    </p>
   </div>
   <div class='ocr_carea' id='block_1_71' title="bbox 1063 1029 1825 1066">
    <p class='ocr_par' dir='ltr' id='par_1_71' title="bbox 1063 1029 1825 1066">
     <span class='ocr_line' id='line_1_71' title="bbox 1063 1029 1825 1066; baseline -0.003 -9"><span class='ocrx_word' id='word_1_511' title='bbox 1063 1041 1072 1057; x_wconf 76' lang='grc' dir='ltr'><strong>ι</strong></span> <span class='ocrx_word' id='word_1_512' title='bbox 1094 1029 1178 1058; x_wconf 77' lang='grc' dir='ltr'>Εἶπεν</span> <span class='ocrx_word' id='word_1_513' title='bbox 1196 1032 1209 1057; x_wconf 90' lang='lat'><strong>6</strong></span> <span class='ocrx_word' id='word_1_514' title='bbox 1227 1030 1329 1066; x_wconf 78' lang='grc' dir='ltr'>Κύριος</span> <span class='ocrx_word' id='word_1_515' title='bbox 1342 1038 1348 1045; x_wconf 90' lang='grc'><strong>·</strong></span> <span class='ocrx_word' id='word_1_516' title='bbox 1371 1029 1466 1061; x_wconf 85' lang='grc' dir='ltr'><strong>Ὅστις</strong></span> <span class='ocrx_word' id='word_1_517' title='bbox 1484 1030 1556 1056; x_wconf 84' lang='grc' dir='ltr'><strong>θέλει</strong></span> <span class='ocrx_word' id='word_1_518' title='bbox 1578 1029 1667 1056; x_wconf 75' lang='grc' dir='ltr'>ὀπίσω</span> <span class='ocrx_word' id='word_1_519' title='bbox 1682 1038 1733 1064; x_wconf 86' lang='grc' dir='ltr'>μου</span> <span class='ocrx_word' id='word_1_520' title='bbox 1752 1029 1825 1056; x_wconf 63' lang='lat' dir='ltr'><strong>dum</strong></span> 
     </span>
    </p>
   </div>
   <div class='ocr_carea' id='block_1_72' title="bbox 1025 1075 1826 1112">
    <p class='ocr_par' dir='ltr' id='par_1_72' title="bbox 1025 1075 1826 1112">
     <span class='ocr_line' id='line_1_72' title="bbox 1025 1075 1826 1112; baseline -0.005 -8"><span class='ocrx_word' id='word_1_521' title='bbox 1025 1077 1142 1110; x_wconf 85' lang='grc' dir='ltr'>λουθεῖν,</span> <span class='ocrx_word' id='word_1_522' title='bbox 1157 1076 1366 1112; x_wconf 81' lang='grc' dir='ltr'>ἀπαρνησάσθω</span> <span class='ocrx_word' id='word_1_523' title='bbox 1379 1076 1492 1109; x_wconf 72' lang='grc' dir='ltr'>ἑαυτὸν,</span> <span class='ocrx_word' id='word_1_524' title='bbox 1510 1077 1555 1102; x_wconf 77' lang='grc' dir='ltr'><strong>καὶ</strong></span> <span class='ocrx_word' id='word_1_525' title='bbox 1572 1075 1665 1110; x_wconf 82' lang='grc' dir='ltr'><strong>ἀράτω</strong></span> <span class='ocrx_word' id='word_1_526' title='bbox 1678 1075 1724 1101; x_wconf 66' lang='grc' dir='ltr'><strong>τὸν</strong></span> <span class='ocrx_word' id='word_1_527' title='bbox 1734 1083 1826 1101; x_wconf 78' lang='grc' dir='ltr'>σταυ-</span> 
     </span>
    </p>
   </div>
   <div class='ocr_carea' id='block_1_73' title="bbox 1026 1120 1825 1159">
    <p class='ocr_par' dir='ltr' id='par_1_73' title="bbox 1026 1120 1825 1159">
     <span class='ocr_line' id='line_1_73' title="bbox 1026 1120 1825 1159; baseline -0.004 -9"><span class='ocrx_word' id='word_1_528' title='bbox 1026 1124 1073 1159; x_wconf 76' lang='grc' dir='ltr'>ρὸν</span> <span class='ocrx_word' id='word_1_529' title='bbox 1103 1121 1198 1155; x_wconf 83' lang='grc' dir='ltr'>αὑτοῦ,</span> <span class='ocrx_word' id='word_1_530' title='bbox 1217 1122 1264 1148; x_wconf 70' lang='grc' dir='ltr'><strong>καὶ</strong></span> <span class='ocrx_word' id='word_1_531' title='bbox 1290 1121 1475 1148; x_wconf 78' lang='grc' dir='ltr'><strong>ἀκολουθείτω</strong></span> <span class='ocrx_word' id='word_1_532' title='bbox 1509 1130 1563 1156; x_wconf 80' lang='grc' dir='ltr'>μοι.</span> <span class='ocrx_word' id='word_1_533' title='bbox 1585 1131 1595 1147; x_wconf 75' lang='grc' dir='ltr'><strong>ι</strong></span> <span class='ocrx_word' id='word_1_534' title='bbox 1617 1120 1661 1154; x_wconf 75' lang='grc' dir='ltr'><strong>ἘΞ</strong></span> <span class='ocrx_word' id='word_1_535' title='bbox 1687 1121 1825 1156; x_wconf 77' lang='grc' dir='ltr'><strong>Σωτῆρος</strong></span> 
     </span>
    </p>
   </div>
   <div class='ocr_carea' id='block_1_74' title="bbox 1025 1166 1825 1205">
    <p class='ocr_par' dir='ltr' id='par_1_74' title="bbox 1025 1166 1825 1205">
     <span class='ocr_line' id='line_1_74' title="bbox 1025 1166 1825 1205; baseline -0.004 -9"><span class='ocrx_word' id='word_1_536' title='bbox 1025 1169 1104 1205; x_wconf 79' lang='grc' dir='ltr'>ἡμῶν</span> <span class='ocrx_word' id='word_1_537' title='bbox 1126 1168 1214 1203; x_wconf 83' lang='grc' dir='ltr'>Ἰησοῦ</span> <span class='ocrx_word' id='word_1_538' title='bbox 1230 1169 1286 1199; x_wconf 87' lang='grc' dir='ltr'>τοῖς</span> <span class='ocrx_word' id='word_1_539' title='bbox 1303 1169 1385 1203; x_wconf 85' lang='grc' dir='ltr'>ίεροῖς</span> <span class='ocrx_word' id='word_1_540' title='bbox 1400 1168 1536 1202; x_wconf 69' lang='grc' dir='ltr'>μαθηταῖς</span> <span class='ocrx_word' id='word_1_541' title='bbox 1551 1168 1585 1193; x_wconf 77' lang='grc' dir='ltr'>τὰ</span> <span class='ocrx_word' id='word_1_542' title='bbox 1599 1166 1725 1202; x_wconf 75' lang='grc' dir='ltr'>περὶτοῦ</span> <span class='ocrx_word' id='word_1_543' title='bbox 1735 1175 1825 1193; x_wconf 66' lang='lat' dir='ltr'><strong>stau-</strong></span> 
     </span>
    </p>
   </div>
   <div class='ocr_carea' id='block_1_75' title="bbox 1027 1212 1824 1251">
    <p class='ocr_par' dir='ltr' id='par_1_75' title="bbox 1027 1212 1824 1251">
     <span class='ocr_line' id='line_1_75' title="bbox 1027 1212 1824 1251; baseline -0.004 -10"><span class='ocrx_word' id='word_1_544' title='bbox 1027 1214 1074 1251; x_wconf 84' lang='grc' dir='ltr'>ροῦ</span> <span class='ocrx_word' id='word_1_545' title='bbox 1090 1215 1137 1241; x_wconf 78' lang='grc' dir='ltr'><strong>καὶ</strong></span> <span class='ocrx_word' id='word_1_546' title='bbox 1150 1214 1256 1245; x_wconf 76' lang='grc' dir='ltr'>πάθους</span> <span class='ocrx_word' id='word_1_547' title='bbox 1270 1214 1547 1249; x_wconf 80' lang='grc' dir='ltr'>προεκφωνήσαντος,</span> <span class='ocrx_word' id='word_1_548' title='bbox 1560 1214 1574 1239; x_wconf 82' lang='lat'><strong>6</strong></span> <span class='ocrx_word' id='word_1_549' title='bbox 1589 1213 1741 1248; x_wconf 80' lang='grc' dir='ltr'>κορυφαῖος</span> <span class='ocrx_word' id='word_1_550' title='bbox 1765 1212 1824 1238; x_wconf 77' lang='grc' dir='ltr'><strong>τῶν</strong></span> 
     </span>
    </p>
   </div>
   <div class='ocr_carea' id='block_1_76' title="bbox 1027 1258 1824 1295">
    <p class='ocr_par' dir='ltr' id='par_1_76' title="bbox 1027 1258 1824 1295">
     <span class='ocr_line' id='line_1_76' title="bbox 1027 1258 1824 1295; baseline -0.004 -8"><span class='ocrx_word' id='word_1_551' title='bbox 1027 1260 1159 1295; x_wconf 81' lang='grc' dir='ltr'><strong>μαθητῶν</strong></span> <span class='ocrx_word' id='word_1_552' title='bbox 1172 1260 1213 1286; x_wconf 77' lang='grc' dir='ltr'>ἔτι</span> <span class='ocrx_word' id='word_1_553' title='bbox 1231 1260 1284 1286; x_wconf 86' lang='grc' dir='ltr'><strong>τῶν</strong></span> <span class='ocrx_word' id='word_1_554' title='bbox 1312 1259 1542 1294; x_wconf 78' lang='grc' dir='ltr'>ἁποῤῥητοτέρων</span> <span class='ocrx_word' id='word_1_555' title='bbox 1566 1259 1690 1293; x_wconf 75' lang='grc' dir='ltr'><strong>ἀμύητος</strong></span> <span class='ocrx_word' id='word_1_556' title='bbox 1706 1258 1758 1290; x_wconf 83' lang='grc' dir='ltr'><strong>ὢν,</strong></span> <span class='ocrx_word' id='word_1_557' title='bbox 1775 1259 1824 1284; x_wconf 76' lang='grc' dir='ltr'>διὰ</span> 
     </span>
    </p>
   </div>
   <div class='ocr_carea' id='block_1_77' title="bbox 1025 1303 1826 1340">
    <p class='ocr_par' dir='ltr' id='par_1_77' title="bbox 1025 1303 1826 1340">
     <span class='ocr_line' id='line_1_77' title="bbox 1025 1303 1826 1340; baseline -0.005 -7"><span class='ocrx_word' id='word_1_558' title='bbox 1025 1307 1071 1333; x_wconf 81' lang='grc' dir='ltr'><strong>τὸν</strong></span> <span class='ocrx_word' id='word_1_559' title='bbox 1100 1306 1170 1340; x_wconf 75' lang='grc' dir='ltr'>πρὸς</span> <span class='ocrx_word' id='word_1_560' title='bbox 1195 1305 1242 1332; x_wconf 73' lang='grc' dir='ltr'>τὸν</span> <span class='ocrx_word' id='word_1_561' title='bbox 1268 1305 1429 1331; x_wconf 84' lang='grc' dir='ltr'>διδάσκαλον</span> <span class='ocrx_word' id='word_1_562' title='bbox 1450 1305 1544 1335; x_wconf 81' lang='grc' dir='ltr'>πὸοον,</span> <span class='ocrx_word' id='word_1_563' title='bbox 1564 1304 1593 1330; x_wconf 74' lang='grc' dir='ltr'>τὸ</span> <span class='ocrx_word' id='word_1_564' title='bbox 1610 1304 1707 1330; x_wconf 78' lang='grc' dir='ltr'><strong>παθεῖν</strong></span> <span class='ocrx_word' id='word_1_565' title='bbox 1721 1303 1826 1330; x_wconf 76' lang='grc' dir='ltr'>τοῦτον</span> 
     </span>
    </p>
   </div>
   <div class='ocr_carea' id='block_1_78' title="bbox 1025 1350 1824 1388">
    <p class='ocr_par' dir='ltr' id='par_1_78' title="bbox 1025 1350 1824 1388">
     <span class='ocr_line' id='line_1_78' title="bbox 1025 1350 1824 1388; baseline -0.004 -9"><span class='ocrx_word' id='word_1_566' title='bbox 1025 1352 1179 1388; x_wconf 64' lang='grc' dir='ltr'>άπηύιετοο</span> <span class='ocrx_word' id='word_1_567' title='bbox 1206 1361 1214 1377; x_wconf 84' lang='grc' dir='ltr'><strong>ι</strong></span> <span class='ocrx_word' id='word_1_568' title='bbox 1232 1351 1325 1383; x_wconf 79' lang='grc' dir='ltr'>Ἵλεώς</span> <span class='ocrx_word' id='word_1_569' title='bbox 1350 1360 1402 1383; x_wconf 86' lang='grc' dir='ltr'>σοι,</span> <span class='ocrx_word' id='word_1_570' title='bbox 1416 1351 1549 1385; x_wconf 73' lang='grc' dir='ltr'>φάμενος,</span> <span class='ocrx_word' id='word_1_571' title='bbox 1568 1350 1598 1377; x_wconf 86' lang='grc' dir='ltr'>οὑ</span> <span class='ocrx_word' id='word_1_572' title='bbox 1620 1350 1657 1386; x_wconf 81' lang='grc' dir='ltr'>μὴ</span> <span class='ocrx_word' id='word_1_573' title='bbox 1680 1351 1760 1376; x_wconf 77' lang='grc' dir='ltr'>ἔσται</span> <span class='ocrx_word' id='word_1_574' title='bbox 1779 1359 1824 1377; x_wconf 82' lang='grc' dir='ltr'><strong>σοι</strong></span> 
     </span>
    </p>
   </div>
   <div class='ocr_carea' id='block_1_79' title="bbox 1025 1395 1827 1431">
    <p class='ocr_par' dir='ltr' id='par_1_79' title="bbox 1025 1395 1827 1431">
     <span class='ocr_line' id='line_1_79' title="bbox 1025 1395 1827 1431; baseline -0.004 -7"><span class='ocrx_word' id='word_1_575' title='bbox 1025 1398 1116 1424; x_wconf 84' lang='grc' dir='ltr'>τοῦτο.</span> <span class='ocrx_word' id='word_1_576' title='bbox 1132 1407 1141 1422; x_wconf 75' lang='grc' dir='ltr'><strong>ι</strong></span> <span class='ocrx_word' id='word_1_577' title='bbox 1157 1398 1205 1424; x_wconf 88' lang='grc' dir='ltr'><strong>Ὃν</strong></span> <span class='ocrx_word' id='word_1_578' title='bbox 1219 1397 1269 1431; x_wconf 79' lang='grc' dir='ltr'>τῆς</span> <span class='ocrx_word' id='word_1_579' title='bbox 1285 1397 1452 1431; x_wconf 77' lang='grc' dir='ltr'>προπετείας</span> <span class='ocrx_word' id='word_1_580' title='bbox 1474 1396 1640 1431; x_wconf 77' lang='grc' dir='ltr'><strong>ἐπιτιμήσας</strong></span> <span class='ocrx_word' id='word_1_581' title='bbox 1660 1397 1675 1422; x_wconf 86' lang='lat'><strong>6</strong></span> <span class='ocrx_word' id='word_1_582' title='bbox 1701 1395 1827 1428; x_wconf 73' lang='grc' dir='ltr'>Κύριος,</span> 
     </span>
    </p>
   </div>
   <div class='ocr_carea' id='block_1_80' title="bbox 1026 1442 1824 1479">
    <p class='ocr_par' dir='ltr' id='par_1_80' title="bbox 1026 1442 1824 1479">
     <span class='ocr_line' id='line_1_80' title="bbox 1026 1442 1824 1479; baseline -0.004 -9"><span class='ocrx_word' id='word_1_583' title='bbox 1026 1444 1096 1479; x_wconf 81' lang='grc' dir='ltr'>πρὸς</span> <span class='ocrx_word' id='word_1_584' title='bbox 1111 1443 1141 1469; x_wconf 82' lang='grc' dir='ltr'>τὺ</span> <span class='ocrx_word' id='word_1_585' title='bbox 1156 1442 1258 1478; x_wconf 85' lang='grc' dir='ltr'>πλῆθος</span> <span class='ocrx_word' id='word_1_586' title='bbox 1275 1443 1330 1468; x_wconf 84' lang='grc' dir='ltr'><strong>τῶν</strong></span> <span class='ocrx_word' id='word_1_587' title='bbox 1347 1442 1490 1478; x_wconf 76' lang='grc' dir='ltr'><strong>ἑπομένων</strong></span> <span class='ocrx_word' id='word_1_588' title='bbox 1510 1442 1700 1477; x_wconf 67' lang='grc' dir='ltr'>ἐπιστραφεὶς,</span> <span class='ocrx_word' id='word_1_589' title='bbox 1715 1442 1824 1476; x_wconf 79' lang='grc' dir='ltr'>ταύτην</span> 
     </span>
    </p>
   </div>
   <div class='ocr_carea' id='block_1_81' title="bbox 1028 1488 1823 1525">
    <p class='ocr_par' dir='ltr' id='par_1_81' title="bbox 1028 1488 1823 1525">
     <span class='ocr_line' id='line_1_81' title="bbox 1028 1488 1823 1525; baseline -0.001 -9"><span class='ocrx_word' id='word_1_590' title='bbox 1028 1490 1124 1525; x_wconf 83' lang='grc' dir='ltr'>ἀφίησι</span> <span class='ocrx_word' id='word_1_591' title='bbox 1144 1490 1192 1525; x_wconf 81' lang='grc' dir='ltr'><strong>τὴν</strong></span> <span class='ocrx_word' id='word_1_592' title='bbox 1211 1490 1314 1524; x_wconf 88' lang='grc' dir='ltr'>φωνήν.</span> <span class='ocrx_word' id='word_1_593' title='bbox 1332 1498 1342 1514; x_wconf 77' lang='grc' dir='ltr'><strong>ι</strong></span> <span class='ocrx_word' id='word_1_594' title='bbox 1362 1489 1457 1520; x_wconf 86' lang='grc' dir='ltr'>Ὅστις</span> <span class='ocrx_word' id='word_1_595' title='bbox 1466 1488 1537 1515; x_wconf 82' lang='grc' dir='ltr'>θέλει</span> <span class='ocrx_word' id='word_1_596' title='bbox 1553 1488 1642 1515; x_wconf 81' lang='grc' dir='ltr'>ὀπίσω</span> <span class='ocrx_word' id='word_1_597' title='bbox 1653 1497 1704 1523; x_wconf 88' lang='grc' dir='ltr'>μου</span> <span class='ocrx_word' id='word_1_598' title='bbox 1716 1488 1823 1519; x_wconf 62' lang='grc' dir='ltr'>ἐλθεῖν,</span> 
     </span>
    </p>
   </div>
   <div class='ocr_carea' id='block_1_82' title="bbox 1027 1531 1824 1572">
    <p class='ocr_par' dir='ltr' id='par_1_82' title="bbox 1027 1531 1824 1572">
     <span class='ocr_line' id='line_1_82' title="bbox 1027 1531 1824 1572; baseline -0.004 -9"><span class='ocrx_word' id='word_1_599' title='bbox 1027 1535 1235 1572; x_wconf 80' lang='grc' dir='ltr'><strong>ἀπαρνησάσθω</strong></span> <span class='ocrx_word' id='word_1_600' title='bbox 1253 1535 1365 1562; x_wconf 73' lang='grc' dir='ltr'><strong>ἑαυτόν·</strong></span> <span class='ocrx_word' id='word_1_601' title='bbox 1383 1544 1392 1560; x_wconf 77' lang='grc' dir='ltr'><strong>ι</strong></span> <span class='ocrx_word' id='word_1_602' title='bbox 1414 1534 1485 1570; x_wconf 86' lang='grc' dir='ltr'>Πρὸς</span> <span class='ocrx_word' id='word_1_603' title='bbox 1499 1534 1543 1561; x_wconf 79' lang='grc' dir='ltr'><strong>τὸν</strong></span> <span class='ocrx_word' id='word_1_604' title='bbox 1559 1534 1673 1570; x_wconf 82' lang='grc' dir='ltr'>Πέτρον,</span> <span class='ocrx_word' id='word_1_605' title='bbox 1683 1531 1777 1570; x_wconf 78' lang='grc' dir='ltr'>οἶμαι,</span> <span class='ocrx_word' id='word_1_606' title='bbox 1791 1535 1824 1561; x_wconf 80' lang='grc' dir='ltr'>τὸ</span> 
     </span>
    </p>
   </div>
   <div class='ocr_carea' id='block_1_83' title="bbox 1027 1582 1825 1618">
    <p class='ocr_par' dir='ltr' id='par_1_83' title="bbox 1027 1582 1825 1618">
     <span class='ocr_line' id='line_1_83' title="bbox 1027 1582 1825 1618; baseline -0.001 -9"><span class='ocrx_word' id='word_1_607' title='bbox 1027 1583 1109 1610; x_wconf 85' lang='grc' dir='ltr'>πλέον</span> <span class='ocrx_word' id='word_1_608' title='bbox 1140 1583 1291 1610; x_wconf 81' lang='grc' dir='ltr'>ἀποτείνων</span> <span class='ocrx_word' id='word_1_609' title='bbox 1313 1583 1360 1609; x_wconf 80' lang='grc' dir='ltr'><strong>τὸν</strong></span> <span class='ocrx_word' id='word_1_610' title='bbox 1370 1582 1451 1617; x_wconf 81' lang='grc' dir='ltr'>λόγον</span> <span class='ocrx_word' id='word_1_611' title='bbox 1464 1582 1552 1609; x_wconf 78' lang='grc' dir='ltr'>ταῦτά</span> <span class='ocrx_word' id='word_1_612' title='bbox 1578 1591 1656 1618; x_wconf 84' lang='grc' dir='ltr'>φησι,</span> <span class='ocrx_word' id='word_1_613' title='bbox 1673 1583 1825 1618; x_wconf 77' lang='grc' dir='ltr'>μονονουχὶ</span> 
     </span>
    </p>
   </div>
   <div class='ocr_carea' id='block_1_84' title="bbox 1026 1628 1822 1664">
    <p class='ocr_par' dir='ltr' id='par_1_84' title="bbox 1026 1628 1822 1664">
     <span class='ocr_line' id='line_1_84' title="bbox 1026 1628 1822 1664; baseline -0.001 -9"><span class='ocrx_word' id='word_1_614' title='bbox 1026 1629 1114 1663; x_wconf 83' lang='grc' dir='ltr'>λέγων</span> <span class='ocrx_word' id='word_1_615' title='bbox 1122 1628 1174 1660; x_wconf 87' lang='grc' dir='ltr'><strong>ὡς·</strong></span> <span class='ocrx_word' id='word_1_616' title='bbox 1191 1628 1230 1657; x_wconf 89' lang='grc' dir='ltr'><strong>Οὺ</strong></span> <span class='ocrx_word' id='word_1_617' title='bbox 1247 1628 1328 1663; x_wconf 87' lang='grc' dir='ltr'>μόνον</span> <span class='ocrx_word' id='word_1_618' title='bbox 1341 1628 1397 1664; x_wconf 71' lang='grc' dir='ltr'><strong>ἐγὼ</strong></span> <span class='ocrx_word' id='word_1_619' title='bbox 1413 1628 1482 1663; x_wconf 75' lang='grc' dir='ltr'>πρὸς</span> <span class='ocrx_word' id='word_1_620' title='bbox 1493 1628 1524 1654; x_wconf 85' lang='grc' dir='ltr'>τὸ</span> <span class='ocrx_word' id='word_1_621' title='bbox 1534 1628 1631 1656; x_wconf 79' lang='grc' dir='ltr'>παθεῖν</span> <span class='ocrx_word' id='word_1_622' title='bbox 1647 1628 1822 1663; x_wconf 75' lang='grc' dir='ltr'>ἐπείγομαι,</span> 
     </span>
    </p>
   </div>
   <div class='ocr_carea' id='block_1_85' title="bbox 1027 1676 1824 1711">
    <p class='ocr_par' dir='ltr' id='par_1_85' title="bbox 1027 1676 1824 1711">
     <span class='ocr_line' id='line_1_85' title="bbox 1027 1676 1824 1711; baseline 0 -9"><span class='ocrx_word' id='word_1_623' title='bbox 1027 1676 1095 1703; x_wconf 84' lang='grc' dir='ltr'>ἀλλὰ</span> <span class='ocrx_word' id='word_1_624' title='bbox 1125 1676 1174 1703; x_wconf 76' lang='grc' dir='ltr'><strong>καὶ</strong></span> <span class='ocrx_word' id='word_1_625' title='bbox 1205 1676 1310 1708; x_wconf 80' lang='grc' dir='ltr'>πάντας</span> <span class='ocrx_word' id='word_1_626' title='bbox 1327 1676 1460 1711; x_wconf 78' lang='grc' dir='ltr'>βούλομαι</span> <span class='ocrx_word' id='word_1_627' title='bbox 1473 1676 1520 1702; x_wconf 84' lang='grc' dir='ltr'><strong>τὸν</strong></span> <span class='ocrx_word' id='word_1_628' title='bbox 1543 1676 1626 1703; x_wconf 81' lang='grc' dir='ltr'>αὑτὸν</span> <span class='ocrx_word' id='word_1_629' title='bbox 1642 1676 1753 1703; x_wconf 76' lang='grc' dir='ltr'><strong>ἑλέσθαι</strong></span> <span class='ocrx_word' id='word_1_630' title='bbox 1775 1684 1824 1710; x_wconf 88' lang='grc' dir='ltr'><strong>μοι</strong></span> 
     </span>
    </p>
   </div>
   <div class='ocr_carea' id='block_1_86' title="bbox 1027 1722 1824 1757">
    <p class='ocr_par' dir='ltr' id='par_1_86' title="bbox 1027 1722 1824 1757">
     <span class='ocr_line' id='line_1_86' title="bbox 1027 1722 1824 1757; baseline 0 -8"><span class='ocrx_word' id='word_1_631' title='bbox 1027 1723 1160 1749; x_wconf 83' lang='grc' dir='ltr'>θάνατον’</span> <span class='ocrx_word' id='word_1_632' title='bbox 1179 1732 1188 1748; x_wconf 77' lang='grc' dir='ltr'><strong>ι</strong></span> <span class='ocrx_word' id='word_1_633' title='bbox 1208 1723 1304 1754; x_wconf 71' lang='grc' dir='ltr'>Ὅστις</span> <span class='ocrx_word' id='word_1_634' title='bbox 1335 1722 1407 1749; x_wconf 87' lang='grc' dir='ltr'>θέλει</span> <span class='ocrx_word' id='word_1_635' title='bbox 1431 1722 1521 1749; x_wconf 85' lang='grc' dir='ltr'>ὀπίσω</span> <span class='ocrx_word' id='word_1_636' title='bbox 1538 1730 1589 1757; x_wconf 87' lang='grc' dir='ltr'>μου</span> <span class='ocrx_word' id='word_1_637' title='bbox 1608 1722 1706 1749; x_wconf 73' lang='grc' dir='ltr'>ἐλθεῖν.</span> <span class='ocrx_word' id='word_1_638' title='bbox 1732 1731 1742 1748; x_wconf 70' lang='grc' dir='ltr'><strong>ο</strong></span> <span class='ocrx_word' id='word_1_639' title='bbox 1761 1722 1824 1749; x_wconf 83' lang='grc' dir='ltr'><strong>Οὐκ</strong></span> 
     </span>
    </p>
   </div>
   <div class='ocr_carea' id='block_1_87' title="bbox 1027 1767 1822 1804">
    <p class='ocr_par' dir='ltr' id='par_1_87' title="bbox 1027 1767 1822 1804">
     <span class='ocr_line' id='line_1_87' title="bbox 1027 1767 1822 1804; baseline -0.001 -9"><span class='ocrx_word' id='word_1_640' title='bbox 1027 1769 1149 1803; x_wconf 81' lang='grc' dir='ltr'><strong>ἀφαιρῶ,</strong></span> <span class='ocrx_word' id='word_1_641' title='bbox 1166 1769 1244 1804; x_wconf 74' lang='grc' dir='ltr'>φησι,</span> <span class='ocrx_word' id='word_1_642' title='bbox 1261 1769 1291 1795; x_wconf 82' lang='grc' dir='ltr'>τὸ</span> <span class='ocrx_word' id='word_1_643' title='bbox 1306 1767 1492 1800; x_wconf 79' lang='grc' dir='ltr'>αὐτεξούσιον,</span> <span class='ocrx_word' id='word_1_644' title='bbox 1515 1767 1564 1794; x_wconf 79' lang='grc' dir='ltr'><strong>καὶ</strong></span> <span class='ocrx_word' id='word_1_645' title='bbox 1579 1767 1739 1800; x_wconf 80' lang='grc' dir='ltr'>ἀδέσποτον,</span> <span class='ocrx_word' id='word_1_646' title='bbox 1754 1767 1822 1794; x_wconf 77' lang='grc' dir='ltr'>οὐδὲ</span> 
     </span>
    </p>
   </div>
   <div class='ocr_carea' id='block_1_88' title="bbox 1028 1813 1822 1849">
    <p class='ocr_par' dir='ltr' id='par_1_88' title="bbox 1028 1813 1822 1849">
     <span class='ocr_line' id='line_1_88' title="bbox 1028 1813 1822 1849; baseline 0 -9"><span class='ocrx_word' id='word_1_647' title='bbox 1028 1813 1156 1849; x_wconf 77' lang='grc' dir='ltr'><strong>βιάζομαι</strong></span> <span class='ocrx_word' id='word_1_648' title='bbox 1189 1823 1252 1841; x_wconf 84' lang='grc' dir='ltr'>τινα</span> <span class='ocrx_word' id='word_1_649' title='bbox 1275 1815 1341 1849; x_wconf 87' lang='grc' dir='ltr'>πρὸς</span> <span class='ocrx_word' id='word_1_650' title='bbox 1366 1814 1416 1849; x_wconf 85' lang='grc' dir='ltr'>τὴν</span> <span class='ocrx_word' id='word_1_651' title='bbox 1441 1813 1632 1848; x_wconf 80' lang='grc' dir='ltr'>ἀχολοὺθησιν.</span> <span class='ocrx_word' id='word_1_652' title='bbox 1653 1813 1716 1840; x_wconf 71' lang='grc' dir='ltr'><strong>Ἐπὶ</strong></span> <span class='ocrx_word' id='word_1_653' title='bbox 1744 1813 1822 1848; x_wconf 79' lang='grc' dir='ltr'>ζωὴν</span> 
     </span>
    </p>
   </div>
   <div class='ocr_carea' id='block_1_89' title="bbox 1027 1857 1822 1893">
    <p class='ocr_par' dir='ltr' id='par_1_89' title="bbox 1027 1857 1822 1893">
     <span class='ocr_line' id='line_1_89' title="bbox 1027 1857 1822 1893; baseline 0 -9"><span class='ocrx_word' id='word_1_654' title='bbox 1027 1859 1074 1885; x_wconf 79' lang='grc' dir='ltr'>καὶ</span> <span class='ocrx_word' id='word_1_655' title='bbox 1090 1859 1161 1893; x_wconf 83' lang='grc' dir='ltr'>γέρα</span> <span class='ocrx_word' id='word_1_656' title='bbox 1173 1858 1258 1891; x_wconf 82' lang='grc' dir='ltr'>καλῶ,</span> <span class='ocrx_word' id='word_1_657' title='bbox 1272 1858 1320 1885; x_wconf 79' lang='grc' dir='ltr'><strong>καὶ</strong></span> <span class='ocrx_word' id='word_1_658' title='bbox 1333 1858 1473 1893; x_wconf 80' lang='grc' dir='ltr'>βασιλείαν</span> <span class='ocrx_word' id='word_1_659' title='bbox 1487 1858 1646 1886; x_wconf 84' lang='grc' dir='ltr'>ἀσάλευτον.</span> <span class='ocrx_word' id='word_1_660' title='bbox 1664 1859 1761 1889; x_wconf 85' lang='grc' dir='ltr'>ὐστις</span> <span class='ocrx_word' id='word_1_661' title='bbox 1774 1857 1822 1885; x_wconf 77' lang='grc' dir='ltr'>θέ-</span> 
     </span>
    </p>
   </div>
   <div class='ocr_carea' id='block_1_90' title="bbox 1029 1904 1823 1940">
    <p class='ocr_par' dir='ltr' id='par_1_90' title="bbox 1029 1904 1823 1940">
     <span class='ocr_line' id='line_1_90' title="bbox 1029 1904 1823 1940; baseline 0.003 -10"><span class='ocrx_word' id='word_1_662' title='bbox 1029 1904 1071 1931; x_wconf 84' lang='grc' dir='ltr'><strong>λει</strong></span> <span class='ocrx_word' id='word_1_663' title='bbox 1092 1905 1315 1940; x_wconf 77' lang='grc' dir='ltr'>-κατατρυφῆσαι</span> <span class='ocrx_word' id='word_1_664' title='bbox 1335 1905 1446 1940; x_wconf 87' lang='grc' dir='ltr'>δωρεῶν</span> <span class='ocrx_word' id='word_1_665' title='bbox 1460 1905 1621 1940; x_wconf 79' lang='grc' dir='ltr'>ἀκηράτων,</span> <span class='ocrx_word' id='word_1_666' title='bbox 1634 1904 1823 1932; x_wconf 85' lang='grc' dir='ltr'><strong>ἀκολουθείτω</strong></span> 
     </span>
    </p>
   </div>
   <div class='ocr_carea' id='block_1_91' title="bbox 1029 1951 1824 1988">
    <p class='ocr_par' dir='ltr' id='par_1_91' title="bbox 1029 1951 1824 1988">
     <span class='ocr_line' id='line_1_91' title="bbox 1029 1951 1824 1988; baseline -0.001 -10"><span class='ocrx_word' id='word_1_667' title='bbox 1029 1961 1075 1987; x_wconf 85' lang='grc' dir='ltr'><strong>μοι</strong></span> <span class='ocrx_word' id='word_1_668' title='bbox 1087 1959 1093 1967; x_wconf 92' lang='grc'><strong>·</strong></span> <span class='ocrx_word' id='word_1_669' title='bbox 1110 1952 1319 1988; x_wconf 70' lang='grc' dir='ltr'>ἀπαρνησάσθω</span> <span class='ocrx_word' id='word_1_670' title='bbox 1337 1952 1446 1980; x_wconf 82' lang='grc' dir='ltr'><strong>ἑαυτόν.</strong></span> <span class='ocrx_word' id='word_1_671' title='bbox 1469 1952 1550 1979; x_wconf 78' lang='grc' dir='ltr'>Ἀλλά</span> <span class='ocrx_word' id='word_1_672' title='bbox 1565 1952 1623 1983; x_wconf 84' lang='grc' dir='ltr'><strong>πῶς</strong></span> <span class='ocrx_word' id='word_1_673' title='bbox 1637 1952 1670 1979; x_wconf 78' lang='grc' dir='ltr'>ἄν</span> <span class='ocrx_word' id='word_1_674' title='bbox 1695 1959 1739 1983; x_wconf 84' lang='grc' dir='ltr'><strong>τις</strong></span> <span class='ocrx_word' id='word_1_675' title='bbox 1757 1951 1824 1977; x_wconf 78' lang='grc' dir='ltr'><strong>ἑαυ-</strong></span> 
     </span>
    </p>
   </div>
   <div class='ocr_carea' id='block_1_92' title="bbox 1026 1996 1822 2033">
    <p class='ocr_par' dir='ltr' id='par_1_92' title="bbox 1026 1996 1822 2033">
     <span class='ocr_line' id='line_1_92' title="bbox 1026 1996 1822 2033; baseline -0.003 -9"><span class='ocrx_word' id='word_1_676' title='bbox 1026 1998 1072 2024; x_wconf 81' lang='grc' dir='ltr'><strong>τὸν</strong></span> <span class='ocrx_word' id='word_1_677' title='bbox 1084 1999 1283 2033; x_wconf 84' lang='grc' dir='ltr'>ἀπαρνήσαιτο,</span> <span class='ocrx_word' id='word_1_678' title='bbox 1303 1997 1484 2032; x_wconf 84' lang='grc' dir='ltr'>ὑποδείγματι</span> <span class='ocrx_word' id='word_1_679' title='bbox 1495 1997 1683 2032; x_wconf 87' lang='grc' dir='ltr'>σαφηνισομεν</span> <span class='ocrx_word' id='word_1_680' title='bbox 1695 2005 1703 2012; x_wconf 84' lang='grc'><strong>·</strong></span> <span class='ocrx_word' id='word_1_681' title='bbox 1718 1996 1822 2031; x_wconf 81' lang='grc' dir='ltr'>ὥσπερ</span> 
     </span>
    </p>
   </div>
   <div class='ocr_carea' id='block_1_93' title="bbox 1029 2043 1820 2078">
    <p class='ocr_par' dir='ltr' id='par_1_93' title="bbox 1029 2043 1820 2078">
     <span class='ocr_line' id='line_1_93' title="bbox 1029 2043 1820 2078; baseline -0.001 -9"><span class='ocrx_word' id='word_1_682' title='bbox 1029 2043 1062 2069; x_wconf 83' lang='grc' dir='ltr'>ἂν</span> <span class='ocrx_word' id='word_1_683' title='bbox 1077 2043 1104 2069; x_wconf 70' lang='grc' dir='ltr'>εἴ</span> <span class='ocrx_word' id='word_1_684' title='bbox 1127 2051 1169 2073; x_wconf 80' lang='grc' dir='ltr'><strong>τις</strong></span> <span class='ocrx_word' id='word_1_685' title='bbox 1198 2043 1432 2078; x_wconf 84' lang='grc' dir='ltr'>προσφιλέστατον</span> <span class='ocrx_word' id='word_1_686' title='bbox 1450 2043 1521 2078; x_wconf 74' lang='grc' dir='ltr'>ἔχων</span> <span class='ocrx_word' id='word_1_687' title='bbox 1538 2043 1611 2075; x_wconf 81' lang='grc' dir='ltr'>τινὰ,</span> <span class='ocrx_word' id='word_1_688' title='bbox 1627 2043 1820 2077; x_wconf 76' lang='grc' dir='ltr'>περιστάσεως</span> 
     </span>
    </p>
   </div>
   <div class='ocr_carea' id='block_1_94' title="bbox 1028 2088 1821 2124">
    <p class='ocr_par' dir='ltr' id='par_1_94' title="bbox 1028 2088 1821 2124">
     <span class='ocr_line' id='line_1_94' title="bbox 1028 2088 1821 2124; baseline -0.001 -9"><span class='ocrx_word' id='word_1_689' title='bbox 1028 2088 1206 2124; x_wconf 73' lang='grc' dir='ltr'>ἐμπεσούσης</span> <span class='ocrx_word' id='word_1_690' title='bbox 1232 2089 1317 2122; x_wconf 72' lang='grc' dir='ltr'>τινὸς,</span> <span class='ocrx_word' id='word_1_691' title='bbox 1339 2090 1389 2124; x_wconf 81' lang='grc' dir='ltr'><strong>τὴν</strong></span> <span class='ocrx_word' id='word_1_692' title='bbox 1408 2089 1438 2121; x_wconf 85' lang='grc' dir='ltr'>ὲς</span> <span class='ocrx_word' id='word_1_693' title='bbox 1453 2089 1534 2115; x_wconf 79' lang='grc' dir='ltr'>αὐτὸν</span> <span class='ocrx_word' id='word_1_694' title='bbox 1552 2088 1643 2123; x_wconf 83' lang='grc' dir='ltr'>φιλίαν</span> <span class='ocrx_word' id='word_1_695' title='bbox 1658 2088 1821 2124; x_wconf 77' lang='grc' dir='ltr'>ἃποστέρξῃ</span> 
     </span>
    </p>
   </div>
   <div class='ocr_carea' id='block_1_95' title="bbox 1029 2133 1822 2170">
    <p class='ocr_par' dir='ltr' id='par_1_95' title="bbox 1029 2133 1822 2170">
     <span class='ocr_line' id='line_1_95' title="bbox 1029 2133 1822 2170; baseline -0.001 -9"><span class='ocrx_word' id='word_1_696' title='bbox 1029 2135 1213 2166; x_wconf 85' lang='grc' dir='ltr'>παντάπασιν,</span> <span class='ocrx_word' id='word_1_697' title='bbox 1237 2134 1311 2161; x_wconf 83' lang='grc' dir='ltr'>ὥστε</span> <span class='ocrx_word' id='word_1_698' title='bbox 1339 2135 1394 2161; x_wconf 74' lang='grc' dir='ltr'>κᾶν</span> <span class='ocrx_word' id='word_1_699' title='bbox 1423 2135 1573 2170; x_wconf 80' lang='grc' dir='ltr'>συρόμενον</span> <span class='ocrx_word' id='word_1_700' title='bbox 1599 2133 1660 2167; x_wconf 77' lang='grc' dir='ltr'>ἴδοι,</span> <span class='ocrx_word' id='word_1_701' title='bbox 1678 2134 1732 2160; x_wconf 81' lang='grc' dir='ltr'>κᾶν</span> <span class='ocrx_word' id='word_1_702' title='bbox 1747 2134 1822 2160; x_wconf 77' lang='grc' dir='ltr'>κατά</span> 
     </span>
    </p>
   </div>
   <div class='ocr_carea' id='block_1_96' title="bbox 1031 2179 1821 2216">
    <p class='ocr_par' dir='ltr' id='par_1_96' title="bbox 1031 2179 1821 2216">
     <span class='ocr_line' id='line_1_96' title="bbox 1031 2179 1821 2216; baseline 0 -10"><span class='ocrx_word' id='word_1_703' title='bbox 1031 2180 1134 2216; x_wconf 76' lang='grc' dir='ltr'>κόρρης</span> <span class='ocrx_word' id='word_1_704' title='bbox 1148 2181 1328 2215; x_wconf 80' lang='grc' dir='ltr'>τυπτόμενον,</span> <span class='ocrx_word' id='word_1_705' title='bbox 1345 2180 1397 2207; x_wconf 80' lang='grc' dir='ltr'>κᾶν</span> <span class='ocrx_word' id='word_1_706' title='bbox 1407 2179 1520 2215; x_wconf 79' lang='grc' dir='ltr'>μεληδὸν</span> <span class='ocrx_word' id='word_1_707' title='bbox 1534 2180 1584 2211; x_wconf 86' lang='grc' dir='ltr'><strong>τὰς</strong></span> <span class='ocrx_word' id='word_1_708' title='bbox 1596 2180 1701 2215; x_wconf 79' lang='grc' dir='ltr'>σάρκας</span> <span class='ocrx_word' id='word_1_709' title='bbox 1718 2180 1821 2206; x_wconf 82' lang='grc' dir='ltr'>κοπτό-</span> 
     </span>
    </p>
   </div>
   <div class='ocr_carea' id='block_1_97' title="bbox 1030 2225 1820 2261">
    <p class='ocr_par' dir='ltr' id='par_1_97' title="bbox 1030 2225 1820 2261">
     <span class='ocr_line' id='line_1_97' title="bbox 1030 2225 1820 2261; baseline 0 -9"><span class='ocrx_word' id='word_1_710' title='bbox 1030 2226 1110 2261; x_wconf 81' lang='grc' dir='ltr'>μενόν</span> <span class='ocrx_word' id='word_1_711' title='bbox 1132 2234 1162 2252; x_wconf 81' lang='grc' dir='ltr'><strong>τε</strong></span> <span class='ocrx_word' id='word_1_712' title='bbox 1179 2226 1226 2252; x_wconf 76' lang='grc' dir='ltr'>καὶ</span> <span class='ocrx_word' id='word_1_713' title='bbox 1243 2226 1421 2261; x_wconf 81' lang='grc' dir='ltr'>τεμνόμενον,</span> <span class='ocrx_word' id='word_1_714' title='bbox 1434 2226 1487 2252; x_wconf 73' lang='grc' dir='ltr'><strong>κᾶν</strong></span> <span class='ocrx_word' id='word_1_715' title='bbox 1501 2227 1619 2261; x_wconf 84' lang='grc' dir='ltr'>τροχοῖς,</span> <span class='ocrx_word' id='word_1_716' title='bbox 1631 2226 1679 2252; x_wconf 81' lang='grc' dir='ltr'><strong>καὶ</strong></span> <span class='ocrx_word' id='word_1_717' title='bbox 1692 2225 1820 2261; x_wconf 85' lang='grc' dir='ltr'>ἀρθρεμ-</span> 
     </span>
    </p>
   </div>
   <div class='ocr_carea' id='block_1_98' title="bbox 1028 2271 1818 2307">
    <p class='ocr_par' dir='ltr' id='par_1_98' title="bbox 1028 2271 1818 2307">
     <span class='ocr_line' id='line_1_98' title="bbox 1028 2271 1818 2307; baseline 0.001 -10"><span class='ocrx_word' id='word_1_718' title='bbox 1028 2271 1115 2303; x_wconf 76' lang='grc' dir='ltr'>δόλοις</span> <span class='ocrx_word' id='word_1_719' title='bbox 1144 2272 1312 2307; x_wconf 79' lang='grc' dir='ltr'>ξαινόμενον,</span> <span class='ocrx_word' id='word_1_720' title='bbox 1338 2273 1389 2299; x_wconf 84' lang='grc' dir='ltr'><strong>οὑκ</strong></span> <span class='ocrx_word' id='word_1_721' title='bbox 1420 2273 1568 2307; x_wconf 60' lang='grc' dir='ltr'>ὲπιηλάται</span> <span class='ocrx_word' id='word_1_722' title='bbox 1593 2272 1662 2306; x_wconf 81' lang='grc' dir='ltr'>πρὸς</span> <span class='ocrx_word' id='word_1_723' title='bbox 1678 2271 1754 2298; x_wconf 75' lang='grc' dir='ltr'>ἔλεον</span> <span class='ocrx_word' id='word_1_724' title='bbox 1765 2272 1818 2307; x_wconf 65' lang='grc' dir='ltr'>ἥδη</span> 
     </span>
    </p>
   </div>
   <div class='ocr_carea' id='block_1_99' title="bbox 1027 2317 1819 2353">
    <p class='ocr_par' dir='ltr' id='par_1_99' title="bbox 1027 2317 1819 2353">
     <span class='ocr_line' id='line_1_99' title="bbox 1027 2317 1819 2353; baseline 0.001 -10"><span class='ocrx_word' id='word_1_725' title='bbox 1027 2317 1081 2352; x_wconf 81' lang='grc' dir='ltr'><strong>τὴν</strong></span> <span class='ocrx_word' id='word_1_726' title='bbox 1095 2317 1163 2352; x_wconf 79' lang='grc' dir='ltr'>πρὸς</span> <span class='ocrx_word' id='word_1_727' title='bbox 1178 2317 1261 2344; x_wconf 83' lang='grc' dir='ltr'>αὑτὸν</span> <span class='ocrx_word' id='word_1_728' title='bbox 1284 2318 1378 2353; x_wconf 84' lang='grc' dir='ltr'>σχέσιν</span> <span class='ocrx_word' id='word_1_729' title='bbox 1393 2318 1635 2353; x_wconf 83' lang='grc' dir='ltr'>ἀπαρνησάμενος,</span> <span class='ocrx_word' id='word_1_730' title='bbox 1652 2317 1740 2349; x_wconf 80' lang='grc' dir='ltr'>οὕτως</span> <span class='ocrx_word' id='word_1_731' title='bbox 1752 2317 1819 2344; x_wconf 69' lang='grc' dir='ltr'><strong>ἕκασ-</strong></span> 
     </span>
    </p>
   </div>
   <div class='ocr_carea' id='block_1_100' title="bbox 805 2459 1196 2490">
    <p class='ocr_par' dir='ltr' id='par_1_100' title="bbox 805 2459 1196 2490">
     <span class='ocr_line' id='line_1_100' title="bbox 805 2459 1196 2490; baseline 0.003 -2"><span class='ocrx_word' id='word_1_732' title='bbox 805 2459 968 2490; x_wconf 80' lang='lat' dir='ltr'><strong>Francisei</strong></span> <span class='ocrx_word' id='word_1_733' title='bbox 985 2459 1087 2489; x_wconf 86' lang='lat' dir='ltr'><strong>Scorsi</strong></span> <span class='ocrx_word' id='word_1_734' title='bbox 1103 2463 1196 2490; x_wconf 78' lang='lat' dir='ltr'><strong>notae.</strong></span> 
     </span>
    </p>
   </div>
   <div class='ocr_carea' id='block_1_101' title="bbox 195 2530 971 2568">
    <p class='ocr_par' dir='ltr' id='par_1_101' title="bbox 195 2530 971 2568">
     <span class='ocr_line' id='line_1_101' title="bbox 195 2530 971 2568; baseline 0.001 -10"><span class='ocrx_word' id='word_1_735' title='bbox 195 2534 232 2558; x_wconf 66' lang='lat' dir='ltr'><strong>sic</strong></span> <span class='ocrx_word' id='word_1_736' title='bbox 248 2533 346 2559; x_wconf 79' lang='lat' dir='ltr'><strong>currite</strong></span> <span class='ocrx_word' id='word_1_737' title='bbox 361 2537 386 2558; x_wconf 87' lang='lat' dir='ltr'><strong>ut</strong></span> <span class='ocrx_word' id='word_1_738' title='bbox 411 2531 646 2568; x_wconf 65' lang='lat' dir='ltr'><strong>comma/tendatis.</strong></span> <span class='ocrx_word' id='word_1_739' title='bbox 668 2530 728 2568; x_wconf 71' lang='lat' dir='ltr'><strong>Non</strong></span> <span class='ocrx_word' id='word_1_740' title='bbox 743 2537 781 2558; x_wconf 67' lang='lat' dir='ltr'><strong>est</strong></span> <span class='ocrx_word' id='word_1_741' title='bbox 797 2533 898 2568; x_wconf 77' lang='lat' dir='ltr'><strong>inuidus</strong></span> <span class='ocrx_word' id='word_1_742' title='bbox 913 2542 971 2568; x_wconf 68' lang='grc' dir='ltr'><strong>ησσ-</strong></span> 
     </span>
    </p>
   </div>
   <div class='ocr_carea' id='block_1_102' title="bbox 196 2565 974 2601">
    <p class='ocr_par' dir='ltr' id='par_1_102' title="bbox 196 2565 974 2601">
     <span class='ocr_line' id='line_1_102' title="bbox 196 2565 974 2601; baseline 0 -7"><span class='ocrx_word' id='word_1_743' title='bbox 196 2569 300 2594; x_wconf 69' lang='lat' dir='ltr'><strong>not/aeta</strong></span> <span class='ocrx_word' id='word_1_744' title='bbox 331 2571 428 2599; x_wconf 65' lang='grc' dir='ltr'>ποιων,</span> <span class='ocrx_word' id='word_1_745' title='bbox 460 2574 505 2592; x_wconf 81' lang='lat' dir='ltr'><strong>nec</strong></span> <span class='ocrx_word' id='word_1_746' title='bbox 531 2566 639 2592; x_wconf 74' lang='lat' dir='ltr'><strong>ulterius</strong></span> <span class='ocrx_word' id='word_1_747' title='bbox 673 2565 767 2598; x_wconf 78' lang='lat' dir='ltr'><strong>palma&#39;</strong></span> <span class='ocrx_word' id='word_1_748' title='bbox 794 2566 870 2593; x_wconf 82' lang='lat' dir='ltr'><strong>olleri</strong></span> <span class='ocrx_word' id='word_1_749' title='bbox 898 2565 974 2601; x_wconf 73' lang='lat' dir='ltr'><strong>parat</strong></span> 
     </span>
    </p>
   </div>
   <div class='ocr_carea' id='block_1_103' title="bbox 196 2602 976 2637">
    <p class='ocr_par' dir='ltr' id='par_1_103' title="bbox 196 2602 976 2637">
     <span class='ocr_line' id='line_1_103' title="bbox 196 2602 976 2637; baseline 0.001 -9"><span class='ocrx_word' id='word_1_750' title='bbox 196 2603 378 2637; x_wconf 72' lang='lat' dir='ltr'><strong>ignominiam,</strong></span> <span class='ocrx_word' id='word_1_751' title='bbox 392 2610 480 2628; x_wconf 75' lang='lat' dir='ltr'><strong>anmes</strong></span> <span class='ocrx_word' id='word_1_752' title='bbox 494 2602 603 2627; x_wconf 68' lang='lat' dir='ltr'><strong>athletas</strong></span> <span class='ocrx_word' id='word_1_753' title='bbox 616 2609 677 2637; x_wconf 66' lang='lat' dir='ltr'><strong>suos</strong></span> <span class='ocrx_word' id='word_1_754' title='bbox 692 2602 825 2628; x_wconf 75' lang='lat' dir='ltr'><strong>desiderat</strong></span> <span class='ocrx_word' id='word_1_755' title='bbox 843 2604 976 2629; x_wconf 82' lang='lat' dir='ltr'><strong>coronari.</strong></span> 
     </span>
    </p>
   </div>
   <div class='ocr_carea' id='block_1_104' title="bbox 234 2635 978 2672">
    <p class='ocr_par' dir='ltr' id='par_1_104' title="bbox 234 2635 978 2672">
     <span class='ocr_line' id='line_1_104' title="bbox 234 2635 978 2672; baseline 0.003 -10"><span class='ocrx_word' id='word_1_756' title='bbox 234 2637 289 2672; x_wconf 81' lang='lat' dir='ltr'><strong>(t7)</strong></span> <span class='ocrx_word' id='word_1_757' title='bbox 315 2636 348 2662; x_wconf 70' lang='lat' dir='ltr'><strong>lt‘t</strong></span> <span class='ocrx_word' id='word_1_758' title='bbox 363 2637 477 2668; x_wconf 59' lang='lat' dir='ltr'><strong>colaphis</strong></span> <span class='ocrx_word' id='word_1_759' title='bbox 492 2643 598 2662; x_wconf 57' lang='lat' dir='ltr'><strong>ciosum.</strong></span> <span class='ocrx_word' id='word_1_760' title='bbox 628 2635 800 2672; x_wconf 43' lang='lat' dir='ltr'><strong>Ailnverbum</strong></span> <span class='ocrx_word' id='word_1_761' title='bbox 818 2639 978 2664; x_wconf 82' lang='lat' dir='ltr'><strong>ver-terede-</strong></span> 
     </span>
    </p>
   </div>
   <div class='ocr_carea' id='block_1_105' title="bbox 198 2669 976 2706">
    <p class='ocr_par' dir='ltr' id='par_1_105' title="bbox 198 2669 976 2706">
     <span class='ocr_line' id='line_1_105' title="bbox 198 2669 976 2706; baseline 0.001 -9"><span class='ocrx_word' id='word_1_762' title='bbox 198 2669 332 2697; x_wconf 68' lang='lat' dir='ltr'><strong>l-aisscrn:</strong></span> <span class='ocrx_word' id='word_1_763' title='bbox 352 2672 379 2698; x_wconf 93' lang='lat' dir='ltr'><strong>In</strong></span> <span class='ocrx_word' id='word_1_764' title='bbox 407 2672 515 2697; x_wconf 83' lang='lat' dir='ltr'><strong>maxilla</strong></span> <span class='ocrx_word' id='word_1_765' title='bbox 535 2678 644 2697; x_wconf 68' lang='lat' dir='ltr'><strong>cazsum.</strong></span> <span class='ocrx_word' id='word_1_766' title='bbox 672 2669 737 2696; x_wconf 87' lang='lat' dir='ltr'><strong>Nam</strong></span> <span class='ocrx_word' id='word_1_767' title='bbox 753 2671 839 2706; x_wconf 71' lang='grc' dir='ltr'>κόρρη</span> <span class='ocrx_word' id='word_1_768' title='bbox 868 2680 976 2706; x_wconf 75' lang='lat' dir='ltr'><strong>genam,</strong></span> 
     </span>
    </p>
   </div>
   <div class='ocr_carea' id='block_1_106' title="bbox 198 2706 979 2742">
    <p class='ocr_par' dir='ltr' id='par_1_106' title="bbox 198 2706 979 2742">
     <span class='ocr_line' id='line_1_106' title="bbox 198 2706 979 2742; baseline 0 -10"><span class='ocrx_word' id='word_1_769' title='bbox 198 2707 344 2737; x_wconf 63' lang='lat' dir='ltr'><strong>waxtllam,</strong></span> <span class='ocrx_word' id='word_1_770' title='bbox 373 2706 483 2742; x_wconf 71' lang='grc' dir='ltr'>γνάθον,</span> <span class='ocrx_word' id='word_1_771' title='bbox 507 2706 660 2742; x_wconf 60' lang='lat' dir='ltr'><strong>signiﬁcat;</strong></span> <span class='ocrx_word' id='word_1_772' title='bbox 690 2706 749 2731; x_wconf 90' lang='lat' dir='ltr'><strong>inde</strong></span> <span class='ocrx_word' id='word_1_773' title='bbox 784 2707 854 2732; x_wconf 83' lang='grc' dir='ltr'>κατὰ</span> <span class='ocrx_word' id='word_1_774' title='bbox 877 2707 979 2742; x_wconf 70' lang='grc' dir='ltr'>κόρρης</span> 
     </span>
    </p>
   </div>
   <div class='ocr_carea' id='block_1_107' title="bbox 197 2741 976 2774">
    <p class='ocr_par' dir='ltr' id='par_1_107' title="bbox 197 2741 976 2774">
     <span class='ocr_line' id='line_1_107' title="bbox 197 2741 976 2774; baseline 0.003 -9"><span class='ocrx_word' id='word_1_775' title='bbox 197 2743 326 2773; x_wconf 62' lang='grc' dir='ltr'>πῖιαξαι,</span> <span class='ocrx_word' id='word_1_776' title='bbox 343 2748 394 2774; x_wconf 89' lang='lat' dir='ltr'><strong>qua</strong></span> <span class='ocrx_word' id='word_1_777' title='bbox 426 2741 515 2774; x_wconf 86' lang='lat' dir='ltr'><strong>pltrasi</strong></span> <span class='ocrx_word' id='word_1_778' title='bbox 541 2744 624 2766; x_wconf 82' lang='lat' dir='ltr'><strong>ntltur</strong></span> <span class='ocrx_word' id='word_1_779' title='bbox 646 2741 752 2771; x_wconf 64' lang='lat' dir='ltr'><strong>hoster,</strong></span> <span class='ocrx_word' id='word_1_780' title='bbox 764 2742 806 2768; x_wconf 84' lang='lat' dir='ltr'><strong>cui</strong></span> <span class='ocrx_word' id='word_1_781' title='bbox 835 2744 976 2774; x_wconf 88' lang='lat' dir='ltr'><strong>respomlct</strong></span> 
     </span>
    </p>
   </div>
   <div class='ocr_carea' id='block_1_108' title="bbox 199 2774 972 2810">
    <p class='ocr_par' dir='ltr' id='par_1_108' title="bbox 199 2774 972 2810">
     <span class='ocr_line' id='line_1_108' title="bbox 199 2774 972 2810; baseline 0.004 -11"><span class='ocrx_word' id='word_1_782' title='bbox 199 2778 303 2806; x_wconf 78' lang='lat' dir='ltr'><strong>I..Illt|.l,</strong></span> <span class='ocrx_word' id='word_1_783' title='bbox 335 2776 462 2808; x_wconf 69' lang='lat' dir='ltr'><strong>colaphos</strong></span> <span class='ocrx_word' id='word_1_784' title='bbox 492 2774 649 2808; x_wconf 78' lang='lat' dir='ltr'><strong>infringere,</strong></span> <span class='ocrx_word' id='word_1_785' title='bbox 669 2782 785 2809; x_wconf 74' lang='lat' dir='ltr'><strong>pugnum</strong></span> <span class='ocrx_word' id='word_1_786' title='bbox 811 2775 972 2810; x_wconf 77' lang='lat' dir='ltr'><strong>impingere.</strong></span> 
     </span>
    </p>
   </div>
   <div class='ocr_carea' id='block_1_109' title="bbox 199 2810 971 2846">
    <p class='ocr_par' dir='ltr' id='par_1_109' title="bbox 199 2810 971 2846">
     <span class='ocr_line' id='line_1_109' title="bbox 199 2810 971 2846; baseline 0.003 -11"><span class='ocrx_word' id='word_1_787' title='bbox 199 2810 253 2836; x_wconf 75' lang='lat' dir='ltr'><strong>Uac</strong></span> <span class='ocrx_word' id='word_1_788' title='bbox 278 2811 356 2844; x_wconf 67' lang='lat' dir='ltr'><strong>igitur</strong></span> <span class='ocrx_word' id='word_1_789' title='bbox 369 2817 432 2836; x_wconf 85' lang='lat' dir='ltr'><strong>usus</strong></span> <span class='ocrx_word' id='word_1_790' title='bbox 443 2817 501 2836; x_wconf 85' lang='lat' dir='ltr'><strong>sum</strong></span> <span class='ocrx_word' id='word_1_791' title='bbox 515 2816 621 2836; x_wconf 85' lang='lat' dir='ltr'><strong>sensum</strong></span> <span class='ocrx_word' id='word_1_792' title='bbox 639 2810 726 2842; x_wconf 84' lang='lat' dir='ltr'><strong>potius</strong></span> <span class='ocrx_word' id='word_1_793' title='bbox 749 2810 878 2844; x_wconf 82' lang='lat' dir='ltr'><strong>pendens,</strong></span> <span class='ocrx_word' id='word_1_794' title='bbox 893 2819 971 2846; x_wconf 81' lang='lat' dir='ltr'><strong>quam</strong></span> 
     </span>
    </p>
   </div>
   <div class='ocr_carea' id='block_1_110' title="bbox 1024 2533 1815 2567">
    <p class='ocr_par' dir='ltr' id='par_1_110' title="bbox 1024 2533 1815 2567">
     <span class='ocr_line' id='line_1_110' title="bbox 1024 2533 1815 2567; baseline 0.003 -8"><span class='ocrx_word' id='word_1_795' title='bbox 1024 2534 1115 2563; x_wconf 81' lang='lat' dir='ltr'><strong>verba.</strong></span> <span class='ocrx_word' id='word_1_796' title='bbox 1147 2533 1190 2559; x_wconf 89' lang='lat' dir='ltr'><strong>ubi</strong></span> <span class='ocrx_word' id='word_1_797' title='bbox 1215 2533 1239 2559; x_wconf 91' lang='lat' dir='ltr'><strong>in</strong></span> <span class='ocrx_word' id='word_1_798' title='bbox 1271 2534 1361 2560; x_wconf 82' lang='lat' dir='ltr'><strong>verbis</strong></span> <span class='ocrx_word' id='word_1_799' title='bbox 1383 2533 1452 2559; x_wconf 70' lang='lat' dir='ltr'><strong>nihil&quot;</strong></span> <span class='ocrx_word' id='word_1_800' title='bbox 1474 2538 1516 2560; x_wconf 82' lang='lat' dir='ltr'><strong>est</strong></span> <span class='ocrx_word' id='word_1_801' title='bbox 1538 2533 1679 2567; x_wconf 83' lang='lat' dir='ltr'><strong>momenti,</strong></span> <span class='ocrx_word' id='word_1_802' title='bbox 1706 2541 1756 2561; x_wconf 86' lang='lat' dir='ltr'><strong>nec</strong></span> <span class='ocrx_word' id='word_1_803' title='bbox 1782 2535 1815 2561; x_wconf 83' lang='lat' dir='ltr'><strong>ad</strong></span> 
     </span>
    </p>
   </div>
   <div class='ocr_carea' id='block_1_111' title="bbox 1026 2568 1816 2603">
    <p class='ocr_par' dir='ltr' id='par_1_111' title="bbox 1026 2568 1816 2603">
     <span class='ocr_line' id='line_1_111' title="bbox 1026 2568 1816 2603; baseline 0.001 -9"><span class='ocrx_word' id='word_1_804' title='bbox 1026 2576 1082 2594; x_wconf 74' lang='lat' dir='ltr'><strong>rem</strong></span> <span class='ocrx_word' id='word_1_805' title='bbox 1113 2569 1226 2594; x_wconf 87' lang='lat' dir='ltr'><strong>interest</strong></span> <span class='ocrx_word' id='word_1_806' title='bbox 1249 2575 1309 2595; x_wconf 87' lang='lat' dir='ltr'><strong>ntro</strong></span> <span class='ocrx_word' id='word_1_807' title='bbox 1335 2568 1415 2595; x_wconf 90' lang='lat' dir='ltr'><strong>modo</strong></span> <span class='ocrx_word' id='word_1_808' title='bbox 1442 2573 1544 2600; x_wconf 63' lang='lat' dir='ltr'><strong>vertas,</strong></span> <span class='ocrx_word' id='word_1_809' title='bbox 1569 2571 1641 2603; x_wconf 86' lang='lat' dir='ltr'><strong>quod</strong></span> <span class='ocrx_word' id='word_1_810' title='bbox 1661 2570 1745 2596; x_wconf 88' lang='lat' dir='ltr'><strong>etiam</strong></span> <span class='ocrx_word' id='word_1_811' title='bbox 1772 2571 1816 2596; x_wconf 88' lang='lat' dir='ltr'><strong>di-</strong></span> 
     </span>
    </p>
   </div>
   <div class='ocr_carea' id='block_1_112' title="bbox 1025 2602 1818 2638">
    <p class='ocr_par' dir='ltr' id='par_1_112' title="bbox 1025 2602 1818 2638">
     <span class='ocr_line' id='line_1_112' title="bbox 1025 2602 1818 2638; baseline 0.003 -9"><span class='ocrx_word' id='word_1_812' title='bbox 1025 2607 1098 2629; x_wconf 89' lang='lat' dir='ltr'><strong>ctum</strong></span> <span class='ocrx_word' id='word_1_813' title='bbox 1113 2604 1190 2629; x_wconf 79' lang='lat' dir='ltr'><strong>Veiill)</strong></span> <span class='ocrx_word' id='word_1_814' title='bbox 1207 2602 1256 2636; x_wconf 79' lang='lat' dir='ltr'><strong>pro</strong></span> <span class='ocrx_word' id='word_1_815' title='bbox 1271 2603 1394 2637; x_wconf 83' lang='lat' dir='ltr'><strong>sequenti</strong></span> <span class='ocrx_word' id='word_1_816' title='bbox 1413 2608 1487 2636; x_wconf 85' lang='lat' dir='ltr'><strong>nota,</strong></span> <span class='ocrx_word' id='word_1_817' title='bbox 1499 2608 1526 2630; x_wconf 87' lang='lat' dir='ltr'><strong>et</strong></span> <span class='ocrx_word' id='word_1_818' title='bbox 1545 2602 1607 2630; x_wconf 77' lang='lat' dir='ltr'><strong>aliis</strong></span> <span class='ocrx_word' id='word_1_819' title='bbox 1623 2604 1757 2631; x_wconf 89' lang='lat' dir='ltr'><strong>similibus</strong></span> <span class='ocrx_word' id='word_1_820' title='bbox 1769 2612 1818 2638; x_wconf 88' lang='lat' dir='ltr'><strong>per</strong></span> 
     </span>
    </p>
   </div>
   <div class='ocr_carea' id='block_1_113' title="bbox 1027 2638 1355 2664">
    <p class='ocr_par' dir='ltr' id='par_1_113' title="bbox 1027 2638 1355 2664">
     <span class='ocr_line' id='line_1_113' title="bbox 1027 2638 1355 2664; baseline -0.003 0"><span class='ocrx_word' id='word_1_821' title='bbox 1027 2645 1121 2664; x_wconf 81' lang='lat' dir='ltr'><strong>omnes</strong></span> <span class='ocrx_word' id='word_1_822' title='bbox 1142 2638 1266 2664; x_wconf 80' lang='lat' dir='ltr'><strong>homilias</strong></span> <span class='ocrx_word' id='word_1_823' title='bbox 1280 2638 1355 2664; x_wconf 76' lang='lat' dir='ltr'><strong>locis.</strong></span> 
     </span>
    </p>
   </div>
   <div class='ocr_carea' id='block_1_114' title="bbox 1062 2670 1818 2709">
    <p class='ocr_par' dir='ltr' id='par_1_114' title="bbox 1062 2670 1818 2709">
     <span class='ocr_line' id='line_1_114' title="bbox 1062 2670 1818 2709; baseline 0.005 -12"><span class='ocrx_word' id='word_1_824' title='bbox 1062 2673 1118 2709; x_wconf 19' lang='lat'><strong>(718)</strong></span> <span class='ocrx_word' id='word_1_825' title='bbox 1135 2670 1597 2709; x_wconf 60' lang='lat' dir='ltr'><strong>_Variiu]uettiscerptumtormentis.</strong></span> <span class='ocrx_word' id='word_1_826' title='bbox 1610 2673 1741 2705; x_wconf 84' lang='lat' dir='ltr'><strong>Quamvis</strong></span> <span class='ocrx_word' id='word_1_827' title='bbox 1771 2674 1818 2709; x_wconf 79' lang='grc' dir='ltr'><strong>ἂρ·</strong></span> 
     </span>
    </p>
   </div>
   <div class='ocr_carea' id='block_1_115' title="bbox 1029 2706 1816 2741">
    <p class='ocr_par' dir='ltr' id='par_1_115' title="bbox 1029 2706 1816 2741">
     <span class='ocr_line' id='line_1_115' title="bbox 1029 2706 1816 2741; baseline 0.005 -9"><span class='ocrx_word' id='word_1_828' title='bbox 1029 2706 1166 2741; x_wconf 74' lang='grc' dir='ltr'>Ορέμὸολα</span> <span class='ocrx_word' id='word_1_829' title='bbox 1195 2708 1303 2741; x_wconf 90' lang='lat' dir='ltr'><strong>propria</strong></span> <span class='ocrx_word' id='word_1_830' title='bbox 1315 2708 1438 2741; x_wconf 73' lang='lat' dir='ltr'><strong>quaedam</strong></span> <span class='ocrx_word' id='word_1_831' title='bbox 1470 2708 1525 2735; x_wconf 90' lang='lat' dir='ltr'><strong>sint</strong></span> <span class='ocrx_word' id='word_1_832' title='bbox 1549 2709 1729 2735; x_wconf 86' lang='lat' dir='ltr'><strong>instrumenta</strong></span> <span class='ocrx_word' id='word_1_833' title='bbox 1759 2706 1816 2736; x_wconf 76' lang='lat' dir='ltr'><strong>tor—</strong></span> 
     </span>
    </p>
   </div>
   <div class='ocr_carea' id='block_1_116' title="bbox 1029 2742 1816 2778">
    <p class='ocr_par' dir='ltr' id='par_1_116' title="bbox 1029 2742 1816 2778">
     <span class='ocr_line' id='line_1_116' title="bbox 1029 2742 1816 2778; baseline 0.003 -12"><span class='ocrx_word' id='word_1_834' title='bbox 1029 2743 1127 2778; x_wconf 76' lang='lat' dir='ltr'><strong>quendi</strong></span> <span class='ocrx_word' id='word_1_835' title='bbox 1146 2743 1230 2778; x_wconf 28' lang='lat' dir='ltr'><strong>“dicta</strong></span> <span class='ocrx_word' id='word_1_836' title='bbox 1258 2742 1312 2768; x_wconf 83' lang='grc' dir='ltr'><strong>ἀπὸ</strong></span> <span class='ocrx_word' id='word_1_837' title='bbox 1328 2742 1396 2778; x_wconf 18' lang='grc' dir='ltr'>»τῶν</span> <span class='ocrx_word' id='word_1_838' title='bbox 1421 2743 1543 2778; x_wconf 79' lang='grc' dir='ltr'>ἄρθρων,</span> <span class='ocrx_word' id='word_1_839' title='bbox 1573 2750 1600 2769; x_wconf 86' lang='lat' dir='ltr'><strong>et</strong></span> <span class='ocrx_word' id='word_1_840' title='bbox 1624 2742 1767 2777; x_wconf 61' lang='grc' dir='ltr'>ἐμὸἀιλλω,</span> <span class='ocrx_word' id='word_1_841' title='bbox 1783 2748 1816 2770; x_wconf 85' lang='lat' dir='ltr'><strong>an</strong></span> 
     </span>
    </p>
   </div>
   <div class='ocr_carea' id='block_1_117' title="bbox 1028 2776 1816 2812">
    <p class='ocr_par' dir='ltr' id='par_1_117' title="bbox 1028 2776 1816 2812">
     <span class='ocr_line' id='line_1_117' title="bbox 1028 2776 1816 2812; baseline 0.003 -10"><span class='ocrx_word' id='word_1_842' title='bbox 1028 2776 1188 2808; x_wconf 87' lang='lat' dir='ltr'><strong>inseremlis,</strong></span> <span class='ocrx_word' id='word_1_843' title='bbox 1215 2784 1261 2803; x_wconf 88' lang='lat' dir='ltr'><strong>seu</strong></span> <span class='ocrx_word' id='word_1_844' title='bbox 1284 2776 1450 2812; x_wconf 21' lang='lat' dir='ltr'><strong>iinjicicndis</strong></span> <span class='ocrx_word' id='word_1_845' title='bbox 1476 2776 1611 2809; x_wconf 72' lang='lat' dir='ltr'><strong>artubus;</strong></span> <span class='ocrx_word' id='word_1_846' title='bbox 1631 2776 1694 2812; x_wconf 78' lang='lat' dir='ltr'><strong>quia</strong></span> <span class='ocrx_word' id='word_1_847' title='bbox 1728 2783 1816 2805; x_wconf 77' lang='lat' dir='ltr'><strong>tamen</strong></span> 
     </span>
    </p>
   </div>
   <div class='ocr_carea' id='block_1_118' title="bbox 1026 2811 1819 2848">
    <p class='ocr_par' dir='ltr' id='par_1_118' title="bbox 1026 2811 1819 2848">
     <span class='ocr_line' id='line_1_118' title="bbox 1026 2811 1819 2848; baseline 0.003 -11"><span class='ocrx_word' id='word_1_848' title='bbox 1026 2811 1197 2838; x_wconf 86' lang='lat' dir='ltr'><strong>commodum</strong></span> <span class='ocrx_word' id='word_1_849' title='bbox 1233 2818 1248 2838; x_wconf 73' lang='grc' dir='ltr'><strong>ο</strong></span> <span class='ocrx_word' id='word_1_850' title='bbox 1283 2811 1377 2839; x_wconf 84' lang='lat' dir='ltr'><strong>Latino</strong></span> <span class='ocrx_word' id='word_1_851' title='bbox 1414 2820 1538 2840; x_wconf 87' lang='lat' dir='ltr'><strong>sermone</strong></span> <span class='ocrx_word' id='word_1_852' title='bbox 1570 2811 1819 2848; x_wconf 29' lang='lat' dir='ltr'><strong>non’suppctenat</strong></span> 
     </span>
    </p>
   </div>
  </div>
