1883 3053
55 139 100 171 465

724 144 890 175 HOMlLIA
909 146 1007 177 XXII.

1627 150 1680 182 1.66

56 195 116 223 Ιδεῖν
130 195 216 223 αὑτοῦ
231 197 266 225 τὰ
278 197 390 226 ὀπίσθια
403 206 410 215 ·
427 199 601 231 διδάσκοντος
620 200 666 227 διὰ
681 200 785 228 τούτων
796 210 805 228 Ἰ

924 210 968 230 ora
981 203 1159 238 praecedentis
1175 205 1258 233 videt.
1274 205 1308 233 Et
1321 206 1366 241 qui
1385 207 1429 235 Dei
1447 207 1542 235 faciem
1557 215 1586 236 se
1601 208 1681 236 visu—

52 241 137 276 λόγου,
153 242 193 275 ὡς
207 243 353 279 ἐπιθυμῶν
370 245 435 273 ἰδεῖν
453 246 499 273 τὸν
512 245 590 278 Θεὸν,
606 247 635 273 ἐν
649 247 688 282 τῷ
708 247 752 274 ἀεὶ
763 247 838 283 αὺτῷ

52 289 218 322 ἀκολουθεῖν,
235 290 287 326 ὁρᾷ
300 291 346 318 τὸν
360 291 542 327 ποθούμενον.

894 256 952 276 rum
974 251 1113 284 sperabat,
1128 255 1156 279 et
1180 251 1306 285 dicebat;
1328 261 1337 278 ι
1357 253 1473 281 Ostende
1497 254 1564 280 mihi
1583 253 1680 281 faciem

891 299 964 323 tuam
980 297 1014 329 ",
1030 306 1039 323 ›
1062 298 1106 325 vix
1131 298 1231 334 dignus
1257 300 1367 327 habitus
1384 305 1441 333 est,
1458 301 1503 335 qui
1532 302 1680 336 posteriora

53 335 158 362 iideret.
193 335 253 369 Quo
282 344 347 364 sane
373 338 464 365 divino
489 339 604 374 eloquio:
618 340 761 372 docemur,
778 347 840 367 eum
861 341 906 376 qui
924 342 1032 370 videndi
1058 343 1103 372 Dei
1119 344 1254 374 desiderio
1288 345 1400 374 allectus
1433 351 1491 380 est,
1510 347 1580 375 ineo
1597 355 1682 382 usque

50 382 183 415 sequendo
200 382 319 409 visurum
333 384 404 417 quod
419 389 508 418 optat.

84 426 113 452 '0
121 427 150 453 δὲ
165 428 318 463 κορυφαῖος
330 428 379 463 τῆς
395 429 471 464 ἱερᾶς
486 430 600 465 λογάδος
628 431 683 459 τῶν
697 430 837 467 μαθητῶν,

50 472 233 508 ἀκολουθήσας
250 474 371 509 ἀρχῆθεν
385 475 424 509 τῷ
439 477 575 513 Δεσπὸτῃ,
593 479 641 505 καὶ
666 479 768 514 θεατὴς
783 479 838 505 τῶν

50 517 153 544 ἐκείνου
172 518 321 554 θαυμάτων
340 520 499 556 γενόμενος,
528 524 576 550 καὶ
593 523 640 549 τοῦ
663 523 837 559 θαυματουρ-

49 565 103 597 γείν
115 564 244 597 ἐξουσίαν
259 565 361 598 λαὸὼν,
382 566 445 594 ιίὼν
468 567 497 595 δὲ
510 568 558 594 καὶ
584 569 635 604 τὴν
653 569 771 605 φρικτὴν
791 578 838 604 με·

49 609 226 644 ταμόρφωσιν
241 611 365 646 αὑτιψεὶ,
380 613 427 639 καὶ
436 613 487 648 τῆς
522 615 660 650 πατρικῆς
684 616 838 651 μαρτυρίας

49 656 183 691 ἀκηκοὼς,
203 658 330 690 καὶτοὺς
351 660 484 694 πυρίνους
505 661 559 688 τῶν
572 662 674 696 νοερῶν
694 662 838 697 δυνάμεων

48 705 187 737 ποταμοὺς
202 704 241 738 τῷ
253 704 376 740 λογισμῴ
389 706 524 741 ὑπερϐὰς,
546 707 593 734 καὶ
608 708 723 742 μυηθεὶς
747 709 778 735 ὲκ
789 708 837 734 τοῦ

48 748 151 784 Harpe;
167 749 214 775 τοῦ
231 749 296 776 Υίοῦ
309 750 358 786 τὴν
376 752 531 785 εὐγένειαν,
549 755 597 780 καὶ
613 753 679 780 Υἰὸν
693 753 741 780 τοῦ
767 753 837 780 Θεοῦ

46 795 88 821 τοῦ
102 795 206 826 ζῶντος
218 796 300 822 αὑτὸν
311 798 548 834 μεμαρτυρηκὼς,
559 800 654 836 ἐπειδὴ
667 801 715 827 τοῦ
734 801 837 836 Κυρίου

46 842 144 876 ἤκουσε
155 843 190 868 τὰ
202 842 249 869 τοῦ
260 843 364 876 Πάθευς
375 845 565 879 προλέγοντος,
579 848 677 881 μικρὸν
690 856 838 882 mmma-

928 434 964 458 At
977 439 1041 459 vero
1055 433 1108 460 dux
1122 441 1206 462 sacrae
1222 434 1416 469 discipulorum
1436 436 1559 464 cohortis
1573 444 1683 465 secutus

892 476 926 504 ab
942 477 1019 505 initio
1035 477 1188 511 Dominum,
1201 474 1416 514 cum'spectator
1440 480 1536 509 luisset
1563 482 1682 510 miracu-

891 521 978 550 lorum
997 522 1079 558 illius,
1095 527 1122 551 et
1138 524 1195 559 ipse
1211 525 1335 559 patrattdi
1361 525 1491 553 miracula
1521 531 1681 562 potestatem

891 568 1052 603 accepisset,
1071 569 1118 604 qui
1138 571 1306 598 tremendam
1320 571 1392 598 illam
1416 573 1681 608 trausligurationem

890 614 976 642 oculis
992 615 1049 643 suis
1067 615 1172 643 viderat
1183 617 1217 650 ",
1234 622 1262 645 et
1287 616 1377 644 Patris
1393 619 1612 647 testiﬁcationem
1633 628 1682 648 att-

888 660 992 694 dierat;
1022 661 1068 695 qui
1094 662 1220 690 ardentes
1251 663 1403 691 ccelestium
1426 665 1558 692 virtutum
1583 665 1681 694 ﬂuvios

888 712 979 734 mente
996 709 1204 736 transcenderat
1216 713 1244 737 et
1264 717 1278 736 a
1296 709 1377 737 Patre
1402 711 1519 738 nobilem
1546 711 1607 739 Filii
1634 720 1682 747 ge-

890 753 1059 781 nerationem
1071 755 1184 783 edoctus
1198 755 1286 790 ipsum
1302 755 1349 784 Dei
1360 757 1414 784 vivi
1430 757 1528 785 Filium
1541 758 1684 786 confessus

891 798 980 826 fuerat
994 799 1028 833 ⁸⁷,
1044 800 1088 827 ubi
1105 800 1249 828 Dominum
1267 809 1326 836 quin
1341 810 1471 837 passurus
1485 807 1557 831 esset
1581 805 1682 838 praedi-

893 850 999 872 centem
1014 845 1128 880 audivit,
1151 846 1289 880 paululum
1311 848 1455 880 aberrans,
1480 856 1531 876 nec
1557 849 1627 877 bene
1643 850 1684 877 di-

46 888 108 919 λεὶς,
125 889 172 914 καὶ
185 888 224 924 μὴ
239 889 332 921 καλῶς
346 890 392 917 τὸν
408 890 486 925 λόγον
500 893 749 928 περισκεψάμενος,
760 894 805 921 ἀντ

925 892 1009 920 iciens
1023 893 1094 927 quod
1111 892 1228 925 dicebat,
1243 894 1410 921 contradixit
1426 903 1433 922 :
1452 904 1463 921 ι
1476 895 1554 923 Absit
1565 903 1579 922 a
1593 900 1619 923 te
1630 896 1683 924 Do-

47 935 201 969 φθέγξατο·
223 945 233 961 ι
249 935 342 968 Ἵλεώς
365 945 418 970 σοι,
437 939 467 965 οὐ
492 939 529 974 μὴ
553 939 630 966 ἔσται
653 949 694 966 σοι
719 941 808 973 τοῦτο,
825 950 834 967 t

45 982 136 1008 ἀκούει
149 978 230 1013 αὖθις
238 983 269 1008 τό
281 991 288 998 ·
310 992 319 1008 ι
335 984 444 1017 ’Υπαγε
458 985 546 1011 ὀπίσω
568 994 620 1020 μου
633 994 640 1002 ”
657 996 666 1012 ι
683 988 836 1020 τουτέστιν,

51 1029 207 1056 Ἀκολούθει
222 1039 278 1064 μοι.
288 1030 333 1057 Ἐν
345 1031 372 1057 δὲ
385 1031 424 1067 τῷ
440 1032 530 1067 καιρῷ
541 1032 587 1059 τοῦ
598 1033 703 1065 ῐΙάθους
713 1034 758 1060 τὸν
770 1035 838 1069 πρὸς

44 1075 206 1102 διδάσκαλον
224 1076 416 1112 ἐνδειξάμενος
437 1078 572 1114 διάπυρον
601 1079 705 1113 ἔρωτα,
730 1081 839 1107 πάντων

45 1122 96 1155 γὰρ
114 1122 331 1157 ὕποτρεσάντων
343 1123 398 1150 τῶν
417 1124 549 1159 μαθητῶν
576 1124 610 1151 τὰ
626 1125 702 1161 ξίφη,
719 1126 765 1152 καὶ
790 1126 840 1158 τὰς

44 1168 138 1202 δᾷδας.
158 1169 207 1194 καὶ
218 1168 268 1203 τὴν
280 1170 408 1203 σπεῖραν,
427 1170 474 1196 καὶ
487 1170 532 1196 τὸν
544 1170 696 1206 χιλίαρχον,
711 1172 757 1198 καὶ
772 1181 840 1207 χρη-

44 1215 172 1249 σαμένων
192 1217 277 1250 φυγῇ,
296 1215 377 1246 αὐτὸς
389 1216 459 1250 πρὸς
472 1216 581 1251 ἄμυναν
596 1216 682 1252 ᾤχετο
698 1217 840 1254 ἄπληστος

42 1261 189 1288 ἐκκόπτων
200 1262 235 1288 τὰ
248 1262 339 1295 φαῦλα
350 1262 406 1289 τῶν
424 1262 561 1289 Ἰουδαίων
574 1260 642 1295 ὦτα,
659 1264 692 1291 τὰ
709 1264 758 1298 τῆς
774 1265 841 1296 Χρι-

44 1307 107 1334 στοῦ
124 1307 302 1340 διδασκαλίας
317 1309 433 1343 ἀνήκοα.
455 1306 540 1341 Οὗτος
559 1309 614 1336 οὐδ’
630 1311 660 1336 ἐν
687 1310 725 1345 τῷ
753 1310 840 1345 φόόῳ,

44 1354 91 1380 καὶ
122 1354 163 1388 τῷ
186 1354 295 1390 θορύϐῳ
308 1355 360 1389 τῆς
373 1355 466 1390 φωνῆς
478 1355 660 1390 ἐπελέληστο,
673 1354 706 1393 ἦς
722 1356 841 1392 ἤκουσεν

42 1400 89 1426 ἀπ’
103 1400 216 1435 ἀρχῆς·
256 1410 266 1426 t
301 1401 458 1428 Ἀκολούθει
493 1410 576 1436 μοι.»
601 1402 746 1437 Τοιγάρτοι
776 1404 842 1438 ἡκο-

42 1446 136 1472 Αούθει
152 1447 220 1473 ἰδεῖν
235 1447 265 1473 τὸ
279 1446 367 1478 τέλος.
384 1447 440 1474 Καὶ
453 1447 524 1482 μετὰ
538 1447 589 1483 τὴν
606 1448 757 1475 ἀνάστασιν
779 1449 841 1476 ίδὼν

40 1493 86 1519 τον
105 1493 224 1528 Κύριον,
243 1493 290 1519 καὶ
305 1493 410 1528 οἰηθεὶς
430 1493 494 1529 ἄρτι
517 1494 552 1520 τὰ
575 1494 645 1530 γέρα
672 1495 777 1526 λαϐεῖν,
794 1496 841 1522 καὶ

41 1537 90 1568 τὰς
106 1538 186 1569 κλεῖς
201 1539 251 1573 τῆς
265 1538 408 1572 βασιλείας
424 1539 479 1565 τῶν
497 1538 633 1574 οὐρανῶν,
658 1540 728 1576 μετὰ
748 1540 778 1567 τὸ
793 1541 840 1575 ἐγο
853 1553 876 1585 C

41 1583 226 1619 χειρισθῆναι
254 1584 305 1619 τὴν
320 1584 376 1611 τῶν
391 1585 540 1620 προὸάτων
555 1587 651 1621 νομὴν,
682 1587 765 1614 πάλιν
779 1587 822 1613 είσ
832 1602 841 1606 -

39 1629 189 1664 αγωγικὴν
205 1629 302 1656 ἀκούει
319 1631 413 1666 φωνήν
427 1639 434 1646 ·
452 1640 463 1657 ι
487 1631 552 1658 Ἐὰν
562 1631 632 1658 θέλω
651 1632 744 1666 μένειν
760 1633 844 1660 αὐτὸν

38 1676 92 1706 ἕως
112 1675 250 1711 ἔρχομαι,
270 1676 298 1702 τί
314 1677 383 1711 πρός
409 1685 459 1711 σε;
477 1677 509 1703 σὺ
526 1677 671 1704 ἀκολούθει
685 1687 743 1712 μοι.
760 1689 769 1704 ι

80 1722 183 1758 Ὁρᾷς,
200 1722 240 1754 ὡς
255 1724 303 1750 καὶ
322 1725 379 1755 τοῖς
398 1724 449 1760 ἤδη
466 1724 636 1752 τελειωθεῖσι
651 1728 724 1753 κατὰ
740 1727 844 1755 Μωσέα

38 1770 89 1796 καὶ
104 1769 228 1805 Πέτρον,
249 1770 280 1796 τὸ
296 1770 420 1797 τοιοῦτον
433 1771 551 1806 ἁρμόζει
575 1772 781 1808 παράγγελμα;
797 1774 844 1801 καὶ

38 1816 119 1847 ὅπως
138 1816 211 1851 μετὰ
227 1816 364 1848 τοσαύτας
386 1817 535 1850 ἀναϐάσεις
561 1819 638 1853 μόλις
653 1819 777 1852 ἀξιοῦταί
802 1829 844 1852 τις

37 1862 87 1889 τοῦ
121 1862 251 1889 τοιούτου
278 1863 472 1898 χαρίσματος;
489 1863 584 1891 Ταῦτα
599 1864 715 1899 μυηθεὶς
728 1866 842 1899 Μωσῆς,

38 1908 269 1944 νενομοθέτηκεν
292 1909 382 1935 ὀπίσω
411 1910 517 1943 Κυρίου
534 1910 582 1936 τοῦ
596 1910 664 1937 Θεοῦ
678 1911 844 1945 πορεύεσθαι

36 1955 86 1981 τὸν
102 1955 186 1982 λαόν.
205 1955 296 1990 Ὅπερ
319 1955 440 1987 ἀκούσας
453 1957 466 1981 ό
484 1955 578 1988 Δαϐὶδ,
609 1958 677 1990 φησὶ
702 1957 771 1993 πρὸς
797 1958 844 1984 τὸν

37 2000 131 2026 ϐίον·
151 2009 162 2025 ‹
192 1999 347 2035 Ἐκκολήθη
372 2001 390 2035 ἡ
416 2000 489 2036 ψυχή
511 2009 563 2035 μου
575 2001 663 2028 ὀπίσω
677 2011 723 2029 σου
740 2009 747 2017 ⁸
769 2012 778 2029 ι
797 2003 844 2030 καὶ

37 2047 53 2080 ἡ
72 2047 105 2073 ὲν
138 2046 179 2080 τῷ
195 2046 316 2082 ᾏσματι
342 2046 483 2082 ἀκήρατος
522 2046 615 2083 νύμφη
643 2048 716 2075 οὕτω
740 2050 843 2085 φησιν·

38 2101 49 2117 ε
73 2091 258 2125 Ἀδελφιδοῦς
272 2101 318 2127 μοι
333 2093 485 2128 παρῆλθεν,
498 2094 515 2128 ὴ
532 2094 604 2129 ψυχή
621 2103 673 2130 μου
686 2095 799 2131 ἐξῆλθεν
815 2098 844 2123 ἐν

34 2138 114 2174 Λόγῳ
150 2138 255 2165 αὐτοῦ·
276 2148 285 2164 t
302 2139 333 2166 ού
365 2139 419 2174 γάρ
435 2140 495 2166 ἐστι
519 2140 658 2175 σωτηρίας
673 2142 752 2174 ἐλπὶς
766 2144 790 2170 εὶ
805 2144 843 2178 μή

34 2194 78 2217 τις
96 2185 270 2212 ἀκολουθεῖν
296 2185 442 2221 παιδευθῇ.
464 2195 473 2211 ι
499 2186 542 2213 Ἐν
556 2187 610 2223 γὰρ
633 2188 691 2220 τοῖς
708 2189 846 2224 μεταφρέ-

70 2255 96 2293 ξδ
118 2253 212 2281 Exod.
228 2262 336 2293 xl_x_ttt_._
353 2255 414 2293 l5._
448 2255 472 2272 '°
485 2255 590 2293 Matth.
611 2264 679 2293 ξνιι,
703 2257 714 2283 l
734 2265 810 2293 seqq.

34 2290 56 2306 '°
68 2289 161 2322 Joan_
179 2297 237 2321 xxI,
253 2290 299 2317 25.
317 2290 337 2306 “
354 2289 425 2317 Psal.
442 2298 508 2324 LXII,
525 2291 552 2318 9.
570 2292 593 2307 ⁹¹
605 2291 684 2318 Cant.
702 2301 726 2322 ν.
738 2292 765 2320 6.

849 2259 871 2274 ³⁷
883 2258 977 2285 Matth.
1008 2264 1062 2288 xvr,

889 937 972 970 mine,
984 944 1036 965 non
1048 938 1100 965 erit
1111 938 1158 967 tibi
1169 939 1277 973 hoc“;t
1291 940 1420 975 auditque
1434 949 1527 974 rursus
1541 941 1683 977 illud(22):

893 993 902 1009 ι
923 984 999 1012 Vade
1016 990 1077 1020 post
1093 993 1136 1013 me
1150 986 1192 1020 3';
1212 995 1221 1012 ι
1241 987 1312 1021 quod
1331 991 1385 1020 est,
1402 988 1521 1022 Sequere
1538 996 1591 1015 me.
1614 987 1682 1015 Pas-

889 1029 974 1058 sionis
988 1038 1052 1058 vero
1069 1035 1201 1066 tempore,
1220 1031 1417 1060 inﬂammatum
1437 1040 1501 1067 erga
1523 1033 1681 1068 Magistrum

890 1083 944 1109 pra:
967 1083 998 1104 se
1019 1077 1108 1105 ferens
1136 1085 1270 1110 amorem,
1292 1086 1354 1106 cum
1377 1086 1472 1106 omnes
1503 1079 1628 1113 dlSclpull
1645 1079 1680 1106 ob

890 1123 1003 1158 gladios,
1030 1114 1059 1151 et
1081 1124 1173 1156 taedas,
1195 1129 1222 1152 et
1246 1125 1396 1156 cohortem,
1420 1129 1447 1152 et
1466 1125 1603 1152 tribunum
1626 1128 1682 1152 tre-

891 1170 1024 1204 pidantes,
1053 1169 1115 1206 fuga
1140 1170 1190 1198 sibi
1218 1170 1429 1203 consuluissent,
1456 1170 1513 1206 ipse
1533 1170 1565 1198 ad
1589 1170 1681 1198 defen-

891 1216 996 1242 siouetn
1016 1216 1291 1251 insntiabiliquodam
1303 1217 1394 1244 studio
1418 1217 1508 1249 irruit,
1531 1221 1558 1244 et
1584 1224 1682 1252 pravas

891 1260 1047 1288 Jtnheorum
1062 1269 1142 1289 aures
1165 1261 1221 1297 (25)
1245 1262 1346 1289 Christi
1376 1262 1506 1290 doctrinae
1531 1263 1683 1290 obsurdes-

892 1313 983 1334 centes
998 1307 1119 1335 exsecuit
1136 1316 1142 1336 :
1162 1308 1215 1341 hic,
1241 1308 1362 1343 inquam,
1380 1315 1466 1343 neque
1480 1309 1506 1335 iu
1524 1309 1568 1336 illo
1585 1309 1683 1336 timore

892 1359 923 1380 ac
940 1355 1067 1386 tumultu,
1086 1353 1160 1381 vocis
1174 1353 1255 1386 illius,
1272 1362 1352 1389 quant
1367 1362 1380 1381 a
1399 1354 1534 1389 principio
1548 1355 1681 1387 audierat,

895 1398 1032 1434 «Sequere
1043 1407 1113 1432 me,»
1133 1400 1234 1428 oblitus
1251 1405 1293 1428 est
1310 1409 1317 1427 :
1336 1400 1446 1435 proinde
1460 1397 1635 1435 sequebatui',
1655 1405 1684 1427 ut

894 1445 996 1473 videret
1014 1446 1106 1474 liuent.
1121 1447 1152 1474 Et
1167 1453 1226 1482 post
1240 1447 1465 1475 resurrectionem
1483 1446 1627 1474 Dominmu
1643 1448 1684 1474 vi-

892 1492 970 1524 dcns.
985 1493 1240 1527 ctexislintansjam
1256 1501 1284 1521 se
1299 1495 1437 1528 pra-mium
1453 1495 1486 1521 ab
1497 1502 1539 1526 eo,
1551 1499 1577 1522 ct
1592 1494 1681 1525 claves

892 1539 968 1573 regni
984 1539 1105 1567 caelestis
1115 1541 1263 1575 accepisse,
1276 1545 1416 1575 postquam
1430 1541 1520 1568 ovium
1535 1540 1683 1575 pascenda-

896 1593 953 1611 rum
970 1593 1033 1612 cura
1046 1586 1096 1613 sibi
1113 1587 1239 1614 mandata
1251 1586 1308 1621 jam
1323 1587 1420 1633 fueratJ
1435 1587 1523 1613 denuo
1539 1594 1630 1613 vocem
1651 1586 1683 1613 il-

895 1631 948 1658 lum
965 1632 1187 1659 introductoriam
1210 1633 1285 1660 audit
1303 1641 1315 1665 ς
1335 1642 1344 1658 ι
1364 1632 1391 1659 Si
1409 1631 1471 1660 eum
1495 1633 1555 1660 volo
1574 1639 1684 1660 manere

895 1678 980 1705 dunec
997 1679 1115 1711 veniant,
1127 1679 1190 1713 quid
1208 1678 1241 1706 ad
1259 1679 1304 1706 te?
1316 1683 1343 1706 ιιι
1363 1687 1405 1705 me
1422 1686 1537 1712 sequere
1547 1679 1581 1705 ὀ.
1601 1688 1609 1704 ι

933 1723 1014 1751 Vides
1029 1723 1066 1750 nti
1089 1724 1217 1759 perlectis
1234 1725 1291 1759 jam
1302 1724 1335 1752 ad
1356 1724 1456 1760 Moysis
1473 1729 1502 1752 et
1523 1724 1594 1752 Petri
1620 1732 1685 1752 nor-

895 1778 966 1797 mam
989 1770 1045 1797 haec
1064 1770 1145 1797 etiam
1161 1770 1310 1798 admonitio
1337 1770 1543 1798 accommodata
1570 1770 1606 1799 sit
1625 1780 1632 1798 :
1659 1775 1687 1797 et

896 1817 1030 1849 quomodo
1054 1821 1113 1849 post
1129 1821 1167 1843 tot
1182 1817 1356 1844 ascensiones
1372 1817 1417 1843 vix
1444 1817 1578 1852 quispiam
1606 1816 1685 1851 142

897 1863 948 1889 hac
988 1862 1074 1897 gratia
1108 1862 1206 1895 dignus
1236 1863 1379 1890 habeatur.
1415 1863 1452 1890 De
1481 1863 1523 1890 his
1547 1863 1685 1898 mysteriis

896 1909 1002 1944 Moyses
1015 1909 1126 1936 edoctus
1139 1908 1237 1943 populo
1253 1909 1393 1943 praecepit,
1413 1913 1442 1935 ut
1456 1913 1516 1943 post
1544 1908 1686 1936 Dominum

896 1956 1058 1983 ambularet.
1082 1954 1141 1988 Quo
1156 1960 1295 1990 prmeepto
1309 1955 1391 1982 David
1408 1955 1511 1986 audito,
1527 1955 1566 1982 ait
1581 1955 1614 1981 ad
1633 1953 1686 1981 Do-

897 2002 998 2029 minum
1016 2010 1022 2028 :
1039 2010 1047 2026 ι
1068 2000 1187 2028 Adhazsit
1213 2001 1303 2027 anima
1334 2007 1392 2028 mea
1417 2006 1478 2035 post
1494 2001 1549 2028 te"
1574 2000 1631 2035 (ιιι)
1647 2007 1654 2026 :
1672 2009 1681 2025 ι

897 2053 924 2076 et
940 2049 964 2075 in
989 2048 1101 2076 Cantica
1119 2051 1193 2075 casta
1212 2047 1315 2081 Sponsa
1335 2048 1375 2074 sic
1390 2047 1509 2080 loquitur
1525 2055 1531 2073 :
1561 2055 1571 2073 ι
1590 2046 1685 2073 Frater

897 2103 972 2122 meus
1002 2093 1111 2122 transiit
1134 2103 1141 2120 :
1166 2093 1256 2120 anima
1284 2100 1341 2121 mea
1367 2100 1476 2128 egressa
1504 2098 1546 2120 est
1575 2093 1601 2120 in
1626 2099 1683 2119 scr-

898 2149 978 2169 tnone
994 2141 1053 2176 ejus
1067 2140 1103 2168 ⁸⁸.
1121 2149 1130 2166 ι
1152 2139 1229 2166 Nulla
1240 2139 1315 2166 enim
1336 2146 1397 2173 spes
1426 2143 1468 2166 est
1497 2138 1603 2170 salutis,
1631 2138 1683 2165 nisi

898 2189 920 2216 si
936 2187 998 2222 quis
1011 2185 1088 2220 sequi
1103 2185 1210 2212 discat:
1231 2193 1241 2210 ι
1256 2184 1380 2219 Scapulis
1391 2184 1491 2219 quippe
1508 2184 1564 2210 suis
1589 2184 1687 2211 obum-

1097 2255 1140 2281 Π.
1179 2255 1201 2271 ³⁸
1217 2253 1312 2281 Matth.
1342 2261 1399 2285 xvi,
1423 2253 1468 2281 22.
1506 2253 1609 2280 "Ibid.
1639 2253 1675 2280 23

675 2354 834 2385 Francisci
855 2354 960 2385 Scorsi
977 2355 1070 2384 notae.

30 2416 172 2450 Gregorii
191 2423 224 2442 ex
241 2415 337 2442 Latina
352 2415 580 2450 interpretatione
593 2417 661 2445 satis
681 2417 761 2444 habui
778 2425 840 2451 pro-
858 2419 880 2446 Ι)
895 2421 1003 2445 servato
1029 2421 1178 2449 temporum
1206 2414 1312 2446 ordine,
1335 2419 1369 2451 _ut
1389 2412 1451 2440 inde
1469 2412 1555 2444 magis
1575 2411 1689 2451 exsistat

30 2453 154 2483 tulisse.
179 2456 210 2477 ut
225 2451 267 2477 vel
299 2459 332 2477 ex
351 2451 393 2478 his
417 2452 503 2478 solum
541 2457 612 2480 totus
635 2453 721 2480 nostri
754 2452 843 2480 Theo.

29 2488 143 2522 phanis
157 2486 270 2513 asseclae
292 2485 416 2521 Gregorii
437 2490 541 2514 tractus
570 2488 705 2514 sermonis
721 2487 843 2516 illustra-
875 2516 878 2522 _

29 2529 137 2592 "ig-2')
166 2555 302 2592 ﬁnditque
317 2564 408 2592 mrsu;
433 2556 510 2584 illud.
536 2557 601 2592 ﬂare
616 2557 698 2585 verba
716 2565 768 2585 non
782 2562 845 2585 ante

28 2594 126 2620 visam
148 2591 257 2626 Christi
275 2591 540 2626 transﬁguralionetn
559 2591 656 2620 Petrus
673 2593 775 2620 audivit
791 2593 840 2620 sibi

27 2638 42 2655 a
67 2626 199 2656 Christo
225 2625 308 2652 dicta.
337 2625 399 2654 Huic
415 2627 486 2653 enim
506 2627 640 2662 promissa
667 2628 776 2662 quidem
791 2628 842 2654 fuit

28 2667 58 2690 in
90 2664 153 2689 hoc
178 2668 304 2698 sermone
333 2662 435 2698 Christi
465 2670 526 2698 cum
547 2661 639 2695 Petro,
667 2661 694 2689 at
716 2668 776 2698 post
795 2670 842 2690 sex

27 2699 93 2726 dies
131 2696 288 2731 proposita,
309 2703 389 2729 quam
421 2697 478 2723 haec
499 2697 571 2725 dit-ta
591 2697 657 2730 sint,
693 2696 723 2725 ut
737 2705 770 2725 ex
788 2702 845 2725 toto

27 2737 180 2761 contextu
199 2739 231 2758 ex
248 2739 308 2765 cap.
325 2731 420 2759 Matth.
439 2740 506 2764 xvn,
521 2737 547 2759 et
563 2732 644 2759 Marci
658 2741 696 2766 Ix,
713 2732 843 2765 Lucaatx,

27 2770 160 2803 planum
178 2771 218 2792 est
229 2775 237 2798 -,
249 2767 295 2804 sed
311 2767 398 2793 utitur
411 2767 454 2794 hic
469 2771 561 2804 orator
573 2769 657 2804 ﬁgura
671 2775 731 2803 quae
742 2768 843 2804 σωρός,

28 2801 87 2832 hoc
105 2807 172 2835 ρει,
193 2801 329 2834 cumulus,
357 2809 404 2828 seu
437 2803 579 2836 congeries
595 2801 722 2830 ’dicitur.
745 2801 842 2831 Ouinia

27 2840 110 2866 enim
131 2836 168 2863 S.
190 2835 262 2863 Petri
276 2837 416 2871 privilegia
433 2842 461 2864 et
478 2835 550 2864 recta
569 2837 639 2864 facta
658 2843 801 2865 enumerat
817 2843 844 2865 et

25 2873 185 2904 cumulat,
202 2871 277 2906 quod
301 2872 381 2899 etiam
396 2879 478 2907 supra
492 2872 525 2900 de
549 2877 636 2901 morte
653 2874 764 2905 fecerat,
790 2882 842 2901 non

900 2451 1060 2480 admirabile
1083 2447 1153 2485 quod
1175 2452 1289 2485 utet-que
1317 2449 1358 2476 vir
1387 2453 1439 2485 tam
1468 2454 1581 2482 magnus
1601 2447 1688 2485 tantis

899 2493 998 2514 auctus
1024 2482 1102 2514 donis
1127 2489 1153 2511 et
1182 2482 1327 2511 virtutibus
1356 2483 1446 2510 audiat
1468 2487 1555 2508 tamen
1575 2482 1686 2509 adhuc:

897 2521 1009 2553 Sequere
1034 2529 1084 2548 me.
1109 2520 1154 2547 Sic
1174 2519 1266 2554 itaque
1278 2524 1424 2546 excusatur
1439 2517 1470 2544 τὸ
1488 2516 1603 2552 ὕστερον
1619 2516 1686 2552 πρό-

896 2565 986 2592 τερον,
1004 2556 1152 2594 a_uctoris._
1186 2590 1191 2594 _
1563 2587 1568 2592 _

935 2586 989 2627 (23)
1012 2591 1114 2618 Pravas
1137 2590 1294 2618 Juda‘orum
1322 2597 1423 2628 att_res._
1442 2587 1625 2628 Allutlitli‘tent
1653 2586 1687 2613 ad

895 2621 1072 2662 aztego'ricum
1084 2632 1280 2660 sensumquetn
1292 2624 1407 2659 explicat
1418 2623 1534 2650 hom.De
1547 2621 1687 2649 l’nasione.

897 2662 964 2689 ane
980 2667 1068 2689 notas.

932 2698 988 2733 ('Zl)
1007 2697 1124 2733 Adltmsit
1141 2695 1231 2723 anima
1242 2698 1374 2733 mea‘post
1388 2698 1427 2733 te.
1445 2693 1479 2721 Et
1494 2693 1566 2720 httuc
1577 2691 1687 2733 Davitlis

895 2727 1129 2769 versiculum__ita
1157 2727 1345 2769 arcotntnodat
1361 2729 1395 2756 ad
1415 2735 1525 2769 sensum
1557 2727 1685 2769 moralem

895 2768 1042 2802 Gregorius
1060 2766 1141 2803 l‘jyss.
1173 2765 1242 2803 loco~
1257 2765 1332 2803 dicto
1349 2771 1430 2803 supra
1455 2772 1485 2803 _n.
1623 2763 1687 2803 item

895 2797 1011 2830 alterum
1023 2810 1055 2829 ex
1067 2797 1138 2829 P'sal.
1154 2808 1206 2828 xc:
1223 2799 1346 2834 Scapulis
1364 2797 1418 2826 suis
1435 2797 1601 2826 obumbrubt’l
1621 2797 1681 2825 tibi.

896 2838 961 2872 Quae
977 2838 1037 2866 vide
1054 2837 1081 2865 in
1096 2837 1157 2872 ipso
1173 2835 1315 2871 Gregorio.
