1883 3053
31 176 77 208 469

681 176 842 208 IIOMILlA
865 176 963 208 XXII.

1582 175 1634 207 470

33 233 112 264 Ὀστις
122 228 163 259 οὖν
178 232 349 269 ἐπαισχυνθῇ
365 242 409 269 με,
425 234 524 270 φησὶν,
539 234 708 270 ὁμολογῆσαι
731 233 796 260 Θεδν

863 232 1048 259 ¹011Γελεεῖοιιθῐῐὶ
1060 231 1154 266 exigit,
1176 234 1204 259 ut
1215 231 1313 267 duplex
1325 239 1433 268 quoque
1450 232 1633 260 sanctiﬁcatio

30 278 68 304 διὰ
86 278 131 312 τὴν
152 278 332 310 ταπείνωσιν,
345 279 379 314 ἦν
405 279 525 314 ἐμαυτὸν
551 279 736 311 ὲταπείνωσα,
751 279 798 304 καὶ

30 323 117 355 ὄνειδος
129 323 263 359 ἡγήσαιτο
274 324 420 359 κηρύττειν
431 324 642 360 ἐσταυρωμένον
655 324 731 356 Θεὸν,
743 325 798 351 οὐδ’

30 367 100 399 αὐτὸς
113 368 309 404 όμολογήσεται
325 369 372 395 ὑπ’
386 370 466 404 ἐμοῦ.
480 370 529 396 Διὰ
545 370 650 396 τούτων
668 370 696 397 δὲ
728 379 798 404 προ-

28 415 152 449 αναφωνεῖ
165 415 218 441 τῶν
235 417 386 450 μαρτύρων
401 416 431 442 τὺ
443 415 560 449 στάδιον,
578 416 625 443 καὶ
637 416 686 451 τὴν
701 416 798 450 ὁμολο-

29 461 93 494 τίαν,
107 462 151 487 καὶ
163 463 209 488 τὸν
225 462 294 496 ὑπὲρ
323 461 407 488 αὑτοῦ
437 461 562 489 θάνατον.
587 462 740 496 Μοιχαλίδα
769 461 799 488 δὲ

27 507 113 540 γενεὰν
137 508 181 534 καὶ
204 508 384 543 ἁμαρτωλὸν,
408 509 480 540 ’τοὺς
492 509 625 540 ἀπίστους
638 509 796 542 ὼνόμασεν¹

26 553 89 580 οὕτω
103 553 154 589 γὰρ
167 554 257 580 αὐτῶν
274 555 322 580 καὶ
337 555 351 581 ό
367 555 538 590 προφητικὸς
560 555 638 588 λόγος
657 554 797 581 καθάπτεο

25 608 73 630 ται,
85 599 119 631 ιὶις
137 599 337 635 ὲξεπόρνευσαν
352 601 410 632 τοῖς
428 600 569 634 γλυπτοῖς,
584 601 631 627 καὶ
647 600 798 635 ὲμοιχῶντο

25 646 50 671 ὲν
63 645 99 679 τῷ
115 645 182 679 ξύλῳ
193 653 200 659 ·
212 645 376 680 ἐπιπλήττει
391 646 421 672 δὲ
441 646 540 677 αὐτοὺς
555 647 628 681 καὶὴ
644 646 798 681 προφητεία

24 691 131 725 Μιχαίου
146 690 262 724 λέγουσα
274 699 282 706 ·
299 700 310 716 ἰ
330 691 379 718 Ἐκ
397 691 583 727 μισοωμάτων
594 693 722 727 πορνείας
735 701 797 719 συν-

24 736 113 771 ήγαγε,
127 737 172 762 καὶ
190 737 222 762 ἐκ
244 737 430 771 μισθωμάτων
448 738 578 773 πορνείας
605 738 766 773 ἀνέστρεψε.
784 747 793 764 ι

23 783 77 809 Τῶν
92 782 217 809 τοιούτοιν
230 783 322 809 τοίνυν
334 784 453 810 ἐνώπιον
464 785 631 819 ὁμολογῆσαι
642 785 688 812 τδν
703 786 798 812 ἐσταυ-

23 828 135 862 ρωμένον
147 828 196 854 οὐχ
211 828 443 863 ὲπαισχυνθέντες
457 831 481 856 ot
499 831 646 866 μάρτυρες,
659 831 715 858 τῶν
734 841 796 858 στε-

21 875 104 907 φάνων
116 875 259 910 ἐπέτυχον.
274 875 324 902 Διὰ
341 875 420 902 τοῦτο
433 876 525 912 ἔχαιρε
536 878 640 913 Πέτρος
652 879 696 904 ἐπὶ
710 887 796 913 κεφα-

19 921 65 954 λῆς
83 921 372 956 ἁνασκολοπιζύμενος,
406 923 455 948 καὶ
480 923 616 958 Στέφανος
645 923 675 950 ὲν
704 923 796 959 κύκλῳ

18 967 276 1002 λιθολευπτούμενος,
299 969 346 995 καὶ
369 968 510 1003 Ἀνδρέας,
541 969 588 995 καὶ
617 969 721 1004 Σίμων,
749 969 797 997 καὶ

17 1013 140 1046 Φίλιππος
154 1014 265 1049 σταυρῷ
278 1014 382 1041 τελειού
389 1023 479 1049 μενος,
492 1014 539 1041 καὶ
549 1015 650 1050 Θωμᾶς
663 1015 794 1050 λογχευό-

18 1067 104 1092 μενος,
135 1058 184 1085 καὶ
211 1058 319 1090 Παῦλος
333 1058 407 1093 ξίφει
432 1059 612 1094 τεμνόμενος,
636 1060 683 1086 καὶ
696 1061 720 1087 οἱ
737 1060 796 1095 μετ’

16 1104 107 1135 αὐτοὺς
115 1104 230 1139 ἀθληταὶ
240 1105 289 1137 τὰς
301 1105 489 1140 πολυτρόπους
509 1105 633 1134 κολάσεις
645 1105 794 1140 δεχόμενοι.

15 1150 66 1176 Καὶ
81 1150 172 1184 ἔλεγεν
189 1151 281 1183 αὐτοῖς
295 1159 302 1166 ·

48 1204 57 1220 ι
82 1195 182 1231 Ἀμὴν,
199 1195 274 1231 ἀμὴν
287 1195 360 1230 λέγω
373 1196 449 1231 ὑμῖν,
463 1197 505 1224 ὅτι
520 1197 572 1223 sla!
584 1205 655 1229 τινες
678 1197 733 1224 τῶν
745 1195 796 1225 ὧδε

13 1241 174 1276 ἑστηκότων,
200 1241 300 1273 οἵτινες
317 1242 348 1268 οὐ
364 1242 401 1277 μὴ
427 1241 580 1276 γεύσωνται
595 1243 725 1275 θανάτου,
741 1243 795 1276 ἕως

13 1287 45 1312 ἂν
58 1286 133 1313 ἴδωσι
160 1287 209 1322 τὴν
225 1286 365 1322 βασιλείαν
378 1287 424 1314 τοῦ
447 1287 515 1314 Θεοῦ
529 1288 692 1324 ἐληλυθυῖαν
706 1291 735 1316 ἐν
749 1291 796 1317 δυ-

14 1332 121 1367 νάμει.)
146 1333 256 1368 Ἐπειδὴ
268 1332 345 1360 εἶπεν
357 1333 473 1368 ἄνωθεν,
486 1334 527 1361 ὅτι
549 1344 557 1360 ι
574 1335 627 1361 Καὶ
644 1335 734 1370 orte;
748 1336 795 1363 τοῦ

9 1378 75 1405 Θεοῦ
101 1379 353 1415 ἐπαισχυνθήσεται
376 1380 469 1414 αὑτὸν,
483 1381 549 1407 ὅταν
568 1380 633 1417 ἔλθῃ
646 1383 675 1409 ὲν
685 1384 720 1418 τῇ
732 1383 794 1418 δόξῃ

10 1423 114 1459 Harpe;
126 1424 221 1456 αὐτοῦ,
239 1434 248 1450 ›
263 1425 359 1460 ἄδηλος
373 1425 401 1452 δὲ
410 1425 481 1460 αὕτη
492 1423 536 1461 ἦν,
552 1426 600 1452 καὶ
621 1427 772 1462 ἀμφίϐολος
787 1435 795 1444 ·

9 1470 214 1503 ἐπαγγέλλεται
236 1470 286 1505 τῆς
313 1470 394 1505 δόξης
424 1471 533 1504 ἐκείνης
547 1471 632 1504 δεῖξαι
658 1473 750 1505 αὐτοῖς
761 1474 795 1501 τὰ

9 1515 153 1550 προοίμια,
168 1516 378 1551 προαναφωνῶν
394 1516 521 1543 ἐντεῦθεν
538 1517 588 1552 τὴν
612 1518 794 1554 μεταμόρφω-

812 901 833 929 Β

848 280 894 306 sit.
918 278 1078 313 Quicunque
1102 279 1194 312 igitur,
1210 278 1308 313 inquit.
1324 278 1464 306 erubuerit
1479 286 1522 306 me
1545 278 1633 305 conﬁ-

850 325 897 351 teri
917 324 1011 356 Deum,
1025 329 1134 359 propter
1149 324 1332 352 humilitatem
1357 324 1390 351 ad
1421 331 1502 359 quatn
1526 331 1569 350 me
1587 324 1634 350 der

850 372 920 404 misi,
933 376 958 399 et
971 372 1069 407 probro
1085 372 1192 398 duxerit
1205 371 1255 398 sibi
1271 371 1418 406 praedicare
1428 371 1503 398 crttci
1522 371 1631 398 atlixum

851 417 945 450 Dento,
970 424 1019 444 nec
1049 424 1099 452 ego
1130 417 1281 445 conﬁtebor
1305 424 1378 445 eum.
1401 416 1449 444 His
1459 423 1523 444 vero
1540 416 1633 443 verbis

849 469 997 499 martyrum
1017 463 1178 496 certamina,
1193 468 1218 491 et
1242 463 1452 494 confessionem.
1469 468 1497 490 et
1515 469 1631 490 mortem

849 517 937 544 prose
950 514 1103 544 susceptam
1120 510 1293 544 praenuntiat.
1313 508 1469 536 Adulteram
1493 516 1558 536 vero
1587 516 1633 543 ge-

849 556 1026 588 nerationem,
1037 560 1064 582 et
1078 556 1253 590 peccatricem
1267 558 1344 582 vocat
1358 554 1490 583 inﬁdeles.
1504 555 1549 582 Sic
1560 555 1631 582 enim

848 609 894 629 cos
912 602 993 628 etiam
1003 602 1176 636 propheticus
1187 608 1276 629 sermo
1291 601 1459 636 perstringit,
1482 601 1552 636 quod
1570 608 1630 628 eutn

848 647 1018 681 Sculptilibus
1041 647 1165 674 fornicati
1197 652 1269 680 sunt,
1301 652 1329 674 et
1359 648 1386 674 in
1403 647 1477 681 ligno
1497 647 1631 673 adultera-

848 699 920 720 runt.
941 692 1122 727 [tt-prehendit
1139 700 1185 720 eos
1214 699 1321 727 quoque
1339 692 1459 720 Michazae
1489 692 1630 727 prophetia

848 739 960 765 dicens:
975 747 984 764 ‹
999 737 1036 765 Ex
1053 738 1224 765 mercedibus
1240 737 1428 766 fornicationis
1444 738 1630 772 congregavit,

847 790 873 813 et
888 792 920 811 ex
938 783 1108 812 mercedibus
1127 783 1317 812 fornicationis
1329 784 1463 811 convertit
1481 784 1514 810 ⁸³.
1543 792 1552 809 ι
1579 783 1632 810 Co-

848 838 906 858 ram
929 831 970 858 his
1001 830 1081 865 igitur
1102 836 1234 865 martyres
1255 831 1415 858 cruciﬁxum
1437 830 1558 857 conﬁteri
1578 839 1630 857 non

848 878 1042 905 erubescentes
1056 884 1184 905 coronant
1211 881 1274 904 sunt
1308 877 1457 904 consecuti.
1482 877 1518 904 Ea
1548 883 1630 903 causa

849 925 954 951 laetatus
967 929 1008 951 εει
1021 924 1116 951 Petrus
1133 923 1241 951 inverso
1255 923 1342 958 capite
1358 923 1384 950 in
1409 931 1488 950 crttce
1516 930 1632 957 snspen-

847 970 886 1002 di,
902 975 927 997 et
946 969 1101 1004 Stephanus
1131 977 1145 995 a
1168 969 1408 996 circumstantibus
1435 969 1570 1004 lapidari:
1605 972 1632 996 et

847 1017 979 1048 Andreas,
998 1021 1024 1043 et
1039 1015 1143 1048 Simon,
1161 1019 1188 1042 et
1201 1015 1341 1050 Philippus
1365 1022 1412 1049 per
1437 1022 1545 1042 erucem
1570 1021 1632 1041 cou-

847 1062 988 1094 Summari,
1014 1066 1042 1088 et
1072 1060 1191 1088 Thomas
1224 1061 1316 1087 lancea
1358 1059 1572 1087 transverberari
1604 1065 1632 1086 et

847 1107 945 1135 Paulus
972 1107 1128 1135 obtruncari
1155 1107 1266 1141 gladio:
1292 1110 1319 1133 et
1348 1105 1511 1140 posteriores
1537 1111 1631 1132 omnes

851 1154 960 1181 athleta:
972 1153 1112 1181 tormentis
1121 1153 1203 1180 variis
1215 1152 1375 1180 excruciari.
1390 1151 1423 1178 Et
1432 1151 1538 1179 dicebat
1551 1151 1603 1178 illis
1620 1158 1629 1177 τ

885 1209 894 1226 ί
921 1200 1015 1230 Amen,
1034 1207 1110 1226 amen
1121 1198 1182 1225 dico
1198 1198 1284 1230 vobis,
1298 1198 1360 1232 quia
1382 1201 1447 1225 sunt
1469 1197 1579 1232 quidam
1596 1197 1630 1224 de

848 1246 891 1274 hic
907 1246 1052 1278 stantibus,
1066 1245 1110 1279 qui
1128 1251 1179 1271 non
1187 1244 1471 1277 gustabuntmortem,
1492 1243 1576 1270 donec
1589 1243 1629 1268 vi-

847 1294 928 1320 deant
965 1298 1075 1325 regnum
1111 1289 1155 1316 Dei
1194 1289 1304 1317 veniens
1333 1289 1359 1316 in
1397 1289 1508 1316 virtute.
1532 1298 1541 1315 ι
1572 1287 1631 1321 Quo

848 1337 918 1365 niam
947 1345 1027 1372 supra
1053 1336 1162 1363 dixerat
1188 1344 1194 1362 :
1218 1345 1226 1361 ι
1250 1335 1283 1362 Ει
1309 1334 1392 1362 Filius
1420 1335 1538 1362 hominis
1566 1342 1630 1361 cru-

846 1383 969 1410 besceret
989 1389 1060 1414 eum,
1076 1388 1136 1408 cum
1155 1381 1257 1408 venerit
1274 1381 1301 1408 in
1325 1379 1409 1415 gloria
1433 1379 1522 1406 Patris
1541 1380 1600 1411 sui,
1618 1389 1628 1405 ι

846 1429 904 1456 haec
921 1433 1009 1455 autem
1024 1431 1082 1454 erat
1095 1426 1184 1454 adhuc
1200 1426 1253 1453 illis
1276 1426 1357 1453 dttbia
1375 1433 1382 1453 :
1408 1425 1542 1460 promittit
1559 1425 1632 1454 illius

847 1474 938 1509 gloriae
962 1473 1084 1508 quaedam
1099 1471 1228 1507 przeludia
1242 1478 1271 1499 se
1291 1471 1429 1503 daturutn,
1456 1479 1488 1499 ac
1521 1472 1630 1498 transii-

847 1518 1014 1555 gurationem
1040 1517 1130 1545 verbis
1154 1517 1230 1544 hisce
1254 1516 1386 1550 przetlicit,
1411 1523 1470 1551 qua:
1495 1517 1634 1551 specimen

7 1570 60 1595 σιν,
76 1562 139 1597 ἥτις
165 1559 200 1598 ἦν
227 1563 408 1598 προμήνυμα,
425 1563 472 1590 καὶ
496 1563 580 1590 εἰκὼν
600 1564 650 1599 τῆς
665 1566 793 1600 φρικτῆς,

867 1564 994 1596 uoddam,
1011 1568 1038 1591 et
1052 1563 1141 1598 imago
1164 1562 1213 1590 fuit
1231 1563 1355 1590 secunda:
1372 1562 1443 1589 illius
1463 1561 1632 1597 ingentisque

5 1609 53 1635 καὶ
80 1609 215 1644 δευτέρας
251 1609 428 1645 έκλάμψεως,
447 1611 477 1637 ὲν
547 1610 616 1645 μετὰ
652 1611 700 1638 τοῦ
727 1612 794 1639 Θεοῦ

4 1655 197 1690 ἐκλάμψουσιν
211 1655 236 1682 οἱ
246 1655 345 1682 δίκαιοι
359 1657 388 1683 ὲν
403 1657 436 1692 τῇ
451 1656 506 1683 τῶν
529 1657 651 1692 οὐρανῶν
668 1657 796 1694 βασιλείᾳ

3 1702 53 1735 τῆς
71 1701 162 1728 saetas
191 1701 272 1738 δόξης
300 1702 498 1737 πληρούμενοι.
514 1703 614 1729 Σκόπει
642 1704 672 1730 δέ
688 1713 732 1739 μοι
747 1704 795 1731 τοῦ

3 1747 88 1782 λόγου
108 1748 140 1774 τὸ
155 1748 282 1783 άκριῦές.
299 1748 336 1775 Οὐ
352 1749 407 1784 γὰρ
419 1747 497 1776 εἶπεν
512 1749 606 1782 ἁπλῶς
619 1758 626 1766 ·
641 1751 702 1777 Εἰσί
722 1760 796 1784 τινες

1 1794 58 1820 τῶν
69 1790 134 1825 ὧδε,
149 1794 216 1821 ἀλλὰ
233 1795 389 1830 προσέθηκε
418 1795 460 1828 τδ,
481 1805 490 1822 ι
518 1795 699 1831 Ἐστηκότων.
719 1806 728 1823 ι
747 1797 797 1825 Διὰ

1 1840 29 1866 τί
43 1849 51 1872 ;
68 1841 132 1867 Ὅτι
149 1840 234 1876 συνῆν
247 1840 339 1873 αὐτοῖς
361 1842 464 1874 Ἰούδας
475 1844 489 1869 ὸ
515 1843 745 1878 χριστοκάπηλος,
768 1844 796 1877 ὃς

1 1887 51 1921 οὐχ
67 1887 165 1914 ἵστατο
180 1889 213 1922 τῇ
231 1887 322 1914 πίστει
339 1888 389 1920 τὰς
402 1889 452 1923 τῆς
467 1890 557 1924 ψυχῆς
573 1889 665 1924 βάσεις
682 1890 794 1924 ἐπερει-

1 1934 131 1968 δόμενος,
149 1933 218 1960 ἀλλὰ
237 1935 271 1969 τῇ
286 1934 390 1970 διανοίᾳ
409 1935 562 1961 κατέπιπτε
579 1935 618 1970 τῷ
632 1937 681 1971 τῆς
698 1936 797 1968 κακίας

1 1980 87 2015 βάρει
102 1981 340 2016 καταφερόμενος.
364 1980 433 2008 Ἀπὸ
445 1981 541 2008 τούτου
552 1981 617 2016 γοῦν
632 1982 797 2010 διαστέλλων

1 2027 67 2058 τοὺς
82 2026 196 2059 ἕνδεκα,
207 2027 271 2058 τοὺς
285 2027 315 2053 ὲν
328 2028 360 2062 τῇ
376 2027 464 2063 πέτρᾳ
475 2027 524 2063 τῆς
533 2027 581 2054 τοῦ
596 2028 714 2063 Χριστοῦ
727 2028 797 2062 ἀγά-

1 2081 68 2106 πης,
87 2072 153 2103 τοὺς
176 2073 282 2099 ἑαυτῶν
310 2073 395 2104 πόδας
414 2075 566 2108 στήσαντας
580 2083 586 2090 ·
605 2084 614 2100 ε
631 2074 701 2107 Εἰσὶ,
719 2076 796 2110 φησὶ,

1 2117 75 2148 τινὲς
89 2117 148 2144 τῶν
163 2115 214 2145 ὦδε
230 2118 395 2153 ἑστηκότων,
421 2118 521 2151 οἵτινες
544 2119 573 2146 οὐ
591 2120 629 2155 μὴ
654 2121 798 2155 γεύσονται

1 2160 137 2194 lava-rev,
156 2163 223 2198 πρὶν
245 2163 278 2189 ἂν
301 2163 377 2190 ῐδωσι
394 2163 444 2198 τὴν
462 2163 601 2198 βασιλείαν
617 2165 662 2192 τοῦ
681 2165 749 2192 Θεοῦ
762 2174 769 2182 ·
784 2175 794 2192 ι

1 2204 32 2241 Ξς
51 2207 104 2232 καὶ
120 2207 207 2242 ἡμεῖς
240 2207 340 2239 πάντες
369 2209 398 2234 ὲν
415 2207 567 2234 ἀπολαύσει
581 2208 737 2243 γενοίμεθα,
753 2209 797 2235 ὲν-

1 2253 212 2288 ῐυναμοὺμενοι
226 2255 258 2288 τῇ
278 2254 392 2288 δυνάμει
407 2255 455 2281 καὶ
470 2254 562 2289 χάριτι
583 2255 632 2281 τοῦ
662 2255 796 2287 ζωοποιοῦ

1 2298 139 2333 Γταυροῦ,
167 2299 209 2330 εἰς
238 2299 269 2325 τὸ
285 2299 487 2334 άπροσκόπτως
513 2299 629 2327 διελθεῖν
650 2302 699 2336 τῆς
722 2302 798 2336 ἱερᾶς

6 2345 139 2379 notata;
157 2344 205 2371 τὸν
221 2344 318 2376 πλοῦν,
340 2346 388 2372 καὶ
413 2345 482 2380 πρὺς
496 2345 543 2372 τδν
572 2346 669 2381 λιμένα
696 2346 798 2380 φθάσαι

4 2390 45 2423 ἧς
62 2389 115 2416 τοῦ
133 2389 257 2424 Χριστοῦ
271 2391 446 2422 ἀναστάσεως
458 2410 465 2423 ,
483 2391 526 2418 διὰ
544 2393 592 2426 τῆς
608 2391 730 2419 ἑκουσίου
747 2401 799 2419 κα-

1 2435 162 2468 κοπαθείας
185 2435 226 2471 τῷ
245 2436 356 2471 Χριστῷ
368 2437 602 2472 συσταυρούμενοι
619 2438 665 2464 καὶ
682 2438 798 2465 ἀκολου-

2 2479 117 2512 οῦντες
129 2481 209 2515 αὐτῷ
224 2480 318 2514 σαφῶς
333 2482 400 2516 ἡμῖν
415 2481 463 2516 τὴν
477 2481 537 2508 ὁδὸν
552 2482 600 2516 τῆς
614 2482 715 2518 ἀρετῆς
731 2483 797 2510 ὑπο-

1 2526 138 2560 είξαντι,
170 2526 219 2553 καὶ
251 2527 300 2561 τῆς
318 2526 469 2563 μελλούσης
485 2527 564 2564 δόξης
579 2528 656 2564 αὑτῷ
671 2530 798 2566 κοινωνή-

847 1610 990 1643 claritatis,
1010 1617 1062 1644 qua
1077 1608 1156 1644 ιω
1166 1616 1218 1636 una
1232 1616 1292 1636 cum
1306 1608 1360 1636 Deo
1370 1608 1396 1635 itt
1408 1615 1491 1643 regno
1500 1607 1630 1635 caelorum

844 1657 911 1692 justi
928 1656 1079 1692 fulgebunt,
1092 1655 1257 1690 sempiterna
1285 1654 1372 1690 gloria
1402 1654 1502 1682 satiati.
1532 1653 1630 1681 Verum

847 1703 957 1730 adverte
987 1701 1053 1729 mihi
1081 1701 1210 1736 loquendi
1239 1700 1430 1728 subtilitatem.
1464 1699 1523 1727 Non
1560 1699 1631 1726 enim

845 1748 1005 1784 simpliciter
1028 1748 1120 1776 dixit:
1154 1747 1224 1774 Sunt
1246 1746 1356 1781 quidam
1388 1753 1420 1773 ex
1449 1745 1505 1780 his,
1518 1745 1563 1780 qui
1589 1745 1631 1772 hic

846 1799 921 1828 sunt,
950 1794 998 1822 sed
1031 1793 1157 1829 apposuit
1183 1800 1277 1820 vocem
1302 1792 1386 1825 illam,
1413 1802 1422 1819 ι
1451 1791 1600 1824 Stantibus,
1621 1801 1632 1818 ι

847 1849 927 1877 quam
944 1841 979 1868 ob
995 1840 1209 1874 causamlquod
1227 1842 1286 1866 erat
1310 1846 1363 1866 una
1383 1845 1443 1866 cum
1471 1838 1525 1866 illis
1549 1837 1633 1865 Judas

825 1902 830 1907 ο
847 1886 972 1914 venditor
983 1884 1095 1917 Christi,
1112 1884 1157 1919 qui
1169 1891 1221 1912 non
1235 1882 1325 1911 stabat
1342 1884 1424 1919 pedes
1453 1883 1549 1910 anima:
1582 1883 1634 1909 tide

847 1931 972 1961 sut'fultos
986 1931 1099 1962 habens,
1114 1930 1186 1957 sede
1203 1929 1302 1957 mentis
1313 1933 1386 1956 statu
1404 1927 1558 1961 decidebat,
1573 1935 1634 1963 pra-

849 1979 939 2006 vitatis
955 1977 1075 2012 pondere
1087 1976 1257 2004 deturbatus.
1273 1975 1313 2003 Ab
1333 1975 1385 2002 hoc
1407 1974 1490 2011 igitur
1509 1973 1633 2002 undecim

849 2023 981 2054 eximens,
997 2021 1042 2056 qui
1061 2021 1087 2048 in
1101 2024 1176 2055 petra
1192 2019 1335 2047 charitatis
1349 2019 1452 2047 Christi
1481 2023 1635 2046 statuerant

849 2069 930 2103 pedes
943 2073 1007 2094 suos
1026 2075 1033 2094 :
1051 2075 1061 2092 ‹
1079 2065 1159 2098 Sunt,
1175 2065 1296 2100 quidam,
1311 2064 1410 2099 inquit,
1426 2066 1460 2092 de
1481 2063 1525 2091 hic
1538 2064 1635 2090 stanti-

850 2114 908 2146 bus,
942 2113 987 2148 qui
1012 2119 1064 2139 non
1092 2111 1238 2146 gustabunt
1265 2114 1393 2143 mortem,
1420 2110 1506 2137 donec
1527 2109 1636 2137 videant

849 2166 961 2194 regnum
977 2158 1023 2185 Dei
1034 2166 1057 2185 ε)
1075 2164 1128 2192 quo
1142 2156 1244 2183 utinam
1255 2160 1282 2182 et
1295 2162 1343 2182 nos
1354 2162 1449 2182 ontnes
1461 2153 1634 2188 perfruamur

850 2203 1019 2232 corroborati
1032 2203 1140 2234 virtute,
1155 2205 1182 2229 et
1198 2201 1283 2236 gratia
1310 2200 1422 2228 viviﬁcze
1446 2201 1537 2228 crucis
1565 2200 1632 2235 (27).

852 2251 884 2278 ad
901 2249 1079 2286 peragendam
1105 2249 1164 2276 sine
1188 2247 1337 2275 oﬁ‘ensione
1363 2247 1417 2274 ulla
1440 2247 1511 2275 sacri
1537 2246 1634 2281 jejunii

852 2296 1066 2331 navigationem,
1082 2299 1109 2321 et
1125 2295 1158 2321 ad
1173 2299 1279 2329 portum
1293 2293 1511 2321 Rcsurrrctionis
1533 2292 1634 2320 Christi

850 2342 1021 2377 capiendum,
1038 2348 1085 2377 per
1099 2339 1278 2367 voluntariam
1313 2346 1456 2374 pcenarum
1480 2339 1634 2374 perpessio-

850 2397 912 2417 nem
928 2397 989 2417 ctttn
1005 2388 1065 2422 ipso
1079 2386 1213 2418 cruciﬁxi,
1232 2390 1258 2412 et
1289 2385 1374 2419 ipsum
1407 2390 1561 2420 sequentes,
1588 2385 1633 2420 qui

851 2436 929 2464 nobis
945 2434 1052 2462 virtutis
1063 2432 1132 2460 viam
1150 2437 1241 2466 aperte
1255 2431 1480 2459 Commonstravit
1493 2451 1500 2462 ,
1515 2435 1543 2458 et
1576 2435 1636 2457 tan-

853 2485 913 2512 dem
932 2482 1027 2509 futurze
1047 2479 1137 2515 gloriae
1155 2486 1216 2505 eum
1230 2478 1288 2513 ipso
1305 2478 1448 2513 participes
1474 2477 1633 2509 cihciamur,

850 2533 878 2558 et
890 2535 1050 2556 arcanorum
1068 2525 1173 2553 illorum
1189 2524 1333 2556 bonorum,
1351 2531 1410 2557 qua:
1435 2531 1516 2556 supra
1548 2523 1634 2550 visum

1 2580 114 2604 awsg,
131 2572 247 2599 καὶτῶν
260 2572 387 2608 ἀρρήτων
400 2574 513 2600 ἐκείνων
529 2574 642 2608 ἀγαθῶν
657 2574 713 2607 τῶν
730 2575 796 2611 ὑπὲρ

863 2580 877 2602 ηι
893 2574 1027 2605 auditum,
1046 2576 1073 2599 et
1083 2575 1190 2605 captum
1207 2574 1329 2597 nostrum
1343 2574 1415 2602 sunt,
1433 2569 1504 2604 quod
1519 2573 1560 2596 est
1574 2576 1635 2596 esse

1 2618 71 2652 1ιιν,
90 2618 147 2644 καὶ
176 2617 272 2653 ἀκοὴν,
299 2619 346 2646 καὶ
370 2619 502 2653 διάνοιαν,
519 2620 588 2653 ὅπερ
612 2621 672 2647 ἐστὶ
684 2621 715 2647 τὸ
732 2623 796 2657 μετᾶ

867 2628 910 2647 um
927 2619 991 2651 Deo,
1003 2617 1047 2645 cui
1070 2618 1184 2644 debetur
1202 2616 1298 2648 honor,
1321 2619 1348 2642 et
1374 2615 1459 2650 gloria
1483 2615 1509 2642 in
1535 2614 1634 2642 smcula

3 2663 67 2689 εοῦ
90 2661 170 2690 εἶναι
182 2672 189 2678 ·
201 2660 223 2698 ᾧ
239 2664 339 2699 πρέπει
354 2665 434 2700 τιμὴ,
446 2664 494 2692 καὶ
506 2664 582 2698 δόξα,
599 2666 639 2697 είς
657 2667 720 2699 τοὺς
737 2667 802 2693 alib-
850 2663 1020 2691 swculorunt.
1036 2661 1134 2688 Amen.

1 2717 45 2736 ιε
60 2708 126 2734 τῶν
143 2709 263 2736 αἰώνων.
287 2710 385 2744 Ἀμήν.

28 2768 55 2784 υ
76 2768 175 2795 Miclt.
192 2778 212 2801 ι,
228 2768 257 2794 7.

631 2803 785 2834 Francisci
806 2803 908 2835 Scarsi
926 2807 1019 2834 notas.

31 2855 95 2893 (27)
121 2854 220 2893 Gratia
237 2855 346 2893 eipiﬁm
357 2855 452 2893 crucis,
481 2855 557 2886 Unde
574 2857 600 2884 in
633 2857 702 2885 hanc
734 2860 932 2893 perorationem
961 2857 1033 2885 illata
1051 2862 1150 2885 sancta:
1174 2857 1264 2886 crucis
1299 2858 1409 2893 mentio,
1433 2857 1521 2886 disces
1547 2865 1579 2885 ex
1596 2857 1637 2886 in-

1 2891 161 2925 :riptionc
174 2889 291 2918 humilia:
304 2895 331 2918 ct
346 2894 407 2917 nota
421 2890 464 2918 ll.
