1883 3053
61 129 122 161 473

751 127 915 158 NOMINA
938 130 1051 161 XXIII.

1653 127 1708 161 474

63 183 212 210 ὲπιδέεται
225 191 232 198 υ
247 183 306 210 ἀλλ’
321 183 335 210 ὁ
361 183 394 209 τὰ
422 183 602 219 κεκρυμμένα
619 182 708 214 εἰδὼς,
735 184 782 209 καὶ
807 185 862 214 τοῖς

936 189 1034 223 utnetur
1049 185 1164 217 occulta,
1179 188 1206 211 et
1226 190 1348 212 recessus
1372 183 1464 211 cordis
1486 183 1627 218 pervadit,
1652 191 1706 213 non

60 231 115 265 τῆς
128 229 251 264 καρδίας
267 229 429 264 ἐμϐατεύων
445 230 588 265 κρυπτοῖς,
604 229 635 256 οὐ
656 230 724 264 πρὸς
739 229 784 256 τὸν
802 229 865 261 ἔξω·

61 277 113 302 θεν
130 276 247 303 ἀπεῖδεν
269 277 474 311 σχηματισμὸν,
488 276 546 303 ἀλλ’
561 276 750 303 ἀνακαλύπτει
769 276 800 302 τὺ
824 276 866 302 έν-

60 322 147 348 δοθεν
180 322 348 349 Marcia-tow
366 323 425 359 ᾔδει
453 323 517 358 γὰρ,
533 323 571 354 ὡς
595 323 715 358 σχήματι
739 323 788 356 μὲν
802 323 864 357 ἤχει

62 368 177 403 σεμνῷ,
207 369 256 394 καὶ
286 369 367 403 λόγος
399 368 473 404 αὑτῷ
502 368 695 402 ὲγκεκάλυπτο
710 369 863 403 εὐπρεπὴς,

61 413 169 450 σκολιᾷ
182 415 212 441 δὲ
227 415 326 451 γνώμῃ
342 415 389 441 καὶ
403 417 452 441 οὐκ
468 416 535 450 ὀρθῇ
547 424 580 441 κα
587 415 701 449 μπὺλως
717 415 863 443 ἀντιϐολεῖ.

59 459 117 484 Διὰ
131 458 214 484 τοῦτό
231 466 330 493 φησιν·
346 468 356 484 ι
373 457 409 484 Ὦ
422 460 507 492 γενεὰ
524 459 621 486 ἄπιστε
645 460 693 486 καὶ
716 460 864 494 διεστραμ-

60 505 160 539 μένηί
181 514 190 530 ι
220 504 363 539 μονονουχὶ
392 504 500 537 λέγων·
515 505 548 531 Τί
579 505 684 540 μέμψιν
716 506 864 540 προσάγεις

59 550 124 581 τοῖς
143 550 292 585 μαθηταῖς,
305 551 351 576 καὶ
366 551 395 576 οὐ
412 551 512 576 σαυτὸν
531 551 607 586 αἰτιᾷ
621 551 778 587 διχονοούσῃ
791 551 863 586 ψυχῇ

62 597 317 632 προσερχόμενος
334 597 366 623 Οἱ
380 596 435 632 γὰρ
454 596 576 632 μαθηταὶ
590 597 705 629 πολλοὺς
719 597 864 631 ἀπήλασαν

60 642 205 677 δαίμονας
223 643 278 669 τῶν
308 643 514 678 προσελθόντων
539 643 632 674 αὐτοῖς
649 643 718 678 μετὰ
734 643 862 674 πίστεως.

61 688 104 713 Οὐ
124 688 182 722 γὰρ
200 689 233 715 ειν
246 688 339 722 ἔλεγον
351 697 357 703 ”
375 698 384 713 ι
405 688 500 722 Κύριε.
527 688 575 715 καὶ
595 689 630 715 τὰ
655 688 782 722 δαιμόνια
797 689 864 723 ἡμῖν

62 733 259 760 ὑποτάσσεται
289 735 319 760 ὲν
331 733 369 768 τῷ
379 734 493 768 ὀνόματί
513 743 581 767 σονς
601 744 610 760 ι
633 735 670 760 Οὐ
687 734 863 768 μεμάθηκας,

60 779 104 809 ὡς
119 780 217 810 πίστις
232 780 341 807 ἅπαντα
358 780 503 816 itast/1900i;
519 781 613 806 Πίστει
631 782 645 807 ὁ
662 781 863 816 ἑκατόνταρχος

60 822 114 848 τοῦ
129 824 229 855 παιδὸς
249 824 357 859 εἰλήφει
383 824 432 859 τὴν
459 825 652 852 ἴασιν-πίστει
674 826 689 862 ὴ
718 826 863 862 θαυμαστὴ

61 869 226 905 αἱμόρρους
261 871 410 904 εἰργάσατο
443 871 494 906 τὴν
517 872 718 907 ἐπαινουμένην
748 872 862 908 κλοπήν.

62 915 171 946 Πίστις
199 916 325 950 ἀπήλασε
355 917 402 942 τὸν
434 917 596 952 ἐνοχλοῦντα
620 918 736 950 δαίμονα
761 918 792 944 τὸ
814 920 863 953 τῆς

62 961 231 993 Χαναναίας
248 961 405 996 θυγάτριον.
423 963 485 994 Πῶς
500 961 547 990 οὖν
565 963 646 994 αὐτὸς
660 964 780 999 διψυχῶν
797 965 863 991 ἀδυ-

62 1008 172 1041 ναμίαν
186 1009 342 1039 ἐπιτάττεις
357 1011 413 1042 τοῖς
435 1009 571 1044 μαθηταῖς
583 1018 590 1043 ;
608 1009 657 1037 «Ὦ
669 1011 750 1045 γενεὰ
764 1011 863 1038 ἄπιστε

63 1053 114 1079 καὶ
146 1053 372 1090 διεστραμμέιηῑ
394 1065 404 1082 ι
429 1055 501 1082 Ἀλλ’
526 1057 621 1092 ἐπειδὴ
649 1058 678 1083 οὑ
697 1057 765 1091 πρὸς
782 1057 862 1092 μόνον

63 1099 114 1124 τὸν
126 1100 286 1135 ἄνθρωπον,
303 1101 371 1128 ἀλλὰ
390 1102 459 1138 πρὶς
474 1103 563 1129 πᾶσαν
577 1103 626 1137 τὴν
646 1102 705 1128 κατ’
720 1102 801 1129 αὑτὸν
817 1111 861 1136 γε·

64 1143 135 1169 νεὰν
160 1144 191 1171 τὸ
207 1146 258 1180 τῆς
280 1146 409 1178 ἀπιστίας
437 1147 485 1174 καὶ
513 1148 679 1182 διαστροφῆς
704 1148 861 1182 ἐπιτίθησιν

64 1189 210 1224 ἔγκλημα,
227 1191 388 1223 ἐξεταστέον
404 1193 451 1219 καὶ
468 1193 528 1220 κατ’
543 1193 622 1220 ἄλλον
633 1194 734 1228 τρόπον
748 1193 795 1220 τοῦ
811 1194 861 1228 ρη-

63 1235 114 1262 τοῦ
131 1236 182 1270 τὴν
211 1237 342 1265 διάνοιαν.
370 1239 450 1266 Ἀλλὰ
466 1239 520 1274 πρὸ
533 1240 630 1266 τούτου
645 1240 787 1267 διαλαῆεῐν
812 1240 862 1274 τὴν

66 1283 125 1310 τῶν
138 1283 246 1311 πολλῶν
262 1285 341 1318 δόξαν
358 1285 582 1320 διορθωσὼμεθα.
599 1287 630 1313 Οἱ
648 1287 698 1321 μὲν
714 1287 752 1322 τῷ
768 1296 862 1321 φαινο-

69 1331 148 1364 μένῳ
161 1331 354 1366 προσέχοντες,
371 1333 418 1359 καὶ
436 1333 551 1368 μύοντες
561 1333 595 1359 τὰ
605 1333 654 1368 τῆς
663 1334 751 1368 ψυχῆς
765 1334 861 1368 αἰσθη-

67 1374 166 1408 τήρια,
185 1376 216 1401 οὐ
232 1375 370 1410 δαιμόνων
380 1377 525 1412 ἐπήρειαν,
543 1377 613 1404 ἀλλὰ
625 1378 721 1413 χυμῶν
735 1379 861 1413 περιττό-

67 1428 152 1453 τητα,
173 1421 228 1448 τῶν
248 1422 433 1456 δαιμονόντων
447 1424 476 1450 τὸ
501 1424 589 1456 πάθος
602 1424 750 1458 ὁρίζονται,
764 1425 829 1451 ὅταν
845 1426 861 1459 ἠ

67 1466 120 1500 τῆς
136 1466 268 1502 μελαίνης
293 1467 375 1503 χολῆς
401 1470 566 1504 ἐπικράτεια
592 1469 662 1496 κατά
678 1479 754 1501 τινας
784 1478 863 1505 περι-

916 236 1058 259 externum
1074 231 1195 264 corporis
1209 230 1332 258 habitum
1348 229 1492 263 spectavit,
1506 230 1552 256 sed
1569 230 1706 256 internam

916 277 1044 309 patefacit
1061 276 1258 304 inﬁdelitatem.
1276 275 1391 303 Videbat
1405 276 1488 308 enim,
1505 276 1575 310 quod
1591 283 1707 310 corpore

916 324 1023 358 quidem
1041 323 1073 350 ad
1091 323 1252 358 gravitatem
1277 322 1428 356 composito
1451 322 1603 353 accederet,
1619 326 1646 348 et
1660 322 1709 348 de-

916 375 994 397 cente
1011 370 1216 404 vcrecundaque
1234 369 1357 396 oratione
1381 372 1505 394 uteretur
1529 366 1597 402 (3t).
1614 367 1707 394 animo

916 423 980 442 vero
1000 423 1083 450 pravo
1114 420 1279 449 versutoquc
1308 414 1483 448 supplicaret.
1509 413 1572 440 ldeo
1593 413 1706 447 inquit:

919 469 928 486 ι
949 460 1117 495 Ogeueratio
1133 459 1280 491 incredula,
1299 464 1379 492 atqttc
1397 459 1541 493 Perversa!
1565 467 1574 484 ι
1595 458 1708 493 perinde

916 514 948 533 ac
966 507 988 534 si
1007 507 1108 533 diceret
1124 516 1131 533 :
1148 506 1215 539 Quid
1234 505 1338 539 culpam
1364 505 1390 531 in
1415 505 1562 539 discipulos
1587 504 1706 535 confers.

917 561 966 580 nec
990 553 1078 586 potius
1103 557 1127 579 te
1151 553 1238 587 ipsum
1262 559 1386 584 accttsas,
1403 552 1474 585 quod
1500 551 1599 585 duplici
1625 552 1706 578 corde

915 599 1042 626 aecedis?
1056 599 1185 633 Discipuli
1199 598 1270 625 enim
1284 597 1381 625 multos
1395 598 1510 632 abegere
1522 598 1657 623 daemones
1671 597 1706 623 ab

917 645 969 676 his,
984 645 1029 679 qui
1045 653 1105 672 cum
1122 645 1173 671 ﬁde
1193 644 1370 678 confugerunt
1386 644 1417 670 ad
1433 644 1515 677 ipsos.
1529 643 1622 670 Nonne
1633 643 1705 670 enim

915 690 1041 717 dixerunt
1059 698 1066 715 :
1083 699 1092 715 ‹
1114 689 1235 721 Domine,
1261 689 1343 715 etiam
1368 688 1500 715 dwmonia
1526 687 1707 721 subjiciuntur

915 736 993 762 nobis
1010 735 1035 762 in
1053 735 1161 762 nomine
1180 740 1226 761 tuo
1242 735 1285 761 "?
1301 744 1311 760 ι
1328 733 1421 761 Nescis
1436 734 1525 760 omnia
1549 733 1616 760 eﬁici
1642 732 1703 759 ﬁde.

915 782 981 809 Fide
999 781 1121 809 centurio
1138 781 1184 808 ﬁlii
1208 781 1248 808 stti
1273 781 1388 808 salutem
1411 780 1541 812 obtinuit;
1560 779 1610 806 ﬁde
1625 778 1706 814 146

916 828 1074 855 admiranda
1107 827 1316 854 haemorrhoissa
1342 825 1474 852 laudabile
1501 825 1600 851 furtum
1629 825 1702 852 fecit.

916 875 996 902 Fides
1007 875 1155 901 daemonem
1168 873 1339 900 infestanlem
1352 871 1430 905 cjecit
1441 880 1455 898 a
1468 872 1521 898 ﬁlia
1533 872 1702 898 Cltananaeae.

915 921 964 954 Qui
987 921 1068 955 igitur
1088 921 1144 954 ipse
1168 919 1265 954 duplex
1283 919 1373 946 animo
1387 918 1443 952 (3‘2)
1463 917 1600 953 discipulis
1617 918 1703 950 impo-

915 968 1007 995 lentiae
1022 967 1126 1001 culpam
1145 965 1278 999 imponis?
1295 975 1304 990 ι
1323 964 1344 992 Ο
1358 963 1497 999 generatio
1511 962 1660 992 incredula,
1677 966 1706 989 et

914 1012 1058 1046 perversa!
1078 1021 1087 1037 ι
1110 1010 1161 1038 Sed
1179 1010 1306 1044 quoniam
1328 1017 1379 1036 non
1399 1009 1443 1035 uni
1468 1013 1570 1035 tantum
1590 1006 1705 1038 homini,

914 1058 961 1087 sed
985 1058 1111 1085 omuilms
1134 1057 1193 1091 ejus
1217 1056 1315 1088 aetatis,
1335 1055 1504 1082 inﬁdelitatis
1526 1058 1554 1080 et
1572 1053 1705 1088 perversi-

915 1104 978 1131 tatis
1000 1103 1145 1135 exprobrat
1170 1102 1284 1132 crimen,
1303 1101 1357 1127 alio
1380 1101 1459 1127 modo
1479 1099 1544 1126 dicti
1569 1098 1703 1125 sententia

914 1148 1075 1182 inquirenda
1090 1138 1255 1174 estaVcrum
1282 1149 1426 1179 antequam
1456 1144 1507 1170 huc
1527 1142 1703 1176 explicemus,

914 1196 1060 1222 multorqu
1087 1194 1258 1228 corrigamus
1284 1191 1449 1226 opinionem.
1477 1190 1621 1216 Enimvero
1645 1188 1703 1222 qui,

914 1241 985 1276 quod
999 1241 1084 1269 oculis
1097 1240 1232 1274 olujectum
1245 1243 1296 1270 est,
1310 1238 1389 1264 modo
1402 1236 1584 1264 considerant.
1594 1240 1705 1262 sensus-

913 1296 965 1323 que
979 1287 1061 1314 animi
1084 1286 1240 1316 occludunt,
1257 1292 1308 1311 non
1327 1284 1478 1310 daemonum
1495 1281 1641 1312 violentia,
1656 1279 1703 1307 sed

913 1335 1054 1362 humornm
1063 1332 1234 1360 abundantia:
1241 1330 1466 1357 dmmoniacorum
1474 1328 1596 1354 morbum
1603 1326 1706 1354 adscri-

913 1382 989 1412 bunt,
1005 1387 1067 1407 cum
1085 1379 1189 1406 scilicet
1207 1384 1303 1411 magna
1320 1376 1360 1402 vis
1377 1380 1442 1402 atrae
1466 1374 1526 1400 bilis
1543 1373 1625 1400 certis
1642 1372 1703 1405 qui-

913 1427 1025 1454 busdam
1052 1424 1172 1459 periodis
1197 1421 1370 1455 evaporando
1394 1420 1534 1455 pelliculas
1559 1419 1702 1446 cerebrum

915 1472 1066 1499 ambientes
1080 1470 1222 1502 oﬁuderit;
1242 1468 1375 1501 lmjusque
1398 1466 1436 1493 rei
1464 1465 1562 1492 iudicio
1577 1472 1638 1491 esse
1655 1472 1703 1490 vo-

68 1511 150 1543 όεους
162 1513 208 1539 διὰ
224 1513 275 1548 τῆς
291 1514 502 1549 ἀναθυμιάσεως
513 1516 666 1551 ὲπιθολώσῃ
683 1516 730 1542 τοῦ
743 1516 861 1550 ἐγκεφά-

936 1523 982 1550 mt,
1000 1522 1094 1544 mstum
1118 1516 1345 1550 agitatioucmque
1370 1513 1453 1539 totius
1478 1511 1612 1545 corporis,
1629 1510 1702 1545 rigo-

68 1557 117 1584 λου
129 1558 180 1590 τὰς
195 1559 333 1594 μήνιγγας
347 1569 353 1576 ·
367 1561 443 1596 δηλοῖ
457 1562 485 1588 δὲ
500 1561 591 1594 τοῦτο,
606 1562 619 1588 ὅ
641 1571 671 1588 τε
699 1562 864 1597 βρασμώδης

69 1603 169 1634 κλόνος
194 1605 257 1630 ὅλου
281 1606 327 1632 τοῦ
346 1607 485 1641 σώματος,
500 1607 548 1633 καὶ
562 1609 578 1642 ἡ
591 1608 644 1634 τῶν
659 1609 770 1644 ἄρθρων
787 1609 863 1644 περί-

70 1649 163 1684 ψυξις.
176 1651 271 1679 Ταῦτα
288 1653 336 1688 μὲν
352 1654 376 1680 oi
388 1655 444 1686 τοῖς
468 1655 591 1689 φυσικῶς
609 1655 701 1690 μόνοις
718 1656 865 1690 προσέχον-

70 1705 118 1728 τες
130 1705 137 1712 ·
156 1698 180 1723 οἱ
197 1698 226 1725 δὲ
244 1698 310 1734 ὕλης
321 1700 372 1733 μέν
390 1709 451 1726 τινα
467 1701 646 1735 ἐπικράτειαν
668 1703 715 1728 ἐπὶ
733 1702 787 1728 τῶν
807 1703 866 1729 δαι-

75 1743 233 1777 μονώντων,
262 1745 319 1772 οὐδ’
334 1746 424 1772 ὁτιοῦν
452 1747 660 1782 παραὸλάπτειν
691 1749 864 1782 φασἰν,ἀλλ’

72 1789 185 1823 ἀμέσως
200 1791 301 1817 οὑτωσὶ
317 1792 381 1824 τοὺς
396 1792 528 1827 δαίμονας
554 1794 728 1829 παραφέρειν
741 1795 786 1821 τὸν
802 1795 864 1821 νοῦν

73 1836 122 1863 τοῦ
137 1837 300 1872 πάσχοντος,
313 1839 360 1864 καὶ
375 1839 425 1870 τὰς
438 1840 540 1874 φρένας
556 1840 711 1872 ἐπιθολοῦν,
725 1842 772 1867 καὶ
787 1841 865 1875 ἄγειν

74 1883 128 1917 ὅπη
149 1883 197 1908 καὶ
219 1883 292 1914 ὅπως
321 1884 351 1910 τὸ
367 1884 458 1911 κινοῦν
477 1884 634 1920 ἀκάθαρτον
649 1886 757 1919 πνεῦμα
774 1886 866 1921 βούλε-

75 1935 131 1953 ται.
148 1926 266 1954 Τοιαῦτα
295 1928 361 1962 γοῦν
387 1929 539 1965 ἀμφότεροι
563 1929 700 1964 λέγοντες,
716 1932 764 1965 τῆς
780 1933 864 1967 ὀρθῆς

76 1974 124 2000 καὶ
139 1974 300 2009 πρεπούσης
315 1974 530 2009 διαμαρτάνουσι
554 1975 685 2010 κρίσεως.
698 1976 729 2002 Ol
748 1977 797 2011 μὲν
810 1978 864 2012 γάρ

75 2023 145 2048 εἰσιν
171 2022 293 2053 ἀσεϐεῖς,
309 2023 334 2048 οἱ
364 2022 391 2048 δὲ
404 2022 532 2057 ἀμαθεῖς.
555 2021 586 2048 'H
602 2022 630 2048 δὲ
650 2022 765 2057 ἀλήθεια
783 2024 865 2057 μέσον

78 2066 208 2101 ἱσταμένη
225 2066 329 2093 τούτων
339 2066 394 2092 τῶν
408 2067 440 2093 ἐκ
453 2066 600 2102 διαμέτρου
613 2066 707 2093 κακῶν
718 2068 768 2101 τὴν
780 2067 867 2102 ὑπέρ-

77 2119 191 2141 πτωσιν,
206 2111 254 2137 καὶ
270 2110 321 2144 τὴν
334 2109 454 2145 ἔλλειψιν
473 2110 730 2145 διαπέφυ,γεν.οὗτε
745 2111 798 2146 γὰρ
815 2111 865 2147 ὕλη

77 2156 162 2191 χωρὶς
191 2157 334 2191 ἐνεργείας
355 2156 520 2190 δαιμονικῆς
531 2156 581 2192 τὴν
595 2157 726 2191 τοιαύτην
740 2166 864 2193 παραφο-

78 2203 126 2238 ρὰν
141 2202 342 2237 ἀπεργάζεται.
357 2201 420 2228 οὔτε
438 2202 452 2228 ὸ
474 2202 579 2237 δαίμων
593 2203 705 2237 ἀμέοως
722 2203 793 2231 οὕτω
824 2205 864 2231 δι-

78 2248 190 2283 ινοχλεῖ.
210 2248 280 2275 Ἀλλ’
294 2248 375 2283 ἡνίκα
400 2248 577 2284 παραδίδοται
592 2249 648 2280 τοῖς
657 2249 786 2284 ἀρρήτοις
804 2250 865 2286 κρί-

79 2303 160 2329 μασιν
185 2296 200 2321 ὁ
229 2293 373 2329 ἄνθρωπος
401 2294 440 2329 τῷ
457 2294 557 2330 ἐχθρῷ,
575 2295 623 2321 καὶ
638 2295 782 2331 ὲκδικητῇ,
803 2297 863 2323 τότε

77 2343 123 2374 τὴν
140 2341 344 2376 ἐπικρατοῦσαν
360 2340 427 2375 ὕλην
437 2341 472 2367 τὰ
487 2341 603 2376 μάλιστα
616 2343 756 2377 σκοπήσας
772 2343 863 2377 αὐτὸς,

77 2387 160 2418 ταύτῃ
170 2388 315 2422 κέχρηται,
329 2387 414 2414 οἱονεὶ
426 2388 528 2424 ῥάὸδῳ,
547 2389 594 2415 καὶ
607 2389 720 2424 μάστιγι
735 2389 803 2425 πρὸς
813 2390 863 2425 τὴν

111 2467 136 2482 ’⁸
151 2465 217 2492 Luc.
237 2473 264 2493 ιι.
284 2465 327 2492 t7.

915 1572 1027 1598 remque
1053 1563 1246 1590 membrorum.
1275 1560 1335 1587 Hice
1363 1565 1439 1589 sane,
1465 1557 1511 1592 qui
1537 1557 1704 1583 naturalitus

914 1614 1001 1641 solum
1026 1612 1115 1640 causis
1142 1615 1258 1637 mentem
1283 1608 1423 1642 adjiciunt.
1449 1606 1500 1633 Alii
1527 1613 1593 1634 vero
1620 1609 1705 1632 matc-

915 1660 963 1687 ria:
990 1659 1055 1689 vim,
1082 1663 1117 1684 ne
1142 1656 1275 1683 tantillum
1299 1654 1407 1688 quidem
1437 1653 1627 1687 energumenis
1655 1659 1705 1678 no-

915 1714 978 1734 cere
994 1706 1106 1737 dicunt;
1124 1704 1171 1731 sed
1188 1711 1202 1730 a
1218 1703 1367 1730 daemonum
1389 1700 1560 1734 improbitate
1577 1698 1633 1733 ('53)
1653 1699 1704 1725 im-

916 1752 1032 1780 mediate
1046 1749 1194 1778 abalienari
1214 1752 1343 1779 mentem,
1357 1754 1388 1774 ac
1406 1751 1506 1772 temere
1523 1752 1620 1772 sensus
1636 1743 1705 1771 otl‘u-

916 1798 987 1826 scari
1003 1796 1131 1832 patientis
1146 1796 1249 1826 dicunt,
1261 1798 1288 1821 et
1303 1793 1398 1827 agitari
1415 1798 1479 1826 quo,
1492 1795 1517 1817 et
1532 1798 1583 1824 qua
1599 1789 1704 1816 ratione

916 1843 1056 1871 itmnundo
1071 1841 1176 1875 spiritui
1201 1838 1318 1866 moventi
1344 1837 1485 1872 placuerit.
1511 1835 1574 1863 H:ec
1596 1834 1705 1870 utrique

916 1889 1030 1916 dicendo
1048 1895 1061 1913 a
1079 1891 1163 1917 recta,
1180 1889 1207 1911 et
1225 1888 1391 1917 congruente
1415 1881 1547 1909 sententia
1566 1881 1704 1908 aberrant.

916 1936 966 1962 Alii
992 1935 1064 1961 enim
1091 1932 1165 1967 impii
1183 1935 1257 1963 sunt,
1282 1930 1327 1957 alii
1346 1929 1465 1961 indocti;
1481 1927 1579 1955 veritas
1595 1934 1659 1955 vero
1678 1927 1704 1953 in

916 1982 1013 2010 borum
1038 1979 1125 2006 medio
1142 1978 1292 2005 consistens
1313 1977 1369 2011 (54)
1387 1976 1469 2003 veluti
1488 1983 1502 2002 a
1523 1975 1642 2006 defectu,
1657 1981 1706 2000 ex-

916 2033 1051 2060 cessuque
1066 2025 1162 2052 horum
1181 2023 1366 2058 oppositorum
1384 2030 1432 2057 per
1449 2022 1608 2049 diametrum
1625 2020 1704 2048 vitio-

917 2079 976 2099 rum
992 2069 1101 2098 rccedit.
1116 2068 1206 2102 Neque
1218 2067 1288 2094 enim
1303 2067 1430 2094 humores
1440 2066 1542 2100 absque
1553 2066 1706 2093 daemonum

916 2123 997 2151 opera
1011 2122 1098 2149 usque
1108 2114 1175 2140 adeo
1189 2116 1306 2139 mentem
1317 2112 1489 2144 conturbant,
1500 2118 1588 2145 neque
1597 2111 1704 2137 dmmou

917 2161 1071 2189 immediate
1084 2159 1121 2186 ita
1136 2159 1245 2185 divexat
1258 2165 1265 2184 :
1279 2157 1326 2184 sed
1340 2156 1421 2184 simul
1436 2161 1516 2191 atque
1530 2156 1644 2183 occultis
1656 2156 1709 2184 Dei.

914 2207 1024 2243 judieiis
1050 2205 1165 2233 traditus
1186 2207 1228 2230 est
1252 2204 1333 2230 homo
1356 2202 1465 2229 inimico
1484 2207 1511 2229 et
1528 2202 1618 2233 ultori,
1640 2206 1705 2228 tunc

917 2254 961 2282 ille
977 2251 1097 2280 humoris
1114 2250 1255 2277 materiam
1274 2248 1392 2276 maxime
1411 2248 1593 2275 dominantem
1608 2248 1703 2275 obser-

935 2306 994 2331 ans,
1017 2305 1046 2325 ea
1071 2297 1111 2324 uti
1135 2296 1220 2329 virga,
1238 2303 1284 2323 seu
1309 2294 1421 2322 verbere
1438 2294 1524 2321 utitur
1546 2294 1579 2320 ad
1603 2293 1703 2320 malum

917 2342 1114 2372 iucutieudum.
1127 2341 1204 2374 Quod
1219 2340 1290 2368 enim
1307 2341 1364 2367 hate
1376 2336 1482 2375 ﬂagella
1495 2340 1549 2367 sint
1563 2340 1595 2366 ad
1610 2339 1705 2366 immo—

917 2390 1027 2418 deratos
1052 2388 1157 2415 animos
1181 2386 1402 2425 compescendos,
1423 2386 1552 2418 adhibita,
1570 2385 1647 2413 tacile
1670 2392 1704 2412 ex

689 2513 848 2544 Francisci
866 2514 969 2546 Scorsi
987 2517 1081 2545 noue.

112 2574 168 2608 (Si)
186 2573 313 2601 Oratione
336 2578 462 2600 uteretur.
485 2573 523 2600 Ex
554 2581 578 2600 c.
599 2572 633 2600 G.
660 2575 778 2607 supplevi
805 2582 865 2608 qua!

79 2613 189 2637 deerant
216 2609 242 2635 in
266 2608 295 2636 P.
316 2610 372 2636 luec
389 2617 395 2634 :
418 2609 471 2634 Kal
485 2609 564 2642 λόγος
582 2608 657 2643 αὐτῷ
674 2609 864 2642 ἐγκεκάλυπτο

78 2645 228 2679 εὐπρεπές.

113 2681 168 2714 (52)
180 2679 283 2710 Duplex
294 2679 393 2706 animo.
409 2679 545 2715 Διψυχῶν,
561 2687 609 2714 pro
625 2687 681 2714 quo
697 2679 723 2706 in
740 2679 769 2706 P.
783 2687 865 2714 prave

80 2715 207 2746 scriptum
230 2714 325 2748 διψῶν,

113 2751 167 2785 (55)
188 2749 341 2785 ρωηιοιιιιηι
364 2751 538 2781 improbitate.
552 2750 578 2777 In
592 2760 656 2778 mss.
674 2750 703 2777 P.
714 2755 740 2777 ct
755 2751 786 2776 (ἶ.
802 2751 867 2781 1θαὶ-

82 2791 122 2811 lur
160 2784 240 2810 ’Λλλὰ
270 2785 359 2818 μέσως
375 2786 483 2817 οὑτωσὶ,
516 2786 563 2812 sed
585 2787 615 2811 τὸ
629 2787 698 2813 ἀλλὰ
716 2786 806 2819 μέσως
835 2787 860 2812 ίιι

82 2828 129 2859 ιιι-ε.
145 2825 295 2859 correctum
311 2825 353 2848 νει
372 2821 396 2859 in
414 2821 444 2848 G.
460 2829 467 2852 ;
484 2826 508 2847 et
522 2826 594 2859 recte
611 2830 669 2847 meo
694 2822 800 2854 quitltnn
815 2821 857 2854 jn-

82 2855 147 2889 dicio
156 2855 267 2883 mutatis
278 2857 444 2888 acuentibus,
456 2862 481 2883 ct
493 2856 629 2884 translatis
638 2856 745 2888 litteris,
758 2857 791 2882 ita
801 2856 858 2881 diu}

916 2576 1036 2607 ἁμέσως.

937 2584 1060 2645 Half-In
1074 2609 1166 2636 horum
1185 2610 1272 2636 media
1287 2608 1440 2645 consistens.
1456 2606 1600 2645 Gregorius
1616 2607 1704 2645 Theo,-

918 2643 1151 2678 logus’veritatem
1169 2644 1286 2671 medium
1302 2643 1427 2677 appellat,
1445 2643 1516 2676 quod
1525 2643 1585 2678 ejus
1601 2643 1709 2678 dictum,

918 2677 1043 2707 laudatur
1056 2679 1083 2706 in
1100 2687 1177 2706 conc.
1193 2679 1310 2706 Florent.
1329 2678 1371 2704 his
1387 2678 1475 2704 verbis
1490 2686 1497 2704 :
1516 2677 1630 2704 Medium
1642 2686 1709 2709 vero,

919 2715 1018 2742 nullum
1047 2715 1117 2741 vobis
1138 2715 1203 2740 venit
1234 2715 1261 2740 in
1292 2718 1403 2739 mentem
1430 2718 1527 2746 prwter
1550 2714 1705 2746 veritatem;

919 2758 973 2782 quo
998 2750 1078 2776 etiam
1105 2748 1184 2783 Greg.
1216 2748 1367 2783 Tlieologus
1387 2747 1459 2774 illam
1477 2749 1676 2783 nomineAvocat
1691 2748 1708 2775 ι’

920 2781 1047 2823 digitium,
1065 2781 1171 2823 inquit;
1187 2792 1244 2811 tum
1256 2781 1332 2816 (lico,
1346 2783 1479 2810 veritatem
1494 2783 1553 2810 dico
1573 2781 1661 2818 (Orat.
1675 2783 1709 2823 ’1,δ

915 2820 952 2847 De
962 2819 1085 2854 tlteulog.)
