1883 3053
162 127 217 158 475

766 122 1011 153 THEOPIIANIS
1030 121 1201 152 CERAMEl

1747 115 1802 147 476

163 182 337 218 evangelicis,
354 187 380 209 et
395 180 549 215 apostolicis
567 179 645 207 dit-tis
660 179 806 214 intelliges.
824 179 951 207 Sanctum

1028 179 1136 206 Ξικωσιν.
1153 179 1214 205 ’Ὁτι
1243 177 1297 214 γὰρ
1328 177 1460 213 μάστιγες
1475 173 1555 205 αὗται
1573 177 1802 213 σωφρονίζουσι

163 231 262 264 quippe
275 228 451 262 Evangeliurn
468 226 687 253 hacnwnhoissee
701 225 860 251 miraculum
874 224 951 251 nobis

164 282 303 309 exponens
327 282 335 300 :
354 283 363 298 ι
384 272 470 299 Sensit
484 293 491 304 ,
512 271 616 306 inquit,
642 272 712 305 quod
738 275 830 297 sanata
849 273 921 297 esset
936 277 951 296 a

164 321 239 355 plaga
254 319 291 352 ";
307 328 316 344 ι
332 319 478 352 Apostolus
493 325 556 344 vero
569 317 603 344 de
616 317 657 343 his
669 317 713 350 qui
728 316 836 351 indigne
852 320 952 350 myste-

165 369 202 395 ria
219 372 336 395 tractant
352 367 420 401 (55),
437 367 475 392 ait
492 375 498 392 :
519 375 528 391 ι
546 366 608 392 ldeo
632 365 703 392 inter
719 372 766 391 vos
777 365 850 391 multi
868 364 952 391 imbe-

164 414 230 445 cilli,
246 418 273 439 et
288 412 427 445 dormiunt
443 412 518 438 multi
534 411 568 437 °'.
587 420 596 436 ›
616 410 713 437 Verum
732 411 795 437 dum
814 410 952 445 imperito-

167 466 226 486 rum
257 459 410 493 opinionem
439 458 574 492 corrigere
606 456 780 488 studuimus,
810 456 886 483 valde
919 456 952 482 ab

165 505 298 534 instituto,
333 508 458 538 ret-teque
484 511 564 529 cursu
593 502 759 530 deﬂeximus.
787 502 844 536 Age
875 509 951 537 ergo,

164 550 313 577 oralionem
333 549 411 585 147
430 549 507 583 quasi
525 549 699 576 ferocientem
723 556 821 582 equum
838 549 953 575 adducto

165 595 240 623 freno
271 595 380 622 dextere
411 599 618 626 convcrtamus,
654 593 820 629 propositum
864 594 954 620 thema

166 646 317 676 repetentes
335 649 342 668 :

203 741 212 758 ι
231 732 253 759 0
269 731 408 766 generatio
436 730 585 762 incredula,
609 735 636 758 et
662 737 786 765 perversa
815 737 954 764 usquequo

164 785 211 804 ero
231 777 390 805 vobiscum?
407 784 545 811 usquequo
571 777 658 811 patiar
687 776 752 802 vos?
776 775 877 802 Ail'erte
903 777 955 802 huc

165 824 239 850 illum
263 824 296 850 ad
325 831 377 850 me.
406 832 416 849 ›
446 822 502 850 Mus
528 828 568 850 est
592 822 737 849 immundis
763 822 901 856 spiritibus
920 822 952 848 ad

165 870 294 903 quasdam
326 869 395 896 luna:
421 869 594 901 mutationes,
616 868 649 895 iis
672 875 740 902 quos
766 873 873 900 vexant,
897 874 953 895 tur-

167 915 303 941 hationem
331 915 430 942 utentis
457 915 578 949 injicere.
612 913 766 946 Quorsum?
790 913 823 940 Ut
849 919 952 940 astrum

165 966 179 984 a
199 959 252 986 Deo
278 963 350 986 recte
376 960 512 986 conditum
541 958 597 994 (56)
626 960 659 985 ad
686 963 836 986 crcatarum
863 967 952 986 rerum

165 1005 327 1037 utilitatem,
362 1005 452 1031 lunam
480 1006 557 1036 dico=
574 1005 727 1032 detrituenti
748 1013 827 1033 causa
857 1006 952 1032 existi-

166 1056 269 1084 metur,
305 1057 385 1086 atque
413 1051 476 1078 inde
503 1052 614 1078 Creator
644 1057 674 1079 ut
704 1052 834 1079 malorum
863 1053 952 1086 opil'ex

165 1097 350 1131 vituperetur?
377 1097 406 1124 Id
433 1097 567 1125 malitiose
591 1098 737 1125 commenti
770 1099 840 1127 hanc
868 1099 953 1136 disse-

166 1144 303 1170 minarunt
323 1143 497 1178 opinionem,
515 1144 586 1178 quod
609 1145 671 1171 luna
700 1145 874 1172 incrementis
884 1137 897 1176 ξ
922 1152 954 1171 ac

164 1189 345 1216 dcerementis
373 1189 430 1216 suis
443 1189 576 1224 ejusmodi
602 1190 725 1225 caliginis
750 1191 785 1218 sit
806 1191 924 1217 eil‘ectrix
942 1199 949 1218 :

166 1236 237 1261 unde
260 1234 395 1262 lunaticos
417 1235 587 1269 appellarunt
611 1243 643 1264 eo
667 1237 761 1263 tuorbo
788 1237 951 1264 laborantes.

167 1280 223 1307 "ac
241 1282 321 1315 igitur
339 1281 487 1308 instructus
510 1289 590 1316 prava
606 1282 734 1316 opinione
758 1283 889 1309 act-edens
911 1283 954 1309 hic

166 1326 257 1359 homo,
271 1331 352 1361 atque
366 1327 390 1353 id
407 1328 478 1361 quod
492 1332 553 1354 erat
568 1328 659 1355 dicere
670 1329 798 1356 amittens
808 1338 814 1355 ε
826 1328 954 1355 Miserere

167 1373 222 1398 tilio
236 1381 305 1405 meo,
315 1374 441 1407 quoniam
452 1374 601 1400 dwmonunt
615 1382 695 1408 opera
705 1375 839 1408 agitatur:
852 1384 861 1400 ι
874 1375 952 1407 Quia,

168 1419 266 1454 inquit,
281 1419 414 1446 lunaticus
424 1424 482 1452 cSI;
499 1429 508 1445 ι
523 1426 604 1454 atque
616 1421 665 1447 hoc
677 1428 793 1455 arguens
804 1421 952 1448 Dominus:

170 1475 179 1491 ε
197 1465 219 1492 0
235 1466 383 1500 generatio,
399 1465 447 1497 ait,
468 1466 606 1492 incredula
635 1470 661 1492 et
679 1474 816 1501 perversa.
838 1476 847 1492 ι
861 1466 954 1501 Neque

1001 224 1032 251 τὸ
1047 225 1182 252 ἁτακτοῦν
1197 224 1246 259 τῆς
1259 223 1359 259 ψυχῆς,
1379 224 1552 259 καταμάθοις
1568 224 1688 259 ἀπονητὶ
1705 231 1801 257 προε-

1003 273 1074 307 έχων
1097 272 1156 302 τοῖς
1185 270 1376 304 εύαγγελικοῖς
1405 270 1454 296 καὶ
1466 270 1658 301 ἀποστολικοίς
1673 272 1803 305 ῥήμασι.

1002 318 1039 344 Τὸ
1054 318 1102 353 μὲν
1119 318 1174 353 γὰρ
1193 317 1265 352 ἱερὸν
1285 316 1454 351 Εὑαγγέλιον
1479 318 1528 352 τῆς
1545 317 1758 352 αἱμορῤοοὺσης
1773 315 1804 342 τὸ

1003 364 1095 398 Οαιῦμα
1137 365 1202 398 ἡμῖν
1232 363 1442 399 ἀφηγούμενον·
1462 373 1470 389 ι
1492 364 1594 397 Ἔγνω,
1623 365 1720 399 φησὶν,
1758 364 1803 389 ὅτι

1004 411 1066 445 ἰάθη
1094 411 1148 438 ἀπὺ
1175 411 1224 446 τῆς
1256 411 1396 445 μάστιγος.
1418 420 1427 436 ι
1451 410 1480 436 '0
1503 409 1531 436 δὲ
1551 411 1715 442 Ἀπόστολος
1733 410 1805 445 περὶ

1002 455 1057 482 τῶν
1072 456 1188 488 ἀναξίως
1201 455 1255 481 τῶν
1273 455 1430 489 μυστηρίων
1444 455 1687 489 ὲπιθιγγανόντων,
1703 456 1780 490 φησί
1796 464 1803 469 ·

1007 512 1016 528 ι
1034 503 1083 528 Διὰ
1097 502 1177 528 τοῦτο
1193 503 1222 528 ὲν
1238 502 1302 536 ὑμῖν
1320 501 1412 527 πολλοὶ
1422 501 1570 537 ἄρρωστοι,
1582 502 1630 528 καὶ
1642 502 1804 536 κοιμῶνται

1005 548 1103 575 ἰκανοί.
1123 557 1131 573 ι
1153 547 1233 574 Ἀλλὰ
1263 547 1311 581 τῆς
1328 547 1436 578 εὐθείας
1453 547 1703 581 ἀπεπλανήθημεν,
1719 547 1804 581 6:09-

1004 595 1090 621 θῶσαι
1104 594 1263 629 βουλόμενοι
1279 593 1333 620 τῶν
1361 593 1476 627 ἀμαθῶν
1497 594 1546 628 τὴν
1569 594 1711 621 ὑπόνοιαν.
1725 595 1805 626 Ἀγε

1004 641 1047 677 δή,
1061 641 1107 667 τὸν
1122 641 1200 674 λόγον
1217 639 1342 675 καθάπερ
1364 640 1448 666 ἵππον
1466 640 1657 674 ὰφηνιάσαντα
1683 639 1806 674 εὐφυῶς

1004 687 1276 722 ὴνιοστροφήσωμεν,
1291 686 1321 712 τὸ
1333 686 1414 721 ῥητὸν
1430 685 1679 719 έπαναλαὸόμενοι·

1044 742 1053 758 α
1064 731 1098 758 Ὦ
1110 733 1189 767 γενεὰ
1200 733 1301 759 ἄπιστε
1312 733 1359 758 καὶ
1367 732 1582 767 διεστραμμένη,
1596 732 1648 763 ἕως
1659 733 1724 758 ποτε
1733 731 1806 758 ἔσο-

1007 787 1056 814 μαι
1074 778 1134 814 μεθ’
1148 778 1244 813 ὑμῶν;
1265 778 1336 809 Ἕως
1353 779 1418 804 πότε
1435 778 1567 812 ἀνέξομαι
1580 778 1676 812 ὑμῶν;
1694 777 1806 812 Φέρετέ

1008 832 1053 858 μοι
1075 823 1157 849 αὑτὸν
1188 820 1249 849 ὧδε.
1263 832 1272 847 ι
1290 822 1416 849 Εἴθισται
1431 824 1488 854 τοῖς
1511 824 1621 857 μιαροῖς
1656 822 1804 857 πνεύμασι

1006 870 1077 896 κατὰ
1085 878 1159 901 τινας
1173 869 1317 903 σεληναίας
1328 869 1431 903 τροπὰς
1440 868 1489 904 τὴν
1500 869 1668 903 παραφορὰν
1679 869 1805 900 ἐπάγειν

1003 917 1059 947 τοῖς
1084 916 1244 950 πάσχουσιν.
1268 915 1326 941 Ἵνα
1340 914 1366 940 τί
1390 914 1522 949 γένηται;
1556 914 1614 940 Ἵνα
1640 914 1671 939 τὺ
1704 913 1804 944 καλῶς

1003 961 1204 996 δημιουργηοὲν
1219 961 1332 995 σημεῖον
1349 959 1392 986 ἐπ’
1408 959 1574 995 εὐεργεσίαν
1589 960 1639 994 τῆς
1663 959 1802 989 κτίσεως,

1004 1007 1020 1041 ἡ
1037 1007 1147 1040 σελήνη,
1165 1006 1247 1041 φημὶ,
1262 1005 1364 1040 βλάϐης
1376 1005 1461 1031 αἴτιον
1484 1004 1611 1039 νομισθῇ.
1635 1004 1804 1030 Κάντεῦθεν

1005 1051 1204 1086 βλασφημεῖται
1233 1052 1246 1077 ὁ
1277 1050 1389 1086 κτίστης
1406 1050 1443 1081 ὡς
1467 1050 1560 1076 κακῶν
1589 1050 1724 1084 ὑπάρχων
1746 1050 1800 1085 δη-

1005 1098 1146 1133 μιουργός.
1173 1097 1259 1123 Τοῦτο
1287 1097 1450 1132 πανούργως
1470 1097 1616 1131 νοήσαντες
1645 1097 1726 1130 δόξαν
1755 1097 1803 1123 ἐν-

1004 1144 1144 1178 έσπειρσῐν,
1159 1143 1196 1174 ὼς
1208 1144 1224 1178 ἡ
1237 1143 1337 1178 σελήνη
1354 1145 1414 1175 ταῖς
1431 1143 1512 1175 ἰδίαις
1526 1142 1686 1178 αὐξήσεσιν,
1702 1143 1718 1178 ἢ
1737 1151 1803 1176 μει-

1004 1190 1086 1215 ώσεσι
1120 1189 1169 1223 τήν
1193 1188 1320 1223 τοιαύτην
1344 1189 1478 1215 σκότωσιν
1506 1187 1712 1223 ἀπεργάζεταιο
1731 1188 1801 1214 ὅθεν

1005 1236 1246 1270 σεληνιαζομένους
1264 1236 1378 1262 ἐκάλουν
1406 1236 1468 1267 τοὺς
1498 1236 1664 1270 πάσχοντας.
1697 1234 1800 1269 Ταύτῃ

1003 1283 1068 1317 γοῦν
1087 1284 1120 1318 τῇ
1142 1282 1346 1317 διεστραμμένη
1374 1281 1437 1317 δόξῃ
1449 1282 1565 1316 στοιχῶν
1594 1282 1641 1307 καὶ
1676 1277 1757 1312 οὗτος
1785 1282 1800 1306 6

1004 1328 1157 1362 ἅνθρωπος,
1178 1328 1257 1361 ἀφεὶς
1286 1327 1374 1353 εἰπεῖν
1387 1327 1456 1362 ὅπερ
1470 1325 1522 1362 ἦν’
1552 1336 1561 1352 ε
1583 1327 1714 1360 Ἐλέησόν
1741 1334 1798 1360 μου

984 1372 1049 1399 ίτδν
1070 1373 1138 1405 υἱὸν,
1152 1382 1160 1398 ι
1191 1373 1232 1398 ὅτι
1258 1371 1389 1398 σκοτώσει
1411 1373 1557 1408 δαιμονικῇ
1586 1373 1798 1408 παραφέρεται,

1004 1419 1098 1454 φησὶν,
1122 1429 1131 1444 ι
1147 1418 1207 1445 Ὀτι
1224 1418 1426 1453 σεληνιάζεται.
1442 1428 1451 1444 ι
1471 1418 1555 1444 Τοῦτο
1567 1418 1631 1452 γοῦν
1647 1418 1770 1452 ἐλέγχων
1784 1418 1799 1443 ὁ

1004 1465 1106 1499 Κύριος
1118 1471 1125 1479 ”
1144 1473 1153 1489 ι
1168 1461 1203 1490 ’Ὢ
1223 1465 1314 1498 γενεὰ,
1333 1465 1426 1499 φησὶν,
1448 1464 1546 1490 ἄπιστε
1561 1465 1609 1490 καὶ
1641 1464 1796 1499 διεστραμ-

167 1511 239 1538 enim
268 1518 421 1545 perversam
451 1511 563 1546 insuper
587 1511 765 1546 appellasset,
794 1512 844 1539 nisi
876 1512 951 1546 hujus

1030 1511 1076 1545 ένη
1090 1512 1096 1537 l
1110 1520 1120 1537 ›
1136 1511 1193 1538 Οὺκ
1207 1511 1240 1538 ἂν
1253 1511 1284 1537 τὸ
1296 1511 1501 1546 διεστραμμένη
1516 1510 1700 1546 προσέθηκεν,
1720 1512 1744 1537 εὶ
1757 1510 1799 1546 μὴ

167 1557 301 1592 opinionis
308 1558 506 1591 perversionem
520 1557 824 1592 vidissethiturnotala
836 1559 951 1593 primum

166 1603 218 1629 hoc
230 1607 308 1636 pacto
321 1603 469 1638 impietate,
486 1603 653 1631 curationem
668 1604 793 1638 adhibet;
807 1612 860 1631 non
877 1605 951 1631 enim

166 1656 272 1683 aequum
296 1649 460 1676 existimavit
486 1651 520 1676 ob
534 1650 618 1684 patris
632 1650 848 1677 incredulitatem
866 1651 950 1678 ﬁlium

166 1702 308 1722 commune
320 1695 481 1722 valetudinis
489 1697 647 1723 beneﬁcium
661 1704 712 1724 non
725 1697 835 1724 lucrari.
849 1698 952 1725 Dauno-

167 1742 241 1768 nium
256 1741 336 1776 igitur
347 1741 518 1769 invisibiliter
531 1743 630 1770 ardens
640 1743 852 1771 irrevocabiliter
861 1751 953 1772 exces-

166 1787 212 1820 sit,
221 1795 286 1821 puer
293 1795 356 1815 vero
365 1788 586 1822 tranquillitatem
593 1789 720 1816 divinitus
727 1789 815 1816 datam
823 1790 949 1817 obtinuit.

204 1842 214 1858 ι
234 1832 309 1860 Tunc
334 1839 509 1861 accesserunt
533 1834 656 1868 discipuli
684 1835 716 1861 ad
736 1834 827 1862 Jesmu
847 1840 951 1863 secreto

167 1879 287 1906 dicentes
301 1888 307 1906 :
323 1879 412 1912 Quare
428 1887 475 1907 nos
491 1888 542 1907 non
560 1881 697 1914 potuimus
721 1882 820 1915 ejicere
842 1882 947 1909 illum?)

167 1925 275 1952 Discore
292 1926 394 1953 utiliter
418 1926 540 1960 discipuli
565 1927 686 1960 cupiunt,
702 1932 792 1961 utpote
814 1930 859 1962 qui
874 1934 951 1955 erant

166 1971 304 2005 sapientia:
318 1971 374 2006 (57)
389 1971 471 2006 ipsius
484 1971 595 2002 altunni,
611 1976 637 1998 et
652 1972 774 2000 veritatis
787 1973 913 2006 studiosi,
926 1979 954 2001 ct

166 2017 224 2051 ejus
245 2018 316 2052 quod
336 2025 379 2044 res
400 2022 483 2050 esset,
499 2017 673 2053 indagatores
689 2028 695 2046 :
712 2020 884 2047 sciscitantur
899 2027 948 2047 au-

167 2067 233 2095 tem,
248 2061 310 2097 quid
327 2063 517 2097 impedimento
532 2063 623 2096 luerit,
637 2065 780 2099 quominus
793 2065 842 2100 ipsi
855 2066 954 2093 daemo-

202 2141 225 2157 "
240 2141 361 2176 Marc._v,
375 2141 421 2170 29.
458 2142 480 2158 θ’
495 2142 504 2169 l
519 2142 582 2171 Cor.
596 2150 634 2176 xl,
648 2143 676 2171 3.

1005 1558 1055 1592 τήν
1070 1556 1116 1583 τοῦ
1135 1557 1271 1592 δόγματος
1291 1557 1364 1592 ἑώρα
1392 1557 1570 1592 διαστροφήν.
1591 1557 1671 1583 Οὕτω
1698 1557 1798 1592 στηλι-

1004 1603 1102 1635 τεύσας
1114 1604 1246 1638 πρότερον
1258 1604 1306 1639 τὴν
1323 1603 1461 1634 ἁσέὸειαν,
1490 1603 1616 1638 ἐπιφέρει
1641 1606 1693 1638 τὴν
1710 1603 1798 1636 ἴασιν,

1005 1650 1158 1684 παράλογον
1169 1649 1340 1684 ἡγησάμενος
1352 1649 1396 1676 διὰ
1409 1651 1459 1684 τήν
1482 1650 1619 1686 πατρικὴν
1645 1649 1796 1680 ἀπιστίαν,

1004 1697 1050 1722 τὴν
1075 1696 1159 1722 παῖδα
1181 1696 1218 1732 μὴ
1233 1697 1282 1732 τῆς
1298 1696 1391 1730 κοινῆς
1407 1696 1544 1731 σωτηρίας
1560 1696 1727 1722 ἀπόνασθαι.
1757 1697 1797 1722 Τὸ

1006 1743 1055 1778 μὲν
1076 1743 1121 1770 οὖν
1139 1743 1277 1778 δαιμόνιον
1293 1743 1417 1778 ἀοράτως
1431 1743 1596 1778 φλεγόμενον
1621 1743 1709 1778 ᾤχετο
1726 1744 1797 1778 ἀμε-

1006 1789 1157 1825 ταστρεπτί
1166 1797 1173 1804 ’
1187 1790 1201 1816 ὁ
1214 1789 1242 1815 δὲ
1260 1789 1324 1820 παῖς
1342 1789 1417 1820 Θείας
1429 1789 1549 1824 γαλήνης
1560 1789 1719 1823 ἁπήλαυσε.

1046 1845 1056 1862 ε
1075 1836 1141 1862 Τότε
1153 1835 1349 1870 προσελθόντες
1360 1836 1384 1862 οι
1403 1835 1523 1870 μαθηταὶ
1539 1835 1585 1862 ἆτε
1592 1835 1642 1868 τῆς
1656 1835 1740 1861 αὑτοῦ
1752 1843 1798 1861 σο-

1005 1882 1069 1917 φίας
1088 1882 1255 1917 ὑπάρχοντες
1276 1880 1413 1917 φοιτηταὶ,
1428 1881 1475 1907 καὶ
1493 1881 1541 1915 τῆς
1554 1880 1684 1915 ἀληθείας
1709 1882 1795 1914 ἐκζη-

1004 1929 1094 1963 τηταὶ,
1106 1930 1154 1954 καὶ
1169 1928 1216 1954 τοῦ
1232 1928 1307 1959 ὄντος
1323 1927 1479 1963 ἐρευνηταὶ,
1492 1928 1539 1953 καὶ
1555 1927 1668 1961 ζητοῦσι
1694 1927 1795 1961 μαθεῖν

1002 1973 1029 2000 τί
1041 1974 1071 2000 τὸ
1087 1973 1211 2000 κωλύσαν
1225 1973 1335 2005 αὐτοὺς,
1350 1973 1389 2008 μὴ
1401 1972 1569 2006 φυγαδεῦσαι
1584 1973 1628 1999 τὸν
1655 1972 1777 2007 δαίμονα
1787 1981 1794 1988 ·
1840 1985 1849 1991 κ

1001 2019 1085 2055 ᾤοντο
1096 2019 1151 2055 γὰρ
1166 2019 1263 2054 μήπως
1277 2019 1330 2045 εἰσί
1357 2027 1418 2045 τινα
1442 2019 1589 2050 πνεύματα
1618 2018 1729 2052 πονηρὰ
1758 2018 1796 2052 μὴ

1001 2065 1191 2100 κατεπτηχότα
1204 2065 1252 2100 τὴν
1266 2064 1378 2091 ἐκείνων
1393 2063 1481 2100 ἰσχύν.
1497 2063 1530 2091 Τί
1540 2063 1586 2090 οὖν
1600 2063 1613 2089 ὁ
1623 2059 1721 2099 Σω-ἔήρ
1733 2072 1741 2096 ;
1757 2065 1793 2091 Oti

779 2198 941 2230 Francisd
958 2198 1060 2229 Scorsi
1078 2202 1170 2229 uotae.

205 2260 261 2296 (55)
277 2260 396 2300 ludique
411 2263 534 2300 mysterio
551 2266 676 2300 tractant.
694 2261 731 2288 lta
754 2262 835 2300 etiam
852 2261 949 2300 accipit
967 2264 988 2291 ι)
1004 2261 1054 2288 illa:
1077 2261 1200 2300 corporis
1219 2260 1320 2300 eifectre
1332 2261 1400 2300 _sint,
1413 2262 1458 2288 sed
1473 2260 1528 2300 hoc
1551 2268 1582 2300 ex
1602 2268 1683 2300 prava
1701 2261 1792 2288 [torni-

168 2295 258 2322 locum
277 2295 352 2330 Pauli
374 2295 393 2327 Ι,
411 2295 445 2323 ad
472 2297 595 2323 Corinth.
626 2304 685 2330 cap.
713 2304 751 2323 xi.
786 2296 949 2322 Ansclmus:

168 2331 244 2357 Mulli
256 2335 313 2364 post
328 2329 442 2363 Pascha,
457 2331 553 2365 inquit,
565 2332 645 2358 variis
656 2329 752 2358 morbis
762 2331 951 2365 corripiuntur,

169 2366 229 2400 quia
242 2366 347 2399 indigne
356 2373 450 2399 corpus
460 2366 557 2393 Christi
570 2371 734 2400 acceperunt.
750 2366 815 2393 Vide
831 2371 857 2393 et
869 2366 950 2393 Corn.

169 2409 184 2427 a
205 2400 316 2434 Lapide,
331 2400 357 2426 in
375 2401 445 2427 hunc
459 2401 558 2428 locutu.

206 2433 261 2469 (56)
277 2433 310 2460 Πι
328 2435 430 2468 signum
449 2444 465 2461 α
483 2435 535 2461 Deo
549 2442 616 2463 recte
629 2436 774 2462 conditum.
786 2435 895 2462 Certum
912 2440 952 2462 est

169 2469 317 2496 lunattcutn
334 2472 366 2496 de
382 2477 435 2502 quo
460 2471 503 2497 hic
524 2470 618 2497 Matth.
634 2479 693 2505 cap.
710 2478 758 2498 χιιι
775 2471 874 2504 agitur,
898 2478 950 2496 non

170 2505 298 2536 naturali,
316 2510 388 2532 certe
400 2505 485 2531 solum
498 2525 504 2537 ,
527 2507 573 2532 Sed
591 2515 604 2532 a
619 2506 740 2533 dannone
753 2506 834 2532 etiam
848 2505 953 2531 incusso

171 2541 266 2566 morbo
283 2545 407 2566 verutum
421 2549 427 2572 ;
446 2541 542 2574 quippe
562 2549 623 2567 cum
639 2542 762 2566 etnmlcm
778 2543 889 2567 sanctus
902 2539 954 2565 Lu-

171 2582 218 2601 cas
245 2574 437 2601 dzemoniacum
459 2575 541 2602 fuisse
555 2576 683 2607 declaret,
711 2575 818 2601 Marcus
837 2575 949 2600 surdtnn

171 2615 199 2636 et
224 2614 326 2636 mutum
342 2609 467 2643 appellet.
492 2610 582 2642 Quare
599 2610 679 2644 igitur
708 2609 841 2636 lunaticus
859 2609 952 2644 appel-

173 2644 253 2676 letur,
275 2645 370 2671 merito
388 2645 470 2677 qnazri
483 2651 569 2678 potest
587 2643 738 2678 utrumque.
755 2644 842 2678 Aliqui
858 2643 952 2669 Patres

174 2678 256 2705 fuisse
273 2685 377 2712 putant,
396 2685 424 2706 et
437 2688 451 2705 a
467 2681 556 2707 causis
574 2680 751 2710 naturalibus,
765 2684 792 2705 et
805 2687 819 2705 a
832 2679 953 2705 daturone

173 2713 246 2748 illum
274 2715 408 2740 hominem
437 2714 601 2741 aillictatum.
621 2715 649 2741 ln
665 2722 714 2747 qua
731 2714 862 2741 sententia
878 2713 953 2740 vide-

174 2752 216 2773 tur
230 2748 274 2774 hic
292 2749 371 2774 Pater
386 2756 456 2781 esse,
471 2750 583 2783 quivult
604 2750 740 2776 daemones
755 2749 891 2775 abundare
905 2750 953 2774 hu-

175 2789 278 2808 morum
305 2785 428 2815 materie,
449 2785 480 2810 ad
500 2784 622 2811 homines
649 2785 721 2811 varie
748 2791 780 2810 ac
792 2783 865 2810 varie
883 2790 952 2808 mor-

175 2815 216 2841 bis
237 2817 430 2850 exagitandos;
452 2826 504 2844 non
526 2824 614 2845 tamen
643 2819 702 2845 ideo
728 2818 779 2844 dici
803 2818 949 2844 lunaticum

179 2855 265 2882 potat,
287 2852 362 2883 quasi
378 2859 392 2878 a
418 2853 488 2879 luna:
516 2853 706 2880 mutationibus
738 2853 951 2887 perturbationes

1006 2303 1068 2322 num
1084 2296 1210 2329 opinione
1224 2297 1353 2323 daemonis
1365 2303 1444 2330 opera
1464 2296 1636 2322 disseminata
1647 2295 1792 2329 jactatum,

1005 2336 1034 2357 ut
1055 2332 1115 2357 luna
1139 2338 1219 2357 causa
1244 2331 1305 2357 ntali
1324 2332 1506 2362 existimetur,
1532 2337 1613 2364 atque
1640 2333 1710 2358 adeo
1725 2331 1794 2358 Deus

1004 2366 1083 2391 etiam
1115 2373 1203 2392 rerum
1223 2367 1347 2392 conditor
1372 2366 1526 2392 infametur.
1556 2367 1642 2398 Quam
1669 2366 1793 2392 δεινὼ-ιιι

1003 2407 1113 2427 causam
1130 2400 1188 2434 ejus
1201 2401 1392 2433 appellationis
1411 2401 1526 2426 ailernnt
1547 2399 1688 2434 Origenes,
1707 2406 1790 2428 tract.

1003 2435 1078 2467 1v,iu
1089 2434 1204 2467 Muli/1.;
1217 2435 1356 2469 Chrysost.
1368 2435 1439 2462 hom.
1455 2435 1506 2468 58;
1524 2434 1633 2461 Hieron.
1647 2435 1672 2461 in
1686 2434 1792 2462 Comm.

1003 2470 1030 2496 in
1049 2478 1107 2504 cap.
1135 2477 1178 2496 LV.
1206 2468 1333 2504 [denique
1352 2470 1433 2501 Beda,
1453 2474 1480 2496 et
1513 2469 1674 2504 Euthymius
1686 2475 1790 2496 norunt

1003 2506 1073 2538 apud
1093 2505 1270 2531 Maldonatum
1290 2505 1315 2530 in
1333 2505 1403 2532 hunc
1419 2505 1520 2531 locum.
1537 2504 1673 2531 Caeterum
1702 2510 1792 2531 utrum

1002 2539 1084 2566 etiam
1115 2540 1174 2566 [una
1204 2540 1260 2566 suis
1281 2538 1426 2566 inﬂuxibus
1454 2547 1524 2572 quos
1557 2545 1665 2570 vocant,
1688 2539 1716 2565 in
1736 2540 1791 2566 luet:

1002 2575 1096 2601 eadem
1123 2574 1191 2600 mala
1213 2573 1313 2608 aliquid
1340 2576 1481 2601 cmd‘erant
1500 2574 1730 2601 viderinlmedici
1760 2583 1790 2601 ac

1003 2609 1106 2643 physici
1122 2609 1274 2642 philosophi
1291 2610 1335 2642 qtti
1355 2611 1412 2636 hzec
1424 2609 1574 2642 disputant.

1040 2644 1095 2678 (57)
1115 2643 1267 2677 Sapiemiw.
1279 2643 1342 2670 Tria
1359 2643 1476 2670 ἰσόκωλα
1494 2651 1554 2677 quae
1575 2643 1790 2670 continentran-

1003 2677 1059 2705 sam
1087 2687 1134 2705 cur
1150 2679 1271 2712 discipuli
1297 2680 1437 2705 Dominum
1464 2679 1668 2713 interrogarinl,
1689 2677 1788 2703 omissa

1007 2713 1112 2740 fuerant
1144 2714 1168 2739 in
1199 2714 1228 2740 P.
1245 2721 1252 2745 ;
1282 2714 1316 2740 ita
1332 2718 1420 2740 tamen
1447 2719 1476 2740 ut
1491 2721 1589 2740 sensus
1603 2713 1663 2739 sine
1680 2713 1723 2739 his
1740 2721 1787 2738 non

1007 2749 1122 2784 deiicere
1140 2748 1282 2775 videretur.
1308 2748 1403 2784 cheri
1423 2753 1510 2776 tamen
1524 2757 1555 2775 ea
1569 2749 1594 2775 in
1607 2747 1653 2779 G.;
1670 2752 1735 2774 sunt
1748 2755 1788 2772 au~

1007 2788 1059 2824 tem
1088 2783 1135 2809 ἆτε
1163 2784 1212 2819 τῆς
1240 2784 1322 2810 αὐτοῦ
1363 2784 1458 2819 σοφίας
1492 2793 1577 2819 tuque
1609 2793 1642 2810 au
1669 2784 1791 2818 ἐρευνηο

1006 2826 1059 2844 ται.
