1883 3053
24 122 71 154 ίῖτ

684 129 848 160 IIOMlLIA
869 131 983 162 XXIII.

1607 135 1661 166 ϐῖὸ

22 187 68 218 την
82 181 134 229 τοῦ
152 183 250 218 ἀνδρὸς
264 183 396 212 ἀπιστίαν
410 184 497 220 λέγει,
512 185 555 214 ἴνα
570 186 607 222 μὴ
620 188 690 223 πρὸς
723 190 805 224 οἴησιι

902 199 926 217 m
951 191 1024 218 illum
1051 191 1144 227 fugare
1161 193 1321 227 potuissent.
1344 193 1557 229 Suspicabantur
1572 196 1658 228 enim,

21 226 165 261 ἐξαρθεῖεν
186 228 211 254 οι
239 228 379 263 μαθηταί·
401 231 449 256 καὶ
477 230 536 265 ἅμα
551 231 619 266 πρὸς
644 232 814 268 θερμοτέραν

22 272 111 298 πίστιν
125 273 271 308 διεγείρων
287 274 386 306 αὐτοὺς
401 275 468 310 φησι
486 283 494 291 ο
512 286 521 302 ι
549 277 600 303 Διὰ
610 277 660 312 τὴν
684 279 814 305 ἀπιστίαν

23 318 105 350 ὑμῶν.
139 319 229 354 Ἀμὴν
241 320 296 354 γέιρ
307 315 466 355 λέγω-ὑμῖν,
484 322 532 347 ὲὰν
549 321 630 357 ἔχητε
659 324 753 350 πίστιν
776 325 813 355 ὡς

22 363 119 389 κόκκον
132 364 282 397 σινάπεως,
294 366 382 399 ἐρεῖτε
394 365 432 400 τῷ
447 366 506 401 ὄρει
532 368 635 403 τούτῳ·
661 369 813 404 Μετάϐηθι,

22 408 159 441 ἐντεῦθεν,
173 410 221 436 καὶ
234 410 432 445 μεταϐήσεται.
444 421 452 436 ι
475 412 507 438 Τί
532 412 578 439 οὖν
590 422 597 446 ;
616 414 675 448 ἐρεῖ
689 423 743 447 τις,
759 415 814 442 τῶν

21 454 178 481 ἀποστόλων
196 456 212 490 ἠ
234 456 324 487 πίστις
339 457 468 484 τοσοῦτον
479 456 513 493 ἦν
533 459 652 494 ἀμυδρὰ,
679 460 718 490 ὼς
743 461 812 497 μηδὲ

22 499 180 532 ἐξισοῦσθαι
200 502 294 537 κόκκῳ
315 502 467 535 σινάπεω;;
483 503 539 530 τῶν
563 505 686 539 ἀφέντων
714 506 813 538 πάντα,

22 546 65 572 καὶ
90 546 340 581 ἁκοὶουθηοάντων
357 549 480 584 Χριστῷ,
498 547 538 580 οἷς
562 550 578 585 ἠ
609 551 755 586 ὑπόσχεσις
779 549 813 586 ἦν

21 592 63 618 ἐπὶ
74 591 182 619 δώδεκα
195 593 309 626 θρόνους
324 595 446 628 καθίσαι,
461 597 508 622 καὶ
516 598 608 631 κρῖναι
624 597 669 624 τὸν
685 598 794 633 Ἰσραήλ
806 607 813 614 ”

21 637 65 668 οὓς
91 638 210 665 ἐκάλεσε
238 640 295 674 φῶς
312 641 361 667 τοῦ
385 641 500 676 κόσμου,
532 643 579 668 καὶ
597 643 664 674 ἅλας
692 644 812 678 τῆςγῆς,

21 684 64 710 καὶ
75 684 173 717 φίλους
187 686 288 718 αὑτοῦ;
303 687 364 718 Πῶς
379 687 426 713 οὖν
443 687 483 718 είς
500 689 628 715 τοσοῦτον
646 690 813 723 ὲπῖφθάκει-

21 737 77 761 σαν,
88 731 162 766 εἰμὴ
177 731 268 758 πίστιν
281 730 354 767 εἶχον
367 733 518 768 διὰπυρον;
533 735 625 769 Φαμὲν
638 734 696 767 οὖν,
711 736 748 767 ob;
759 738 816 768 τοῖς

21 775 181 808 ἀποστόλοις
200 778 230 803 οὗ
249 778 330 812 μόνον
343 779 437 814 κόκκῳ
449 780 587 812 σινάπεως
603 781 784 817 παραπλησία
797 783 813 816 ἡ

21 820 109 852 πίστις
135 819 183 856 ἦν,
218 823 276 849 ἀλλ’
301 823 459 859 ἀκρωρείας
490 825 602 859 μεγέθει
631 826 748 860 ὑψηλῆς,
766 826 814 852 καὶ

22 867 202 901 ὐπρνεφοῦς.
214 868 269 894 Καὶ
277 868 405 896 τοσοῦτον
416 870 544 904 ὴτούτων
557 871 649 902 πίστις
659 871 812 906 δεδύνηται,
830 859 850 886 Β

21 912 55 942 ὡς
71 912 164 939 πάντα
183 913 230 939 τὸν
242 914 346 949 κόσμον
360 915 399 949 τῷ
427 915 500 949 λόγῳ
528 916 715 951 χειρώσασθαι
731 925 738 931 ·
756 917 813 943 ἀλλ’

22 957 160 985 ἐνταῦθαό
174 959 272 995 Σωτὴρ
279 960 368 994 δόγμα
380 961 526 995 ἐμφαίνειν
534 962 609 988 δοκεῖ
619 971 626 978 ·
638 962 668 988 τὸ
681 963 708 988 ίὲ
722 963 814 997 δόγμα

26 1004 91 1030 κατά
101 1013 135 1039 γε
151 1005 200 1032 τὸν
216 1007 286 1041 ὲμὺν
295 1007 387 1041 λόγον,
398 1007 522 1035 τοιοῦτόν
536 1009 611 1034 ἐστιν
622 1017 630 1024 ·
646 1009 688 1035 ὅτι
698 1009 760 1036 ὅσον
770 1018 814 1041 τις

21 1051 124 1088 ὑπερϐῇ
136 1053 182 1080 διὰ
198 1055 331 1086 πίστεως,
348 1055 395 1081 καὶ
410 1055 564 1090 ὑπόπτερος
580 1055 704 1090 γένηται,
730 1056 747 1090 ἡ
767 1065 811 1083 νο-

22 1096 152 1133 μιζομένη
172 1099 267 1131 πίστις
285 1100 386 1135 ὑψηλὴ,
397 1101 444 1127 καὶ
453 1101 597 1137 διάπυρος,
609 1103 812 1138 συγκρινομένη

22 1143 85 1177 πρὸς
99 1142 220 1176 τελείαν,
236 1145 298 1170 οὐδὲ
313 1145 407 1180 κόκκῳ
425 1146 563 1178 σινάπεως
586 1149 809 1183 παραϐάλλεται“

21 1188 73 1223 ἔχει
88 1189 116 1215 δέ
129 1198 194 1216 τινα
226 1191 356 1226 καὶπρὸς
378 1193 429 1227 τὴν
452 1193 546 1219 πίστιν
558 1193 587 1220 τδ
603 1194 698 1220 σίναπι
727 1194 812 1220 οἰκει-

21 1235 112 1269 ότητα.
124 1236 236 1270 Θερμόν
249 1245 279 1263 τε
296 1237 363 1271 γὰρ,
374 1238 422 1264 καὶ
438 1239 485 1265 τοῦ
502 1240 567 1275 περὶ
581 1239 627 1266 τὸν
657 1240 812 1274 ἐγκέφαλον

23 1281 106 1316 ῥύπου
139 1282 216 1308 ἐστὶν
246 1283 393 1310 ἑλκτικόνο
424 1284 548 1320 ὑγιεινήν
564 1294 594 1311 τε
617 1285 732 1320 τὴνὲξιν
757 1286 811 1312 τῶν

21 1326 164 1355 ἐσθιόντων
177 1328 341 1363 ἐργάζεται.
352 1329 453 1364 τέμνον
470 1331 673 1366 κεκρυμμένων
688 1331 812 1366 φλεγμά-

21 1380 71 1398 των
82 1373 132 1408 τὴν
147 1374 307 1410 παχύτητα,
323 1376 370 1401 καὶ
386 1376 531 1412 βλαϐερῶν
548 1377 644 1412 χυμῶν
657 1378 706 1411 τὴν
733 1377 812 1412 ὑγρό-

21 1427 84 1453 τητα
97 1425 105 1434 “
122 1420 195 1446 ἀλλὰ
208 1421 257 1447 καὶ
279 1422 313 1456 τῇ
337 1421 462 1457 βασιλείᾳ
475 1422 530 1448 τῶν
559 1422 682 1457 οὐρανῶν
709 1423 810 1454 κόκκος

22 1465 152 1498 σινάπεως
169 1467 376 1502 παραϐάλλεται
389 1469 418 1495 ὲν
433 1469 466 1503 τῇ
483 1467 584 1504 καρδίᾳ
595 1467 643 1494 τοῦ
673 1468 802 1503 γεωργοῦ

867 243 900 262 ne
924 236 1048 264 fortassis
1068 238 1150 272 aliqui
1177 243 1267 266 essent
1291 239 1443 270 daemones.
1468 241 1511 274 qui
1536 241 1656 274 ipsorum

867 281 1012 314 potentiam
1029 282 1138 309 minime
1149 282 1334 309 formidarent.
1347 284 1415 316 Quid
1426 284 1506 318 igitur
1516 284 1658 311 Salvator?

869 326 942 353 Nihil
961 328 993 354 de
1009 328 1126 356 hominis
1153 328 1226 355 illius
1245 329 1435 356 incredulitate
1459 330 1594 364 loquitur,
1625 339 1658 357 ne

867 371 936 399 forte
954 373 1077 406 superbia
1103 381 1133 400 se
1157 374 1280 408 discipuli
1305 375 1447 407 efferrent;
1474 380 1500 402 et
1518 375 1599 402 simul
1624 377 1658 402 ad

866 416 1056 444 Ierventioreut
1073 418 1150 444 fidem
1168 418 1224 453 (58)
1241 424 1269 446 ut
1284 427 1332 446 eos
1347 419 1478 446 excitaret
1492 428 1499 446 :
1514 429 1523 445 ι
1543 419 1659 455 Ιί-οριι-ι·

867 461 1082 490 incredulitatem
1099 468 1225 496 vestram,
1241 473 1249 488 ι
1261 464 1343 497 dixit;
1361 474 1369 490 t
1386 465 1470 490 Amen
1484 466 1582 499 quippe
1596 465 1658 492 dico

866 507 959 540 vobis,
978 509 999 535 si
1027 509 1174 536 habueritis
1201 511 1279 537 tidem
1306 511 1377 537 sicut
1402 519 1514 545 granum
1537 512 1656 546 sinapis,

866 554 961 581 dicetis
973 554 1035 581 huic
1051 556 1134 582 monti
1151 565 1158 582 :
1174 555 1270 582 Transi
1284 557 1345 583 hinc
1361 557 1433 589 illuc,
1448 563 1475 584 et
1493 558 1629 585 trattsibit.
1645 567 1655 583 ι

867 600 934 632 Quid
954 600 1051 635 igitur?
1064 601 1135 628 dicet
1150 602 1262 636 aliquis;
1281 602 1353 629 itane
1367 603 1507 631 imber-illis
1522 609 1579 631 erat
1591 612 1657 638 apo-

866 645 997 671 stolorum
1014 645 1090 677 fides,
1105 651 1134 672 ut
1147 654 1180 673 ne
1196 654 1281 681 grano
1294 647 1403 680 quidem
1419 647 1521 682 sinapis
1535 655 1658 682 :equare-

867 691 930 717 tur?
955 698 1061 724 eorum,
1091 692 1211 725 inquam,
1240 692 1285 725 qui
1312 692 1478 725 reliquerant
1504 694 1606 724 Omnia,
1630 698 1656 719 ct

867 737 951 763 seculi
969 742 1045 763 erant
1056 737 1204 769 Christum,
1217 737 1314 771 quibus
1327 742 1385 764 erat
1397 738 1562 771 promissum
1575 738 1657 774 148

867 783 893 809 in
921 782 1062 810 duodecim
1088 790 1212 810 sessuros
1238 783 1363 816 tltronis,
1391 788 1418 809 et
1442 783 1524 810 lsrael
1548 784 1656 818 judica-

869 834 943 855 tnros
956 829 997 862 ⁹⁸;
1011 837 1079 863 quos
1094 829 1178 856 lucem
1194 829 1299 862 mutuli,
1313 834 1340 856 ct
1356 829 1394 856 sal
1411 834 1489 856 terra:
1503 830 1536 861 ",
1549 833 1576 856 et
1591 837 1656 856 suos

865 874 967 902 anticos
991 874 1134 909 appellavit
1151 875 1181 901 ".7
1196 875 1337 907 Quomodo
1363 875 1445 909 igitur
1459 882 1491 902 eo
1516 875 1652 909 pervenis.

865 925 937 951 sent,
967 919 1018 947 nisi
1045 919 1193 946 ferventem
1225 920 1384 947 habuissent
1410 920 1511 947 fidem?
1537 920 1655 946 Dicimus

866 965 946 1000 igitur
963 974 1014 993 tton
1031 967 1110 993 modo
1124 974 1207 1001 grano
1220 966 1323 1001 sinapis
1338 967 1454 994 similem
1473 967 1654 1001 apostolorum

864 1011 1001 1038 exstitisse
1021 1012 1111 1044 fidem,
1127 1012 1173 1039 sed
1198 1013 1279 1039 etiam
1296 1012 1476 1047 magnitudini
1494 1013 1592 1040 montis
1609 1020 1656 1038 ex-

864 1057 928 1084 celsi
956 1061 982 1084 et
1010 1058 1100 1084 nubila
1137 1058 1374 1092 supereminentis.
1405 1057 1520 1085 Tantum
1551 1057 1654 1085 scilicet

863 1111 956 1130 eorum
978 1103 1061 1130 valuit
1087 1104 1163 1136 fides,
1189 1109 1218 1130 ut
1243 1105 1372 1131 mundum
1398 1106 1552 1131 universum
1573 1105 1654 1131 verbo

863 1148 1038 1182 subjecerint.
1059 1149 1111 1177 Sed
1127 1149 1170 1176 ltic
1187 1150 1316 1177 Dominus
1333 1150 1428 1185 dogma
1449 1151 1583 1184 quoddam
1602 1151 1654 1176 lut-

860 1194 977 1228 justnndi
1005 1202 1063 1221 mea
1089 1195 1197 1229 quidem
1222 1196 1356 1223 sententia
1381 1196 1501 1223 iudicare
1521 1195 1651 1222 videtur:

862 1241 944 1274 quod,
962 1246 1202 1275 quantumcunque
1227 1242 1288 1276 quis
1317 1242 1342 1268 in
1369 1241 1422 1268 flde
1443 1242 1653 1274 transcenderit,

862 1290 888 1313 et
906 1286 1029 1314 sublimis
1044 1285 1134 1320 fuerit,
1149 1294 1180 1314 ea
1195 1295 1256 1321 qu.e
1269 1287 1404 1318 sublimis,
1418 1292 1446 1314 et
1465 1287 1570 1314 fervens
1587 1287 1652 1313 lides

861 1332 1022 1364 aestimatur,
1039 1333 1060 1359 si
1077 1340 1138 1360 cum
1157 1333 1274 1367 perfecta
1291 1339 1461 1368 comparetur
1481 1333 1548 1368 (59),
1565 1339 1652 1366 neque

861 1386 946 1413 grano
961 1378 1063 1413 sinapis
1076 1379 1271 1414 tequiparatun
1285 1378 1371 1406 liabet
1384 1387 1448 1406 vero
1460 1379 1539 1406 etimit
1551 1379 1652 1411 sinapis

862 1425 1009 1458 quamdam‘
1017 1432 1078 1451 cum
1091 1425 1142 1452 lide
1153 1424 1365 1451 similitudinem.
1377 1424 1500 1452 Calidqu
1513 1425 1586 1451 enint
1597 1427 1652 1456 est,

861 1477 889 1496 et
906 1470 1022 1496 extrahit
1038 1470 1141 1497 cerebri
1152 1475 1339 1505 purgamenta,
1354 1474 1380 1496 et
1394 1470 1492 1497 bonam
1510 1469 1651 1496 utentibus

21 1511 278 1547 ἁποδενδρούμενος.
295 1514 405 1540 Ὥστεό
430 1513 500 1549 ἔχων
524 1513 616 1540 πίστιν
639 1513 677 1544 ὡς
708 1513 805 1540 κόκκον

899 1515 1042 1543 lctudinem
1059 1515 1175 1549 oonfert,
1192 1515 1330 1542 latentium
1349 1515 1530 1550 pltlegmatum
1548 1514 1649 1542 crassi-

23 1558 166 1590 σινάπεως,
193 1560 223 1585 ὲν
249 1559 338 1595 ἐαυτῷ
353 1559 410 1594 ἔχει
423 1560 471 1595 τὴν
484 1559 625 1595 βασιλείαν
645 1559 699 1586 τῶν
728 1559 808 1594 οὐρα-

23 1603 86 1630 νῶν·
103 1605 121 1640 ἠ
149 1605 206 1641 γὰρ
237 1605 361 1641 βασιλεία
384 1606 439 1633 τῶν
465 1606 590 1641 οὐρανῶν
622 1606 697 1638 ἐντὸς
728 1605 808 1641 ἡμῶν

25 1650 103 1678 ἐστιν.

864 1563 938 1594 Iiem,
954 1566 981 1589 et
1000 1570 1101 1589 nocuos
1120 1562 1245 1589 humores
1262 1560 1392 1589 incidens.
1408 1562 1477 1594 Quin
1494 1561 1574 1588 etiam
1592 1567 1650 1588 cm-

863 1607 950 1635 lorum
968 1616 1049 1643 regno
1063 1608 1150 1636 simile
1165 1609 1263 1636 dicitur
1276 1616 1389 1643 granum
1405 1608 1515 1642 sinapis,
1528 1608 1555 1634 itt
1568 1606 1649 1634 corde

863 1653 991 1682 nimirum
1002 1654 1061 1689 ejus
1074 1655 1186 1682 cultoris
1200 1655 1225 1681 in
1241 1655 1364 1682 arborem
1378 1661 1539 1681 excresceus
1552 1662 1559 1679 :
1574 1654 1609 1679 ita
1623 1656 1651 1678 ut

24 1697 63 1730 qui
79 1697 161 1724 fidem
182 1703 210 1725 ut
230 1706 341 1734 granum
355 1699 458 1734 sinapis
472 1699 562 1732 habet,
586 1699 613 1727 in
636 1707 666 1727 se
688 1699 749 1736 ipso
771 1699 869 1729 habeat
887 1709 998 1737 regnum
1011 1702 1152 1730 emlorutn.
1171 1701 1242 1729 intra
1261 1709 1311 1729 nos
1323 1705 1365 1729 est
1381 1700 1454 1728 enim
1471 1707 1584 1735 regnum
1597 1705 1651 1727 οων

24 1743 116 1771 lorum.

55 1801 64 1817 ‹
83 1791 190 1828 Ἐρεῖτε
198 1793 237 1828 τῷ
250 1793 309 1829 ὄρει
325 1793 412 1828 τούτῳ
422 1801 428 1807 ·
439 1792 584 1828 Μετάϐηθι
601 1793 728 1822 ἐντεῦθεν
751 1795 811 1821 ὲκεῐ

24 1839 64 1864 καὶ
86 1839 285 1874 μεταϐήσεται,
301 1839 350 1866 καὶ
360 1839 437 1866 οὐδὲν
453 1839 618 1874 ἀδυνατήσει
642 1839 719 1874 ὑμῖν.
733 1849 742 1866 ι
769 1841 807 1866 Οΰ

24 1886 81 1921 περὶ
94 1886 177 1922 ὄρους
193 1887 327 1922 αἰσθητοῦ
339 1887 417 1914 λαλεῖ
433 1886 563 1914 ἐνταῦθα.
577 1887 625 1919 Τίς
659 1887 713 1923 γὰρ
742 1888 809 1914 ἁκο-

54 1966 76 1983 “
91 1966 187 1994 Matth.
205 1975 261 2001 xu,
277 1966 322 1995 28.
343 1967 366 1984 θ’
381 1967 478 1995 Matth.
494 1975 521 1999 v,
541 1967 584 2001 15,
601 1965 643 1993 14.

899 1805 908 1822 ι
924 1795 1023 1823 Dicetis
1037 1795 1118 1822 monti
1132 1795 1211 1822 huic:
1226 1795 1322 1823 Transi
1339 1796 1403 1824 hinc
1416 1795 1491 1827 illuc,
1506 1799 1532 1822 et
1550 1793 1649 1821 transi«

862 1841 911 1874 hit,
927 1847 955 1868 et
970 1841 1036 1868 nihil
1060 1841 1230 1877 impossibile
1252 1842 1305 1869 erit
1319 1842 1407 1869 vobis.
1429 1851 1439 1867 ι
1465 1840 1523 1868 Νοη
1543 1841 1600 1868 11Το
1616 1839 1651 1866 de

863 1887 963 1915 visibili
981 1887 1038 1923 (40)
1056 1893 1146 1915 monte
1163 1887 1239 1915 dicit.
1261 1887 1315 1920 Qui
1341 1888 1414 1915 enim
1438 1891 1650 1915 consentaneum

684 1967 692 1982 ‘
707 1966 785 1994 Joan.
806 1974 838 1993 xv
859 1966 904 1994 t5.

638 2029 799 2061 Francisci
813 2029 916 2061 Scorsi
934 2032 1030 2060 notua.

55 2091 108 2125 (58)
129 2090 166 2117 Et
180 2090 261 2117 simul
281 2091 316 2117 ad
336 2091 516 2126 ferventiorem

27 2127 49 2152 in
73 2132 186 2159 parente
213 2125 341 2158 lttnatici,’
358 2127 406 2153 sed
423 2126 493 2153 etin
526 2125 657 2160 apostolis
687 2125 802 2158 aliquem

27 2162 80 2188 fidei
99 2161 184 2188 fuisse
211 2160 344 2187 defectum
357 2167 384 2187 et
407 2167 496 2188 utrum
509 2169 551 2193 lue
577 2167 687 2186 causam
708 2160 800 2189 fuisse,

534 2090 622 2125 ﬁdem.
641 2090 696 2116 Non
717 2090 802 2116 solum

857 2091 926 2125 quod
944 2095 1022 2124 neget
1043 2090 1114 2117 hunc
1140 2089 1227 2116 locum
1256 2090 1289 2116 de
1309 2095 1400 2117 monte
1424 2089 1516 2117 sensili
1544 2091 1644 2117 intelli-

857 2127 985 2159 gendum,
998 2126 1044 2159 qui
1067 2133 1162 2152 sensus
1174 2130 1214 2151 est
1235 2125 1370 2156 litterulis.
1391 2129 1419 2152 et
1433 2125 1538 2152 nativus
1563 2126 1643 2158 hujus

858 2161 921 2191 loci,
949 2165 974 2186 et
988 2168 1019 2186 ex
1047 2160 1105 2186 alits
1132 2165 1225 2192 aperte
1250 2160 1396 2194 colligitur,
1422 2160 1446 2186 in
1469 2160 1565 2192 quibus
1590 2161 1646 2186 dat-

25 2205 67 2223 eur
93 2196 256 2236 tlzrmonium
271 2196 421 2240 .expellerel
438 2203 510 2240 "llt'llll
548 2194 803 2240 potnerinpnmulti
819 2210 844 2240 ι)
859 2195 942 2240 monii
973 2195 1044 2222 nulla
1065 2195 1180 2240 (mentio.
1212 2194 1426 2240 Nilttlcsi'lniiilei‘
1440 2194 1644 2240 dixitChristus

27 2231 190 2265 expositores
208 2231 328 2257 sentiunt
353 2232 422 2264 apud
437 2230 618 2257 Maldonatnm
642 2229 730 2258 relati.
757 2229 802 2264 qui

27 2264 100 2292 etiam
139 2265 220 2292 verba
252 2265 295 2292 illa
322 2265 423 2293 Christi
450 2270 560 2298 propter
587 2264 804 2292 incredulitatem

28 2306 136 2327 vestram
152 2308 205 2326 nmt
224 2301 446 2334 reprehendentis
468 2301 567 2330 solum,
598 2300 644 2326 sed
658 2300 739 2326 etiam
758 2307 803 2325 ex-

29 2336 155 2362 hortantis
170 2335 204 2361 ad
219 2336 347 2368 majorem
366 2336 444 2361 fidem
466 2343 527 2362 esse
543 2339 648 2362 censet.
662 2335 749 2368 Atque
763 2335 806 2360 hic

28 2377 62 2397 est
79 2378 175 2397 sensus
193 2369 366 2403 Theophanis
378 2371 429 2397 hoc
446 2371 513 2397 loco.

58 2406 110 2440 (39)
129 2405 160 2432 Si
184 2413 243 2431 cum
272 2405 388 2439 perfecta
419 2410 594 2439 corripui-etum
617 2403 807 2437 Comparative

28 2439 157 2467 Christum
174 2440 359 2474 apostolorum
388 2441 466 2467 fiderit
485 2440 624 2466 minimam
646 2439 805 2473 appellasse.

29 2475 146 2502 nimirum
176 2476 198 2502 si
226 2476 258 2501 ad
284 2483 344 2500 eam
363 2479 546 2509 comparetur,
572 2481 729 2508 quamcum
750 2474 807 2506 ipso

30 2511 124 2536 tamdiu
148 2515 269 2537 versatos
289 2509 390 2537 habere
412 2515 562 2544 oporteret,
593 2517 654 2535 cum
683 2516 806 2544 umquam

30 2549 110 2572 tamen
129 2545 277 2575 haberent;
291 2545 390 2578 quippe
418 2543 506 2578 ipsum
529 2544 608 2578 paulo
624 2549 685 2571 ante
710 2543 757 2570 Dei
774 2543 807 2569 li-

30 2579 86 2606 lium
113 2580 233 2606 eonfcssi
266 2580 383 2611 fuerant.
412 2582 490 2606 docet
511 2580 678 2606 hlaldonatus
703 2584 803 2609 noster.

30 2621 99 2647 quem
125 2615 196 2641 vide.
226 2614 291 2646 Ejus
318 2615 390 2641 enim
410 2615 554 2648 explicatio
574 2621 635 2640 cum
652 2614 701 2640 hoc
719 2613 808 2640 Theo-

30 2650 117 2682 phanis
133 2650 193 2676 loco
217 2650 352 2681 congruit.
368 2649 500 2676 CtBlerlllll
517 2649 587 2684 quod
602 2649 647 2675 hic
661 2648 806 2675 deintinito

31 2684 190 2712 incremento
216 2689 244 2711 et
265 2684 431 2718 perfectione
450 2684 509 2711 fidei
534 2690 618 2718 tangit
638 2689 733 2711 auctor
745 2684 806 2710 aliis

32 2719 104 2745 eliattt
133 2720 200 2746 locis
216 2719 310 2751 tradit,
340 2719 414 2746 hom.
431 2720 476 2750 10.
504 2720 537 2746 ad
563 2727 642 2752 quam
675 2720 733 2746 vide
750 2724 806 2745 not.

31 2753 70 2786 79,
84 2760 110 2781 et
134 2756 208 2782 hom.
225 2754 271 2786 22,
289 2754 322 2780 ad
337 2762 417 2788 quam
431 2761 519 2782 nolam
538 2755 580 2780 19.

63 2789 116 2825 (60)
136 2789 199 2816 Non
219 2791 252 2816 de
278 2789 385 2816 visibiii.
409 2789 566 2823 Quanquam
592 2793 684 2823 aperte
706 2794 808 2815 ﬂaS‘l‘ﬂl

34 2831 117 2851 auctor
139 2826 240 2851 virtute
257 2825 346 2850 divina
370 2825 437 2851 clliei
471 2833 560 2858 posse,
587 2829 614 2849 ut
647 2829 753 2849 IIIttttl-S
774 2832 804 2850 ex

35 2867 81 2889 uno
103 2860 162 2889 loco
184 2860 209 2886 in
227 2860 309 2887 alium
338 2860 546 2892 transfunditur,
570 2859 688 2893 displicet
717 2863 806 2886 tamen

859 2231 936 2256 Luca:
964 2238 1042 2257 xvu:
1063 2230 1091 2256 Si
1114 2230 1259 2256 habueritis

857 2266 943 2297 napis,
955 2265 1046 2291 dicetis
1058 2265 1118 2291 huic
1135 2265 1224 2291 arbori
1241 2273 1313 2291 moro
1325 2273 1334 2291 :
1348 2264 1502 2295 Eradicare,
1519 2269 1542 2290 et
1559 2270 1648 2291 trans-

856 2301 977 2332 plaulure
1002 2300 1028 2326 in
1053 2307 1134 2326 mare.
1165 2299 1196 2326 Et
1226 2299 1285 2326 huic
1303 2299 1360 2326 loco
1375 2300 1455 2326 etiam
1479 2299 1600 2325 allusisse
1617 2300 1647 2325 S.

856 2334 956 2361 Paulus
969 2334 1074 2360 videtur
1086 2335 1106 2364 Ι,
1123 2334 1186 2361 Cor.
1203 2342 1263 2360 cum
1277 2335 1309 2361 de
1326 2335 1467 2360 charitatis
1488 2334 1646 2368 praestantia

857 2369 988 2402 loquens:
1011 2368 1040 2395 Si
1063 2369 1188 2400 habuero.
1205 2370 1304 2404 inquit,
1329 2369 1417 2403 ﬁdem,
1433 2370 1469 2394 ita
1496 2373 1524 2394 ut
1547 2374 1645 2395 montes

856 2405 1026 2439 transferant,
1057 2404 1212 2430 cltarilntem
1240 2403 1328 2430 autem
1355 2403 1558 2439 natu/tribuere,
1590 2410 1644 2430 clc.

856 2440 916 2466 Alia
932 2438 1012 2466 'vero
1035 2439 1092 2466 loca
1127 2439 1284 2472 Scriptnrze.
1306 2447 1366 2473 qua:
1387 2438 1465 2465 afl'ert
1494 2444 1588 2464 auctor
1612 2439 1645 2465 de

857 2473 1005 2500 stabilitate
1026 2479 1114 2505 terrm.
1128 2474 1299 2508 intelligenda
1318 2479 1381 2501 sunt
1398 2474 1432 2500 de
1448 2473 1505 2507 lege
1517 2481 1549 2500 ex
1563 2473 1643 2499 modo

858 2513 962 2536 natura:
978 2514 1170 2536 consentanco.
1194 2509 1226 2536 Et
1249 2517 1312 2536 vero
1334 2510 1511 2535 vehementer
1525 2508 1646 2534 admiror

1285 2230 1376 2263 ﬁderit.
1398 2230 1465 2255 sicul
1482 2238 1595 2263 granum
1609 2231 1646 2256 si-

858 2544 928 2574 quod
959 2543 1118 2570 Ceramcum
1143 2544 1215 2570 ltnne
1252 2544 1350 2578 fugerit
1375 2543 1401 2570 itt
1423 2543 1572 2578 illisloriisi
1595 2542 1645 2568 SS.

858 2578 969 2605 Patrum
983 2579 1134 2605 Grmcorum
1162 2579 1188 2605 id
1207 2580 1293 2612 ipsutn
1323 2587 1336 2605 a
1356 2578 1384 2605 S.
1410 2577 1540 2612 Gregorio
1552 2577 1644 2603 Thau-

859 2620 981 2648 tnaturgo
997 2612 1258 2648 episcopoCmsarem
1273 2614 1407 2644 effectum,
1423 2613 1500 2646 cujus
1520 2612 1646 2646 precibus

859 2657 935 2676 tnons
959 2654 1034 2675 tanto
1051 2648 1191 2675 intervallo
1213 2650 1294 2675 cessit
1311 2658 1324 2675 a
1344 2649 1403 2674 loco
1431 2655 1493 2679 suo,
1511 2652 1643 2680 quantum
1686 2671 1690 2675 ,

858 2691 925 2717 opus
952 2684 1086 2710 habebant
1101 2684 1194 2710 incolae
1220 2685 1253 2710 ad
1273 2683 1485 2717 templum'inihi
1503 2682 1643 2709 :ndtfican-

858 2719 932 2751 dun).
958 2718 1010 2745 Sed
1029 2727 1081 2745 tton
1097 2719 1167 2745 scire
1181 2718 1221 2745 fas
1238 2723 1280 2745 est
1295 2719 1385 2745 omnia
1399 2727 1406 2750 ;
1426 2717 1508 2743 ntulta
1523 2724 1646 2743 summos

859 2754 940 2780 etiam
959 2754 1031 2780 viros
1052 2754 1145 2784 latent,
1170 2759 1198 2780 ut
1214 2753 1344 2780 Baronius
1361 2760 1468 2787 quoque
1485 2753 1562 2781 dixit,
1581 2759 1644 2778 cum

859 2795 1017 2822 quereretur
1039 2789 1197 2825 ignoraturi:
1210 2797 1224 2825 ιι
1237 2789 1323 2825 doctis
1341 2790 1415 2815 viris-
1432 2787 1568 2825 Nietcnum
1581 2793 1641 2825 eop-

859 2821 949 2848 cthmu
980 2821 1145 2850 secundum:
1177 2822 1332 2850 Tolerabilis
1356 2828 1393 2850 est
1418 2827 1515 2852 tamen,
1545 2821 1643 2854 inquit,

860 2859 969 2886 inductis
999 2859 1061 2886 viris
1078 2859 1158 2886 etiam
1181 2859 1348 2892 excusabilis,
1372 2859 1438 2886 sicut
1465 2858 1491 2885 in
1505 2856 1532 2884 S.
1549 2855 1658 2890 Δανα-⁷
