1883 3053
47 144 88 178 489

709 143 875 174 HOMILIA
894 144 1000 176 XXIV.

1611 146 1666 179 490

46 200 221 237 τοῦσώματος
242 201 399 238 ὑπογράφει
414 201 500 236 θέσιν,
515 201 553 233 ὡς
572 202 606 229 ἂν
627 201 664 237 μὴ
679 201 825 232 διαπαντὸς

908 200 1050 228 immodqu
1076 200 1202 236 designat
1227 201 1345 237 partium
1370 201 1492 237 corporis
1515 200 1606 234 silum,
1630 210 1665 230 ne

46 249 128 284 κάμνῃ
148 249 201 283 τῆς
227 249 351 285 ἀγκύλης
366 249 380 275 ὁ
396 249 483 281 τόνος,
505 249 548 284 ἐφ’
564 248 661 275 ἑαυτοῦ
683 248 713 275 τδ
741 247 825 284 βάρος

44 295 137 330 ἀνέχων
151 295 200 322 τοῦ
221 295 366 331 σώματος·
380 296 427 323 ἐπὶ
447 295 477 323 δὲ
493 296 543 331 τῆς
567 296 720 332 μελλούσης
746 295 825 332 δόξης

45 341 116 376 τιμῆς
141 341 282 377 ὑπεροχὴν
302 343 319 377 ὴ
337 342 456 378 καθέδρα
475 342 614 377 σημαίνει.
633 342 669 369 Τὸ
690 332 825 373 δὲ,’‹οὺκ

44 389 106 414 ἔστιν
137 387 204 422 ἐμὸν
226 388 348 421 δοῦναι,›
378 388 429 415 οὐκ
460 388 612 424 ἀδυναμίαν
641 388 824 416 ὲνδείκνυται⁸

44 434 92 466 πῶς
107 434 163 469 γὰρ
180 434 214 460 ἂν
233 434 250 469 ή
263 434 310 461 τοῦ
325 434 394 461 Θεοῦ
414 434 530 469 δύναμις
543 435 690 471 ἀνίσχυρος
701 435 823 469 γένοιτο;

41 479 99 506 ἀλλὰ
112 479 159 505 τὸν
172 479 283 515 ἁρρεπῆ
294 479 377 512 ζυγὸν
391 479 442 514 τῆς
454 479 629 515 δικαιοσύνης
642 479 824 515 μαρτύρεται.

42 523 138 559 Κριτοῦ
155 524 210 559 γὰρ
228 525 379 552 ἀδεκάστου
398 525 429 552 τὸ
457 526 514 558 τοῖς
540 525 671 561 ἀθληταῖς
685 526 826 562 ἀναλόγως

42 569 182 606 βραῦεύειν
199 570 235 597 τὰ
258 569 374 603 ἔπαθλα,
392 571 424 597 οὐ
442 571 496 605 μὴν
513 571 543 598 τὸ
559 571 604 598 διὰ
623 571 705 607 χάριν
730 580 826 607 προτι-

43 617 88 652 μᾷν
99 616 157 643 τῶν
173 615 309 651 μειζόνων
323 616 387 648 τοὺς
403 617 530 652 ἥττονας,
545 617 592 644 καὶ
610 617 666 644 τῶν
686 618 826 653 ἀγωνισα-

43 664 124 697 μένων
137 663 203 694 τοὺς
218 662 256 698 μὴ
269 662 458 698 ἀθλήσαντας·
474 662 520 689 διὰ
533 663 612 690 τοῦτό
629 672 712 699 φησιν
722 671 730 680 ⁸
746 674 756 691 ι
768 665 827 692 Οὐκ

41 708 107 734 ἔστιν
123 708 193 743 ἐμὸν
209 708 313 742 δοῦναι,
325 718 334 735 ι
348 708 418 736 ἀλλὰ
432 710 489 741 τοίς
514 709 560 736 τὸν
585 710 680 744 ἀγῶνα
696 712 826 748 νικήσασι

40 755 69 781 τὰ
83 753 134 788 τῆς
142 755 226 790 τιμῆς
235 754 390 782 ἀπόκειται.
401 755 523 782 Τοῦτοδέ
535 764 629 790 φησιν,
641 757 690 793 οὐχ
702 757 744 784 ὃτι
757 758 825 785 καθ·

41 799 114 826 ιείταί
128 808 173 832 τις
198 796 231 826 ἐν’
243 800 276 835 τῇ
294 799 430 836 μελλούσῃ
448 800 512 836 δόξῃ
532 800 601 836 μετὰ
617 801 665 829 τοῦ
684 802 764 829 Θεοῦ³
777 804 826 831 ἐκ-

40 844 173 878 φαντικῶς
187 844 243 880 γὰρ
257 844 358 878 ἔδειξεν
368 846 384 881 ἡ
394 844 559 882 εὐαγγελικὴ
575 846 652 883 φωνὴ
665 847 694 874 ὲν
705 847 743 883 τῷ
760 849 827 885 περὶ

38 891 82 924 τῆς
103 878 259 926 μελλούσης
281 878 402 926 κρίσεως
429 878 595 928 δέήγήμοὶτί,
609 878 652 920 ειτὶ
679 878 774 929 στήσει
792 878 827 922 τὰ
841 878 863 906 Β

42 937 86 971 μὲν
101 937 229 971 πρόὸατα
245 937 277 964 ἐκ
290 937 453 971 δεξιῶν,καὶ
464 938 498 965 τὰ
514 938 609 974 ἰρίφια
626 938 655 972 ἐξ
668 939 827 975 εὐωνύμων.

40 981 120 1015 Δῆλον
134 981 164 1008 δὲ
178 981 216 1013 ὡς
229 982 247 1017 ἡ
264 981 360 1014 στάσις
383 982 434 1017 τῆς
463 982 600 1018 καθέδρας
624 984 828 1020 παρήλλακται,

39 1028 102 1061 ἀλλ’,
117 1028 158 1060 ὡς
177 1028 258 1064 ἔφην,
282 1028 367 1064 τιμῆς
391 1028 531 1065 ὑπεροχὴν
548 1029 591 1057 διὰ
615 1029 667 1065 τῆς
693 1031 828 1068 καθέδρας

35 1074 155 1109 ᾐνίξατο.

73 1120 153 1146 «Καὶ
171 1119 341 1152 ἀκούσαντες
368 1121 393 1147 οι
422 1120 492 1148 δέκά
517 1121 638 1157 ἦρξαντο
663 1122 829 1157 ἀγανακτεῖν

36 1167 98 1203 περὶ
113 1166 248 1193 Ἰακώσου
275 1167 324 1194 καὶ
341 1167 478 1195 Ἰωάννου.
495 1176 505 1194 ›
532 1168 652 1200 ’Δτελεῖς
664 1168 745 1201 ὄντας
766 1170 830 1203 τοὺς

38 1213 163 1248 μαθητὰς
175 1213 254 1240 οὐδὲν
269 1214 385 1245 ἀπεικὸς
404 1213 453 1241 καὶ
468 1214 529 1245 ταῖς
555 1214 631 1241 ἀκισι
654 1214 702 1241 τοῦ
731 1215 829 1251 φθόνου

36 1259 257 1295 τιτρώσκεσθαι·
274 1259 316 1287 διδ
330 1260 378 1287 καὶ
392 1259 581 1294 ἀγανακτοῦσι
602 1261 673 1288 κατὰ
686 1261 741 1289 τῶν
760 1270 830 1298 συμ-

38 1306 175 1341 φοιτητῶν
186 1305 236 1341 τὴν
247 1306 318 1342 ὑπὲρ
331 1306 394 1338 τοὺς
406 1306 504 1339 ἄλλους
514 1307 662 1343 προεδρίαν
676 1308 830 1343 ζητούντων

36 1352 141 1379 λαϐεῖν.
166 1351 238 1378 Ἀλλ’
252 1351 325 1379 οὕτω
346 1353 395 1387 μέν
412 1361 485 1384 τινες
496 1352 552 1379 τῶν
563 1353 617 1388 πρὸ
631 1354 711 1389 ἡμῶν
728 1354 831 1391 ἐξηγή-

37 1406 129 1424 σαντο.
149 1398 228 1432 Ἐμοὶ
250 1396 279 1424 δὲ
295 1398 325 1424 οὐ
341 1397 494 1433 βασκανίας
515 1398 591 1425 δοκεῖ
615 1398 727 1432 ἔνδειξις
742 1401 759 1435 ὴ
777 1401 831 1427 τῶν

38 1443 171 1478 μαθητῶν
181 1443 382 1479 ἀγανάκτησις.
399 1443 467 1470 Οὐδὲ
481 1443 536 1480 γὰρ
548 1445 577 1471 ἐν
590 1445 646 1476 τοῖς
659 1444 748 1477 ἄλλοις
764 1454 831 1482 προ-

35 1490 215 1524 τιμωμένους
242 1489 361 1524 ορῶντες
388 1488 610 1524 ὲζηλοτύπησαν.
630 1489 697 1516 Ὅτε
718 1490 773 1526 γὰρ
801 1491 832 1518 τὸ

33 1535 80 1561 τοῦ
104 1535 227 1570 Ἰαείρου
242 1535 388 1570 θυγάτριον
399 1535 513 1570 ἔμελλεν
525 1536 647 1572 άνιστᾷν,
656 1536 721 1568 τοὺς
733 1537 831 1570 ἀλλους
843 1551 865 1584 C

33 1582 143 1613 πάντας
159 1582 213 1614 ἔξω
228 1581 399 1615 καταλιπὼν,
417 1582 530 1614 τούτους
555 1583 618 1614 τοὺς
635 1582 682 1610 δύο
705 1583 831 1620 μαθητὰς

33 1628 80 1654 κα)⁵
100 1628 150 1654 τὸν
165 1628 272 1663 Πέτρον
288 1628 329 1659 εἰς
348 1628 400 1662 τὴν
412 1627 503 1655 οἰκίαν
517 1628 663 1663 εἰσήγαγε,
678 1629 726 1655 καὶ
744 1629 773 1656 ἐν
791 1629 831 1665 τῷ

34 1674 91 1709 δρει
110 1673 391 1709 μεταμορφούμενος,
407 1674 471 1705 τοὺς
486 1673 585 1705 αὐτοὺς
599 1674 696 1709 μόνους
708 1674 830 1709 παρέλα-

34 1720 80 1746 σεν
90 1729 98 1736 ο
117 1720 189 1747 ἀλλὰ
206 1719 275 1755 πρὸς
290 1719 378 1747 ταῦτα
393 1719 448 1747 τῶν
462 1719 551 1747 ᾶλλων
572 1721 587 1747 ό
601 1721 682 1756 χορὸς
697 1722 747 1748 οὐκ
766 1722 831 1749 ἐϐά-

32 1774 141 1802 σκηνεο
155 1767 205 1793 καὶ
222 1766 270 1793 νῦν
293 1766 322 1792 δὲ
346 1766 376 1792 οὐ
402 1765 538 1802 πρότερον
553 1767 758 1802 ἠγανάκτησαν,
779 1768 832 1800 ἕως

31 1812 64 1840 ἃν
76 1811 154 1840 εἶδον
168 1812 216 1840 τὸν
230 1812 334 1848 Κύριον
350 1812 560 1849 ἀπανῃνάμενον
573 1813 677 1839 τούτων
689 1813 738 1849 τὴν
751 1814 830 1850 αττη-

31 1867 87 1885 σιν.
108 1859 198 1885 Ὥστε
225 1858 336 1885 δοκοῦσι
364 1858 465 1892 μᾶλλον
484 1859 682 1894 συνασχάλλειν
702 1860 742 1894 τῷ
758 1860 831 1887 διδα-

30 1906 144 1940 σκάλῳ,
162 1904 221 1931 ἀλλ’
237 1905 268 1931 οὗ
282 1904 445 1939 φθονοῦντες
463 1905 644 1938 ἀγανακτεῖν·
664 1905 732 1942 πλὴν
744 1915 833 1942 παρα-

32 1952 170 1986 μυθεῖται
189 1951 304 1983 τούτους
331 1951 376 1978 διὰ
406 1951 456 1986 τῆς
480 1951 656 1983 διδασκαλίας
673 1952 687 1978 ὁ
714 1952 830 1988 Κύριος·

29 1997 303 2033 προσκαλεσάμενος
320 1998 376 2032 γὰρ
393 1997 502 2029 αὐτοὺς,
516 1995 593 2023 εἶπεν
605 1998 714 2028 αὐτοῖς·

68 2054 79 2070 ε
93 2043 202 2072 Οἴδατε
215 2044 257 2070 ὄτι
269 2044 294 2070 οἱ
308 2042 451 2074 δοκοῦντες
465 2043 559 2078 ἄρχειν
572 2043 626 2069 τῶν
637 2043 732 2076 ὲθνῶν,
749 2052 833 2071 καται

27 2091 217 2128 κυριεύουσιν
240 2090 342 2122 αὐτῶν,
358 2090 403 2116 καὶ
419 2091 444 2116 oi
472 2090 586 2124 μεγάλοι
603 2089 832 2123 κατεξουσιάζου-

27 2147 73 2164 σιν
91 2136 201 2164 αὐτῶν.
215 2145 224 2162 ι
253 2136 291 2162 Τὸ
316 2135 410 2170 τιμὰς,
428 2135 507 2170 φησὶ,
529 2135 715 2171 προσκαίρους
729 2135 831 2171 ζητεῖν,

26 2185 79 2210 καὶ
97 2184 186 2218 δόξης
198 2182 334 2218 ὲπικήρου
351 2182 429 2217 ὲρᾷν,
444 2181 604 2213 ἀλαζονείας
615 2182 689 2208 ἐστὶν
702 2181 812 2216 ὲθνικῆς
823 2189 830 2198 ’

876 254 995 282 genuum
1023 246 1108 275 ﬂexus
1137 247 1219 275 nimia
1244 248 1420 276 contentione
1445 248 1617 282 del'atiscant,
1643 248 1666 276 si

875 301 924 328 per
940 300 970 321 se
993 293 1065 328 ipsos
1081 293 1205 329 corporis
1227 294 1334 329 pondus
1354 295 1490 322 sustinere
1514 299 1665 330 cogantur;

875 339 903 366 in
920 338 1010 366 futura
1021 345 1087 366 vero
1100 338 1186 374 gloria
1194 339 1338 374 quamdam
1353 340 1465 368 honoris
1481 340 1666 375 praestantiam

876 385 1016 420 signiﬁcat
1041 385 1138 412 sessio.
1164 384 1240 418 Quod
1269 392 1334 413 vero
1363 385 1484 417 dicitur:
1503 394 1513 412 ι
1541 385 1600 413 Non
1625 390 1668 414 est

876 439 967 459 meum
994 431 1061 458 dare
1089 431 1178 464 vobis,
1200 440 1211 458 υ
1233 438 1286 459 non
1312 432 1434 460 ostendit
1457 432 1666 467 impotentiam;

876 477 1014 513 quomodo
1029 477 1102 504 enim
1118 477 1254 513 impotens
1276 477 1368 505 divina
1384 478 1471 506 virtus
1486 479 1604 506 evadat?
1617 481 1666 508 sed

873 523 988 558 iustitia
1002 523 1184 557 aequilibrium
1198 523 1224 550 in
1234 527 1358 551 neutram
1371 525 1544 559 propendens
1559 531 1665 560 partem

876 570 1007 598 ostendit.
1028 569 1182 605 lncorrupti
1204 571 1277 597 enim
1298 569 1400 605 judieis
1426 575 1468 598 est
1492 572 1668 606 proportione

878 616 1038 644 meritorum
1053 615 1162 644 athletis
1187 616 1334 643 decernere
1357 616 1478 651 praemia,
1498 624 1586 651 neque
1603 625 1668 644 vero

877 662 971 697 gratiae
986 669 1067 690 causa
1081 661 1239 689 melioribus
1254 661 1383 696 praeferre
1400 661 1518 697 pejores,
1537 667 1563 689 et
1579 668 1668 690 cena-

879 709 982 737 toribus
1008 716 1055 736 eos
1073 709 1119 743 qui
1142 707 1253 735 minime
1271 712 1463 742 certaverunt;
1489 708 1561 740 ideo,
1583 717 1592 734 ι
1608 708 1667 736 Νοιι

877 760 930 788 est.
949 755 998 787 ait,
1017 763 1106 782 meum
1121 755 1186 782 dare
1201 754 1288 787 vobis,
1304 763 1313 780 ι
1332 755 1380 782 sed
1406 754 1439 782 iis
1457 755 1503 789 qui
1529 759 1668 783 certanu-n

877 801 1004 834 vicerint,
1026 801 1137 828 honoris
1154 800 1264 835 praemia
1281 801 1399 835 reposita
1413 806 1488 829 sunt.
1503 801 1561 829 Hoc
1576 805 1669 829 autent

877 847 953 881 dicit,
970 855 1023 876 non
1037 847 1108 882 quod
1121 854 1300 875 consessurus
1315 848 1352 875 sit
1373 839 1435 875 ‘cum
1461 851 1516 876 Deo
1533 849 1668 884 quispiam

880 893 907 921 in
924 894 1014 920 futura
1031 893 1132 927 gloria;
1150 893 1292 928 perspicue
1306 893 1378 920 enim
1391 893 1568 929 evangelieus
1578 901 1669 922 sermo

882 939 911 966 in
927 938 1010 966 l‘uturi
1028 939 1123 974 judicii
1136 939 1317 974 descriptione
1329 939 1461 972 declarat,
1477 941 1549 974 quod
1568 944 1670 968 statuet

880 993 944 1014 oves
960 993 973 1012 a
991 985 1104 1017 dextris,
1119 985 1211 1012 haedos
1227 992 1293 1012 vero
1305 993 1320 1012 a
1331 984 1451 1013 sinistris
1463 985 1486 1001 ¹⁶
1503 986 1670 1013 :stationem

880 1039 946 1059 vero
965 1031 1080 1059 sessioui
1095 1031 1193 1065 opponi
1207 1031 1381 1059 manifestum
1399 1035 1457 1059 est:
1475 1032 1533 1063 sed,
1551 1038 1580 1059 ut
1602 1033 1670 1066 dixi,

880 1077 993 1105 honoris
1006 1077 1167 1105 excellentia
1185 1076 1317 1104 vocabulo
1331 1077 1462 1105 sessionis
1475 1078 1634 1106 involvitur.

920 1134 929 1151 ι
946 1124 979 1152 Ει
996 1123 1138 1151 audientes
1152 1123 1246 1150 decem
1262 1127 1403 1156 creperum
1424 1123 1559 1158 indignari
1578 1124 1611 1151 de
1623 1123 1670 1151 Ja-

881 1170 950 1198 cobo
975 1174 1003 1198 et
1039 1169 1154 1198 Joanne.
1175 1178 1184 1195 »
1208 1169 1384 1204 imperfectos
1410 1171 1500 1198 adhuc
1525 1170 1671 1206 discipulos

882 1217 991 1245 invidiae
1005 1215 1107 1244 aculeis
1119 1215 1275 1244 stimulatos
1293 1223 1346 1243 non
1363 1215 1496 1244 absonum
1511 1221 1554 1244 est
1565 1225 1573 1246 :
1586 1224 1671 1252 quare

881 1272 898 1292 ι
909 1266 1014 1291 Yvet‘sus
1031 1261 1232 1296 condiscipulos
1251 1262 1438 1297 indignantur,
1464 1263 1537 1297 quod
1552 1263 1670 1298 primum

882 1316 1038 1337 consessum
1063 1316 1119 1344 prae
1144 1308 1205 1335 aliis
1223 1313 1315 1335 tenere
1340 1308 1547 1336 contenderent.
1579 1310 1611 1336 Et
1635 1310 1672 1336 ita

882 1354 990 1389 quidem
1002 1361 1035 1380 ex
1050 1352 1199 1387 majoribus
1210 1352 1312 1380 nostris
1322 1352 1379 1388 (54)
1393 1353 1476 1387 aliqui
1488 1354 1593 1388 explica
1599 1360 1672 1382 runt.

883 1400 947 1427 Mihi
968 1407 1032 1427 vero
1061 1406 1113 1426 non
1143 1398 1271 1426 invidiam
1299 1398 1494 1433 discipulorum
1524 1399 1673 1434 indignatio

883 1453 938 1480 prae
954 1452 984 1472 se
1002 1445 1073 1472 ferre
1089 1444 1214 1476 videtur;
1230 1443 1329 1478 quippe
1348 1451 1410 1471 ctutt
1435 1452 1486 1471 nec
1510 1445 1572 1471 aliis
1595 1445 1672 1476 locis.

883 1498 945 1518 cum
974 1490 1096 1517 viderent
1116 1496 1162 1516 eos
1181 1487 1261 1524 154¹
1285 1488 1336 1515 sibi
1361 1487 1494 1523 prarl‘erri,
1525 1488 1673 1516 invidentia

884 1536 1050 1564 laborarunt.
1071 1534 1177 1563 Etenim
1192 1534 1259 1562 Jairi
1278 1534 1360 1561 lilium
1385 1538 1563 1562 revocaturus
1582 1535 1608 1562 in
1632 1536 1670 1562 vi-

885 1587 937 1609 tam
951 1582 985 1613 '7,
1002 1581 1109 1608 cateris
1133 1580 1200 1607 Foris
1223 1580 1337 1611 relictis,
1363 1580 1412 1607 hoe
1433 1580 1502 1608 duos
1528 1580 1674 1616 discipulos

883 1636 944 1656 cum
959 1627 1040 1655 Petro
1053 1627 1224 1660 introduxit;
1242 1631 1269 1653 et
1284 1633 1344 1653 cum
1370 1626 1398 1653 itt
1421 1631 1512 1654 monte
1528 1627 1673 1662 transﬁgu-

883 1680 958 1702 ratus
983 1673 1068 1705 est",
1093 1673 1202 1700 eosdem
1234 1672 1366 1699 duntaxat
1392 1673 1556 1707 assumpsit;
1586 1681 1674 1708 neque

882 1730 948 1751 vero
965 1723 999 1750 ob
1013 1729 1061 1749 eas
1078 1729 1120 1749 res
1136 1721 1269 1756 reliquum
1287 1724 1388 1748 coetum
1411 1721 1511 1748 invidia
1527 1722 1633 1756 tetigit;
1646 1728 1674 1749 et

883 1769 934 1796 hoc
950 1775 1015 1795 vero
1031 1767 1091 1795 loco
1107 1775 1159 1794 non
1169 1767 1245 1801 prius
1260 1767 1389 1801 indignati
1399 1771 1473 1799 sunt.
1487 1775 1567 1802 quam
1582 1767 1672 1795 DomL

883 1821 948 1842 num
967 1813 1102 1848 repulsam
1117 1813 1225 1840 dedisse
1239 1812 1381 1846 viderent;
1405 1813 1497 1847 itaque
1513 1812 1604 1848 potius
1620 1821 1672 1840 uua

882 1867 946 1887 cum
959 1858 1090 1893 magistro
1106 1865 1162 1884 rem
1174 1865 1247 1892 aegre
1265 1857 1371 1890 tulisse,
1396 1865 1477 1893 quant
1496 1866 1550 1893 prae
1571 1858 1673 1886 invidia

883 1903 1018 1938 indignati
1046 1903 1184 1930 videntur.
1213 1902 1405 1930 Verumtamen
1431 1903 1591 1930 consolatur
1626 1910 1674 1930 eos

884 1951 1036 1979 hortatione
1053 1949 1193 1981 Dominus,
1209 1952 1237 1975 et
1258 1948 1298 1976 sic
1318 1953 1484 1977 convocatos
1501 1949 1648 1983 alloquitur
1664 1957 1672 1976 :

924 2052 933 2068 ι
946 2042 1041 2075 Scitis,
1057 2041 1121 2076 quia
1133 2041 1171 2074 hi,
1183 2040 1228 2076 qui
1242 2040 1368 2067 videntur
1377 2039 1524 2075 principari
1535 2041 1671 2075 gentibus,

884 2088 1058 2116 dominantur
1069 2087 1125 2120 eis;
1140 2091 1167 2114 et
1181 2086 1317 2121 principes
1332 2092 1426 2112 eorum
1445 2090 1605 2120 potestatem
1624 2087 1673 2113 ha-

883 2135 949 2162 bent
971 2134 1102 2168 ipsorum.
1121 2142 1131 2159 ›
1153 2131 1287 2164 Honores,
1313 2132 1412 2166 inquit,
1437 2132 1568 2165 temporis
1593 2132 1674 2166 hujus

885 2179 999 2212 ambire,
1015 2183 1042 2206 et
1054 2177 1153 2206 ﬂuxam
1168 2178 1282 2212 gloriam
1306 2177 1435 2205 aliectare
1460 2178 1595 2212 superbiae
1609 2186 1676 2214 gen-

25 2229 52 2255 οἶ
79 2228 232 2263 βούλονται
255 2226 427 2262 τυραννικῶς
450 2226 556 2261 ἄρχειν,
570 2227 619 2253 καϊ
633 2227 687 2252 τῶν
710 2227 828 2262 ἡσσόνωι

910 2232 955 2252 um
983 2229 1035 2257 est,
1061 2231 1120 2259 quae
1140 2223 1282 2259 tyrannice
1307 2223 1442 2250 dominari
1461 2228 1488 2250 et
1506 2230 1587 2258 supra
1612 2225 1676 2251 sub-

27 2273 217 2308 ἐπαίρεσθαι.
237 2273 269 2299 Οἱ
286 2272 315 2299 δὲ
327 2272 390 2308 ἐμοὶ
404 2272 524 2307 μαθηταὶ
539 2271 588 2308 τὴν
602 2272 726 2299 ἐναντίαν
742 2272 832 2299 αὐτῶν

25 2319 228 2354 βαδιςέτωσαν
249 2318 385 2354 ἀτραπὸν,
401 2318 449 2344 καὶ¹
463 2318 477 2344 ό
493 2317 549 2345 τῶν
572 2318 716 2353 πρωτείων
726 2318 837 2353 ἐφιέμε-

23 2373 87 2396 νος,
116 2363 270 2399 κτησάσθω
286 2363 316 2390 τὺ
333 2362 530 2398 μεγαλοψύχως
554 2364 621 2390 πᾶσι
647 2363 792 2395 διακονεῖν,
806 2363 838 2390 τὸ

887 2272 959 2300 dilos
973 2270 1064 2298 eﬂ'crri
1077 2269 1197 2297 student.
1213 2269 1262 2297 Mei
1286 2277 1350 2296 vero
1365 2269 1491 2305 discipuli
1509 2270 1674 2297 contrariam

887 2317 950 2344 huic
965 2316 1058 2343 ineant
1079 2314 1171 2347 viam;
1194 2315 1294 2350 quique
1314 2314 1462 2350 primatum
1487 2315 1598 2350 appetit,
1624 2315 1676 2343 hoc

890 2365 1064 2396 assequatur,
1083 2364 1112 2387 ut
1125 2360 1203 2387 lucro
1216 2361 1326 2395 deputet
1345 2359 1532 2395 magnitudine
1559 2361 1676 2394 quadam

67 2412 95 2428 ι’
105 2411 209 2438 Matth.
226 2418 291 2443 xxv,
305 2411 351 2439 33.
393 2411 414 2427 ”
425 2407 508 2440 Mare.
523 2419 551 2443 v.
565 2411 611 2439 37.
651 2411 672 2426 ⁸⁸
682 2411 778 2437 Matth.
792 2418 861 2443 xvu,
885 2409 898 2436 1
915 2417 980 2443 seqq

662 2457 823 2488 Francisci
840 2456 945 2487 Scorsi
962 2459 1055 2486 notua.

21 2517 53 2543 in
72 2513 187 2541 Lucam
202 2521 210 2540 ι
226 2511 317 2545 Neque
342 2511 481 2538 duodecim
497 2512 585 2538 throni
602 2515 727 2546 tanquam
744 2510 838 2546 aliqua

21 2554 95 2577 sunt
141 2547 290 2581 corporali:
317 2547 483 2580 receptacula
518 2544 679 2573 sessionis:
703 2544 749 2581 aed
776 2545 839 2579 quia

20 2579 192 2613 creandum
220 2582 339 2608 divinant
361 2579 561 2608 similitudinem
581 2581 688 2615 judicat
717 2579 839 2615 Christus

21 2617 340 2654 (agnitioneeordium,
353 2624 405 2642 non
418 2614 626 2654 interrogatione
642 2616 785 2651 factorum,
802 2614 840 2640 ita

20 2661 48 2682 et
60 2651 196 2686 vapouoli
211 2652 238 2678 in
250 2651 385 2686 judicium
399 2651 538 2686 spirituaje
554 2651 717 2685 formantur.

65 2683 139 2722 (54)
161 2686 202 2713 Ea:
215 2683 362 2720 mdjoribur
373 2685 484 2722 nostris.
501 2685 530 2711 S.
542 2683 765 2722 Qltrysostomum
783 2683 840 2710 for-

23 2720 130 2752 tassis
147 2722 253 2754 innuit,
272 2722 317 2754 qui
338 2728 370 2747 ex
389 2720 488 2747 invidia
514 2720 622 2754 quidem
637 2720 833 2754 discipulorutn

21 2757 257 2793 indignationem
277 2755 430 2793 proiectam
452 2754 601 2793 dicit,_sed
623 2759 712 2793 tamen
727 2758 836 2793 exettsat

20 2789 110 2829 (μιοᾶ
137 2792 255 2817 nondum
275 2790 393 2824 Spiritus
418 2795 528 2829 sanctus
544 2789 570 2815 in
591 2789 729 2829 apostolos
743 2789 838 2829 ruisset

21 2824 148 2856 éﬂusus
163 2833 216 2859 quo
236 2830 344 2860 postea.
356 2825 446 2851 omnia
473 2824 626 2860 hujusuiodi
643 2824 708 2860 vitia
726 2828 838 2858 purgata

20 2868 113 2891 sunt.
142 2858 299 2894 Atque'hic
325 2860 434 2895 quidem
462 2866 526 2886 ante
552 2858 764 2894 Theophanem;
781 2862 840 2892 post

147 2909 284 2940 ΡΑτιιοι..
302 2907 362 2939 (in.
379 2906 539 2938 CXXXII.
787 2909 801 2918 ‘

888 2509 976 2543 ipsum
1011 2512 1076 2534 vero
1104 2507 1342 2543 Euthymiusnon
1374 2507 1488 2543 minoris
1519 2508 1676 2537 ambitionis

889 2541 973 2570 fuisse
986 2545 1064 2577 putat
1083 2542 1153 2576 qttod
1168 2541 1261 2569 decem
1280 2541 1411 2575 indignati
1428 2542 1588 2577 sinittqttam
1603 2545 1675 2577 quod

889 2579 943 2605 duo
971 2576 1087 2612 primum
1107 2577 1195 2612 locum
1213 2576 1404 2612 iamrhiverint:
1428 2576 1476 2603 sed
1496 2576 1676 2612 Theophanes

888 2611 977 2640 etiam
987 2612 1021 2639 ab
1036 2612 1135 2647 invidia
1151 2611 1300 2647 discipulos
1315 2611 1439 2647 rliherare
1459 2611 1584 2646 conatur,
1599 2614 1676 2647 quasi

890 2648 933 2675 illa
952 2646 1103 2680 indignatio
1115 2654 1170 2673 non
1195 2645 1228 2673 ali
1248 2646 1347 2672 invidia
1360 2664 1368 2677 ,
1392 2645 1437 2673 sed
1454 2653 1469 2672 a
1493 2645 1616 2674 molestia
1637 2648 1678 2675 vel

889 2683 999 2709 tristitia
1011 2688 1091 2715 quam
1108 2680 1382 2717 ctnanhristorsimul
1400 2682 1582 2717 ostenderint,
1605 2684 1677 2717 quod

888 2725 948 2744 eam
972 2724 1027 2750 pra:
1051 2724 1079 2743 se
1097 2716 1207 2742 tulerint
1231 2715 1427 2742 ambitionem.
1444 2715 1533 2749 Atque
1562 2715 1622 2744 hoe
1635 2723 1678 2745 est

887 2751 1058 2785 οἰκονομίαν.
1072 2750 1139 2778 Vide
1156 2757 1208 2784 qua
1235 2751 1335 2784 pietate
1351 2756 1443 2778 noster
1462 2752 1612 2785 apostolos,
1631 2752 1676 2779 ubi

889 2787 984 2822 possit,
995 2791 1124 2822 excuset;
1137 2793 1196 2822 cum
1205 2785 1325 2812 hmretici
1339 2786 1423 2822 nostri
1436 2787 1563 2820 temporis
1574 2787 1676 2822 nuilutn

891 2820 943 2849 nou
961 2821 1104 2848 accusandi
1121 2827 1168 2847 eos
1183 2820 1269 2857 locum
1289 2821 1510 2857 praetenuittant,
1524 2822 1596 2857 quod
1610 2821 1678 2850 Mal-

888 2858 1005 2886 douatus
1019 2863 1072 2883 non
1087 2863 1141 2884 uno
1154 2856 1180 2883 in
1196 2855 1255 2883 loco
1270 2855 1345 2884 dicit.
