1883 3053
134 2770 144 2773 ”
194 2770 218 2802 ἐι
232 2770 280 2800 hac
309 2775 371 2799 dicit
407 2773 484 2807 (ἔνθα.
524 2773 667 2808 Theologus

204 151 266 185 ‘95

807 151 1054 182 THEOPHANIS
1069 152 1243 183 CERAMEI

1793 153 1833 184 (S6

211 209 389 236 humanitatis
400 215 447 243 spe
462 212 614 244 caperetur.
630 207 729 236 Videus
739 208 812 236 enim
829 209 954 236 Salvator

1091 210 1254 246 ,ρώσασοαι,
1285 209 1379 238 τοῦτον
1403 209 1560 246 ἒπεθὺμησε
1585 210 1687 245 λύτρον
1714 210 1774 238 ἀντὶ
1800 221 1834 238 του

210 261 291 288 supra
323 259 448 282 naturam
476 255 607 282 miracula
636 259 818 288 operantem,
853 260 997 290 postquam

210 307 271 328 eutu
285 297 404 328 adortus
417 307 466 335 per
484 305 624 335 peccatum
645 300 723 335 155
747 301 873 336 subigere
889 302 998 329 minime

208 347 386 381 potuil,eum
414 347 546 381 appetivit
574 347 701 381 accipere
735 348 850 382 pretium
881 355 930 383 pro
954 355 999 375 ca-

208 392 293 427 ptivo.
306 391 402 419 Tradit
425 392 506 427 igitur
530 392 587 428 ipse
598 393 716 427 seipsum
741 392 855 428 pretium
877 393 911 420 ad
927 393 998 421 redi-

208 438 335 464 utendum
351 444 425 469 eum,
436 437 482 472 qui
498 438 626 465 redactus
646 437 735 464 fuerat
748 438 774 464 in
789 438 957 470 servitutem,
970 442 999 465 ut

206 490 257 518 per
273 487 386 510 mortem
409 488 436 511 et.
456 484 685 511 resurrectionem
707 483 835 511 liberaret
851 483 877 511 iu
896 483 997 511 iul'ero«

160 563 162 565 _
206 536 266 556 rum
280 529 402 556 custodia
417 529 572 557 conclusos.
592 528 673 557 Omni
690 529 772 563 igitur
790 529 877 564 pretio
897 530 997 557 tradito

205 573 230 601 ci
246 574 293 609 qui
317 574 453 601 detinebat
468 573 536 609 (57),
556 579 584 601 et
610 576 748 608 redempto
768 581 800 601 eo
823 574 868 608 qui
892 574 997 601 detine-

205 619 296 652 batur,
319 620 430 654 sanguis
457 619 558 647 Christi
577 620 687 647 divinus
714 621 845 647 servitute
873 620 996 654 captivos

203 666 323 698 exeruit;
341 671 370 693 at
386 673 438 692 non
454 673 514 693 eum
532 670 674 700 tyrannus,
691 666 737 693 sed
752 665 822 700 ejus,
837 666 882 701 qui
898 667 994 693 imme-

196 711 276 741 'latus
303 718 356 744 est.
383 712 466 740 Pater
495 713 626 748 accepit;
657 717 738 747 atque
768 714 819 740 hoc
844 711 995 748 theologica

197 758 293 794 'liugua
307 759 364 794 (58)
382 759 528 787 manifeste
556 759 675 787 declarat
690 767 698 786 :
713 759 827 794 Accipit,
855 759 992 794 inquiens,

201 812 329 839 magnum
341 809 368 832 et
378 804 495 832 nobilem
511 805 670 839 sanguinem
684 804 775 838 Pater,
789 813 843 832 non
862 805 932 840 quod
949 812 996 839 pe-

202 849 285 884 tierit,
303 855 349 877 aut
362 858 394 878 eo
407 858 475 886 opus
490 851 628 884 habuerit,
645 851 692 879 sed
709 855 823 886 propter
845 851 990 878 consiliqu

199 899 229 923 et
250 885 527 930 administrationem,
553 901 581 924 et
603 897 668 932 quia
691 885 739 931 per
762 885 957 924 humanitatem
977 905 992 924 a
1008 885 1029 912 Β

199 941 257 969 Deo
272 947 438 976 assumptum
464 942 568 969 homini
587 942 760 970 sanctitatem
776 941 867 970 aﬂerri
885 947 994 977 oporte-

194 987 256 1019 bat,
267 991 302 1013 -ut
319 987 377 1021 ipse
397 994 446 1015 nos
461 996 475 1015 a
492 993 620 1023 tyranno,
634 988 681 1022 qui
703 996 750 1023 per
767 989 820 1015 vim
846 996 897 1016 nos
922 989 992 1016 deti-

196 1032 292 1065 nebat,
311 1032 453 1060 liberaret.
469 1032 507 1060 Ita
523 1041 587 1061 cum
602 1033 742 1061 inimicum
771 1035 883 1062 dextere
912 1034 994 1062 simul

195 1083 227 1105 et
245 1078 320 1112 juste
335 1079 528 1113 oppressisset,
546 1079 617 1106 viam
639 1079 717 1106 nobis
734 1079 828 1107 itidem
852 1087 993 1107 commou-

199 1126 309 1158 stravit,
331 1134 384 1161 qua
407 1126 518 1154 vincere
545 1127 633 1161 ipsum
656 1134 817 1162 possemus:
840 1127 917 1161 cujus
942 1135 989 1155 ve-

196 1171 285 1206 stigiis
300 1171 458 1200 insistentes
474 1172 662 1200 adversarium
681 1178 802 1200 nostrttm
823 1175 947 1202 oratione
961 1179 989 1202 et

190 1217 299 1252 jejunio
313 1225 444 1254 superare
469 1226 613 1246 conemur.
629 1219 662 1246 Et
685 1219 756 1246 sicut
779 1219 822 1246 ille
839 1227 887 1254 per
901 1219 989 1254 inglu-

196 1263 268 1291 viem
294 1271 345 1292 nos
372 1264 615 1300 subegitsuosque
640 1272 734 1293 servos
766 1265 875 1299 effecit;
904 1265 942 1293 ita
961 1270 990 1292 et

196 1317 249 1338 nos
273 1314 404 1345 tropaeum
422 1311 455 1338 de
469 1311 528 1346 ipso
541 1311 628 1339 armis
655 1311 804 1339 contrariis
827 1316 990 1339 statuamus.

196 1355 375 1383 Considerate
384 1357 434 1384 hoc
445 1356 547 1384 luteum
560 1364 656 1391 corpus
668 1357 753 1384 instar
763 1357 886 1392 caliginis
894 1358 991 1385 anima:

196 1399 408 1433 circumfusum,
426 1401 461 1428 oh
475 1401 589 1429 vetitum
608 1402 697 1428 cibum
713 1409 821 1437 gravem
836 1402 908 1428 hanc
919 1409 991 1429 cras-

195 1446 288 1474 sitietu
306 1447 477 1474 contraxisse
491 1446 560 1483 (59).
578 1447 685 1475 Etenim
702 1452 764 1476 ante
778 1447 991 1475 iuobedientiam

1052 257 1236 292 κατεχομένου
1257 256 1363 283 λαϐεῖν.
1381 257 1496 284 Δίδωσιν
1512 255 1559 284 οὖν
1576 257 1659 288 αὐτὸς
1679 257 1780 284 ἑαυτὸν
1800 259 1836 284 τοῦ

1049 302 1304 338 δουλαγωγηθέντος
1326 302 1499 337 ἀντίλυτρον,
1520 302 1564 329 διὰ
1584 302 1633 328 τοῦ
1657 302 1777 329 θανάτου
1801 304 1838 329 καὶ

1050 348 1099 383 τῆς
1122 349 1257 384 ὲγέρσεως
1279 348 1463 383 ἐλευθερῶσαι
1484 348 1548 379 τοὺς
1571 348 1795 383 καθειργμένους
1815 350 1838 375 ἐν

1050 395 1084 429 τῇ
1098 393 1144 420 τοῦ
1160 393 1224 429 ᾅδου
1242 394 1340 429 φθορᾷ.
1355 393 1461 425 Παντὸς
1476 393 1505 420 δὲ
1521 392 1621 428 λύτρου
1636 393 1782 428 διδομένου
1799 394 1839 428 μὲν

1050 439 1089 474 τῷ
1107 439 1265 474 κατέχοντι,
1283 440 1331 466 καὶ
1348 439 1530 475 λυτρουμένου
1548 439 1594 466 τὸν
1610 439 1801 474 κατεχόμενον
1815 440 1838 466 τὸ

1049 485 1096 513 τοῦ
1112 486 1230 521 Χριστοῦ
1248 485 1385 512 θειότατον
1399 483 1470 520 αἷμα
1489 484 1608 517 ἐξείλετο
1633 485 1685 519 μὲν
1701 485 1768 515 τοὺς
1784 494 1838 511 κατ-

1049 530 1248 566 εχομένους,οὑ
1272 531 1325 565 μὴν
1343 531 1450 565 εἰλήφει
1462 529 1542 556 τοῦτο
1560 531 1575 557 ό
1595 529 1741 564 τύραννος,
1762 530 1839 556 ἀλλ“ὸ

1048 579 1096 603 τοῦ
1117 576 1244 607 τυθέντος
1270 577 1365 611 Πατήρ
1380 586 1387 592 -
1408 576 1456 603 καὶ
1476 575 1555 602 τοῦτο
1581 576 1676 609 σαφῶς
1699 576 1840 611 θεολογικὴ

1045 621 1158 656 γλῶσσα
1172 622 1313 657 διατρανοϊ
1323 642 1330 655 ,
1347 621 1500 656 Δαμϐἀνει,
1516 622 1644 655 λέγουσα,
1660 622 1691 648 τὸ
1707 623 1785 657 μέγα
1800 625 1841 649 καὶ

1047 667 1210 702 περιϐόητον
1227 665 1298 702 αἷμα
1315 667 1329 693 ὁ
1345 667 1452 702 Πατὴρ,
1468 667 1519 694 οὐκ
1537 668 1665 702 αἰτήσας,
1691 668 1758 694 οὐδὲ
1783 668 1841 703 δεη-

1047 712 1117 744 θεὶς,
1133 712 1201 739 ἀλλὰ
1217 713 1262 740 διὰ
1277 713 1325 748 τὴν
1340 712 1498 747 οἰκονομίαν
1508 733 1515 745 ,
1531 714 1579 740 καὶ
1593 713 1624 739 τὸ
1640 714 1744 748 χρῆναι
1762 714 1841 748 ἁγια-

1046 756 1143 792 σθῆναι
1160 757 1199 792 τῷ
1217 757 1382 794 ἀνθρωπίνῳ
1399 757 1447 784 τοῦ
1466 757 1534 784 Θεοῦ
1551 758 1597 784 τὸν
1615 758 1764 794 ἄνθρωπον
1775 780 1783 792 ,
1803 759 1841 785 ἳνα

1045 804 1125 836 αὐτὸς
1141 804 1215 839 ἡμᾶς
1229 804 1354 839 ἐξέληται
1367 803 1415 830 τοῦ
1429 804 1561 840 τυράννου
1577 804 1623 839 βίᾳ
1638 805 1839 839 κρατήσαντος.

1044 849 1124 876 Οὕτω
1143 850 1190 876 τὸν
1210 849 1308 885 ἐχθρὸν
1329 850 1494 885 εὐμηχάνως
1512 858 1543 877 τε
1564 850 1622 885 ἅμα
1655 851 1704 877 καὶ
1729 850 1845 884 δικαίω;⁵

1043 896 1217 930 καταϐαλὼν,
1230 897 1280 932 τῆς
1294 896 1354 923 κατ’
1367 896 1451 924 αὑτοῦ
1464 896 1544 932 νίκης
1556 897 1698 930 ὑπέδειξεν
1709 899 1782 933 ἡμῖν
1794 899 1841 933 τὴν

1042 941 1111 972 ὁδὸν.
1127 938 1149 975 ᾧ
1164 941 1197 976 δὴ
1214 943 1276 968 κατ’
1290 942 1363 976 ι’χνος
1378 941 1591 974 ἀκολουθοῦντες
1606 942 1651 969 διὰ
1682 944 1840 978 προσευχῆς

1041 987 1090 1014 καὶ
1098 987 1239 1022 νηστείας,
1250 987 1424 1023 ὲπειχθῶμεν
1438 987 1644 1015 καταπαλαίσαι
1656 988 1704 1015 τὸν
1716 989 1840 1016 ἀντικεί-

1043 1041 1135 1068 μενον,
1152 1034 1208 1060 Καὶ
1227 1033 1321 1068 ὡσπερ
1340 1034 1446 1065 ἐκεῖνος
1463 1033 1507 1061 διὰ
1523 1033 1644 1069 λιχνείας
1665 1035 1746 1070 ἡμᾶς
1767 1035 1839 1062 ἐδού-

1041 1079 1140 1111 λωσεν.
1156 1079 1258 1114 λάτρας
1275 1079 1371 1105 ἑαυτοῦ
1388 1079 1584 1115 ποιησάμενος,
1593 1079 1681 1111 οὕτως
1697 1081 1784 1115 ἡμεῖς
1800 1081 1839 1108 διὰ

1040 1125 1096 1151 τῶν
1119 1125 1250 1152 ἐναντίων
1275 1125 1356 1151 αὑτὸν
1379 1125 1664 1161 κατατροποσὼμεθα.
1684 1126 1789 1163 Ὁρᾶτε
1812 1127 1840 1154 τὸ

1043 1170 1123 1206 σῶμα
1141 1171 1220 1197 τοῦτο
1239 1172 1270 1197 τὸ
1294 1170 1418 1206 πήλινον,
1438 1172 1507 1207 ὅπερ
1529 1172 1688 1207 περίκειται
1706 1174 1742 1208 τῇ
1766 1173 1839 1209 ψυχῇ

1041 1216 1169 1252 καθάπερ
1184 1217 1284 1252 ἀχλὺς,
1300 1217 1332 1244 ἐκ
1347 1217 1397 1252 τῆς
1411 1217 1643 1252 ἀπηγορευμένης
1659 1218 1796 1254 βρώσεως
1811 1220 1839 1246 τὸ

1043 1263 1112 1299 βαρὺ
1127 1263 1206 1290 τοῦτο
1221 1263 1308 1298 πάχος
1324 1263 1443 1296 ἐδέξατο.
1460 1264 1517 1298 Πρὸ
1531 1264 1587 1299 γὰρ
1612 1265 1662 1299 τῆς
1679 1265 1837 1301 παρακοῆς,

1039 1309 1137 1336 λεπτὸν
1154 1307 1188 1344 ἦν
1207 1309 1255 1336 καὶ
1273 1309 1405 1345 καθαρὸν,
1423 1309 1470 1336 καὶ
1487 1309 1591 1345 ἀέριον,
1609 1311 1658 1336 καὶ
1676 1306 1735 1336 οἷον
1754 1311 1838 1346 ἐχρῆν

1041 1355 1243 1390 συνυφανθῆναι
1259 1356 1294 1391 τῇ
1311 1355 1358 1382 τοῦ
1368 1354 1436 1382 Θεοῦ
1449 1355 1534 1382 εικόνι
1550 1356 1689 1391 προσφυὲς
1706 1356 1756 1383 καὶ¹
1772 1365 1838 1383 κατ-

1039 1401 1165 1436 άλληλον.
1187 1402 1273 1437 Ὅπερ
1295 1399 1341 1428 οὖν
1359 1402 1375 1436 ἡ
1399 1401 1553 1437 λαιμαργία
1571 1401 1708 1436 ὲπάχυνε,
1725 1402 1773 1429 διὰ
1788 1412 1836 1437 νη-

1041 1447 1133 1480 στείας
1147 1448 1335 1484 λεπτύνωμεν.
1344 1448 1402 1475 Νῦν
1415 1447 1469 1484 γὰρ
1478 1448 1515 1480 ὡς
1525 1448 1560 1478 ὲν,
1569 1448 1756 1484 δεσμωτηρίῳ
1770 1450 1837 1477 καο-

813 1526 975 1568 Francisci
994 1527 1099 1558 Scorsi
1113 1530 1208 1558 notae.

232 1587 289 1623 (57)
318 1588 371 1621 Qui
402 1589 545 1617 detinebat.
578 1589 624 1624 Τῷ
655 1591 812 1624 κατέχοντι,
830 1588 904 1616 Patri
931 1589 1024 1622 Deoc

197 1624 406 1659 intelliggjuxta
421 1625 626 1659 explicationem
642 1624 764 1657 allatam,
781 1629 837 1659 not.
852 1624 896 1651 55.

232 1658 290 1694 (58)
307 1658 463 1694 Theologica
474 1659 576 1693 lingua.
593 1659 791 1686 Nazianzeuutu
822 1658 984 1694 Gregorium

198 1699 399 1729 cognomento
426 1694 592 1728 'l‘heologum
635 1694 729 1726 relert,
771 1694 850 1729 cujus
893 1694 982 1720 locum

193 1728 378 1763 explicuimus
390 1728 457 1762 jam.
480 1735 537 1757 not.
552 1729 609 1760 55;
636 1729 675 1756 sic
695 1733 784 1756 autem
805 1728 944 1763 eleganter
958 1733 985 1756 et

192 1763 324 1798 oratorie
331 1763 508 1798 Theophanes
523 1763 684 1798 Gregorium
697 1764 773 1791 citat.

232 1797 289 1832 (59)
303 1796 428 1832 Corporis
440 1796 592 1826 σταιεείιίεηὶ
607 1801 780 1826 contraxisse.
796 1798 874 1825 Multi
890 1798 985 1826 Patres

195 1834 338 1867 utriusque
356 1833 454 1866 linguae
467 1833 599 1867 ejusmodi
621 1834 709 1860 verbis
722 1838 847 1865 utuntur,
865 1841 928 1861 cum
952 1834 986 1861 de

195 1874 310 1902 corpore
323 1868 402 1902 primi
419 1868 537 1895 hominis
547 1875 700 1895 sermonem
716 1869 827 1901 habent,
849 1869 947 1902 quibus
958 1873 986 1895 et

193 1901 437 1936 ltic’Theophaucs
456 1911 462 1929 :
484 1903 530 1937 qui
548 1908 637 1930 tatneu
655 1908 727 1930 recte
745 1908 809 1930 sunt
820 1901 983 1937 explicandi.

194 1936 314 1964 Chorum
343 1937 423 1965 ducat
446 1936 530 1972 Greg.
558 1937 685 1965 Naziauz.
714 1938 760 1972 qui
781 1936 909 1969 orat.‘27,
925 1946 985 1972 qua:

194 1972 416 2004 estde'Nativit.,
429 1973 473 2000 ubi
491 1980 551 1999 cttut
569 1974 601 1999 de
620 1973 741 2007 pelliceis
758 1973 868 2004 tttnicis,
886 1974 986 2007 quibus

192 2007 297 2040 primos
308 2012 435 2041 parentes
450 2013 662 2042 pnstpcccatum
682 2008 805 2035 atuicivit
832 2009 911 2039 Deus,
945 2008 985 2034 sic

194 2042 233 2068 ait
250 2050 257 2067 :
287 2043 344 2068 Καὶ
362 2042 410 2068 τοῦ
423 2042 491 2069 Θεοῦ
503 2042 548 2069 διὰ
565 2043 614 2073 τὴν
628 2043 729 2069 κακίαν
752 2043 892 2077 ἑξόριστος
908 2042 985 2076 γίνε-

192 2082 249 2112 ται,
260 2077 308 2102 καὶ
323 2076 388 2107 τοὺς
398 2077 577 2111 δερματίνους
586 2078 768 2112 ἀμφιέννυται
781 2076 909 2111 χιτῶνας,
920 2077 985 2112 ἴσως

193 2111 243 2144 ’τὴν
253 2112 509 2147 παχυτέρανγσάρκα
519 2112 576 2147 ,καὶ
587 2112 696 2147 θνητὴν,
707 2113 754 2138 καὶ
763 2112 918 2138 ἀντίτυπον.
929 2111 986 2138 Iloc

193 2151 236 2172 est
251 2146 398 2180 interprete
410 2146 545 2174 Btllio:Et
562 2146 593 2173 ab
608 2147 662 2179 ipso
675 2147 726 2173 Deo
735 2152 840 2180 propter
850 2152 985 2180 peccatth

193 2179 471 2216 Adamus’czpellitur
494 2188 516 2208 et
541 2182 661 2216 pellicem
685 2179 788 2208 tunicas
810 2179 907 2214 induit,
936 2182 985 2208 hoc

193 2220 232 2241 est
243 2215 366 2249 fortasse,
381 2215 668 2250 crassiorem'rarnem,
679 2220 702 2243 et
714 2217 862 2249 mortalem,
882 2222 904 2242 et
917 2217 984 2242 reni-

193 2255 306 2286 l_entem;
317 2258 396 2285 quem
413 2252 500 2278 locum
520 2251 612 2283 refert,
625 2256 651 2278 et
668 2252 861 2286 interpretatur
870 2250 987 2278 Joannes
1001 2255 1025 2285 ι)

195 2284 315 2312 Zonaras
341 2287 368 2312 iu
392 2293 452 2312 can.
472 2286 523 2312 125
538 2284 783 2320 couciliiCarthag.
805 2294 857 2319 quo
884 2293 987 2313 cauoue

194 2321 340 2346 anathema
366 2321 465 2347 dicitur
501 2321 527 2347 in
543 2328 589 2347 eos
619 2321 664 2354 qui
678 2322 769 2347 dicant
790 2326 817 2347 et
845 2321 986 2354 puteutita

192 2355 331 2382 hominem
351 2354 452 2382 factum
482 2363 540 2382 esse
569 2356 709 2382 mortalem
729 2361 758 2382 ut
774 2355 831 2382 sive
847 2360 987 2389 peccasset

192 2391 252 2417 sive
273 2398 324 2416 uou
347 2395 419 2417 esset
435 2392 459 2416 iu
472 2398 586 2424 corpore
603 2391 761 2422 moriturus,
786 2391 811 2417 id
834 2394 885 2421 est,
899 2397 914 2416 e
928 2398 987 2416 cor-

190 2432 258 2459 pore
273 2432 445 2457 excessurus,
464 2433 515 2452 uou
535 2430 644 2459 propter
660 2427 784 2451 meritum
808 2424 920 2459 peccati,
939 2424 986 2451 sed

194 2467 242 2494 per
259 2465 362 2486 natura:
381 2461 579 2487 necessitatem.
594 2459 639 2487 Sic
651 2461 741 2494 igitur,
751 2460 872 2486 Zonaras
886 2460 911 2484 in
925 2466 985 2485 euut

155 2519 169 2528 η
191 2493 280 2521 locum
295 2502 302 2520 :
320 2495 381 2530 Κᾶν
404 2496 457 2530 γὰρ
477 2495 566 2530 σάρκα
587 2495 634 2521 καὶ
649 2497 708 2520 τότε
721 2493 792 2529 εἶχεν
807 2496 820 2520 ὁ
833 2494 985 2530 ἆνβρῳῖτος,

190 2530 251 2558 ἀλλ’
279 2530 328 2564 οὑχ
354 2527 414 2556 οἵαν
433 2527 577 2562 νῦν,”καὶ
603 2530 682 2555 τοῦτό
713 2527 795 2564 φήσιν
821 2529 834 2555 ὁ
862 2528 985 2564 θεοὶ.όξ,ος

192 2563 346 2600 Γρηγόριος
383 2566 489 2598 λέγων’
521 2565 588 2595 Τοὺς
618 2565 646 2590 δὲ
671 2563 848 2599 δερματίνους
872 2563 987 2600 ἀμφίεντ

191 2599 271 2626 vita:
291 2599 432 2634 χιτῶνας,
466 2600 530 2630 ἴσως
556 2600 604 2634 τὴν
627 2601 784 2633 παχυτέραν
809 2600 910 2634 σάρκα,
939 2599 985 2624 καὶ

192 2633 308 2669 κινητὴν,
323 2637 370 2660 καὶ
385 2633 636 2669 ἀντίτυπονκἮστε
653 2635 706 2668 πρὸ
728 2634 778 2667 τῆς
803 2633 985 2669 παραϐάσεως

192 2667 256 2697 οὒτε
273 2667 360 2700 οὕτως
377 2670 520 2704 παχυτέρα
541 2667 575 2704 ἦν
601 2669 628 2729 τὶ
647 2669 715 2703 σὰρξ
734 2670 773 2703 τῷ
799 2669 902 2702 Ἀδάμ,
923 2668 985 2692 οὔτε

192 2705 387 2729 ωύσειονητή.
418 2705 578 2729 Nimirum:
625 2703 665 2729 'lst'
693 2705 763 2729 enim
789 2711 892 2729 carnem
923 2707 985 2728 tunc

192 2706 274 2740 φύσει
291 2705 387 2739 θνητή.
418 2703 578 2730 Νίιιιίνυιιιε
608 2703 665 2730 Etsi
693 2705 763 2730 enim
789 2711 892 2740 carnem
923 2707 985 2728 tunc

192 2738 293 2775 quoque
325 2738 434 2775 habebat
463 2741 556 2775 homo,
584 2741 628 2775 sed
664 2743 716 2765 nan
751 2738 855 2775 qna/em
901 2745 984 2775 nunc;

703 2771 762 2799 cum
803 2773 863 2798 dicit
882 2779 890 2798 :
907 2771 985 2798 Ρτιιι-

197 2818 256 2837 ceas
295 2815 395 2841 quoque
419 2815 499 2834 vestes
519 2809 616 2839 induit,
646 2809 712 2841 forte
740 2809 883 2833 tlt'nsiutem
922 2815 983 2832 car-

198 2852 267 2872 nem,
293 2849 314 2868 et
357 2842 502 2873 mortalem,
533 2847 557 2868 et
593 2848 763 2868 resistentem.
800 2842 887 2873 Quare
924 2846 984 2867 ante

204 2876 445 2911 transgressionem,
471 2883 515 2904 nec
545 2877 623 2904 densa
650 2882 704 2904 erat
722 2884 783 2903 caro
811 2879 867 2902 Atta
898 2884 916 2909 t,
939 2884 982 2902 nec

1042 1593 1139 1615 natura
1152 1588 1282 1616 mortalis.
1294 1587 1356 1615 Ilzec
1369 1588 1500 1616 Zonaras.
1518 1588 1555 1615 Ex
1570 1588 1668 1623 quibus
1680 1588 1757 1616 vides
1772 1597 1834 1617 eum

1040 1624 1181 1651 censuisse
1208 1631 1307 1657 corpus
1335 1625 1417 1650 Adam
1439 1624 1553 1650 alterius
1576 1623 1718 1657 cujusdam
1748 1625 1834 1652 fuisse

1038 1658 1214 1690 conditionis,
1229 1666 1309 1692 quam
1326 1666 1400 1686 nunc
1415 1659 1460 1685 sit.
1474 1658 1833 1691 Idemvidetursigniticare

1038 1693 1186 1720 Nicetasin
1200 1698 1346 1720 comtuent.
1369 1695 1396 1719 in
1419 1698 1488 1719 orat.
1515 1693 1672 1727 prmdictatu
1697 1692 1830 1722 Naztanz.

1038 1728 1083 1755 ubi
1102 1729 1191 1763 plures
1201 1728 1316 1754 all'ereus
1345 1728 1509 1762 intelligendi
1526 1728 1634 1763 modos,
1652 1729 1725 1763 quml
1744 1729 1829 1756 Adam

1038 1761 1124 1790 nudus
1138 1763 1226 1790 dictus
1241 1769 1332 1794 esset,
1352 1763 1386 1790 ad
1401 1761 1457 1789 huic
1473 1762 1613 1796 subiungit
1629 1771 1636 1789 :
1651 1761 1752 1789 Nudus
1762 1770 1829 1795 erat,

1037 1805 1088 1824 non
1108 1802 1135 1824 ut
1157 1798 1246 1824 carnis
1279 1802 1304 1823 et
1325 1799 1440 1829 corporis
1473 1805 1574 1829 expers,
1601 1805 1691 1823 verum
1715 1803 1745 1823 ut
1771 1807 1829 1824 eum

1038 1837 1241 1865 temperaturam
1260 1840 1310 1858 non
1325 1832 1434 1864 habens,
1458 1840 1517 1865 quo:
1541 1832 1699 1858 crassiorem
1721 1841 1828 1860 carnem

1037 1867 1166 1899 redderet,
1191 1875 1221 1893 ac
1249 1868 1390 1894 contrariis
1424 1871 1449 1893 et
1472 1867 1627 1902 perniciosis
1652 1867 1829 1900 qualitatibus

1036 1901 1190 1928 distractam
1207 1907 1283 1936 atque
1296 1901 1445 1934 divulsam;
1459 1901 1537 1935 plane
1558 1902 1629 1928 enim
1655 1902 1693 1928 ita
1728 1904 1829 1929 vivebat

1037 1941 1065 1962 ut
1089 1936 1183 1963 bottom
1206 1937 1384 1962 habitudinem
1408 1937 1555 1963 naturalem
1573 1936 1623 1969 ipsi
1650 1938 1830 1964 essentialiler

1037 1970 1151 1997 inditam
1167 1971 1372 2005 haudquaquam
1395 1971 1498 2006 efﬂaret
1510 1990 1518 2002 ,
1535 1979 1623 1997 cer-tun
1644 1973 1733 1997 eodem
1751 1976 1829 1999 modo

1037 2013 1064 2031 re
1087 2013 1188 2039 semper
1209 2006 1324 2038 haberet,
1347 2005 1444 2040 absque
1478 2007 1553 2039 ﬂuxu
1568 2011 1646 2040 alque
1668 2007 1827 2040 inﬂnriom,

1037 2040 1223 2075 continuaque,
1245 2042 1277 2066 ad
1299 2046 1437 2074 utrumque
1459 2041 1552 2066 horum
1574 2041 1718 2066 secundum
1742 2043 1829 2075 quoli-

1038 2079 1122 2101 tatunt
1137 2074 1353 2110 dominationem.
1378 2076 1545 2101 alteratione.
1560 2075 1621 2102 llaec
1643 2074 1764 2107 Nicetas,
1780 2077 1827 2110 qui

1038 2110 1144 2136 videtur
1159 2110 1300 2137 admittere
1310 2109 1389 2135 aliam
1403 2115 1613 2144 temperaturam
1627 2111 1752 2143 corporis
1762 2109 1829 2138 ante

1037 2148 1188 2178 peccatum,
1202 2152 1316 2178 eamque
1339 2143 1376 2170 illi
1397 2143 1578 2172 essentialiter
1601 2144 1727 2171 inditam.
1755 2145 1823 2172 Gre-

1037 2187 1095 2213 gor.
1110 2179 1246 2214 Nysseuus
1258 2179 1351 2205 iisdem
1380 2186 1447 2214 pene
1476 2180 1561 2206 utitur
1599 2179 1691 2206 verbis
1714 2186 1748 2206 ac
1778 2188 1829 2206 uo-

1039 2219 1106 2246 ster,
1132 2213 1178 2240 Sed
1192 2221 1223 2240 ea
1257 2213 1406 2240 referemus
1436 2214 1603 2241 commodius
1641 2213 1721 2247 paulo
1755 2221 1828 2248 post.

1041 2248 1220 2282 Theophanes
1240 2255 1303 2275 vero
1316 2248 1410 2275 aliusa
1428 2253 1530 2280 nostro,
1551 2248 1603 2275 hoc
1629 2254 1671 2275 est
1690 2248 1829 2282 Nicaeuu‘,

1039 2284 1118 2317 epist.
1130 2283 1157 2317 5,
1167 2291 1200 2310 ex
1218 2283 1249 2310 iis
1259 2290 1317 2317 qua:
1326 2283 1409 2310 edidit
1420 2283 1569 2310 Consalvus
1582 2283 1674 2310 Pouce
1690 2284 1830 2311 hominem

1039 2323 1158 2344 creatum
1174 2325 1189 2344 a
1204 2319 1269 2348 Deo.
1284 2318 1436 2344 ulalterum
1461 2317 1586 2352 angelum
1605 2318 1682 2349 dicit,
1700 2319 1783 2352 idque
1796 2327 1831 2346 ex

1039 2353 1110 2388 dicto
1127 2353 1245 2388 ejusdem
1262 2352 1340 2386 Greg.
1362 2352 1491 2387 Theologi
1511 2359 1518 2381 :
1538 2352 1617 2388 Ἐπεὶ
1633 2353 1689 2387 γὰρ
1709 2353 1831 2386 ἄγγελον

1039 2387 1117 2414 ἄλλον
1134 2388 1179 2413 ἐπὶ
1192 2389 1240 2422 τῆς
1254 2389 1304 2422 γῆς
1315 2389 1328 2413 ό
1337 2388 1509 2422 Δημιουργὸ;
1524 2387 1570 2413 τὸν
1584 2388 1730 2422 ἄνθρωπον
1742 2388 1831 2415 ἐπλα-

1039 2430 1096 2454 σεν,
1123 2422 1193 2448 ὥστε
1214 2423 1345 2458 ueram
1371 2422 1500 2458 μέγιστον
1520 2423 1549 2448 ὲν
1573 2422 1727 2458 θεολογίαις
1754 2423 1831 2458 Γρη-

1040 2457 1132 2492 γὸριον
1150 2458 1187 2492 μὴ
1203 2459 1258 2487 τοῖς
1278 2457 1334 2492 ἄνῳ
1348 2457 1428 2491 μόνον
1446 2457 1497 2491 τὴν
1530 2457 1720 2491 προσκύνησιν
1748 2457 1830 2492 περι-

1038 2490 1201 2527 γρᾶφεσοαιν
1221 2492 1278 2518 ἀλλ’
1294 2490 1364 2517 εἷναί
1384 2500 1459 2522 τινας
1471 2490 1519 2518 καὶ
1528 2493 1604 2527 κᾲτῳ
1618 2490 1829 2527 προσκυνητᾶς,

1038 2527 1081 2552 ἵνα
1095 2526 1225 2561 πληρωθῇ
1253 2526 1287 2552 τὰ
1314 2527 1403 2552 πάντα
1427 2527 1505 2560 δόξης
1518 2527 1566 2552 τοῦ
1586 2526 1665 2552 Θεοῦ.
1690 2526 1762 2558 om
1788 2529 1831 2555 sic

1038 2562 1232 2595 interpretatur
1267 2561 1336 2588 idem
1367 2561 1516 2588 Consalvus
1542 2570 1548 2588 :
1578 2561 1729 2595 Postquam
1757 2564 1831 2588 enim

1039 2595 1133 2630 Opifrx
1159 2596 1280 2630 angelum
1307 2595 1429 2627 alterum,
1448 2596 1579 2622 hominem
1599 2604 1690 2629 nempe
1706 2604 1719 2622 ε
1755 2602 1831 2623 terra

1036 2631 1169 2664 [orrtmrit,
1189 2639 1219 2657 ne
1232 2631 1352 2656 adoratio
1375 2636 1398 2656 et
1414 2631 1500 2657 cultas
1515 2635 1554 2665 (ut
1580 2632 1715 2657 maximus
1744 2631 1832 2657 Theo-

1037 2666 1110 2700 logus
1128 2665 1269 2699 Gregorius
1287 2666 1334 2699 ait)
1348 2665 1411 2692 ca'lo
1425 2666 1625 2699 circumscripta
1638 2671 1715 2696 esset.
1728 2667 1776 2693 sed
1787 2667 1832 2700 fo-

1036 2704 1093 2726 rent
1108 2709 1158 2726 non
1174 2701 1259 2727 minus
1275 2701 1428 2726 atloralores
1444 2702 1470 2726 in
1486 2701 1576 2735 terris,
1594 2705 1622 2726 ut
1641 2702 1731 2727 omnia
1748 2702 1832 2735 plena

1035 2739 1119 2761 essent
1129 2735 1212 2769 gloria
1229 2735 1286 2761 Dei.
1301 2735 1362 2761 limo
1377 2735 1499 2768 Theuph.
1511 2734 1614 2762 Nicazn.
1629 2735 1718 2762 Locus
1734 2734 1831 2762 autem

1036 2769 1246 2803 Greg.Naz.cst
1261 2778 1294 2796 ex
1315 2776 1388 2804 rorat.
1420 2770 1492 2796 dicta
1520 2772 1553 2797 de
1579 2769 1673 2796 Nativ.
1699 2771 1830 2804 idemque

1037 2806 1133 2838 repetit
1143 2812 1184 2831 or.
1201 2805 1218 2831 5
1230 2806 1262 2830 de
1274 2804 1301 2831 S.
1312 2803 1425 2836 Pascha,
1438 2808 1465 2831 et
1481 2805 1506 2831 itt
1519 2812 1606 2831 cartu.
1617 2807 1650 2831 de
1660 2803 1830 2839 lautl.Virg.:

1036 2839 1210 2874 Τερπόμενόν
1225 2839 1247 2875 τ’
1261 2839 1380 2873 ἔργοισ.ν
1398 2840 1485 2875 ἐμοῖς,
1503 2841 1550 2865 καὶ
1566 2841 1707 2875 ὲχέφροο.
1719 2841 1832 2875 μύστην

1036 2875 1186 2909 Οὐρανίων,
1205 2874 1318 2909 χθονίων
1331 2882 1359 2900 τε
1379 2874 1448 2909 μέγα
1464 2874 1575 2910 κράτος,
1589 2876 1710 2911 ἄγγελον
1737 2876 1831 2903 ἀλλον.
