1883 3053
175 103 233 140 499

774 111 1019 144 THEOPHANIS
1037 113 1207 144 CERAMEI

1759 116 1810 148 5ῢο

180 173 276 201 gruum
301 169 382 193 esset.
406 165 483 199 Quod
509 167 590 203 igitur
617 167 805 197 suilarcinavit
829 170 964 205 ingluvies,

1053 179 1097 206 tua
1115 171 1145 197 τὸ
1167 171 1247 206 σῶμα
1268 171 1441 205 καλέςαντες.
1457 172 1540 200 Ὅσον
1561 173 1608 201 οὖν
1628 174 1761 208 παχύνεις
1777 176 1807 202 τὸ

179 212 284 246 jejunio
311 217 497 240 extenuemus.
523 214 600 242 Nunc
621 215 694 242 enim
709 217 783 242 velut
805 215 832 243 in
859 223 970 244 carcere

181 258 290 285 animus
305 261 458 290 coercetur,
482 260 549 286 sicut
565 260 647 287 etiam
664 268 696 288 ex
714 261 835 288 externis
853 261 970 296 philoso-

180 303 241 336 phis
257 303 313 337 (00)
330 297 439 338 quidam
455 305 655 339 existimarunt,
670 307 715 340 qui
730 314 829 341 corpus
846 312 967 339 antrum,

180 348 222 375 vel
237 348 404 383 speluncam.
417 349 458 375 vel
471 350 623 384 sepulcrum
633 351 846 385 appellaverunt.
860 352 966 385 Quanto

180 393 264 427 igitur
293 401 391 428 corpus
420 395 487 422 cibis
517 397 602 431 magis
628 396 748 428 iul'ercis,
778 402 852 425 tanto
882 399 967 434 magis

179 439 332 466 communis
345 447 483 467 carcerem
500 441 568 476 (6|).
580 446 607 469 et
624 443 768 476 compedes
780 443 967 472 vehementius

180 485 320 520 astringis,
339 491 366 513 et
381 487 500 514 animum
517 487 593 522 quasi
607 495 682 515 reum
702 489 728 515 in
741 488 857 516 vinculis
870 489 967 517 deten-

181 539 237 561 tum
252 535 380 570 deprimi:
398 535 503 571 magis;
522 537 545 564 si
560 544 625 565 vero
637 537 741 572 jejunio
753 538 818 566 illud
830 543 966 571 attenuas,

181 580 251 607 alam
270 581 370 608 animae
393 582 545 617 expeditam
574 583 674 616 reddis,
690 588 717 610 et
740 582 827 611 levior
848 583 920 611 facta
934 583 968 610 ad

181 627 265 655 Deum
280 627 421 655 attollitur.
442 628 556 662 Quando
568 628 650 664 igitur
669 629 720 656 hoc
735 636 749 656 a
766 629 844 658 nobis
855 629 968 662 rectius,

181 680 261 707 quam
274 673 300 700 in
315 674 440 708 prtesenti
455 678 578 710 tempore
590 676 752 709 praestetur?
769 676 823 704 Sed
839 676 968 710 quoniam

181 717 208 744 in
225 718 296 746 hanc
314 719 478 746 mentionem
493 719 551 754 ipsa
566 727 617 748 nos
633 720 745 749 deduxit
758 721 858 754 oratio,
874 722 970 757 exqui-

1023 217 1102 252 σῶμα
1116 217 1159 245 διὰ
1173 217 1336 252 βρωμάτων,
1353 220 1526 255 ἰσχυρότερον
1539 220 1646 256 ἐργάζῃ
1661 221 1692 246 τὸ
1706 220 1810 255 δεσμω-

1021 263 1124 298 τήριον,
1139 264 1185 290 καὶ
1200 264 1248 295 τὰς
1266 264 1348 296 πέδας
1366 266 1557 300 συνέσφιγξας,
1575 267 1624 292 καὶ
1639 267 1690 301 τὴν
1706 267 1810 301 δεσμώ-

1020 316 1070 342 την
1089 308 1178 344 ψυχὴν
1199 309 1394 340 ὲταπείνωσας.
1409 311 1458 336 Ἂν
1479 310 1507 336 δὲ
1533 310 1669 346 λεπτύνῃς
1691 311 1760 338 αὐτὸ
1777 313 1811 347 τῇ

1019 354 1146 389 νηστείᾳ,
1162 354 1352 391 ἡλευθέρωσας
1369 355 1455 390 αὐτῆς
1469 356 1498 382 τδ
1515 356 1631 390 πτερὸν,
1649 357 1697 384 καὶ
1714 366 1811 391 κουνει-

1019 398 1113 425 σθεῖσα
1128 399 1237 435 αἴρεται
1247 399 1314 435 πρὸς
1327 400 1404 427 Θεόν.
1414 401 1482 427 Πότε
1493 401 1558 436 γοῦν
1570 403 1638 436 ἡμῖν
1651 402 1733 428 τοῦτο
1747 411 1811 428 κιτ-

1017 443 1137 479 ορθωθῇ,
1155 446 1180 472 εἰ
1199 445 1236 480 μὴ
1253 446 1282 472 ὲν
1298 446 1338 480 τῷ
1358 446 1472 480 παρόντι
1491 447 1599 482 nupti);
1618 447 1689 473 Ἀλλ’
1716 448 1810 483 ἐπειδὴ

1018 490 1086 526 πρὸς
1101 490 1179 518 τοῦτο
1196 491 1285 526 φέρων
1299 492 1374 527 ἡμᾶς
1390 493 1404 519 ὁ
1419 492 1498 526 λόγος
1515 493 1698 528 κατήντησεν,
1717 493 1811 526 ἐξετά-

1019 543 1125 571 σωμεν,
1140 537 1212 564 διατι
1229 537 1432 573 τεσσαράκοντα
1452 538 1560 573 ἡμέρας
1577 539 1722 574 νηστεύειν
1739 540 1813 573 ἡμᾶς

1017 582 1042 608 ol
1058 582 1181 618 Πατέρες
1197 583 1414 619 ὲνομυθέτησαν,
1431 585 1479 611 καὶ
1494 584 1520 611 τι
1535 584 1565 611 τδ
1583 585 1628 612 διὰ
1641 585 1748 612 τούτων
1764 586 1812 620 ὃτι-

1017 627 1164 662 λούμενονς
1180 628 1256 655 Διατι
1271 628 1300 656 δὲ
1314 629 1364 656 οὐκ
1379 630 1407 656 ἐν
1420 629 1494 664 ἄλλῳ
1508 629 1596 665 καιρῷ
1610 629 1657 656 τοῦ
1674 630 1813 661 ἐνιαυτοῦ,

1019 676 1088 703 ἀλλὰ
1106 676 1177 704 κατὰ
1190 677 1239 708 τὰς
1257 677 1370 712 ὲαρινὰς
1384 677 1490 713 τροπὰς
1504 676 1582 704 τοῦτο
1599 678 1689 704 ποιεῖν
1702 675 1816 703 κελευό-

1021 723 1109 758 pellat;

181 772 283 798 ramus,
299 765 363 800 quid
381 772 470 794 causae
484 765 576 799 fuerit,
593 774 642 794 cur
654 767 831 803 quadraginta
849 767 954 795 dierum
972 767 1104 803 jejunium
1119 770 1254 797 sancitum
1268 770 1303 798 sit
1317 777 1332 798 ιι
1344 769 1472 798 Patribus
1486 770 1554 807 (62),
1567 775 1594 799 et
1608 771 1675 805 quid
1689 777 1742 806 per
1755 769 1817 797 illos

179 811 360 847 signiﬁcatum
371 821 379 847 ;

181 869 243 889 mur
261 861 312 889 hoc
328 861 427 890 facere.

421 817 477 842 tum
512 814 594 842 etiam
627 821 711 848 quare
730 822 785 843 non
808 814 862 843 alio
885 815 949 842 anui
971 820 1102 851 tempore,
1125 816 1206 853 156
1219 824 1300 852 quam
1329 816 1402 845 circa
1432 825 1547 845 vernum
1557 817 1703 846 solstitium
1714 815 1818 850 jubea-

216 909 290 937 Sane
306 909 341 937 ab
354 909 475 937 externis
489 909 666 945 sapientibus,
678 915 706 938 et
716 918 732 938 a
750 911 850 940 nostris
866 919 964 939 oarvus

1056 911 1172 945 Λέγεται
1188 910 1265 947 παρά
1278 919 1308 938 τε
1321 910 1375 938 τῶν
1388 910 1522 945 θύραθεν.
1537 910 1585 938 καὶ
1596 910 1652 938 τῶν
1666 910 1817 947 ἡμετέρων

795 990 957 1024 Francisci
977 992 1082 1024 Scorsi
1098 994 1193 1023 notua.

181 1052 239 1087 pori
268 1052 388 1087 glorioso
416 1053 640 1087 intelligendum,
678 1063 730 1083 non
760 1059 789 1082 ut
816 1054 966 1087 Eutychius

180 1087 339 1128 patriarcha_
355 1087 564 1128 (lonstantinop.
583 1094 706 1124 tempore
725 1090 853 1128 Gregorii
864 1087 966 1128 Magni,

180 1129 236 1160 quo
257 1124 402 1160 convictus
438 1124 577 1160 revocavit
603 1132 742 1156 errorem,
771 1124 798 1152 et
835 1124 967 1160 Origenes

180 1157 356 1194 existimasse
370 1158 482 1194 dicitur.
499 1159 544 1193 qui
559 1160 700 1193 spirituale
713 1167 812 1194 corpus
828 1157 965 1194 interpre-

180 1196 265 1224 tatur,
281 1191 354 1229 quod
369 1193 395 1219 in
413 1191 551 1227 spiritum.
570 1191 617 1222 aut
638 1194 665 1222 in
687 1191 786 1229 corpus
808 1191 911 1222 aerium
929 1196 965 1223 sit

180 1230 358 1263 \Lertendum;
384 1235 464 1263 quem
497 1235 619 1256 errorem
653 1231 804 1257 cavendum
835 1230 963 1258 admonet.

184 1261 403 1298 Ilicoplivlacttts
427 1263 453 1290 in
468 1263 541 1290 illum
556 1264 654 1296 locum,
676 1269 704 1291 et
721 1269 831 1292 sanctus
847 1264 964 1298 Cyrillus

183 1296 419 1334 videturinnuere
434 1298 460 1334 in
477 1298 608 1326 Joannem
620 1306 680 1334 cap.
698 1299 748 1326 lib.
768 1307 817 1330 xtl,
833 1296 893 1334 cap.
908 1300 963 1327 57:

182 1330 247 1358 Non
265 1332 346 1368 enim,
375 1333 475 1367 inquit,
501 1334 634 1368 apparitio
656 1330 777 1368 'quartlant
801 1330 967 1368 erat'falsa,

182 1366 338 1403 nec‘tttulira
361 1368 396 1394 ad
414 1366 563 1395 'human‘am
579 1366 689 1403 conﬁcta
715 1369 839 1403 ﬁgurant,
861 1366 890 1396 ut
903 1377 967 1396 non-

181 1400 252 1428 nulli
268 1400 369 1433 dicunt,
387 1411 433 1429 nec
454 1403 591 1436 spirilua’e
611 1400 745 1437 quoddam
759 1412 864 1438 corpus,
883 1404 911 1430 id
926 1409 965 1431 est

181 1440 268 1472 tenue,
284 1441 309 1472 et
329 1438 440 1466 aerium.
455 1442 478 1464 et
496 1438 570 1465 aliud
584 1444 678 1472 prater
700 1447 817 1470 carnem,
838 1444 865 1465 ut
888 1439 967 1465 multi

182 1470 303 1508 spiritale
326 1479 420 1508 corpus
443 1472 555 1508 intelligi
580 1470 751 1501 contendunt.
770 1473 854 1501 Vides
882 1474 966 1508 igitur

1019 1056 1098 1083 mori.
1112 1055 1177 1083 Haec
1190 1055 1369 1089 Augustinus,
1380 1062 1414 1083 ex
1430 1055 1529 1088 quibus
1540 1057 1622 1082 etiam
1636 1055 1724 1084 habes
1737 1057 1813 1084 viam

1018 1092 1121 1125 regiam
1138 1095 1166 1117 et
1184 1095 1280 1122 tutam,
1295 1098 1348 1125 qua
1367 1090 1545 1118 incedendum
1563 1091 1589 1117 in
1606 1091 1655 1117 hac
1672 1099 1715 1125 re;
1745 1100 1810 1119 nam

1017 1126 1089 1159 quod
1103 1125 1212 1153 damnat
1229 1126 1376 1153 concilium
1394 1125 1522 1159 Carthag.
1537 1133 1642 1153 canone
1658 1125 1705 1153 illo
1721 1134 1809 1160 supra

1015 1160 1111 1192 relato,
1130 1160 1156 1187 id
1171 1164 1231 1193 est,
1255 1162 1326 1194 quod
1343 1161 1425 1187 homo
1443 1160 1551 1187 etiamsi
1571 1168 1623 1187 non
1651 1167 1811 1194 peccasset,

1014 1195 1163 1222 moriturus
1174 1194 1270 1222 fuisset
1279 1203 1326 1229 per
1335 1195 1542 1222 distractionem
1554 1195 1637 1222 animi
1650 1203 1663 1222 ιι
1677 1203 1811 1228 corpore,

1013 1238 1075 1258 cum
1096 1235 1185 1257 tamen
1198 1229 1279 1263 ,dicat
1294 1234 1404 1257 sanctus
1414 1230 1588 1264 Augustinus,
1606 1237 1666 1256 eum
1685 1232 1810 1263 quantliu

1013 1273 1068 1292 non
1079 1270 1214 1299 peccaret,
1225 1264 1357 1298 futurum,
1367 1269 1396 1292 ut
1408 1264 1609 1291 immortalitate
1618 1265 1720 1298 vigeret
1732 1274 1740 1295 ;
1751 1274 1811 1293 ca:-

1018 1304 1106 1327 terum
1127 1307 1182 1326 non
1206 1305 1248 1327 est
1275 1300 1449 1327 asscreudum
1477 1299 1547 1326 hanc
1568 1299 1808 1327 immortalitatem

1018 1334 1102 1362 fuisse
1127 1335 1234 1364 corpori
1261 1335 1411 1362 naturalem
1441 1334 1702 1370 velressentialemi;
1731 1336 1809 1370 quod

1017 1369 1090 1396 enim
1109 1369 1148 1396 ait
1162 1370 1281 1396 Zonaras
1296 1369 1355 1396 loco
1378 1377 1459 1404 supra
1476 1369 1571 1399 citato.
1600 1377 1654 1396 non
1679 1369 1807 1397 futurum

1017 1403 1099 1431 fuisse
1116 1404 1251 1431 hominem
1266 1408 1363 1431 natura
1386 1403 1537 1433 mortalem.
1556 1404 1746 1437 explicandum
1762 1410 1808 1432 est

1015 1439 1049 1465 tle
1074 1440 1191 1466 naturali
1217 1439 1389 1471 necessitate,
1416 1446 1496 1472 quam
1514 1439 1672 1465 asserebant
1691 1438 1709 1465 ii
1733 1447 1808 1472 quos

1015 1473 1314 1507 conciliumreprobat,
1329 1474 1405 1508 cujus
1418 1481 1549 1500 canonum
1567 1473 1602 1499 ibi
1614 1473 1736 1507 explicat
1752 1474 1810 1501 Zo-

182 1509 213 1532 ut
226 1505 367 1546 s_it_metlia
381 1505 563 1546 incedendum
586 1508 639 1546 v_ia.
662 1513 687 1535 et
703 1505 963 1546 verlna_sano__séns_u
979 1515 1001 1546 ο
1018 1505 1306 1546 narasppotuitenim
1325 1505 1368 1535 illa
1396 1508 1520 1546 impediri
1545 1505 1676 1546 beneﬁcio
1697 1508 1809 1546 Condi-

183 1540 353 1573 accipieuda.
380 1541 407 1568 Si
435 1543 565 1576 spiritale,
596 1543 665 1574 leve,
697 1547 724 1570 et
742 1543 845 1570 acrium
861 1543 962 1570 dixeris

182 1582 292 1609 corpus,
312 1576 390 1610 quasi
417 1578 454 1604 sit
477 1585 509 1604 ex
533 1578 605 1604 aeris
629 1579 778 1604 substantia
804 1577 962 1608 conﬂatum,

182 1611 345 1647 erraveris;
361 1616 387 1638 et
407 1615 497 1638 tamen
524 1612 618 1639 eadem
640 1613 720 1639 verba
747 1618 888 1647 usurpant,
917 1613 964 1646 qui

182 1648 257 1672 recte
278 1646 408 1677 sentiunt.
429 1654 490 1674 cum
507 1647 592 1678 aiunt,
609 1647 731 1679 spiritale
754 1646 822 1680 leve,
839 1652 866 1674 et
884 1652 965 1675 tenue

183 1680 287 1716 aerium
309 1686 335 1708 et
356 1682 457 1708 subtile
472 1682 604 1708 luturum.
624 1681 676 1708 Sed
698 1690 751 1709 non
777 1688 886 1716 semper
903 1686 966 1709 sunt

183 1715 210 1741 in
226 1715 301 1742 omni
330 1716 418 1751 rigore
435 1717 517 1744 verba
543 1717 710 1750 accipienda,
735 1718 780 1744 ubi
810 1718 843 1744 de
872 1717 917 1751 pio
939 1721 966 1744 et

183 1757 252 1786 sano
270 1758 351 1778 sensu
364 1751 527 1786 scriptorum
543 1756 666 1784 constat;
687 1752 756 1785 quod
769 1751 885 1786 quadam
901 1759 965 1786 pro-

183 1785 309 1819 portione
328 1787 361 1813 de
375 1784 491 1819 ear'pore
514 1786 591 1820 primi
618 1784 734 1814 hominis
762 1784 965 1821 intelligen'l‘um

183 1824 238 1851 est,
262 1827 322 1847 cum
341 1821 406 1847 illud
433 1821 584 1855 spirituale,
600 1821 653 1852 vel,
670 1827 700 1848 ut
723 1826 814 1849 noster
833 1821 964 1853 loquitur,

182 1861 292 1887 purum,
313 1856 422 1884 subtile.
447 1860 475 1882 et
501 1857 603 1883 aerin-n
628 1856 746 1883 dicunt:
765 1864 826 1883 cum
849 1856 965 1890 quadam

182 1891 358 1924 proportione
374 1891 442 1921 dixi;
464 1899 525 1917 nam
545 1896 606 1925 post
623 1891 851 1918 resurrectionem
868 1898 966 1924 corpus

182 1926 326 1960 prteditum
341 1926 395 1952 erit
411 1926 520 1953 dotibus
544 1926 647 1960 gloria»,
665 1933 726 1960 qua:
751 1926 816 1953 illud
831 1926 884 1952 tale
903 1926 965 1952 red-

183 1959 260 1990 dant,
277 1964 306 1986 at
319 1967 384 1986 vero
408 1964 472 1988 ante
495 1959 634 1994 peccatum
656 1959 727 1988 idem
744 1968 842 1995 corpus
863 1968 914 1987 non
932 1960 967 1988 iis

183 1999 310 2030 ornatum
324 1994 442 2026 dotibus,
457 1997 504 2023 sed
519 2001 592 2022 certe
604 1995 752 2030 perfectam
767 1994 966 2029 subiectionem

183 2028 303 2065 habebat
326 2030 458 2065 benefit-io
486 2031 581 2065 gratias
602 2028 630 2058 et
649 2031 760 2064 iustitia:
775 2028 928 2064 originalis,
941 2034 969 2056 et

183 2064 468 2098 incorruptibilitatem
479 2064 506 2092 et
516 2065 760 2098 immortalitatem;
770 2072 830 2099 quae
839 2065 865 2092 in
874 2072 906 2091 cu
916 2064 968 2090 sita

183 2103 311 2135 censetur
326 2106 341 2126 a
360 2099 390 2127 Ι).
401 2100 520 2127 Thomas
531 2109 558 2134 p.
570 2109 590 2131 ι,
602 2105 698 2135 quaest.
707 2100 750 2132 97,
762 2103 813 2126 art.
826 2100 870 2132 ll,
880 2104 968 2126 utnon

184 2133 288 2166 habere,
298 2135 337 2161 uel
345 2141 429 2168 posset
441 2133 577 2170 prohibere
586 2133 732 2168 passionem
747 2135 913 2166 alteruntem,
921 2142 967 2161 seu

184 2174 356 2196 removentem
366 2178 381 2195 a
393 2171 509 2197 naturali
522 2171 700 2204 dispositione,
711 2170 778 2197 sicut
801 2175 825 2196 et
838 2176 946 2196 mortem
958 2177 967 2196 :

183 2205 257 2237 quod
270 2211 305 2231 an
319 2211 366 2238 per
379 2206 496 2240 aliquam
509 2206 634 2232 virtutem
648 2204 850 2239 superadditam
862 2211 911 2236 pro
923 2204 968 2231 illo

184 2243 270 2273 ειριυ,
280 2246 311 2266 ac
328 2245 421 2273 postea
435 2240 607 2272 ahlatam,an
622 2248 656 2268 ex
672 2240 824 2267 extrinseca
839 2240 974 2273 guberna-
991 2271 994 2273 1

185 2272 260 2300 tione
272 2274 356 2308 ipsius
376 2275 494 2302 hominis
509 2275 677 2302 eliicicndum
687 2272 916 2308 esset,disputaut
928 2274 974 2301 Pe-

184 2308 275 2344 rerius
291 2314 317 2336 et
330 2310 445 2344 theologi
455 2310 553 2344 caeteri
565 2329 573 2342 ,
588 2318 655 2344 quos
669 2310 729 2336 vide
745 2310 816 2344 apud
830 2310 930 2344 ipsum,
945 2314 972 2337 et

185 2343 217 2370 S.
228 2342 325 2371 Thom.
339 2342 436 2378 quaest.
449 2343 505 2378 jam
524 2342 605 2376 dicta,
621 2345 666 2372 ubi
683 2342 911 2378 loctts'Augn'stini
926 2352 970 2371 re-

185 2378 272 2406 fertur
285 2379 310 2406 in
327 2378 373 2407 lib.
387 2379 425 2406 De
437 2385 530 2414 quiest.
545 2378 612 2406 Noui
625 2385 649 2406 ct
666 2379 766 2406 Veteris
782 2378 910 2408 Testam..
925 2378 971 2413 qui

185 2421 244 2449 rem
256 2421 362 2442 Omnem
376 2416 483 2449 penitus
495 2415 613 2448 expedit;
624 2416 669 2441 sed
685 2420 712 2441 et
728 2414 778 2441 huc
790 2414 970 2441 trauscribam

185 2448 282 2484 alium,
293 2451 337 2484 qui
355 2448 407 2477 non
425 2449 514 2477 minus
525 2453 616 2484 aperte
632 2457 688 2476 rem
701 2449 864 2476 deeluatex
880 2448 927 2476 lib.
943 2456 971 2477 vt

188 2483 225 2519 De
238 2483 309 2512 Gen;
321 2485 356 2512 ad
377 2485 491 2511 litteram
505 2505 512 2516 ,
531 2486 574 2511 uhi
592 2486 646 2519 agit
662 2485 695 2512 de
717 2484 810 2510 Adami
834 2491 969 2518 corpore:

186 2518 261 2546 Illud
284 2521 377 2555 quippe
394 2525 456 2547 ante
478 2518 632 2553 peccatum]
659 2525 682 2546 et
698 2519 808 2546 mortale
827 2519 970 2555 secundum

187 2554 330 2587 aliam,'et
351 2557 502 2581 inmortale
525 2555 669 2581 secundum
694 2555 775 2580 aliant
793 2562 902 2580 causam
917 2554 970 2581 dici

185 2595 308 2624 poterat,-
340 2590 366 2616 id
392 2594 430 2617 est
461 2589 581 2621 mortale,
603 2591 665 2625 quia
680 2594 781 2623 poterat
805 2589 890 2622 mori;
918 2590 969 2616 im-

187 2626 309 2658 mortale,
326 2626 388 2660 quia
403 2630 504 2659 poterat
525 2633 577 2652 non
596 2624 680 2658 mori;
693 2625 765 2652 aliud
781 2629 816 2660 εει
830 2624 899 2650 enim
917 2632 969 2660 non

187 2668 262 2694 posse
285 2659 373 2692 mori,
407 2660 473 2686 sicut
508 2660 638 2693 quasdam
662 2667 773 2687 natura;
805 2659 968 2686 immortales

187 2696 282 2722 creavit
299 2695 383 2722 Deus:
395 2695 470 2722 aliud
481 2701 568 2722 autem
582 2704 656 2729 posse
673 2703 723 2722 non
737 2695 815 2724 mori.
825 2694 967 2721 secundum

187 2738 262 2766 quem
282 2731 389 2758 modum
413 2731 513 2766 primus
529 2736 631 2757 creatus
646 2735 683 2757 est
707 2730 783 2756 homo
799 2728 966 2766 immortalis,

187 2765 256 2799 quod
277 2767 300 2793 ei
317 2765 497 2801 prtustabatur
521 2766 554 2792 de
575 2766 645 2799 ligno
663 2766 733 2797 vital,
756 2773 806 2791 non
822 2765 854 2790 de
868 2765 966 2791 conati-

190 2801 291 2827 tutione
312 2807 428 2832 naturtc;
443 2809 459 2826 a
471 2808 522 2835 quo
534 2801 604 2835 ligno
618 2805 753 2833 separatus
767 2805 814 2831 est,
829 2807 888 2826 cum
905 2807 965 2833 pec-

192 2840 287 2868 casset,
299 2841 325 2862 ut
342 2840 426 2869 posset
443 2835 520 2869 mori,
534 2835 578 2869 qui
596 2835 647 2862 nisi
659 2840 798 2869 peccasset,
812 2840 894 2868 posset
915 2843 966 2863 non

1018 1543 1085 1570 toris
1100 1543 1242 1570 :Mortalis
1263 1544 1333 1570 enim
1350 1548 1418 1575 erat,
1440 1548 1469 1569 ut
1483 1542 1554 1569 idem
1580 1543 1693 1577 August.
1721 1544 1809 1570 habet

1017 1577 1071 1605 alio
1087 1579 1157 1610 loco,
1179 1578 1328 1605 conditione
1348 1578 1466 1611 corporis
1480 1577 1616 1610 animalis,
1638 1578 1807 1606 immortalis

1017 1617 1105 1640 autem
1122 1613 1245 1647 beneﬁcio
1260 1613 1420 1640 Conditoris.
1437 1611 1513 1645 Quod
1529 1617 1618 1639 autem
1636 1612 1704 1639 dixit
1722 1613 1808 1640 Nice-

1019 1652 1059 1674 tas
1075 1649 1257 1675 essentialiter
1269 1647 1352 1676 fuisse
1367 1647 1480 1674 inditam
1498 1648 1597 1674 houam
1614 1647 1806 1674 habitudinem

1017 1683 1168 1718 naturalem
1197 1683 1316 1714 homini,
1345 1682 1452 1710 dilIiciie
1476 1685 1517 1709 est
1547 1683 1702 1715 explicatu;
1729 1683 1807 1718 quod

1018 1717 1089 1744 enim
1103 1717 1246 1744 essentiale
1260 1722 1313 1749 est,
1331 1718 1430 1744 mutari
1455 1725 1507 1744 non
1524 1721 1624 1751 potest.

1053 1751 1110 1787 (60)
1128 1751 1163 1779 Et
1178 1752 1293 1779 externis
1310 1751 1480 1786 philosophis.
1498 1751 1573 1778 Trita
1587 1756 1628 1778 est
1644 1751 1689 1778 illa
1703 1751 1803 1779 Plato-

1019 1787 1061 1814 nis
1071 1786 1239 1819 allilteratio,
1249 1787 1329 1821 σῶμα
1344 1788 1410 1821 ἡμῖν
1423 1787 1508 1821 σῆμα,
1517 1794 1610 1819 corpus
1625 1787 1701 1812 nobis
1712 1788 1807 1821 sepul-

1019 1830 1103 1849 crum.
1119 1822 1208 1856 Atque
1229 1830 1243 1848 a
1261 1822 1373 1848 Socrate
1387 1829 1448 1847 cum
1463 1829 1572 1848 sensum
1587 1821 1670 1848 ehibit
1685 1821 1807 1849 fortasse

1019 1856 1106 1883 Plato.
1121 1856 1168 1883 llle
1188 1858 1260 1884 enim
1277 1857 1414 1883 hominem
1441 1857 1528 1889 ipsum
1551 1856 1669 1882 aninmm
1693 1856 1807 1884 dicebat

1019 1898 1097 1924 esse;
1119 1898 1217 1925 c0rpns
1229 1896 1318 1918 autem
1338 1891 1404 1918 nihil
1420 1891 1504 1921 aliud.
1519 1898 1599 1925 quam
1616 1890 1699 1917 animi
1719 1898 1805 1925 orga-

1019 1934 1096 1956 num,
1119 1926 1160 1953 \'el
1178 1926 1356 1959 domicilium,
1379 1930 1425 1952 aut
1452 1927 1544 1952 verius
1569 1925 1734 1958 sepulcrum,
1756 1931 1807 1952 aut

1019 1968 1168 1992 carcerem,
1194 1961 1256 1987 inde
1280 1967 1340 1987 cum
1368 1961 1525 1993 ernerseris,
1542 1964 1598 1987 tum
1619 1960 1735 1993 denique
1761 1961 1808 1988 sui

1019 1995 1088 2029 juris
1103 2002 1174 2027 esse,
1193 1996 1332 2028 multoque
1351 2003 1433 2029 qualn
1462 2001 1541 2022 antea
1569 1994 1674 2022 felicius
1699 1994 1806 2022 vivere.

1046 2038 1077 2057 uc
1092 2030 1174 2057 etiam
1192 2030 1308 2063 pertinet
1331 2029 1464 2056 sententia
1486 2030 1529 2057 illa
1547 2029 1717 2064 Pythagora},
1742 2038 1808 2064 qua:

1020 2064 1223 2096 circumfertur,
1250 2071 1386 2099 quamque
1418 2064 1501 2091 refert
1531 2064 1560 2092 S.
1589 2064 1706 2091 Basilius
1727 2065 1805 2092 Imm.

1020 2099 1060 2126 De
1075 2099 1190 2134 legendis
1206 2099 1345 2134 gentilium
1360 2099 1446 2126 libris.
1458 2099 1506 2126 Ille
1520 2099 1590 2126 enim
1603 2105 1663 2126 cum
1677 2105 1807 2127 cerneret

1021 2135 1164 2168 quemdam
1182 2134 1209 2161 in
1226 2135 1346 2161 curando
1360 2141 1475 2168 corpore
1499 2134 1616 2161 maxime
1640 2138 1777 2161 attentum
1796 2144 1804 2162 :

1023 2168 1083 2196 Non
1095 2169 1203 2201 desinis,
1216 2169 1313 2202 inquit,
1323 2176 1452 2196 carcerem
1468 2169 1514 2196 tibi
1526 2168 1702 2195 molestiorem
1715 2175 1808 2195 strue-

1024 2204 1074 2232 re?
1099 2204 1201 2231 Seneca
1219 2204 1298 2237 epist.
1327 2203 1371 2235 Η,
1390 2210 1488 2238 corpus
1505 2209 1584 2231 vocat
1609 2203 1759 2234 sarcinam,
1777 2209 1808 2231 et

1024 2239 1103 2274 epist.
1119 2238 1164 2271 58,
1186 2238 1334 2274 aedilicium
1346 2238 1481 2274 putridum
1510 2246 1543 2265 ac
1565 2245 1656 2274 ruens,
1675 2245 1757 2271 quem
1778 2239 1805 2266 in

1025 2272 1113 2301 locum
1127 2274 1188 2301 vide
1210 2278 1300 2300 notam
1324 2273 1428 2307 Lipsii:
1447 2277 1475 2300 et
1498 2273 1577 2307 epist.
1605 2272 1651 2303 88,
1680 2280 1806 2304 caveam,

1024 2309 1094 2336 idem
1120 2309 1190 2344 quod
1211 2313 1303 2336 noster
1325 2308 1433 2344 ᾇντρον.
1455 2309 1617 2335 Plutarchus
1634 2309 1660 2334 in
1677 2307 1807 2344 Convivia

1022 2349 1120 2378 septem
1131 2344 1291 2378 sapientum,
1307 2343 1358 2370 alia
1376 2344 1579 2378 comparatione
1594 2350 1670 2374 usus,
1682 2343 1805 2378 animam

1024 2377 1110 2413 inquit
1126 2378 1247 2406 abditam
1271 2386 1332 2406 esse
1346 2378 1371 2404 in
1389 2385 1514 2412 corpore,
1534 2377 1629 2411 ὥσπερ
1642 2378 1672 2413 ἐν
1686 2377 1805 2411 μύλωνι,

1023 2412 1148 2449 tanquam
1165 2415 1194 2440 in
1216 2414 1346 2447 pistrino;
1369 2417 1402 2449 get
1424 2413 1508 2449 multa
1536 2413 1587 2439 alia
1616 2412 1806 2449 hujuscemodi

1022 2447 1095 2476 dicta
1111 2449 1180 2483 apud
1195 2449 1324 2484 profanos
1339 2447 1420 2475 etiam
1440 2448 1587 2484 scriptorcs
1602 2448 1734 2481 reperies,
1751 2455 1805 2474 non

1022 2484 1101 2511 modo
1115 2482 1185 2517 apud
1195 2482 1292 2510 sacros
1308 2491 1314 2509 :
1331 2489 1391 2516 qua:
1406 2482 1514 2517 colleglt
1525 2482 1663 2517 eleganter
1678 2489 1757 2516 aeque
1774 2489 1808 2510 ac

1042 2520 1064 2545 ic
1083 2516 1208 2546 Jeretnia:
1227 2518 1343 2545 Drexelli
1368 2524 1449 2552 opus,
1475 2516 1521 2552 qui
1543 2516 1692 2544 Prodamus
1710 2517 1805 2544 mortis

1023 2553 1190 2587 inscribitur,
1205 2561 1266 2587 cap.
1280 2553 1307 2580 1.

1069 2588 1113 2623 6t)
1130 2586 1281 2616 Communis
1296 2596 1437 2623 carcerem.
1449 2587 1478 2615 lu
1492 2588 1542 2623 hac
1555 2586 1692 2623 sententia
1704 2587 1806 2623 desunt

1021 2623 1046 2650 in
1061 2620 1127 2650 Pan.
1146 2624 1201 2650 haec
1214 2631 1220 2649 ε
1231 2623 1292 2650 ὅσον
1305 2622 1351 2649 οὖν
1371 2624 1502 2658 παχύνεις
1517 2622 1546 2649 τὸ
1562 2620 1705 2658 σῶμακΕι
1720 2622 1806 2658 paulo

1020 2658 1090 2686 iul'ra
1102 2658 1144 2685 illa
1153 2658 1186 2685 ἂν
1203 2658 1231 2684 δὲ
1240 2657 1380 2691 λεπτύνεις
1393 2656 1459 2685 αὖτὸ
1466 2659 1500 2693 τῇ
1513 2656 1626 2692 νηστείᾳ
1637 2656 1806 2692 ,ὲὶευθέρωη

1020 2702 1070 2726 σας
1099 2693 1183 2728 αὐτῆς
1203 2694 1234 2719 τὸ
1259 2693 1369 2728 πτερόν.
1389 2693 1454 2720 Siue
1482 2693 1580 2728 quibus
1605 2693 1651 2718 vix
1675 2698 1806 2719 constare

1020 2733 1126 2763 poterat
1140 2736 1237 2756 sensus
1252 2728 1357 2762 integer
1374 2729 1503 2756 auctoris.

1055 2764 1111 2798 (62)
1132 2763 1271 2796 Sancitum
1289 2761 1458 2791 a’Patn‘bus.
1485 2763 1557 2797 Lege
1573 2761 1722 2790 Bai-ouium
1736 2765 1805 2789 tom.

1019 2798 1039 2832 l,
1059 2807 1104 2826 an.
1119 2798 1182 2826 Chr.
1197 2798 1242 2832 57,
1254 2806 1282 2826 ιι.
1298 2804 1386 2826 cxav.
