1883 3053
24 139 83 170 505

668 134 670 136 ’
719 141 887 172 HOMILIA
905 141 1011 172 XXIV.

1623 142 1681 174 506

30 195 125 223 Ἀλλᾶ
147 196 196 223 καὶ
215 197 231 232 ἡ
253 196 301 224 τοῦ
323 197 464 230 Μωῡσέως
488 197 518 225 ιν
538 197 578 234 τῷ
601 197 702 234 Σιναίῳ
721 197 834 234 νηστεία

914 206 1007 231 onum,
1037 205 1118 233 quam
1145 198 1232 226 sancti
1260 199 1366 226 \‘irlutis
1393 198 1589 226 exercitatione
1613 199 1677 225 sunt

26 242 176 270 τοσούτων
194 243 309 279 ἡμερῶν
331 243 449 279 περιόδῳ
467 243 620 280 ἡρίθμητο,
637 244 682 271 ὅτε
701 245 752 276 τὰς
772 245 832 271 θεο-

27 288 162 322 γράφους
185 289 293 321 πλάκας
318 290 439 323 ἐδέξατο.
464 290 499 318 Αἵ
522 291 710 326 συντριϐεῖσαι
729 291 762 326 τῇ
784 290 832 318 τοῦ

27 334 102 361 λαοῦ
133 335 329 371 πλημμελείᾳ,
355 337 405 363 οὐκ
431 336 465 364 ἂν
490 337 556 368 ἴσως
583 336 832 372 ἀναχαράχθησαν.

29 380 56 406 εἰ
83 381 127 415 μὴ
151 381 267 416 νηστεία
293 381 447 416 ἰσαρίθμων
472 382 584 417 ήμερῶν
607 382 777 417 ἐμεσίτευσε.
800 381 834 408 Τί

29 424 64 458 δὴ
81 425 133 450 τοῦ
153 425 291 460 συμϐόλου
308 425 472 460 μηνύοντος;
499 425 609 462 Ἐπειδὴ
622 425 668 452 τὸν
682 426 765 460 νόμον
778 426 834 453 τῶν

30 469 161 496 ἐντολῶν
189 470 234 497 διὰ
261 471 312 505 τῆς
344 471 484 506 ἁμαρτίας
507 471 592 498 οἱονεὶ
619 471 835 507 συνετρίψαμεν,

31 515 161 549 ὅτ’μεθα
182 516 232 551 τῆς
258 516 388 551 νηστείας
412 515 468 543 τῶν
493 516 700 551 τεσσαράκοντα
722 517 835 552 ήμερῶν

30 561 73 591 εἰς
89 560 125 587 τὺ
142 559 226 593 αὖθις
249 562 333 589 αὑτὸν
349 562 525 597 ἐγγραφῆναι
549 563 579 589 ὲν
600 564 660 593 ταῖς
684 562 766 595 πλαξὶ
780 563 836 590 τῶν

33 606 162 641 καρδιῶν
180 607 272 642 ήμῶν,
289 607 333 634 ίνα
356 609 389 634 ὲκ
408 607 464 635 τῶν
480 607 619 644 λογισμῶν
634 609 769 645 ἀφανισθῇ
785 610 836 644 τῆς

32 652 185 687 ἁμαρτίας
199 654 230 680 τὺ
246 654 365 681 εἴδωλον.
383 654 413 681 '0
428 654 457 681 δὲ
478 654 572 685 Ἠλίας
585 656 598 681 ὁ
616 654 741 690 ζηλωτὴς
763 656 837 682 ἐκεῖ·

33 706 92 729 νος,
108 698 151 729 ὡς
175 698 324 734 ἀκούομεν,
344 701 358 726 ὁ
373 699 424 735 τὴν
444 698 598 734 παράδοξον
616 699 714 726 θυσίαν
729 700 836 734 ἱερουρ-

34 742 142 777 γήσας,
159 744 209 769 καὶ
223 745 288 774 τοὺς
303 744 386 779 ἰερείς
404 744 454 778 τῆς
474 743 608 779 αἰσχύνης
617 744 837 778 προσεπιθύσας,

35 790 49 815 ὁ
78 789 152 825 πυρὶ
174 789 295 825 οὐρανίῳ
319 791 472 826 πανστρατὶ
494 791 557 822 τοὺς
582 791 839 827 πεντηκοντάρχους

33 835 256 870 ἀποτεφρὼσας,
277 837 291 862 ὁ
311 836 382 870 λόγῳ
407 836 481 871 μόνῳ
510 837 624 872 κλεῖθρα
652 837 759 869 ἐπιθεὶς
778 838 839 869 ταῖς

884 245 1041 278 cunsccuti;
1061 252 1196 280 quamque
1221 245 1270 280 ipsi
1300 245 1380 273 veluti
1412 245 1494 276 viam,
1524 252 1585 272 cum
1613 249 1678 271 ante

884 290 1044 323 calcassent,
1068 290 1160 317 tritam
1177 291 1354 325 sequentibus
1381 289 1570 317 reddiderunt.
1593 289 1646 317 Sed
1660 297 1676 318 τι

884 335 978 370 Moyse
1004 335 1031 362 in
1049 335 1127 363 Sinai
1154 340 1244 363 monte
1267 335 1402 369 jejunium
1429 335 1542 362 totidem
1571 335 1679 362 dierum

885 387 998 407 numero
1012 384 1150 414 peractum
1165 383 1285 411 est,cum
1302 379 1408 406 tabulas
1420 378 1548 406 divinitus
1561 377 1677 412 scriptas

886 427 1002 460 accepit.
1017 426 1082 459 Quae
1095 431 1206 461 propter
1221 425 1313 461 populi
1340 425 1468 454 delictum
1498 424 1591 451 fractae
1608 430 1680 450 nun-

886 481 967 508 quam
980 474 1078 500 iterum
1092 474 1257 507 consignata:
1264 477 1367 506 essent,
1377 472 1429 499 nisi
1447 470 1558 498 totidem
1573 469 1676 497 dierum

884 520 1016 555 jejunium
1041 519 1254 546 intercessisset.
1275 518 1344 552 Quid
1367 522 1458 545 autem
1476 517 1529 544 boc
1544 509 1678 551 symbolo

887 564 1061 593 ostenditur?
1072 563 1206 598 Quoniam
1219 567 1414 599 praeceptorum
1427 563 1505 598 157
1515 563 1602 597 legem
1613 570 1679 597 pec-

887 611 974 639 cando
982 610 1058 646 quasi
1068 610 1253 643 contrivimus,
1264 610 1441 645 quadraginta
1455 609 1559 636 dierum
1573 607 1683 643 jejunio

888 665 955 692 opus
970 657 1104 684 habemus
1118 656 1223 683 adeam
1240 655 1343 683 ilerum‘
1362 654 1462 682 tabulis
1480 655 1570 682 cordis
1591 653 1679 681 nostri

890 703 1104 735 inscribendum,
1121 709 1150 729 ut
1173 702 1275 737 peccati
1297 701 1397 729 idolum
1417 709 1430 728 ιι
1453 705 1544 728 mente
1556 704 1583 727 et
1604 699 1680 733 cogi-

889 750 991 777 tatione
1017 753 1109 776 nostra
1140 748 1248 783 penitus
1271 751 1440 775 amoveatur.
1462 746 1521 774 Jam
1545 745 1619 773 Elias
1635 744 1682 771 ille

889 795 1001 828 zelotes,
1014 799 1043 822 ut
1057 795 1221 829 accepimus.
1236 793 1281 829 qui
1293 792 1481 820 admirandum
1493 791 1556 818 illud
1580 795 1607 818 et
1624 798 1678 818 non

890 843 1020 871 usitatum
1036 841 1200 869 sacrificium
1221 840 1330 872 obtulit,
1344 844 1371 866 et
1392 839 1548 867 sacerdotes
1570 838 1683 871 insuper

35 882 188 916 οὐρανίαις
207 883 346 917 νεφέλαις,
368 883 414 910 καὶ
431 883 512 910 πλέον
529 883 655 919 τριετοῦς
671 885 770 920 χρόνον
787 884 837 920 τὴν

914 889 1023 916 :decore
1038 887 1152 915 ail'ectos
1166 885 1421 920 itumolavit";'qui
1435 883 1682 919 pentecontarclms

34 927 89 962 γῆν
104 928 206 964 αἰχμῷ
221 928 372 964 βασανίσας
383 950 391 962 ,
406 929 421 955 ὁ
435 931 468 965 τῇ
483 929 614 966 ξενοδόχῳ
628 930 772 966 Σαραφθὶᾳ
787 931 836 965 τὴν

35 973 93 1000 τῶν
115 975 242 1009 ἀλφίτων
257 975 347 1010 δράκα
374 976 488 1011 ταμεῖον
503 977 641 1010 ἀμείωτον
658 977 836 1012 παρασκευά-

37 1026 100 1052 σας,
119 1019 172 1045 καὶ
190 1019 237 1046 τοῦ
256 1019 347 1046 ἐλαίου
366 1020 417 1054 τήν
434 1019 552 1055 λήκυθον
573 1019 681 1055 ἄληκτα
701 1019 838 1054 πηγάξειν

37 1065 179 1099 ποιήσας,
203 1064 218 1091 ὁ
235 1064 274 1099 τῷ
296 1064 458 1100 τεθνήξαντι
485 1064 562 1091 παιδὶ
582 1064 626 1091 διὰ
649 1064 697 1091 τοῦ
723 1064 837 1100 τριασοῧ

36 1110 247 1145 ὲμφυσήματος
262 1110 311 1146 τήν
324 1110 397 1145 ζωὴν
410 1110 607 1146 χαρισάμενος,
620 1111 635 1138 ὁ
648 1110 678 1137 τὸ
692 1111 838 1146 ἁείῤῥοτον

37 1156 86 1183 τοῦ
121 1156 260 1192 Ἰορδάνου
291 1156 399 1192 ῥεῖθρον
430 1158 463 1193 τῇ
492 1157 605 1193 μηλωτῇ
635 1158 762 1194 στήσας,
790 1157 838 1184 καὶ

38 1204 122 1230 ποσὶν
138 1203 271 1238 ἁϐρὸχοις
292 1203 475 1239 διαπεράσας,
499 1205 513 1231 ὁ
528 1204 635 1240 πυρίνῳ
653 1204 757 1240 ἅρματι
773 1205 838 1231 ἀνα-

38 1250 159 1286 ληφθεὶς
174 1251 214 1281 εἰς
228 1250 336 1286 αἰθέρα,
355 1250 404 1277 καὶ
417 1250 515 1286 διπλὴν
528 1250 568 1286 τῷ
590 1251 736 1286 Ἐλισσαίῳ
748 1260 840 1288 παρα-

41 1295 116 1330 σχὼν
132 1296 187 1330 τὴν
198 1295 279 1330 χάριν
296 1294 344 1322 τοῦ
359 1296 532 1330 Πνεύματος.
542 1292 629 1328 Οὗτος
642 1297 733 1324 τοίνυν
747 1296 761 1323 ὸ
774 1305 839 1324 τοσ-

38 1342 134 1374 ούτοις
157 1342 301 1375 δοξασθείς
326 1342 537 1378 κατορθώμασι,
556 1343 621 1378 μιᾶς
643 1343 775 1378 γυναικὸς
791 1334 839 1378 ορ-

39 1389 92 1424 γὴν
109 1389 166 1424 οὐχ
183 1389 349 1424 ὑπήνεγκεν,
364 1388 433 1416 ἀλλὰ
450 1389 667 1425 κατοῤῥωδησας
679 1389 730 1425 τῆς
752 1388 839 1422 Ἰεζά-

40 1435 88 1461 ϐελ
113 1435 170 1471 τὴν
193 1434 321 1470 ἀπειλὴν,
343 1434 452 1469 φεύγων
468 1434 555 1470 ᾤχετο
570 1434 723 1470 πεφρικὼς,
740 1435 791 1462 οὑκ
806 1434 840 1462 ἂν

40 1481 88 1508 τοῦ
115 1481 148 1520 ξε
172 1481 259 1516 αὐτῆς
273 1481 460 1516 ὴπειλημὲνου
478 1481 595 1508 θανάτου
609 1480 662 1514 ἔξω
679 1481 839 1516 γενόμενος,

41 1527 65 1553 εἰ
98 1526 141 1562 μὴ
182 1526 320 1562 ἐχρήσατο
356 1527 390 1562 τῇ
430 1526 718 1562 τεσσαρακονθημέρῳ
752 1527 838 1562 φυγῇ.

43 1561 146 1608 ’Λθρει
211 1561 293 1599 πάλιν
312 1572 351 1607 πῆ
370 1561 399 1599 σε
417 1572 503 1607 φέρον
513 1571 576 1606 ἄγει
591 1571 623 1598 τὸ
638 1571 739 1606 νόημα.
757 1570 843 1604 Ίεζά-
857 1561 879 1591 C

42 1618 90 1644 δελ
108 1617 234 1649 πένθους
250 1618 327 1653 ἰσχὺς
341 1617 535 1654 ἑρμηνεύεται,
551 1617 628 1653 δηλοῖ
640 1616 669 1643 δὲ
684 1616 733 1652 τὴν
748 1617 842 1653 ἁμαρ-

42 1664 115 1698 τίαν,
127 1663 182 1701 τὴν
193 1663 224 1691 τὸ
241 1665 351 1700 ίσχυρδν
363 1664 462 1696 πένθος
476 1664 662 1700 προξενοῦσαν
675 1664 733 1695 τοῖς
747 1664 842 1699 ἅμαρ-

43 1711 162 1738 τάνουσι
171 1719 178 1726 ·
190 1711 294 1746 ταύτην
310 1710 477 1738 ἀπειλοῦσαν
487 1711 528 1746 τῷ
538 1709 648 1752 ψυχικῷ
662 1711 738 1746 ἡμᾶς
750 1719 842 1746 παρα-

891 943 952 963 cum
965 935 1092 962 universo
1107 933 1228 962 exercitu
1244 932 1346 967 redegit
1361 932 1389 959 in
1408 932 1526 958 cinerem
1539 938 1546 963 ;
1566 930 1612 965 qui
1625 929 1685 957 solo

890 982 973 1009 verbo
989 980 1106 1008 nubibus
1127 979 1188 1007 οωιί
1207 979 1311 1006 obdidit
1334 977 1452 1009 seras“,
1474 981 1501 1004 et
1517 977 1604 1004 tribus
1620 983 1679 1002 am-

891 1026 961 1062 plius
976 1025 1054 1052 annis
1070 1024 1195 1051 siccitate
1220 1026 1320 1050 terram
1347 1021 1440 1048 aillixit
1453 1021 1496 1054 “;
1513 1021 1558 1055 qui
1572 1020 1637 1047 fecit
1655 1024 1684 1046 ut

894 1071 1009 1106 hospita:
1025 1071 1184 1104 Sareplanze
1211 1068 1331 1103 pugillus
1357 1068 1452 1095 farina:
1478 1075 1577 1102 penum
1603 1067 1682 1094 inex-

892 1119 1030 1150 haustum,
1043 1121 1070 1144 et
1082 1116 1204 1151 lccytlms
1219 1115 1271 1142 olei
1288 1114 1348 1142 fons
1363 1114 1491 1149 perennis
1510 1113 1683 1147 evaderet";

892 1164 937 1199 qui
953 1163 1117 1190 exstinctum
1132 1168 1245 1197 puerum
1270 1160 1368 1195 triplici
1395 1159 1516 1186 inltalato
1530 1159 1627 1193 spiritu
1641 1167 1685 1186 re-

893 1209 1002 1236 vocavit
1016 1207 1051 1235 ad
1064 1207 1147 1234 vitam
1157 1206 1191 1240 ",
1207 1206 1253 1242 qui
1271 1205 1419 1240 irrequieta
1445 1205 1543 1232 iiuenta
1558 1203 1684 1231 Jordanis

892 1254 992 1282 melote
1013 1253 1172 1284 constravit.
1187 1257 1215 1280 et
1236 1252 1310 1280 sicco
1324 1251 1393 1286 pede
1416 1249 1616 1282 transmisit";
1638 1248 1685 1284 qui

894 1301 973 1336 igneo
987 1307 1069 1327 curru
1081 1299 1205 1326 sublatus
1212 1298 1287 1326 estin
1297 1297 1407 1330 caelum,
1416 1300 1443 1323 et
1456 1295 1551 1323 Eliszeo
1562 1295 1684 1330 duplica-

895 1351 948 1374 tam
966 1345 1086 1379 Spiritus
1103 1343 1219 1380 gratiam
1233 1343 1348 1379 largitus
1366 1347 1407 1370 est
1416 1343 1456 1376 ²⁶;
1472 1342 1515 1369 hic
1533 1342 1623 1377 igitur,
1637 1342 1684 1376 qui

895 1393 978 1420 tantis
1006 1391 1174 1419 facinoribus
1200 1394 1304 1417 tantam
1321 1389 1434 1424 gloriam
1452 1388 1504 1415 sibi
1530 1392 1684 1423 pepererat,

895 1439 975 1466 unius
1002 1437 1126 1465 mulieris
1151 1445 1205 1464 non
1232 1436 1361 1464 sustinuit
1376 1435 1458 1468 iram,
1482 1434 1530 1462 sed
1552 1433 1687 1461 Jezabelis

895 1484 1092 1520 pertimescens
1106 1482 1205 1515 minas,
1224 1482 1356 1517 fugitivus
1374 1485 1400 1508 et
1422 1480 1537 1508 horrore
1558 1479 1686 1513 perfusus

896 1529 973 1560 abiit,
1001 1535 1051 1556 nec
1068 1532 1195 1560 mortem,
1217 1535 1300 1562 quam
1328 1526 1373 1554 illa
1394 1526 1559 1554 comminata
1584 1525 1685 1556 fuerat.

899 1575 1007 1602 evitare
1028 1573 1172 1609 potuisset,
1197 1573 1250 1601 nisi
1266 1572 1445 1608 quadraginta
1468 1572 1572 1599 dierum
1598 1570 1687 1605 spatio

896 1620 1020 1656 fugisset.
1037 1620 1186 1648 Considera
1201 1619 1257 1654 jam
1276 1626 1380 1651 rursus,
1396 1626 1450 1653 quo
1466 1622 1581 1652 spectet,
1598 1625 1687 1652 quove

896 1670 923 1692 te
941 1665 1023 1692 ducat
1043 1665 1139 1692 harum
1162 1671 1251 1691 rerum
1270 1663 1433 1691 intellectus.
1456 1661 1564 1689 Iezabel
1583 1661 1685 1688 luctum

893 1711 1082 1739 vehementem
1095 1710 1154 1747 (69)
1169 1709 1316 1746 signiﬁcat,
1341 1710 1465 1744 adeoque
1481 1709 1587 1745 peccati
1611 1715 1686 1744 sym-

78 1791 102 1830 ’ξ
113 1790 149 1818 Ill
160 1791 337 1830 __R_eg._xvm,
356 1789 402 1822 56,
417 1789 464 1817 40.
502 1789 524 1806 ¹¹
537 1789 571 1818 lV
586 1790 655 1825 Reg.
671 1797 692 1824 ι,
708 1789 785 1823 9,10.
822 1789 843 1805 ¹¹

914 1790 1054 1830 ιδεηκνιι,
1071 1790 1098 1819 1.
1135 1790 1158 1807 ’³
1170 1789 1237 1819 ibid.
1251 1789 1297 1819 i6.
1322 1789 1346 1806 "
1360 1788 1427 1818 ibid.
1445 1789 1491 1818 23.
1529 1787 1600 1817 "IV
1616 1787 1684 1824 Reg.

47 1834 76 1859 .i,
88 1827 116 1856 8.
159 1826 183 1842 ¹⁶
197 1826 264 1854 ibid.
279 1825 297 1853 9
315 1832 391 1861 seqq.

667 1882 833 1916 Francisci
846 1883 953 1927 ὅσοι*ςὶ
969 1888 1064 1917 notae.

49 1962 112 1989 dum
138 1965 265 1996 naturam
294 1966 453 1996 rectamqne
465 1959 773 1996 rationem.,Subjungit
785 1961 844 1988 haec

49 1997 119 2024 idem
145 1995 253 2023 Tullius
267 1996 283 2027 εἰ
302 1995 419 2029 Quidam
442 1996 486 2031 (ex
513 1995 623 2030 Stoicis)
653 1995 757 2023 brevius
783 2003 844 2028 per-

50 2031 215 2058 turbationes
244 2039 300 2057 esse
323 2032 468 2064 appetitum
489 2031 704 2058 vehementiorem
727 2031 842 2062 dicunt;

52 2067 94 2093 ml
105 2067 326 2094 vehementiorem
340 2074 400 2093 eum
416 2074 476 2097 esse
490 2066 592 2096 volunt.
604 2067 650 2101 qui
671 2066 776 2100 longius
788 2066 844 2092 dis-

52 2102 160 2129 cesserit
177 2109 194 2127 σ
207 2106 311 2128 natum
339 2102 500 2128 constantia.
529 2101 616 2135 Atque
631 2101 680 2129 has
699 2102 844 2135 perturba-

53 2137 144 2164 tiones
162 2136 297 2170 vituperat
327 2136 440 2169 ipsemet
469 2135 575 2163 Tullius
602 2140 658 2163 toto
683 2135 730 2163 illo
761 2136 842 2167 libro,

54 2179 79 2198 In
104 2178 211 2205 easque
233 2171 388 2205 invehitur;
404 2171 470 2205 quin
487 2172 569 2198 etiam
590 2179 652 2198 cum
682 2170 846 2203 Peripateti-

54 2213 147 2233 corum
170 2205 337 2239 opinionem,
359 2206 573 2233 mediocritatem
589 2206 615 2232 in
627 2206 709 2232 animi
724 2205 845 2233 aﬂ‘ectio-

897 1961 997 2002 potius,
1020 1969 1098 2004 quam
1120 1961 1152 2003 de
1167 1962 1244 2003 rebus
1258 1962 1356 2023 lacera
1382 1960 1587 2002 controversiam
1600 1968 1611 1993 ,'
1624 1968 1686 2002 nam

897 2001 922 2023 et
943 2004 1014 2023 totos
1040 1997 1108 2023 mliti
1122 1997 1182 2023 lum:
1200 1997 1255 2023 altu
1296 2005 1376 2023 auum
1392 1995 1548 2023 Platonicos
1568 2000 1592 2022 et
1609 1995 1686 2022 Pert-

897 1995 922 2024 ct
943 1996 1014 2030 ipsos
1040 1997 1108 2023 nihil
1122 1997 1182 2023 hinc
1200 1995 1275 2024 aliud
1296 2005 1376 2030 quam
1392 1995 1548 2023 Platonicos
1568 2000 1592 2022 et
1609 1995 1687 2022 Peri-

892 2031 1019 2065 pateticos
1051 2033 1149 2058 sentire
1169 2033 1301 2062 existimo.
1327 2036 1457 2066 quantum
1475 2030 1509 2066 qd
1538 2030 1688 2066 vimrerum

894 2066 1001 2098 attinet,
1029 2074 1081 2093 non
1099 2067 1133 2093 ad
1147 2064 1447 2093 uocabulorunisolum.
1475 2064 1616 2091 Hactenus
1630 2064 1687 2090 Au-

894 2101 996 2135 gustin.
1033 2101 1079 2135 qui
1106 2101 1211 2136 prolato
1240 2101 1355 2136 Epicteti
1393 2099 1574 2127 consummati
1591 2099 1688 2136 rStoici

895 2135 1064 2167 testimonio.
1093 2136 1251 2164 concludit:
1271 2135 1379 2170 Utrique
1404 2140 1517 2162 mentem
1542 2135 1690 2161 rationem-

894 2178 945 2206 que
969 2171 1097 2206 sapientis
1116 2171 1149 2205 al;
1175 2178 1266 2198 earum
1291 2170 1489 2205 (passionum)
1507 2169 1689 2206 dominatione

897 2204 1055 2240 defendunt,
1073 2204 1135 2233 ete.’
1158 2206 1223 2232 Vide
1251 2204 1321 2240 apud
1343 2206 1431 2239 ipsum
1448 2209 1475 2231 et
1500 2211 1533 2231 ex
1553 2204 1690 2240 recentio-

55 2226 147 2268 ἷιῖἱιίἱζ
161 2226 709 2275 rZEiE'VQJJiii3:136:55:'FéEFéiiEn'tiZié'
723 2226 842 2273 ξῖιῖᾶἱὶἷ,
858 2226 884 2258 Β
898 2226 1132 2276 ῑῖιέὖϊῖιίὶέἓιιῖιὲῖἐ
1161 2226 1691 2276 ﬂagiti"itiﬁili'dﬁhﬁﬁdi'éidii-

55 2283 164 2310 semper
185 2276 212 2303 in
228 2275 373 2310 ἀμφιϐόλῳ
389 2276 491 2302 versari
523 2280 550 2302 ct
577 2276 701 2303 laborare
725 2276 843 2309 videtur,

55 2316 86 2338 ac
100 2311 188 2338 verbo
199 2315 276 2337 tenus
285 2317 331 2337 eos
345 2310 526 2344 reprehendit.
547 2318 575 2338 re
589 2315 679 2337 autem
695 2318 758 2337 vera
775 2317 846 2337 sem-

58 2353 105 2380 per
127 2345 350 2379 perturbationes
378 2351 405 2372 et
421 2345 456 2371 τὰ
473 2345 548 2380 πάθη
564 2346 674 2372 notione
685 2345 741 2380 jam
757 2345 845 2379 posita

58 2381 242 2415 reprehendit.
257 2380 326 2415 Lege
353 2380 439 2412 illum,
460 2385 487 2408 et
509 2380 653 2414 expende;
679 2386 760 2414 atque
788 2387 845 2407 rem

60 2424 102 2443 me
117 2423 232 2442 narrare
250 2416 364 2443 videbis.
389 2415 416 2442 ld
435 2416 506 2450 quod
528 2416 592 2446 vidi,
609 2419 638 2442 et
662 2415 756 2442 docuit
782 2422 846 2443 san-

60 2456 119 2479 ctus
138 2450 256 2476 Thomas
270 2458 324 2477 sec.
339 2454 436 2482 quast.
451 2451 499 2482 ‘24,
517 2456 570 2478 art.
587 2451 613 2481 l,
631 2450 658 2476 in
674 2457 750 2484 corp.
767 2450 846 2483 cujus

61 2488 118 2514 haec
136 2485 237 2511 verba:
252 2485 406 2515 Dicendum.
423 2486 493 2519 quod
503 2486 574 2512 circa
593 2486 660 2520 hanc
674 2485 846 2520 qumtionem

62 2523 164 2548 diversa
177 2520 227 2553 fuit
245 2522 373 2547 sententia
394 2520 542 2548 Stoicorum
555 2526 579 2548 et
594 2519 843 2554 Peripateticorum.

67 2556 136 2583 Nam
156 2555 243 2582 Stoici
272 2556 394 2582 dixerunt
408 2563 496 2583 omnes
518 2556 653 2590 passiones
666 2562 723 2582 esse
736 2555 822 2582 malas
835 2564 845 2588 ;

67 2590 231 2625 Peripatetici
258 2599 316 2617 vero
332 2591 453 2617 dixerunt
465 2592 600 2625 passiones
627 2590 778 2617 moderatas
790 2598 845 2617 esse

68 2627 145 2653 bonus
162 2633 172 2657 ;
196 2633 254 2658 qua:
274 2626 380 2659 quidem
405 2626 554 2660 differentia
568 2626 627 2651 licet
648 2633 744 2659 magna
757 2626 846 2652 videa-

67 2667 109 2688 .'ur
134 2662 277 2688 secundum
312 2668 408 2692 vocem,
440 2659 526 2687 tamen
556 2661 698 2687 secundum
726 2668 780 2687 rem
797 2659 845 2686 ‘oel

68 2697 140 2723 nulla
152 2701 269 2731 cumet"
279 2704 370 2731 parva,
385 2696 407 2722 si
419 2696 478 2730 quis
492 2702 661 2731 utrorumque
683 2695 844 2731 intentiones

68 2733 222 2758 consideret.
251 2730 282 2756 Et
300 2735 397 2765 quaest.
411 2731 454 2762 59,
473 2735 525 2757 art.
542 2730 570 2761 2,
588 2730 656 2756 idem
673 2730 768 2762 docet,
782 2737 845 2757 eas-

69 2774 120 2799 que
147 2773 236 2793 sectas
258 2766 396 2793 conciliat.
413 2767 483 2792 idem
502 2765 533 2792 ι).
551 2765 692 2799 Augustini
709 2765 842 2798 judicium

71 2802 114 2828 lib.
131 2809 155 2828 rx
176 2802 212 2827 De
226 2801 296 2828 civit.
312 2808 372 2835 cap.
390 2801 424 2828 Δις
451 2799 559 2827 Videtur
571 2800 646 2830 mihi,
670 2800 767 2834 inquit,
782 2799 842 2831 hoc,

72 2838 111 2862 ubi
136 2837 274 2871 qna'ritnr,
299 2842 388 2862 utrum
421 2836 542 2862 accidant
573 2836 684 2869 sapienti
708 2835 841 2871 passiones

71 2875 160 2907 animi,
182 2880 215 2899 an
232 2872 264 2899 ab
279 2871 317 2900 eis
333 2871 366 2898 sit
383 2879 489 2906 prorsus
506 2871 616 2904 alienas,
635 2870 666 2897 de
695 2870 774 2898 verbis
797 2877 841 2898 eos

900 2275 1007 2303 tissime
1032 2276 1066 2303 de
1086 2273 1136 2303 lioc
1151 2273 1250 2310 genere
1273 2273 1384 2310 scripsit
1404 2280 1469 2301 tom.
1487 2274 1518 2310 Il,
1535 2274 1591 2310 jam
1601 2273 1688 2307 dicto,

899 2311 958 2346 ubi?
975 2311 1069 2346 longos
1097 2309 1179 2338 refert
1203 2310 1315 2338 Seneca:
1332 2309 1367 2337 'et
1395 2309 1510 2346 Epiclte
1535 2309 1689 2346 Stoicorum

898 2344 1158 2380 perfectissimcriim
1188 2346 1263 2373 locos
1289 2346 1333 2380 qui
1357 2350 1446 2372 motus
1472 2344 1689 2380 all'ectioncsque

899 2378 983 2408 animi
1010 2389 1062 2409 non
1084 2382 1169 2409 solum
1188 2378 1304 2415 primos,
1331 2380 1493 2407 naturaliter
1523 2378 1689 2410 concitatos,

898 2417 945 2442 sed
963 2416 1044 2443 etiam
1068 2414 1201 2444 admissos
1227 2424 1261 2443 ex
1284 2415 1414 2450 regimine
1447 2414 1559 2450 rationis
1590 2420 1691 2450 conce-

897 2451 975 2484 dunt,
1009 2452 1183 2486 perturbatos
1212 2449 1355 2479 damnant.
1381 2449 1435 2476 Nec
1450 2449 1525 2483 plura
1547 2456 1561 2474 a
1585 2455 1627 2486 me
1642 2449 1691 2486 lia-

897 2485 974 2514 bebis
989 2495 996 2519 ;
1010 2484 1079 2514 ‘nam
1105 2487 1228 2521 profecto
1256 2487 1279 2513 si
1299 2485 1381 2521 Stoici
1403 2486 1558 2514 trahuntur,
1584 2484 1627 2509 vel
1640 2484 1690 2521 du:

897 2525 998 2548 cuntur
1011 2518 1112 2556 potius.
1131 2522 1156 2549 in
1185 2525 1287 2549 rectam
1310 2520 1643 2556 opinionem,eorumque
1659 2518 1691 2544 τὸ

897 2554 1061 2591 περιϐόητον
1079 2557 1169 2591 δόγμα
1202 2554 1359 2584 defenditur
1379 2560 1407 2591 et
1430 2554 1584 2591 explicatur
1596 2560 1690 2591 ⁵ςήιιιο

896 2587 978 2618 sensu
998 2587 1137 2626 dignoque
1150 2593 1268 2626 humana
1287 2590 1430 2625 sapientia,
1443 2587 1537 2626 quidni
1554 2589 1579 2614 in
1596 2587 1690 2626 Patri-

896 2626 947 2653 bus
959 2634 1021 2653 cum
1029 2622 1169 2660 _usnrpant
1183 2622 1325 2657 ἀπαθείας
1336 2632 1441 2656 vocem,
1452 2622 1484 2649 id
1501 2622 1669 2657 praestetur?

932 2672 988 2706 (69)
1017 2671 1132 2698 Luctum
1162 2671 1346 2706 vehementem.
1376 2669 1479 2697 Nomen
1512 2667 1686 2706 Jezabel__i_ta

896 2702 1027 2734 llebraice
1047 2708 1178 2742 scriptum
1206 2705 1294 2733 estlll
1317 2706 1381 2740 lleg.
1411 2712 1472 2739 cap.
1490 2712 1545 2736 xvi,
1575 2708 1604 2730 et
1620 2702 1684 2730 alibi

893 2745 983 2786 ξιτψ,
1008 2754 1086 2788 cujus
1113 2755 1154 2781 [NB
1183 2753 1280 2781 litterae
1301 2751 1483 2788 constituunt“
1503 2757 1603 2788 nomen
1629 2754 1687 2788 71st

895 2790 964 2823 quod
977 2784 1081 2816 luerunt
1106 2788 1260 2823 sigltiﬂt'at;
1280 2792 1308 2815 et
1328 2787 1440 2823 verbum
1466 2784 1686 2823 iisdeuulitmteris

895 2818 993 2858 Ingere,
1015 2818 1146 2858 desolare,
1163 2818 1258 2860 perire;
1291 2830 1351 2859 qua:
1372 2821 1458 2850 luctus
1486 2818 1685 2856 magnieilecta

895 2865 969 2888 Sillll.
