1883 3053
207 172 260 205 515

797 166 1046 200 THEOPHANIS
1063 163 1234 196 CERAMEI

1807 158 1862 193 516

206 228 324 256 amicum
350 231 473 254 nostrum
499 232 560 254 esse
587 225 688 256 Deum;
704 224 813 251 vulnera
838 231 903 251 vero
926 230 949 250 es

1119 220 1160 253 Li'v,
1177 217 1254 254 φίλον
1270 216 1320 253 μὲν
1342 216 1422 253 ἡμῶν
1442 216 1487 244 τὸν
1502 215 1580 249 Θεὸν,
1603 216 1766 253 τραύματα
1782 214 1817 241 δὲ
1834 215 1862 240 αἱ

205 282 268 310 qua;
282 274 316 302 ad
332 273 510 302 coercendum
525 279 622 306 corpus
639 270 738 298 inflicta
755 277 804 298 nos
820 270 947 297 erudiunt
963 269 996 297 ad

205 321 333 350 salutem.

244 375 254 393 ι
274 365 358 394 Maria
382 370 473 392 autem
498 367 567 397 erat,
591 370 651 399 quas
677 362 754 390 unxit
778 362 922 390 Dominum
946 369 997 389 un-

143 434 149 435 .
205 414 315 446 guento,
334 413 361 437 et
378 409 490 437 extersit
514 409 598 443 pedes
620 407 679 443 ejus
701 406 805 440 capillis
829 407 899 440 suis;
921 406 999 441 cujus

204 457 292 484 frater
307 452 636 482 Lazarus’infirmabatur.
656 463 666 480 ι
683 452 753 486 Quid
770 460 819 488 per
833 457 997 487 unguentum

205 502 383 537 significetur,
402 507 496 535 quaeve
516 501 552 528 sit
568 499 627 533 ejus
643 499 756 533 utilitas,
776 498 873 533 quidve
887 498 937 526 sibi
950 505 998 526 vo—

205 547 289 575 luerit
301 547 385 583 pedes
396 546 502 581 capillis
515 546 681 581 abstergere,
691 549 784 580 postea
795 544 909 572 dicetur.
921 543 1000 571 Nunc

203 593 260 628 jam
283 592 426 620 historiam
442 592 630 626 explicandam
647 590 849 626 aggrediamur.
865 589 998 622 Quoniam

205 643 267 674 post
283 638 362 673 paulo
377 639 410 664 de
427 642 565 672 unguento
580 639 608 663 et
623 635 753 662 unctione
786 633 909 661 dicturus
929 636 998 665 erat,

205 693 256 721 per
275 684 498 719 anticipationem
524 683 575 711 hoc
599 682 670 715 loco,
686 680 760 717 quod
786 680 905 708 futurum
929 683 1000 712 erat,

206 730 325 765 attingit.

246 785 255 801 ι
274 775 404 803 Miserunt
428 782 493 811 crgo
510 781 619 802 sorOres
642 772 701 808 ejus
719 772 799 808 160
821 771 855 799 ad
873 778 935 799 eum
953 770 1001 798 di-

206 825 316 849 centes:
328 821 450 854 Domine,
460 828 532 854 ccce,
544 827 716 855 quemamas,
726 819 890 845 infirmatur.
908 826 917 843 ›
931 815 1000 850 Quid

206 872 246 897 est
261 876 350 896 causa:
365 874 413 894 cur
430 867 495 902 ipsae
511 874 562 893 non
579 865 690 898 adeant,
705 872 737 892 ac
756 871 803 899 per
818 870 847 891 se
865 870 918 890 non
932 870 1002 889 nun-

1047 265 1117 301 πρὸς
1141 264 1280 300 σωτηρίαν
1311 263 1431 290 παιδεῖαι
1459 264 1500 294 είς
1529 262 1642 290 κόλασιν
1664 262 1722 297 τῆς
1748 260 1866 295 σαρκὸς

1047 310 1230 345 ἐπαγόμεναι.

1086 364 1096 382 ι
1110 353 1164 382 Ἦν
1184 354 1214 382 δὲ
1234 353 1331 389 Μαρία
1347 353 1364 389 ἡ
1386 353 1521 389 ἀλείψασα
1541 353 1587 380 τὸν
1611 352 1728 389 Κύριον
1763 351 1869 387 μύρῳ,

1048 401 1097 428 καὶ
1113 399 1259 436 ἐκμάξασα
1276 401 1337 432 ταῖς
1357 399 1445 435 θριξὶν
1460 399 1546 435 αὐτῆς
1561 399 1624 431 τοὺς
1640 399 1735 430 πόδας
1755 397 1868 428 αὐτοῦ.

1047 445 1082 484 ἦς
1096 448 1111 474 ό
1128 447 1242 481 ἁδελφὸς
1261 446 1390 481 Λάζαρος
1413 445 1534 481 ἠσθένει.
1552 453 1562 472 ι
1587 445 1620 472 Τί
1636 445 1691 480 μὲν
1715 444 1751 471 τὺ
1772 443 1871 479 μύρον

1049 493 1156 529 ἐδήλου,
1173 493 1220 519 καὶ
1241 492 1369 528 ήτούτου
1394 491 1567 527 προσένεξις,
1592 491 1642 518 καὶ
1661 491 1698 517 τὸ
1724 489 1870 525 ἐκμάξαι

1049 539 1113 571 τοὺς
1123 538 1208 570 πόδας
1223 537 1268 565 διὰ
1281 537 1336 564 τῶν
1352 538 1464 573 τριχῶν,
1479 539 1509 565 ὲν
1523 538 1580 569 τοῖς
1595 537 1754 572 ἑπομένοις
1770 535 1871 572 ρηθήο

1051 591 1148 611 σεται·
1173 583 1222 612 νῦν
1238 583 1268 611 δὲ
1291 584 1342 619 τῆς
1372 583 1493 619 ίστορίας
1508 583 1669 619 ἀρξώμεθα.
1695 582 1793 609 Ἐπεὶ
1823 579 1872 608 οὖν

1050 628 1147 665 ἔμελλε
1176 629 1246 665 μετὰ
1271 628 1369 664 μικρὸν
1396 629 1585 664 μνημονεῦσαι
1604 629 1655 664 τῆς
1679 627 1740 655 τοῦ
1772 626 1871 662 μύρου

1050 675 1199 711 ἀλείψεως,
1215 675 1413 710 προληπτικῶς
1426 674 1546 702 ἐνταῦθα
1563 674 1690 711 περὶτοῦ
1705 674 1873 710 μέλλοντος

1051 731 1140 758 προση
1145 722 1284 758 μαίνεται.

1089 778 1100 795 ι
1115 767 1293 795 ’Λπέστειλαν
1307 766 1354 794 οὖν
1365 767 1392 794 ai
1405 766 1518 801 ἀδελφαὶ
1525 766 1608 795 αὑτοῦ
1621 766 1774 802 λέγουσαι
1791 773 1802 782 ·
1817 765 1874 792 Ki-

1054 818 1106 848 ριε,
1121 812 1171 846 ῐδε,
1188 812 1218 839 όν
1234 811 1333 847 φιλεῖς,
1350 810 1469 838 ἀσθενεῖ.
1492 820 1501 837 ι
1521 812 1554 838 Τί
1575 811 1678 847 δήποτε
1704 811 1766 838 οὐκ
1785 810 1873 838 αὑταὶ

1052 858 1262 894 παραγίνονται,
1277 857 1440 892 αὐτάγγελοι
1455 857 1505 893 τῆς
1517 857 1666 893 πρεσὸείας
1677 857 1853 892 γενόμεναι
1865 865 1873 890 ;

208 915 277 942 tient
299 919 327 942 et
340 897 540 948 deprecentur?
555 911 670 939 Maxime
686 897 937 938 sane‘conlidebant

1128 911 1160 939 ρα
1187 902 1387 938 τεθαῤῥηκυῐαι
1411 899 1493 938 ἦσαν,
1519 902 1619 938 πολλὴν
1637 902 1770 937 ἔχουσαι
1802 902 1871 936 πρὶς

208 960 403 991 familiaritate,
421 965 481 992 qua:
505 957 571 992 ipsis
595 963 657 984 cunt
679 955 789 983 Christo
805 953 1000 981 intercedebat.

208 1004 265 1032 lloc
290 1004 362 1032 enim
389 1004 433 1030 illa
458 1010 525 1030 voce
549 1001 662 1029 aﬂ'ectus
686 1001 775 1028 indice
799 1000 1000 1035 prodiderunt:

211 1059 221 1076 ι
241 1049 364 1080 Domine,
376 1055 448 1079 cccc,
466 1055 546 1082 qnem
561 1054 645 1078 amas,
660 1046 824 1073 infirmatur.
840 1055 849 1071 ι
868 1044 915 1072 His
928 1044 1002 1072 enim

208 1094 330 1121 dolorem
357 1094 500 1128 quemdam
519 1099 553 1119 ac
570 1092 650 1118 modo
669 1099 723 1118 non
749 1096 886 1126 stuporem
903 1097 958 1126 prae
973 1097 1004 1118 se

209 1138 311 1171 ferunt,
328 1138 399 1172 quod
419 1136 536 1164 amicum
553 1135 658 1163 Domini
677 1135 789 1162 morbus
807 1134 937 1169 attigerit.
954 1132 1004 1161 Vi-

209 1183 310 1211 debam
326 1183 407 1210 etiam
428 1182 541 1210 fratrem
560 1182 640 1209 morti
655 1181 755 1209 sensim
773 1180 1003 1216 appropinquare.

208 1227 356 1255 Timebant
372 1227 457 1262 igitur
471 1234 505 1255 ne
519 1227 676 1255 novissimis
691 1226 750 1261 ejus
765 1226 857 1254 verbis
880 1230 1005 1261 aspectu-

209 1281 262 1308 que
285 1273 468 1308 privarentur.
485 1273 622 1300 Fortassis
637 1272 729 1304 etiam,
745 1272 815 1307 quod
833 1271 963 1300 Dominus
976 1272 1004 1299 in

208 1319 320 1347 deserto
343 1320 402 1346 loco
424 1323 650 1350 commoraretur.
675 1319 812 1354 segniores
832 1325 879 1345 eos
896 1317 1004 1351 etl'eeit;

210 1372 264 1393 non
282 1365 352 1392 enim
369 1370 434 1392 tunc
448 1364 475 1392 in
492 1365 602 1392 civitate
620 1363 745 1399 degebat,
760 1363 809 1391 sed
826 1365 894 1390 ultra
910 1362 1007 1390 Jorda-

211 1419 284 1438 nem.
297 1411 489 1439 Verumtamen
503 1411 537 1438 ab
551 1410 630 1438 ofﬁcii
647 1409 824 1444 perfectione,
836 1416 922 1444 eoque
933 1408 1005 1444 quod

211 1457 335 1490 decebat,
350 1457 427 1484 valde
446 1457 578 1484 defecisse
592 1461 754 1491 arguuntur.
770 1454 921 1490 Oportebat
934 1455 1006 1482 enim

1052 949 1172 984 Χριστὸν
1185 949 1352 984 οἰκειότητα.
1375 948 1464 976 Τοῦτο
1475 949 1531 984 γὰρ
1552 948 1657 980 ἔδειξαν
1673 948 1734 976 καὶ
1750 947 1808 974 διὰ
1825 947 1873 981 τῆς

1053 995 1225 1030 περιπαθῶς
1241 995 1351 1031 ἐκείνης
1364 995 1470 1031 φωνῆς·
1489 1004 1499 1021 ι
1515 995 1613 1030 Κύριε,
1629 995 1682 1027 ἴδε,
1707 994 1745 1021 ὃν
1761 994 1872 1028 φιλεῖς,

1053 1041 1173 1069 ἀσθενεῖ.
1193 1050 1204 1067 ι
1219 1041 1370 1077 Μονονουχὶ
1386 1041 1443 1076 γὰρ
1456 1040 1649 1076 ἀσχάλλουσιν,
1659 1039 1876 1075 ἐκπληττόμ-

1054 1097 1100 1115 ναι
1114 1087 1174 1119 πῶς
1189 1088 1358 1114 Δεσποτικοῦ
1375 1087 1454 1122 φίλου
1471 1088 1549 1118 νόσος
1563 1086 1730 1122 καθήψατο.
1754 1086 1875 1120 Ἑώρων

1054 1134 1083 1161 δὲ
1098 1134 1145 1161 καὶ
1159 1135 1206 1161 τὸν
1222 1134 1338 1169 ἀδελφὺν
1356 1134 1395 1167 τῷ
1408 1133 1516 1169 Θανάτῳ
1531 1134 1602 1160 κατὰ
1617 1133 1715 1169 βραχὺ
1739 1133 1875 1167 γειτνιά-

1056 1179 1149 1212 ζοντα.
1175 1178 1365 1206 Ἐδεδοίκεσαν
1391 1177 1438 1204 οὖν
1461 1178 1498 1214 μὴ
1522 1180 1572 1213 τῆς
1596 1172 1727 1214 ἐσχάτης
1757 1177 1875 1203 ἐκείνοι

1055 1225 1246 1260 ἁπολειφθεῖεν
1272 1224 1365 1260 φωνῆς
1386 1232 1417 1250 τε
1446 1225 1494 1252 καὶ
1523 1225 1624 1260 ὂψεως.
1656 1225 1750 1256 Ἴσως
1774 1225 1810 1251 δὲ
1832 1226 1877 1249 ut

1056 1272 1073 1307 ἡ
1104 1272 1133 1298 ἓν
1170 1272 1203 1307 τῇ
1235 1272 1332 1306 ἐρήμῳ
1375 1270 1424 1297 τοῦ
1470 1271 1598 1307 Σωτῆρος
1636 1271 1784 1308 διατριόἡ
1834 1272 1877 1297 τὶν

1056 1316 1136 1343 ὄκνον
1170 1316 1267 1347 αὑταῖς
1299 1315 1480 1350 ἑνεποίησενυ
1504 1316 1535 1343 οὐ
1558 1318 1610 1353 γὰρ
1624 1318 1655 1344 ὲν
1675 1317 1770 1344 πόλει
1802 1318 1878 1347 τότε.

1056 1362 1125 1389 ἀλλὰ
1154 1361 1243 1397 πέραν
1283 1361 1418 1397 Ἰορδάνοο
1435 1361 1568 1397 διέτρισε,
1599 1363 1673 1399 Πλὴν
1708 1363 1778 1390 ἀλλ’
1798 1364 1879 1397 m7-

1057 1416 1151 1443 χονται
1174 1407 1246 1434 κατὰ
1270 1407 1338 1434 πολὺ
1363 1407 1567 1442 διαμαρτοῦσαι
1592 1409 1641 1436 τοῦ
1664 1409 1789 1436 τελείου
1832 1411 1879 1435 aut

1059 1453 1224 1490 πρέποντος.
1243 1453 1344 1490 Ἐχρῆν
1360 1453 1413 1491 γὰρ
1426 1455 1526 1487 αὐταῖς
1541 1454 1664 1490 ζηλῶσαι
1684 1456 1746 1491 τὴν
1769 1457 1880 1483 Eoum-

204 1509 258 1530 -eas
277 1502 473 1529 Sunamitidem
492 1501 564 1528 illam
581 1500 713 1534 aemulari,
730 1508 790 1535 quae
814 1500 869 1527 tilio
883 1499 937 1534 jam

1137 1509 1164 1533 α,
1180 1500 1198 1535 ἢ
1214 1500 1264 1527 καὶ
1277 1501 1442 1536 τεθνηκότος
1459 1502 1509 1537 ἤδη
1524 1502 1572 1528 τοῦ
1587 1502 1685 1534 παιδὸς
1698 1502 1766 1530 οὔτ’
1785 1504 1878 1539 ἀπήλ-

211 1547 352 1581 defuncto,
375 1555 425 1575 nec
449 1555 524 1581 spem
551 1547 662 1581 abiecit,
682 1553 770 1581 neque
795 1546 828 1574 ad
852 1545 954 1573 Carne?

1083 1554 1151 1580 torv,
1165 1545 1222 1573 οὒτ’
1236 1545 1346 1581 ὤκνησε
1357 1546 1475 1582 δραμεῖν
1487 1547 1556 1582 πρὸς
1571 1547 1621 1583 τὴν
1635 1547 1823 1584 Κάρμηλον.

211 1597 330 1621 montem
348 1600 495 1628 properare
507 1592 639 1620 dubitavit
655 1592 690 1619 “.

252 1647 263 1665 ι
284 1638 407 1666 Audiens
424 1643 515 1665 autem
527 1637 608 1666 Jesns
623 1637 711 1665 dixit:
725 1637 871 1664 lntlrmitas
885 1637 942 1664 haec
956 1643 1009 1664 non

212 1689 254 1713 est
268 1685 302 1712 ad
317 1690 444 1717 mortem,
467 1684 514 1712 sed
537 1691 586 1720 pro
609 1684 693 1719 gloria
710 1683 777 1717 Dei,
801 1688 830 1710 ut
843 1683 1011 1718 glorificetur

213 1731 299 1759 Filius
313 1730 360 1758 Dei
375 1738 423 1766 per
435 1737 507 1758 eam.
525 1739 534 1756 ι
553 1730 586 1757 Et
601 1738 665 1757 vero
680 1736 766 1757 morte
781 1729 855 1757 finita
871 1735 930 1762 est;
943 1737 1012 1764 quo-

214 1777 295 1804 modo
309 1784 373 1811 ergo
388 1777 420 1803 ad
436 1781 551 1803 mortem
576 1783 629 1803 non
654 1783 715 1803 esse
729 1775 816 1802 dixit?
831 1775 866 1802 At
884 1783 937 1802 non
952 1779 1012 1802 erat

212 1826 428 1850 consentaneum
444 1829 542 1849 vocare
557 1826 673 1849 mortem
690 1829 750 1848 eam
765 1828 846 1856 quam
862 1825 1010 1856 exceptura

215 1871 275 1895 erat
290 1867 364 1895 brevi
381 1867 555 1895 resurrectio.
569 1868 610 1893 An
628 1867 709 1902 igitur
725 1873 754 1894 ut
768 1867 854 1903 gloria
871 1867 941 1894 Deus
955 1867 1011 1894 alii.

213 1917 333 1946 seretur,
349 1911 469 1939 Lazarus
485 1916 610 1939 mortuus
622 1912 684 1939 est?
699 1912 884 1946 Nequaquam.
900 1911 953 1938 Sed
967 1911 1012 1939 illo

215 1959 326 1994 quidem
340 1963 442 1985 natura:
457 1958 630 1992 necessitate,
644 1959 777 1993 siquidem
794 1966 867 1986 mors
886 1959 1012 1986 humana:

215 2009 318 2031 naturae
327 2004 472 2039 conjuncta
480 2008 531 2037 est,
540 2004 673 2032 decessit:
683 2005 729 2032 sed
741 2012 812 2032 mors
824 2004 868 2031 illa
877 2005 903 2031 in
913 2004 1012 2032 divinas

213 2049 308 2083 glorias
319 2049 399 2075 vertit
407 2049 597 2082 occasionem;
613 2056 674 2075 nam
694 2048 759 2075 illud
774 2053 813 2082 ut,
830 2049 881 2075 hoc
889 2048 948 2075 loco
957 2056 1010 2075 non

214 2101 324 2120 causam
337 2094 485 2128 significat,
502 2093 549 2120 sed
560 2097 697 2120 eventum.
715 2093 804 2120 Multis
815 2099 879 2120 vero
890 2093 972 2120 etiam
985 2093 1011 2120 in

216 2139 283 2166 locis
296 2139 352 2174 (79)
365 2139 416 2165 hac
429 2139 557 2173 loquendi
573 2140 658 2174 figura
669 2146 754 2166 sacrae
765 2138 876 2166 Litterae
887 2143 1011 2166 utuntur.

216 2184 349 2220 Propheta
370 2184 504 2219 siquidem
522 2193 530 2212 :
550 2193 560 2211 ι
588 2185 751 2216 Excaecavit,
773 2185 872 2219 inquit,
894 2192 942 2211 cor
963 2192 1012 2212 eo-

216 2238 287 2263 rum,
313 2235 344 2257 ut
358 2230 480 2258 videntes
496 2238 549 2258 non
574 2231 684 2258 videant
695 2231 718 2246 ²¹⁹
739 2238 746 2257 :
767 2239 777 2256 ι
800 2235 829 2257 et
843 2230 989 2265 Apostolus
1004 2235 1010 2256 ε

218 2284 230 2302 ε
244 2274 300 2303 Lex
312 2280 402 2303 autem
414 2276 591 2310 subintravit,
603 2281 633 2303 ut
645 2276 797 2304 abundaret
807 2276 937 2304 delictum
948 2276 983 2304 '°.
998 2285 1008 2303 ι

215 2321 250 2348 Et
271 2321 372 2354 saepius
389 2321 543 2356 huiusmodi
557 2329 593 2350 ex
606 2327 705 2350 eventu
720 2322 793 2350 dicta
816 2322 908 2357 quivis
933 2322 1011 2350 inve-

251 2402 274 2418 ”
286 2400 321 2428 IV
338 2399 404 2435 Reg.
419 2408 456 2433 iv,
477 2399 505 2428 5.
555 2400 578 2416 "
594 2399 647 2427 lsa.
659 2407 697 2431 vl,
719 2399 770 2433 19;
785 2398 866 2427 Joan.
894 2406 943 2433 ιιι,
958 2399 1004 2426 40.

1098 1645 1109 1662 ι
1130 1635 1264 1668 Ἀκούσας
1279 1635 1309 1662 δὲ
1322 1635 1336 1662 ό
1362 1634 1466 1671 Ἰησοῦς
1481 1633 1578 1663 εἴπεν·
1595 1635 1670 1672 Αὕτη
1696 1637 1718 1671 ἡ
1736 1637 1879 1664 ἀσθένεια

1060 1681 1112 1708 οὐκ
1136 1681 1196 1708 ἔστι
1215 1681 1285 1717 πρὸς
1308 1681 1436 1714 θάνατον,
1460 1681 1521 1709 ἀλλ’
1542 1682 1616 1718 ὑπὲρ
1641 1683 1695 1716 τῆς
1715 1683 1812 1718 δόξης
1833 1684 1879 1710 to;

1059 1727 1141 1759 Θεοῦ,
1156 1727 1200 1754 ῐνα
1216 1727 1332 1763 δοξασθῇ
1350 1728 1364 1754 ό
1380 1727 1444 1759 Υίδς
1458 1727 1505 1754 τοῦ
1518 1728 1664 1763 ἀνθρώπου
1680 1728 1723 1755 δι’
1740 1729 1854 1756 αὐτοῦ.
1869 1740 1878 1755 ο

1061 1773 1118 1800 Καὶ
1147 1772 1202 1808 μὴν
1228 1772 1296 1807 πρὸς
1322 1773 1438 1799 θάνατον
1468 1772 1569 1808 ἔληξε·
1590 1773 1650 1805 πῶς
1677 1771 1736 1800 οὖν
1766 1774 1879 1801 εἶπεν*

1063 1826 1073 1844 ι
1093 1819 1150 1845 Οὐκ
1164 1818 1221 1845 ἔστι
1236 1818 1304 1854 πρὸς
1320 1818 1453 1852 θάνατον;
1467 1828 1477 1845 ι
1487 1819 1559 1845 Ἀλλ’
1572 1817 1619 1846 οὖν
1631 1819 1683 1846 οὐκ
1699 1817 1740 1855 ἦν
1757 1821 1882 1847 (iudicu-

1062 1864 1108 1890 Oov
1124 1864 1240 1891 θάνατον
1255 1864 1389 1899 ὀνομάσαι
1407 1864 1459 1900 τὴν
1485 1865 1555 1900 πρὸς
1576 1865 1665 1900 βραχῦ
1693 1866 1881 1894 ἁποὸἰωσιν,

1060 1907 1125 1944 Ἆρ’
1145 1908 1193 1937 οὖν
1204 1910 1248 1936 διὰ
1260 1910 1290 1936 τὸ
1303 1910 1466 1946 δοξασθῆναι
1480 1910 1526 1937 τὸν
1541 1910 1607 1937 θεὸν
1623 1911 1751 1946 τέθνηκε
1779 1912 1882 1944 Λάζα-

1063 1964 1109 1991 ρος
1123 1963 1130 1988 ;
1144 1955 1293 1990 Οῠμενουν.
1314 1955 1387 1982 Ἀλλ’
1406 1956 1421 1982 ὁ
1443 1956 1494 1991 μὲν
1508 1956 1667 1990 ἀναγκαίως
1681 1957 1813 1984 ἀπεϐιω
1830 1967 1882 1993 φυ-

1063 2003 1147 2035 σικῶς
1157 2023 1165 2036 ,
1181 2002 1228 2030 τοῦ
1242 2003 1356 2030 θανάτου
1373 2003 1547 2039 συνημμένου
1563 2004 1596 2039 τῇ
1611 2003 1709 2038 φύσει·
1726 2005 1882 2040 πρόφασις

1062 2047 1089 2074 δὲ
1106 2048 1200 2083 θεῑκῆς
1216 2048 1294 2084 δόξης
1312 2048 1326 2074 ό
1340 2048 1456 2080 θάνατος
1469 2049 1576 2083 γέγονε.
1592 2049 1629 2075 Τδ
1648 2049 1721 2085 γὰρ,
1743 2050 1816 2084 Ira,
1836 2053 1882 2077 ὲν-

1062 2095 1152 2122 ταῦοα
1167 2095 1218 2122 οὐκ
1229 2095 1412 2129 αἰτιολογικόν
1427 2096 1515 2128 ἐστιν,
1530 2096 1587 2123 ἀλλ’
1599 2097 1631 2122 ὲκ
1640 2097 1692 2132 τῆς
1708 2097 1880 2129 ὲκΰάσεως.

1062 2140 1201 2176 Πολλαχοῦ
1225 2141 1253 2168 δὲ
1276 2142 1376 2176 χρῆται
1400 2142 1416 2177 ὴ
1437 2141 1534 2177 Γραφὴ
1560 2142 1649 2177 τούτῳ
1666 2142 1712 2178 τῷ
1732 2144 1880 2179 σχήματι.

1068 2186 1098 2213 '0
1114 2187 1164 2221 μὲν
1178 2187 1233 2223 γὰρ
1251 2187 1394 2222 προφήτης
1405 2196 1412 2203 ”
1428 2197 1437 2214 ι
1455 2187 1630 2222 Τετύφλωκε,
1649 2189 1755 2222 φησιν,
1782 2191 1881 2216 αὐτᾶν

1063 2231 1113 2262 τὰς
1137 2231 1276 2265 διανοίας,
1306 2231 1351 2258 ἵνα
1373 2231 1519 2266 βλέποντες
1542 2233 1580 2267 μὴ
1607 2231 1740 2267 βλέψωσι
1757 2241 1765 2248 ·
1794 2243 1806 2260 ι
1834 2236 1880 2261 κειὶ

1069 2275 1254 2308 Ἀπόστολος”
1281 2285 1290 2302 ι
1308 2277 1402 2311 Νόμος
1431 2277 1568 2311 είσῆλθεν,
1594 2277 1637 2304 ίνα
1664 2277 1825 2315 πλεονάσῃ
1854 2281 1881 2307 τὴ

1063 2321 1252 2358 παράπτωμα.
1267 2331 1278 2350 ι
1295 2323 1353 2350 Καὶ
1371 2322 1508 2359 πολλαχοῦ
1529 2332 1571 2356 τις
1585 2323 1664 2360 εὖροι
1682 2324 1722 2352 ὲκ
1735 2325 1793 2353 τοῦ
1808 2327 1880 2354 ἀπε»-

1042 2399 1066 2416 "
1081 2399 1162 2427 Rom.
1179 2407 1206 2434 v,
1216 2398 1264 2428 20.

837 2458 1004 2490 Francisci
1019 2459 1126 2491 Scorsi
1141 2461 1236 2490 noue.

251 2522 309 2564 (19)
318 2521 418 2564 ullis
431 2521 511 2564 etiam
520 2521 603 2564 locis.
613 2521 679 2564 ila-cc
688 2521 871 2564 confirmatio.
881 2521 962 2564 ducta
976 2529 1009 2564 es

216 2556 279 2586 aliis
297 2556 438 2592 utriusque
466 2557 630 2584 TeSIamcnti
646 2556 711 2584 lo'cis
728 2557 841 2591 praecisa
860 2556 959 2588 fuerat,
977 2560 1005 2583 et

215 2594 337 2629 quidem.
345 2596 374 2619 ut
382 2591 514 2626 suspicari
525 2592 597 2624 licet,
606 2600 620 2618 a
636 2591 747 2618 librario
755 2592 1008 2629 compendiicausa,

217 2626 288 2665 quod
302 2629 360 2665 sine
384 2635 414 2654 ea
429 2628 531 2665 integra
550 2631 697 2665 appareret
722 2626 944 2665 essesententia,
960 2626 1009 2665 sed

217 2660 248 2691 ea
267 2664 392 2690 restituta
419 2668 460 2690 est
478 2660 608 2688 beneficio
627 2669 678 2688 ms.
693 2662 735 2688 cui
751 2661 880 2689 debemus
893 2660 1009 2694 integri-

218 2703 301 2726 tatem
320 2697 397 2732 hnjus
409 2697 547 2729 homiiiae;
565 2702 608 2723 est
622 2696 697 2732 enini
713 2696 807 2732 mutila
819 2700 848 2722 et
872 2695 1007 2723 diminuta

218 2733 310 2760 multis
328 2731 403 2761 locis.
418 2732 591 2766 pluribnsljne
605 2731 723 2765 periodis
742 2731 767 2757 in
786 2735 900 2766 utroque
916 2737 1008 2758 exem-

219 2767 286 2801 plari
314 2766 344 2793 P.
360 2771 387 2793 et
400 2765 430 2793 ν.
455 2765 510 2801 Nec
535 2774 597 2801 vero
622 2766 688 2793 satis
702 2766 836 2801 integrum
849 2765 1008 2801 plerumque

218 2799 260 2828 est
284 2800 422 2834 exemplar
449 2800 535 2827 Vatic.
563 2800 646 2834 igitur
675 2799 796 2827 subsidio
821 2799 1009 2834 exeinplarisa

219 2835 304 2862 Gallia
345 2835 494 2861 transmissi
525 2836 596 2868 quod
631 2842 691 2861 cum
720 2835 780 2862 aliis
813 2834 1010 2861 Parisiensibus

221 2870 299 2897 codd.
316 2868 442 2896 collatura
457 2869 555 2902 fuerat,
584 2869 629 2896 ubi
644 2877 673 2897 ea
689 2877 748 2904 qni-.c
762 2870 789 2897 in
807 2869 867 2897 aliis
888 2869 1009 2897 detracta

1060 2521 1181 2561 fuerant,
1201 2522 1419 2561 salvacomperi,
1449 2523 1556 2561 plenam
1569 2530 1637 2561 eam
1654 2525 1877 2561 perfectamque

1060 2557 1089 2585 in
1102 2557 1187 2594 lucem
1202 2557 1248 2585 do.
1267 2558 1330 2594 Haec
1349 2557 1518 2594 admonitum
1534 2559 1618 2586 semel
1629 2557 1770 2589 lectorem
1784 2557 1874 2594 volui,

1061 2597 1118 2619 uta
1135 2592 1227 2620 labore
1242 2600 1275 2620 ea
1308 2593 1422 2627 singulis
1450 2593 1477 2620 in
1496 2592 1563 2621 locis
1580 2595 1690 2622 notandi
1723 2604 1772 2623 me
1804 2592 1874 2626 lily;

1060 2631 1144 2660 raret,
1155 2627 1289 2662 simulque
1304 2627 1445 2654 liberatam
1461 2628 1540 2655 fidem
1560 2636 1648 2656 meam
1672 2637 1741 2658 esse
1767 2633 1875 2660 intelli-

1059 2667 1143 2696 geret,
1171 2669 1253 2696 quam
1277 2663 1303 2689 in
1329 2662 1389 2689 aliis
1413 2663 1525 2696 praestiti
1544 2663 1682 2696 homiliis;
1718 2666 1768 2693 hic
1795 2670 1873 2695 enim

1059 2702 1132 2724 esset
1160 2696 1289 2732 longioris
1302 2732 1307 2734 _
1318 2704 1409 2731 operae
1423 2698 1546 2734 scriptio,
1563 2703 1589 2734 et
1606 2700 1810 2734 multiplicatio
1823 2711 1874 2729 nu—

1061 2738 1210 2763 merorum,
1236 2732 1308 2766 quod
1341 2733 1466 2767 usuvenit
1486 2733 1511 2759 in
1538 2732 1692 2767 hujustnodi
1723 2737 1873 2764 veteribus

1063 2773 1139 2803 mss._,
1157 2767 1221 2803 _alia
1248 2771 1332 2803 atque
1357 2766 1411 2794 alia
1428 2774 1508 2794 manu
1529 2766 1702 2803 transcripti:
1714 2777 1772 2797 non
1795 2779 1870 2802 raro.

1062 2801 1133 2840 quod
1157 2800 1307 2840 legentibus
1328 2809 1392 2830 mss.
1417 2807 1444 2830 et
1475 2800 1653 2837 interpretum
1673 2804 1701 2831 in
1726 2812 1759 2833 ea
1785 2800 1870 2835 noun

1063 2837 1147 2864 cuivis
1159 2837 1302 2865 constabit.
