1883 3053
38 150 94 183 517

720 152 889 184 HOMILIA
908 152 986 182 XXV

1627 155 1682 188 513

39 209 94 235 ϐὰν
101 216 146 240 ξος
164 206 313 242 λεγόμενα.
330 205 420 239 Δόξαν
443 206 472 233 δὲ
485 207 560 241 λέγει
575 208 624 243 τὴν
640 208 673 236 ἑκ
685 208 732 236 τοῦ
744 208 842 242 διεγεῖ-

934 212 962 234 ιι.
978 206 1098 234 Gloriam
1119 214 1199 240 porro
1214 207 1283 235 dixit
1305 214 1364 235 eam
1379 215 1439 242 qua:
1453 216 1485 236 ex
1509 213 1636 237 revocato
1648 211 1683 237 ad

40 263 90 290 ραι
107 254 156 280 τὸν
180 252 326 288 θνήξαντα.
350 253 388 278 Οὐ
415 252 471 288 γὰρ
495 253 626 280 τοσούτου
650 254 789 290 θαύματος
806 252 840 289 ἦν

38 299 175 326 νοσοῦντα
190 299 285 325 τοῦτον
299 297 439 329 ἰάσασθαι,
455 298 518 325 ὅσον
531 299 681 334 ἀναγαγεῖν
692 300 841 327 τεθνειῶτα

37 345 113 380 πρὸς
129 344 289 371 ἀναϐίωσιν.
307 344 416 379 Τριχῶς
429 344 458 371 δὲ
473 344 645 379 λαμϐάνεται
661 347 677 380 ἡ
695 345 840 373 ἀσθένειασ

37 390 162 429 ἀρθενὴς
182 391 237 425 γὰρ
266 389 376 424 λέγεται
400 390 448 417 καὶ
466 391 484 417 ό
509 391 621 426 ἀπαγὴς
647 391 715 427 πρὸς
738 392 840 426 πίστιν,

38 438 90 464 καὶ
108 435 169 464 οἷον
191 436 388 472 κλονούμενος,
404 436 471 472 περὶ
485 433 517 463 οὗ
531 446 616 472 φησιν
627 438 640 464 ό
660 438 820 470 ’Δπόστολος
833 445 841 454 ·

40 492 52 508 ι
70 483 126 509 Τδν
146 483 175 509 δὲ
194 482 362 510 ἀσθενοῦντα
381 483 414 518 τῇ
435 482 526 509 πίστει
549 483 805 519 προσλαμϐάνεσθε.
829 492 838 510 ι

44 528 194 555 Ἀσθένεια
216 529 263 555 καὶ
280 529 297 562 ἡ
315 529 461 564 σωματικὴ
481 529 571 561 νόσος,
587 528 682 565 ὥσπερ
703 529 820 556 ενταῦθα
833 537 840 544 ·

41 584 54 600 ς
78 576 148 606 Ἱδε,
168 575 198 601 ὃν
215 575 315 609 φιλεῖς,
331 574 453 608 ἀσθενεῖ,
473 584 483 601 ι
499 576 546 602 καὶ
562 577 590 602 αἱ
605 575 675 603 κατὰ
686 575 740 602 τῶν
755 576 841 610 ἁγίων

36 620 199 651 ἐπιϐουλαὶ,
220 620 268 646 καὶ
287 619 405 655 διωγμοὶ
420 619 498 656 παρὰ.
512 620 567 647 τῶν
581 620 698 656 ἐχθρῶν,
722 621 814 652 καθὼς
828 623 842 648 ὁ

37 667 149 701 Κύριος
166 666 206 701 τῷ
227 665 326 701 Παύλῳ
342 665 427 701 φησίν
438 674 444 681 ·
463 675 473 692 ι
495 666 529 692 Ἦ
545 666 601 702 γὰρ
614 666 730 701 δύναμίς
746 674 797 702 μου
812 667 842 694 ὲν

38 712 175 747 ἀσθενείᾳ
191 711 353 739 τελειοῦται.
365 721 375 738 ι
387 711 489 738 Σκόπει
500 709 547 738 οὖν
557 711 594 743 ὡς
610 712 727 739 ἐνταῦθα
743 712 841 748 ίσχνῶς

38 758 135 785 πάντα
152 758 272 793 ἐδήλωσε
287 766 295 774 ι
313 757 343 784 τδ
368 758 434 794 περὶ
459 757 508 793 τὴν
523 759 564 789 εἰς
578 758 660 786 αὐτὸν
679 759 769 786 πίστιν
787 759 842 785 τῶν

40 804 180 840 μαθητῶν
200 804 248 831 καὶ
267 803 298 830 τὸ
320 803 376 830 τῶν
391 804 533 838 γυναικῶν
551 804 669 838 ἀπαγὲς,
686 804 733 831 τοῦ
751 804 842 836 Λαζά-

41 859 92 885 pou
111 849 164 885 τὴν
183 850 272 882 νόσον,
290 849 340 886 τὴν
357 849 412 877 τῶν
436 850 575 877 Ἰουδαίων
596 849 756 886 ἐπιϐουλὴν,
773 850 791 877 ἃ
806 850 838 886 δὴ

42 896 136 923 πάντα
154 898 286 930 γεγόνασι
298 897 366 931 πρὸς
383 896 462 928 δόξαν
478 896 571 922 αὑτοῦ.
588 896 622 922 Οῖ
636 905 666 922 τε
677 896 733 931 γὰρ
750 896 839 932 μαθη-

39 942 88 970 ταὶ
112 942 162 968 καὶ
181 942 229 969 τοῦ
250 941 379 977 Λαζάρου
396 943 426 968 αἱ
453 941 582 976 σύγγονοι
597 941 667 978 πρὸς
683 942 733 976 τὴν
749 942 840 969 πίστιν

39 987 264 1022 ἐϐεϐαιώθησαν,
277 988 325 1014 καὶ
340 988 354 1014 ὁ
365 986 455 1014 θανὼν
471 986 582 1020 ἀνεϐίω,
595 987 643 1014 καὶ
654 987 684 1014 τὸ
699 987 742 1014 διὰ
760 995 840 1014 σταυ-

41 1033 93 1069 ροῦ
124 1033 256 1069 ἐκυρώοη
278 1033 440 1069 μυστήριον.
464 1033 551 1065 Δόξαν
569 1033 623 1069 γὰρ
638 1033 686 1060 τοῦ
711 1033 776 1060 Υιοῦ
794 1034 840 1061 τοῦ

39 1079 193 1114 ἀνθρώπου
219 1080 341 1115 ἐδήλωσε
371 1081 421 1120 μὲν
448 1080 495 1107 καὶ
522 1081 555 1107 ὲκ
587 1080 635 1106 τοῦ
663 1081 770 1115 ἐγεῖραι
795 1082 842 1108 τὸν

40 1127 201 1162 θνήξαντα·
218 1128 249 1154 οὐ
275 1127 331 1162 γὰρ
350 1127 485 1163 τοσαύτης
506 1125 541 1162 ἢν
558 1127 637 1161 δόξης
658 1127 688 1154 τὸ
710 1127 842 1156 νοσοῦντα

40 1173 144 1200 τοῦτον
160 1172 301 1204 ἰάσασθαι,
318 1173 381 1200 ὅσον
400 1173 555 1208 ἀναστῆσαι
569 1172 707 1200 τεθνεῶτα
723 1175 842 1210 τετραή-

41 1227 143 1254 μερον.
160 1219 308 1250 Mummii);
323 1218 351 1245 δὲ
372 1219 422 1253 τὴν
433 1220 480 1246 τοῦ
496 1221 612 1255 σταυροῦ
632 1221 763 1255 ἐσήμηνε,
777 1221 843 1256 περὶ

38 1262 75 1300 ἧς
96 1265 178 1299 ἔλεγε
193 1273 201 1280 ·
224 1274 234 1290 ι
251 1265 309 1291 Νῦν
333 1265 466 1298 ἐδοξάσθη
479 1267 493 1292 ὸ
507 1266 570 1298 Υἱὸς
593 1267 640 1294 τοῦ
657 1267 811 1302 ἀνθρώπου.
830 1276 840 1293 ›

39 1311 190 1346 Πρόφασις
206 1311 261 1346 γὰρ
280 1312 337 1342 τοῖς
360 1311 500 1343 Ἰουδαίοις
525 1313 574 1346 τῆς
599 1313 723 1348 μείζονος
743 1313 843 1347 λύττης

40 1358 92 1384 καὶ
107 1357 181 1384 κατὰ
196 1357 244 1384 τοῦ
267 1357 394 1392 Σωτῆρος
412 1357 561 1393 ἐπιϐουλῆς
583 1359 615 1385 τὸ
640 1359 733 1394 θαῦμα
748 1359 843 1394 γέγονε

40 1404 74 1430 τὸ
90 1403 166 1430 κατὰ
182 1404 229 1430 τὸν
245 1403 384 1438 Λάζαρον.
408 1403 453 1434 Ὠς
474 1403 502 1429 δὲ
525 1403 582 1437 ἐγὼ
602 1401 690 1438 οἶμαι,
708 1405 773 1439 περὶ
793 1405 844 1440 τῆς

39 1449 227 1485 ἀνθρωπίνης
248 1449 358 1484 φύσεως
382 1449 469 1476 ταῦτα
486 1449 572 1477 λαλεῖ.
594 1449 628 1476 Ἢ
649 1450 703 1484 γὰρ
724 1451 845 1486 ἐπισυμ-

40 1494 120 1521 ϐςίσα
134 1494 180 1520 διὰ
204 1494 254 1529 τῆς
271 1495 416 1529 παρακοῆς
433 1495 515 1521 παντὶ
540 1494 579 1530 τῷ
600 1495 674 1529 γένει
700 1495 842 1527 ἀσθένεια,

39 1540 95 1575 τὴν
120 1539 202 1572 δόξαν
226 1540 278 1574 τῆς
302 1539 350 1566 τοῦ
373 1539 442 1566 Θεοῦ
468 1539 635 1575 σαρκώσεως
657 1541 823 1576 προεξένησε
837 1550 844 1556 ·
859 1549 880 1578 c

39 1585 114 1618 δόξα
131 1586 187 1621 γὰρ
204 1585 243 1620 τῷ
260 1585 318 1612 ὄντι
335 1584 411 1620 αὑτῷ
425 1586 442 1620 ἡ
457 1585 576 1620 τοσαύτη
594 1585 690 1620 γέγονε
704 1587 831 1621 συγκατά

41 1630 144 1662 ϐασις.

85 1730 96 1747 ι
119 1720 231 1754 Ἡγάπα
241 1718 291 1746 δὲό
302 1717 408 1753 Ἰησοῦς
422 1717 472 1752 τὴν
487 1717 617 1752 Μάρθαν,
633 1718 682 1744 καὶ
696 1718 747 1754 τὴν
764 1719 844 1746 ἀδελ-

41 1767 102 1802 φὴν
114 1765 214 1799 αὐτῆς,
234 1765 336 1791 καὶτὸν
350 1763 486 1799 Λάζαρον.
504 1773 513 1789 ›
524 1763 554 1790 Ὀ
572 1763 621 1799 μὲν
635 1764 843 1799 εὐαγγελιστὴς,

41 1814 97 1840 at:
111 1811 247 1846 διαφορὰν
264 1810 377 1843 ἀγάπης
403 1809 450 1836 καὶ
468 1808 560 1844 φιλίας
585 1809 674 1842 εἰδὼς,
695 1810 741 1836 καὶ
751 1810 791 1836 ὅτι
806 1810 845 1844 τῷ

43 1858 102 1892 μὲν
123 1856 184 1890 Θεῷ
199 1853 243 1882 οἶα
260 1855 368 1891 τελείῳ,
383 1855 486 1890 μᾶλλον
498 1855 526 1882 δὲ
550 1855 731 1890 ὗπερτελείῳ.
745 1856 776 1882 τὸ
798 1856 846 1882 τι-

41 1904 121 1930 λειον
135 1903 262 1929 σύνεστιν
276 1903 292 1937 ὴ
307 1902 413 1936 ἀγάπη,
435 1901 507 1937 τάχα
533 1901 562 1927 δὲ
588 1901 636 1928 καὶ
660 1901 741 1932 αὐτός
770 1902 846 1928 ἐστιν

43 1951 61 1985 ὴ
79 1949 190 1983 ἀγάπη,
206 1948 244 1980 ὡς
264 1949 292 1974 ὲν
310 1949 343 1984 τῇ
359 1947 492 1983 καθολικῇ
506 1947 703 1982 διετράνωσεν,
733 1947 799 1982 ἡμῖν
817 1947 846 1974 δὲ

45 1995 162 2031 μάλιστ’
182 1995 215 2021 ἂν
229 1994 336 2028 γένοιτο
351 1994 403 2020 κᾶν
420 1993 489 2029 πρὸς
500 1993 594 2027 φιλίαν
605 1992 654 2028 τὴν
671 1993 778 2020 ἐκείνου
803 1994 847 2020 ἑλ-

44 2043 124 2069 θεῖν·
155 2041 226 2068 τοῦτ’
243 2040 319 2071 εἰδὼς
331 2060 338 2071 ,
355 2039 479 2074 ἀτρεκῶς
494 2048 594 2074 φησιν*
618 2048 627 2065 ι
648 2039 691 2071 Ὧς
710 2040 805 2074 ἠγάπα
831 2039 846 2066 ὁ

44 2087 156 2122 Ἰησοῦς
184 2086 230 2113 τὸν
256 2085 394 2118 Λάζαρον,
410 2085 457 2111 καὶ
471 2085 521 2115 τὰς
547 2085 697 2118 αυγγόνους
714 2083 797 2111 αὑτοῦ
811 2092 817 2100 ·
833 2093 842 2110 ι

45 2133 156 2168 Μάρθα
173 2133 201 2159 δὲ
217 2133 263 2158 καὶ
275 2131 381 2166 Μαρια,
398 2131 436 2162 ὡς
449 2130 556 2162 ἀτελεῖς
566 2130 608 2156 ἔτι
640 2130 844 2166 τυγχάνουσαι·

49 2190 60 2206 ι
76 2180 144 2210 Ἴδε,
162 2179 192 2205 ὃν
208 2177 307 2213 φιλεῖς,
321 2177 441 2204 ἀσθενεῖ.
459 2185 468 2202 ι
487 2176 525 2203 Οὐ
542 2177 596 2212 γὰρ
614 2176 725 2211 ᾔδεισαν
736 2176 847 2211 ἀγάπης

894 253 974 280 vitam
991 257 1100 280 mortuo
1117 258 1297 282 consecutura
1314 260 1384 282 erat.
1402 255 1494 290 Neque
1512 256 1582 283 enim
1608 261 1684 284 tanto

891 297 989 326 fuisset
1018 299 1150 327 miraculo
1180 300 1255 328 illum
1285 301 1411 328 aﬂectum
1444 301 1538 328 morbo
1565 309 1683 334 sanare.

891 349 994 378 quanto
1007 344 1058 372 fuit
1072 345 1105 372 ad
1120 346 1202 373 vitam
1217 352 1352 373 mortuum
1369 346 1522 374 restituere.
1543 346 1595 374 Sed
1610 348 1684 375 enim

892 390 1037 418 inﬁrmitas
1053 391 1186 418 trifariam
1206 393 1349 426 accipitur.
1362 392 1489 420 inﬁrmus
1500 394 1572 420 enim
1585 393 1686 421 dicitur

892 437 1059 470 inconstans,
1084 441 1111 464 et
1133 438 1209 472 quasi
1233 438 1352 465 titubans
1366 439 1393 465 in
1410 438 1472 471 ﬁde,
1488 439 1521 465 de
1544 447 1598 472 quo
1619 439 1686 466 dicit

892 482 1059 517 Apostolus:
1076 492 1085 509 ι
1100 483 1239 510 lnﬁrmum
1252 484 1277 510 in
1291 483 1342 511 ﬁde
1354 485 1484 512 assumite
1492 485 1524 511 ³¹.
1540 494 1550 510 ›
1563 484 1685 511 Inﬁrmi-

892 533 934 556 tas
951 529 1033 556 etiam
1051 530 1174 563 corporis
1192 529 1314 556 morbum
1331 529 1478 564 signiﬁcat.
1495 537 1524 558 ut
1537 531 1588 558 hoc
1604 531 1684 558 loco:

895 584 903 601 ι
925 574 1005 607 Ecce,
1022 583 1102 610 quem
1119 583 1205 606 amas,
1224 575 1394 609 inﬁrmatur;
1413 586 1422 602 ι
1440 577 1473 604 ad
1489 577 1547 604 haec
1579 577 1686 606 insidia)

891 620 1136 655 insectationesque
1162 621 1239 656 161
1269 623 1303 648 ab
1331 623 1494 650 adversariis
1521 624 1546 650 in
1576 629 1687 652 sanctos

891 668 1016 695 excitatae
1031 669 1201 702 appellantur
1223 669 1409 701 inﬁrmitates,
1435 677 1488 704 qua
1509 671 1614 697 ratione
1632 671 1687 698 Do-

892 713 982 741 minus
1002 713 1083 741 Paulo
1101 714 1169 741 dixit
1184 723 1191 742 :
1212 724 1220 741 ι
1238 714 1332 742 Virtus
1357 715 1383 741 in
1401 713 1557 742 inﬁrmitate
1579 716 1687 750 perﬁci~

893 764 937 786 tur
954 760 987 786 ".
1007 769 1016 786 ι
1044 761 1162 787 Advorte
1187 760 1279 795 igitur,
1306 765 1337 788 ut
1361 761 1420 788 hinc
1443 762 1532 789 omnia
1559 761 1610 789 hoc
1627 762 1687 790 loco

893 811 988 839 argute
1021 806 1259 841 coinprehenderit
1281 816 1288 834 :
1309 807 1470 834 Imbecillum
1498 808 1571 835 circa
1598 808 1686 843 ipsum

892 850 1086 885 discipulorum
1119 857 1145 879 et
1165 852 1308 880 mulierum
1327 853 1419 885 ﬁdem,
1435 852 1531 880 Lazari
1550 854 1686 888 morbum,

893 896 1007 924 insidias
1020 896 1174 924 Judmorum
1187 906 1194 930 ;
1213 906 1272 932 qua:
1285 906 1350 926 sane
1365 900 1456 926 omnia
1470 900 1498 926 in
1513 899 1558 927 Dei
1572 900 1686 934 gloriam

891 948 1048 971 evaserunt.
1069 943 1136 970 Nam
1160 948 1188 971 et
1203 944 1342 979 discipuli,
1367 949 1394 971 et
1411 945 1508 972 Lazari
1527 953 1634 972 sorores
1659 945 1687 972 in

893 988 944 1016 ﬁde
959 988 1111 1016 conﬁrmati
1130 994 1205 1021 sunt.
1223 994 1250 1016 et
1273 994 1398 1018 mortuus
1421 985 1528 1023 revixit,
1545 995 1574 1017 et
1598 990 1688 1018 crucis

892 1033 1052 1069 mysterium
1067 1034 1265 1068 promulgatum
1281 1039 1333 1062 est.
1346 1034 1465 1061 Gloriam
1477 1036 1550 1062 enim
1565 1034 1623 1062 Filii
1639 1035 1689 1062 ho-

893 1079 974 1106 minis
983 1079 1165 1114 redintegrata
1176 1080 1273 1107 mortui
1288 1080 1342 1107 vita
1353 1080 1551 1108 demonstravit
1559 1081 1686 1115 quidem;

893 1132 982 1158 neque
1007 1125 1079 1152 enim
1104 1129 1186 1151 tantm
1210 1125 1303 1159 gloria!
1328 1124 1425 1152 fuisset
1451 1126 1546 1152 morbo
1561 1125 1689 1152 aﬂlictum

892 1168 969 1196 illum
985 1176 1092 1202 curare,
1110 1174 1216 1203 quantm
1231 1169 1280 1196 fuit
1293 1169 1349 1204 jam
1367 1170 1518 1204 depositum
1543 1175 1570 1198 et
1584 1171 1691 1205 quatri-

893 1215 1013 1242 duauum
1031 1215 1183 1247 suscitare;
1201 1222 1294 1242 verum
1310 1215 1382 1242 enim
1408 1216 1520 1251 mystice
1535 1217 1616 1243 etiam
1632 1217 1690 1252 glo-

894 1261 962 1287 riam
977 1269 1037 1288 eam
1062 1261 1187 1296 signavit,
1203 1269 1284 1295 quam
1303 1262 1406 1296 peperit
1420 1262 1470 1288 sibi
1495 1269 1544 1296 per
1568 1270 1688 1296 crucem,

895 1307 928 1334 de
943 1315 995 1340 qua
1017 1306 1085 1334 dixit
1103 1316 1108 1334 :
1128 1315 1138 1332 ι
1159 1307 1238 1334 Nunc
1256 1307 1420 1334 ciarilicatus
1434 1311 1476 1334 est
1492 1306 1576 1335 Filius
1599 1308 1689 1335 homi-

895 1353 938 1381 nis
956 1353 1025 1380 ³³·³⁸.
1046 1363 1056 1379 ι
1076 1353 1132 1381 Hoc
1149 1354 1222 1380 enim
1249 1354 1274 1381 in
1293 1353 1397 1380 Lazaro
1412 1353 1572 1381 miraculum
1588 1355 1690 1381 editum

894 1398 994 1426 Jurltl‘is
1007 1399 1114 1426 occasio
1132 1399 1191 1431 fuit,
1206 1403 1236 1426 ut
1256 1399 1351 1434 majori
1365 1398 1469 1426 clieratl
1487 1398 1562 1427 rabie
1578 1400 1691 1428 insidias

896 1445 1029 1471 Salvatori
1055 1445 1224 1472 molirentur.
1245 1443 1297 1471 Sed
1324 1449 1428 1482 ut-ego
1455 1444 1536 1471 etiam
1560 1444 1690 1475 arbitror.

897 1495 999 1516 natura:
1017 1490 1143 1517 humanae
1159 1490 1216 1516 hiec
1230 1489 1310 1516 verba
1335 1489 1518 1522 conveniunt;
1544 1498 1608 1516 nam
1631 1497 1693 1524 quas

898 1537 1055 1562 universum
1081 1536 1221 1563 hominum
1241 1543 1328 1570 genus
1343 1543 1393 1570 per
1414 1536 1625 1564 inobedientiam
1650 1538 1693 1564 in-

898 1586 967 1608 ι·;ιειι
984 1582 1138 1614 inﬁrmitas,
1159 1590 1241 1609 causa
1269 1582 1318 1609 fuit
1341 1582 1433 1617 gloria:
1452 1581 1486 1609 ab
1503 1581 1693 1610 incarnatione

897 1628 943 1655 Dei
968 1627 1112 1663 profectae;
1130 1628 1243 1663 gloriam
1268 1629 1340 1655 enim
1359 1635 1454 1656 revera
1479 1629 1531 1664 ipsi
1546 1629 1692 1657 dCSl‘ellSlll

896 1674 941 1701 ille
956 1681 987 1700 ac
1008 1677 1083 1700 tanta
1100 1674 1229 1701 demissio
1241 1674 1408 1701 conciliavit.

934 1730 944 1746 ι
974 1720 1106 1755 Diligebat
1125 1726 1215 1747 autem
1237 1719 1317 1747 Jrsus
1340 1720 1489 1753 Martham,
1514 1725 1542 1748 et
1570 1727 1693 1748 soromn

896 1765 964 1801 ejus,
981 1770 1009 1793 et
1025 1765 1171 1793 Lazarum.
1195 1775 1204 1791 ι
1223 1765 1294 1792 Sane
1317 1765 1483 1800 evangelista
1508 1774 1569 1793 cum
1591 1770 1692 1799 nosset,

896 1811 960 1846 quid
990 1811 1061 1839 inter
1084 1811 1213 1847 ἀγάπην,
1240 1811 1266 1838 id
1293 1816 1352 1845 est,
1381 1811 1555 1839 dilectionem
1580 1811 1637 1846 (80)
1665 1816 1694 1839 et

897 1857 1002 1891 φιλίαν,
1020 1857 1070 1884 hoc
1082 1861 1134 1889 est,
1147 1865 1267 1885 amorem
1285 1858 1439 1890 interesset.
1452 1858 1579 1892 quodque
1595 1858 1620 1885 in
1639 1859 1693 1885 Deo

897 1908 992 1937 utpote
1013 1902 1145 1936 perfecto,
1160 1910 1208 1931 seu
1224 1904 1313 1938 potius
1328 1911 1409 1938 supra
1421 1911 1529 1931 omnem
1547 1904 1693 1938 perfectio-

898 1955 959 1975 nem
990 1947 1046 1983 (81)
1076 1948 1219 1975 exsistcnti
1249 1948 1380 1983 perfectio
1409 1949 1549 1976 charitatis
1578 1948 1692 1981 habitat,

897 1993 952 2020 imo
975 1993 1033 2026 ipse
1049 1993 1169 2020 churitas
1188 1998 1239 2025 est,
1260 1997 1288 2020 ut
1311 1994 1337 2019 in
1355 1993 1473 2027 Epistola
1491 1993 1623 2020 catholica
1647 1993 1690 2020 di-

897 2042 970 2065 serte
1003 2037 1088 2071 dixit,
1120 2037 1198 2065 nobis
1230 2045 1294 2064 vero
1325 2037 1371 2065 vix
1399 2037 1513 2073 contigit
1541 2038 1575 2065 ad
1609 2038 1694 2072 ipsius

897 2091 1018 2112 amorem
1045 2084 1204 2119 pervenire;
1221 2084 1283 2115 hoc,
1304 2084 1425 2118 inquam.
1441 2092 1502 2111 cum
1524 2090 1693 2119 comperlum

898 2129 1010 2158 haberet
1026 2129 1191 2165 evangelista
1207 2139 1215 2158 :
1233 2139 1242 2156 ‹
1263 2129 1407 2164 Diligebat,
1424 2131 1521 2165 inquit,
1538 2129 1620 2158 Jesus
1642 2130 1695 2157 La-

898 2184 1002 2208 zarum,
1021 2180 1049 2203 et
1076 2183 1184 2203 sorores
1208 2175 1277 2209 ejus.
1297 2184 1308 2202 ι
1337 2175 1443 2202 Martha
1466 2183 1530 2203 vero
1546 2181 1574 2203 et
1599 2176 1694 2209 Maria,

45 2227 97 2252 καὶ
114 2224 206 2260 φιλίας
220 2223 362 2258 διαφοράν.
375 2222 453 2249 Οὕτω
465 2222 512 2249 καὶ
528 2222 651 2249 Ἰουδαῖοι
667 2221 842 2258 δακρύσαντα

934 2227 992 2256 pote
1014 2222 1103 2249 adhuc
1121 2221 1297 2256 imperfecta,
1315 2231 1324 2247 ι
1343 2221 1426 2254 Ecce,
1437 2228 1518 2256 quem
1542 2229 1627 2254 amas,
1654 2222 1696 2248 in-

45 2269 215 2301 τεθεακότες
240 2269 286 2296 τδν
309 2268 426 2296 Κύριον·
444 2277 454 2294 ι
469 2267 533 2301 Ἴδε,
557 2265 647 2301 εἷπον,
675 2267 732 2300 πῶς
759 2267 847 2303 ἐφίλει

47 2317 148 2345 αὐτόν.
168 2326 179 2344 ›

901 2267 1008 2302 quiunt,
1023 2268 1204 2295 inﬁrmatur.)
1214 2267 1309 2303 Neque
1323 2268 1395 2295 enim
1411 2268 1476 2303 quid
1491 2268 1561 2296 inter
1574 2275 1694 2295 amorem

901 2313 1127 2349 dilectionemque
1144 2314 1271 2347 distaret,
1291 2313 1489 2349 intelligebant.
1511 2313 1557 2341 Sic
1570 2318 1597 2340 et
1610 2311 1696 2341 Judaei

901 2366 962 2386 eum
976 2359 1169 2395 lacrymantem
1184 2360 1330 2388 Dominum
1344 2360 1478 2394 viderent,
1498 2358 1593 2392 «Ecca,
1609 2359 1694 2393 aiunt,

901 2405 1038 2440 quomodo
1053 2405 1163 2434 amabat
1177 2414 1251 2435 eum.
1275 2415 1285 2432 ι

89 2466 111 2483 ¹¹
131 2466 212 2494 Rom.
229 2472 286 2498 xlv,
308 2464 336 2492 ι.
371 2464 394 2482 ³·
410 2463 420 2490 l
435 2462 500 2491 Cor.
516 2470 566 2495 xu,
585 2461 613 2490 9.
652 2461 716 2483 ³⁸-³⁸
734 2461 812 2489 Joau.
830 2469 845 2488 x

666 2509 827 2541 Frant-isci
849 2510 955 2542 Scorsi
974 2514 1069 2542 nota).

91 2563 147 2600 (80)
163 2562 232 2596 Quid
256 2564 324 2590 inter
340 2561 475 2600 νὰχάπην,
493 2561 520 2587 id
532 2564 575 2600 est
592 2559 767 2600 dilectionem,
795 2563 848 2600 etc.

52 2595 205 2627 Discrimen
233 2599 303 2625 inter
333 2595 593 2634 oydmv_et_tptktav
611 2595 685 2634 ponit
699 2595 740 2620 hic
754 2599 849 2634 auctor

52 2643 109 2661 non
123 2634 266 2660 haesolnm
277 2629 398 2665 humilia,
410 2629 457 2659 sed
473 2631 533 2657 aliis
546 2629 848 2663 nonnullis,praesertim

52 2677 120 2696 vero
147 2669 193 2700 58,
224 2675 283 2702 qua:
311 2672 352 2694 est
380 2668 417 2693 De
438 2666 789 2702 Resurreclionepoureiua
803 2665 847 2690 ubi

53 2706 171 2738 ipsemet
187 2699 220 2729 de
233 2699 277 2729 his
288 2703 399 2729 vocibus
426 2703 558 2734 disputat,
578 2701 702 2738 adquam
720 2699 847 2738 im‘tot'cm

52 2734 203 2772 rejicimus.
219 2738 250 2764 Et
274 2746 294 2764 Si
309 2737 373 2772 quid
394 2742 553 2772 praetereat:
579 2735 656 2761 nobis
667 2734 850 2772 adnotandum

51 2770 92 2800 est
112 2774 138 2799 in
156 2779 227 2798 nauis
238 2773 269 2798 ad
296 2770 416 2798 catinium
442 2770 592 2801 humiliam,
624 2777 655 2796 co
670 2770 851 2795 comunnliore

52 2809 115 2834 Iom
134 2816 220 2838 regeri
227 2818 239 2830 ιι
253 2814 293 2833 us.

90 2843 148 2876 (8|)
172 2842 260 2874 Supra
288 2849 388 2867 annnam
413 2841 608 2874 perfectionem.
622 2839 758 2876 Cretatam,
775 2846 849 2876 qua:-

54 2873 105 2912 que
121 2873 274 2911 excogitari
292 2880 317 2903 ut
335 2876 448 2910 intelligi
475 2876 501 2903 in
522 2877 601 2904 rebus
619 2875 705 2910 possit
727 2873 847 2902 creatis:

902 2559 1042 2596 familiaris
1056 2560 1168 2596 locutio
1181 2560 1284 2588 Graecis
1305 2561 1430 2588 Patribus
1444 2568 1497 2596 qua
1513 2561 1596 2588 Deum
1609 2561 1695 2596 ὕπερ-

902 2571 1042 2587 larunt-arts
1069 2571 1168 2588 lot‘lllio
1181 2571 1284 2588 UFECIS
1305 2571 1430 2588 I’all‘lDllS
1444 2571 1497 2596 qua
1514 2571 1596 2588 Deum
1609 2571 1661 2588 υπε
1682 2577 1695 2583 -

901 2594 1010 2630 otium,
1049 2595 1224 2630 ὑπερ-τέλειον
1266 2601 1372 2628 vocent,
1397 2603 1429 2623 ar.
1454 2597 1604 2629 praesertim
1643 2571 1695 2624 εξ.

902 2629 1029 2666 ροιιγ-ίρ
1065 2635 1091 2657 et
1121 2630 1296 2666 Damasceno.
1322 2630 1391 2658 Vide
1413 2638 1475 2666 qua:
1509 2632 1696 2666 adnotavimus

902 2664 975 2690 hom.
1012 2665 1028 2691 5
1059 2669 1120 2692 nota
1143 2665 1186 2691 50.
1222 2664 1340 2701 Joannes
1366 2664 1566 2701 Cyparissiolus
1593 2665 1697 2693 S.Tri-

901 2706 917 2725 ιι
933 2705 1014 2725 tatem
1032 2708 1083 2725 uou
1102 2701 1180 2726 modo
1201 2700 1375 2735 ὺπερούσιον.
1390 2700 1450 2727 εει]
1465 2702 1545 2727 etiam
1562 2701 1696 2735 ὑπέρθεον

899 2734 1054 2767 appellavit,
1078 2735 1205 2761 nimirum
1236 2734 1316 2768 supra
1346 2743 1453 2762 omnem
1478 2734 1645 2762 diviuilateiu
1661 2737 1696 2764 ab

901 2769 1055 2795 luminibus
1082 2770 1280 2803 partieipatam,
1322 2776 1351 2796 ut
1377 2769 1476 2801 Exod,
1504 2769 1640 2797 Constitui
1671 2777 1696 2798 te

899 2805 976 2829 deant
994 2803 1161 2839 Pharaonis;
1182 2808 1209 2831 et
1230 2805 1286 2839 Ego
1295 2803 1360 2836 dixi,
1381 2805 1424 2831 Dii
1438 2806 1510 2832 estis.
1525 2806 1600 2838 Quod
1615 2811 1697 2833 etiam

900 2839 1086 2901 :ptsatlri’i-auc.
1104 2838 1256 2867 'i'urriauus
1275 2840 1299 2866 in
1317 2840 1428 2868 scholiis
1445 2841 1478 2869 ad
1503 2841 1591 2876 ipsum
1605 2839 1695 2876 Cypa-

925 2881 937 2901 s
955 2893 961 2900 .
988 2881 996 2900 ι
1017 2893 1024 2901 .
1041 2881 1061 2901 ι.

899 2879 961 2901 MSS.
979 2879 1024 2901 Ιιυ.
1041 2881 1061 2902 Ι.
