1883 3053
211 154 268 189 519
799 153 1047 185 THEOPIIANIS

253 221 264 238 ‹
281 211 315 240 Ut
325 217 390 246 ergo
402 210 515 244 audivit,
527 209 591 245 quia
605 208 805 241 inﬁrmabatur,
818 213 882 236 tunc
895 209 1002 243 quidem
1019 212 1042 240 Α

212 259 312 284 mansit
330 257 356 284 in
374 257 469 284 eodem
493 257 553 284 loco
575 255 680 284 duobus
703 255 808 288 diebus,
826 254 922 282 deinde
944 258 1005 289 post

213 303 272 330 haec
287 302 350 329 dicit
362 301 501 336 discipulis
513 301 570 329 suis
586 310 593 328 :
608 301 708 328 Eamus
722 300 748 327 in
758 299 879 327 Iudaeam
893 300 1003 327 iterum.

213 348 312 375 Dicunt
338 347 363 375 ei
389 347 512 382 discipuli
536 355 544 374 :
565 346 669 379 Rabhi,
699 353 772 373 nunc
798 344 954 380 quaerebant.
980 349 1005 372 te

212 394 297 422 Judaei
324 393 454 429 lapidare,
478 398 505 420 et
529 393 627 421 iterum
644 392 719 420 vadis
736 391 817 419 illuc?
841 400 850 417 ι
868 391 941 418 Duos
957 397 1005 418 ex-

213 444 320 476 spectnt
337 440 394 467 dies
414 444 443 466 ut
461 443 622 478 potestatem
639 443 743 466 naturae
765 437 847 465 faciat
859 437 1005 465 exercendi

211 486 267 514 vim
286 486 364 521 162
379 492 473 518 suam;
492 489 520 512 ut
538 485 654 519 scilicet,
670 489 811 520 postquam
826 491 901 512 mors
921 483 1005 511 auda-

211 535 271 558 cter
287 531 424 558 dominata
448 530 554 563 fuisset,
571 530 657 564 majus
680 529 870 557 ostenderetur
885 529 1005 556 miracu-

214 577 269 604 lum
297 582 324 604 et
351 577 436 612 magis
461 577 641 612 inopinatum.
669 575 697 603 Si
713 575 785 603 enim
805 583 821 603 e
843 575 956 610 vestigio
978 575 1005 602 in

211 623 372 650 Bethaniam
400 622 538 657 profectus
561 627 644 654 esset,
678 629 730 649 non
757 626 817 649 erat
841 621 1005 649 conveniens

212 668 345 696 Lazarum
362 669 450 701 mori;
467 676 520 696 non
537 669 608 696 enim
626 668 682 695 ﬁeri
709 673 808 702 potest,
823 671 853 695 ut
870 675 942 694 mors
956 675 1007 702 po-

214 718 274 741 tens
298 718 437 748 appareat,
463 714 518 740 vita
541 717 687 748 praesente.
713 712 841 747 Discipuli
865 712 957 747 igitur,
975 715 1006 739 ut

214 760 384 786 audierunt:
412 767 422 785 ι
444 759 542 786 Eamus
566 759 592 786 in
612 758 743 792 Judaeum,
764 767 774 784 ι
796 763 823 785 et
841 761 1005 791 metuentes,

210 812 249 833 ne
271 803 371 832 Judzeis
387 804 518 832 Dominus
541 803 643 831 furoris
657 809 728 831 esset
741 804 860 837 occasio,
877 810 930 830 non
947 803 1006 830 ausi

213 851 323 886 quidem
341 855 403 878 sunt
416 851 622 881 contradicere,
639 849 687 877 sed
703 857 752 884 per
775 849 891 884 speciem
910 849 1005 876 admo-

215 897 297 925 nendi
312 905 327 924 ο
343 897 476 924 sententia
493 896 568 923 illum
583 895 719 923 deducere
742 895 833 924 conati
850 899 932 928 sunt;
947 899 1009 929 apte
1023 892 1045 919 Β

214 943 343 970 nimirum
371 943 404 970 ad
430 941 647 976 persuadendum
672 941 764 969 dicere
788 940 1005 976 aggrediuntur:

215 997 228 1015 4
250 988 390 1023 Magister,
407 995 480 1015 nunc
503 987 661 1022 quaerebant
685 990 711 1014 te
725 985 811 1014 ,ιιιᾱωὶ
836 985 967 1020 lapidare.
981 988 1008 1013 et

216 1035 315 1062 iterum
333 1033 407 1061 vadis
419 1032 500 1061 illuc?
513 1042 522 1059 ν
541 1032 611 1066 Quid
627 1031 710 1067 igitur
727 1031 869 1059 Salvator?
882 1030 935 1058 Per
947 1037 1008 1058 son-

213 1079 304 1109 sibilia
325 1080 422 1107 iterum
437 1083 555 1106 mentem
583 1085 677 1106 eorum
698 1077 779 1113 erigit
798 1078 831 1106 ad
848 1076 955 1111 altiora,
980 1080 1009 1105 et

210 1128 254 1155 ait
270 1126 322 1154 illis
337 1134 346 1153 :

254 1180 264 1198 ι
276 1171 370 1199 Nonne
383 1170 525 1199 duodecim
541 1173 604 1198 sunt
617 1169 691 1198 hora:
704 1169 779 1198 diei?
794 1168 823 1197 Si
838 1169 900 1204 quis
914 1169 1009 1197 ambu-

212 1218 313 1245 laverit
324 1217 351 1245 iu
364 1217 419 1249 die,
433 1224 487 1243 non
501 1215 624 1250 oll‘endit,
638 1215 702 1251 quia
717 1215 804 1244 lucem
819 1215 901 1251 hujtts
915 1215 1007 1244 mundi

214 1263 290 1290 videt
304 1271 311 1289 :
326 1263 347 1290 si
362 1267 452 1290 autem
467 1262 647 1289 ambulaverit
661 1261 688 1289 in
705 1266 794 1294 nocte,
809 1256 932 1294 oll‘endit,
944 1262 1008 1297 quia

211 1308 261 1336 lux
284 1309 311 1336 in
329 1316 361 1336 eo
377 1316 430 1335 non
453 1312 505 1335 est.
526 1316 536 1333 ι
553 1307 657 1340 Quibus
677 1307 768 1335 verbis
785 1307 836 1335 hoc
850 1306 1007 1342 signiﬁcat:

216 1353 274 1383 Vos
288 1354 396 1389 quidem
414 1353 607 1387 exhorruistis,
617 1352 804 1381 existimantes
819 1360 862 1380 me
877 1360 892 1380 a
907 1352 1008 1381 Judaeis

218 1400 353 1436 lapidibus
368 1399 552 1435 impetcudum
567 1407 575 1426 :
590 1399 638 1427 sed
659 1399 737 1434 longe
751 1406 767 1426 a
786 1399 927 1427 verisimili
942 1406 1010 1427 con-

214 1446 321 1481 jcclura
338 1445 481 1473 aberratis.
508 1444 536 1472 Si
558 1445 630 1472 enim
645 1445 691 1480 qui
711 1445 744 1472 de
759 1445 804 1473 die
819 1445 847 1472 in
870 1445 954 1474 horas
968 1446 1010 1474 di-

218 1499 313 1520 menso
325 1491 467 1519 duodecim
494 1490 625 1524 ambulat,
642 1495 716 1518 recta
729 1492 826 1526 pergit,
841 1495 868 1518 et
883 1491 942 1519 sine
956 1492 1009 1519 ulla

216 1538 376 1570 nﬂ‘ensione,
402 1541 513 1571 tutoque
537 1536 648 1564 coniicit
665 1537 734 1570 iter,
752 1537 888 1572 quomodo
910 1545 958 1566 vos
975 1538 1010 1565 de
1027 1569 1046 1582 η

217 1592 272 1617 me,
286 1584 332 1619 qui
351 1583 395 1611 lux
413 1583 507 1610 mundi
532 1590 602 1616 sum,
618 1583 829 1618 pertimescitis?
846 1583 874 1611 Si
892 1584 938 1611 lux
954 1584 1011 1612 haec
1029 1589 1046 1601 ·¹

217 1629 340 1664 subjecta
359 1629 450 1665 sensui
467 1629 552 1664 ipsam
568 1629 705 1657 intuentes
720 1633 830 1664 praestat
842 1629 1008 1662 incolumes,

219 1676 306 1710 magis
322 1682 386 1703 vera
404 1683 436 1702 ac
452 1675 542 1702 divina
570 1674 616 1702 lux
635 1675 688 1702 ictu
705 1675 825 1710 lapidum
843 1676 932 1710 potior
947 1676 1008 1704 erit.

215 1723 306 1756 Atque
318 1722 362 1749 hic
375 1728 440 1749 sane
453 1725 494 1748 est
506 1721 570 1748 dicti
583 1720 663 1756 hujus
678 1727 775 1749 sensus
789 1723 909 1750 exterior
922 1732 930 1750 :
945 1730 1010 1751 con-

217 1768 295 1796 venit
309 1773 400 1795 autem
418 1775 466 1795 nos
483 1767 652 1795 reconditum
671 1767 772 1802 aliquid
793 1767 907 1796 interius
922 1769 1009 1797 intro-

217 1816 333 1851 spicere.
348 1815 424 1848 Quod
437 1815 509 1842 enim
536 1813 696 1850 profundius
711 1814 838 1849 quiddam
853 1815 911 1843 haec
921 1816 1009 1844 oratio

215 1863 347 1895 involvat,
360 1862 480 1889 ostendit
494 1868 538 1888 res
554 1861 613 1896 ipsa
628 1861 800 1888 dissentanea
816 1861 926 1889 rationi.
941 1861 1008 1889 Nam

217 1916 304 1943 neque
317 1908 362 1943 qui
377 1912 458 1934 noctu
473 1906 602 1939 ambulat,
619 1907 773 1934 necessario
785 1906 907 1941 oll‘endit,
921 1915 1008 1943 neque

217 1955 342 1991 quisquis
369 1953 496 1986 interdiu,
510 1953 544 1980 ab
569 1952 732 1980 oﬂ'endiculo
755 1957 829 1980 tutus
853 1957 904 1990 est.
930 1953 1008 1981 Nunc

216 2002 345 2036 quoniam
367 2000 418 2027 diei
437 1999 576 2027 distribuit
600 2000 692 2031 horas,
709 1999 795 2026 noctis
814 2004 903 2026 autem
929 2007 1007 2026 men-

215 2048 315 2074 tionem
325 2047 437 2078 faciens,
449 2045 549 2073 nullum
562 2045 595 2072 de
605 2045 679 2072 horis
688 2044 790 2080 profert
802 2046 924 2077 verbum,
935 2045 1007 2080 quod

215 2096 275 2120 erat
283 2091 402 2118 futurum
410 2098 442 2118 eo
452 2097 578 2118 sermone
584 2089 764 2118 adumbravit.
773 2089 812 2124 Ac
821 2090 890 2118 diem
896 2090 1006 2125 quidem

215 2144 244 2166 et
265 2139 352 2165 lut‘cm
377 2137 495 2172 seipsum
520 2136 680 2171 appellavit;
703 2136 781 2170 juxta
802 2144 880 2172 quem
897 2145 1006 2165 sensum

215 2184 263 2211 lilii
286 2184 352 2210 lucis
380 2188 408 2210 et
425 2183 477 2210 diei
496 2186 626 2209 vocantur
640 2182 782 2210 credentes
797 2182 830 2210 ³⁸.
844 2182 876 2210 Et
891 2182 1008 2211 fortasse

216 2230 249 2258 de
265 2229 316 2257 hoc
339 2229 383 2256 die
404 2229 510 2256 locutus
532 2233 574 2255 est
588 2227 671 2255 David
686 2236 694 2256 :
713 2237 723 2254 ε
741 2227 794 2255 Per
808 2229 878 2256 diem
895 2236 948 2256 non
971 2229 1006 2256 ti-
1021 2238 1043 2266 ο

216 2275 296 2303 mehe
309 2275 348 2308 ⁸⁰;
368 2284 377 2301 ι
395 2280 421 2302 et
435 2276 467 2303 de
481 2276 532 2302 hac
545 2277 627 2303 etiam
644 2275 705 2303 luce
719 2275 790 2302 idem
805 2274 873 2302 dixit
889 2282 1004 2310 evange-

214 2321 276 2348 lista
292 2329 299 2348 :
316 2330 329 2347 ι
349 2321 405 2348 Lux
419 2321 445 2348 in
462 2322 579 2349 tenebris
603 2322 675 2349 lucet
690 2321 725 2349 “.
745 2330 755 2348 ›
772 2321 918 2349 Duodecim
939 2328 1004 2350 vero

215 2367 290 2394 horae
302 2367 452 2401 discipulos
476 2367 595 2402 signant,
618 2367 716 2402 quibus
740 2368 904 2402 praedicandi
927 2375 1004 2396 com-

215 2413 288 2440 misit
304 2412 431 2440 oﬂicium.
448 2412 498 2446 Qui
523 2413 604 2447 igitur
619 2414 645 2441 in
662 2414 713 2441 [ide
728 2414 877 2443 Salvatoris
890 2420 917 2443 et
933 2423 1003 2450 prae-

214 2458 349 2486 dicatione
364 2458 546 2493 apostolorum
565 2459 616 2486 iter
631 2460 691 2487 vitae
705 2461 847 2495 peregerit,
860 2468 911 2488 non
924 2468 1002 2489 erra-

214 2503 265 2531 bit.
280 2502 378 2531 Lucem
397 2511 477 2538 porro
498 2504 611 2539 hujusce
631 2505 709 2540 163
735 2506 826 2533 mundi
843 2506 932 2539 iidem,
950 2514 1003 2541 qua

215 2550 242 2577 in
259 2550 345 2584 ipsum
361 2551 509 2583 credimus,
521 2550 684 2585 appellavit;
696 2551 767 2586 quod
781 2551 900 2586 profecto
915 2553 941 2579 in
952 2553 1005 2580 hoc

216 2596 317 2623 mundo
331 2603 400 2630 opus
417 2604 496 2624 suum
515 2597 580 2624 lides
593 2602 734 2631 exerceat;
753 2603 859 2625 noctem
874 2606 938 2626 vero
954 2599 1004 2626 ho-

215 2650 305 2669 rarum
323 2647 462 2678 expertem
488 2643 654 2671 inlidelitatis
677 2644 832 2678 caliginem,
857 2644 882 2671 in
906 2652 958 2678 qua
982 2645 1006 2672 si

215 2689 277 2723 quis
289 2689 417 2722 ambulet,
434 2689 555 2721 oil'endit,
572 2694 598 2717 et
612 2690 717 2724 plantas
729 2691 827 2718 animae
843 2691 963 2726 infringit
978 2691 1004 2718 in

213 2735 369 2762 resistentia
393 2735 489 2770 lapidis
509 2735 646 2771 singularis
662 2735 775 2769 Christi,
790 2737 836 2772 qui
859 2737 947 2764 dictus
963 2742 1006 2765 est

215 2779 284 2814 lapis
309 2781 459 2815 οΙῙεηείοηίε
484 2781 519 2808 ⁴¹.
551 2781 613 2809 llaec
637 2787 727 2810 autem
757 2784 850 2811 dicens
876 2783 1005 2811 Dominus

1067 153 1238 185 CERAMEI
1793 159 1836 190 530

1094 218 1103 235 ι
1125 209 1172 241 Ὦς
1189 208 1237 236 οὖν
1265 209 1395 245 ἤκουσεν,
1411 211 1452 238 ὅτι
1467 211 1588 246 ἀσθενεῖ,
1600 213 1663 240 τότε
1692 213 1744 249 μὲν
1773 215 1837 250 East.

1058 263 1115 286 νεν,
1130 255 1159 281 ἐν
1170 251 1192 288 ᾧ
1214 251 1248 290 ἦν
1261 254 1348 290 τόπῳ,
1361 255 1410 283 δύο
1427 257 1535 292 ἡμέρας
1544 266 1550 272 ·
1567 258 1665 287 ἔπειτα
1674 260 1745 295 μετά
1757 260 1838 287 tofm:

1059 300 1135 334 λέγει
1150 300 1208 332 τοῖς
1226 300 1363 336 μαθηταῖς
1375 302 1460 329 αὐτοῦ
1471 311 1478 318 ·
1497 303 1629 339 ¹Αγωμεν
1653 306 1695 337 si;
1710 306 1763 341 τὴν
1784 306 1839 333 Ἰουο

1057 346 1136 374 δαίαν
1145 346 1240 375 πάλιν.
1266 347 1401 382 Λέγουσιν
1415 349 1490 381 αὐτῷ
1515 350 1539 376 οί
1562 350 1687 386 μαθηταί
1701 359 1709 368 ·
1735 352 1839 384 Ῥαθὸἳ,

1059 392 1108 419 νῦν
1116 391 1233 428 ἐζήτουν
1247 401 1278 420 σε
1291 394 1317 420 οἱ
1335 394 1459 422 Ἰουδαῖοι
1487 395 1610 428 λιθάσαι,
1627 397 1674 423 καὶ
1689 397 1773 426 πάλιν
1798 399 1842 428 ὑπ-

1059 439 1137 473 άγεις
1151 440 1227 474 ὲκεῖ;
1247 449 1257 466 ι
1275 440 1328 467 Δύο
1343 441 1452 476 ἡμέρας
1465 442 1630 477 προσμένει,
1647 443 1742 479 χώραν
1762 444 1842 477 διδοὺς
1874 454 1875 479 4

1058 484 1091 519 τῇ
1104 483 1186 518 φύσει
1198 484 1348 520 ἐνεργῆσαι
1365 485 1396 512 τδ
1411 486 1494 514 ίδιον’
1510 488 1548 519 ὡς
1562 489 1596 516 ἂν
1618 489 1663 516 ἐπ’
1679 489 1775 521 ἀδείας
1802 491 1842 517 τοῦ

1060 529 1178 558 θανάτου
1191 532 1465 567 κατακρατήσαντος,
1481 533 1576 570 δειχθῇ
1595 535 1626 562 τὸ
1640 535 1737 570 θαῦμα
1762 545 1844 571 παραη

1058 576 1209 612 δοξότερον.
1225 577 1257 604 El
1271 578 1326 613 γὰρ
1342 578 1425 611 εὐθὺς
1441 579 1483 612 είς
1501 579 1639 615 Βηθανίαν
1672 582 1843 618 ἐξώρμησεν,

1059 624 1109 650 οὐκ
1123 621 1157 660 ἦν
1169 624 1243 656 εικὸς
1262 624 1394 652 τεθνάναι
1406 625 1453 652 τὸν
1466 626 1605 663 Λάζαρον.
1623 628 1680 655 Καὶ
1694 628 1753 664 γὰρ
1778 630 1844 664 ἁμή-

1059 679 1152 706 χανον,
1162 671 1213 706 τῆς
1223 670 1298 706 ζωῆς
1313 671 1467 707 παρούσης,
1479 672 1592 709 ἐνεργον
1606 674 1726 710 ὀφθῆναι
1743 675 1791 702 τὸν
1804 675 1846 703 θά-

1059 724 1149 744 νατον.
1160 717 1192 744 Οί
1205 717 1296 744 τοίνυν
1310 717 1432 753 μαθηταὶ
1440 719 1609 752 ἀκούσαντες
1623 721 1670 748 τό·
1693 730 1703 747 ι
1719 721 1846 756 ’Δγωμεν

1059 762 1100 794 είς
1130 762 1180 798 τὴν
1202 762 1344 796 Ἰουδαίαν,
1359 764 1436 791 »καὶ
1463 765 1626 799 δεδοικότες,
1653 767 1693 803 μὴ
1721 768 1774 802 τῆς
1801 767 1846 794 τῶν

1067 807 1205 835 Ἰουδαίων
1218 808 1319 844 λύττης
1334 808 1416 844 ἔργον
1430 810 1616 844 ὀδιδάσκαλος
1625 812 1758 848 γένηται.
1768 812 1846 840 ἀντει-
1874 832 1875 849 γ

1059 855 1122 881 πεῖν
1133 853 1184 889 μὲν
1194 853 1245 882 οὐκ
1261 855 1482 893 ὲθρασύνθησαν,
1495 858 1525 884 ὲν
1542 859 1725 896 προσποιήσει
1742 859 1773 886 δὲ
1787 860 1845 886 ὑπο-

1062 900 1189 934 μνήσεως
1204 900 1335 935 ἀπεϊρξαι
1358 902 1454 930 τοῦτον
1472 902 1562 938 ὁρμῆς
1584 904 1790 940 ἐπειράθησαν,
1811 914 1847 930 πι-

1061 945 1149 978 θανῶς
1168 945 1251 982 δῆθεν
1274 948 1493 984 ὲπιχειρίσαντες
1504 956 1512 965 ’
1529 959 1538 976 ι
1554 949 1662 984 Ῥαὸὁὶ,
1674 950 1725 978 νῦν
1742 951 1847 986 ἐζήτουν

1062 999 1092 1017 σε
1107 991 1132 1018 οἱ
1150 991 1274 1019 Ἰουδαῖοι
1286 992 1410 1027 λιθάσαι,
1421 994 1469 1021 καὶ
1487 994 1570 1022 πάλιν
1586 996 1662 1028 ὲκεῖς
1676 1005 1685 1022 ι
1703 996 1741 1023 Τί
1770 994 1815 1023 οὖν
1836 999 1847 1024 6

1063 1036 1177 1072 Σωτήρ;
1192 1037 1243 1064 Διὰ
1257 1038 1313 1066 τῶν
1327 1039 1467 1076 αἰσθητῶν
1486 1040 1569 1068 πάλιν
1592 1042 1690 1076 ἀνάγει
1707 1042 1768 1076 ¹ἰςδν
1793 1043 1847 1070 νοῦν

1060 1083 1151 1112 αὐτῶν
1167 1084 1208 1118 είς
1219 1083 1253 1112 τά
1273 1084 1440 1121 ὑψηλότερα,
1454 1086 1544 1122 λέγων
1563 1088 1667 1121 αὐτοῖς·

1873 289 1875 406 4

1873 592 1875 709 4

1873 289 1875 406 4

1873 592 1875 709 4

1873 897 1875 1009 4

1100 1184 1110 1202 ι
1121 1175 1191 1211 Οὐχὶ
1206 1174 1313 1203 δώδεκα
1326 1173 1398 1213 ὧραί
1418 1176 1472 1205 εισι
1486 1177 1537 1213 τῆς
1560 1178 1668 1214 ἡμέρας
1682 1188 1690 1212 ;
1725 1179 1792 1207 Ἐάν
1814 1189 1848 1211 τις

1061 1220 1247 1256 περιπατήσει
1268 1223 1298 1249 ἐν
1317 1224 1351 1258 τῇ
1381 1223 1487 1259 ἡμέρᾳ,
1512 1224 1544 1251 οὗ
1564 1225 1747 1260 προσκόπτει,
1771 1226 1848 1253 ὅτιτὸ

1061 1266 1120 1301 φῶς
1142 1267 1190 1294 τοῦ
1205 1267 1309 1303 κόσμου
1326 1267 1424 1309 τοιξτου
1447 1268 1560 1304 βλέπει*
1594 1270 1643 1297 ἐὰν
1663 1270 1692 1297 δέ
1705 1279 1754 1303 τις
1778 1280 1848 1306 περι-

1061 1313 1144 1340 πατεῖ
1170 1314 1199 1341 ἐν
1222 1314 1255 1349 τῇ
1290 1313 1379 1348 νυκτὶ,
1408 1314 1589 1350 προσκόπτει,
1607 1316 1648 1343 ὅτι
1676 1316 1708 1344 τὸ
1745 1317 1805 1352 φῶς
1825 1318 1849 1344 ἐν

1061 1357 1136 1394 αὑτῷ
1146 1358 1197 1385 οὐκ
1211 1358 1294 1386 ιστιν.
1309 1368 1319 1386 ι
1338 1359 1371 1386 '0
1385 1359 1460 1395 λέγει
1490 1361 1613 1389 τοιοῦτόν
1640 1363 1720 1390 ἐστιν
1730 1370 1740 1378 ·
1761 1363 1848 1398 Ὑμεῖς
1874 1357 1875 1383 4

1872 289 1875 406 4

1873 592 1875 709 4

1873 897 1875 1009 4

1873 1196 1875 1311 4

1063 1404 1113 1439 μὲν
1127 1405 1376 1442 κατωρρωδήκατε,
1390 1406 1546 1442 νομίζοντες
1557 1407 1610 1434 ὑπὸ
1617 1408 1762 1436 Ἰουδαίων
1773 1419 1848 1437 κατα-

1061 1450 1207 1486 λευσθῆναι
1238 1459 1285 1487 με,
1311 1452 1384 1480 κατὰ
1412 1452 1482 1479 πολὺ
1514 1453 1543 1480 δὲ
1572 1453 1621 1481 τοῦ
1655 1455 1768 1488 εἰκότος
1797 1465 1848 1483 στο-

1061 1496 1170 1532 χασμοῦ
1183 1497 1398 1526 ὲκπεπτώκατε.
1416 1498 1449 1525 ΕΞ
1463 1499 1518 1535 γὰρ
1530 1500 1581 1535 τῆς
1605 1500 1715 1537 ἡμέρας
1734 1502 1778 1534 είς
1802 1502 1847 1529 δώ-

1062 1543 1128 1570 δεκα
1143 1543 1220 1579 ὧρας
1236 1545 1444 1581 διαιρουμένης,
1458 1547 1473 1574 ὀ
1492 1547 1521 1574 ὲν
1540 1548 1609 1582 αὐτῇ
1628 1549 1798 1583 περιπατῶν
1810 1550 1847 1576 εῶ

1063 1590 1198 1626 στιὸήτως
1210 1590 1360 1626 διέρχεται,
1378 1592 1572 1628 ἀπρόσκοπτον
1595 1595 1642 1621 καὶ
1665 1594 1781 1631 ἀσφαλῆ
1808 1604 1848 1622 πο-

1063 1636 1139 1672 ρείαν
1155 1637 1332 1672 ποιούμενος,
1345 1638 1405 1670 πῶς
1419 1640 1499 1674 ὑμεῖς
1513 1640 1579 1674 περὶ
1599 1640 1665 1676 ἐμοῦ
1689 1641 1740 1668 τοῦ
1768 1642 1847 1677 φωτὸς

1061 1682 1108 1710 τοῦ
1128 1683 1233 1719 κόσμου
1252 1685 1428 1719 πεφρίκατε;
1455 1686 1486 1712 Εί
1501 1686 1556 1722 γὰρ
1581 1686 1611 1714 τὸ
1636 1687 1771 1723 αἰσθητὸν
1798 1689 1847 1723 φῶς

1059 1729 1122 1761 τοὺς
1147 1729 1215 1756 αὐτὸ
1245 1729 1394 1765 βλέποντας
1423 1732 1636 1767 ἀπροσκόπτους
1655 1735 1752 1770 τηρεῖ,
1784 1736 1847 1762 κατὰ

1060 1775 1128 1802 πολὺ
1151 1774 1181 1801 τὺ
1192 1775 1321 1811 ἀληθινὸν
1347 1776 1395 1805 καὶ
1427 1777 1500 1806 θεῖον
1522 1779 1582 1814 φῶς
1611 1779 1752 1816 ἀνώτερον
1779 1780 1846 1808 ἔσται

1059 1821 1111 1856 τῆς
1122 1821 1177 1848 τῶν
1189 1821 1273 1854 λίθων
1289 1822 1384 1858 βολῆς,
1404 1823 1479 1860 Αὕτη
1495 1825 1546 1859 μὲν
1562 1826 1578 1861 ἡ
1603 1827 1675 1854 κατά
1700 1827 1734 1854 τὸ
1759 1828 1847 1862 φαινό-

1061 1875 1142 1902 μενον
1156 1868 1261 1895 διάνοια
1275 1869 1323 1896 τοῦ
1338 1870 1423 1905 ῥητοῦ
1434 1878 1441 1885 ο
1459 1871 1512 1906 χρὴ
1527 1871 1555 1897 δὲ
1570 1872 1644 1907 ἡμᾶς
1658 1872 1750 1900 καὶτὸ
1781 1873 1847 1900 ἔνδον

1059 1914 1244 1941 κατοπτεῦσαι
1258 1915 1428 1951 ἀπόρρητον.
1441 1916 1504 1943 Ὀτι
1535 1918 1591 1954 γὰρ
1623 1918 1778 1955 βαθύτερόν
1799 1921 1848 1947 τιὸ

1060 1958 1141 1993 λόγος
1155 1960 1317 1994 αἰνίττεται,
1330 1962 1452 1990 δείκνυσι
1463 1963 1511 1990 τοῦ
1527 1965 1693 2000 πράγματος
1703 1966 1735 1992 τὸ
1765 1969 1847 2002 παρα·

1058 2003 1150 2039 λογονο
1165 2004 1227 2031 οὔτε
1238 2005 1293 2040 γὰρ
1305 2007 1334 2032 ὲν
1349 2007 1428 2033 νυκτὶ
1439 2007 1556 2043 βαδίζων
1574 2009 1603 2041 ἐξ
1616 2009 1748 2046 ἀνάγκης
1766 2019 1846 2046 πρησ-

1058 2051 1165 2083 κόπτει,
1176 2050 1239 2078 οὔτε
1251 2052 1306 2083 πᾶς
1318 2053 1348 2079 ὲν
1364 2053 1456 2089 ἡμέρᾳ
1471 2055 1633 2090 περιπατῶν
1648 2057 1726 2091 μένει
1748 2057 1844 2091 ἀπρόφ

1058 2105 1159 2129 κοπτος
1180 2105 1187 2113 ⁸
1202 2098 1295 2133 ἐπειδὴ
1311 2099 1366 2134 γὰρ
1376 2100 1409 2134 τῇ
1428 2100 1478 2135 μὲν
1493 2101 1586 2137 ἡμέρᾳ
1604 2102 1679 2138 ῶρας
1706 2103 1845 2138 ἀπένειμε,

1059 2141 1148 2176 τῆςδὲ
1164 2143 1261 2174 νυκτὸς
1277 2143 1420 2179 μνησθεὶς,
1447 2145 1526 2180 ὡρῶν
1553 2146 1622 2178 ὅλως
1646 2149 1697 2175 οὐκ
1725 2150 1845 2184 ἐμνημό-

1059 2188 1198 2231 νευσεητδ
1215 2188 1314 2222 μέλλον
1331 2189 1370 2224 τῷ
1381 2189 1455 2226 λόγῳ
1475 2192 1713 2228 ὲσκιογράφησεν,
1743 2196 1844 2231 ἡμέραν

1061 2234 1110 2270 μὲν
1120 2224 1172 2261 καί
1193 2235 1253 2269 φῶς
1273 2234 1365 2262 καλῶν
1377 2224 1486 2270 ἑαυτὸν,
1503 2224 1595 2265 καίνἾὸ
1609 2224 1774 2275 δήκαὶ-υἱοί.
1793 2224 1843 2275 ξω-

1056 2281 1103 2313 τὸς
1124 2281 1172 2308 καὶ
1188 2281 1297 2317 ἡμέρας
1313 2282 1339 2308 οί
1359 2284 1452 2310 πιστοὶ
1480 2285 1665 2320 ὀνομάζονται
1682 2295 1689 2302 ·
1703 2289 1754 2315 καὶ
1779 2290 1843 2325 τάχα

1058 2327 1124 2362 περὶ
1132 2326 1235 2363 ταύτης
1247 2328 1297 2363 τῆς
1311 2328 1420 2364 ⁴ἡμέρας
1437 2330 1532 2365 ἔλεγεν
1546 2333 1560 2358 ὁ
1578 2333 1679 2359 Δαϐίδ’
1699 2343 1708 2359 ι
1724 2335 1843 2370 Ἡμέρας

1056 2373 1087 2399 οὐ
1105 2372 1313 2409 φοϐηθήσομαι·
1328 2383 1338 2400 ι
1366 2375 1415 2402 καὶ
1435 2377 1501 2412 περὶ
1530 2379 1628 2405 τούτου
1653 2380 1701 2406 τοῦ
1727 2383 1817 2415 φωτὸς
1833 2383 1845 2407 ὁ

1056 2418 1138 2450 αὐτὸς
1156 2416 1233 2445 εἶπεν
1257 2419 1458 2457 εὐαγγελιστής
1472 2430 1479 2438 -
1509 2432 1518 2448 ι
1528 2423 1565 2449 Τὸ
1578 2423 1637 2458 φῶς
1649 2424 1677 2450 ὲν
1694 2426 1727 2460 τῇ
1740 2426 1843 2461 σκοτείᾳ

1057 2463 1160 2498 φαίνει.
1173 2473 1182 2490 ι
1198 2464 1310 2503 Δώδεκα
1332 2466 1361 2493 δὲ
1374 2463 1445 2502 ὧραι
1465 2468 1490 2494 οἱ
1504 2469 1635 2504 μαθηταὶ,
1648 2468 1691 2502 οἷς
1704 2471 1736 2497 τὺ
1762 2473 1842 2507 κήρυ-

1057 2518 1117 2545 γμα
1127 2510 1328 2539 ὲνεπίστευσεν.
1347 2513 1377 2539 '0
1389 2513 1456 2547 γοῦν
1468 2514 1497 2541 ὲν
1511 2514 1552 2549 τῷ
1564 2516 1634 2550 φωτὶ
1648 2516 1697 2542 τοῦ
1720 2518 1841 2553 Σωτῆρος

1057 2556 1105 2582 καὶ
1115 2555 1155 2590 τῷ
1171 2556 1332 2592 κηρύγματι
1346 2559 1402 2586 τῶν
1420 2559 1550 2595 μαθητῶν
1563 2560 1610 2587 τοῦ
1638 2561 1698 2596 βίου
1730 2562 1842 2590 διανὺων

1055 2600 1127 2633 ὁδὸν,
1144 2602 1174 2628 οὐ
1192 2602 1371 2638 σφαλήσεται.
1388 2604 1448 2636 Φῶς
1459 2605 1488 2631 δὲ
1503 2605 1551 2632 τοῦ
1569 2606 1672 2642 κόσμου
1691 2608 1841 2635 τούτουκαὶ

1055 2648 1105 2682 τὴν
1121 2648 1161 2679 εἰς
1176 2648 1259 2675 αὑτὸν
1276 2649 1367 2676 πίστιν
1382 2650 1536 2686 ὠνόμασεν,
1552 2652 1589 2684 ὡς
1604 2654 1676 2680 κατά
1699 2655 1776 2681 τόνδε
1788 2655 1839 2681 ντδν

1054 2692 1157 2728 κόσμον
1186 2694 1390 2730 ἐνεργουμένης
1408 2697 1458 2732 τῆς
1471 2698 1602 2730 πίστεως.
1616 2699 1676 2732 Νὺξ
1704 2700 1728 2727 δ’
1742 2700 1775 2728 ἂν
1801 2703 1838 2735 εἴη

1053 2737 1128 2774 ὥρας
1145 2738 1182 2775 μὴ
1212 2740 1313 2775 ἔχουσα
1325 2742 1342 2776 ἠ
1356 2742 1406 2776 τῆς
1437 2743 1568 2776 ἀπιστίας
1584 2746 1766 2780 σκοτόμαινα,
1783 2745 1839 2773 καθ’

1052 2784 1086 2818 ῆν
1102 2784 1151 2811 ἐάν
1173 2793 1216 2817 τις
1239 2789 1397 2822 περιπατεῖ,
1415 2789 1593 2826 προσκόπτῃ,
1616 2791 1666 2824 τὰς
1688 2791 1741 2828 τῆς
1757 2791 1836 2827 ψυχῆς

251 2867 273 2885 ³·
291 2867 389 2902 Ephes.
409 2877 435 2903 ν,
452 2870 485 2904 8;
511 2871 532 2898 ll
549 2872 645 2901 Thess.
663 2881 694 2908 ιι,
710 2874 737 2902 5.
775 2873 798 2891 ⁸ο
813 2875 886 2904 Psal.
906 2883 949 2908 ιν,
968 2876 995 2906 5.

1075 2875 1154 2905 Joan.
1173 2884 1193 2912 ι,
1211 2877 1238 2905 5.
1277 2878 1299 2894 ι’
1316 2878 1327 2906 Ι
1344 2878 1417 2907 l‘etr.
1436 2887 1465 2913 ιι,
1482 2881 1508 2908 8.
