1883 3053
15 177 58 210 δςι
681 165 812 198 ιιοιιιι]

895 163 956 195 XV.

1581 161 1635 195 522

14 237 97 271 βάσεις
113 231 304 267 συνολώμενος
317 232 351 266 τῇ
365 227 512 263 ἀντιτυπία
523 227 570 254 τοῦ
589 223 788 261 ἀκρογωνιαίου
804 225 812 252 Α

897 229 949 255 que
974 219 1175 256 quodammodo
1198 219 1293 248 ludam
1319 220 1486 255 perstringit,
1512 221 1558 256 qni
1586 228 1636 255 per

14 281 79 308 λίθου
91 278 224 313 Χριστοῦ,
240 278 270 309 ὃς
285 275 433 311 ὠνομάσθη
446 275 531 306 λίθος
550 272 792 307 προσκόμματος.

14 326 98 354 Ταῦτα
109 325 138 352 δὲ
153 324 244 357 λέγων
265 323 279 349 ὁ
299 321 402 357 Κύριος
420 320 544 354 πλαγίως
570 326 628 349 πως
638 317 685 344 τοῦ
706 315 794 342 ’ἰούδα

14 373 180 399 καθάπτεται
194 369 333 400 ἀσυνέτως
357 367 637 401 λειποτακτήσαντος,
665 364 713 390 καὶ
741 362 796 388 τῶν

14 419 84 453 ὡρῶν
92 416 141 451 τῆς
153 416 252 452 νοητῆς
271 415 390 450 ἡμέρας,
404 410 440 440 ὧν
453 410 487 447 ἦν
501 411 689 446 συναρίομιος,
699 408 795 435 ἑαυτὸν

15 463 243 496 ὑπεκστήσαντος,
261 462 290 487 ἐν
301 460 339 495 τῷ
353 460 444 486 σκότει
456 458 485 485 δὲ
499 457 548 492 τῆς
561 454 743 492 φιλαργυρίας
751 453 798 489 βα-

14 510 141 540 δίσαντος,
159 507 209 533 καὶ
225 499 362 533 διά”τοῦτο
377 504 478 535 ἀθλίως
495 502 711 538 προσκόψαντος.

47 565 55 580 ι
77 554 130 580 Καὶ
157 555 230 588 μετὰ
254 552 334 579 τοῦτο
357 550 419 578 εἶπε
433 559 439 566 ·
457 550 584 585 Λάζαρος
599 548 612 574 ὁ
627 548 704 582 φίλος
718 546 797 581 ἡμῶν

16 601 187 635 κεκοίμηται,
206 599 276 626 ἀλλά
293 597 446 633 πορεύομαι
462 596 506 622 ἵνα
527 594 664 628 ἐξυπνίσω
676 593 768 621 αὐτόν.
785 601 794 618 ι

16 648 65 681 Τὴν
81 646 238 681 ἀναγκαίαν
255 643 339 672 αὑτοῦ
355 643 424 678 πρὸς
442 641 590 672 Ἰουδαίους
616 640 708 675 ἄφιξιν
722 639 800 674 δηλο-

17 693 91 725 estsi,
107 692 144 723 ὠς
176 691 220 726 εἴη
240 690 288 717 τοῦ
313 689 441 726 Λαζάρου
457 688 474 723 ἡ
488 688 628 722 κοίμησις.
643 686 755 717 Δεικνὺς
770 685 799 711 δὲ

18 738 59 764 καὶ
82 737 112 764 τὸ
131 737 182 772 τῆς
200 735 376 766 ἀναστάσεως
398 735 522 769 εὐχερὲς,
542 733 588 759 καὶ
605 733 646 759 ὅτι
662 732 698 763 ὼς
717 731 801 762 ὕπνος

20 783 85 818 αύτῷ
100 782 201 818 συνέϐη
221 784 235 809 ὁ
252 782 367 813 θάνατος
379 781 479 816 μικρὸν
493 780 541 807 τοῦ
556 779 689 814 συνήθους
700 779 802 814 μακρό-

20 838 89 864 τερος
101 835 109 844 ⁶
130 838 139 854 ι
159 829 299 863 Λάζαρος,
315 826 387 860 εἶπε,
402 827 579 862 κεκοίμηται.
595 835 604 852 ι
615 826 670 852 Καὶ
685 826 740 859 γὰρ
753 824 803 859 οὐχ

23 875 86 902 οὕτω
100 875 152 901 τινὶ
182 874 276 910 ῥᾴδιον
288 873 432 906 ἐξυπνίσαι
454 872 631 905 καθεύδοντα,
644 872 707 898 ὅσον
724 871 801 906 εὐχε-

24 922 62 957 ρὲς
80 921 174 956 ἐκείνῳ
189 921 299 955 ἐγεῖραι
319 919 484 955 τεθνήξοντα
497 928 504 935 ·
521 918 638 953 σύνηθες
663 918 691 944 δὲ
707 917 804 944 καυεύ-

23 967 93 992 δοντα
110 965 205 992 καλεῖν
219 965 266 992 τὸν
283 963 485 992 ἀναϐιώσεσθαι
501 963 644 998 μέλλοντα.
655 964 734 990 Οὕτω
748 964 804 999 γὰρ

25 1010 77 1038 εἷπε
91 1012 136 1038 καὶ
153 1011 221 1046 περὶ
237 1010 268 1038 τὸ
284 1010 332 1037 τοῦ
355 1009 471 1045 Ἰαείρου
493 1010 655 1044 θυγάτριον,
686 1010 736 1036 οὐκ
749 1010 802 1036 ἀπ-

26 1058 120 1090 έθινεν,
138 1057 208 1084 ἀλλὰ
224 1057 361 1084 καθεύδει.
383 1056 489 1088 ’Δδαεῖς
502 1057 531 1083 δὲ
551 1056 626 1087 ὄντες
641 1057 666 1083 oi
683 1055 805 1091 tmen-cui.

27 1105 65 1132 τοῦ
79 1105 159 1131 ὕπνον
188 1104 235 1131 τὸν
249 1104 365 1132 θάνατον
380 1104 511 1138 λέγεσθαι
524 1112 531 1118 ·
549 1113 558 1129 ι
579 1104 610 1130 El
627 1103 804 1138 κεκοίμηται,

28 1149 104 1183 εἶπον,
125 1150 282 1186 σωθήσεται
295 1158 302 1165 ·
322 1159 331 1176 ι
346 1150 418 1185 τάχα
431 1158 483 1176 που
506 1149 554 1176 καὶ
567 1150 786 1185 προφητεύοντες
797 1158 804 1164 ·

29 1196 154 1232 σωτηρίας
169 1196 226 1231 γὰρ
240 1195 315 1231 αὺτῷ
329 1195 467 1231 πρότασις
487 1195 501 1221 ὁ
516 1195 631 1227 θάνατος
644 1195 752 1229 γέγονε.
802 1191 807 1196 ’

61 1297 69 1312 ι
86 1287 150 1314 Τότε
167 1287 235 1320 γοῦν
259 1286 506 1322 ἀπαρακαλύπτως
529 1287 622 1318 αὐτοῖς
636 1287 728 1321 λέγει·
749 1287 806 1314 Λά-

31 1334 100 1367 ζιρος
127 1333 260 1360 ἀπέθανε.
283 1343 292 1360 ι
307 1335 410 1360 Σκόπει
438 1333 467 1360 δὲ
489 1334 550 1366 πῶς
574 1334 618 1361 διά
633 1335 740 1361 πάντων
753 1335 808 1361 τῶν

32 1379 72 1413 τῆς
88 1379 207 1414 ἱστορίας
238 1379 371 1414 ῥημάτων
394 1380 429 1406 τὰ
453 1380 503 1414 τῆς
519 1379 635 1415 θεωρίας
648 1380 810 1415 παρέσπαρ-

32 1433 78 1449 ται.
99 1424 235 1460 Ὀπηνίκα
247 1426 303 1460 γὰρ
319 1425 396 1458 ἔλεγε
414 1425 585 1460 κοιμηθῆναι
599 1425 644 1452 τὸν
669 1425 807 1460 Λάζαρον,

34 1470 99 1505 φίλον
113 1472 194 1498 αὐτὸν
220 1471 401 1506 κατωνόμαζε
412 1479 418 1486 ·
438 1481 446 1497 ι
462 1472 588 1507 Λάζαρος
611 1473 624 1498 ὁ
637 1472 713 1505 φίλος
730 1473 810 1508 ἡμῶν

34 1517 191 1554 κεκοίμηται.
213 1527 222 1543 ι
246 1517 347 1544 Ἢνίκα
364 1517 392 1544 δὲ
417 1515 504 1551 εἶπεν,
525 1518 684 1550 Ἀπέθανεν,
715 1518 809 1549 ἁπλῶς

846 273 978 294 summam
1001 265 1184 301 insipientiam
1205 267 1325 294 deseruit
1340 267 1462 295 ordinem
1479 268 1535 303 (8’2)
1552 277 1636 303 seque

846 312 879 339 ab
901 311 1075 347 iutelligibilis
1097 312 1148 339 diei
1173 312 1256 345 horis,
1275 312 1300 339 iu
1317 313 1415 347 quibus
1436 315 1635 342 annumeraba-

848 363 901 390 tur,
917 358 1060 388 subduxit:
1083 363 1164 392 alque
1181 358 1206 385 in
1230 359 1350 386 avaritia:
1369 360 1488 387 tenebris
1509 361 1637 389 incedens

849 404 1038 432 miserabiliter
1055 405 1089 432 ob
1109 413 1169 432 eam
1189 405 1310 433 ollendit.

887 549 896 565 ι
917 539 949 565 Et
968 542 1026 573 post
1043 538 1100 566 haec
1119 538 1186 565 dixit
1201 539 1240 566 eis
1257 546 1264 565 :
1282 537 1402 566 Lazarus
1422 547 1526 568 amteus
1546 547 1638 570 uoster

849 585 966 617 dormit;
995 587 1042 612 sed
1066 585 1149 616 vado,
1173 589 1201 611 ut
1226 591 1241 611 a
1269 592 1363 612 somno
1386 585 1501 613 excitem
1526 595 1598 614 eum.
1625 597 1635 614 ι

851 632 966 659 Causam
990 631 1093 665 aperit,
1112 638 1196 665 quare
1219 631 1245 658 in
1267 629 1385 658 Judteam
1409 632 1459 659 sibi
1485 634 1639 662 necessario

851 677 969 704 eundum
985 681 1068 708 esset,
1082 684 1141 711 quae
1155 676 1264 711 quidem
1281 682 1338 704 erat
1353 677 1449 705 Lazari
1466 686 1588 706 somnus.
1603 679 1640 708 Ut

851 731 917 751 vero
939 723 1095 750 Ostendet-et
1130 730 1210 757 quam
1236 723 1287 750 sibi
1307 722 1386 750 facile
1409 730 1490 758 atque
1510 725 1536 752 in
1560 734 1641 753 manu

854 775 927 798 esset
942 777 1002 797 eum
1019 777 1033 796 a
1049 768 1162 796 mortuis
1179 768 1317 802 excitare,
1333 774 1360 796 ct
1377 775 1488 798 mortem
1508 771 1544 798 illi
1559 771 1642 799 veluti

854 824 980 844 somnqu
1005 815 1084 844 solito
1104 815 1252 850 longiorem
1272 816 1437 851 Obrepsisse,
1481 825 1491 843 ‹
1511 817 1641 851 Lazarus,

831 893 839 916 ι
856 864 956 897 inquit,
973 862 1082 889 dormit.
1102 871 1111 887 ι
1133 861 1238 888 Etenim
1257 869 1309 888 nou
1329 867 1382 888 tam
1400 862 1479 890 facile
1497 869 1540 891 est
1557 864 1643 892 cuivis

855 908 1063 944 cxpergefacere
1094 908 1292 942 dormientem,
1320 916 1403 942 quam
1436 909 1472 936 illi
1507 915 1643 937 mortuum

855 956 998 983 suscitare.
1014 954 1179 982 Consueluut
1199 961 1281 988 porro
1299 958 1340 981 est
1358 955 1536 983 dormientem
1553 956 1644 983 vocari

855 1008 934 1032 eum,
964 1000 1010 1034 qui
1031 999 1141 1034 jainjam
1164 999 1197 1026 sit
1222 1000 1382 1028 rcvictnrus.
1407 1001 1452 1028 Sic
1473 1002 1544 1028 enim
1566 1007 1592 1029 et
1612 1001 1647 1030 de

856 1047 924 1075 Jairi
949 1047 1003 1074 [ilia
1031 1047 1138 1073 locutus
1162 1050 1204 1073 est
1228 1056 1235 1074 :
1264 1056 1274 1072 (
1303 1046 1360 1073 Non
1386 1052 1426 1074 est
1452 1053 1574 1080 mortua,
1599 1049 1647 1076 sed

857 1093 1023 1131 ιίοι-ιιιίιη.)
1046 1094 1099 1120 Scd
1116 1101 1176 1121 cum
1195 1094 1320 1127 discipuli
1338 1099 1429 1121 essent
1445 1094 1542 1127 nescii,
1559 1096 1648 1122 somn!

858 1146 956 1167 nouen
978 1139 1058 1166 tribui
1081 1139 1160 1166 morti
1184 1140 1271 1167 solere
1293 1149 1299 1167 :
1324 1149 1333 1165 ι
1359 1139 1386 1167 Si
1407 1139 1522 1172 dortuit,
1537 1140 1647 1174 direre,

859 1185 949 1212 saltus
971 1188 1028 1217 est,
1048 1195 1057 1211 ι
1082 1189 1108 1212 ct
1128 1184 1254 1212 fortassis
1274 1186 1354 1212 etiam
1376 1186 1554 1221 prwdicenles
1576 1188 1649 1221 quod

859 1237 917 1259 erat
929 1232 1065 1266 futurum;
1083 1241 1156 1261 mors
1170 1233 1242 1260 enim
1258 1233 1295 1260 illi
1313 1241 1393 1260 causa
1408 1234 1501 1261 salutis
1515 1233 1576 1261 fuit.

899 1289 907 1305 ι
931 1279 1007 1306 Tunc
1025 1287 1089 1314 ergo
1107 1278 1185 1306 Jcsus
1203 1279 1271 1306 dixit
1289 1279 1329 1306 eis
1350 1279 1513 1307 manifeste:
1531 1279 1651 1308 Lazarus

860 1330 983 1353 mortuus
999 1330 1050 1352 est.
1067 1335 1076 1351 ι
1095 1325 1212 1352 Advertc
1227 1329 1254 1352 ut
1267 1333 1316 1360 per
1328 1326 1418 1352 omnis
1433 1325 1553 1353 historia:
1568 1327 1651 1353 verba

860 1373 996 1407 perspersi
1009 1372 1064 1399 sint
1077 1371 1215 1406 allegorici
1230 1379 1341 1404 sensus;
1357 1371 1466 1406 quando
1481 1373 1553 1399 enim
1568 1371 1653 1398 Laza-

862 1427 922 1446 rum
940 1418 1059 1446 dormire
1077 1418 1162 1451 dixit,
1177 1418 1294 1445 anticum
1314 1409 1458 1452 appellavit
1475 1426 1482 1444 :
1503 1427 1512 1443 ι
1533 1417 1653 1446 Lazarus

862 1465 965 1492 amicus
988 1469 1081 1491 noster
1103 1464 1219 1497 dormit;
1243 1473 1252 1490 ι
1276 1463 1384 1498 quando
1409 1470 1474 1490 vero
1497 1468 1652 1497 mortuum,

863 1511 997 1538 Lazarum
1030 1510 1194 1546 simpliciter
1227 1510 1388 1537 nominavit.
1418 1509 1524 1536 Etenim
1558 1510 1655 1537 amicis

35 1563 134 1590 ἐκάλεσε
149 1563 284 1598 Λάζαρον,
298 1564 361 1595 Τοῖς
377 1563 426 1598 μὲν
439 1564 494 1599 γὰρ
505 1563 565 1590 οὖσι
580 1564 667 1599 φίλοις
680 1564 810 1600 Χριστοῦ,

896 1557 962 1584 tristi
982 1565 1054 1584 mors
1069 1561 1111 1584 est
1127 1564 1240 1584 somnus
1257 1561 1285 1583 et
1315 1556 1407 1591 quies;
1426 1555 1524 1590 quibus
1540 1563 1603 1583 vero
1619 1556 1655 1584 ob

38 1610 111 1641 ὕπνος
122 1612 136 1638 ὁ
153 1611 270 1642 θάνατος
288 1611 335 1638 καὶ
348 1611 504 1643 ἀνάπαυσις
523 1611 638 1646 γίνεται.
657 1609 703 1643 Οἷς
721 1611 749 1638 δὲ
766 1611 813 1639 θά-

38 1662 106 1689 νατος
135 1659 211 1684 ἐστιν
229 1659 243 1684 ὁ
260 1657 308 1684 τοῦ
322 1657 447 1692 σώματος
462 1658 601 1692 χωρισμὸς
615 1657 658 1684 διὰ
676 1657 813 1693 φαυλότη-

38 1711 74 1734 τος
88 1703 152 1738 βίου⁷
165 1701 239 1731 οὗτοι
259 1703 366 1736 ἀνάξιοι
381 1703 515 1738 κληθῆναι
531 1704 602 1737 φίλοι
618 1703 698 1730 Θεοῦ.

71 1759 79 1775 ι
101 1751 151 1777 Καὶ
178 1751 270 1785 χαίρω
297 1750 331 1777 δι’
350 1750 424 1785 ὑμᾶς
447 1750 488 1777 ὅτι
517 1750 547 1777 οὺ
566 1751 701 1786 παρήμην
716 1752 784 1778 ἐκεῖ.
802 1760 811 1777 ι

41 1795 130 1831 Χαίρω,
146 1798 241 1830 φησιν,
258 1796 336 1830 ὑμῶν
351 1797 449 1823 ἕνεκα·
467 1796 498 1822 τὺ
512 1797 566 1832 γὰρ
582 1797 619 1832 μὴ
637 1798 764 1832 παρεῖναί
780 1807 814 1833 με

43 1842 66 1868 ὲν
78 1842 192 1879 Βηθανίᾳ
205 1842 331 1878 μείζονος
350 1843 469 1874 πίστεως
490 1843 555 1878 ὑμῖν
572 1843 649 1870 ἔσται
665 1844 814 1878 πρόφασις.

43 1889 88 1915 Καὶ
98 1890 206 1921 εἰκότως
217 1898 224 1906 ·
241 1888 339 1924 παρὼν
364 1889 420 1925 γὰρ
434 1890 530 1917 ίάσατο
541 1889 750 1925 ἀρρωστοῦντα,
767 1891 816 1918 καὶ

43 1935 67 1960 τὸ
81 1935 147 1969 μέγα
165 1934 246 1961 τοῦτο
276 1934 370 1970 θαῦμα
391 1934 564 1962 διεκωλύετο,
578 1935 676 1970 ’Λορει
695 1935 727 1969 δὴ
743 1936 816 1967 ὅπως

44 1980 79 2006 διὰ
86 1980 127 2006 τοῦ
136 1981 214 2014 λόγου
228 1980 260 2007 τὸ
271 1980 360 2007 διττὸν
375 1981 430 2007 τῶν
442 1982 471 2007 ὲν
480 1981 553 2016 αὐτῷ
565 1981 672 2015 φύσεων
684 1981 816 2008 δείκνυσι.

45 2026 74 2052 Τὸ
85 2028 128 2061 μὲν
155 2027 208 2062 γάρ
237 2029 393 2062 προειπεῖν,
414 2027 451 2059 ὡς
468 2037 477 2053 ι
504 2027 637 2054 Ἀπέθανε
652 2027 788 2063 Λάζαρος,
805 2037 814 2054 ι

46 2073 86 2107 τῆς
111 2073 232 2108 θεότητος
258 2072 302 2109 ἢν,
336 2073 368 2100 τὸ
397 2074 425 2100 δὲ
441 2083 450 2099 ι
478 2074 535 2100 υύκ
558 2075 632 2110 ἢμην
656 2076 724 2108 ἐκεῖ,
740 2083 749 2100 ι
769 2075 819 2109 τῆς

49 2128 144 2154 σιρκος.

78 2175 86 2190 ι
103 2163 180 2193 Εἶπεν
200 2165 247 2192 οὖν
259 2165 361 2200 Θωμᾶς
373 2165 387 2191 ό
396 2165 542 2200 λεγόμενος
554 2165 669 2200 Δίδυμος
683 2167 739 2198 τοῖς
751 2173 820 2201 συμ-

869 1604 939 1632 male
957 1608 1044 1630 actam
1068 1603 1151 1630 vitam
1175 1610 1249 1630 mors
1272 1608 1311 1630 est
1334 1603 1470 1630 discessus
1493 1609 1509 1629 a
1530 1609 1655 1636 c0rpore,

865 1650 970 1684 indigni
984 1654 1062 1682 sunt,
1076 1649 1121 1684 qui
1139 1648 1219 1676 amici
1234 1649 1335 1676 Christi
1350 1653 1490 1676 vocentur.

903 1765 913 1781 ‹
941 1756 974 1783 Et
998 1755 1101 1790 gaudeo
1126 1758 1237 1790 propter
1261 1761 1325 1786 vos,
1346 1753 1476 1788 quoniam
1501 1759 1554 1779 non
1580 1758 1656 1780 eram

866 1803 913 1830 ibi.
933 1812 942 1828 ι
963 1802 1074 1833 Vestra,
1092 1801 1197 1835 inquit,
1213 1807 1294 1828 causa
1312 1801 1430 1835 gaudeo:
1447 1799 1567 1826 absentia
1584 1799 1657 1825 enim

868 1854 926 1874 mea
946 1854 960 1873 a
979 1846 1111 1873 Bethania
1130 1845 1240 1879 nmjoris
1257 1845 1317 1872 (idet
1334 1844 1411 1872 vobis
1428 1845 1479 1871 erit
1494 1844 1611 1871 occasio.
1625 1843 1660 1871 Et.

869 1892 965 1920 merito
982 1892 1007 1919 id
1021 1891 1146 1926 quidem;
1162 1897 1283 1925 praesens
1297 1890 1370 1917 enim
1384 1891 1405 1917 si
1419 1889 1524 1922 fuisset,
1537 1893 1661 1917 satiasset

868 1943 1014 1973 aegrotum,
1042 1941 1123 1971 atque
1148 1937 1199 1963 hoc
1225 1943 1350 1970 magnum
1378 1935 1538 1962 miraculum
1563 1934 1660 1962 fuisset

870 1983 1040 2018 impeditum.
1055 1981 1122 2008 Vide
1134 1989 1200 2008 vero
1214 1982 1306 2012 etiam,
1322 1987 1351 2008 ut
1368 1981 1418 2008 hoc
1433 1988 1559 2008 sermone
1573 1980 1661 2015 dupli-

870 2037 929 2056 cem
947 2029 974 2056 in
992 2036 1022 2056 se
1039 2035 1099 2055 esse
1119 2033 1244 2055 naturam
1265 2027 1399 2055 ostendat.
1415 2026 1566 2055 Pratdicere
1586 2027 1660 2055 enim

871 2075 967 2103 Lazari
985 2080 1098 2102 mortem
1115 2074 1265 2102 divinitatis
1280 2073 1346 2107 fuit;
1363 2066 1484 2101 absentia
1498 2080 1563 2101 vero
1579 2073 1613 2100 ab
1628 2080 1660 2100 eo

871 2122 939 2153 loco.
957 2120 1143 2148 humanitatis.

910 2166 990 2203 164
1011 2176 1019 2193 ι
1034 2166 1106 2194 Dixit
1119 2173 1183 2200 ergo
1200 2165 1330 2198 Thomas,
1344 2164 1389 2198 qui
1405 2164 1502 2192 dicitur
1519 2163 1660 2198 Didymus,

50 2211 167 2246 μαθηταῖς
183 2220 189 2227 ·
209 2212 338 2246 Ἀγωμεν
349 2212 396 2239 καὶ
411 2213 502 2246 ἡμεῖς,
513 2211 556 2238 ἵνα
567 2211 747 2254 ἀποθάνωμεν
761 2221 811 2246 μετ

895 2213 906 2241 d
924 2211 1122 2246 coridiscipulos
1141 2220 1148 2238 :
1164 2210 1264 2238 Eamus
1282 2215 1309 2238 et
1325 2217 1383 2242 nos,
1398 2215 1424 2237 et
1440 2210 1588 2236 moriamur
1600 2217 1660 2236 cum

49 2258 128 2285 αὑτοῦ.
143 2267 151 2283 ι
170 2259 199 2286 ’0
218 2258 269 2293 μὲν
284 2258 423 2292 πάνσοφος
444 2258 493 2285 καὶ
523 2258 611 2293 μέγας
627 2259 820 2294 Χρυσόστομος

50 2302 123 2330 ταῦτα
145 2305 228 2338 φάναι
256 2305 324 2340 φησὶ
348 2305 394 2331 τὸν
419 2304 520 2339 Θωμᾶν
534 2304 684 2336 δειλιῶντα,
701 2306 748 2331 καὶ
765 2302 823 2331 οἷον

52 2349 215 2383 ἀσχάλλοντα.
241 2350 320 2377 Ἐπεὶ
349 2350 391 2382 δὲ,
422 2349 515 2384 φησιν,
543 2347 620 2380 οὗτος
644 2350 757 2385 θανατᾷ,
776 2350 823 2376 καὶ

53 2393 98 2421 οἷον
112 2397 259 2431 αὐτόμολος
279 2397 326 2423 ἐπὶ
338 2399 384 2424 τὸν
394 2396 518 2423 κίνδυνον
530 2396 613 2429 ἵεται,
631 2396 823 2431 πληρώσωμεν

54 2441 124 2468 αὑτοῦ
135 2443 163 2469 τὸ
178 2443 302 2478 βούλημα
329 2443 376 2470 καὶ
395 2442 628 2478 συναποθάνωμεν
641 2443 726 2478 αὐτῷ.
744 2442 822 2470 Οὕτω

57 2488 96 2521 μὲν
111 2491 123 2515 ὁ
133 2491 180 2524 τὴν
191 2491 315 2524 γλῶτταν
333 2490 469 2526 χρυσοῦς·
488 2491 501 2516 ὁ
514 2489 541 2515 δὲ
556 2489 609 2516 τῶν
623 2490 822 2524 μεταφράσεων

56 2535 142 2567 γλυκὺς
155 2537 328 2572 συγγραφεὺς
347 2536 505 2571 παρρησίας
522 2533 580 2562 εἶπε
597 2535 643 2562 τὸν
659 2536 737 2570 λόγον
751 2534 822 2563 εἶναι

85 2603 103 2619 ⁸³
113 2603 200 2632 Matth.
213 2613 251 2637 vi,
262 2605 307 2632 24.
445 2621 460 2633 .

873 2266 916 2285 eo.
936 2268 946 2284 ι
972 2257 1196 2292 Sapientissimus
1217 2264 1282 2283 sane
1305 2263 1338 2282 ac
1363 2262 1476 2289 magnus
1498 2255 1662 2290 Chrysosto-

875 2312 934 2332 unus
951 2304 1007 2339 (85)
1025 2305 1081 2331 hmc
1099 2308 1221 2330 autumat
1239 2302 1340 2330 dixisse
1355 2301 1498 2333 Thomam,
1514 2302 1585 2335 quod
1602 2308 1663 2335 pcr-

875 2352 1030 2378 timesceret
1042 2354 1069 2377 et
1085 2350 1166 2377 veluti
1198 2353 1386 2381 suscenseret;
1406 2348 1517 2383 perinde
1530 2348 1606 2382 quasi
1624 2347 1664 2375 sic

875 2398 979 2424 diceret
997 2404 1004 2423 :
1023 2395 1157 2429 Quoniam
1176 2399 1318 2428 tantopere
1333 2394 1436 2428 appetit
1453 2398 1577 2425 mortem,
1591 2396 1619 2419 et
1635 2392 1663 2419 in

877 2441 1027 2477 periculum
1047 2441 1229 2468 voluntarium
1248 2440 1319 2473 ruit,
1336 2441 1519 2474 obsequamur
1536 2438 1664 2466 voluntati

878 2490 964 2522 illius,
980 2495 1008 2517 et
1029 2496 1083 2516 una
1109 2489 1270 2515 moriamur.
1289 2487 1335 2515 Sic
1358 2495 1423 2515 sane
1446 2487 1490 2522 qui
1515 2495 1596 2514 attrea
1621 2491 1665 2514 est

878 2537 984 2571 lingua;
1008 2540 1035 2563 at
1056 2542 1120 2563 vero
1141 2535 1231 2562 suavis
1251 2534 1368 2569 scriptor
1388 2533 1585 2568 Metaphrastes
1608 2533 1665 2569 (84)

656 2651 813 2682 Fruucisci
835 2652 940 2684 Scorsi
959 2655 1052 2682 notre.

89 2713 135 2747 (82)
149 2715 262 2742 Deseruit
277 2715 406 2742 ordinem.
434 2714 526 2742 Graece
545 2722 596 2741 una
610 2722 659 2741 vox
673 2721 713 2742 cst
734 2715 826 2742 λειπο-

61 2750 215 2786 ξτκτήσαντα
241 2753 273 2778 de
293 2758 344 2786 qua
358 2750 418 2776 vide
435 2758 494 2784 quin
513 2750 728 2783 observavimus,
753 2752 826 2778 hom.

67 2785 83 2813 Ι,
95 2791 142 2810 ιιοι.
153 2786 198 2818 55,
213 2787 264 2813 col.
280 2785 344 2812 2H.

877 2716 1025 2747 midabnnt,
1062 2715 1181 2749 inprimis
1204 2719 1291 2742 autem
1330 2714 1460 2746 Tnomns;
1480 2715 1539 2742 ideo
1560 2715 1668 2749 inquit:

880 2760 890 2777 ι
923 2750 1034 2783 Eamus,
1060 2756 1082 2777 et
1105 2751 1252 2776 moriamur
1277 2758 1335 2785 cum
1356 2758 1405 2782 eo;
1430 2759 1439 2776 ι
1463 2751 1569 2785 quidam
1579 2756 1669 2778 autem

877 2787 978 2817 dicunt,
991 2790 1015 2813 et
1030 2794 1086 2812 eum
1100 2786 1164 2811 mori
1179 2792 1290 2819 optasse.
1303 2784 1355 2812 Sed
1375 2786 1490 2820 profecto
1502 2787 1622 2812 timerent
1639 2787 1669 2813 id

92 2818 138 2853 (85)
152 2820 356 2856 Chrysouomus.
374 2819 460 2847 Locus
474 2819 502 2847 S.
517 2820 714 2856 ChrysOStouIi,
749 2829 827 2856 quem
877 2824 981 2849 verbum
996 2823 1083 2855 arguit
1096 2826 1120 2847 et
1136 2818 1350 2847 imbecillilalem.

63 2852 216 2884 'lhcolthaues
245 2861 330 2887 notat,
348 2861 389 2882 est
416 2864 447 2881 ex
469 2856 541 2881 hom.
559 2852 601 2886 Ἠ,
618 2856 644 2882 in
657 2852 764 2882 Ιοιιηιιί
785 2856 828 2883 ubi

65 2889 304 2918 bichabet10mnes
338 2891 428 2924 itaque
448 2890 603 2917 Judmorum
635 2891 759 2925 impetum
773 2891 829 2926 for-

224 2940 360 2970 Pa'mon.
375 2940 432 2970 GR.
454 2939 598 2969 CXXXII.

916 2857 971 2890 (84)
987 2856 1186 2890 Metuphrasles.
1211 2856 1269 2888 Quo
1287 2856 1385 2882 saeculo
1402 2855 1599 2884 vixerituoster
1616 2856 1672 2890 hic,

879 2892 950 2920 unde
963 2891 1116 2920 necessario
1126 2892 1265 2920 deducitur
1275 2891 1359 2926 ipsius
1371 2891 1559 2924 Metnphrasta:
1571 2899 1672 2930 aevum,

1422 2937 1456 2970 17
