1883 3053
21 112 69 144 537

709 110 873 141 HOMILIA
893 110 981 141 XXV.
1601 109 1654 140 53R

19 168 158 201 ὁμότιμον.
181 165 219 192 οὺ
246 165 301 201 γὰρ
324 165 537 200 είσακουσθῆναι
563 166 716 200 παρακαλεῖ
743 166 812 193 κατὰ

900 171 969 192 atem
987 165 1123 198 ostendit;
1143 173 1195 192 non
1212 166 1282 192 enim
1298 170 1358 192 orat
1374 169 1404 192 ut
1428 165 1600 198 exaudiatur,
1624 169 1653 192 ut

21 214 66 247 τὴν
81 213 131 246 τῆς
148 211 264 247 Μάρθας
282 211 432 246 ὑπόληψιν,
453 212 521 244 ἀλλ’,
537 221 546 238 ι
566 210 639 244 οἶδα,
658 213 752 247 φησιν,
770 213 809 238 ὃτι

21 258 137 285 παντοτέ
155 267 205 292 μου
222 257 343 289 ἀκούεις,
363 267 372 283 ι
391 257 429 288 ὡς
446 258 590 291 ὁμοουσίου
606 257 653 283 τοῦ
670 257 748 288 Υίοῦ,
764 258 811 284 καὶ

20 306 47 331 οὗ
68 304 150 339 χρεία
170 313 214 338 μοι
235 303 329 339 εὐχῆς,
348 303 416 330 ἀλλὰ
436 303 479 330 διὰ
499 304 545 330 τὸν
564 305 728 339 παρεστῶτα
747 304 810 331 λαὸν

20 350 104 376 nuta
120 349 205 379 λαλῶ,
222 349 264 376 ἵνα
280 349 381 381 γνῶσιν
398 350 534 384 ἰσοτιμίαν
549 350 656 385 Πατρὸς
671 351 718 376 καὶ
734 350 809 378 Υἱοῦ.

22 396 68 422 Διὰ
83 395 189 422 τούτων
204 395 232 422 δὲ
250 396 437 430 προτρέπεται
455 395 502 422 καὶ
519 396 593 430 ἡμᾶς
611 396 703 431 εὐχαῖς
725 396 811 422 ίλεοῦ-

23 441 82 469 σθαι
97 442 128 469 τὸ
144 442 221 468 Θεῖον
237 442 297 474 ἀεὶ,
314 442 360 469 καὶ
377 442 406 469 τὸ
421 443 470 476 τῆς
486 442 575 477 ψυχῆς
593 442 705 469 ὀπτικὸν
721 443 811 477 αι’ρειν

22 488 72 514 ἀπὸ
93 487 148 514 τῶν
167 487 346 522 χαμαιζήλων
367 487 512 522 νοημάτων
534 487 601 522 πρὸς
623 487 653 513 τὸ
676 486 742 522 ὕψος
762 489 811 523 τῆς

21 533 148 568 θεωρίας.

55 589 64 604 ι
89 579 145 605 Καὶ
166 577 254 605 ταῦτα
278 578 375 610 εἰπὼν,
398 579 473 613 φωνῇ
502 578 608 613 μεγάλῃ
633 578 810 614 ἑκραύγασεο

20 624 141 659 Λάζαρε,
164 624 244 660 δεῦρο
267 625 331 657 ἔξω.
357 634 366 650 ι
391 624 447 650 Καὶ
470 624 518 659 τὴν
543 625 681 660 θυγατέρα
698 625 811 660 Ἰαείρου

20 670 189 705 ἐγηγερκὼς,
212 671 261 697 καὶ
281 670 327 696 τὸν
347 670 405 696 υἱὸν
426 670 476 704 τῆς
498 670 585 705 χήρας
606 670 810 705 ἑζωοποιηκὼς,

20 715 47 740 ιῦ
64 714 192 747 φαίνεται
211 714 318 750 μεγάλῃ
336 716 411 750 φωνῇ
431 715 586 750 κεκραγὼς.
605 715 672 742 ἀλλὰ
686 717 719 751 τῇ
739 718 810 751 χειρὶ

21 760 214 794 κεκρατηκὼς,
232 761 279 787 καὶ
297 762 390 796 ἡρέμα
409 761 593 796 πεφωνηκὼς,
611 763 642 796 τῇ
658 763 709 797 μέν
722 771 729 778 ·
748 772 757 788 ι
778 763 809 790 Ἡ

20 807 100 837 παῖς,
123 805 232 840 ἐγείρου
255 814 263 821 ·
285 806 324 840 τῷ
351 807 398 832 δέ·
422 816 431 832 ι
457 807 503 838 Σὺ,
525 806 606 840 λέγω.
630 807 772 842 ἀνάστηθι.
797 817 805 834 r

27 850 157 878 Ἐνταῦθα
173 851 200 877 δὲ
219 850 381 886 διαπρύσιον
398 851 529 886 κέκραγε.
547 851 642 883 Arari;
657 852 719 879 ’Ότι
738 853 808 879 ὲκεί-

20 906 68 923 νιυν
81 897 247 931 προσφάτως
261 898 441 932 τεθνηκότων,
457 897 542 931 ἐγγύς
557 906 607 924 που
621 898 667 925 τοῦ
683 899 808 934 σώματος

21 942 108 977 παρῆν
126 943 142 977 ἡ
161 943 235 978 ψυχὴ
255 944 393 978 (πατρική
413 943 467 978 γὰρ
485 944 559 978 ἡμᾶς
579 943 655 978 φωνὴ
673 944 806 977 δυσωπεῖ,

19 989 53 1020 ὡς
72 989 155 1023 μέγρι
173 989 223 1023 τῆς
240 989 336 1024 τρίτης
354 990 461 1024 ἡμέρας
477 991 494 1024 ἡ
513 990 585 1024 ψυχὴ
601 989 631 1016 τὸ
648 991 713 1018 ι’διον
730 991 808 1026 σῶμα

20 1035 251 1067 ἒπισκέπτεται),
276 1034 325 1070 τὴν
351 1035 378 1061 δὲ
406 1035 532 1070 Λαζάρου
558 1035 647 1071 ψυχὴν
673 1037 809 1072 μακρόθεν

19 1080 95 1106 ποθὲν
117 1080 336 1115 ἐκκαλούμενος,
366 1081 487 1115 κέκραγε
514 1081 620 1117 μεγάλῃ
643 1083 729 1118 φωνῇ.
755 1083 810 1109 Καὶ

21 1127 109 1162 ἐπειδὴ
122 1127 272 1162 προείρηκε
285 1129 340 1159 τοῖς
356 1127 505 1160 Ἰουδαίοις,
522 1138 530 1153 ι
544 1128 604 1154 Ὅτι
618 1128 727 1163 ἔρχεται
739 1129 808 1164 ὥρα,
826 1128 833 1138 ⁸

21 1174 62 1199 καὶ
79 1173 127 1200 νῦν
147 1174 234 1205 ἐστιν,
252 1174 295 1200 ὅτε
316 1174 342 1200 οἱ
361 1174 453 1209 νεκροὶ
471 1174 633 1202 ἀκούσονται
651 1175 701 1206 τῆς
718 1176 810 1211 φωνῆς

19 1219 62 1246 τοῦ
82 1219 146 1245 Υἱοῦ
166 1219 216 1246 τοῦ
237 1219 315 1251 Θεοίἱ,
334 1221 382 1246 καὶ
402 1221 427 1246 οἱ
449 1220 613 1252 ἀκούσοντες
636 1220 775 1256 ζήσανται,
798 1231 807 1247 r

21 1265 115 1299 πληροῖ
132 1264 164 1290 τὸ
187 1265 351 1299 ἐπάγγελμα
364 1273 371 1280 ’
394 1265 441 1292 καὶ
462 1265 506 1291 διὰ
524 1265 572 1300 τῆς
595 1265 698 1301 ὑψηλῆς
718 1268 811 1301 φωνῆς

22 1310 87 1346 ζωὴν
99 1311 138 1345 τῷ
154 1310 277 1346 κειμένῳ
292 1310 446 1346 χαρίζεται,
461 1311 505 1338 ἵνα
521 1312 615 1338 εἰδεῖεν
624 1312 676 1344 ὅτι,
688 1311 782 1348 ὥσπερ
798 1314 812 1339 ό

24 1357 128 1392 Πατὴρ,
150 1357 224 1383 οὕτω
239 1357 287 1383 καὶ
302 1358 316 1384 ό
343 1357 422 1389 Υἱὸς,
436 1357 482 1389 οὓς
498 1357 570 1384 θέλει
585 1358 720 1390 ζωοποιεῖ.
737 1358 811 1393 Αὕτη

22 1404 36 1437 ἡ
51 1403 124 1438 φωνὴ
141 1403 269 1429 σαλπίσει
285 1404 314 1429 ὲν
328 1405 360 1439 τῇ
378 1404 479 1439 ἐσχάτῃ
511 1404 602 1440 ἡμέρᾳ
616 1405 662 1431 καὶ
678 1405 702 1431 oi
719 1406 812 1440 νεκροὶ

22 1451 226 1485 ἀναστήσονται.
245 1450 322 1485 Τάχα
344 1450 372 1477 δὲ
397 1451 444 1477 καὶ
462 1451 493 1477 τὸ
516 1451 637 1486 ἐνεργὸν,
658 1453 704 1478 καὶ
729 1453 810 1486 μέγα,

863 211 966 239 Martha
982 211 1157 247 opinabatur,
1174 212 1220 239 sed
1238 221 1247 237 ι
1267 210 1341 244 Scio,
1358 210 1456 245 inquit,
1471 211 1533 245 quia
1547 219 1654 245 semper

862 265 906 285 ine
929 259 1018 290 audis,
1039 267 1048 284 ›
1066 263 1158 292 utpote
1182 257 1440 285 consubstantialem
1464 256 1580 290 Filium;
1602 265 1653 285 nec

862 305 927 332 mihi
951 305 1109 339 precatione
1125 312 1194 339 opus
1209 309 1261 335 est,
1276 304 1323 331 sed
1345 308 1455 338 propter
1471 303 1653 330 circumstan-

863 355 915 378 tem
934 351 1060 386 populum
1078 351 1134 378 haec
1153 351 1223 383 dico,
1239 355 1268 377 ut
1285 351 1373 378 Patris
1389 355 1416 376 et
1434 349 1493 376 Filii
1510 350 1651 383 :equalita-

863 399 917 423 tem
943 396 1102 431 intelligant.
1122 395 1168 423 His
1191 396 1272 423 etiam
1289 395 1380 422 verbis
1403 401 1451 421 nos
1468 395 1605 427 admonet,
1623 399 1652 422 ιιι

861 448 910 475 per
926 448 1020 476 preces
1034 441 1179 476 propitium
1196 441 1274 468 nobis
1290 441 1371 468 Deum
1388 440 1495 467 assidue
1507 439 1651 472 faciamus,

861 491 889 514 et
906 487 1006 514 mentis
1019 487 1126 514 oculunt
1142 495 1155 513 a
1172 487 1286 514 terrenis
1299 485 1509 521 cogitationibus
1522 486 1554 513 ad
1570 486 1653 513 cmle-

861 535 912 563 stia
929 535 1133 570 contemplanda
1151 535 1298 570 erigamus.

900 592 910 609 ι
935 582 998 611 Haec
1025 591 1086 611 cum
1115 583 1248 615 dixisset.
1275 592 1342 611 voce
1370 592 1466 620 magna
1491 584 1619 611 clamavit
1643 592 1650 611 :

863 628 974 662 Lazare,
1001 630 1060 656 veni
1077 629 1161 657 foras.
1181 639 1190 656 ι
1212 630 1242 656 Ει
1261 638 1322 657 rum
1342 629 1409 657 Jairi
1433 630 1514 657 filiam
1546 630 1649 656 excita-

862 675 911 705 vit.
925 679 952 701 et
968 683 1027 702 cum
1046 676 1133 702 vidum
1152 675 1235 702 filium
1258 677 1349 702 vivum
1367 676 1494 707 restituit,
1510 683 1562 702 nou
1585 675 1652 710 legi-

862 725 905 747 tur
919 728 985 748 voce
1003 729 1098 755 magna
1115 721 1258 754 clamasse,
1277 722 1323 749 sed
1345 729 1425 748 manu
1442 729 1488 748 eos
1505 727 1609 753 tenens,
1625 725 1653 747 et

863 767 966 793 modica
979 774 1044 794 usus
1058 775 1133 801 vace,
1153 767 1191 794 illi
1207 768 1315 802 quidem
1329 777 1336 795 :
1352 777 1361 793 ι
1380 767 1481 799 Puella,
1494 775 1573 802 surge
1588 767 1621 799 ",
1638 776 1648 792 ι

862 813 923 840 huic
937 820 1012 845 vero,
1033 821 1043 838 ι
1067 813 1126 841 Tibi
1152 814 1222 846 dii-0,
1237 822 1317 849 surge
1334 814 1366 847 ",
1388 823 1397 840 ι
1425 814 1468 841 hic
1489 821 1552 840 vero
1570 813 1651 840 velte:-

862 860 979 886 ineutius
1003 859 1142 888 clamavit.
1160 860 1229 893 Quid
1246 861 1317 888 hoc?
1334 861 1412 894 Quod
1433 868 1527 888 eorum
1545 861 1590 894 qui
1607 867 1651 887 re-

859 913 924 932 cens
940 911 1018 933 erant
1036 906 1133 933 mortui
1152 907 1219 941 (99),
1238 907 1324 934 vicina
1334 906 1534 941 quodammodo
1545 905 1651 939 corpori

859 955 917 977 erat
931 951 1020 977 anima
1037 951 1132 986 (terret
1146 953 1218 979 enim
1235 960 1283 979 nos
1301 952 1423 979 horribili
1438 954 1528 985 specie
1543 958 1593 977 vox
1608 950 1651 977 illa

861 996 981 1030 Patrum,
994 998 1064 1031 quod
1077 998 1203 1024 nimirum
1216 999 1249 1024 ad
1263 997 1372 1025 tertium
1385 1005 1469 1032 usque
1480 997 1550 1023 dictu
1562 996 1651 1022 anima

860 1042 996 1076 proprium
1008 1050 1107 1077 corpus
1119 1043 1236 1078 invisit),
1254 1043 1348 1070 Lazari
1364 1050 1430 1070 vero
1446 1043 1564 1069 animam
1582 1038 1652 1068 velut

860 1093 874 1112 ο
897 1087 1044 1122 longinquo
1064 1088 1216 1118 revocarit,
1240 1087 1368 1114 clamavit
1392 1094 1457 1114 voce
1488 1093 1595 1120 magna.
1621 1084 1652 1111 Et.

860 1133 986 1166 quoniam
1012 1134 1174 1168 praedixerat
1201 1134 1311 1165 Iudaeis,
1341 1143 1349 1159 ι
1370 1133 1445 1166 Quod
1471 1133 1544 1159 venit
1572 1133 1648 1161 hora.

861 1184 888 1205 et
908 1187 978 1206 nunc
996 1183 1055 1211 est,
1084 1180 1193 1214 quando
1222 1180 1318 1206 morttti
1345 1179 1454 1206 audient
1469 1186 1561 1206 vocem
1591 1177 1649 1204 Filii

862 1224 927 1256 Dei,
954 1229 978 1251 et
1005 1225 1049 1259 qui
1079 1225 1226 1257 audierint,
1245 1225 1388 1258 vivent",
1412 1234 1421 1251 ι
1447 1225 1651 1259 prmdictionem

862 1270 966 1304 implet,
984 1274 1040 1297 tum
1064 1271 1146 1297 etiam
1173 1278 1222 1305 per
1244 1270 1325 1297 altam
1353 1270 1424 1297 illam
1450 1278 1542 1297 V'OCt‘Ill
1569 1270 1652 1297 vitam

864 1315 964 1342 homini
986 1315 1041 1349 jam
1059 1316 1184 1350 deposito
1204 1317 1327 1348 redonat,
1346 1321 1374 1343 ut
1393 1316 1555 1350 intelligant,
1581 1317 1652 1350 quod

861 1361 932 1389 sicut
946 1361 1038 1394 Pater,
1053 1362 1089 1389 ita
1113 1367 1140 1388 et
1164 1362 1259 1394 Filius,
1283 1370 1351 1396 quos
1365 1363 1421 1389 vult
1446 1363 1575 1389 viviﬁcat.
1592 1361 1654 1389 Haec

862 1415 917 1434 vox
935 1407 1071 1434 resonabit
1095 1413 1219 1434 extremo
1244 1408 1298 1439 die,
1322 1412 1349 1435 et
1373 1408 1471 1434 mortui
1499 1411 1653 1441 resurgeut.

864 1453 1000 1480 Fortassis
1015 1453 1096 1480 etiam
1113 1453 1313 1486 emcaritatem,
1330 1458 1357 1481 et
1374 1453 1439 1486 vim,
1456 1458 1482 1480 et
1505 1453 1653 1488 potentiam

22 1495 65 1520 καὶ
75 1494 105 1520 τὸ
121 1494 233 1530 ἰσχυρὸν
247 1495 292 1521 τοῦ
308 1495 387 1529 λόγου
404 1496 524 1530 σημάναι
539 1496 703 1531 βουλόμενός
716 1506 810 1532 φησιν,

900 1499 990 1534 luendi
1014 1499 1167 1534 significare
1194 1492 1363 1534 Evangelista
1389 1500 1493 1532 volens,
1521 1499 1654 1527 clamasse

23 1541 55 1571 ὡς
67 1540 223 1575 ὲκραύγασε
243 1542 316 1576 φωνῇ
333 1541 455 1577 μεγάλῃο
474 1541 591 1577 τοσαύτη
612 1543 666 1577 γάρ
685 1552 725 1573 τις
739 1541 772 1577 ἦν
784 1545 812 1570 ἐν

22 1587 50 1620 τῇ
66 1587 140 1620 φωνῇ
158 1586 174 1620 ὴ
193 1586 279 1620 ἰσχὺς,
300 1586 369 1612 ὥστε
391 1586 508 1622 παρείθη
528 1587 576 1619 μὲν
597 1588 644 1613 τοῦ
659 1587 722 1622 ᾅδου
737 1589 752 1624 ἡ
768 1588 812 1614 δύο

24 1638 107 1665 ναμις,
124 1632 140 1666 ἠ
156 1631 231 1666 ψυχὴ
247 1631 275 1657 δὲ
293 1631 389 1658 οᾶττον
405 1632 500 1658 ἐκτῶν
512 1632 631 1659 νεκάδων
647 1633 770 1668 ἀνέθηρε,
784 1634 813 1660 τὸ

25 1676 47 1703 Et
60 1677 184 1704 διαλυθὲν
200 1678 251 1713 ἠδη
269 1678 348 1714 σῶμα
365 1679 482 1713 ίσχυρῶ;
497 1688 527 1705 τε
544 1679 694 1714 ὲτετόνητο,
712 1681 757 1706 καὶ
772 1680 815 1707 διὰ

55 1742 75 1758 ⁸⁸
91 1741 189 1769 Matth.
214 1749 253 1773 tx,
276 1741 322 1770 25.
360 1743 383 1758 ⁸⁵
404 1742 468 1770 Luc.
488 1750 537 1776 vti,
561 1743 604 1770 44.

643 1744 666 1760 ⁸³
683 1743 760 1770 Joan.
775 1752 801 1774 ν,
815 1744 859 1771 25.

863 1552 928 1572 voce
945 1553 1041 1579 magna
1064 1545 1138 1573 dicit.
1155 1545 1239 1573 Tanta
1256 1547 1327 1573 eniut
1345 1546 1371 1572 in
1390 1545 1434 1572 illa
1451 1553 1517 1573 voce
1535 1545 1576 1572 vis
1593 1544 1652 1577 fuit,

864 1596 892 1617 ut
909 1597 936 1618 et
952 1591 1100 1625 inferorum
1120 1592 1237 1626 potentia
1265 1591 1382 1619 refracta
1401 1591 1446 1624 sit,
1460 1596 1486 1619 et
1500 1592 1591 1618 anima
1607 1599 1654 1619 ce-

864 1636 957 1663 Ieritcr
972 1644 1004 1663 ex
1023 1637 1136 1664 mortuis
1152 1637 1302 1668 exsiluerit,
1320 1644 1419 1671 corpus
1435 1643 1498 1664 vero
1510 1636 1566 1671 jam
1581 1630 1656 1663 reso-

865 1681 949 1708 lutuin
965 1687 1181 1718 coagmentatum
1203 1682 1283 1710 fuerit
1299 1688 1326 1710 et
1339 1683 1548 1715 confirmatum;
1564 1682 1655 1715 itaque

636 1802 795 1833 Francisci
818 1803 921 1834 Scorsi
942 1807 1037 1835 noun.

27 1856 106 1883 Simul
135 1860 221 1882 etiam
248 1854 365 1882 ostendit
380 1862 410 1882 se
437 1862 491 1882 non
515 1855 594 1881 modo
623 1861 651 1882 ut
677 1856 813 1882 hominem

26 1899 72 1918 non
85 1898 144 1918 esse
160 1891 331 1917 contrarium
362 1890 425 1917 Deo.
447 1891 492 1916 sed
506 1895 533 1914 ut
552 1889 596 1916 Dei
614 1890 710 1916 Filium
731 1891 769 1917 illi
784 1897 813 1917 se

25 1926 148 1960 a-qualem
161 1933 236 1957 esse,
252 1932 312 1951 cum
324 1924 362 1951 ait
380 1933 388 1951 :
408 1924 476 1960 Quin
491 1932 592 1958 semper
606 1933 645 1951 me
658 1926 747 1957 audis,
764 1933 813 1951 nec

27 1959 143 1995 indigere
170 1960 330 1995 precatione
355 1960 388 1986 ad
415 1959 533 1990 Patrem,
559 1961 607 1986 sed
628 1965 739 1994 propter
759 1961 813 1987 cir-

26 1994 204 2022 ctittistaiitent
222 1994 350 2029 populum
368 1995 460 2021 eauti.

70 2030 114 2062 99)
135 2030 214 2062 Quod
230 2037 329 2060 eorum,
347 2030 392 2064 qui
418 2037 506 2057 ret-em
529 2035 602 2057 erant
623 2030 729 2056 mortui.
757 2030 812 2056 Cur

27 2065 144 2092 Christus
158 2072 255 2098 magna
269 2071 335 2091 voce
353 2066 378 2090 in
389 2065 540 2091 revocando
553 2066 587 2091 ab
599 2064 694 2090 inferis
710 2064 813 2092 Lazaro

29 2108 86 2127 usus
103 2101 150 2132 sit,
164 2106 278 2126 causam
303 2107 362 2126 eam
381 2099 497 2126 atl‘eruut
521 2100 653 2130 nonnulli,
675 2107 707 2126 cx
725 2101 812 2125 inter-

29 2135 160 2167 pretibus,
188 2141 268 2168 quam
295 2135 376 2160 etiam
405 2140 495 2161 nostcr
520 2134 630 2161 Cornel.
662 2142 676 2160 a
708 2134 812 2168 Lapide

30 2171 114 2200 refert,
129 2175 158 2197 et
178 2169 251 2196 inter
266 2168 335 2196 alias
351 2169 464 2202 recipit;
484 2173 512 2196 ut
527 2169 693 2204 signiﬁcaret
708 2169 812 2196 scilicet

29 2213 56 2232 se
69 2205 187 2232 animam
214 2204 309 2230 Lazari
329 2211 361 2230 ex
388 2204 534 2238 longinquo
573 2209 599 2231 et
617 2209 721 2230 remoto
743 2204 812 2235 loco,

30 2247 55 2265 ut
69 2246 129 2273 ptlia
145 2247 178 2266 ex
196 2238 280 2265 limbo
295 2238 405 2265 Patrum
436 2243 461 2264 et
481 2244 576 2266 centro
591 2243 669 2265 terra:
687 2247 815 2267 evocare.

30 2274 245 2309 Theophylactus
274 2273 356 2300 etiam
380 2273 481 2309 aliquid
510 2274 592 2309 addit
612 2273 760 2308 singulare,
787 2279 817 2300 ut

31 2308 152 2336 nimirum
181 2316 229 2335 ora
244 2308 385 2342 gentilium
408 2308 559 2336 refrenarct
581 2308 761 2336 fabulantium
788 2309 814 2335 in

32 2344 134 2370 tumulis
150 2351 212 2370 esse
228 2344 333 2370 animas
351 2343 402 2370 vita
419 2342 607 2370 defunctorum
627 2352 634 2370 :
652 2351 714 2370 nam
736 2343 814 2378 quasi

32 2379 93 2406 foris
120 2386 181 2406 eam
213 2379 328 2406 advocat
358 2386 405 2412 per
437 2379 596 2406 clamorem.
630 2378 815 2412 Eamdeinque

33 2415 111 2440 ferme
133 2421 245 2440 causam
273 2414 316 2440 hic
345 2413 525 2446 Theophanes
542 2421 602 2440 cum
629 2414 735 2440 caeteris
756 2421 815 2448 quae

33 2448 96 2475 infra
110 2449 243 2483 congerit,
259 2448 380 2475 adducit.
394 2448 446 2475 Sed
463 2453 489 2475 et
507 2449 594 2475 innuit
620 2448 701 2474 alium
717 2456 814 2482 quein-

33 2484 88 2511 dam
101 2482 220 2510 errorem
238 2484 279 2510 vel
302 2483 401 2510 anilem
429 2483 565 2515 fabellam,
588 2483 659 2517 quod
682 2482 751 2509 intra
767 2483 815 2509 tri-

34 2519 107 2545 duum
116 2519 421 2553 deuiorluornnilanima:
429 2519 567 2553 prOprium
575 2525 673 2551 corpus
684 2518 813 2553 revisant,

33 2561 62 2580 eo
74 2557 181 2588 peracto
204 2553 310 2586 longius
336 2552 493 2588 abscedant.
517 2554 569 2580 Sed
592 2561 650 2580 ea-u
675 2560 726 2579 non
743 2552 815 2578 aﬂir-

34 2587 124 2615 mando
138 2588 239 2619 innuit,
260 2589 307 2614 sed
327 2587 470 2615 referendo
494 2589 581 2615 solum
607 2593 633 2615 et
652 2587 812 2618 dubi'audo,

34 2624 91 2656 quin
107 2625 187 2650 etiam
205 2623 339 2656 negando,
359 2623 382 2650 si
401 2631 449 2657 per
465 2623 706 2656 interrogationem
724 2622 814 2655 legan-

35 2663 72 2684 tur
87 2665 117 2685 ea
133 2658 224 2689 verba,
237 2657 298 2693 Ὀτι
320 2657 433 2684 ἐκείνων
447 2658 610 2693 προσφάτως
633 2657 814 2692 τεθνηκότων,

35 2699 112 2726 usque
127 2695 160 2719 ad
181 2692 392 2727 ἐκκαλούμενος.
409 2693 441 2720 Et
470 2692 578 2727 quidem
597 2700 644 2727 per
665 2692 816 2726 interroga-

37 2728 126 2753 tionem
141 2735 203 2755 esse
228 2727 353 2761 legenda,
369 2732 461 2754 mouet
484 2730 622 2761 exemplar
639 2727 698 2754 Gal.
719 2727 744 2752 in
761 2735 815 2760 quo

37 2763 149 2797 apposita
177 2763 354 2797 interrogatio
380 2763 412 2789 ad
439 2763 549 2797 verbum
563 2782 570 2794 ,
589 2761 792 2796 ἐκκαλούμενος
806 2782 813 2793 ,

36 2796 91 2823 licet
111 2805 168 2824 eam
194 2804 244 2824 non
262 2796 408 2830 pfwferant
427 2798 454 2824 P.
477 2803 505 2824 et
524 2796 556 2823 V.
582 2798 661 2824 codd.
678 2797 724 2823 sed
749 2797 816 2823 satis

37 2830 108 2859 habui
131 2832 212 2861 unius
237 2832 298 2860 cod.
319 2833 528 2866 auctoritatem;
553 2836 581 2860 ut
606 2839 665 2861 eam
690 2833 772 2860 etiam
788 2831 815 2859 iu

866 1865 923 1883 mea
942 1857 1061 1884 editione
1076 1864 1252 1890 apponerem,
1272 1857 1344 1890 quod
1361 1863 1426 1883 sane
1441 1864 1473 1884 ex
1491 1864 1550 1884 meo
1568 1858 1653 1885 solum

864 1899 956 1923 sensu,
976 1893 1100 1920 unimvis
1124 1892 1163 1918 sic
1190 1891 1398 1922 existimaSsnm,
1415 1892 1473 1918 sine
1492 1892 1543 1918 ulla
1562 1899 1656 1920 aucto.

865 1927 944 1953 ritate
960 1926 1087 1958 alliugere
1114 1933 1166 1953 non
1183 1934 1272 1953 essem
1291 1934 1382 1953 ausus.
1401 1926 1496 1954 Frclus
1521 1928 1609 1960 itaque
1623 1936 1655 1956 ca

862 1962 995 1995 scriptura
1005 1961 1038 1987 G.
1051 1961 1125 1992 cml.,
1141 1961 1179 1987 sic
1192 1968 1289 1987 en-nseo
1305 1961 1446 1994 legendum
1462 1961 1534 1988 hunc
1547 1962 1633 1989 locum
1646 1971 1654 1995 ;

863 2001 965 2032 llﬂlnrel
995 1996 1080 2032 facilis
1108 1995 1297 2032 scri_|ieuti»est
1316 1996 1655 2032 nomnuiusinterroga-

868 2031 949 2057 tionis
965 2031 1093 2063 ontissio;
1112 2034 1138 2056 et
1153 2029 1345 2063 Theophanem
1366 2030 1466 2064 alioqui
1490 2029 1620 2062 doctum:
1630 2037 1657 2059 et

868 2066 912 2098 qui
935 2066 997 2092 aliis
1015 2066 1109 2092 harum
1132 2064 1305 2091 ltomiliarmn
1335 2065 1401 2091 loris
1425 2065 1525 2092 similes
1550 2066 1656 2093 fabulas

868 2101 969 2127 acriter
985 2100 1103 2127 refutare
1119 2099 1197 2131 solet,
1217 2104 1245 2125 ut
1269 2100 1341 2126 ltom.
1361 2100 1396 2126 5'5
1419 2100 1510 2126 videre
1527 2106 1580 2132 est,
1602 2109 1655 2128 non

868 2135 985 2162 arbitror
1004 2135 1028 2161 id
1053 2143 1086 2162 ex
1114 2142 1163 2161 suo
1188 2134 1288 2161 dixisse
1312 2142 1462 2167 consensu;
1481 2143 1514 2161 cn
1529 2144 1542 2159 ιι
1562 2136 1656 2168 etiam,

869 2172 942 2197 hom.
964 2170 997 2195 du
1012 2169 1165 2196 liliovidum
1190 2176 1274 2202 nuper
1292 2175 1407 2200 mortuo,
1426 2170 1591 2198 contrarium
1608 2171 1657 2197 do-

827 2193 936 2236 Dceat,
954 2205 1072 2231 :tttitnam
1097 2205 1204 2230 scilicet
1228 2193 1304 2230 illius
1329 2211 1361 2230 ex
1386 2193 1571 2231 subterraneis
1590 2205 1657 2232 locis

868 2241 1041 2268 diversatum,
1055 2240 1088 2265 ab
1098 2240 1130 2265 iis
1140 2248 1153 2265 a
1165 2239 1275 2265 Christo
1286 2239 1366 2265 fuisse
1378 2240 1580 2267 revocatam.'0
1596 2240 1657 2273 μὲν,

868 2274 954 2310 inquit
970 2274 1017 2305 ibi,
1036 2275 1102 2310 ᾷδης
1117 2273 1228 2310 ἐλέλυτο
1238 2294 1245 2304 ,
1262 2274 1278 2308 ἡ
1291 2274 1319 2299 δὲ
1333 2273 1406 2310 ψυχὴ
1420 2275 1452 2299 ὲκ
1466 2274 1520 2300 τῶν
1538 2275 1657 2301 νεκὰδων

866 2309 988 2343 ἀνέθορε.
1007 2308 1101 2336 εονΙιιια
1113 2315 1174 2335 sunt
1188 2308 1330 2342 inferorum
1342 2308 1476 2339 claustra,
1492 2313 1516 2335 ct
1534 2317 1566 2336 ea:
1589 2318 1659 2335 mor-

868 2345 920 2371 tuis
937 2344 1067 2378 prosilivit
1095 2345 1199 2371 anima.
1222 2343 1288 2370 Vide
1310 2351 1370 2377 quae
1401 2344 1435 2370 ibi
1469 2345 1657 2370 adnotavimus

867 2383 923 2406 not.
940 2378 987 2407 22.
1006 2378 1123 2405 Verbum
1142 2384 1230 2406 autem
1246 2378 1366 2405 δυσωπεῖ
1385 2386 1416 2405 eo
1432 2379 1520 2409 modo,
1543 2387 1596 2412 quo
1616 2384 1659 2406 est

866 2423 880 2440 a
900 2415 977 2440 nobis
990 2415 1138 2446 redditum,
1157 2418 1304 2446 usurpatur
1325 2414 1360 2440 ab
1384 2413 1445 2440 aliis
1470 2414 1658 2447 scriptoribus,

866 2454 894 2475 nt
912 2458 925 2474 ιι
943 2448 1088 2476 Plutarcho
1112 2450 1138 2474 in
1156 2449 1256 2475 Solone
1272 2457 1278 2476 :
1296 2453 1326 2484 et
1349 2448 1459 2484 etyinol.
1482 2449 1596 2480 suadet;
1613 2449 1657 2484 di-

866 2485 937 2511 citur
965 2485 1037 2510 enim
1065 2492 1079 2510 a
1101 2484 1287 2510 contrahenda
1315 2483 1414 2516 fronte,
1441 2483 1569 2510 nimirum
1596 2483 1657 2516 quia

869 2519 1023 2552 Itnjusmodi
1044 2518 1138 2549 κακῶς
1167 2518 1258 2552 ἔχουσι
1277 2519 1339 2549 τοὺς
1355 2515 1443 2549 ὦπας.
1461 2518 1574 2553 Etyinol.
1602 2515 1660 2543 ina-

867 2562 948 2587 gnuut
971 2553 1165 2583 δυσωπεῖσθαι,
1185 2553 1351 2587 ὑφορᾶσθαι,
1363 2552 1503 2587 φοεεῐσθαι
1520 2553 1579 2584 μεθ’
1593 2553 1658 2578 imo-

866 2589 952 2621 νοίας,
968 2589 1061 2615 terreri
1076 2595 1123 2621 per
1134 2588 1252 2622 aliquam
1262 2589 1455 2621 suspicionem.
1470 2588 1506 2614 Ex
1519 2588 1568 2614 hoc
1578 2588 1660 2619 igitur

867 2624 1004 2650 intellectu
1020 2623 1126 2650 ridetur
1142 2623 1178 2649 ita
1201 2623 1394 2656 propemodum
1409 2622 1591 2656 Theophanes
1612 2630 1659 2654 per

869 2658 940 2685 illam
962 2657 1239 2693 parenthesimloqui
1257 2666 1264 2686 :
1279 2657 1329 2684 Hic
1352 2665 1367 2684 a
1392 2657 1518 2684 Pati-ibus
1540 2658 1660 2684 trailitns

869 2693 946 2719 nobis
962 2691 1063 2725 sermo,
1080 2691 1159 2718 veluti
1177 2693 1314 2727 quoddam
1332 2693 1435 2725 puerile
1453 2693 1660 2719 to-rriculmuen-

868 2733 923 2754 tum
945 2733 972 2755 et.
999 2728 1158 2762 φάντασμα,
1172 2735 1221 2754 nos
1239 2732 1369 2760 exterret,
1396 2728 1467 2762 quod
1481 2729 1514 2753 ad
1541 2727 1658 2754 triduum

868 2771 953 2796 usque
981 2764 1079 2790 anima:
1105 2763 1225 2790 iuvisant
1248 2769 1375 2797 corpora,
1397 2770 1412 2789 a
1438 2762 1537 2797 quibus
1559 2769 1658 2789 exces-

867 2803 964 2826 Sel‘lnl.
