  <div class='ocr_page' id='page_1' title='image "/cluster/home/n/w/nwhite01/storage/ocr_20150623/132/njp.32101077773081/302.png"; bbox 0 0 1883 3053; ppageno 0'>
   <div class='ocr_carea' id='block_1_1' title="bbox 0 154 784 196">
    <p class='ocr_par' dir='ltr' id='par_1_1' title="bbox 0 154 784 193">
     <span class='ocr_line' id='line_1_1' title="bbox 0 154 784 193; baseline 0.01 -8"><span class='ocrx_word' id='word_1_1' title='bbox 0 154 42 186; x_wconf 54' lang='lat'><strong>315</strong></span> <span class='ocrx_word' id='word_1_2' title='bbox 688 163 770 193; x_wconf 80' lang='lat' dir='ltr'><strong>110M</strong></span> <span class='ocrx_word' id='word_1_3' title='bbox 777 163 784 192; x_wconf 92' lang='grc'><strong>1</strong></span> 
     </span>
    </p>
   </div>
   <div class='ocr_carea' id='block_1_2' title="bbox 854 154 979 196">
    <p class='ocr_par' dir='ltr' id='par_1_2' title="bbox 873 164 979 196">
     <span class='ocr_line' id='line_1_2' title="bbox 873 164 979 196; baseline 0 -2"><span class='ocrx_word' id='word_1_4' title='bbox 873 164 979 196; x_wconf 81' lang='lat' dir='ltr'><strong>XXVI.</strong></span> 
     </span>
    </p>
   </div>
   <div class='ocr_carea' id='block_1_3' title="bbox 1578 167 1634 199">
    <p class='ocr_par' dir='ltr' id='par_1_3' title="bbox 1578 167 1634 199">
     <span class='ocr_line' id='line_1_3' title="bbox 1578 167 1634 199; baseline 0 0"><span class='ocrx_word' id='word_1_5' title='bbox 1578 167 1634 199; x_wconf 65' lang='grc'><strong>546</strong></span> 
     </span>
    </p>
   </div>
   <div class='ocr_carea' id='block_1_4' title="bbox 3 212 784 259">
    <p class='ocr_par' dir='ltr' id='par_1_4' title="bbox 3 212 781 259">
     <span class='ocr_line' id='line_1_4' title="bbox 3 212 781 259; baseline 0.01 -21"><span class='ocrx_word' id='word_1_6' title='bbox 3 212 208 259; x_wconf 72' lang='grc' dir='ltr'><strong>νανθρὼπησιν</strong></span> <span class='ocrx_word' id='word_1_7' title='bbox 224 223 232 231; x_wconf 78' lang='grc' dir='ltr'><strong>ο</strong></span> <span class='ocrx_word' id='word_1_8' title='bbox 263 215 345 243; x_wconf 84' lang='grc' dir='ltr'>τοῦτο</span> <span class='ocrx_word' id='word_1_9' title='bbox 375 216 430 251; x_wconf 86' lang='grc' dir='ltr'><strong>γὰρ</strong></span> <span class='ocrx_word' id='word_1_10' title='bbox 459 218 479 259; x_wconf 32' lang='grc' dir='ltr'><strong>ὴ,</strong></span> <span class='ocrx_word' id='word_1_11' title='bbox 502 218 571 245; x_wconf 87' lang='grc' dir='ltr'><strong>Σιὼν</strong></span> <span class='ocrx_word' id='word_1_12' title='bbox 596 219 781 255; x_wconf 77' lang='grc' dir='ltr'><strong>ἑρμηνεύεται</strong></span> 
     </span>
    </p>
   </div>
   <div class='ocr_carea' id='block_1_5' title="bbox 854 212 1632 259">
    <p class='ocr_par' dir='ltr' id='par_1_5' title="bbox 858 219 1632 256">
     <span class='ocr_line' id='line_1_5' title="bbox 858 219 1632 256; baseline 0.004 -8"><span class='ocrx_word' id='word_1_13' title='bbox 858 219 908 248; x_wconf 64' lang='lat' dir='ltr'><strong>lace</strong></span> <span class='ocrx_word' id='word_1_14' title='bbox 923 227 1018 256; x_wconf 89' lang='lat' dir='ltr'><strong>nempe</strong></span> <span class='ocrx_word' id='word_1_15' title='bbox 1039 225 1081 248; x_wconf 86' lang='lat' dir='ltr'><strong>est</strong></span> <span class='ocrx_word' id='word_1_16' title='bbox 1098 220 1189 248; x_wconf 87' lang='lat' dir='ltr'><strong>Sionis</strong></span> <span class='ocrx_word' id='word_1_17' title='bbox 1208 219 1399 254; x_wconf 85' lang='lat' dir='ltr'><strong>interpretatio</strong></span> <span class='ocrx_word' id='word_1_18' title='bbox 1420 221 1471 256; x_wconf 88' lang='lat'><strong>(9).</strong></span> <span class='ocrx_word' id='word_1_19' title='bbox 1488 221 1548 256; x_wconf 81' lang='lat' dir='ltr'><strong>Ipsa</strong></span> <span class='ocrx_word' id='word_1_20' title='bbox 1560 225 1632 251; x_wconf 88' lang='lat' dir='ltr'><strong>enim</strong></span> 
     </span>
    </p>
   </div>
   <div class='ocr_carea' id='block_1_6' title="bbox 0 257 792 299">
    <p class='ocr_par' dir='ltr' id='par_1_6' title="bbox 0 257 792 299">
     <span class='ocr_line' id='line_1_6' title="bbox 0 257 792 299; baseline 0.01 -15"><span class='ocrx_word' id='word_1_21' title='bbox 0 257 66 293; x_wconf 72' lang='grc' dir='ltr'><strong>ιῦτη</strong></span> <span class='ocrx_word' id='word_1_22' title='bbox 101 261 161 295; x_wconf 81' lang='grc' dir='ltr'>γὰρ</span> <span class='ocrx_word' id='word_1_23' title='bbox 189 260 230 295; x_wconf 84' lang='grc' dir='ltr'>τῷ</span> <span class='ocrx_word' id='word_1_24' title='bbox 259 260 311 295; x_wconf 85' lang='grc' dir='ltr'>τῆς</span> <span class='ocrx_word' id='word_1_25' title='bbox 336 257 564 297; x_wconf 72' lang='grc' dir='ltr'><strong>εἰδωλολατρείας</strong></span> <span class='ocrx_word' id='word_1_26' title='bbox 580 266 792 299; x_wconf 81' lang='grc' dir='ltr'>καταφρυγεῐσα</span> 
     </span>
    </p>
   </div>
   <div class='ocr_carea' id='block_1_7' title="bbox 0 304 791 344">
    <p class='ocr_par' dir='ltr' id='par_1_7' title="bbox 0 304 791 344">
     <span class='ocr_line' id='line_1_7' title="bbox 0 304 791 344; baseline 0.011 -16"><span class='ocrx_word' id='word_1_27' title='bbox 0 304 129 339; x_wconf 74' lang='grc' dir='ltr'><strong>ιλογμῷ,</strong></span> <span class='ocrx_word' id='word_1_28' title='bbox 150 305 230 341; x_wconf 55' lang='lat' dir='ltr'><strong>sarta</strong></span> <span class='ocrx_word' id='word_1_29' title='bbox 250 306 373 339; x_wconf 86' lang='grc' dir='ltr'><strong>διακαῶς</strong></span> <span class='ocrx_word' id='word_1_30' title='bbox 387 307 434 334; x_wconf 84' lang='grc' dir='ltr'><strong>τοῦ</strong></span> <span class='ocrx_word' id='word_1_31' title='bbox 456 308 558 340; x_wconf 75' lang='grc' dir='ltr'><strong>ζῶντος</strong></span> <span class='ocrx_word' id='word_1_32' title='bbox 574 309 670 342; x_wconf 78' lang='grc' dir='ltr'><strong>ὓδατος</strong></span> <span class='ocrx_word' id='word_1_33' title='bbox 691 309 791 344; x_wconf 79' lang='grc' dir='ltr'>γεύσα-</span> 
     </span>
    </p>
   </div>
   <div class='ocr_carea' id='block_1_8' title="bbox 0 349 792 391">
    <p class='ocr_par' dir='ltr' id='par_1_8' title="bbox 0 349 792 391">
     <span class='ocr_line' id='line_1_8' title="bbox 0 349 792 391; baseline 0.009 -15"><span class='ocrx_word' id='word_1_34' title='bbox 0 349 64 377; x_wconf 72' lang='grc' dir='ltr'><strong>ῡαι.</strong></span> <span class='ocrx_word' id='word_1_35' title='bbox 97 351 184 378; x_wconf 81' lang='grc' dir='ltr'><strong>Ἀλλὰ</strong></span> <span class='ocrx_word' id='word_1_36' title='bbox 204 352 247 384; x_wconf 79' lang='grc' dir='ltr'><strong>τις</strong></span> <span class='ocrx_word' id='word_1_37' title='bbox 271 361 336 379; x_wconf 85' lang='grc' dir='ltr'><strong>ποτε</strong></span> <span class='ocrx_word' id='word_1_38' title='bbox 348 351 382 389; x_wconf 83' lang='grc' dir='ltr'><strong>ἦν</strong></span> <span class='ocrx_word' id='word_1_39' title='bbox 403 354 418 389; x_wconf 84' lang='grc' dir='ltr'><strong>ἡ</strong></span> <span class='ocrx_word' id='word_1_40' title='bbox 436 354 582 381; x_wconf 81' lang='grc' dir='ltr'><strong>κατέναντι</strong></span> <span class='ocrx_word' id='word_1_41' title='bbox 600 356 692 391; x_wconf 84' lang='grc' dir='ltr'>κώμη,</span> <span class='ocrx_word' id='word_1_42' title='bbox 720 357 792 383; x_wconf 77' lang='grc' dir='ltr'><strong>κατὰ</strong></span> 
     </span>
    </p>
   </div>
   <div class='ocr_carea' id='block_1_9' title="bbox 1 396 792 436">
    <p class='ocr_par' dir='ltr' id='par_1_9' title="bbox 1 396 792 436">
     <span class='ocr_line' id='line_1_9' title="bbox 1 396 792 436; baseline 0.01 -15"><span class='ocrx_word' id='word_1_43' title='bbox 1 396 33 421; x_wconf 67' lang='grc' dir='ltr'><strong>ὸν</strong></span> <span class='ocrx_word' id='word_1_44' title='bbox 53 397 111 432; x_wconf 79' lang='grc' dir='ltr'><strong>τῆς</strong></span> <span class='ocrx_word' id='word_1_45' title='bbox 134 398 282 433; x_wconf 81' lang='grc' dir='ltr'><strong>ἀναγωγῆς</strong></span> <span class='ocrx_word' id='word_1_46' title='bbox 305 399 396 432; x_wconf 84' lang='grc' dir='ltr'><strong>λόγον,</strong></span> <span class='ocrx_word' id='word_1_47' title='bbox 422 401 491 435; x_wconf 81' lang='grc' dir='ltr'>πρὸς</span> <span class='ocrx_word' id='word_1_48' title='bbox 516 400 549 436; x_wconf 73' lang='grc' dir='ltr'>ἢν</span> <span class='ocrx_word' id='word_1_49' title='bbox 575 401 715 429; x_wconf 77' lang='grc' dir='ltr'><strong>στέλλεται</strong></span> <span class='ocrx_word' id='word_1_50' title='bbox 737 403 792 429; x_wconf 84' lang='grc' dir='ltr'>τῶν</span> 
     </span>
    </p>
   </div>
   <div class='ocr_carea' id='block_1_10' title="bbox 0 441 791 482">
    <p class='ocr_par' dir='ltr' id='par_1_10' title="bbox 0 441 791 482">
     <span class='ocr_line' id='line_1_10' title="bbox 0 441 791 482; baseline 0.009 -15"><span class='ocrx_word' id='word_1_51' title='bbox 0 441 132 476; x_wconf 70' lang='grc' dir='ltr'>ιαθητῶν</span> <span class='ocrx_word' id='word_1_52' title='bbox 148 444 165 478; x_wconf 80' lang='grc' dir='ltr'>ἡ</span> <span class='ocrx_word' id='word_1_53' title='bbox 181 443 265 477; x_wconf 53' lang='lat' dir='ltr'><strong>Such;</strong></span> <span class='ocrx_word' id='word_1_54' title='bbox 282 444 331 480; x_wconf 81' lang='grc' dir='ltr'><strong>(Τὸ</strong></span> <span class='ocrx_word' id='word_1_55' title='bbox 357 445 412 479; x_wconf 80' lang='grc' dir='ltr'><strong>γὰρ</strong></span> <span class='ocrx_word' id='word_1_56' title='bbox 434 446 484 480; x_wconf 79' lang='grc' dir='ltr'><strong>τῆς</strong></span> <span class='ocrx_word' id='word_1_57' title='bbox 506 445 628 481; x_wconf 81' lang='grc' dir='ltr'><strong>ἱστορίας</strong></span> <span class='ocrx_word' id='word_1_58' title='bbox 645 447 682 479; x_wconf 82' lang='grc' dir='ltr'>ὡς</span> <span class='ocrx_word' id='word_1_59' title='bbox 704 448 791 482; x_wconf 78' lang='grc' dir='ltr'><strong>ἐγνω-</strong></span> 
     </span>
    </p>
   </div>
   <div class='ocr_carea' id='block_1_11' title="bbox 0 488 791 528">
    <p class='ocr_par' dir='ltr' id='par_1_11' title="bbox 0 488 791 528">
     <span class='ocr_line' id='line_1_11' title="bbox 0 488 791 528; baseline 0.01 -15"><span class='ocrx_word' id='word_1_60' title='bbox 0 488 96 521; x_wconf 70' lang='grc' dir='ltr'><strong>’μένον</strong></span> <span class='ocrx_word' id='word_1_61' title='bbox 111 489 183 516; x_wconf 82' lang='grc' dir='ltr'><strong>πᾶσι</strong></span> <span class='ocrx_word' id='word_1_62' title='bbox 199 491 386 526; x_wconf 80' lang='grc' dir='ltr'><strong>παρήσομεν.)</strong></span> <span class='ocrx_word' id='word_1_63' title='bbox 404 491 452 523; x_wconf 87' lang='grc' dir='ltr'>Τίς</span> <span class='ocrx_word' id='word_1_64' title='bbox 474 489 521 518; x_wconf 80' lang='grc' dir='ltr'><strong>οὖν</strong></span> <span class='ocrx_word' id='word_1_65' title='bbox 542 492 609 528; x_wconf 77' lang='grc' dir='ltr'><strong>ἄλλη</strong></span> <span class='ocrx_word' id='word_1_66' title='bbox 621 514 628 525; x_wconf 91' lang='grc'><strong><em>,</em></strong></span> <span class='ocrx_word' id='word_1_67' title='bbox 647 491 752 528; x_wconf 71' lang='grc' dir='ltr'><strong>ῆοῦτος</strong></span> <span class='ocrx_word' id='word_1_68' title='bbox 776 495 791 521; x_wconf 85' lang='grc' dir='ltr'><strong>ό</strong></span> 
     </span>
    </p>
   </div>
   <div class='ocr_carea' id='block_1_12' title="bbox 0 533 790 572">
    <p class='ocr_par' dir='ltr' id='par_1_12' title="bbox 0 533 790 572">
     <span class='ocr_line' id='line_1_12' title="bbox 0 533 790 572; baseline 0.01 -14"><span class='ocrx_word' id='word_1_69' title='bbox 0 533 110 568; x_wconf 48' lang='lat' dir='ltr'><strong>ﬁcum,</strong></span> <span class='ocrx_word' id='word_1_70' title='bbox 137 535 152 561; x_wconf 86' lang='grc' dir='ltr'><strong>ό</strong></span> <span class='ocrx_word' id='word_1_71' title='bbox 175 534 210 561; x_wconf 80' lang='grc' dir='ltr'><strong>δι’</strong></span> <span class='ocrx_word' id='word_1_72' title='bbox 234 536 375 571; x_wconf 80' lang='grc' dir='ltr'><strong>ἁμαρτίας</strong></span> <span class='ocrx_word' id='word_1_73' title='bbox 404 538 527 570; x_wconf 77' lang='grc' dir='ltr'><strong>ἀποστὰς</strong></span> <span class='ocrx_word' id='word_1_74' title='bbox 554 539 599 565; x_wconf 81' lang='grc' dir='ltr'><strong>τοῦ</strong></span> <span class='ocrx_word' id='word_1_75' title='bbox 629 539 712 572; x_wconf 81' lang='grc' dir='ltr'>Θεοῦ,</span> <span class='ocrx_word' id='word_1_76' title='bbox 743 541 790 567; x_wconf 82' lang='grc' dir='ltr'><strong>καὶ</strong></span> 
     </span>
    </p>
   </div>
   <div class='ocr_carea' id='block_1_13' title="bbox 4 581 788 622">
    <p class='ocr_par' dir='ltr' id='par_1_13' title="bbox 4 581 788 622">
     <span class='ocr_line' id='line_1_13' title="bbox 4 581 788 622; baseline 0.009 -17"><span class='ocrx_word' id='word_1_77' title='bbox 4 581 166 612; x_wconf 76' lang='grc' dir='ltr'><strong>πεναντίας</strong></span> <span class='ocrx_word' id='word_1_78' title='bbox 194 583 359 616; x_wconf 52' lang='grc' dir='ltr'><strong>γενόμενος</strong></span> <span class='ocrx_word' id='word_1_79' title='bbox 389 583 495 619; x_wconf 85' lang='grc' dir='ltr'>Ὥσπερ</span> <span class='ocrx_word' id='word_1_80' title='bbox 521 583 568 610; x_wconf 82' lang='grc' dir='ltr'><strong>οὖν</strong></span> <span class='ocrx_word' id='word_1_81' title='bbox 594 585 623 610; x_wconf 82' lang='grc' dir='ltr'>ὲν</span> <span class='ocrx_word' id='word_1_82' title='bbox 649 585 739 621; x_wconf 79' lang='grc' dir='ltr'>ἐκείνῃ</span> <span class='ocrx_word' id='word_1_83' title='bbox 755 587 788 622; x_wconf 82' lang='grc' dir='ltr'><strong>τῇ</strong></span> 
     </span>
    </p>
   </div>
   <div class='ocr_carea' id='block_1_14' title="bbox 4 625 790 666">
    <p class='ocr_par' dir='ltr' id='par_1_14' title="bbox 4 625 790 666">
     <span class='ocr_line' id='line_1_14' title="bbox 4 625 790 666; baseline 0.009 -15"><span class='ocrx_word' id='word_1_84' title='bbox 4 625 73 660; x_wconf 79' lang='grc' dir='ltr'><strong>ώμῃ</strong></span> <span class='ocrx_word' id='word_1_85' title='bbox 97 626 206 662; x_wconf 80' lang='grc' dir='ltr'>Πέτρος</span> <span class='ocrx_word' id='word_1_86' title='bbox 220 628 268 654; x_wconf 78' lang='grc' dir='ltr'><strong>καὶ</strong></span> <span class='ocrx_word' id='word_1_87' title='bbox 287 627 417 662; x_wconf 81' lang='grc' dir='ltr'><strong>Ἰωάννης</strong></span> <span class='ocrx_word' id='word_1_88' title='bbox 433 629 632 664; x_wconf 77' lang='grc' dir='ltr'><strong>ἐκπέμπονται,</strong></span> <span class='ocrx_word' id='word_1_89' title='bbox 663 631 712 666; x_wconf 79' lang='grc' dir='ltr'><strong>τὴν</strong></span> <span class='ocrx_word' id='word_1_90' title='bbox 729 632 790 659; x_wconf 79' lang='grc' dir='ltr'>ὖνον</span> 
     </span>
    </p>
   </div>
   <div class='ocr_carea' id='block_1_15' title="bbox 3 671 789 714">
    <p class='ocr_par' dir='ltr' id='par_1_15' title="bbox 3 671 789 714">
     <span class='ocr_line' id='line_1_15' title="bbox 3 671 789 714; baseline 0.01 -17"><span class='ocrx_word' id='word_1_91' title='bbox 3 671 33 697; x_wconf 70' lang='grc' dir='ltr'><strong>αἱ</strong></span> <span class='ocrx_word' id='word_1_92' title='bbox 47 672 100 698; x_wconf 68' lang='grc' dir='ltr'><strong>τὸν</strong></span> <span class='ocrx_word' id='word_1_93' title='bbox 120 673 214 700; x_wconf 82' lang='grc' dir='ltr'><strong>πῶλον</strong></span> <span class='ocrx_word' id='word_1_94' title='bbox 227 674 399 709; x_wconf 76' lang='grc' dir='ltr'><strong>χομίσοντες,</strong></span> <span class='ocrx_word' id='word_1_95' title='bbox 414 675 501 707; x_wconf 79' lang='grc' dir='ltr'><strong>οὕτως</strong></span> <span class='ocrx_word' id='word_1_96' title='bbox 510 676 539 702; x_wconf 83' lang='grc' dir='ltr'><strong>ὲν</strong></span> <span class='ocrx_word' id='word_1_97' title='bbox 556 677 624 712; x_wconf 82' lang='grc' dir='ltr'><strong>τῷδε</strong></span> <span class='ocrx_word' id='word_1_98' title='bbox 636 677 674 713; x_wconf 86' lang='grc' dir='ltr'><strong>τῷ</strong></span> <span class='ocrx_word' id='word_1_99' title='bbox 695 678 789 714; x_wconf 83' lang='grc' dir='ltr'>κόσμῳ</span> 
     </span>
    </p>
   </div>
   <div class='ocr_carea' id='block_1_16' title="bbox 0 718 787 761">
    <p class='ocr_par' dir='ltr' id='par_1_16' title="bbox 0 718 787 761">
     <span class='ocr_line' id='line_1_16' title="bbox 0 718 787 761; baseline 0.009 -17"><span class='ocrx_word' id='word_1_100' title='bbox 0 718 137 752; x_wconf 64' lang='grc' dir='ltr'><strong>τροςξῆται</strong></span> <span class='ocrx_word' id='word_1_101' title='bbox 154 719 204 746; x_wconf 73' lang='grc' dir='ltr'><strong>καὶ</strong></span> <span class='ocrx_word' id='word_1_102' title='bbox 219 720 367 747; x_wconf 71' lang='grc' dir='ltr'><strong>ἀπόστολοι</strong></span> <span class='ocrx_word' id='word_1_103' title='bbox 385 721 543 749; x_wconf 70' lang='grc' dir='ltr'><strong>στέλλονται</strong></span> <span class='ocrx_word' id='word_1_104' title='bbox 557 724 621 755; x_wconf 65' lang='grc' dir='ltr'><strong>τοὺς</strong></span> <span class='ocrx_word' id='word_1_105' title='bbox 632 725 664 750; x_wconf 84' lang='grc' dir='ltr'>ἐκ</span> <span class='ocrx_word' id='word_1_106' title='bbox 675 732 787 761; x_wconf 85' lang='grc' dir='ltr'><strong>περιτο-</strong></span> 
     </span>
    </p>
   </div>
   <div class='ocr_carea' id='block_1_17' title="bbox 0 763 788 804">
    <p class='ocr_par' dir='ltr' id='par_1_17' title="bbox 0 763 788 804">
     <span class='ocr_line' id='line_1_17' title="bbox 0 763 788 804; baseline 0.011 -15"><span class='ocrx_word' id='word_1_107' title='bbox 0 763 41 797; x_wconf 72' lang='grc' dir='ltr'><strong>ιῆς</strong></span> <span class='ocrx_word' id='word_1_108' title='bbox 70 766 126 792; x_wconf 76' lang='grc' dir='ltr'>καὶ</span> <span class='ocrx_word' id='word_1_109' title='bbox 142 766 206 797; x_wconf 76' lang='grc' dir='ltr'>τοὺς</span> <span class='ocrx_word' id='word_1_110' title='bbox 243 766 274 799; x_wconf 78' lang='grc' dir='ltr'><strong>ἐξ</strong></span> <span class='ocrx_word' id='word_1_111' title='bbox 301 767 389 794; x_wconf 82' lang='grc' dir='ltr'><strong>ὲϐνῶν</strong></span> <span class='ocrx_word' id='word_1_112' title='bbox 406 768 444 803; x_wconf 82' lang='grc' dir='ltr'>τῷ</span> <span class='ocrx_word' id='word_1_113' title='bbox 461 769 573 804; x_wconf 83' lang='grc' dir='ltr'><strong>Χριστῷ</strong></span> <span class='ocrx_word' id='word_1_114' title='bbox 595 769 640 796; x_wconf 65' lang='grc' dir='ltr'><strong>διὰ</strong></span> <span class='ocrx_word' id='word_1_115' title='bbox 669 771 788 804; x_wconf 79' lang='grc' dir='ltr'>πίστεως</span> 
     </span>
    </p>
   </div>
   <div class='ocr_carea' id='block_1_18' title="bbox 1 812 789 851">
    <p class='ocr_par' dir='ltr' id='par_1_18' title="bbox 1 812 789 851">
     <span class='ocr_line' id='line_1_18' title="bbox 1 812 789 851; baseline 0.009 -15"><span class='ocrx_word' id='word_1_116' title='bbox 1 819 106 844; x_wconf 81' lang='grc' dir='ltr'>γοντες</span> <span class='ocrx_word' id='word_1_117' title='bbox 138 812 170 839; x_wconf 84' lang='grc' dir='ltr'><strong>Εἰ</strong></span> <span class='ocrx_word' id='word_1_118' title='bbox 185 812 213 839; x_wconf 85' lang='grc' dir='ltr'><strong>δὲ</strong></span> <span class='ocrx_word' id='word_1_119' title='bbox 229 814 341 848; x_wconf 77' lang='grc' dir='ltr'><strong>δεσμοῖς</strong></span> <span class='ocrx_word' id='word_1_120' title='bbox 359 815 372 841; x_wconf 82' lang='grc' dir='ltr'>ὁ</span> <span class='ocrx_word' id='word_1_121' title='bbox 389 815 479 846; x_wconf 81' lang='grc' dir='ltr'><strong>πῶλος</strong></span> <span class='ocrx_word' id='word_1_122' title='bbox 495 816 524 841; x_wconf 80' lang='grc' dir='ltr'>ὲν</span> <span class='ocrx_word' id='word_1_123' title='bbox 537 815 577 850; x_wconf 82' lang='grc' dir='ltr'>τῷ</span> <span class='ocrx_word' id='word_1_124' title='bbox 594 816 708 851; x_wconf 76' lang='grc' dir='ltr'><strong>ἁμφόδῳ</strong></span> <span class='ocrx_word' id='word_1_125' title='bbox 733 817 789 844; x_wconf 77' lang='grc' dir='ltr'><strong>ἑδέ-</strong></span> 
     </span>
    </p>
   </div>
   <div class='ocr_carea' id='block_1_19' title="bbox 0 858 787 898">
    <p class='ocr_par' dir='ltr' id='par_1_19' title="bbox 0 858 787 898">
     <span class='ocr_line' id='line_1_19' title="bbox 0 858 787 898; baseline 0.009 -16"><span class='ocrx_word' id='word_1_126' title='bbox 0 865 57 888; x_wconf 82' lang='grc' dir='ltr'><strong>ετο,</strong></span> <span class='ocrx_word' id='word_1_127' title='bbox 88 858 155 885; x_wconf 74' lang='grc' dir='ltr'><strong>οὐδὲ</strong></span> <span class='ocrx_word' id='word_1_128' title='bbox 181 859 262 886; x_wconf 83' lang='grc' dir='ltr'><strong>τοῦτό</strong></span> <span class='ocrx_word' id='word_1_129' title='bbox 284 860 358 887; x_wconf 81' lang='grc' dir='ltr'><strong>ἐστιν</strong></span> <span class='ocrx_word' id='word_1_130' title='bbox 374 861 568 889; x_wconf 77' lang='grc' dir='ltr'><strong>ἀνακόλουθον,</strong></span> <span class='ocrx_word' id='word_1_131' title='bbox 588 862 708 894; x_wconf 82' lang='grc' dir='ltr'><strong>Ἐξωοεν</strong></span> <span class='ocrx_word' id='word_1_132' title='bbox 733 863 787 898; x_wconf 86' lang='grc' dir='ltr'>γὰρ</span> 
     </span>
    </p>
   </div>
   <div class='ocr_carea' id='block_1_20' title="bbox 0 903 788 943">
    <p class='ocr_par' dir='ltr' id='par_1_20' title="bbox 0 903 788 943">
     <span class='ocr_line' id='line_1_20' title="bbox 0 903 788 943; baseline 0.008 -13"><span class='ocrx_word' id='word_1_133' title='bbox 0 903 34 936; x_wconf 74' lang='grc' dir='ltr'>ἧς</span> <span class='ocrx_word' id='word_1_134' title='bbox 60 904 304 941; x_wconf 77' lang='grc' dir='ltr'><strong>ἐκκλησιαστικῆς</strong></span> <span class='ocrx_word' id='word_1_135' title='bbox 328 905 447 938; x_wconf 80' lang='grc' dir='ltr'>πίστεως</span> <span class='ocrx_word' id='word_1_136' title='bbox 478 907 550 942; x_wconf 74' lang='grc' dir='ltr'><strong>ἀμφὶ</strong></span> <span class='ocrx_word' id='word_1_137' title='bbox 585 907 634 943; x_wconf 80' lang='grc' dir='ltr'><strong>τὴν</strong></span> <span class='ocrx_word' id='word_1_138' title='bbox 657 908 788 936; x_wconf 83' lang='grc' dir='ltr'><strong>πλατεῖαν</strong></span> 
     </span>
    </p>
   </div>
   <div class='ocr_carea' id='block_1_21' title="bbox 0 949 788 988">
    <p class='ocr_par' dir='ltr' id='par_1_21' title="bbox 0 949 788 988">
     <span class='ocr_line' id='line_1_21' title="bbox 0 949 788 988; baseline 0.008 -13"><span class='ocrx_word' id='word_1_139' title='bbox 0 949 46 975; x_wconf 78' lang='grc' dir='ltr'><strong>δὺν</strong></span> <span class='ocrx_word' id='word_1_140' title='bbox 69 951 125 976; x_wconf 64' lang='grc' dir='ltr'><strong>καὶ</strong></span> <span class='ocrx_word' id='word_1_141' title='bbox 143 950 304 986; x_wconf 81' lang='grc' dir='ltr'><strong>εὐρύχωρον</strong></span> <span class='ocrx_word' id='word_1_142' title='bbox 331 952 498 987; x_wconf 77' lang='grc' dir='ltr'><strong>ὲδεσμοῦντο</strong></span> <span class='ocrx_word' id='word_1_143' title='bbox 512 953 546 979; x_wconf 77' lang='grc' dir='ltr'>τὰ</span> <span class='ocrx_word' id='word_1_144' title='bbox 563 953 626 988; x_wconf 76' lang='grc' dir='ltr'><strong>ἔθνη</strong></span> <span class='ocrx_word' id='word_1_145' title='bbox 651 955 711 985; x_wconf 89' lang='grc' dir='ltr'>ταῖς</span> <span class='ocrx_word' id='word_1_146' title='bbox 734 954 788 982; x_wconf 84' lang='grc' dir='ltr'><strong>τῶν</strong></span> 
     </span>
    </p>
   </div>
   <div class='ocr_carea' id='block_1_22' title="bbox 0 996 788 1036">
    <p class='ocr_par' dir='ltr' id='par_1_22' title="bbox 0 996 788 1036">
     <span class='ocr_line' id='line_1_22' title="bbox 0 996 788 1036; baseline 0.013 -17"><span class='ocrx_word' id='word_1_147' title='bbox 0 996 206 1030; x_wconf 74' lang='grc' dir='ltr'><strong>;μαρτημάτων</strong></span> <span class='ocrx_word' id='word_1_148' title='bbox 223 999 338 1032; x_wconf 80' lang='grc' dir='ltr'>σειραῖς.</span> <span class='ocrx_word' id='word_1_149' title='bbox 361 999 481 1026; x_wconf 80' lang='grc' dir='ltr'><strong>Ἐδέδετο</strong></span> <span class='ocrx_word' id='word_1_150' title='bbox 503 1000 530 1026; x_wconf 80' lang='grc' dir='ltr'><strong>δὲ</strong></span> <span class='ocrx_word' id='word_1_151' title='bbox 546 1001 620 1036; x_wconf 81' lang='grc' dir='ltr'><strong>καὶὴ</strong></span> <span class='ocrx_word' id='word_1_152' title='bbox 637 1001 695 1034; x_wconf 73' lang='grc' dir='ltr'><strong>ὕνος</strong></span> <span class='ocrx_word' id='word_1_153' title='bbox 707 1010 713 1016; x_wconf 94' lang='grc'><strong>·</strong></span> <span class='ocrx_word' id='word_1_154' title='bbox 729 1004 788 1034; x_wconf 79' lang='grc' dir='ltr'>ταῖς</span> 
     </span>
    </p>
   </div>
   <div class='ocr_carea' id='block_1_23' title="bbox 6 1040 786 1080">
    <p class='ocr_par' dir='ltr' id='par_1_23' title="bbox 6 1040 786 1080">
     <span class='ocr_line' id='line_1_23' title="bbox 6 1040 786 1080; baseline 0.01 -15"><span class='ocrx_word' id='word_1_155' title='bbox 6 1040 40 1075; x_wconf 72' lang='grc' dir='ltr'><strong>ἂρ</strong></span> <span class='ocrx_word' id='word_1_156' title='bbox 53 1041 186 1072; x_wconf 66' lang='grc' dir='ltr'><strong>ἐντολαῖς</strong></span> <span class='ocrx_word' id='word_1_157' title='bbox 197 1041 246 1067; x_wconf 82' lang='grc' dir='ltr'><strong>τοῦ</strong></span> <span class='ocrx_word' id='word_1_158' title='bbox 258 1042 341 1077; x_wconf 79' lang='grc' dir='ltr'><strong>νόμον</strong></span> <span class='ocrx_word' id='word_1_159' title='bbox 357 1044 484 1080; x_wconf 78' lang='grc' dir='ltr'>καθάπερ</span> <span class='ocrx_word' id='word_1_160' title='bbox 498 1044 608 1079; x_wconf 80' lang='grc' dir='ltr'><strong>δεσμοῖς</strong></span> <span class='ocrx_word' id='word_1_161' title='bbox 622 1047 646 1072; x_wconf 75' lang='grc' dir='ltr'><strong>οἱ</strong></span> <span class='ocrx_word' id='word_1_162' title='bbox 666 1046 786 1073; x_wconf 76' lang='grc' dir='ltr'><strong>Ἰουδαῖοι</strong></span> 
     </span>
    </p>
   </div>
   <div class='ocr_carea' id='block_1_24' title="bbox 0 1083 787 1127">
    <p class='ocr_par' dir='ltr' id='par_1_24' title="bbox 0 1083 787 1127">
     <span class='ocr_line' id='line_1_24' title="bbox 0 1083 787 1127; baseline 0.009 -15"><span class='ocrx_word' id='word_1_163' title='bbox 0 1086 167 1121; x_wconf 70' lang='grc' dir='ltr'><strong>ὐνεῐχοντο.</strong></span> <span class='ocrx_word' id='word_1_164' title='bbox 188 1088 288 1120; x_wconf 82' lang='grc' dir='ltr'><strong>Καλῶς</strong></span> <span class='ocrx_word' id='word_1_165' title='bbox 303 1089 332 1115; x_wconf 82' lang='grc' dir='ltr'><strong>δὲ</strong></span> <span class='ocrx_word' id='word_1_166' title='bbox 348 1090 396 1123; x_wconf 86' lang='grc' dir='ltr'><strong>τῆς</strong></span> <span class='ocrx_word' id='word_1_167' title='bbox 410 1090 528 1125; x_wconf 75' lang='grc' dir='ltr'><strong>θεωρίας</strong></span> <span class='ocrx_word' id='word_1_168' title='bbox 543 1092 556 1117; x_wconf 81' lang='grc' dir='ltr'>ὁ</span> <span class='ocrx_word' id='word_1_169' title='bbox 571 1091 650 1125; x_wconf 84' lang='grc' dir='ltr'>λόγος</span> <span class='ocrx_word' id='word_1_170' title='bbox 668 1083 713 1118; x_wconf 81' lang='grc' dir='ltr'><strong>τὸν</strong></span> <span class='ocrx_word' id='word_1_171' title='bbox 738 1093 787 1127; x_wconf 85' lang='grc' dir='ltr'><strong>μὲν</strong></span> 
     </span>
    </p>
   </div>
   <div class='ocr_carea' id='block_1_25' title="bbox 0 1131 787 1172">
    <p class='ocr_par' dir='ltr' id='par_1_25' title="bbox 0 1131 787 1172">
     <span class='ocr_line' id='line_1_25' title="bbox 0 1131 787 1172; baseline 0.01 -16"><span class='ocrx_word' id='word_1_172' title='bbox 0 1131 83 1158; x_wconf 75' lang='grc' dir='ltr'><strong>;ὡλον</strong></span> <span class='ocrx_word' id='word_1_173' title='bbox 102 1134 146 1164; x_wconf 78' lang='grc' dir='ltr'>εἰς</span> <span class='ocrx_word' id='word_1_174' title='bbox 159 1132 245 1160; x_wconf 81' lang='grc' dir='ltr'><strong>τύπον</strong></span> <span class='ocrx_word' id='word_1_175' title='bbox 257 1134 337 1160; x_wconf 75' lang='grc' dir='ltr'><strong>ἔλαϐε</strong></span> <span class='ocrx_word' id='word_1_176' title='bbox 350 1135 405 1161; x_wconf 85' lang='grc' dir='ltr'><strong>τῶν</strong></span> <span class='ocrx_word' id='word_1_177' title='bbox 417 1135 502 1162; x_wconf 77' lang='grc' dir='ltr'><strong>ἐθνῶν</strong></span> <span class='ocrx_word' id='word_1_178' title='bbox 519 1145 525 1150; x_wconf 92' lang='grc'><strong>·</strong></span> <span class='ocrx_word' id='word_1_179' title='bbox 541 1137 668 1169; x_wconf 78' lang='grc' dir='ltr'><strong>ἀτάκτως</strong></span> <span class='ocrx_word' id='word_1_180' title='bbox 685 1138 739 1172; x_wconf 74' lang='grc' dir='ltr'><strong>γὰρ</strong></span> <span class='ocrx_word' id='word_1_181' title='bbox 754 1138 787 1165; x_wconf 79' lang='grc' dir='ltr'><strong>τὰ</strong></span> 
     </span>
    </p>
   </div>
   <div class='ocr_carea' id='block_1_26' title="bbox 0 1176 787 1218">
    <p class='ocr_par' dir='ltr' id='par_1_26' title="bbox 0 1176 787 1218">
     <span class='ocr_line' id='line_1_26' title="bbox 0 1176 787 1218; baseline 0.009 -16"><span class='ocrx_word' id='word_1_182' title='bbox 0 1176 52 1212; x_wconf 78' lang='grc' dir='ltr'><strong>Ονη</strong></span> <span class='ocrx_word' id='word_1_183' title='bbox 75 1178 221 1213; x_wconf 81' lang='grc' dir='ltr'><strong>ὲφήλλατο</strong></span> <span class='ocrx_word' id='word_1_184' title='bbox 234 1180 273 1210; x_wconf 80' lang='grc' dir='ltr'><strong>εἰς</strong></span> <span class='ocrx_word' id='word_1_185' title='bbox 294 1179 423 1211; x_wconf 77' lang='grc' dir='ltr'>ἀσεϐείας</span> <span class='ocrx_word' id='word_1_186' title='bbox 444 1181 491 1206; x_wconf 84' lang='grc' dir='ltr'><strong>καὶ</strong></span> <span class='ocrx_word' id='word_1_187' title='bbox 522 1181 637 1216; x_wconf 79' lang='grc' dir='ltr'>πράξεις</span> <span class='ocrx_word' id='word_1_188' title='bbox 660 1184 787 1218; x_wconf 69' lang='grc' dir='ltr'>αἰσχρὰς,</span> 
     </span>
    </p>
   </div>
   <div class='ocr_carea' id='block_1_27' title="bbox 0 1225 788 1263">
    <p class='ocr_par' dir='ltr' id='par_1_27' title="bbox 0 1225 788 1263">
     <span class='ocr_line' id='line_1_27' title="bbox 0 1225 788 1263; baseline 0.005 -12"><span class='ocrx_word' id='word_1_189' title='bbox 0 1225 123 1261; x_wconf 69' lang='grc' dir='ltr'><strong>,αοάπερ</strong></span> <span class='ocrx_word' id='word_1_190' title='bbox 141 1226 232 1257; x_wconf 77' lang='grc' dir='ltr'><strong>πῶλος</strong></span> <span class='ocrx_word' id='word_1_191' title='bbox 249 1228 332 1262; x_wconf 82' lang='grc' dir='ltr'><strong>μήπω</strong></span> <span class='ocrx_word' id='word_1_192' title='bbox 347 1227 449 1263; x_wconf 76' lang='grc' dir='ltr'><strong>χαλινῷ</strong></span> <span class='ocrx_word' id='word_1_193' title='bbox 462 1227 624 1263; x_wconf 73' lang='grc' dir='ltr'>δαμασθεὶς,</span> <span class='ocrx_word' id='word_1_194' title='bbox 643 1229 706 1263; x_wconf 85' lang='grc' dir='ltr'><strong>μηδ’</strong></span> <span class='ocrx_word' id='word_1_195' title='bbox 724 1230 788 1263; x_wconf 68' lang='grc' dir='ltr'>ἐφε-</span> 
     </span>
    </p>
   </div>
   <div class='ocr_carea' id='block_1_28' title="bbox 0 1271 788 1310">
    <p class='ocr_par' dir='ltr' id='par_1_28' title="bbox 0 1271 788 1310">
     <span class='ocr_line' id='line_1_28' title="bbox 0 1271 788 1310; baseline 0.005 -13"><span class='ocrx_word' id='word_1_196' title='bbox 0 1271 89 1306; x_wconf 74' lang='grc' dir='ltr'>’τρίδα</span> <span class='ocrx_word' id='word_1_197' title='bbox 114 1273 172 1303; x_wconf 85' lang='grc' dir='ltr'><strong>τοῖς</strong></span> <span class='ocrx_word' id='word_1_198' title='bbox 203 1272 299 1304; x_wconf 84' lang='grc' dir='ltr'>νώτοις</span> <span class='ocrx_word' id='word_1_199' title='bbox 323 1273 489 1308; x_wconf 73' lang='grc' dir='ltr'>δεξάμενος’</span> <span class='ocrx_word' id='word_1_200' title='bbox 515 1274 566 1310; x_wconf 78' lang='grc' dir='ltr'>ἥγε</span> <span class='ocrx_word' id='word_1_201' title='bbox 584 1275 636 1310; x_wconf 81' lang='grc' dir='ltr'><strong>μὴν</strong></span> <span class='ocrx_word' id='word_1_202' title='bbox 653 1275 713 1306; x_wconf 81' lang='grc' dir='ltr'>δνος</span> <span class='ocrx_word' id='word_1_203' title='bbox 738 1276 788 1306; x_wconf 83' lang='grc' dir='ltr'><strong>τὴν</strong></span> 
     </span>
    </p>
   </div>
   <div class='ocr_carea' id='block_1_29' title="bbox 0 1317 788 1357">
    <p class='ocr_par' dir='ltr' id='par_1_29' title="bbox 0 1317 788 1357">
     <span class='ocr_line' id='line_1_29' title="bbox 0 1317 788 1357; baseline 0.008 -15"><span class='ocrx_word' id='word_1_204' title='bbox 0 1317 42 1343; x_wconf 61' lang='grc' dir='ltr'><strong>’ὦν</strong></span> <span class='ocrx_word' id='word_1_205' title='bbox 63 1318 213 1345; x_wconf 78' lang='grc' dir='ltr'><strong>Ἰουδαίων</strong></span> <span class='ocrx_word' id='word_1_206' title='bbox 230 1318 326 1353; x_wconf 75' lang='grc' dir='ltr'><strong>ἐδήλου</strong></span> <span class='ocrx_word' id='word_1_207' title='bbox 345 1321 522 1355; x_wconf 80' lang='grc' dir='ltr'><strong>συναγωγήν.</strong></span> <span class='ocrx_word' id='word_1_208' title='bbox 543 1321 708 1356; x_wconf 82' lang='grc' dir='ltr'><strong>Ἦχθηφόρει</strong></span> <span class='ocrx_word' id='word_1_209' title='bbox 733 1322 788 1357; x_wconf 82' lang='grc' dir='ltr'>γὰρ</span> 
     </span>
    </p>
   </div>
   <div class='ocr_carea' id='block_1_30' title="bbox 0 1363 788 1401">
    <p class='ocr_par' dir='ltr' id='par_1_30' title="bbox 0 1363 788 1401">
     <span class='ocr_line' id='line_1_30' title="bbox 0 1363 788 1401; baseline 0.006 -12"><span class='ocrx_word' id='word_1_210' title='bbox 0 1364 36 1389; x_wconf 77' lang='grc' dir='ltr'><strong>ιαὶ</strong></span> <span class='ocrx_word' id='word_1_211' title='bbox 52 1363 130 1398; x_wconf 82' lang='grc' dir='ltr'><strong>αὕτη</strong></span> <span class='ocrx_word' id='word_1_212' title='bbox 146 1364 183 1391; x_wconf 73' lang='grc' dir='ltr'><strong>τὰ</strong></span> <span class='ocrx_word' id='word_1_213' title='bbox 198 1365 245 1391; x_wconf 80' lang='grc' dir='ltr'><strong>τοῦ</strong></span> <span class='ocrx_word' id='word_1_214' title='bbox 261 1365 346 1399; x_wconf 82' lang='grc' dir='ltr'><strong>νόμου</strong></span> <span class='ocrx_word' id='word_1_215' title='bbox 363 1366 474 1400; x_wconf 75' lang='grc' dir='ltr'>φορτία,</span> <span class='ocrx_word' id='word_1_216' title='bbox 492 1367 543 1393; x_wconf 80' lang='grc' dir='ltr'><strong>ὑπὸ</strong></span> <span class='ocrx_word' id='word_1_217' title='bbox 560 1367 605 1393; x_wconf 84' lang='grc' dir='ltr'><strong>τὸν</strong></span> <span class='ocrx_word' id='word_1_218' title='bbox 619 1367 702 1401; x_wconf 74' lang='grc' dir='ltr'>ζυγὸν</span> <span class='ocrx_word' id='word_1_219' title='bbox 721 1365 788 1394; x_wconf 79' lang='grc' dir='ltr'>οὖσα</span> 
     </span>
    </p>
   </div>
   <div class='ocr_carea' id='block_1_31' title="bbox 0 1408 788 1449">
    <p class='ocr_par' dir='ltr' id='par_1_31' title="bbox 0 1408 788 1449">
     <span class='ocr_line' id='line_1_31' title="bbox 0 1408 788 1449; baseline 0.006 -14"><span class='ocrx_word' id='word_1_220' title='bbox 0 1408 36 1442; x_wconf 65' lang='grc' dir='ltr'>ἧς</span> <span class='ocrx_word' id='word_1_221' title='bbox 50 1410 178 1449; x_wconf 81' lang='grc' dir='ltr'><strong>νομικῆς</strong></span> <span class='ocrx_word' id='word_1_222' title='bbox 193 1410 316 1442; x_wconf 80' lang='grc' dir='ltr'><strong>δουλείας</strong></span> <span class='ocrx_word' id='word_1_223' title='bbox 328 1430 335 1442; x_wconf 82' lang='grc'><em>,</em></span> <span class='ocrx_word' id='word_1_224' title='bbox 353 1412 402 1438; x_wconf 72' lang='grc' dir='ltr'><strong>καὶ</strong></span> <span class='ocrx_word' id='word_1_225' title='bbox 417 1412 455 1443; x_wconf 82' lang='grc' dir='ltr'>ὡς</span> <span class='ocrx_word' id='word_1_226' title='bbox 480 1412 596 1447; x_wconf 77' lang='grc' dir='ltr'><strong>φορὸιὰν</strong></span> <span class='ocrx_word' id='word_1_227' title='bbox 613 1413 735 1448; x_wconf 82' lang='grc' dir='ltr'><strong>φοροῦσα</strong></span> <span class='ocrx_word' id='word_1_228' title='bbox 754 1413 788 1440; x_wconf 81' lang='grc' dir='ltr'><strong>τὰ</strong></span> 
     </span>
    </p>
   </div>
   <div class='ocr_carea' id='block_1_32' title="bbox 0 1449 788 1493">
    <p class='ocr_par' dir='ltr' id='par_1_32' title="bbox 0 1449 788 1493">
     <span class='ocr_line' id='line_1_32' title="bbox 0 1449 788 1493; baseline 0.006 -13"><span class='ocrx_word' id='word_1_229' title='bbox 0 1455 41 1481; x_wconf 79' lang='grc' dir='ltr'><strong>ςῶν</strong></span> <span class='ocrx_word' id='word_1_230' title='bbox 55 1455 182 1482; x_wconf 79' lang='grc' dir='ltr'><strong>ὲντολῶν</strong></span> <span class='ocrx_word' id='word_1_231' title='bbox 198 1456 381 1490; x_wconf 76' lang='grc' dir='ltr'><strong>διατάγματα.</strong></span> <span class='ocrx_word' id='word_1_232' title='bbox 405 1457 486 1484; x_wconf 77' lang='grc' dir='ltr'><strong>Ἀλλὰ</strong></span> <span class='ocrx_word' id='word_1_233' title='bbox 499 1458 546 1484; x_wconf 79' lang='grc' dir='ltr'><strong>τοῦ</strong></span> <span class='ocrx_word' id='word_1_234' title='bbox 562 1458 680 1493; x_wconf 83' lang='grc' dir='ltr'><strong>Χριστοῦ</strong></span> <span class='ocrx_word' id='word_1_235' title='bbox 690 1449 788 1485; x_wconf 10' lang='grc' dir='ltr'><strong>ξκελεύ-</strong></span> 
     </span>
    </p>
   </div>
   <div class='ocr_carea' id='block_1_33' title="bbox 0 1502 788 1539">
    <p class='ocr_par' dir='ltr' id='par_1_33' title="bbox 0 1502 788 1539">
     <span class='ocr_line' id='line_1_33' title="bbox 0 1502 788 1539; baseline 0.005 -12"><span class='ocrx_word' id='word_1_236' title='bbox 0 1510 92 1533; x_wconf 79' lang='grc' dir='ltr'><strong>ῖαντος</strong></span> <span class='ocrx_word' id='word_1_237' title='bbox 110 1502 269 1537; x_wconf 76' lang='grc' dir='ltr'><strong>ἀμφότεροι</strong></span> <span class='ocrx_word' id='word_1_238' title='bbox 284 1503 394 1530; x_wconf 85' lang='grc' dir='ltr'><strong>λύονται</strong></span> <span class='ocrx_word' id='word_1_239' title='bbox 409 1504 477 1539; x_wconf 62' lang='grc' dir='ltr'>πρὸς</span> <span class='ocrx_word' id='word_1_240' title='bbox 492 1504 556 1539; x_wconf 88' lang='grc' dir='ltr'><strong>μίαν</strong></span> <span class='ocrx_word' id='word_1_241' title='bbox 569 1504 661 1530; x_wconf 84' lang='grc' dir='ltr'><strong>πίστιν</strong></span> <span class='ocrx_word' id='word_1_242' title='bbox 675 1504 788 1539; x_wconf 82' lang='grc' dir='ltr'><strong>δεσμού-</strong></span> 
     </span>
    </p>
   </div>
   <div class='ocr_carea' id='block_1_34' title="bbox 844 266 1633 303">
    <p class='ocr_par' dir='ltr' id='par_1_34' title="bbox 844 266 1633 303">
     <span class='ocr_line' id='line_1_34' title="bbox 844 266 1633 303; baseline 0.006 -11"><span class='ocrx_word' id='word_1_243' title='bbox 844 266 1006 293; x_wconf 68' lang='lat' dir='ltr'><strong>idololatriae</strong></span> <span class='ocrx_word' id='word_1_244' title='bbox 1020 272 1087 293; x_wconf 71' lang='lat' dir='ltr'><strong>aestu</strong></span> <span class='ocrx_word' id='word_1_245' title='bbox 1106 266 1163 300; x_wconf 87' lang='lat' dir='ltr'><strong>jam</strong></span> <span class='ocrx_word' id='word_1_246' title='bbox 1182 266 1285 293; x_wconf 84' lang='lat' dir='ltr'><strong>torrida</strong></span> <span class='ocrx_word' id='word_1_247' title='bbox 1301 274 1401 300; x_wconf 86' lang='lat' dir='ltr'><strong>aquam</strong></span> <span class='ocrx_word' id='word_1_248' title='bbox 1417 267 1505 294; x_wconf 85' lang='lat' dir='ltr'><strong>vivam</strong></span> <span class='ocrx_word' id='word_1_249' title='bbox 1524 274 1633 303; x_wconf 79' lang='lat' dir='ltr'><strong>gustare</strong></span> 
     </span>
    </p>
   </div>
   <div class='ocr_carea' id='block_1_35' title="bbox 843 311 1634 347">
    <p class='ocr_par' dir='ltr' id='par_1_35' title="bbox 843 311 1634 347">
     <span class='ocr_line' id='line_1_35' title="bbox 843 311 1634 347; baseline 0.004 -9"><span class='ocrx_word' id='word_1_250' title='bbox 843 311 1035 339; x_wconf 72' lang='lat' dir='ltr'><strong>ardentissime</strong></span> <span class='ocrx_word' id='word_1_251' title='bbox 1052 311 1171 339; x_wconf 87' lang='lat' dir='ltr'><strong>sitiebat.</strong></span> <span class='ocrx_word' id='word_1_252' title='bbox 1186 312 1238 338; x_wconf 82' lang='lat' dir='ltr'><strong>Sed</strong></span> <span class='ocrx_word' id='word_1_253' title='bbox 1255 312 1391 346; x_wconf 82' lang='lat' dir='ltr'><strong>quodnam</strong></span> <span class='ocrx_word' id='word_1_254' title='bbox 1408 317 1461 344; x_wconf 83' lang='lat' dir='ltr'><strong>est,</strong></span> <span class='ocrx_word' id='word_1_255' title='bbox 1478 319 1553 347; x_wconf 70' lang='lat' dir='ltr'><strong>Juxta</strong></span> <span class='ocrx_word' id='word_1_256' title='bbox 1568 322 1634 341; x_wconf 87' lang='lat' dir='ltr'><strong>ana-</strong></span> 
     </span>
    </p>
   </div>
   <div class='ocr_carea' id='block_1_36' title="bbox 843 357 1633 393">
    <p class='ocr_par' dir='ltr' id='par_1_36' title="bbox 843 357 1633 393">
     <span class='ocr_line' id='line_1_36' title="bbox 843 357 1633 393; baseline 0.004 -10"><span class='ocrx_word' id='word_1_257' title='bbox 843 357 965 393; x_wconf 79' lang='lat' dir='ltr'><strong>gogicum</strong></span> <span class='ocrx_word' id='word_1_258' title='bbox 981 365 1103 388; x_wconf 82' lang='lat' dir='ltr'><strong>sensum,</strong></span> <span class='ocrx_word' id='word_1_259' title='bbox 1119 357 1260 384; x_wconf 84' lang='lat' dir='ltr'><strong>castellum</strong></span> <span class='ocrx_word' id='word_1_260' title='bbox 1276 365 1291 384; x_wconf 88' lang='lat' dir='ltr'><strong>e</strong></span> <span class='ocrx_word' id='word_1_261' title='bbox 1305 358 1413 391; x_wconf 79' lang='lat' dir='ltr'><strong>regione</strong></span> <span class='ocrx_word' id='word_1_262' title='bbox 1425 358 1561 392; x_wconf 87' lang='lat' dir='ltr'><strong>positum,</strong></span> <span class='ocrx_word' id='word_1_263' title='bbox 1579 366 1633 393; x_wconf 87' lang='lat' dir='ltr'><strong>quo</strong></span> 
     </span>
    </p>
   </div>
   <div class='ocr_carea' id='block_1_37' title="bbox 843 403 1631 440">
    <p class='ocr_par' dir='ltr' id='par_1_37' title="bbox 843 403 1631 440">
     <span class='ocr_line' id='line_1_37' title="bbox 843 403 1631 440; baseline 0.003 -10"><span class='ocrx_word' id='word_1_264' title='bbox 843 404 959 430; x_wconf 89' lang='lat' dir='ltr'><strong>mittitur</strong></span> <span class='ocrx_word' id='word_1_265' title='bbox 989 403 1182 438; x_wconf 88' lang='lat' dir='ltr'><strong>discipulorum</strong></span> <span class='ocrx_word' id='word_1_266' title='bbox 1212 405 1278 438; x_wconf 84' lang='lat' dir='ltr'><strong>par?</strong></span> <span class='ocrx_word' id='word_1_267' title='bbox 1304 404 1373 437; x_wconf 83' lang='lat' dir='ltr'><strong>Quid</strong></span> <span class='ocrx_word' id='word_1_268' title='bbox 1399 406 1470 431; x_wconf 91' lang='lat' dir='ltr'><strong>enim</strong></span> <span class='ocrx_word' id='word_1_269' title='bbox 1497 405 1532 432; x_wconf 88' lang='lat' dir='ltr'><strong>sit</strong></span> <span class='ocrx_word' id='word_1_270' title='bbox 1555 406 1631 440; x_wconf 83' lang='lat' dir='ltr'><strong>juxta</strong></span> 
     </span>
    </p>
   </div>
   <div class='ocr_carea' id='block_1_38' title="bbox 844 449 1630 485">
    <p class='ocr_par' dir='ltr' id='par_1_38' title="bbox 844 449 1630 485">
     <span class='ocr_line' id='line_1_38' title="bbox 844 449 1630 485; baseline 0.005 -10"><span class='ocrx_word' id='word_1_271' title='bbox 844 449 986 476; x_wconf 82' lang='lat' dir='ltr'><strong>historiam</strong></span> <span class='ocrx_word' id='word_1_272' title='bbox 1002 468 1009 480; x_wconf 91' lang='lat'><strong>,</strong></span> <span class='ocrx_word' id='word_1_273' title='bbox 1040 454 1175 483; x_wconf 79' lang='lat' dir='ltr'><strong>tanquam</strong></span> <span class='ocrx_word' id='word_1_274' title='bbox 1196 455 1289 476; x_wconf 87' lang='lat' dir='ltr'><strong>notttm</strong></span> <span class='ocrx_word' id='word_1_275' title='bbox 1317 450 1410 477; x_wconf 84' lang='lat' dir='ltr'><strong>dicere</strong></span> <span class='ocrx_word' id='word_1_276' title='bbox 1431 451 1538 478; x_wconf 91' lang='lat' dir='ltr'><strong>omitto.</strong></span> <span class='ocrx_word' id='word_1_277' title='bbox 1561 452 1630 485; x_wconf 79' lang='lat' dir='ltr'><strong>Quid</strong></span> 
     </span>
    </p>
   </div>
   <div class='ocr_carea' id='block_1_39' title="bbox 843 496 1630 537">
    <p class='ocr_par' dir='ltr' id='par_1_39' title="bbox 843 496 1630 537">
     <span class='ocr_line' id='line_1_39' title="bbox 843 496 1630 537; baseline 0.005 -16"><span class='ocrx_word' id='word_1_278' title='bbox 843 496 927 531; x_wconf 89' lang='lat' dir='ltr'><strong>igitur</strong></span> <span class='ocrx_word' id='word_1_279' title='bbox 943 497 1015 524; x_wconf 81' lang='lat' dir='ltr'><strong>aliud</strong></span> <span class='ocrx_word' id='word_1_280' title='bbox 1039 497 1092 524; x_wconf 89' lang='lat' dir='ltr'><strong>nisi</strong></span> <span class='ocrx_word' id='word_1_281' title='bbox 1119 497 1162 524; x_wconf 92' lang='lat' dir='ltr'><strong>hic</strong></span> <span class='ocrx_word' id='word_1_282' title='bbox 1177 496 1301 528; x_wconf 90' lang='lat' dir='ltr'><strong>mundus,</strong></span> <span class='ocrx_word' id='word_1_283' title='bbox 1320 496 1366 530; x_wconf 94' lang='lat' dir='ltr'><strong>qui</strong></span> <span class='ocrx_word' id='word_1_284' title='bbox 1389 505 1436 531; x_wconf 89' lang='lat' dir='ltr'><strong>per</strong></span> <span class='ocrx_word' id='word_1_285' title='bbox 1458 502 1598 532; x_wconf 89' lang='lat' dir='ltr'><strong>peccatutn</strong></span> <span class='ocrx_word' id='word_1_286' title='bbox 1614 506 1630 537; x_wconf 62' lang='grc' dir='ltr'>ο</span> 
     </span>
    </p>
   </div>
   <div class='ocr_carea' id='block_1_40' title="bbox 842 542 1631 576">
    <p class='ocr_par' dir='ltr' id='par_1_40' title="bbox 842 542 1631 576">
     <span class='ocr_line' id='line_1_40' title="bbox 842 542 1631 576; baseline 0.003 -8"><span class='ocrx_word' id='word_1_287' title='bbox 842 542 897 568; x_wconf 90' lang='lat' dir='ltr'><strong>Deo</strong></span> <span class='ocrx_word' id='word_1_288' title='bbox 909 542 1062 575; x_wconf 72' lang='lat' dir='ltr'><strong>disiunctus</strong></span> <span class='ocrx_word' id='word_1_289' title='bbox 1076 548 1103 569; x_wconf 90' lang='lat' dir='ltr'><strong>et</strong></span> <span class='ocrx_word' id='word_1_290' title='bbox 1114 550 1147 569; x_wconf 79' lang='lat' dir='ltr'><strong>ex</strong></span> <span class='ocrx_word' id='word_1_291' title='bbox 1174 543 1287 569; x_wconf 79' lang='lat' dir='ltr'><strong>adverso</strong></span> <span class='ocrx_word' id='word_1_292' title='bbox 1301 542 1440 576; x_wconf 83' lang='lat' dir='ltr'><strong>oppositus</strong></span> <span class='ocrx_word' id='word_1_293' title='bbox 1456 547 1515 569; x_wconf 88' lang='lat' dir='ltr'><strong>erat</strong></span> <span class='ocrx_word' id='word_1_294' title='bbox 1527 542 1538 569; x_wconf 86' lang='lat'><strong>?</strong></span> <span class='ocrx_word' id='word_1_295' title='bbox 1555 543 1631 570; x_wconf 85' lang='lat' dir='ltr'><strong>Sicut</strong></span> 
     </span>
    </p>
   </div>
   <div class='ocr_carea' id='block_1_41' title="bbox 842 586 1629 622">
    <p class='ocr_par' dir='ltr' id='par_1_41' title="bbox 842 586 1629 622">
     <span class='ocr_line' id='line_1_41' title="bbox 842 586 1629 622; baseline 0 -8"><span class='ocrx_word' id='word_1_296' title='bbox 842 588 924 622; x_wconf 78' lang='lat' dir='ltr'><strong>igitur</strong></span> <span class='ocrx_word' id='word_1_297' title='bbox 944 588 970 614; x_wconf 94' lang='lat' dir='ltr'><strong>in</strong></span> <span class='ocrx_word' id='word_1_298' title='bbox 991 588 1133 614; x_wconf 73' lang='lat' dir='ltr'><strong>castellum</strong></span> <span class='ocrx_word' id='word_1_299' title='bbox 1152 587 1216 613; x_wconf 93' lang='lat' dir='ltr'><strong>illud</strong></span> <span class='ocrx_word' id='word_1_300' title='bbox 1233 586 1328 614; x_wconf 85' lang='lat' dir='ltr'><strong>Petrus</strong></span> <span class='ocrx_word' id='word_1_301' title='bbox 1342 591 1369 614; x_wconf 90' lang='lat' dir='ltr'><strong>et</strong></span> <span class='ocrx_word' id='word_1_302' title='bbox 1382 587 1509 618; x_wconf 81' lang='lat' dir='ltr'><strong>Joannes.</strong></span> <span class='ocrx_word' id='word_1_303' title='bbox 1526 588 1629 614; x_wconf 76' lang='lat' dir='ltr'><strong>asinam</strong></span> 
     </span>
    </p>
   </div>
   <div class='ocr_carea' id='block_1_42' title="bbox 841 632 1628 667">
    <p class='ocr_par' dir='ltr' id='par_1_42' title="bbox 841 632 1628 667">
     <span class='ocr_line' id='line_1_42' title="bbox 841 632 1628 667; baseline 0 -7"><span class='ocrx_word' id='word_1_304' title='bbox 841 638 868 660; x_wconf 88' lang='lat' dir='ltr'><strong>et</strong></span> <span class='ocrx_word' id='word_1_305' title='bbox 886 633 986 667; x_wconf 87' lang='lat' dir='ltr'><strong>pullum</strong></span> <span class='ocrx_word' id='word_1_306' title='bbox 1004 632 1146 660; x_wconf 88' lang='lat' dir='ltr'><strong>deducturi</strong></span> <span class='ocrx_word' id='word_1_307' title='bbox 1157 633 1312 665; x_wconf 85' lang='lat' dir='ltr'><strong>mittuntur,</strong></span> <span class='ocrx_word' id='word_1_308' title='bbox 1327 633 1362 660; x_wconf 84' lang='lat' dir='ltr'><strong>ita</strong></span> <span class='ocrx_word' id='word_1_309' title='bbox 1375 633 1401 660; x_wconf 90' lang='lat' dir='ltr'><strong>in</strong></span> <span class='ocrx_word' id='word_1_310' title='bbox 1419 633 1490 661; x_wconf 89' lang='lat' dir='ltr'><strong>hunc</strong></span> <span class='ocrx_word' id='word_1_311' title='bbox 1500 634 1628 661; x_wconf 89' lang='lat' dir='ltr'><strong>mundum</strong></span> 
     </span>
    </p>
   </div>
   <div class='ocr_carea' id='block_1_43' title="bbox 840 677 1629 713">
    <p class='ocr_par' dir='ltr' id='par_1_43' title="bbox 840 677 1629 713">
     <span class='ocr_line' id='line_1_43' title="bbox 840 677 1629 713; baseline 0.001 -9"><span class='ocrx_word' id='word_1_312' title='bbox 840 677 1028 712; x_wconf 59' lang='lat' dir='ltr'><strong>prophetat-et</strong></span> <span class='ocrx_word' id='word_1_313' title='bbox 1054 677 1171 712; x_wconf 88' lang='lat' dir='ltr'><strong>apostoli</strong></span> <span class='ocrx_word' id='word_1_314' title='bbox 1200 677 1274 704; x_wconf 89' lang='lat' dir='ltr'><strong>missi</strong></span> <span class='ocrx_word' id='word_1_315' title='bbox 1302 682 1384 710; x_wconf 85' lang='lat' dir='ltr'><strong>sunt,</strong></span> <span class='ocrx_word' id='word_1_316' title='bbox 1413 682 1442 704; x_wconf 89' lang='lat' dir='ltr'><strong>ut</strong></span> <span class='ocrx_word' id='word_1_317' title='bbox 1469 685 1516 705; x_wconf 89' lang='lat' dir='ltr'><strong>eos</strong></span> <span class='ocrx_word' id='word_1_318' title='bbox 1530 679 1574 713; x_wconf 91' lang='lat' dir='ltr'><strong>qui</strong></span> <span class='ocrx_word' id='word_1_319' title='bbox 1595 686 1629 706; x_wconf 76' lang='lat' dir='ltr'><strong>ex</strong></span> 
     </span>
    </p>
   </div>
   <div class='ocr_carea' id='block_1_44' title="bbox 842 723 1628 758">
    <p class='ocr_par' dir='ltr' id='par_1_44' title="bbox 842 723 1628 758">
     <span class='ocr_line' id='line_1_44' title="bbox 842 723 1628 758; baseline 0 -8"><span class='ocrx_word' id='word_1_320' title='bbox 842 723 1060 754; x_wconf 73' lang='lat' dir='ltr'><strong>circumcisione,</strong></span> <span class='ocrx_word' id='word_1_321' title='bbox 1077 723 1178 757; x_wconf 83' lang='lat' dir='ltr'><strong>quique</strong></span> <span class='ocrx_word' id='word_1_322' title='bbox 1192 731 1224 750; x_wconf 81' lang='lat' dir='ltr'><strong>ex</strong></span> <span class='ocrx_word' id='word_1_323' title='bbox 1241 723 1367 758; x_wconf 74' lang='lat' dir='ltr'><strong>gentibus</strong></span> <span class='ocrx_word' id='word_1_324' title='bbox 1385 729 1472 756; x_wconf 87' lang='lat' dir='ltr'><strong>erant,</strong></span> <span class='ocrx_word' id='word_1_325' title='bbox 1486 724 1628 758; x_wconf 58' lang='lat' dir='ltr'><strong>pecudem</strong></span> 
     </span>
    </p>
   </div>
   <div class='ocr_carea' id='block_1_45' title="bbox 841 768 1628 804">
    <p class='ocr_par' dir='ltr' id='par_1_45' title="bbox 841 768 1628 804">
     <span class='ocr_line' id='line_1_45' title="bbox 841 768 1628 804; baseline 0 -8"><span class='ocrx_word' id='word_1_326' title='bbox 841 769 1020 796; x_wconf 86' lang='lat' dir='ltr'><strong>adducerent.</strong></span> <span class='ocrx_word' id='word_1_327' title='bbox 1045 769 1121 802; x_wconf 82' lang='lat' dir='ltr'><strong>Quod</strong></span> <span class='ocrx_word' id='word_1_328' title='bbox 1142 769 1163 795; x_wconf 91' lang='lat' dir='ltr'><strong>si</strong></span> <span class='ocrx_word' id='word_1_329' title='bbox 1189 768 1277 804; x_wconf 86' lang='lat' dir='ltr'><strong>pullus</strong></span> <span class='ocrx_word' id='word_1_330' title='bbox 1302 769 1327 796; x_wconf 92' lang='lat' dir='ltr'><strong>in</strong></span> <span class='ocrx_word' id='word_1_331' title='bbox 1344 769 1417 796; x_wconf 89' lang='lat' dir='ltr'><strong>bivio</strong></span> <span class='ocrx_word' id='word_1_332' title='bbox 1432 770 1546 797; x_wconf 83' lang='lat' dir='ltr'><strong>vinculis</strong></span> <span class='ocrx_word' id='word_1_333' title='bbox 1566 769 1628 796; x_wconf 89' lang='lat' dir='ltr'><strong>alli-</strong></span> 
     </span>
    </p>
   </div>
   <div class='ocr_carea' id='block_1_46' title="bbox 841 806 1627 849">
    <p class='ocr_par' dir='ltr' id='par_1_46' title="bbox 841 806 1627 849">
     <span class='ocr_line' id='line_1_46' title="bbox 841 806 1627 849; baseline 0.003 -9"><span class='ocrx_word' id='word_1_334' title='bbox 841 820 919 849; x_wconf 81' lang='lat' dir='ltr'><strong>gatus</strong></span> <span class='ocrx_word' id='word_1_335' title='bbox 935 819 988 847; x_wconf 87' lang='lat' dir='ltr'><strong>est,</strong></span> <span class='ocrx_word' id='word_1_336' title='bbox 1005 822 1091 849; x_wconf 90' lang='lat' dir='ltr'><strong>neque</strong></span> <span class='ocrx_word' id='word_1_337' title='bbox 1107 814 1157 841; x_wconf 84' lang='lat' dir='ltr'><strong>hoc</strong></span> <span class='ocrx_word' id='word_1_338' title='bbox 1175 822 1190 841; x_wconf 83' lang='lat' dir='ltr'><strong>a</strong></span> <span class='ocrx_word' id='word_1_339' title='bbox 1207 806 1345 849; x_wconf 84' lang='lat' dir='ltr'><strong>proposito</strong></span> <span class='ocrx_word' id='word_1_340' title='bbox 1361 819 1402 842; x_wconf 78' lang='lat' dir='ltr'><strong>est</strong></span> <span class='ocrx_word' id='word_1_341' title='bbox 1420 814 1549 842; x_wconf 88' lang='lat' dir='ltr'><strong>alienum.</strong></span> <span class='ocrx_word' id='word_1_342' title='bbox 1579 814 1627 842; x_wconf 85' lang='lat' dir='ltr'><strong>Et-</strong></span> 
     </span>
    </p>
   </div>
   <div class='ocr_carea' id='block_1_47' title="bbox 840 860 1628 896">
    <p class='ocr_par' dir='ltr' id='par_1_47' title="bbox 840 860 1628 896">
     <span class='ocr_line' id='line_1_47' title="bbox 840 860 1628 896; baseline 0.001 -9"><span class='ocrx_word' id='word_1_343' title='bbox 840 861 912 888; x_wconf 86' lang='lat' dir='ltr'><strong>enim</strong></span> <span class='ocrx_word' id='word_1_344' title='bbox 928 865 1022 896; x_wconf 73' lang='lat' dir='ltr'><strong>gentes</strong></span> <span class='ocrx_word' id='word_1_345' title='bbox 1048 866 1123 887; x_wconf 79' lang='lat' dir='ltr'><strong>extra</strong></span> <span class='ocrx_word' id='word_1_346' title='bbox 1149 861 1228 887; x_wconf 89' lang='lat' dir='ltr'><strong>Iidem</strong></span> <span class='ocrx_word' id='word_1_347' title='bbox 1254 860 1381 888; x_wconf 58' lang='lat' dir='ltr'><strong>Ecclesiae</strong></span> <span class='ocrx_word' id='word_1_348' title='bbox 1393 861 1465 888; x_wconf 87' lang='lat' dir='ltr'><strong>circa</strong></span> <span class='ocrx_word' id='word_1_349' title='bbox 1490 861 1572 888; x_wconf 88' lang='lat' dir='ltr'><strong>latatn</strong></span> <span class='ocrx_word' id='word_1_350' title='bbox 1600 865 1628 888; x_wconf 85' lang='lat' dir='ltr'><strong>et</strong></span> 
     </span>
    </p>
   </div>
   <div class='ocr_carea' id='block_1_48' title="bbox 841 907 1629 941">
    <p class='ocr_par' dir='ltr' id='par_1_48' title="bbox 841 907 1629 941">
     <span class='ocr_line' id='line_1_48' title="bbox 841 907 1629 941; baseline 0.003 -9"><span class='ocrx_word' id='word_1_351' title='bbox 841 911 978 941; x_wconf 86' lang='lat' dir='ltr'><strong>patentem</strong></span> <span class='ocrx_word' id='word_1_352' title='bbox 995 907 1065 933; x_wconf 84' lang='lat' dir='ltr'><strong>viam</strong></span> <span class='ocrx_word' id='word_1_353' title='bbox 1086 911 1260 940; x_wconf 81' lang='lat' dir='ltr'><strong>peccatorum</strong></span> <span class='ocrx_word' id='word_1_354' title='bbox 1287 907 1394 934; x_wconf 89' lang='lat' dir='ltr'><strong>catenis</strong></span> <span class='ocrx_word' id='word_1_355' title='bbox 1406 907 1539 934; x_wconf 59' lang='lat' dir='ltr'><strong>devinctae</strong></span> <span class='ocrx_word' id='word_1_356' title='bbox 1553 912 1629 935; x_wconf 81' lang='lat' dir='ltr'><strong>terte-</strong></span> 
     </span>
    </p>
   </div>
   <div class='ocr_carea' id='block_1_49' title="bbox 839 951 1627 988">
    <p class='ocr_par' dir='ltr' id='par_1_49' title="bbox 839 951 1627 988">
     <span class='ocr_line' id='line_1_49' title="bbox 839 951 1627 988; baseline 0.004 -10"><span class='ocrx_word' id='word_1_357' title='bbox 839 953 949 980; x_wconf 88' lang='lat' dir='ltr'><strong>bantur.</strong></span> <span class='ocrx_word' id='word_1_358' title='bbox 976 951 1098 986; x_wconf 82' lang='lat' dir='ltr'><strong>Deligata</strong></span> <span class='ocrx_word' id='word_1_359' title='bbox 1121 953 1204 979; x_wconf 87' lang='lat' dir='ltr'><strong>etiam</strong></span> <span class='ocrx_word' id='word_1_360' title='bbox 1231 957 1290 980; x_wconf 90' lang='lat' dir='ltr'><strong>erat</strong></span> <span class='ocrx_word' id='word_1_361' title='bbox 1316 953 1411 980; x_wconf 90' lang='lat' dir='ltr'><strong>asina:</strong></span> <span class='ocrx_word' id='word_1_362' title='bbox 1429 953 1572 988; x_wconf 62' lang='lat' dir='ltr'><strong>pratceptis</strong></span> <span class='ocrx_word' id='word_1_363' title='bbox 1587 954 1627 981; x_wconf 80' lang='lat' dir='ltr'><strong>si-</strong></span> 
     </span>
    </p>
   </div>
   <div class='ocr_carea' id='block_1_50' title="bbox 839 997 1624 1032">
    <p class='ocr_par' dir='ltr' id='par_1_50' title="bbox 839 997 1624 1032">
     <span class='ocr_line' id='line_1_50' title="bbox 839 997 1624 1032; baseline 0.005 -9"><span class='ocrx_word' id='word_1_364' title='bbox 839 997 947 1031; x_wconf 87' lang='lat' dir='ltr'><strong>quidem</strong></span> <span class='ocrx_word' id='word_1_365' title='bbox 967 997 1034 1032; x_wconf 81' lang='lat' dir='ltr'><strong>legis</strong></span> <span class='ocrx_word' id='word_1_366' title='bbox 1061 998 1138 1032; x_wconf 90' lang='lat' dir='ltr'><strong>quasi</strong></span> <span class='ocrx_word' id='word_1_367' title='bbox 1169 998 1283 1025; x_wconf 82' lang='lat' dir='ltr'><strong>vinculis</strong></span> <span class='ocrx_word' id='word_1_368' title='bbox 1305 997 1389 1026; x_wconf 69' lang='lat' dir='ltr'><strong>Judaei</strong></span> <span class='ocrx_word' id='word_1_369' title='bbox 1419 999 1624 1028; x_wconf 76' lang='lat' dir='ltr'><strong>cohibebantur.</strong></span> 
     </span>
    </p>
   </div>
   <div class='ocr_carea' id='block_1_51' title="bbox 839 1042 1627 1079">
    <p class='ocr_par' dir='ltr' id='par_1_51' title="bbox 839 1042 1627 1079">
     <span class='ocr_line' id='line_1_51' title="bbox 839 1042 1627 1079; baseline 0.004 -10"><span class='ocrx_word' id='word_1_370' title='bbox 839 1042 923 1070; x_wconf 73' lang='lat' dir='ltr'><strong>ltecte</strong></span> <span class='ocrx_word' id='word_1_371' title='bbox 940 1050 1005 1070; x_wconf 87' lang='lat' dir='ltr'><strong>vero</strong></span> <span class='ocrx_word' id='word_1_372' title='bbox 1024 1042 1056 1069; x_wconf 85' lang='lat' dir='ltr'><strong>ad</strong></span> <span class='ocrx_word' id='word_1_373' title='bbox 1086 1049 1182 1078; x_wconf 85' lang='lat' dir='ltr'><strong>gentes</strong></span> <span class='ocrx_word' id='word_1_374' title='bbox 1211 1044 1356 1078; x_wconf 82' lang='lat' dir='ltr'><strong>signandas</strong></span> <span class='ocrx_word' id='word_1_375' title='bbox 1382 1045 1448 1079; x_wconf 88' lang='lat' dir='ltr'><strong>pulli</strong></span> <span class='ocrx_word' id='word_1_376' title='bbox 1478 1045 1627 1073; x_wconf 80' lang='lat' dir='ltr'><strong>similitudo</strong></span> 
     </span>
    </p>
   </div>
   <div class='ocr_carea' id='block_1_52' title="bbox 839 1087 1627 1123">
    <p class='ocr_par' dir='ltr' id='par_1_52' title="bbox 839 1087 1627 1123">
     <span class='ocr_line' id='line_1_52' title="bbox 839 1087 1627 1123; baseline 0.006 -10"><span class='ocrx_word' id='word_1_377' title='bbox 839 1087 982 1122; x_wconf 81' lang='lat' dir='ltr'><strong>allegorica</strong></span> <span class='ocrx_word' id='word_1_378' title='bbox 1001 1087 1105 1116; x_wconf 92' lang='lat' dir='ltr'><strong>ratione</strong></span> <span class='ocrx_word' id='word_1_379' title='bbox 1126 1093 1232 1123; x_wconf 86' lang='lat' dir='ltr'><strong>sumpta</strong></span> <span class='ocrx_word' id='word_1_380' title='bbox 1248 1094 1298 1116; x_wconf 90' lang='lat' dir='ltr'><strong>est.</strong></span> <span class='ocrx_word' id='word_1_381' title='bbox 1318 1090 1387 1117; x_wconf 80' lang='lat' dir='ltr'><strong>Nam</strong></span> <span class='ocrx_word' id='word_1_382' title='bbox 1403 1091 1462 1117; x_wconf 89' lang='lat' dir='ltr'><strong>sine</strong></span> <span class='ocrx_word' id='word_1_383' title='bbox 1478 1091 1572 1118; x_wconf 89' lang='lat' dir='ltr'><strong>ordine</strong></span> <span class='ocrx_word' id='word_1_384' title='bbox 1594 1099 1627 1119; x_wconf 76' lang='lat' dir='ltr'><strong>ac</strong></span> 
     </span>
    </p>
   </div>
   <div class='ocr_carea' id='block_1_53' title="bbox 839 1134 1625 1172">
    <p class='ocr_par' dir='ltr' id='par_1_53' title="bbox 839 1134 1625 1172">
     <span class='ocr_line' id='line_1_53' title="bbox 839 1134 1625 1172; baseline 0.006 -13"><span class='ocrx_word' id='word_1_385' title='bbox 839 1134 933 1167; x_wconf 88' lang='lat' dir='ltr'><strong>modo,</strong></span> <span class='ocrx_word' id='word_1_386' title='bbox 951 1141 999 1168; x_wconf 83' lang='lat' dir='ltr'><strong>per</strong></span> <span class='ocrx_word' id='word_1_387' title='bbox 1016 1134 1180 1168; x_wconf 78' lang='lat' dir='ltr'><strong>impietatem</strong></span> <span class='ocrx_word' id='word_1_388' title='bbox 1199 1139 1225 1162; x_wconf 89' lang='lat' dir='ltr'><strong>et</strong></span> <span class='ocrx_word' id='word_1_389' title='bbox 1241 1135 1329 1170; x_wconf 89' lang='lat' dir='ltr'><strong>turpia</strong></span> <span class='ocrx_word' id='word_1_390' title='bbox 1345 1136 1415 1171; x_wconf 59' lang='lat' dir='ltr'><strong>facta</strong></span> <span class='ocrx_word' id='word_1_391' title='bbox 1434 1142 1536 1171; x_wconf 82' lang='lat' dir='ltr'><strong>gentes,</strong></span> <span class='ocrx_word' id='word_1_392' title='bbox 1548 1138 1625 1172; x_wconf 79' lang='lat' dir='ltr'><strong>quasi</strong></span> 
     </span>
    </p>
   </div>
   <div class='ocr_carea' id='block_1_54' title="bbox 839 1179 1625 1217">
    <p class='ocr_par' dir='ltr' id='par_1_54' title="bbox 839 1179 1625 1217">
     <span class='ocr_line' id='line_1_54' title="bbox 839 1179 1625 1217; baseline 0.005 -11"><span class='ocrx_word' id='word_1_393' title='bbox 839 1179 928 1214; x_wconf 86' lang='lat' dir='ltr'><strong>pullus</strong></span> <span class='ocrx_word' id='word_1_394' title='bbox 960 1179 1077 1207; x_wconf 89' lang='lat' dir='ltr'><strong>nondum</strong></span> <span class='ocrx_word' id='word_1_395' title='bbox 1105 1179 1183 1207; x_wconf 82' lang='lat' dir='ltr'><strong>freno</strong></span> <span class='ocrx_word' id='word_1_396' title='bbox 1197 1181 1360 1215; x_wconf 88' lang='lat' dir='ltr'><strong>|edomitus,</strong></span> <span class='ocrx_word' id='word_1_397' title='bbox 1380 1183 1481 1217; x_wconf 84' lang='lat' dir='ltr'><strong>quique</strong></span> <span class='ocrx_word' id='word_1_398' title='bbox 1508 1183 1625 1211; x_wconf 81' lang='lat' dir='ltr'><strong>nondum</strong></span> 
     </span>
    </p>
   </div>
   <div class='ocr_carea' id='block_1_55' title="bbox 839 1223 1625 1263">
    <p class='ocr_par' dir='ltr' id='par_1_55' title="bbox 839 1223 1625 1263">
     <span class='ocr_line' id='line_1_55' title="bbox 839 1223 1625 1263; baseline 0.009 -14"><span class='ocrx_word' id='word_1_399' title='bbox 839 1228 941 1250; x_wconf 83' lang='lat' dir='ltr'><strong>vestem</strong></span> <span class='ocrx_word' id='word_1_400' title='bbox 961 1223 1082 1250; x_wconf 86' lang='lat' dir='ltr'><strong>humeris</strong></span> <span class='ocrx_word' id='word_1_401' title='bbox 1106 1231 1269 1258; x_wconf 79' lang='lat' dir='ltr'><strong>exceperat;</strong></span> <span class='ocrx_word' id='word_1_402' title='bbox 1286 1226 1361 1254; x_wconf 81' lang='lat' dir='ltr'><strong>asina</strong></span> <span class='ocrx_word' id='word_1_403' title='bbox 1378 1234 1442 1254; x_wconf 76' lang='lat' dir='ltr'><strong>vero</strong></span> <span class='ocrx_word' id='word_1_404' title='bbox 1456 1227 1625 1263; x_wconf 82' lang='lat' dir='ltr'><strong>Syuagogam</strong></span> 
     </span>
    </p>
   </div>
   <div class='ocr_carea' id='block_1_56' title="bbox 841 1269 1628 1309">
    <p class='ocr_par' dir='ltr' id='par_1_56' title="bbox 841 1269 1628 1309">
     <span class='ocr_line' id='line_1_56' title="bbox 841 1269 1628 1309; baseline 0.006 -13"><span class='ocrx_word' id='word_1_405' title='bbox 841 1270 944 1297; x_wconf 90' lang='lat' dir='ltr'><strong>iudicat</strong></span> <span class='ocrx_word' id='word_1_406' title='bbox 967 1269 1132 1297; x_wconf 71' lang='lat' dir='ltr'><strong>Judaeorum.</strong></span> <span class='ocrx_word' id='word_1_407' title='bbox 1159 1270 1227 1298; x_wconf 85' lang='lat' dir='ltr'><strong>Nam</strong></span> <span class='ocrx_word' id='word_1_408' title='bbox 1260 1272 1341 1298; x_wconf 90' lang='lat' dir='ltr'><strong>etiam</strong></span> <span class='ocrx_word' id='word_1_409' title='bbox 1371 1273 1427 1307; x_wconf 88' lang='lat' dir='ltr'><strong>ipsa</strong></span> <span class='ocrx_word' id='word_1_410' title='bbox 1451 1274 1503 1300; x_wconf 86' lang='lat' dir='ltr'><strong>sub</strong></span> <span class='ocrx_word' id='word_1_411' title='bbox 1532 1274 1628 1309; x_wconf 75' lang='lat' dir='ltr'><strong>legalis</strong></span> 
     </span>
    </p>
   </div>
   <div class='ocr_carea' id='block_1_57' title="bbox 840 1314 1628 1352">
    <p class='ocr_par' dir='ltr' id='par_1_57' title="bbox 840 1314 1628 1352">
     <span class='ocr_line' id='line_1_57' title="bbox 840 1314 1628 1352; baseline 0.006 -11"><span class='ocrx_word' id='word_1_412' title='bbox 840 1314 981 1342; x_wconf 86' lang='lat' dir='ltr'><strong>servitutis</strong></span> <span class='ocrx_word' id='word_1_413' title='bbox 996 1314 1062 1348; x_wconf 80' lang='lat' dir='ltr'><strong>jugu</strong></span> <span class='ocrx_word' id='word_1_414' title='bbox 1092 1321 1152 1342; x_wconf 87' lang='lat' dir='ltr'><strong>cum</strong></span> <span class='ocrx_word' id='word_1_415' title='bbox 1171 1321 1242 1343; x_wconf 84' lang='lat' dir='ltr'><strong>esset</strong></span> <span class='ocrx_word' id='word_1_416' title='bbox 1255 1335 1263 1348; x_wconf 84' lang='lat'><strong>,</strong></span> <span class='ocrx_word' id='word_1_417' title='bbox 1281 1316 1347 1350; x_wconf 79' lang='lat' dir='ltr'><strong>legis</strong></span> <span class='ocrx_word' id='word_1_418' title='bbox 1372 1317 1500 1345; x_wconf 90' lang='lat' dir='ltr'><strong>oneribus</strong></span> <span class='ocrx_word' id='word_1_419' title='bbox 1523 1325 1628 1352; x_wconf 89' lang='lat' dir='ltr'><strong>preme-</strong></span> 
     </span>
    </p>
   </div>
   <div class='ocr_carea' id='block_1_58' title="bbox 840 1362 1627 1398">
    <p class='ocr_par' dir='ltr' id='par_1_58' title="bbox 840 1362 1627 1398">
     <span class='ocr_line' id='line_1_58' title="bbox 840 1362 1627 1398; baseline 0.005 -10"><span class='ocrx_word' id='word_1_420' title='bbox 840 1362 931 1393; x_wconf 83' lang='lat' dir='ltr'><strong>batur,</strong></span> <span class='ocrx_word' id='word_1_421' title='bbox 951 1365 977 1388; x_wconf 69' lang='grc' dir='ltr'><strong>ει</strong></span> <span class='ocrx_word' id='word_1_422' title='bbox 993 1366 1194 1395; x_wconf 68' lang='lat' dir='ltr'><strong>praeceptorum</strong></span> <span class='ocrx_word' id='word_1_423' title='bbox 1209 1363 1399 1390; x_wconf 84' lang='lat' dir='ltr'><strong>observatione</strong></span> <span class='ocrx_word' id='word_1_424' title='bbox 1416 1364 1490 1397; x_wconf 74' lang='lat' dir='ltr'><strong>quasi</strong></span> <span class='ocrx_word' id='word_1_425' title='bbox 1508 1364 1627 1398; x_wconf 87' lang='lat' dir='ltr'><strong>capistro</strong></span> 
     </span>
    </p>
   </div>
   <div class='ocr_carea' id='block_1_59' title="bbox 840 1406 1626 1458">
    <p class='ocr_par' dir='ltr' id='par_1_59' title="bbox 840 1406 1626 1458">
     <span class='ocr_line' id='line_1_59' title="bbox 840 1406 1626 1458; baseline 0.004 -23"><span class='ocrx_word' id='word_1_426' title='bbox 840 1408 992 1435; x_wconf 84' lang='lat' dir='ltr'><strong>tenebatur.</strong></span> <span class='ocrx_word' id='word_1_427' title='bbox 1016 1406 1082 1439; x_wconf 81' lang='lat' dir='ltr'><strong>Sed,</strong></span> <span class='ocrx_word' id='word_1_428' title='bbox 1093 1407 1336 1458; x_wconf 53' lang='lat' dir='ltr'><strong>jubenterChristo,</strong></span> <span class='ocrx_word' id='word_1_429' title='bbox 1351 1410 1431 1436; x_wconf 82' lang='lat' dir='ltr'><strong>ambo</strong></span> <span class='ocrx_word' id='word_1_430' title='bbox 1445 1410 1586 1437; x_wconf 87' lang='lat' dir='ltr'><strong>solvuntur</strong></span> <span class='ocrx_word' id='word_1_431' title='bbox 1600 1414 1626 1438; x_wconf 80' lang='lat' dir='ltr'><strong>et</strong></span> 
     </span>
    </p>
   </div>
   <div class='ocr_carea' id='block_1_60' title="bbox 840 1455 1626 1490">
    <p class='ocr_par' dir='ltr' id='par_1_60' title="bbox 840 1455 1626 1490">
     <span class='ocr_line' id='line_1_60' title="bbox 840 1455 1626 1490; baseline 0.004 -9"><span class='ocrx_word' id='word_1_432' title='bbox 840 1455 867 1481; x_wconf 94' lang='lat' dir='ltr'><strong>in</strong></span> <span class='ocrx_word' id='word_1_433' title='bbox 883 1463 935 1482; x_wconf 84' lang='lat' dir='ltr'><strong>una</strong></span> <span class='ocrx_word' id='word_1_434' title='bbox 965 1456 1017 1482; x_wconf 82' lang='lat' dir='ltr'><strong>[ide</strong></span> <span class='ocrx_word' id='word_1_435' title='bbox 1045 1455 1238 1490; x_wconf 71' lang='lat' dir='ltr'><strong>colligantur&#39;:</strong></span> <span class='ocrx_word' id='word_1_436' title='bbox 1265 1459 1293 1482; x_wconf 90' lang='lat' dir='ltr'><strong>et</strong></span> <span class='ocrx_word' id='word_1_437' title='bbox 1313 1455 1349 1482; x_wconf 86' lang='lat' dir='ltr'><strong>ita</strong></span> <span class='ocrx_word' id='word_1_438' title='bbox 1369 1455 1446 1489; x_wconf 83' lang='lat' dir='ltr'><strong>juxta</strong></span> <span class='ocrx_word' id='word_1_439' title='bbox 1465 1456 1626 1490; x_wconf 61' lang='lat' dir='ltr'><strong>patriarcha</strong></span> 
     </span>
    </p>
   </div>
   <div class='ocr_carea' id='block_1_61' title="bbox 840 1500 1622 1535">
    <p class='ocr_par' dir='ltr' id='par_1_61' title="bbox 840 1500 1622 1535">
     <span class='ocr_line' id='line_1_61' title="bbox 840 1500 1622 1535; baseline 0.005 -9"><span class='ocrx_word' id='word_1_440' title='bbox 840 1501 1041 1534; x_wconf 69' lang='lat' dir='ltr'><strong>praedictionem</strong></span> <span class='ocrx_word' id='word_1_441' title='bbox 1062 1500 1125 1535; x_wconf 86' lang='lat' dir='ltr'><strong>ligat</strong></span> <span class='ocrx_word' id='word_1_442' title='bbox 1143 1500 1176 1528; x_wconf 85' lang='lat' dir='ltr'><strong>ad</strong></span> <span class='ocrx_word' id='word_1_443' title='bbox 1190 1501 1295 1528; x_wconf 89' lang='lat' dir='ltr'><strong>vineam</strong></span> <span class='ocrx_word' id='word_1_444' title='bbox 1313 1501 1414 1535; x_wconf 89' lang='lat' dir='ltr'><strong>pullunt</strong></span> <span class='ocrx_word' id='word_1_445' title='bbox 1429 1509 1519 1530; x_wconf 85' lang='lat' dir='ltr'><strong>suum.</strong></span> <span class='ocrx_word' id='word_1_446' title='bbox 1540 1501 1622 1530; x_wconf 87' lang='lat' dir='ltr'><strong>Vinea</strong></span> 
     </span>
    </p>
   </div>
   <div class='ocr_carea' id='block_1_62' title="bbox 1 1545 784 1586">
    <p class='ocr_par' dir='ltr' id='par_1_62' title="bbox 1 1547 784 1583">
     <span class='ocr_line' id='line_1_62' title="bbox 1 1547 784 1583; baseline 0.001 -10"><span class='ocrx_word' id='word_1_447' title='bbox 1 1556 66 1574; x_wconf 81' lang='grc' dir='ltr'>ιενοι</span> <span class='ocrx_word' id='word_1_448' title='bbox 76 1555 85 1562; x_wconf 80' lang='lat'><strong>&#39;</strong></span> <span class='ocrx_word' id='word_1_449' title='bbox 100 1547 153 1573; x_wconf 80' lang='grc' dir='ltr'><strong>καὶ</strong></span> <span class='ocrx_word' id='word_1_450' title='bbox 162 1547 234 1573; x_wconf 75' lang='grc' dir='ltr'><strong>οὕτω</strong></span> <span class='ocrx_word' id='word_1_451' title='bbox 245 1547 316 1573; x_wconf 82' lang='grc' dir='ltr'>κατὰ</span> <span class='ocrx_word' id='word_1_452' title='bbox 325 1547 375 1583; x_wconf 85' lang='grc' dir='ltr'><strong>τὴν</strong></span> <span class='ocrx_word' id='word_1_453' title='bbox 388 1548 494 1583; x_wconf 86' lang='grc' dir='ltr'><strong>Πατρια</strong></span> <span class='ocrx_word' id='word_1_454' title='bbox 501 1548 596 1583; x_wconf 81' lang='grc' dir='ltr'>ρχικὴν</span> <span class='ocrx_word' id='word_1_455' title='bbox 606 1548 784 1582; x_wconf 75' lang='grc' dir='ltr'><strong>προφητείαν,</strong></span> 
     </span>
    </p>
   </div>
   <div class='ocr_carea' id='block_1_63' title="bbox 854 1545 1625 1586">
    <p class='ocr_par' dir='ltr' id='par_1_63' title="bbox 856 1545 1625 1581">
     <span class='ocr_line' id='line_1_63' title="bbox 856 1545 1625 1581; baseline 0.003 -8"><span class='ocrx_word' id='word_1_456' title='bbox 856 1552 881 1574; x_wconf 82' lang='lat' dir='ltr'><strong>st</strong></span> <span class='ocrx_word' id='word_1_457' title='bbox 901 1546 972 1573; x_wconf 90' lang='lat' dir='ltr'><strong>enim</strong></span> <span class='ocrx_word' id='word_1_458' title='bbox 987 1554 1140 1581; x_wconf 78' lang='lat' dir='ltr'><strong>quicunque</strong></span> <span class='ocrx_word' id='word_1_459' title='bbox 1162 1554 1195 1574; x_wconf 79' lang='lat' dir='ltr'><strong>ex</strong></span> <span class='ocrx_word' id='word_1_460' title='bbox 1211 1545 1291 1573; x_wconf 82' lang='lat' dir='ltr'><strong>Israel</strong></span> <span class='ocrx_word' id='word_1_461' title='bbox 1307 1552 1396 1581; x_wconf 82' lang='lat' dir='ltr'><strong>gente,</strong></span> <span class='ocrx_word' id='word_1_462' title='bbox 1413 1547 1447 1574; x_wconf 91' lang='lat' dir='ltr'><strong>de</strong></span> <span class='ocrx_word' id='word_1_463' title='bbox 1462 1555 1513 1581; x_wconf 89' lang='lat' dir='ltr'><strong>qua</strong></span> <span class='ocrx_word' id='word_1_464' title='bbox 1526 1548 1625 1575; x_wconf 83' lang='lat' dir='ltr'><strong>cecinit</strong></span> 
     </span>
    </p>
   </div>
   <div class='ocr_carea' id='block_1_64' title="bbox 1 1591 790 1626">
    <p class='ocr_par' dir='ltr' id='par_1_64' title="bbox 1 1591 790 1626">
     <span class='ocr_line' id='line_1_64' title="bbox 1 1591 790 1626; baseline 0.003 -9"><span class='ocrx_word' id='word_1_465' title='bbox 1 1591 124 1626; x_wconf 68' lang='grc' dir='ltr'><strong>ἰεςμεύει</strong></span> <span class='ocrx_word' id='word_1_466' title='bbox 151 1591 221 1626; x_wconf 70' lang='grc' dir='ltr'>πρὸς</span> <span class='ocrx_word' id='word_1_467' title='bbox 252 1591 376 1626; x_wconf 78' lang='grc' dir='ltr'><strong>ἄμπελον</strong></span> <span class='ocrx_word' id='word_1_468' title='bbox 392 1593 438 1619; x_wconf 77' lang='grc' dir='ltr'><strong>τὸν</strong></span> <span class='ocrx_word' id='word_1_469' title='bbox 454 1592 544 1618; x_wconf 80' lang='grc' dir='ltr'><strong>πῶλον</strong></span> <span class='ocrx_word' id='word_1_470' title='bbox 560 1592 654 1619; x_wconf 78' lang='grc' dir='ltr'><strong>αὑτοῦ.</strong></span> <span class='ocrx_word' id='word_1_471' title='bbox 683 1593 790 1626; x_wconf 82' lang='grc' dir='ltr'><strong>Ἀμπε-</strong></span> 
     </span>
    </p>
   </div>
   <div class='ocr_carea' id='block_1_65' title="bbox 6 1636 786 1674">
    <p class='ocr_par' dir='ltr' id='par_1_65' title="bbox 6 1636 786 1674">
     <span class='ocr_line' id='line_1_65' title="bbox 6 1636 786 1674; baseline 0.003 -11"><span class='ocrx_word' id='word_1_472' title='bbox 6 1646 32 1667; x_wconf 79' lang='grc' dir='ltr'>ος</span> <span class='ocrx_word' id='word_1_473' title='bbox 63 1637 127 1672; x_wconf 75' lang='grc' dir='ltr'><strong>γὰρ</strong></span> <span class='ocrx_word' id='word_1_474' title='bbox 154 1638 168 1664; x_wconf 79' lang='grc' dir='ltr'><strong>ὁ</strong></span> <span class='ocrx_word' id='word_1_475' title='bbox 194 1637 224 1669; x_wconf 76' lang='grc' dir='ltr'><strong>ἐξ</strong></span> <span class='ocrx_word' id='word_1_476' title='bbox 251 1638 370 1674; x_wconf 78' lang='grc' dir='ltr'><strong>Ἰσραὴλ,</strong></span> <span class='ocrx_word' id='word_1_477' title='bbox 387 1639 453 1671; x_wconf 68' lang='grc' dir='ltr'>περὶ</span> <span class='ocrx_word' id='word_1_478' title='bbox 471 1636 508 1665; x_wconf 80' lang='grc' dir='ltr'>ὧν</span> <span class='ocrx_word' id='word_1_479' title='bbox 525 1647 608 1673; x_wconf 71' lang='grc' dir='ltr'>φησιν</span> <span class='ocrx_word' id='word_1_480' title='bbox 631 1639 644 1665; x_wconf 83' lang='grc' dir='ltr'>ὁ</span> <span class='ocrx_word' id='word_1_481' title='bbox 664 1638 786 1674; x_wconf 72' lang='grc' dir='ltr'><strong>ψαλμόςο</strong></span> 
     </span>
    </p>
   </div>
   <div class='ocr_carea' id='block_1_66' title="bbox 1 1683 789 1720">
    <p class='ocr_par' dir='ltr' id='par_1_66' title="bbox 1 1683 789 1720">
     <span class='ocr_line' id='line_1_66' title="bbox 1 1683 789 1720; baseline 0.001 -11"><span class='ocrx_word' id='word_1_482' title='bbox 1 1692 4 1708; x_wconf 87' lang='grc' dir='ltr'><strong>ι</strong></span> <span class='ocrx_word' id='word_1_483' title='bbox 22 1683 176 1718; x_wconf 70' lang='grc' dir='ltr'><strong>Ἄμπελον</strong></span> <span class='ocrx_word' id='word_1_484' title='bbox 195 1683 224 1716; x_wconf 78' lang='grc' dir='ltr'><strong>ἐξ</strong></span> <span class='ocrx_word' id='word_1_485' title='bbox 237 1684 378 1718; x_wconf 73' lang='grc' dir='ltr'><strong>Αἰγύπτου</strong></span> <span class='ocrx_word' id='word_1_486' title='bbox 393 1684 528 1719; x_wconf 76' lang='grc' dir='ltr'>μετῆρας.</span> <span class='ocrx_word' id='word_1_487' title='bbox 548 1694 556 1710; x_wconf 74' lang='grc' dir='ltr'>ι</span> <span class='ocrx_word' id='word_1_488' title='bbox 577 1685 622 1710; x_wconf 81' lang='grc' dir='ltr'><strong>Ἐν</strong></span> <span class='ocrx_word' id='word_1_489' title='bbox 634 1684 721 1720; x_wconf 72' lang='grc' dir='ltr'>ταύτῃ</span> <span class='ocrx_word' id='word_1_490' title='bbox 743 1684 789 1711; x_wconf 80' lang='grc' dir='ltr'><strong>οὖν</strong></span> 
     </span>
    </p>
   </div>
   <div class='ocr_carea' id='block_1_67' title="bbox 1 1729 788 1764">
    <p class='ocr_par' dir='ltr' id='par_1_67' title="bbox 1 1729 788 1764">
     <span class='ocr_line' id='line_1_67' title="bbox 1 1729 788 1764; baseline 0.001 -9"><span class='ocrx_word' id='word_1_491' title='bbox 1 1730 22 1763; x_wconf 73' lang='grc' dir='ltr'>τῇ</span> <span class='ocrx_word' id='word_1_492' title='bbox 40 1729 168 1764; x_wconf 72' lang='grc' dir='ltr'><strong>ἀμπέλῳ</strong></span> <span class='ocrx_word' id='word_1_493' title='bbox 186 1729 232 1755; x_wconf 72' lang='grc' dir='ltr'><strong>τὸν</strong></span> <span class='ocrx_word' id='word_1_494' title='bbox 246 1729 353 1756; x_wconf 68' lang='grc' dir='ltr'><strong>ἐθνικὸν</strong></span> <span class='ocrx_word' id='word_1_495' title='bbox 377 1729 442 1756; x_wconf 73' lang='grc' dir='ltr'><strong>λαὸν</strong></span> <span class='ocrx_word' id='word_1_496' title='bbox 464 1730 610 1764; x_wconf 80' lang='grc' dir='ltr'>συνδεσμΞί</span> <span class='ocrx_word' id='word_1_497' title='bbox 624 1731 685 1762; x_wconf 85' lang='grc' dir='ltr'>ταῖς</span> <span class='ocrx_word' id='word_1_498' title='bbox 705 1731 788 1764; x_wconf 83' lang='grc' dir='ltr'>εὐαγ-</span> 
     </span>
    </p>
   </div>
   <div class='ocr_carea' id='block_1_68' title="bbox 1 1776 789 1812">
    <p class='ocr_par' dir='ltr' id='par_1_68' title="bbox 1 1776 789 1812">
     <span class='ocr_line' id='line_1_68' title="bbox 1 1776 789 1812; baseline 0.003 -10"><span class='ocrx_word' id='word_1_499' title='bbox 1 1777 122 1810; x_wconf 55' lang='lat' dir='ltr'><strong>(simul;</strong></span> <span class='ocrx_word' id='word_1_500' title='bbox 138 1776 272 1807; x_wconf 78' lang='grc' dir='ltr'><strong>ἐντολαῖς.</strong></span> <span class='ocrx_word' id='word_1_501' title='bbox 301 1776 483 1810; x_wconf 82' lang='grc' dir='ltr'><strong>Ἑπικάθηται</strong></span> <span class='ocrx_word' id='word_1_502' title='bbox 499 1777 527 1802; x_wconf 81' lang='grc' dir='ltr'><strong>δὲ</strong></span> <span class='ocrx_word' id='word_1_503' title='bbox 543 1777 571 1802; x_wconf 78' lang='grc' dir='ltr'><strong>ἐν</strong></span> <span class='ocrx_word' id='word_1_504' title='bbox 589 1777 681 1807; x_wconf 76' lang='grc' dir='ltr'><strong>αὐτοῖς</strong></span> <span class='ocrx_word' id='word_1_505' title='bbox 695 1778 708 1803; x_wconf 86' lang='grc' dir='ltr'>ὁ</span> <span class='ocrx_word' id='word_1_506' title='bbox 723 1777 789 1812; x_wconf 88' lang='grc' dir='ltr'><strong>Χρι-</strong></span> 
     </span>
    </p>
   </div>
   <div class='ocr_carea' id='block_1_69' title="bbox 1 1821 789 1858">
    <p class='ocr_par' dir='ltr' id='par_1_69' title="bbox 1 1821 789 1858">
     <span class='ocr_line' id='line_1_69' title="bbox 1 1821 789 1858; baseline 0.003 -10"><span class='ocrx_word' id='word_1_507' title='bbox 1 1823 68 1855; x_wconf 72' lang='grc' dir='ltr'><strong>ιτὸς,</strong></span> <span class='ocrx_word' id='word_1_508' title='bbox 109 1823 169 1849; x_wconf 84' lang='grc' dir='ltr'><strong>τῶν</strong></span> <span class='ocrx_word' id='word_1_509' title='bbox 207 1821 365 1850; x_wconf 82' lang='grc' dir='ltr'><strong>ἀποστόλων</strong></span> <span class='ocrx_word' id='word_1_510' title='bbox 394 1822 630 1857; x_wconf 67' lang='grc' dir='ltr'><strong>ὺποπτρωσάντων</strong></span> <span class='ocrx_word' id='word_1_511' title='bbox 657 1823 732 1858; x_wconf 85' lang='grc' dir='ltr'><strong>αὑτῷ</strong></span> <span class='ocrx_word' id='word_1_512' title='bbox 756 1824 789 1850; x_wconf 73' lang='grc' dir='ltr'><strong>τὰ</strong></span> 
     </span>
    </p>
   </div>
   <div class='ocr_carea' id='block_1_70' title="bbox 5 1868 789 1904">
    <p class='ocr_par' dir='ltr' id='par_1_70' title="bbox 5 1868 789 1904">
     <span class='ocr_line' id='line_1_70' title="bbox 5 1868 789 1904; baseline -0.001 -8"><span class='ocrx_word' id='word_1_513' title='bbox 5 1870 102 1902; x_wconf 78' lang='grc' dir='ltr'><strong>μάτια.</strong></span> <span class='ocrx_word' id='word_1_514' title='bbox 115 1869 200 1900; x_wconf 80' lang='grc' dir='ltr'><strong>Νοείς</strong></span> <span class='ocrx_word' id='word_1_515' title='bbox 221 1868 249 1895; x_wconf 73' lang='grc' dir='ltr'><strong>δὲ</strong></span> <span class='ocrx_word' id='word_1_516' title='bbox 273 1868 383 1900; x_wconf 81' lang='grc' dir='ltr'><strong>πάντως</strong></span> <span class='ocrx_word' id='word_1_517' title='bbox 399 1869 443 1895; x_wconf 78' lang='grc' dir='ltr'><strong>διὰ</strong></span> <span class='ocrx_word' id='word_1_518' title='bbox 466 1869 521 1895; x_wconf 83' lang='grc' dir='ltr'><strong>τῶν</strong></span> <span class='ocrx_word' id='word_1_519' title='bbox 543 1868 661 1904; x_wconf 76' lang='grc' dir='ltr'><strong>ἱματίων</strong></span> <span class='ocrx_word' id='word_1_520' title='bbox 677 1869 722 1894; x_wconf 82' lang='grc' dir='ltr'><strong>τὸν</strong></span> <span class='ocrx_word' id='word_1_521' title='bbox 742 1869 789 1895; x_wconf 68' lang='lat' dir='ltr'><strong>cu—</strong></span> 
     </span>
    </p>
   </div>
   <div class='ocr_carea' id='block_1_71' title="bbox 1 1911 788 1949">
    <p class='ocr_par' dir='ltr' id='par_1_71' title="bbox 1 1911 788 1949">
     <span class='ocr_line' id='line_1_71' title="bbox 1 1911 788 1949; baseline 0 -10"><span class='ocrx_word' id='word_1_522' title='bbox 1 1915 125 1949; x_wconf 74' lang='grc' dir='ltr'>ιχὴμονα</span> <span class='ocrx_word' id='word_1_523' title='bbox 154 1913 224 1949; x_wconf 83' lang='grc' dir='ltr'><strong>βίον,</strong></span> <span class='ocrx_word' id='word_1_524' title='bbox 248 1914 294 1939; x_wconf 80' lang='grc' dir='ltr'><strong>τὸν</strong></span> <span class='ocrx_word' id='word_1_525' title='bbox 319 1914 523 1948; x_wconf 74' lang='grc' dir='ltr'><strong>ἐπικοσμοῦντα</strong></span> <span class='ocrx_word' id='word_1_526' title='bbox 540 1913 569 1939; x_wconf 76' lang='grc' dir='ltr'><strong>τὸ</strong></span> <span class='ocrx_word' id='word_1_527' title='bbox 583 1911 649 1948; x_wconf 79' lang='grc' dir='ltr'><strong>ἦθος</strong></span> <span class='ocrx_word' id='word_1_528' title='bbox 671 1913 716 1940; x_wconf 80' lang='grc' dir='ltr'><strong>διὰ</strong></span> <span class='ocrx_word' id='word_1_529' title='bbox 738 1914 788 1948; x_wconf 83' lang='grc' dir='ltr'><strong>τῆς</strong></span> 
     </span>
    </p>
   </div>
   <div class='ocr_carea' id='block_1_72' title="bbox 1 1959 786 1994">
    <p class='ocr_par' dir='ltr' id='par_1_72' title="bbox 1 1959 786 1994">
     <span class='ocr_line' id='line_1_72' title="bbox 1 1959 786 1994; baseline 0.003 -10"><span class='ocrx_word' id='word_1_530' title='bbox 1 1959 158 1994; x_wconf 70' lang='grc' dir='ltr'>ιῦπρεποῦς</span> <span class='ocrx_word' id='word_1_531' title='bbox 174 1959 379 1990; x_wconf 77' lang='grc' dir='ltr'>καταστάσεως.</span> <span class='ocrx_word' id='word_1_532' title='bbox 393 1959 486 1985; x_wconf 79' lang='grc' dir='ltr'>Ταῦτα</span> <span class='ocrx_word' id='word_1_533' title='bbox 498 1959 531 1985; x_wconf 74' lang='grc' dir='ltr'><strong>τὰ</strong></span> <span class='ocrx_word' id='word_1_534' title='bbox 547 1959 644 1994; x_wconf 74' lang='grc' dir='ltr'><strong>ἱμάτια</strong></span> <span class='ocrx_word' id='word_1_535' title='bbox 659 1959 786 1986; x_wconf 80' lang='grc' dir='ltr'><strong>ἐνέδυσαν</strong></span> 
     </span>
    </p>
   </div>
   <div class='ocr_carea' id='block_1_73' title="bbox 838 1593 1622 1628">
    <p class='ocr_par' dir='ltr' id='par_1_73' title="bbox 838 1593 1622 1628">
     <span class='ocr_line' id='line_1_73' title="bbox 838 1593 1622 1628; baseline 0.003 -9"><span class='ocrx_word' id='word_1_536' title='bbox 838 1593 962 1620; x_wconf 86' lang='lat' dir='ltr'><strong>Psalmus</strong></span> <span class='ocrx_word' id='word_1_537' title='bbox 983 1603 989 1620; x_wconf 89' lang='lat'><strong>:</strong></span> <span class='ocrx_word' id='word_1_538' title='bbox 1011 1602 1020 1619; x_wconf 89' lang='grc'><em>‹</em></span> <span class='ocrx_word' id='word_1_539' title='bbox 1034 1594 1144 1621; x_wconf 69' lang='lat' dir='ltr'><strong>Vineam</strong></span> <span class='ocrx_word' id='word_1_540' title='bbox 1173 1594 1207 1622; x_wconf 89' lang='lat' dir='ltr'><strong>de</strong></span> <span class='ocrx_word' id='word_1_541' title='bbox 1236 1593 1354 1628; x_wconf 59' lang='lat' dir='ltr'><strong>(Egypto</strong></span> <span class='ocrx_word' id='word_1_542' title='bbox 1382 1594 1544 1621; x_wconf 84' lang='lat' dir='ltr'><strong>transtulisti</strong></span> <span class='ocrx_word' id='word_1_543' title='bbox 1558 1595 1593 1622; x_wconf 79' lang='grc'><strong>⁵⁷.</strong></span> <span class='ocrx_word' id='word_1_544' title='bbox 1611 1604 1622 1621; x_wconf 72' lang='grc' dir='ltr'>ι</span> 
     </span>
    </p>
   </div>
   <div class='ocr_carea' id='block_1_74' title="bbox 839 1638 1626 1674">
    <p class='ocr_par' dir='ltr' id='par_1_74' title="bbox 839 1638 1626 1674">
     <span class='ocr_line' id='line_1_74' title="bbox 839 1638 1626 1674; baseline 0.003 -10"><span class='ocrx_word' id='word_1_545' title='bbox 839 1638 878 1664; x_wconf 82' lang='lat' dir='ltr'><strong>Ad</strong></span> <span class='ocrx_word' id='word_1_546' title='bbox 897 1638 966 1665; x_wconf 90' lang='lat' dir='ltr'><strong>hane</strong></span> <span class='ocrx_word' id='word_1_547' title='bbox 989 1645 1054 1673; x_wconf 79' lang='lat' dir='ltr'><strong>ergo</strong></span> <span class='ocrx_word' id='word_1_548' title='bbox 1076 1638 1182 1665; x_wconf 74' lang='lat' dir='ltr'><strong>vincam</strong></span> <span class='ocrx_word' id='word_1_549' title='bbox 1208 1639 1351 1673; x_wconf 65' lang='lat' dir='ltr'><strong>praeceptis</strong></span> <span class='ocrx_word' id='word_1_550' title='bbox 1376 1639 1540 1674; x_wconf 73' lang='lat' dir='ltr'><strong>evangelieis</strong></span> <span class='ocrx_word' id='word_1_551' title='bbox 1558 1648 1626 1674; x_wconf 82' lang='lat' dir='ltr'><strong>geu-</strong></span> 
     </span>
    </p>
   </div>
   <div class='ocr_carea' id='block_1_75' title="bbox 839 1676 1626 1720">
    <p class='ocr_par' dir='ltr' id='par_1_75' title="bbox 839 1676 1626 1720">
     <span class='ocr_line' id='line_1_75' title="bbox 839 1676 1626 1720; baseline 0.004 -9"><span class='ocrx_word' id='word_1_552' title='bbox 839 1684 911 1712; x_wconf 83' lang='lat' dir='ltr'><strong>tilem</strong></span> <span class='ocrx_word' id='word_1_553' title='bbox 928 1685 1054 1719; x_wconf 91' lang='lat' dir='ltr'><strong>populum</strong></span> <span class='ocrx_word' id='word_1_554' title='bbox 1069 1685 1173 1719; x_wconf 76' lang='lat' dir='ltr'><strong>alligat.</strong></span> <span class='ocrx_word' id='word_1_555' title='bbox 1197 1676 1279 1712; x_wconf 77' lang='lat' dir='ltr'><strong>Sedet</strong></span> <span class='ocrx_word' id='word_1_556' title='bbox 1300 1692 1380 1720; x_wconf 88' lang='lat' dir='ltr'><strong>porro</strong></span> <span class='ocrx_word' id='word_1_557' title='bbox 1405 1693 1485 1720; x_wconf 87' lang='lat' dir='ltr'><strong>super</strong></span> <span class='ocrx_word' id='word_1_558' title='bbox 1500 1686 1548 1714; x_wconf 82' lang='lat' dir='ltr'><strong>has</strong></span> <span class='ocrx_word' id='word_1_559' title='bbox 1572 1686 1626 1714; x_wconf 89' lang='lat' dir='ltr'><strong>Do-</strong></span> 
     </span>
    </p>
   </div>
   <div class='ocr_carea' id='block_1_76' title="bbox 839 1731 1627 1768">
    <p class='ocr_par' dir='ltr' id='par_1_76' title="bbox 839 1731 1627 1768">
     <span class='ocr_line' id='line_1_76' title="bbox 839 1731 1627 1768; baseline 0.004 -10"><span class='ocrx_word' id='word_1_560' title='bbox 839 1731 927 1758; x_wconf 89' lang='lat' dir='ltr'><strong>minus</strong></span> <span class='ocrx_word' id='word_1_561' title='bbox 938 1731 994 1765; x_wconf 83' lang='grc'><strong>(10)</strong></span> <span class='ocrx_word' id='word_1_562' title='bbox 1006 1731 1087 1766; x_wconf 79' lang='lat'><strong>186</strong></span> <span class='ocrx_word' id='word_1_563' title='bbox 1101 1731 1282 1765; x_wconf 85' lang='lat' dir='ltr'><strong>apostolorum</strong></span> <span class='ocrx_word' id='word_1_564' title='bbox 1299 1736 1371 1758; x_wconf 83' lang='lat' dir='ltr'><strong>veste</strong></span> <span class='ocrx_word' id='word_1_565' title='bbox 1385 1732 1627 1768; x_wconf 81' lang='lat' dir='ltr'><strong>substrata.Alque</strong></span> 
     </span>
    </p>
   </div>
   <div class='ocr_carea' id='block_1_77' title="bbox 840 1776 1624 1812">
    <p class='ocr_par' dir='ltr' id='par_1_77' title="bbox 840 1776 1624 1812">
     <span class='ocr_line' id='line_1_77' title="bbox 840 1776 1624 1812; baseline 0.001 -9"><span class='ocrx_word' id='word_1_566' title='bbox 840 1776 980 1812; x_wconf 81' lang='lat' dir='ltr'><strong>intelligis,</strong></span> <span class='ocrx_word' id='word_1_567' title='bbox 996 1777 1088 1810; x_wconf 89' lang='lat' dir='ltr'><strong>credo,</strong></span> <span class='ocrx_word' id='word_1_568' title='bbox 1101 1783 1148 1810; x_wconf 87' lang='lat' dir='ltr'><strong>per</strong></span> <span class='ocrx_word' id='word_1_569' title='bbox 1174 1777 1335 1804; x_wconf 85' lang='lat' dir='ltr'><strong>vestimenta</strong></span> <span class='ocrx_word' id='word_1_570' title='bbox 1366 1777 1506 1804; x_wconf 88' lang='lat' dir='ltr'><strong>honestam</strong></span> <span class='ocrx_word' id='word_1_571' title='bbox 1530 1779 1624 1811; x_wconf 87' lang='lat' dir='ltr'><strong>vitam,</strong></span> 
     </span>
    </p>
   </div>
   <div class='ocr_carea' id='block_1_78' title="bbox 839 1822 1626 1857">
    <p class='ocr_par' dir='ltr' id='par_1_78' title="bbox 839 1822 1626 1857">
     <span class='ocr_line' id='line_1_78' title="bbox 839 1822 1626 1857; baseline 0.004 -10"><span class='ocrx_word' id='word_1_572' title='bbox 839 1829 898 1857; x_wconf 66' lang='lat' dir='ltr'><strong>qua:</strong></span> <span class='ocrx_word' id='word_1_573' title='bbox 912 1826 941 1849; x_wconf 91' lang='lat' dir='ltr'><strong>ut</strong></span> <span class='ocrx_word' id='word_1_574' title='bbox 958 1822 1036 1849; x_wconf 84' lang='lat' dir='ltr'><strong>decet</strong></span> <span class='ocrx_word' id='word_1_575' title='bbox 1049 1822 1174 1850; x_wconf 85' lang='lat' dir='ltr'><strong>instituta</strong></span> <span class='ocrx_word' id='word_1_576' title='bbox 1194 1829 1285 1850; x_wconf 88' lang='lat' dir='ltr'><strong>mores</strong></span> <span class='ocrx_word' id='word_1_577' title='bbox 1300 1826 1425 1850; x_wconf 84' lang='lat' dir='ltr'><strong>exomal.</strong></span> <span class='ocrx_word' id='word_1_578' title='bbox 1444 1822 1492 1850; x_wconf 90' lang='lat' dir='ltr'><strong>His</strong></span> <span class='ocrx_word' id='word_1_579' title='bbox 1505 1824 1626 1850; x_wconf 73' lang='lat' dir='ltr'><strong>Vestibus</strong></span> 
     </span>
    </p>
   </div>
   <div class='ocr_carea' id='block_1_79' title="bbox 840 1867 1624 1902">
    <p class='ocr_par' dir='ltr' id='par_1_79' title="bbox 840 1867 1624 1902">
     <span class='ocr_line' id='line_1_79' title="bbox 840 1867 1624 1902; baseline 0.003 -8"><span class='ocrx_word' id='word_1_580' title='bbox 840 1876 889 1894; x_wconf 86' lang='lat' dir='ltr'><strong>nos</strong></span> <span class='ocrx_word' id='word_1_581' title='bbox 904 1867 1050 1894; x_wconf 85' lang='lat' dir='ltr'><strong>induerunt</strong></span> <span class='ocrx_word' id='word_1_582' title='bbox 1066 1867 1178 1902; x_wconf 87' lang='lat' dir='ltr'><strong>apostoli</strong></span> <span class='ocrx_word' id='word_1_583' title='bbox 1193 1887 1201 1900; x_wconf 88' lang='lat'><strong>,</strong></span> <span class='ocrx_word' id='word_1_584' title='bbox 1220 1868 1353 1902; x_wconf 86' lang='lat' dir='ltr'><strong>siquidem</strong></span> <span class='ocrx_word' id='word_1_585' title='bbox 1381 1868 1480 1895; x_wconf 87' lang='lat' dir='ltr'><strong>clamat</strong></span> <span class='ocrx_word' id='word_1_586' title='bbox 1504 1868 1600 1896; x_wconf 84' lang='lat' dir='ltr'><strong>Paulus</strong></span> <span class='ocrx_word' id='word_1_587' title='bbox 1614 1877 1624 1897; x_wconf 91' lang='lat'><strong>:</strong></span> 
     </span>
    </p>
   </div>
   <div class='ocr_carea' id='block_1_80' title="bbox 842 1913 1627 1946">
    <p class='ocr_par' dir='ltr' id='par_1_80' title="bbox 842 1913 1627 1946">
     <span class='ocr_line' id='line_1_80' title="bbox 842 1913 1627 1946; baseline 0.001 -7"><span class='ocrx_word' id='word_1_588' title='bbox 842 1923 852 1939; x_wconf 74' lang='grc' dir='ltr'><strong>α</strong></span> <span class='ocrx_word' id='word_1_589' title='bbox 870 1913 975 1940; x_wconf 90' lang='lat' dir='ltr'><strong>luduite</strong></span> <span class='ocrx_word' id='word_1_590' title='bbox 991 1920 1066 1940; x_wconf 84' lang='lat' dir='ltr'><strong>arma</strong></span> <span class='ocrx_word' id='word_1_591' title='bbox 1081 1913 1149 1940; x_wconf 81' lang='lat' dir='ltr'><strong>lucis</strong></span> <span class='ocrx_word' id='word_1_592' title='bbox 1161 1933 1168 1946; x_wconf 90' lang='lat'><strong>,</strong></span> <span class='ocrx_word' id='word_1_593' title='bbox 1184 1913 1254 1940; x_wconf 86' lang='lat' dir='ltr'><strong>sicut</strong></span> <span class='ocrx_word' id='word_1_594' title='bbox 1274 1913 1300 1940; x_wconf 95' lang='lat' dir='ltr'><strong>in</strong></span> <span class='ocrx_word' id='word_1_595' title='bbox 1317 1914 1359 1940; x_wconf 88' lang='lat' dir='ltr'><strong>die</strong></span> <span class='ocrx_word' id='word_1_596' title='bbox 1373 1913 1486 1942; x_wconf 90' lang='lat' dir='ltr'><strong>honeste</strong></span> <span class='ocrx_word' id='word_1_597' title='bbox 1505 1914 1627 1941; x_wconf 84' lang='lat' dir='ltr'><strong>ambule-</strong></span> 
     </span>
    </p>
   </div>
   <div class='ocr_carea' id='block_1_81' title="bbox 837 1958 982 1986">
    <p class='ocr_par' dir='ltr' id='par_1_81' title="bbox 837 1958 982 1986">
     <span class='ocr_line' id='line_1_81' title="bbox 837 1958 982 1986; baseline -0.007 -1"><span class='ocrx_word' id='word_1_598' title='bbox 837 1966 897 1986; x_wconf 88' lang='lat' dir='ltr'><strong>mus</strong></span> <span class='ocrx_word' id='word_1_599' title='bbox 911 1958 956 1986; x_wconf 84' lang='grc'><strong>¹⁷¹,</strong></span> <span class='ocrx_word' id='word_1_600' title='bbox 972 1968 982 1984; x_wconf 78' lang='grc' dir='ltr'>ι</span> 
     </span>
    </p>
   </div>
   <div class='ocr_carea' id='block_1_82' title="bbox 2 2005 1626 2043">
    <p class='ocr_par' dir='ltr' id='par_1_82' title="bbox 2 2005 1626 2043">
     <span class='ocr_line' id='line_1_82' title="bbox 2 2005 1626 2043; baseline 0.001 -11"><span class='ocrx_word' id='word_1_601' title='bbox 2 2007 68 2040; x_wconf 47' lang='lat' dir='ltr'><strong>uti;</strong></span> <span class='ocrx_word' id='word_1_602' title='bbox 93 2006 120 2032; x_wconf 89' lang='grc' dir='ltr'><strong>οῑ</strong></span> <span class='ocrx_word' id='word_1_603' title='bbox 147 2005 304 2037; x_wconf 75' lang='grc' dir='ltr'><strong>ἀπόστολοι,</strong></span> <span class='ocrx_word' id='word_1_604' title='bbox 327 2007 374 2032; x_wconf 68' lang='grc' dir='ltr'>καὶ</span> <span class='ocrx_word' id='word_1_605' title='bbox 388 2005 437 2041; x_wconf 77' lang='grc' dir='ltr'>βοᾷ</span> <span class='ocrx_word' id='word_1_606' title='bbox 453 2005 578 2037; x_wconf 83' lang='grc' dir='ltr'><strong>Παῦλος·</strong></span> <span class='ocrx_word' id='word_1_607' title='bbox 594 2015 602 2031; x_wconf 79' lang='grc' dir='ltr'><strong>ι</strong></span> <span class='ocrx_word' id='word_1_608' title='bbox 628 2005 791 2033; x_wconf 80' lang='grc' dir='ltr'><strong>Ἐνδύσασθε</strong></span> <span class='ocrx_word' id='word_1_609' title='bbox 813 2005 848 2033; x_wconf 78' lang='grc' dir='ltr'><strong>τὰ</strong></span> <span class='ocrx_word' id='word_1_610' title='bbox 867 2005 937 2032; x_wconf 83' lang='grc' dir='ltr'><strong>ὅπλα</strong></span> <span class='ocrx_word' id='word_1_611' title='bbox 970 2005 1018 2032; x_wconf 77' lang='grc' dir='ltr'><strong>τοῦ</strong></span> <span class='ocrx_word' id='word_1_612' title='bbox 1039 2005 1146 2040; x_wconf 67' lang='grc' dir='ltr'><strong>φωτδς,</strong></span> <span class='ocrx_word' id='word_1_613' title='bbox 1163 2006 1210 2033; x_wconf 76' lang='grc' dir='ltr'><strong>καὶ</strong></span> <span class='ocrx_word' id='word_1_614' title='bbox 1223 2006 1261 2038; x_wconf 85' lang='grc' dir='ltr'>ὡς</span> <span class='ocrx_word' id='word_1_615' title='bbox 1291 2007 1321 2033; x_wconf 78' lang='grc' dir='ltr'><strong>ἐν</strong></span> <span class='ocrx_word' id='word_1_616' title='bbox 1336 2007 1428 2043; x_wconf 81' lang='grc' dir='ltr'><strong>ἡμέρᾳ</strong></span> <span class='ocrx_word' id='word_1_617' title='bbox 1449 2007 1626 2043; x_wconf 77' lang='grc' dir='ltr'><strong>εὐσχημόνως</strong></span> 
     </span>
    </p>
   </div>
   <div class='ocr_carea' id='block_1_83' title="bbox 2 2051 274 2086">
    <p class='ocr_par' dir='ltr' id='par_1_83' title="bbox 2 2051 274 2086">
     <span class='ocr_line' id='line_1_83' title="bbox 2 2051 274 2086; baseline 0.004 -9"><span class='ocrx_word' id='word_1_618' title='bbox 2 2051 247 2086; x_wconf 68' lang='grc' dir='ltr'><strong>περιπατήσωμεν.</strong></span> <span class='ocrx_word' id='word_1_619' title='bbox 265 2061 274 2078; x_wconf 75' lang='grc' dir='ltr'>ι</span> 
     </span>
    </p>
   </div>
   <div class='ocr_carea' id='block_1_84' title="bbox 29 2096 790 2132">
    <p class='ocr_par' dir='ltr' id='par_1_84' title="bbox 29 2096 790 2132">
     <span class='ocr_line' id='line_1_84' title="bbox 29 2096 790 2132; baseline 0.003 -10"><span class='ocrx_word' id='word_1_620' title='bbox 29 2106 38 2122; x_wconf 78' lang='grc' dir='ltr'><strong>ι</strong></span> <span class='ocrx_word' id='word_1_621' title='bbox 66 2096 255 2128; x_wconf 81' lang='grc' dir='ltr'><strong>Ἐπικαοίσας</strong></span> <span class='ocrx_word' id='word_1_622' title='bbox 269 2096 296 2122; x_wconf 84' lang='grc' dir='ltr'><strong>δὲ</strong></span> <span class='ocrx_word' id='word_1_623' title='bbox 312 2097 368 2128; x_wconf 82' lang='grc' dir='ltr'>τοῖς</span> <span class='ocrx_word' id='word_1_624' title='bbox 381 2096 461 2129; x_wconf 80' lang='grc' dir='ltr'>ζώοις</span> <span class='ocrx_word' id='word_1_625' title='bbox 477 2097 491 2123; x_wconf 88' lang='grc' dir='ltr'><strong><em>ὁ</em></strong></span> <span class='ocrx_word' id='word_1_626' title='bbox 504 2096 605 2132; x_wconf 82' lang='grc' dir='ltr'><strong>Κύριος</strong></span> <span class='ocrx_word' id='word_1_627' title='bbox 617 2097 730 2123; x_wconf 76' lang='grc' dir='ltr'>εἴσεισιν</span> <span class='ocrx_word' id='word_1_628' title='bbox 751 2098 790 2129; x_wconf 79' lang='grc' dir='ltr'>εις</span> 
     </span>
    </p>
   </div>
   <div class='ocr_carea' id='block_1_85' title="bbox 2 2142 789 2178">
    <p class='ocr_par' dir='ltr' id='par_1_85' title="bbox 2 2142 789 2178">
     <span class='ocr_line' id='line_1_85' title="bbox 2 2142 789 2178; baseline 0.001 -10"><span class='ocrx_word' id='word_1_629' title='bbox 2 2142 202 2178; x_wconf 65' lang='grc' dir='ltr'><strong>Ἰερουσαλήμ.</strong></span> <span class='ocrx_word' id='word_1_630' title='bbox 220 2143 299 2169; x_wconf 83' lang='grc' dir='ltr'><strong>Ὅσοι</strong></span> <span class='ocrx_word' id='word_1_631' title='bbox 318 2142 373 2178; x_wconf 78' lang='grc' dir='ltr'><strong>γὰρ</strong></span> <span class='ocrx_word' id='word_1_632' title='bbox 394 2142 475 2169; x_wconf 67' lang='grc' dir='ltr'><strong>αὑτὸν</strong></span> <span class='ocrx_word' id='word_1_633' title='bbox 492 2144 521 2169; x_wconf 82' lang='grc' dir='ltr'><strong>ὲν</strong></span> <span class='ocrx_word' id='word_1_634' title='bbox 539 2143 652 2174; x_wconf 72' lang='grc' dir='ltr'><strong>ἑαυτοῖς</strong></span> <span class='ocrx_word' id='word_1_635' title='bbox 663 2143 789 2175; x_wconf 76' lang='grc' dir='ltr'><strong>ἐδέξαντο</strong></span> 
     </span>
    </p>
   </div>
   <div class='ocr_carea' id='block_1_86' title="bbox 2 2186 789 2222">
    <p class='ocr_par' dir='ltr' id='par_1_86' title="bbox 2 2186 789 2222">
     <span class='ocr_line' id='line_1_86' title="bbox 2 2186 789 2222; baseline 0.001 -9"><span class='ocrx_word' id='word_1_636' title='bbox 2 2187 36 2214; x_wconf 69' lang='grc' dir='ltr'><strong>5εᾷ</strong></span> <span class='ocrx_word' id='word_1_637' title='bbox 54 2187 179 2222; x_wconf 79' lang='grc' dir='ltr'>Θεωρίας</span> <span class='ocrx_word' id='word_1_638' title='bbox 195 2188 242 2214; x_wconf 76' lang='grc' dir='ltr'><strong>καὶ</strong></span> <span class='ocrx_word' id='word_1_639' title='bbox 260 2186 399 2222; x_wconf 73' lang='grc' dir='ltr'>πράξεως,</span> <span class='ocrx_word' id='word_1_640' title='bbox 424 2188 462 2218; x_wconf 75' lang='grc' dir='ltr'><strong>εἰς</strong></span> <span class='ocrx_word' id='word_1_641' title='bbox 479 2187 527 2222; x_wconf 86' lang='grc' dir='ltr'>τὴν</span> <span class='ocrx_word' id='word_1_642' title='bbox 555 2188 611 2214; x_wconf 79' lang='grc' dir='ltr'><strong>ἄνω</strong></span> <span class='ocrx_word' id='word_1_643' title='bbox 631 2188 789 2221; x_wconf 79' lang='grc' dir='ltr'><strong>εἰσάγονται</strong></span> 
     </span>
    </p>
   </div>
   <div class='ocr_carea' id='block_1_87' title="bbox 2 2231 790 2270">
    <p class='ocr_par' dir='ltr' id='par_1_87' title="bbox 2 2231 790 2270">
     <span class='ocr_line' id='line_1_87' title="bbox 2 2231 790 2270; baseline 0 -10"><span class='ocrx_word' id='word_1_644' title='bbox 2 2233 200 2269; x_wconf 75' lang='grc' dir='ltr'><strong>Ἰερουσαλὴμ,</strong></span> <span class='ocrx_word' id='word_1_645' title='bbox 218 2232 269 2268; x_wconf 81' lang='grc' dir='ltr'><strong>τὴν</strong></span> <span class='ocrx_word' id='word_1_646' title='bbox 291 2232 377 2264; x_wconf 73' lang='grc' dir='ltr'>ὅντως</span> <span class='ocrx_word' id='word_1_647' title='bbox 392 2233 474 2266; x_wconf 85' lang='grc' dir='ltr'>ἁγίαν</span> <span class='ocrx_word' id='word_1_648' title='bbox 490 2233 579 2264; x_wconf 84' lang='grc' dir='ltr'><strong>πόλιν,</strong></span> <span class='ocrx_word' id='word_1_649' title='bbox 598 2234 627 2260; x_wconf 88' lang='grc' dir='ltr'>ὲν</span> <span class='ocrx_word' id='word_1_650' title='bbox 682 2234 732 2268; x_wconf 84' lang='grc' dir='ltr'>τῆς</span> <span class='ocrx_word' id='word_1_651' title='bbox 750 2235 790 2260; x_wconf 76' lang='grc' dir='ltr'><strong>εἰ-</strong></span> 
     </span>
    </p>
   </div>
   <div class='ocr_carea' id='block_1_88' title="bbox 2 2279 789 2315">
    <p class='ocr_par' dir='ltr' id='par_1_88' title="bbox 2 2279 789 2315">
     <span class='ocr_line' id='line_1_88' title="bbox 2 2279 789 2315; baseline 0.004 -12"><span class='ocrx_word' id='word_1_652' title='bbox 2 2283 87 2315; x_wconf 55' lang='grc' dir='ltr'>ρίνης</span> <span class='ocrx_word' id='word_1_653' title='bbox 106 2279 124 2314; x_wconf 77' lang='grc' dir='ltr'>ἡ</span> <span class='ocrx_word' id='word_1_654' title='bbox 144 2280 251 2314; x_wconf 76' lang='grc' dir='ltr'>ὅρασις.</span> <span class='ocrx_word' id='word_1_655' title='bbox 279 2279 460 2314; x_wconf 80' lang='grc' dir='ltr'><strong>Ἰερουσαλὴμ</strong></span> <span class='ocrx_word' id='word_1_656' title='bbox 483 2279 538 2314; x_wconf 86' lang='grc' dir='ltr'><strong>γὰρ</strong></span> <span class='ocrx_word' id='word_1_657' title='bbox 559 2279 671 2314; x_wconf 67' lang='grc' dir='ltr'>εἰρήνης</span> <span class='ocrx_word' id='word_1_658' title='bbox 693 2280 789 2314; x_wconf 81' lang='grc' dir='ltr'>ὅρασις</span> 
     </span>
    </p>
   </div>
   <div class='ocr_carea' id='block_1_89' title="bbox 26 2356 567 2390">
    <p class='ocr_par' dir='ltr' id='par_1_89' title="bbox 26 2356 567 2390">
     <span class='ocr_line' id='line_1_89' title="bbox 26 2356 567 2390; baseline -0.004 -5"><span class='ocrx_word' id='word_1_659' title='bbox 26 2358 51 2373; x_wconf 83' lang='grc'><strong>⁸⁷</strong></span> <span class='ocrx_word' id='word_1_660' title='bbox 70 2357 146 2385; x_wconf 83' lang='lat' dir='ltr'><strong>Psal.</strong></span> <span class='ocrx_word' id='word_1_661' title='bbox 163 2364 220 2390; x_wconf 76' lang='lat' dir='ltr'><strong>ns,</strong></span> <span class='ocrx_word' id='word_1_662' title='bbox 238 2357 266 2385; x_wconf 87' lang='lat'><strong>9.</strong></span> <span class='ocrx_word' id='word_1_663' title='bbox 303 2357 338 2373; x_wconf 74' lang='grc' dir='ltr'><strong>’τ’</strong></span> <span class='ocrx_word' id='word_1_664' title='bbox 355 2356 433 2384; x_wconf 76' lang='lat' dir='ltr'><strong>Rom.</strong></span> <span class='ocrx_word' id='word_1_665' title='bbox 446 2363 508 2389; x_wconf 83' lang='lat' dir='ltr'><strong>xm,</strong></span> <span class='ocrx_word' id='word_1_666' title='bbox 525 2356 567 2384; x_wconf 83' lang='lat' dir='ltr'><strong>t9.</strong></span> 
     </span>
    </p>
   </div>
   <div class='ocr_carea' id='block_1_90' title="bbox 870 2095 1626 2132">
    <p class='ocr_par' dir='ltr' id='par_1_90' title="bbox 870 2095 1626 2132">
     <span class='ocr_line' id='line_1_90' title="bbox 870 2095 1626 2132; baseline 0.003 -9"><span class='ocrx_word' id='word_1_667' title='bbox 870 2095 933 2130; x_wconf 69' lang='lat' dir='ltr'><strong>Jam</strong></span> <span class='ocrx_word' id='word_1_668' title='bbox 957 2104 1021 2124; x_wconf 92' lang='lat' dir='ltr'><strong>vero</strong></span> <span class='ocrx_word' id='word_1_669' title='bbox 1041 2097 1161 2124; x_wconf 87' lang='lat' dir='ltr'><strong>insidens</strong></span> <span class='ocrx_word' id='word_1_670' title='bbox 1184 2097 1314 2132; x_wconf 87' lang='lat' dir='ltr'><strong>jumeutis</strong></span> <span class='ocrx_word' id='word_1_671' title='bbox 1344 2097 1472 2125; x_wconf 86' lang='lat' dir='ltr'><strong>Dominus</strong></span> <span class='ocrx_word' id='word_1_672' title='bbox 1498 2098 1626 2126; x_wconf 75' lang='lat' dir='ltr'><strong>[lit-roso-</strong></span> 
     </span>
    </p>
   </div>
   <div class='ocr_carea' id='block_1_91' title="bbox 839 2142 1609 2178">
    <p class='ocr_par' dir='ltr' id='par_1_91' title="bbox 839 2142 1609 2178">
     <span class='ocr_line' id='line_1_91' title="bbox 839 2142 1609 2178; baseline 0.004 -10"><span class='ocrx_word' id='word_1_673' title='bbox 839 2142 936 2178; x_wconf 76' lang='lat' dir='ltr'><strong>lymam</strong></span> <span class='ocrx_word' id='word_1_674' title='bbox 957 2143 1057 2175; x_wconf 85' lang='lat' dir='ltr'><strong>intrat;</strong></span> <span class='ocrx_word' id='word_1_675' title='bbox 1081 2147 1213 2178; x_wconf 89' lang='lat' dir='ltr'><strong>quotquot</strong></span> <span class='ocrx_word' id='word_1_676' title='bbox 1233 2143 1306 2170; x_wconf 88' lang='lat' dir='ltr'><strong>enim</strong></span> <span class='ocrx_word' id='word_1_677' title='bbox 1333 2143 1420 2178; x_wconf 89' lang='lat' dir='ltr'><strong>ipsum</strong></span> <span class='ocrx_word' id='word_1_678' title='bbox 1439 2152 1486 2178; x_wconf 90' lang='lat' dir='ltr'><strong>per</strong></span> <span class='ocrx_word' id='word_1_679' title='bbox 1503 2149 1609 2171; x_wconf 86' lang='lat' dir='ltr'><strong>contem</strong></span> 
     </span>
    </p>
   </div>
   <div class='ocr_carea' id='block_1_92' title="bbox 839 2189 1625 2225">
    <p class='ocr_par' dir='ltr' id='par_1_92' title="bbox 839 2189 1625 2225">
     <span class='ocr_line' id='line_1_92' title="bbox 839 2189 1625 2225; baseline 0.003 -11"><span class='ocrx_word' id='word_1_680' title='bbox 839 2189 986 2222; x_wconf 88' lang='lat' dir='ltr'><strong>plalionem</strong></span> <span class='ocrx_word' id='word_1_681' title='bbox 1016 2189 1207 2224; x_wconf 88' lang='lat' dir='ltr'><strong>actionemque</strong></span> <span class='ocrx_word' id='word_1_682' title='bbox 1223 2189 1248 2216; x_wconf 95' lang='lat' dir='ltr'><strong>in</strong></span> <span class='ocrx_word' id='word_1_683' title='bbox 1269 2197 1298 2216; x_wconf 90' lang='lat' dir='ltr'><strong>se</strong></span> <span class='ocrx_word' id='word_1_684' title='bbox 1313 2190 1380 2225; x_wconf 87' lang='lat' dir='ltr'><strong>ipsis</strong></span> <span class='ocrx_word' id='word_1_685' title='bbox 1396 2194 1554 2225; x_wconf 73' lang='lat' dir='ltr'><strong>receperunt</strong></span> <span class='ocrx_word' id='word_1_686' title='bbox 1567 2210 1574 2223; x_wconf 88' lang='lat'><strong>,</strong></span> <span class='ocrx_word' id='word_1_687' title='bbox 1599 2191 1625 2216; x_wconf 85' lang='lat' dir='ltr'><strong>in</strong></span> 
     </span>
    </p>
   </div>
   <div class='ocr_carea' id='block_1_93' title="bbox 838 2235 1626 2272">
    <p class='ocr_par' dir='ltr' id='par_1_93' title="bbox 838 2235 1626 2272">
     <span class='ocr_line' id='line_1_93' title="bbox 838 2235 1626 2272; baseline 0.003 -10"><span class='ocrx_word' id='word_1_688' title='bbox 838 2242 981 2269; x_wconf 80' lang='lat' dir='ltr'><strong>Supernam</strong></span> <span class='ocrx_word' id='word_1_689' title='bbox 1003 2235 1152 2262; x_wconf 85' lang='lat' dir='ltr'><strong>Jerusalem</strong></span> <span class='ocrx_word' id='word_1_690' title='bbox 1171 2236 1389 2267; x_wconf 81' lang='lat' dir='ltr'><strong>introducantur,</strong></span> <span class='ocrx_word' id='word_1_691' title='bbox 1404 2244 1463 2264; x_wconf 82' lang='lat' dir='ltr'><strong>eam</strong></span> <span class='ocrx_word' id='word_1_692' title='bbox 1479 2245 1538 2272; x_wconf 65' lang='lat' dir='ltr'><strong>quae</strong></span> <span class='ocrx_word' id='word_1_693' title='bbox 1563 2244 1626 2264; x_wconf 89' lang='lat' dir='ltr'><strong>vere</strong></span> 
     </span>
    </p>
   </div>
   <div class='ocr_carea' id='block_1_94' title="bbox 839 2281 1625 2318">
    <p class='ocr_par' dir='ltr' id='par_1_94' title="bbox 839 2281 1625 2318">
     <span class='ocr_line' id='line_1_94' title="bbox 839 2281 1625 2318; baseline 0.004 -11"><span class='ocrx_word' id='word_1_694' title='bbox 839 2285 880 2307; x_wconf 83' lang='lat' dir='ltr'><strong>est</strong></span> <span class='ocrx_word' id='word_1_695' title='bbox 898 2281 994 2308; x_wconf 81' lang='lat' dir='ltr'><strong>civitas</strong></span> <span class='ocrx_word' id='word_1_696' title='bbox 1014 2285 1154 2315; x_wconf 83' lang='lat' dir='ltr'><strong>sancta,et</strong></span> <span class='ocrx_word' id='word_1_697' title='bbox 1172 2282 1248 2317; x_wconf 88' lang='lat' dir='ltr'><strong>pacis</strong></span> <span class='ocrx_word' id='word_1_698' title='bbox 1260 2282 1507 2310; x_wconf 84' lang='lat' dir='ltr'><strong>visio:Jerusalem</strong></span> <span class='ocrx_word' id='word_1_699' title='bbox 1525 2283 1625 2318; x_wconf 88' lang='lat' dir='ltr'><strong>quippe</strong></span> 
     </span>
    </p>
   </div>
   <div class='ocr_carea' id='block_1_95' title="bbox 616 2428 1008 2461">
    <p class='ocr_par' dir='ltr' id='par_1_95' title="bbox 616 2428 1008 2461">
     <span class='ocr_line' id='line_1_95' title="bbox 616 2428 1008 2461; baseline 0.005 -2"><span class='ocrx_word' id='word_1_700' title='bbox 616 2428 775 2459; x_wconf 79' lang='lat' dir='ltr'><strong>Francisci</strong></span> <span class='ocrx_word' id='word_1_701' title='bbox 792 2429 896 2460; x_wconf 83' lang='lat' dir='ltr'><strong>Scorsi</strong></span> <span class='ocrx_word' id='word_1_702' title='bbox 914 2435 1008 2461; x_wconf 70' lang='lat' dir='ltr'><strong>noue.</strong></span> 
     </span>
    </p>
   </div>
   <div class='ocr_carea' id='block_1_96' title="bbox 34 2491 1622 2528">
    <p class='ocr_par' dir='ltr' id='par_1_96' title="bbox 34 2491 1622 2528">
     <span class='ocr_line' id='line_1_96' title="bbox 34 2491 1622 2528; baseline -0.001 -9"><span class='ocrx_word' id='word_1_703' title='bbox 34 2495 79 2528; x_wconf 73' lang='lat'><strong>(9,</strong></span> <span class='ocrx_word' id='word_1_704' title='bbox 100 2492 191 2520; x_wconf 72' lang='lat' dir='ltr'><strong>Siom‘r</strong></span> <span class='ocrx_word' id='word_1_705' title='bbox 208 2492 403 2528; x_wconf 62' lang='lat' dir='ltr'><strong>interpretatio.</strong></span> <span class='ocrx_word' id='word_1_706' title='bbox 420 2494 440 2519; x_wconf 74' lang='grc' dir='ltr'><strong>Α</strong></span> <span class='ocrx_word' id='word_1_707' title='bbox 463 2492 554 2518; x_wconf 78' lang='lat' dir='ltr'><strong>radice</strong></span> <span class='ocrx_word' id='word_1_708' title='bbox 583 2492 711 2528; x_wconf 80' lang='lat' dir='ltr'><strong>inusitata</strong></span> <span class='ocrx_word' id='word_1_709' title='bbox 737 2496 786 2523; x_wconf 71' lang='lat' dir='ltr'><strong>my</strong></span> <span class='ocrx_word' id='word_1_710' title='bbox 801 2496 826 2526; x_wconf 78' lang='grc' dir='ltr'><strong>ι)</strong></span> <span class='ocrx_word' id='word_1_711' title='bbox 841 2497 943 2520; x_wconf 88' lang='lat' dir='ltr'><strong>noster.</strong></span> <span class='ocrx_word' id='word_1_712' title='bbox 973 2492 1042 2519; x_wconf 86' lang='lat' dir='ltr'><strong>Sunt</strong></span> <span class='ocrx_word' id='word_1_713' title='bbox 1068 2499 1100 2520; x_wconf 86' lang='lat' dir='ltr'><strong>ex</strong></span> <span class='ocrx_word' id='word_1_714' title='bbox 1123 2491 1262 2528; x_wconf 18' lang='lat' dir='ltr'><strong>iPatribus&#39;</strong></span> <span class='ocrx_word' id='word_1_715' title='bbox 1291 2492 1336 2526; x_wconf 87' lang='lat' dir='ltr'><strong>qui</strong></span> <span class='ocrx_word' id='word_1_716' title='bbox 1364 2496 1477 2525; x_wconf 87' lang='lat' dir='ltr'><strong>utroque</strong></span> <span class='ocrx_word' id='word_1_717' title='bbox 1506 2491 1622 2520; x_wconf 71' lang='lat' dir='ltr'><strong>vicisSEm</strong></span> 
     </span>
    </p>
   </div>
   <div class='ocr_carea' id='block_1_97' title="bbox 3 2527 789 2560">
    <p class='ocr_par' dir='ltr' id='par_1_97' title="bbox 3 2527 789 2560">
     <span class='ocr_line' id='line_1_97' title="bbox 3 2527 789 2560; baseline -0.003 -4"><span class='ocrx_word' id='word_1_718' title='bbox 3 2527 117 2556; x_wconf 65' lang='lat' dir='ltr'><strong>deducta</strong></span> <span class='ocrx_word' id='word_1_719' title='bbox 132 2535 182 2554; x_wconf 83' lang='lat' dir='ltr'><strong>vox</strong></span> <span class='ocrx_word' id='word_1_720' title='bbox 197 2532 247 2558; x_wconf 66' lang='lat' dir='ltr'><strong>my</strong></span> <span class='ocrx_word' id='word_1_721' title='bbox 262 2527 423 2560; x_wconf 85' lang='lat' dir='ltr'><strong>siccitatem,</strong></span> <span class='ocrx_word' id='word_1_722' title='bbox 446 2532 491 2553; x_wconf 89' lang='lat' dir='ltr'><strong>aut</strong></span> <span class='ocrx_word' id='word_1_723' title='bbox 510 2527 595 2553; x_wconf 88' lang='lat' dir='ltr'><strong>locum</strong></span> <span class='ocrx_word' id='word_1_724' title='bbox 610 2527 746 2554; x_wconf 84' lang='lat' dir='ltr'><strong>desertum</strong></span> <span class='ocrx_word' id='word_1_725' title='bbox 762 2533 789 2554; x_wconf 87' lang='lat' dir='ltr'><strong>et</strong></span> 
     </span>
    </p>
   </div>
   <div class='ocr_carea' id='block_1_98' title="bbox 3 2562 788 2596">
    <p class='ocr_par' dir='ltr' id='par_1_98' title="bbox 3 2562 788 2596">
     <span class='ocr_line' id='line_1_98' title="bbox 3 2562 788 2596; baseline -0.003 -6"><span class='ocrx_word' id='word_1_726' title='bbox 3 2563 172 2591; x_wconf 73' lang='lat' dir='ltr'><strong>sttimrlosum</strong></span> <span class='ocrx_word' id='word_1_727' title='bbox 196 2567 301 2596; x_wconf 78' lang='lat' dir='ltr'><strong>s&#39;gnat;</strong></span> <span class='ocrx_word' id='word_1_728' title='bbox 321 2562 493 2595; x_wconf 85' lang='lat' dir='ltr'><strong>imlidernque</strong></span> <span class='ocrx_word' id='word_1_729' title='bbox 506 2566 560 2596; x_wconf 65' lang='grc' dir='ltr'><strong>ῖνῖ</strong></span> <span class='ocrx_word' id='word_1_730' title='bbox 577 2562 645 2588; x_wconf 85' lang='lat' dir='ltr'><strong>sitis.</strong></span> <span class='ocrx_word' id='word_1_731' title='bbox 662 2563 682 2588; x_wconf 84' lang='lat' dir='ltr'><strong>A</strong></span> <span class='ocrx_word' id='word_1_732' title='bbox 707 2565 788 2589; x_wconf 78' lang='lat' dir='ltr'><strong>Verbo</strong></span> 
     </span>
    </p>
   </div>
   <div class='ocr_carea' id='block_1_99' title="bbox 3 2597 788 2632">
    <p class='ocr_par' dir='ltr' id='par_1_99' title="bbox 3 2597 788 2632">
     <span class='ocr_line' id='line_1_99' title="bbox 3 2597 788 2632; baseline -0.003 -8"><span class='ocrx_word' id='word_1_733' title='bbox 3 2600 82 2626; x_wconf 71' lang='lat' dir='ltr'><strong>etiam</strong></span> <span class='ocrx_word' id='word_1_734' title='bbox 100 2597 247 2624; x_wconf 75' lang='lat' dir='ltr'><strong>Chaldaim</strong></span> <span class='ocrx_word' id='word_1_735' title='bbox 265 2603 291 2623; x_wconf 90' lang='lat' dir='ltr'><strong>et</strong></span> <span class='ocrx_word' id='word_1_736' title='bbox 308 2597 419 2632; x_wconf 86' lang='lat' dir='ltr'><strong>Syriaco</strong></span> <span class='ocrx_word' id='word_1_737' title='bbox 439 2600 497 2626; x_wconf 65' lang='lat' dir='ltr'><strong>nni:</strong></span> <span class='ocrx_word' id='word_1_738' title='bbox 510 2597 537 2624; x_wconf 86' lang='lat' dir='ltr'><strong>&#39;ct</strong></span> <span class='ocrx_word' id='word_1_739' title='bbox 552 2597 715 2632; x_wconf 53' lang='lat' dir='ltr'><strong>mimicum</strong></span> <span class='ocrx_word' id='word_1_740' title='bbox 728 2598 788 2629; x_wconf 81' lang='lat' dir='ltr'><strong>l‘nit,</strong></span> 
     </span>
    </p>
   </div>
   <div class='ocr_carea' id='block_1_100' title="bbox 3 2630 787 2668">
    <p class='ocr_par' dir='ltr' id='par_1_100' title="bbox 3 2630 787 2668">
     <span class='ocr_line' id='line_1_100' title="bbox 3 2630 787 2668; baseline -0.004 -7"><span class='ocrx_word' id='word_1_741' title='bbox 3 2641 23 2661; x_wconf 74' lang='lat' dir='ltr'><strong>et</strong></span> <span class='ocrx_word' id='word_1_742' title='bbox 39 2641 88 2668; x_wconf 84' lang='lat' dir='ltr'><strong>per</strong></span> <span class='ocrx_word' id='word_1_743' title='bbox 108 2633 275 2666; x_wconf 83' lang='lat' dir='ltr'><strong>metalepsim</strong></span> <span class='ocrx_word' id='word_1_744' title='bbox 298 2630 393 2668; x_wconf 76' lang='lat' dir='ltr'><strong>sitivit,</strong></span> <span class='ocrx_word' id='word_1_745' title='bbox 407 2637 435 2657; x_wconf 90' lang='lat' dir='ltr'><strong>ut</strong></span> <span class='ocrx_word' id='word_1_746' title='bbox 456 2633 485 2668; x_wconf 73' lang='lat' dir='ltr'><strong>in</strong></span> <span class='ocrx_word' id='word_1_747' title='bbox 501 2632 587 2658; x_wconf 78' lang='lat' dir='ltr'><strong>lexioo</strong></span> <span class='ocrx_word' id='word_1_748' title='bbox 609 2630 787 2666; x_wconf 78' lang='lat' dir='ltr'><strong>Peutaglutto,</strong></span> 
     </span>
    </p>
   </div>
   <div class='ocr_carea' id='block_1_101' title="bbox 3 2666 644 2702">
    <p class='ocr_par' dir='ltr' id='par_1_101' title="bbox 3 2666 644 2702">
     <span class='ocr_line' id='line_1_101' title="bbox 3 2666 644 2702; baseline -0.005 -6"><span class='ocrx_word' id='word_1_749' title='bbox 3 2666 97 2696; x_wconf 78' lang='lat' dir='ltr'><strong>deduci</strong></span> <span class='ocrx_word' id='word_1_750' title='bbox 113 2672 200 2702; x_wconf 77' lang='lat' dir='ltr'><strong>potest</strong></span> <span class='ocrx_word' id='word_1_751' title='bbox 218 2667 405 2701; x_wconf 83' lang='lat' dir='ltr'><strong>interpretatio</strong></span> <span class='ocrx_word' id='word_1_752' title='bbox 422 2666 468 2692; x_wconf 80' lang='grc' dir='ltr'>τοῦ</span> <span class='ocrx_word' id='word_1_753' title='bbox 483 2671 536 2702; x_wconf 59' lang='lat' dir='ltr'><strong>ﬁt;</strong></span> <span class='ocrx_word' id='word_1_754' title='bbox 553 2667 644 2693; x_wconf 82' lang='lat' dir='ltr'><strong>sionis.</strong></span> 
     </span>
    </p>
   </div>
   <div class='ocr_carea' id='block_1_102' title="bbox 36 2701 788 2737">
    <p class='ocr_par' dir='ltr' id='par_1_102' title="bbox 36 2701 788 2737">
     <span class='ocr_line' id='line_1_102' title="bbox 36 2701 788 2737; baseline -0.003 -7"><span class='ocrx_word' id='word_1_755' title='bbox 36 2704 95 2737; x_wconf 71' lang='lat'><strong>(10)</strong></span> <span class='ocrx_word' id='word_1_756' title='bbox 116 2702 192 2730; x_wconf 74' lang='lat' dir='ltr'><strong>Sedet</strong></span> <span class='ocrx_word' id='word_1_757' title='bbox 212 2709 291 2735; x_wconf 82' lang='lat' dir='ltr'><strong>porro</strong></span> <span class='ocrx_word' id='word_1_758' title='bbox 315 2709 393 2735; x_wconf 82' lang='lat' dir='ltr'><strong>super</strong></span> <span class='ocrx_word' id='word_1_759' title='bbox 418 2702 465 2728; x_wconf 77' lang='lat' dir='ltr'><strong>luis</strong></span> <span class='ocrx_word' id='word_1_760' title='bbox 488 2701 631 2728; x_wconf 80' lang='lat' dir='ltr'><strong>&#39;Dominus.</strong></span> <span class='ocrx_word' id='word_1_761' title='bbox 647 2702 684 2726; x_wconf 74' lang='lat' dir='ltr'><strong>An</strong></span> <span class='ocrx_word' id='word_1_762' title='bbox 702 2701 788 2728; x_wconf 89' lang='lat' dir='ltr'><strong>Domi-</strong></span> 
     </span>
    </p>
   </div>
   <div class='ocr_carea' id='block_1_103' title="bbox 3 2737 782 2771">
    <p class='ocr_par' dir='ltr' id='par_1_103' title="bbox 3 2737 782 2771">
     <span class='ocr_line' id='line_1_103' title="bbox 3 2737 782 2771; baseline -0.004 -5"><span class='ocrx_word' id='word_1_763' title='bbox 3 2747 52 2766; x_wconf 91' lang='lat' dir='ltr'><strong>nus</strong></span> <span class='ocrx_word' id='word_1_764' title='bbox 68 2746 150 2771; x_wconf 82' lang='lat' dir='ltr'><strong>super</strong></span> <span class='ocrx_word' id='word_1_765' title='bbox 165 2743 308 2770; x_wconf 91' lang='lat' dir='ltr'><strong>utrumqne</strong></span> <span class='ocrx_word' id='word_1_766' title='bbox 324 2737 475 2770; x_wconf 87' lang='lat' dir='ltr'><strong>jnmentum</strong></span> <span class='ocrx_word' id='word_1_767' title='bbox 501 2738 602 2763; x_wconf 80' lang='lat' dir='ltr'><strong>asinam</strong></span> <span class='ocrx_word' id='word_1_768' title='bbox 627 2737 731 2764; x_wconf 88' lang='lat' dir='ltr'><strong>scilicet</strong></span> <span class='ocrx_word' id='word_1_769' title='bbox 756 2743 782 2763; x_wconf 91' lang='lat' dir='ltr'><strong>et</strong></span> 
     </span>
    </p>
   </div>
   <div class='ocr_carea' id='block_1_104' title="bbox 3 2771 780 2806">
    <p class='ocr_par' dir='ltr' id='par_1_104' title="bbox 3 2771 780 2806">
     <span class='ocr_line' id='line_1_104' title="bbox 3 2771 780 2806; baseline -0.001 -7"><span class='ocrx_word' id='word_1_770' title='bbox 3 2775 101 2806; x_wconf 86' lang='lat' dir='ltr'><strong>pullum</strong></span> <span class='ocrx_word' id='word_1_771' title='bbox 127 2772 273 2803; x_wconf 75' lang='lat' dir='ltr'><strong>insederit;</strong></span> <span class='ocrx_word' id='word_1_772' title='bbox 295 2771 365 2805; x_wconf 85' lang='lat' dir='ltr'><strong>quod</strong></span> <span class='ocrx_word' id='word_1_773' title='bbox 394 2773 500 2798; x_wconf 76' lang='lat' dir='ltr'><strong>videtur</strong></span> <span class='ocrx_word' id='word_1_774' title='bbox 525 2776 617 2805; x_wconf 89' lang='lat' dir='ltr'><strong>aperte</strong></span> <span class='ocrx_word' id='word_1_775' title='bbox 635 2772 724 2799; x_wconf 87' lang='lat' dir='ltr'><strong>dicere</strong></span> <span class='ocrx_word' id='word_1_776' title='bbox 751 2772 780 2798; x_wconf 90' lang='lat' dir='ltr'><strong>S.</strong></span> 
     </span>
    </p>
   </div>
   <div class='ocr_carea' id='block_1_105' title="bbox 3 2806 783 2841">
    <p class='ocr_par' dir='ltr' id='par_1_105' title="bbox 3 2806 783 2841">
     <span class='ocr_line' id='line_1_105' title="bbox 3 2806 783 2841; baseline -0.003 -7"><span class='ocrx_word' id='word_1_777' title='bbox 3 2809 107 2841; x_wconf 80' lang='lat' dir='ltr'><strong>Matlb.;</strong></span> <span class='ocrx_word' id='word_1_778' title='bbox 124 2816 157 2834; x_wconf 88' lang='lat' dir='ltr'><strong>au</strong></span> <span class='ocrx_word' id='word_1_779' title='bbox 171 2814 235 2833; x_wconf 84' lang='lat' dir='ltr'><strong>vero</strong></span> <span class='ocrx_word' id='word_1_780' title='bbox 261 2814 341 2840; x_wconf 87' lang='lat' dir='ltr'><strong>super</strong></span> <span class='ocrx_word' id='word_1_781' title='bbox 359 2806 464 2832; x_wconf 87' lang='lat' dir='ltr'><strong>asinum</strong></span> <span class='ocrx_word' id='word_1_782' title='bbox 491 2807 579 2837; x_wconf 79' lang='lat' dir='ltr'><strong>modo,</strong></span> <span class='ocrx_word' id='word_1_783' title='bbox 594 2811 622 2833; x_wconf 90' lang='lat' dir='ltr'><strong>ut</strong></span> <span class='ocrx_word' id='word_1_784' title='bbox 639 2807 670 2834; x_wconf 85' lang='grc' dir='ltr'><strong>ι),</strong></span> <span class='ocrx_word' id='word_1_785' title='bbox 696 2806 783 2834; x_wconf 80' lang='lat' dir='ltr'><strong>Lucas</strong></span> 
     </span>
    </p>
   </div>
   <div class='ocr_carea' id='block_1_106' title="bbox 3 2840 781 2876">
    <p class='ocr_par' dir='ltr' id='par_1_106' title="bbox 3 2840 781 2876">
     <span class='ocr_line' id='line_1_106' title="bbox 3 2840 781 2876; baseline -0.003 -7"><span class='ocrx_word' id='word_1_786' title='bbox 3 2851 27 2869; x_wconf 76' lang='lat' dir='ltr'><strong>et</strong></span> <span class='ocrx_word' id='word_1_787' title='bbox 47 2843 162 2873; x_wconf 66' lang='lat' dir='ltr'><strong>MJI‘CIIS,</strong></span> <span class='ocrx_word' id='word_1_788' title='bbox 183 2842 229 2876; x_wconf 88' lang='lat' dir='ltr'><strong>qui</strong></span> <span class='ocrx_word' id='word_1_789' title='bbox 250 2842 283 2868; x_wconf 90' lang='lat' dir='ltr'><strong>de</strong></span> <span class='ocrx_word' id='word_1_790' title='bbox 308 2848 340 2868; x_wconf 90' lang='lat' dir='ltr'><strong>eo</strong></span> <span class='ocrx_word' id='word_1_791' title='bbox 366 2841 451 2867; x_wconf 88' lang='lat' dir='ltr'><strong>solum</strong></span> <span class='ocrx_word' id='word_1_792' title='bbox 475 2840 576 2867; x_wconf 79' lang='lat' dir='ltr'><strong>faciunt</strong></span> <span class='ocrx_word' id='word_1_793' title='bbox 607 2841 781 2872; x_wconf 80' lang='lat' dir='ltr'><strong>mentionem,</strong></span> 
     </span>
    </p>
   </div>
   <div class='ocr_carea' id='block_1_107' title="bbox 4 2876 783 2914">
    <p class='ocr_par' dir='ltr' id='par_1_107' title="bbox 4 2876 783 2914">
     <span class='ocr_line' id='line_1_107' title="bbox 4 2876 783 2914; baseline 0 -10"><span class='ocrx_word' id='word_1_794' title='bbox 4 2883 112 2914; x_wconf 55' lang='lat' dir='ltr'><strong>qna-suo</strong></span> <span class='ocrx_word' id='word_1_795' title='bbox 143 2882 203 2910; x_wconf 82' lang='lat' dir='ltr'><strong>est,</strong></span> <span class='ocrx_word' id='word_1_796' title='bbox 235 2883 317 2910; x_wconf 91' lang='lat' dir='ltr'><strong>quam</strong></span> <span class='ocrx_word' id='word_1_797' title='bbox 339 2877 458 2910; x_wconf 76' lang='lat' dir='ltr'><strong>exagitat</strong></span> <span class='ocrx_word' id='word_1_798' title='bbox 485 2876 591 2911; x_wconf 75' lang='lat' dir='ltr'><strong>egregie</strong></span> <span class='ocrx_word' id='word_1_799' title='bbox 616 2876 783 2904; x_wconf 82' lang='lat' dir='ltr'><strong>Maldonatus</strong></span> 
     </span>
    </p>
   </div>
   <div class='ocr_carea' id='block_1_108' title="bbox 841 2527 1622 2561">
    <p class='ocr_par' dir='ltr' id='par_1_108' title="bbox 841 2527 1622 2561">
     <span class='ocr_line' id='line_1_108' title="bbox 841 2527 1622 2561; baseline 0 -8"><span class='ocrx_word' id='word_1_800' title='bbox 841 2534 946 2555; x_wconf 84' lang='lat' dir='ltr'><strong>vectum</strong></span> <span class='ocrx_word' id='word_1_801' title='bbox 961 2533 1104 2554; x_wconf 87' lang='lat' dir='ltr'><strong>antttment</strong></span> <span class='ocrx_word' id='word_1_802' title='bbox 1115 2527 1271 2558; x_wconf 86' lang='lat' dir='ltr'><strong>Christum;</strong></span> <span class='ocrx_word' id='word_1_803' title='bbox 1286 2532 1312 2554; x_wconf 90' lang='lat' dir='ltr'><strong>et</strong></span> <span class='ocrx_word' id='word_1_804' title='bbox 1324 2529 1398 2560; x_wconf 88' lang='lat' dir='ltr'><strong>prius</strong></span> <span class='ocrx_word' id='word_1_805' title='bbox 1410 2528 1517 2560; x_wconf 85' lang='lat' dir='ltr'><strong>quidem</strong></span> <span class='ocrx_word' id='word_1_806' title='bbox 1534 2528 1622 2561; x_wconf 78' lang='lat' dir='ltr'><strong>asina,</strong></span> 
     </span>
    </p>
   </div>
   <div class='ocr_carea' id='block_1_109' title="bbox 838 2562 1623 2596">
    <p class='ocr_par' dir='ltr' id='par_1_109' title="bbox 838 2562 1623 2596">
     <span class='ocr_line' id='line_1_109' title="bbox 838 2562 1623 2596; baseline 0.004 -9"><span class='ocrx_word' id='word_1_807' title='bbox 838 2568 898 2596; x_wconf 84' lang='lat' dir='ltr'><strong>post</strong></span> <span class='ocrx_word' id='word_1_808' title='bbox 924 2569 990 2589; x_wconf 88' lang='lat' dir='ltr'><strong>vero</strong></span> <span class='ocrx_word' id='word_1_809' title='bbox 1016 2562 1105 2596; x_wconf 87' lang='lat' dir='ltr'><strong>pullo;</strong></span> <span class='ocrx_word' id='word_1_810' title='bbox 1126 2563 1206 2596; x_wconf 78' lang='lat' dir='ltr'><strong>idque</strong></span> <span class='ocrx_word' id='word_1_811' title='bbox 1227 2562 1348 2596; x_wconf 86' lang='lat' dir='ltr'><strong>mysterii</strong></span> <span class='ocrx_word' id='word_1_812' title='bbox 1375 2563 1471 2596; x_wconf 84' lang='lat' dir='ltr'><strong>gratia.</strong></span> <span class='ocrx_word' id='word_1_813' title='bbox 1495 2569 1527 2588; x_wconf 87' lang='lat' dir='ltr'><strong>eo</strong></span> <span class='ocrx_word' id='word_1_814' title='bbox 1551 2564 1623 2596; x_wconf 85' lang='lat' dir='ltr'><strong>quod</strong></span> 
     </span>
    </p>
   </div>
   <div class='ocr_carea' id='block_1_110' title="bbox 839 2596 1622 2631">
    <p class='ocr_par' dir='ltr' id='par_1_110' title="bbox 839 2596 1622 2631">
     <span class='ocr_line' id='line_1_110' title="bbox 839 2596 1622 2631; baseline 0.001 -8"><span class='ocrx_word' id='word_1_815' title='bbox 839 2598 915 2624; x_wconf 86' lang='lat' dir='ltr'><strong>asina</strong></span> <span class='ocrx_word' id='word_1_816' title='bbox 945 2596 1086 2624; x_wconf 73' lang='lat' dir='ltr'><strong>Iudaicum</strong></span> <span class='ocrx_word' id='word_1_817' title='bbox 1115 2597 1258 2631; x_wconf 83' lang='lat' dir='ltr'><strong>populum.</strong></span> <span class='ocrx_word' id='word_1_818' title='bbox 1288 2596 1315 2622; x_wconf 92' lang='lat' dir='ltr'><strong>in</strong></span> <span class='ocrx_word' id='word_1_819' title='bbox 1332 2604 1384 2631; x_wconf 91' lang='lat' dir='ltr'><strong>quo</strong></span> <span class='ocrx_word' id='word_1_820' title='bbox 1410 2597 1510 2623; x_wconf 78' lang='lat' dir='ltr'><strong>sederit</strong></span> <span class='ocrx_word' id='word_1_821' title='bbox 1534 2598 1622 2630; x_wconf 78' lang='lat' dir='ltr'><strong>prius,</strong></span> 
     </span>
    </p>
   </div>
   <div class='ocr_carea' id='block_1_111' title="bbox 839 2631 1622 2667">
    <p class='ocr_par' dir='ltr' id='par_1_111' title="bbox 839 2631 1622 2667">
     <span class='ocr_line' id='line_1_111' title="bbox 839 2631 1622 2667; baseline 0.001 -9"><span class='ocrx_word' id='word_1_822' title='bbox 839 2633 924 2666; x_wconf 92' lang='lat' dir='ltr'><strong>pullus</strong></span> <span class='ocrx_word' id='word_1_823' title='bbox 937 2632 1204 2667; x_wconf 77' lang='lat' dir='ltr'><strong>gentilem_denotet,</strong></span> <span class='ocrx_word' id='word_1_824' title='bbox 1233 2631 1259 2667; x_wconf 85' lang='lat' dir='ltr'><strong>in</strong></span> <span class='ocrx_word' id='word_1_825' title='bbox 1276 2638 1367 2667; x_wconf 83' lang='lat' dir='ltr'><strong>quem,</strong></span> <span class='ocrx_word' id='word_1_826' title='bbox 1384 2632 1476 2657; x_wconf 83' lang='lat' dir='ltr'><strong>relicto</strong></span> <span class='ocrx_word' id='word_1_827' title='bbox 1499 2631 1622 2664; x_wconf 74' lang='lat' dir='ltr'><strong>Judaico.</strong></span> 
     </span>
    </p>
   </div>
   <div class='ocr_carea' id='block_1_112' title="bbox 838 2665 1620 2694">
    <p class='ocr_par' dir='ltr' id='par_1_112' title="bbox 838 2665 1620 2694">
     <span class='ocr_line' id='line_1_112' title="bbox 838 2665 1620 2694; baseline 0 0"><span class='ocrx_word' id='word_1_828' title='bbox 838 2665 867 2694; x_wconf 66' lang='lat' dir='ltr'><strong>Se</strong></span> <span class='ocrx_word' id='word_1_829' title='bbox 893 2665 1037 2694; x_wconf 80' lang='lat' dir='ltr'><strong>transtulit.</strong></span> <span class='ocrx_word' id='word_1_830' title='bbox 1067 2665 1224 2692; x_wconf 83' lang='lat' dir='ltr'><strong>Laudantur</strong></span> <span class='ocrx_word' id='word_1_831' title='bbox 1255 2666 1281 2693; x_wconf 89' lang='lat' dir='ltr'><strong>in</strong></span> <span class='ocrx_word' id='word_1_832' title='bbox 1309 2666 1377 2692; x_wconf 89' lang='lat' dir='ltr'><strong>hane</strong></span> <span class='ocrx_word' id='word_1_833' title='bbox 1400 2666 1561 2693; x_wconf 88' lang='lat' dir='ltr'><strong>sententiam</strong></span> <span class='ocrx_word' id='word_1_834' title='bbox 1591 2668 1620 2694; x_wconf 84' lang='lat' dir='ltr'><strong>S.</strong></span> 
     </span>
    </p>
   </div>
   <div class='ocr_carea' id='block_1_113' title="bbox 839 2700 1621 2736">
    <p class='ocr_par' dir='ltr' id='par_1_113' title="bbox 839 2700 1621 2736">
     <span class='ocr_line' id='line_1_113' title="bbox 839 2700 1621 2736; baseline -0.001 -8"><span class='ocrx_word' id='word_1_835' title='bbox 839 2702 950 2734; x_wconf 91' lang='lat' dir='ltr'><strong>Thom.,</strong></span> <span class='ocrx_word' id='word_1_836' title='bbox 971 2700 1130 2734; x_wconf 76' lang='lat' dir='ltr'><strong>Remigius,</strong></span> <span class='ocrx_word' id='word_1_837' title='bbox 1159 2700 1288 2732; x_wconf 81' lang='lat' dir='ltr'><strong>Serabus,</strong></span> <span class='ocrx_word' id='word_1_838' title='bbox 1312 2700 1398 2734; x_wconf 74' lang='lat' dir='ltr'><strong>llngo.</strong></span> <span class='ocrx_word' id='word_1_839' title='bbox 1428 2700 1576 2736; x_wconf 86' lang='lat' dir='ltr'><strong>Theopbyl.</strong></span> <span class='ocrx_word' id='word_1_840' title='bbox 1591 2701 1621 2728; x_wconf 88' lang='lat' dir='ltr'><strong>In</strong></span> 
     </span>
    </p>
   </div>
   <div class='ocr_carea' id='block_1_114' title="bbox 836 2736 1621 2769">
    <p class='ocr_par' dir='ltr' id='par_1_114' title="bbox 836 2736 1621 2769">
     <span class='ocr_line' id='line_1_114' title="bbox 836 2736 1621 2769; baseline 0.003 -7"><span class='ocrx_word' id='word_1_841' title='bbox 836 2738 958 2763; x_wconf 82' lang='lat' dir='ltr'><strong>eumdem</strong></span> <span class='ocrx_word' id='word_1_842' title='bbox 972 2743 1113 2762; x_wconf 79' lang='lat' dir='ltr'><strong>munerum</strong></span> <span class='ocrx_word' id='word_1_843' title='bbox 1130 2740 1287 2762; x_wconf 78' lang='lat' dir='ltr'><strong>accensetur</strong></span> <span class='ocrx_word' id='word_1_844' title='bbox 1297 2741 1324 2762; x_wconf 88' lang='lat' dir='ltr'><strong>et</strong></span> <span class='ocrx_word' id='word_1_845' title='bbox 1342 2736 1450 2768; x_wconf 75' lang='lat' dir='ltr'><strong>Noster,</strong></span> <span class='ocrx_word' id='word_1_846' title='bbox 1465 2739 1519 2762; x_wconf 89' lang='lat' dir='ltr'><strong>tum</strong></span> <span class='ocrx_word' id='word_1_847' title='bbox 1534 2738 1621 2769; x_wconf 86' lang='lat' dir='ltr'><strong>quoad</strong></span> 
     </span>
    </p>
   </div>
   <div class='ocr_carea' id='block_1_115' title="bbox 837 2770 1622 2806">
    <p class='ocr_par' dir='ltr' id='par_1_115' title="bbox 837 2770 1622 2806">
     <span class='ocr_line' id='line_1_115' title="bbox 837 2770 1622 2806; baseline -0.001 -8"><span class='ocrx_word' id='word_1_848' title='bbox 837 2772 1049 2806; x_wconf 68' lang='lat' dir='ltr'><strong>historiam,,seu</strong></span> <span class='ocrx_word' id='word_1_849' title='bbox 1068 2770 1210 2806; x_wconf 70' lang='lat' dir='ltr'><strong>litteralem</strong></span> <span class='ocrx_word' id='word_1_850' title='bbox 1228 2778 1348 2806; x_wconf 81' lang='lat' dir='ltr'><strong>sensum,</strong></span> <span class='ocrx_word' id='word_1_851' title='bbox 1361 2777 1421 2806; x_wconf 81' lang='lat' dir='ltr'><strong>cum</strong></span> <span class='ocrx_word' id='word_1_852' title='bbox 1436 2771 1489 2806; x_wconf 81' lang='lat' dir='ltr'><strong>ait:</strong></span> <span class='ocrx_word' id='word_1_853' title='bbox 1507 2770 1622 2806; x_wconf 74' lang='grc' dir='ltr'><strong>Ἐπικά-</strong></span> 
     </span>
    </p>
   </div>
   <div class='ocr_carea' id='block_1_116' title="bbox 837 2805 1623 2840">
    <p class='ocr_par' dir='ltr' id='par_1_116' title="bbox 837 2805 1623 2840">
     <span class='ocr_line' id='line_1_116' title="bbox 837 2805 1623 2840; baseline 0.001 -8"><span class='ocrx_word' id='word_1_854' title='bbox 837 2806 917 2840; x_wconf 79' lang='grc' dir='ltr'><strong>οηται</strong></span> <span class='ocrx_word' id='word_1_855' title='bbox 931 2806 959 2832; x_wconf 83' lang='grc' dir='ltr'><strong>δὲ</strong></span> <span class='ocrx_word' id='word_1_856' title='bbox 972 2807 1000 2832; x_wconf 81' lang='grc' dir='ltr'><strong>ἐν</strong></span> <span class='ocrx_word' id='word_1_857' title='bbox 1011 2805 1103 2836; x_wconf 79' lang='grc' dir='ltr'>αὐτοῖς</span> <span class='ocrx_word' id='word_1_858' title='bbox 1117 2806 1131 2831; x_wconf 83' lang='grc' dir='ltr'>ὁ</span> <span class='ocrx_word' id='word_1_859' title='bbox 1143 2805 1269 2839; x_wconf 83' lang='grc' dir='ltr'><strong>Χριστός,</strong></span> <span class='ocrx_word' id='word_1_860' title='bbox 1281 2811 1308 2832; x_wconf 88' lang='lat' dir='ltr'><strong>et</strong></span> <span class='ocrx_word' id='word_1_861' title='bbox 1323 2805 1402 2840; x_wconf 89' lang='lat' dir='ltr'><strong>paulo</strong></span> <span class='ocrx_word' id='word_1_862' title='bbox 1413 2805 1480 2831; x_wconf 82' lang='lat' dir='ltr'><strong>infra</strong></span> <span class='ocrx_word' id='word_1_863' title='bbox 1492 2813 1500 2832; x_wconf 88' lang='lat'><strong>:</strong></span> <span class='ocrx_word' id='word_1_864' title='bbox 1511 2805 1623 2833; x_wconf 74' lang='grc' dir='ltr'><strong>Ἐπικαυ</strong></span> 
     </span>
    </p>
   </div>
   <div class='ocr_carea' id='block_1_117' title="bbox 837 2840 1622 2875">
    <p class='ocr_par' dir='ltr' id='par_1_117' title="bbox 837 2840 1622 2875">
     <span class='ocr_line' id='line_1_117' title="bbox 837 2840 1622 2875; baseline 0.001 -8"><span class='ocrx_word' id='word_1_865' title='bbox 837 2841 916 2872; x_wconf 57' lang='lat' dir='ltr'><strong>eiset;</strong></span> <span class='ocrx_word' id='word_1_866' title='bbox 929 2841 958 2867; x_wconf 82' lang='grc' dir='ltr'>δὲ</span> <span class='ocrx_word' id='word_1_867' title='bbox 972 2841 1000 2866; x_wconf 83' lang='grc' dir='ltr'><strong>ὲν</strong></span> <span class='ocrx_word' id='word_1_868' title='bbox 1016 2840 1095 2872; x_wconf 82' lang='grc' dir='ltr'><strong>ζώοις</strong></span> <span class='ocrx_word' id='word_1_869' title='bbox 1113 2841 1127 2866; x_wconf 83' lang='grc' dir='ltr'>ὁ</span> <span class='ocrx_word' id='word_1_870' title='bbox 1145 2840 1258 2875; x_wconf 81' lang='grc' dir='ltr'><strong>Κύριος,</strong></span> <span class='ocrx_word' id='word_1_871' title='bbox 1278 2845 1332 2868; x_wconf 88' lang='lat' dir='ltr'><strong>tum</strong></span> <span class='ocrx_word' id='word_1_872' title='bbox 1351 2841 1439 2875; x_wconf 82' lang='lat' dir='ltr'><strong>quoad</strong></span> <span class='ocrx_word' id='word_1_873' title='bbox 1454 2840 1622 2875; x_wconf 77' lang='lat' dir='ltr'><strong>allegoriam,</strong></span> 
     </span>
    </p>
   </div>
   <div class='ocr_carea' id='block_1_118' title="bbox 836 2877 1262 2911">
    <p class='ocr_par' dir='ltr' id='par_1_118' title="bbox 836 2877 1262 2911">
     <span class='ocr_line' id='line_1_118' title="bbox 836 2877 1262 2911; baseline 0.002 -9"><span class='ocrx_word' id='word_1_874' title='bbox 836 2884 916 2911; x_wconf 82' lang='lat' dir='ltr'><strong>quam</strong></span> <span class='ocrx_word' id='word_1_875' title='bbox 933 2877 1069 2911; x_wconf 79' lang='lat' dir='ltr'><strong>eleganter</strong></span> <span class='ocrx_word' id='word_1_876' title='bbox 1082 2877 1262 2910; x_wconf 85' lang='lat' dir='ltr'><strong>persequitur.</strong></span> 
     </span>
    </p>
   </div>
  </div>
