1896 3051
239 118 295 150 603
335 122 338 123 ⁷

838 115 1045 146 TIIEOPHAN
1052 116 1085 145 IS
1106 116 1275 146 CERAMEI

1813 121 1858 151 Mi

242 173 341 200 fectum
362 177 412 200 est.
431 172 514 208 Igitur
533 179 580 206 per
598 176 717 198 reserata
739 171 861 206 sepulcra
880 176 907 198 et
926 171 1012 198 infero

1081 170 1183 205 Κυρίου
1198 172 1356 203 ἀνάστασις.
1376 172 1438 198 Ὅτε
1456 172 1484 198 δὲ
1506 173 1600 208 ἐξῆλθε
1624 175 1671 201 τοῦ
1685 175 1773 209 τάφου
1794 177 1807 202 ὁ
1824 178 1865 210 ἀρν

241 227 301 246 rum
323 220 435 250 eversio,
451 222 479 246 et
499 218 603 245 Domini
622 219 783 245 resurrectio
805 218 940 244 declarata
974 221 1025 244 est.

241 263 292 292 Ubi
311 272 374 291 vero
387 264 490 291 Auctor
505 263 599 291 salutis
617 269 717 291 nostrre
733 264 831 296 prodiit
845 271 876 290 ex
893 263 1026 298 sepulcro,

241 317 304 338 tunc
327 318 394 338 sane
416 316 443 337 et
465 311 552 338 sancti
577 310 627 344 ipsi
651 310 766 337 vinculis
791 309 887 336 mortis
909 309 1026 342 expediti

241 363 378 383 emersere
406 363 421 382 e
451 355 651 386 monumentis.
675 355 739 381 illud
768 353 844 381 056m
869 354 988 381 dicentes
1018 362 1025 388 ι

246 410 255 426 ι
275 401 386 428 Curahit
403 409 452 428 nos
470 405 497 428 et
515 408 596 427 sanos
615 400 695 427 faciet
711 404 769 433 post
788 400 845 426 dies
863 399 939 431 duos,
957 403 984 425 et
999 399 1025 426 in

240 449 285 475 die
303 449 381 475 tertia
398 456 570 481 resnrgemus
581 448 613 475 ”.
631 456 640 474 ι
657 449 744 482 Atque
758 447 794 474 ita
811 447 931 474 ltelantes
946 455 1026 474 vene-

240 500 304 521 runt
325 496 352 521 in
374 499 494 521 sanctam
517 494 673 526 civitatem,
688 498 715 520 et
735 501 793 520 eam
816 500 876 527 qua:
897 493 923 519 in
946 492 1026 519 terris

240 532 293 571 est.
309 545 335 567 et
355 548 413 567 eam
434 548 494 574 qua:
515 539 541 566 in
561 539 656 572 Edem,
675 539 844 574 prmcedente
864 538 983 570 Christo,
999 543 1026 565 et

239 585 384 617 latronem,
398 591 478 620 prout
493 585 550 620 ipse
565 585 737 619 promiserat,
753 585 952 611 introducenle.

275 631 351 658 Tunc
371 631 588 659 anltnadvcrlens
609 631 747 661 centurio.
763 630 802 657 uti
824 629 954 657 Dominus
976 638 1024 658 sua

239 684 300 703 cum
317 681 449 712 potestate
463 677 638 712 exspirasset,
654 681 681 702 ut
696 677 786 703 scisse
803 681 899 710 petrae,
910 681 938 702 et
953 681 1023 703 terra

239 728 382 753 concussa,
397 729 482 754 usque
497 721 565 748 adeo
581 725 758 754 compunctus
775 725 828 752 est,
842 724 870 747 ut
891 721 1023 752 crederet,

240 772 267 795 et
280 768 418 795 Christum
433 768 530 796 Filium
546 766 592 795 Dei
609 768 738 795 fateretur
753 776 761 794 :
778 773 871 801 postea
885 775 949 795 vero
963 775 1026 794 san-

240 815 329 849 guinis
347 815 503 842 testimonio
522 814 580 848 (69)
598 818 803 842 consummatus
820 818 871 841 est.
884 812 942 840 Jam
961 820 1024 840 vero

239 860 380 887 considera
405 867 487 894 quam
507 860 610 887 fuerint
632 860 748 887 assiduae
769 859 895 887 mulieres
915 859 1029 886 alumna:

242 906 342 933 Christi
358 906 499 934 doctrinae.
514 905 656 933 Comitatte
677 909 738 932 sunt
753 913 768 932 e
783 905 892 933 Galilaea
909 913 1030 933 commo-

241 950 335 978 dantes
352 950 376 978 ei
390 951 423 978 de
438 958 486 978 sua
502 958 533 978 re
551 959 557 978 :
575 955 669 985 postea
685 951 710 977 iu
727 951 856 985 periculis
874 950 1028 984 adfuerunt,

239 1001 265 1023 et
283 1004 344 1022 cum
365 997 518 1024 traheretur
537 997 570 1023 ad
590 1003 697 1023 crucem
715 1001 813 1024 secutae
831 1001 894 1023 sunt
912 997 1028 1031 complo-

240 1046 348 1075 rantes;
363 1046 391 1070 et
404 1042 430 1070 in
445 1050 552 1070 crucem
568 1042 676 1070 sublato
692 1042 871 1074 assederunt,
886 1047 911 1068 et
931 1042 1028 1076 persti-

239 1092 347 1119 terunt.
363 1093 391 1114 ut
404 1088 581 1116 observarent
595 1088 639 1116 ubi
656 1089 828 1122 sepeliretur,
844 1093 872 1115 ut
886 1092 1026 1122 postquam

236 1131 390 1160 Judaeorum
411 1133 499 1160 rabies
518 1133 698 1161 deferbuisset
731 1133 960 1169 securitatemque
977 1142 1027 1160 na-

238 1183 290 1206 cta:
311 1182 418 1210 essent,
432 1179 557 1206 venirent
578 1181 611 1206 ad
634 1187 732 1214 cerpus
753 1185 891 1215 unguento
914 1180 1026 1214 perfun-

239 1225 366 1252 dendntn.

277 1278 288 1295 σ
310 1268 396 1297 Judaei
417 1277 493 1305 ergo.
510 1271 637 1305 quoniam
663 1271 814 1299 Paraseeve
836 1277 906 1304 erat,
922 1277 951 1301 ut
972 1281 1025 1301 non

237 1320 410 1343 remanerent
440 1316 466 1342 in
488 1324 571 1344 cruce
587 1324 700 1350 corpora
720 1317 838 1345 Sabbato
856 1318 936 1353 212
957 1320 1026 1354 (erat

238 1359 310 1386 enim
326 1367 440 1395 magnus
457 1361 514 1388 dies
525 1361 569 1388 ille
582 1360 898 1396 Sabbati),'rogaverunt
911 1364 1024 1391 Pilatum

239 1409 269 1432 ut
285 1404 476 1440 frangerentur
488 1413 581 1433 eorum
596 1414 686 1439 crura,
700 1413 726 1433 et
742 1408 909 1436 tollerentur.
924 1419 933 1435 ι
948 1409 1026 1438 Post-

237 1457 318 1484 quam
335 1451 530 1478 ferocissimum
551 1452 618 1480 illud
638 1452 742 1479 facinus
762 1459 963 1488 perpetrassent
977 1463 1025 1489 per

236 1495 354 1528 speciem
373 1495 549 1523 observandae
567 1496 644 1532 legis,
663 1496 698 1524 illi
717 1494 772 1525 Deo
791 1498 868 1526 invisi
887 1504 914 1526 et
935 1501 1025 1534 perdi-

237 1539 333 1566 tissimi
350 1540 481 1574 homines,
498 1546 525 1568 et
541 1542 618 1569 malis
635 1543 721 1576 geniis
737 1543 845 1577 agitati,
861 1545 995 1579 petierunt
1010 1553 1024 1573 a

235 1585 366 1618 pra-side,
387 1590 415 1613 ut
442 1594 522 1614 crura
544 1587 735 1622 frangerentur
755 1596 848 1616 eorum
870 1590 913 1624 qui
938 1591 1027 1619 crucis

236 1632 368 1666 supplicio
392 1633 502 1660 mactati
529 1634 650 1666 fuerant;
669 1635 749 1661 simul
774 1640 801 1662 ut
823 1635 887 1663 Jesu
912 1642 1024 1666 mortem

238 1683 458 1711 approperarent,
473 1678 552 1706 simul
567 1684 594 1705 ut
608 1679 673 1714 legis
688 1681 873 1714 praescriptum
888 1682 1024 1709 custodire

233 1723 431 1756 iudicarentur.
448 1724 493 1752 Sic
514 1725 585 1752 enitn
609 1731 775 1760 praeceperat
795 1727 899 1762 Moyses
924 1737 931 1755 :
960 1737 968 1754 t
994 1728 1024 1756 Si

237 1769 318 1796 fuerit
340 1770 366 1796 in
388 1771 480 1804 aliquo
501 1771 632 1805 judicium
657 1773 762 1804 mortis,
779 1777 806 1800 et
827 1765 1023 1808 suspenderitis

235 1822 296 1841 enm
334 1823 415 1850 super
444 1817 564 1850 lignum,
599 1825 652 1844 non
684 1818 800 1845 dormiet
831 1826 930 1852 corpus
963 1820 1022 1853 ejus

234 1868 316 1895 super
335 1861 452 1896 lignum;
474 1864 520 1889 sed
542 1865 678 1897 sepultura
701 1865 835 1898 scpelictis
852 1873 912 1892 cum
932 1865 957 1892 in
980 1866 1023 1894 die

233 1907 277 1933 illa
291 1907 322 1933 “.
340 1916 349 1932 ι
375 1907 520 1935 Latronum
538 1908 619 1941 igitur
637 1909 726 1936 adhuc
754 1911 913 1943 spirantium
937 1911 1021 1939 clavis

233 1954 386 1979 contrivere
408 1953 542 1985 membra;
563 1954 654 1980 Jesum
676 1960 740 1980 vero
761 1961 893 1981 mortuum
916 1958 1022 1989 conspi-

233 1998 298 2030 cati,
315 1998 383 2025 idem
405 1999 431 2025 in
452 2006 484 2026 eo
503 2006 554 2025 non
571 1999 660 2026 fecere
680 2009 686 2026 :
707 2008 794 2033 neque
809 2001 879 2026 enim
896 2001 936 2027 fas
949 2005 1018 2032 erat,

231 2047 261 2069 ut
275 2050 360 2070 sacra:
379 2043 449 2070 illius
467 2044 583 2071 victimae
601 2052 662 2072 ossa
682 2046 930 2080 confringerentur,
949 2054 1017 2079 quo-

231 2088 302 2114 niam
316 2088 397 2115 etiam
413 2089 475 2123 agni
493 2089 572 2124 typici
589 2090 630 2116 lex
644 2095 766 2117 vetuerat
779 2098 839 2117 ossa
855 2091 1012 2118 comminui.

229 2135 266 2160 At
285 2141 349 2161 vero
371 2135 456 2161 audax
481 2135 588 2169 quidam
614 2136 691 2162 miles
715 2136 784 2164 latus
808 2137 899 2164 lancea
924 2137 1017 2171 perfn-

1045 849 1065 876 Β

1039 1519 1060 1549 C

1082 217 1165 251 χηγὸς
1188 217 1238 251 τῆς
1251 218 1387 253 σωτηρίας
1404 219 1483 254 ἡμῶν
1496 239 1504 251 ,
1523 219 1584 245 τότε
1599 220 1632 253 δὴ
1649 221 1682 247 ὲκ
1697 221 1753 247 τῶν
1763 225 1865 256 μνπμά-

1081 271 1136 288 των
1156 263 1202 289 καὶ
1225 263 1303 289 αὐτοὶ
1318 264 1481 299 ἀνενήχοντο
1506 265 1656 300 ἀνειμένοι,
1681 268 1730 294 καὶ
1747 267 1865 301 λέγοντες

1081 306 1114 333 τὰ
1130 308 1177 333 τοῦ
1198 308 1277 343 Ὠσηέ
1289 316 1296 324 ·
1319 318 1328 334 ι
1350 309 1466 336 Ὶάσεται
1483 311 1567 345 ἡμᾶς,
1588 312 1635 338 καὶ
1652 313 1782 339 νεοτώσει
1799 315 1866 348 ἡμᾶς

1082 353 1151 386 μετά
1165 353 1212 379 δύο
1227 354 1345 388 ἡμέρας,
1372 356 1419 381 καὶ
1442 356 1470 382 ὲν
1485 357 1517 390 τῇ
1544 356 1635 391 ἡμέρᾳ
1652 359 1686 392 τῇ
1710 358 1792 394 τρίτῃ
1809 360 1867 385 ἀνα-

1082 399 1246 434 στησόμεοα.
1267 410 1275 426 ι
1292 401 1347 427 Καὶ
1360 400 1432 428 οὕτω
1456 402 1598 436 χαίροντες
1619 403 1748 437 είσῆλθον
1768 405 1809 435 εἰς
1824 405 1866 439 τὴν

1081 443 1162 476 ἁγίαν
1187 445 1276 477 πόλιν,
1293 446 1344 481 τήν
1360 455 1389 472 τε
1417 447 1550 480 ἐπίγειον,
1570 449 1616 473 καὶ
1631 449 1681 481 τὴν
1701 449 1754 483 τῆς
1780 449 1866 485 Ἐὖὲμ,

1081 490 1276 525 προοδεύοντος
1290 493 1336 519 τοῦ
1358 493 1495 528 Σωτῆρος,
1509 495 1557 521 καὶ
1572 495 1616 521 τὸν
1626 495 1730 532 λῃστὴν
1745 497 1866 531 εἰσάγον-

1079 544 1135 567 τος.
1152 537 1224 563 κατὰ
1239 538 1288 574 τὴν
1304 539 1460 573 ὑπόσχεσιν.

1117 582 1186 608 Τότε
1208 582 1240 618 δὴ
1263 584 1338 610 καὶὸ
1357 585 1519 620 κεντυρίων.
1547 585 1610 611 ίδὼν
1636 587 1697 616 πῶς
1723 587 1865 618 ἐξέπνευσε

1081 629 1140 664 μετ’
1158 630 1291 661 ἐξουσίας,
1308 630 1368 660 πῶς
1381 631 1412 656 αἱ
1426 631 1524 665 πέτραι
1537 631 1714 667 ἐσχίσθησαν,
1731 634 1780 658 καὶ
1801 634 1817 667 ἡ
1835 634 1865 667 γῆ

1079 675 1253 710 ὲκεκλόνητο,
1279 677 1320 706 είς
1337 676 1471 710 τοσαύτην
1495 674 1547 712 ἧκε
1566 677 1724 710 κατάνυξιν,
1735 677 1807 704 ὥστε
1824 680 1865 704 καὶ

1078 721 1257 752 πεπίστευκε,
1273 722 1318 747 καὶ
1333 722 1395 747 Υἱόν
1403 721 1471 748 Θεοῦ
1488 723 1533 748 τὸν
1545 723 1662 757 Χριστὸν
1677 723 1864 757 ὡμολόγησεν.

1080 766 1214 800 ’Υστερον
1238 766 1267 792 δὲ
1297 767 1344 792 καὶ
1370 767 1534 802 μσρτυρικῷ
1560 767 1657 802 αἵματι
1682 768 1863 794 ἐτετελείωτο.

1079 814 1152 850 Ὅρα
1169 814 1197 840 δὲ
1213 815 1326 841 καὶτῶν
1352 815 1512 850 μαθητριῶν
1527 816 1577 850 τὴν
1602 816 1778 850 προσεδριαν,
1800 815 1863 849 πόση

1079 869 1120 893 τις
1132 859 1177 896 ἦν.
1200 861 1380 888 Ἠκολούθουν
1396 860 1450 887 ἀπὸ
1465 861 1513 895 τῆς
1528 861 1676 892 Γαλιλαίας
1687 860 1863 894 διακονούμε-

1078 915 1123 933 ναι
1138 907 1170 933 ἐκ
1189 907 1245 933 τῶν
1266 906 1359 940 σφίσιν
1373 906 1488 932 ἐνόντων
1505 906 1668 941 χρημάτων,
1685 903 1748 932 εἶτα
1765 907 1796 931 ὲν
1813 906 1864 936 τοῖς

1078 951 1213 982 κινδύνοις
1237 951 1378 986 παρῆσαν,
1407 950 1546 985 ἑλκομένῳ
1559 959 1589 976 τε
1603 950 1649 976 ἐπὶ
1664 949 1788 984 σταυροῦ
1805 951 1864 983 ἡκο-

1077 997 1189 1024 λούθουν
1204 997 1414 1031 ὀλοφυρόμεναι,
1436 995 1485 1022 καὶ
1502 995 1720 1030 προσηλουμένῳ
1743 996 1864 1030 παρεκά-

1077 1043 1165 1074 θοντο,
1184 1042 1232 1068 καὶ
1257 1041 1446 1077 προσήδρευον
1464 1039 1684 1075 περισκοποῦσαι
1704 1040 1761 1075 ὅπῃ
1784 1048 1865 1065 κατα-

1077 1090 1202 1125 θήσεται,
1219 1089 1256 1121 ὡς
1277 1088 1310 1115 ἂν
1326 1088 1376 1123 τῆς
1395 1087 1499 1121 λύσσης
1512 1086 1567 1113 τῶν
1582 1085 1721 1112 Ἰουδαίων
1738 1084 1865 1118 λωφητὰ-

1076 1143 1138 1170 σης,
1158 1134 1250 1166 ἀδείας
1269 1134 1439 1170 δραξάμενοι
1454 1132 1559 1159 ἔλθοιεν
1575 1132 1624 1158 καὶ
1643 1131 1818 1167 περιχυθιίεν
1831 1130 1864 1164 τῷ

1076 1179 1193 1215 σώματι.

1112 1279 1122 1297 t
1139 1270 1171 1297 Οἱ
1191 1268 1240 1304 μὲν
1265 1267 1402 1298 Ἰουδαῖοι,
1433 1267 1478 1293 ῐνα
1493 1266 1530 1301 μὴ
1556 1266 1636 1302 μείνῃ
1654 1264 1690 1292 τὰ
1707 1264 1824 1301 σώματα
1839 1265 1865 1292 ἒν

1075 1316 1116 1351 τῷ
1136 1314 1258 1350 σταυρῷ,
1277 1314 1339 1340 ἐπεὶ
1354 1313 1522 1348 Παρασκευὴ
1536 1310 1571 1348 ἦν
1589 1310 1634 1347 (ἦν
1651 1312 1707 1348 γὰρ
1724 1313 1833 1346 μεγάλη
1849 1313 1863 1347 ἡ

1073 1363 1164 1398 ἡμέρα
1180 1360 1273 1395 ἐκείνη
1287 1360 1334 1387 τοῦ
1347 1359 1512 1393 Σαϐΰάτου),
1521 1357 1667 1394 ἠρώτησαν
1679 1358 1726 1384 τὸν
1740 1358 1862 1390 Πιλᾶτον,

1073 1408 1117 1435 ἵνα
1146 1406 1320 1440 κατεαγῶσιν
1344 1406 1439 1432 αὐτῶν
1465 1406 1500 1432 τὰ
1516 1406 1610 1440 σκέλη,
1638 1404 1687 1431 καὶ
1703 1404 1860 1440 ἀρθῶσιν.»

1080 1452 1188 1487 Ἐπειδὴ
1203 1453 1233 1479 τὸ
1245 1452 1383 1488 τολμηρὸν
1410 1451 1504 1482 αὐτοῖς
1519 1451 1597 1478 τοῦτο
1621 1451 1703 1486 ἔργον
1721 1450 1858 1484 διήνυστο,

1075 1497 1330 1533 νομοφυλακοῦντες
1340 1505 1347 1512 ·
1370 1496 1450 1532 δῆθεν
1463 1496 1488 1523 οι
1505 1496 1654 1531 θεομισεῖς,
1677 1495 1725 1522 καὶ
1740 1495 1858 1528 ἐξώλεις,

1078 1545 1125 1572 καὶ
1139 1544 1339 1578 κακοδαίμονες
1355 1543 1462 1576 ἀξιοῦσι
1480 1542 1524 1569 τὸν
1546 1542 1669 1577 ἡγεμόνα
1695 1541 1860 1575 κατεαγῆναι

1077 1589 1129 1616 τῶν
1142 1588 1443 1616 ἀνασκολωπισθέντων
1455 1587 1490 1614 τὰ
1504 1586 1587 1621 σκέλη
1598 1595 1605 1603 ·
1623 1585 1692 1621 ὁμοῦ
1708 1586 1760 1620 μὲν
1773 1586 1861 1612 ἐπιτα-

1076 1635 1204 1670 χύνοντες
1219 1634 1269 1670 τὴν
1292 1634 1381 1669 Ἰησοῦ
1394 1633 1535 1668 τελευτὴν,
1552 1633 1699 1667 φυλάττειν
1710 1632 1734 1658 δ’
1750 1632 1859 1666 ὑποκρι-

1076 1681 1183 1715 νόμενοι
1214 1681 1261 1707 καὶ
1285 1680 1316 1706 re
1337 1679 1451 1714 νομικὸν
1479 1679 1670 1713 παρατήρημα
1685 1686 1692 1692 ·
1711 1677 1785 1704 οὕτω
1811 1678 1859 1712 γὰρ

1075 1727 1196 1761 Μωῦσῆς
1218 1726 1370 1753 ἐνετείλατο
1383 1734 1390 1741 '
1409 1735 1418 1751 ε
1444 1726 1507 1752 Ἐὰν
1526 1725 1640 1760 γένηται
1655 1724 1684 1750 ἐν
1700 1733 1754 1750 τινι
1775 1724 1860 1758 κρῖμα

1075 1773 1203 1805 θανάτου,
1220 1773 1267 1800 καὶ
1281 1773 1439 1808 κρεμάσατε
1453 1771 1535 1798 αὐτὸν
1560 1771 1606 1798 ἐπὶ
1629 1770 1721 1803 ξύλου,
1739 1770 1791 1796 οὐκ
1805 1771 1860 1796 ἐπι-

1073 1819 1274 1854 κοιμηθήσεται
1295 1818 1324 1844 τὸ
1343 1819 1422 1851 σῶμα
1443 1817 1526 1843 αὐτοῦ
1551 1817 1597 1843 ἐπὶ
1623 1815 1662 1850 τῷ
1687 1815 1770 1849 ξύλῳ,
1798 1814 1859 1840 ἀλλὰ

1074 1866 1149 1899 ταφῇ
1188 1864 1289 1898 θάψετε
1317 1863 1385 1890 αὐτὸ
1405 1864 1434 1889 ὲν
1457 1864 1490 1898 τῇ
1517 1863 1610 1898 ἡμέρᾳ
1639 1862 1743 1898 ἐκείνῃ.
1765 1870 1774 1887 ι
1803 1861 1858 1887 Τῶν

1074 1909 1124 1943 μὲν
1139 1907 1184 1935 οὖν
1199 1908 1305 1944 λῃστῶν
1321 1909 1495 1943 ἐμπνεόντων
1517 1907 1557 1933 ἔτι
1572 1907 1607 1933 τὰ
1623 1907 1708 1941 σκέλη
1733 1906 1858 1940 ῥοπάλοις

1073 1953 1247 1988 συνέτριψαν.
1276 1952 1327 1980 Τὸν
1349 1953 1378 1979 δὲ
1401 1951 1513 1987 Ἰησοῦν,
1530 1953 1567 1984 ὡς
1583 1951 1653 1978 εἶδον
1679 1953 1855 1987 τεθνήξαντα,

1070 1998 1149 2024 τοῦτο
1167 1999 1214 2033 μὲν
1230 1998 1279 2024 οὐκ
1294 1999 1456 2033 εἰργάσαντο
1471 2006 1477 2013 ·
1496 1998 1526 2024 οὺ
1546 1999 1600 2033 γὰρ
1615 1996 1649 2032 ἦν
1663 1999 1743 2032 θέμις
1763 2007 1856 2024 κατεα-

1070 2045 1151 2079 γῆναι
1164 2044 1211 2070 τοῦ
1229 2045 1302 2080 ἱεροῦ
1318 2044 1440 2079 θύματος
1454 2044 1488 2070 τὰ
1502 2045 1581 2076 ὀστᾶ,
1595 2045 1636 2070 ὅτι
1652 2045 1699 2070 καὶ
1719 2043 1769 2070 τοῦ
1782 2051 1856 2069 τυπι-

1070 2091 1119 2117 κοῦ
1145 2091 1231 2125 ἀμνοῦ
1252 2092 1407 2126 συντρίϐειν
1429 2091 1464 2117 τὰ
1487 2091 1554 2116 ὀστᾶ
1578 2091 1592 2116 ὁ
1612 2091 1695 2125 νόμος
1711 2090 1853 2116 ἀπείπατο.

1069 2137 1241 2171 Στρατιώτης
1257 2137 1285 2163 δέ
1300 2145 1342 2167 τις
1364 2136 1466 2171 θρασὺς
1481 2135 1566 2171 λόγχη
1582 2136 1631 2170 τὴν
1647 2135 1768 2168 πλευρὰν
1782 2137 1855 2161 αντε⁴

230 2179 300 2206 ravit
316 2188 322 2206 :
339 2184 367 2207 et
379 2181 508 2208 continuo
525 2182 652 2208 inusitata
666 2183 838 2216 maximeque
850 2183 1015 2210 admirabilis

1076 2183 1178 2218 τόρησε,
1206 2182 1252 2208 καὶ
1286 2182 1387 2208 αὐτίκα.
1417 2182 1575 2216 παραδόξου
1605 2181 1746 2216 θαύματος
1778 2180 1854 2215 ἔργον

232 2232 276 2252 res
306 2230 346 2252 est
369 2233 526 2254 consecuta.
551 2227 657 2254 Etenim
683 2228 757 2261 quasi
785 2235 817 2254 ex
844 2237 896 2255 uno
924 2229 1015 2256 lateris

229 2270 304 2296 fonte
318 2274 345 2297 et
357 2271 455 2298 flumen
472 2275 499 2298 et
513 2279 636 2298 cruorem
653 2274 783 2299 extraxit.
800 2273 838 2300 Ae
854 2281 903 2307 per
917 2281 1015 2308 aquam

228 2314 335 2347 quidem
348 2314 462 2342 deletum
476 2321 517 2343 est
529 2317 668 2343 servitutis
682 2323 779 2344 nostra:
791 2318 1015 2353 chirographum;

228 2366 276 2393 per
296 2360 454 2395 sanguinem
479 2369 544 2388 vero
567 2363 638 2397 regia
663 2363 774 2389 libertas
798 2363 877 2390 nobis
899 2364 1016 2398 ascripta

227 2410 278 2431 est.
297 2405 350 2432 Sen
374 2407 487 2434 fortasse
509 2409 618 2442 sanguis
634 2409 666 2434 ad
684 2409 881 2436 damnationem
898 2409 1016 2436 Judaica:

228 2451 410 2484 improbitatis
422 2451 533 2485 ellluxit,
546 2454 656 2488 sanguis
670 2461 733 2481 vero
748 2455 779 2480 ad
793 2454 906 2481 salutem
921 2463 1014 2482 eorum

263 2522 284 2537 ¹³
295 2522 363 2550 Osee
376 2531 412 2555 vr.
424 2523 452 2556 2,
464 2525 491 2551 5.
531 2524 552 2540 ¹⁶
567 2525 643 2552 Deut.
658 2533 715 2558 xxx,
728 2526 773 2553 '25.

1068 2228 1289 2263 ἐπηκολούθησεν
1306 2236 1313 2243 ·
1329 2228 1367 2258 ὡς
1380 2228 1434 2263 γὰρ
1449 2229 1481 2254 ὲκ
1498 2229 1561 2261 μιᾶς
1583 2227 1697 2258 πίδακος
1712 2228 1762 2262 τῆς
1777 2228 1853 2265 πλευ-

1071 2275 1131 2308 ρᾶς,
1148 2274 1255 2310 ῥεῖθρον
1270 2274 1317 2300 καὶ
1344 2273 1450 2308 λείθρον
1465 2273 1594 2305 ὲξώσατο.
1613 2272 1669 2297 Καὶ
1685 2272 1730 2298 διὰ
1748 2273 1795 2306 μὲν
1808 2273 1851 2299 τοῦ

1069 2319 1164 2351 ὓδατος
1176 2320 1207 2345 τὸ
1225 2320 1274 2354 τῆς
1289 2319 1410 2349 δουλείας
1424 2319 1515 2352 εὴμῶν
1531 2317 1715 2352 χειρόγραφον
1738 2319 1794 2352 ἁπη
1801 2318 1851 2344 λεί-

1069 2374 1134 2398 casto
1151 2373 1157 2379 '
1179 2365 1223 2391 διὰ
1240 2365 1268 2391 δὲ
1284 2364 1331 2390 τοῦ
1346 2365 1462 2397 αἵματος
1482 2363 1609 2398 βασιλικὴ
1630 2363 1773 2398 ἐλευθερία
1789 2365 1849 2398 ἡμῖν

1069 2411 1255 2446 ὑπεγράφετο,
1277 2411 1293 2446 ἣ
1311 2412 1381 2445 τάχα
1397 2410 1427 2436 τδ
1449 2410 1498 2444 μὲν
1521 2407 1592 2444 αἷμα
1610 2410 1679 2444 πρὸς
1706 2410 1847 2443 καταδίκην

1065 2455 1162 2481 ἐΰλυσε
1192 2456 1240 2490 τῆς
1263 2452 1400 2482 Ἰουδαίων
1424 2454 1601 2490 φαυλότητος,
1624 2455 1654 2481 τὸ
1674 2455 1703 2481 δὲ
1728 2454 1800 2490 ὕδωρ
1812 2456 1846 2485 εἰς

840 2584 1002 2615 Francisci
1018 2585 1124 2616 Scorsi
1144 2590 1238 2617 notm.

262 2649 319 2684 (69)
350 2649 491 2684 Sanguinis
521 2653 681 2679 Icstimonio.
712 2653 748 2678 De
777 2659 809 2678 eo
842 2653 880 2678 sic
912 2653 1009 2680 Barnn.

227 2691 280 2711 tom
329 2695 336 2712 :
357 2685 439 2722 Porro
453 2688 628 2713 centttrimmu
654 2687 721 2713 hunc
747 2687 891 2722 Longinum
910 2689 1012 2714 nomine

226 2720 388 2754 rppallalum
415 2721 516 2754 fuisse.
547 2722 694 2754 Christique
720 2720 935 2755 ﬁdem'srrttlum
964 2723 1012 2748 alr-

227 2757 329 2791 rlimsse
342 2763 368 2780 se
380 2764 395 2781 α
417 2756 525 2784 militia.
544 2765 573 2782 uc
586 2758 696 2791 (lenique
714 2758 748 2783 ad
764 2758 884 2791 tttur'yrii
899 2758 1012 2789 palmam

227 2789 377 2825 advolasse,
393 2793 522 2815 testati/ur
535 2791 580 2824 qui
597 2789 657 2825 ejus
675 2800 714 2817 res
734 2798 818 2824 geslm
835 2789 1011 2824 scripserunt.

230 2822 271 2849 Ea:
289 2823 382 2855 quibus
397 2822 662 2860 redargumttttr,'qui
681 2834 713 2853 ex
733 2822 1014 2860 apocryphis'qnibns-

1061 2654 1124 2679 dum
1145 2655 1249 2688 scriptis
1277 2655 1443 2682 lrnrlirlernnl
1474 2654 1619 2686 Longinum
1644 2653 1759 2684 nomine,
1779 2661 1842 2680 cum-

1061 2689 1170 2723 drmque
1201 2697 1295 2715 ra’rum
1325 2691 1404 2723 ['uis-‘e
1429 2691 1537 2716 militem
1568 2690 1664 2717 illum.
1690 2689 1735 2722 qui
1760 2689 1841 2713 Ium‘m

1062 2723 1132 2750 Iulus
1162 2724 1266 2750 Domini
1305 2726 1418 2756 aperuit.
1452 2724 1512 2750 ll:rc
1552 2724 1692 2749 Bai-unius.
1736 2723 1840 2749 I‘I‘slant

1062 2766 1144 2791 porro
1166 2764 1225 2786 acta
1249 2759 1415 2787 centurionis
1437 2760 1508 2794 apud
1532 2759 1664 2793 Metaphr.
1683 2759 1726 2786 die
1748 2758 1777 2784 16
1791 2757 1837 2783 0c-

1065 2793 1158 2821 toht‘is.
