1896 3051
68 102 125 134 617

741 102 904 133 {IOMILIA
924 101 1034 133 XXIX.

1644 102 1694 134 618

71 161 162 193 Ὅπερ
177 158 252 185 ἐστὶν
267 159 283 194 ἡ
297 159 351 186 τῶν
366 158 510 194 δογμάτων
524 157 678 194 βεὸαίωσις.
696 157 768 184 Ἀλλ’
783 157 854 183 ἐπει-

915 166 922 182 ι
945 156 1116 190 Baptizatttes
1141 162 1188 183 eos
1216 155 1242 182 in
1268 155 1379 183 nomine
1404 155 1502 189 Patris,
1521 163 1547 184 et
1570 157 1642 191 Filii,
1667 165 1696 186 et

69 205 114 240 δὴ.
124 205 194 232 κατὰ
205 204 250 231 τὸν
263 205 336 239 ίερὺν
350 204 522 239 ἀδελφόθεον,
553 213 562 230 ι
574 205 590 239 ὴ
611 204 702 234 πίστις
720 203 804 238 χωρὶς
816 202 861 236 ἕρ-

70 259 128 284 γων
142 251 228 286 νεκρά
240 251 308 283 ἐστι,
327 259 337 276 ›
355 250 480 285 βούλεται
491 250 536 277 τὸν
553 249 756 285 μαθητευοέντα
769 248 801 274 τὰ
811 248 861 282 τῆς

72 297 193 328 πίστεως
206 297 341 331 ἱόγματα,
361 296 410 323 καὶ
426 296 605 323 τελειωθέντα
622 296 655 331 τῇ
679 295 860 329 ἀναγεννήσει

70 344 119 371 τοῦ
137 344 212 370 θείου
228 343 429 378 βαπτίσματος,
441 343 655 378 ὲποικοδομῆσαι
667 342 714 369 καὶ
736 341 770 368 τὰ
791 341 860 376 ἔργα

71 388 123 422 τῆς
137 387 269 418 πίστεως·
289 387 339 413 οὐκ
354 387 387 413 ὲκ
405 387 516 422 μέρους,
531 387 589 414 ἀλλ’
602 387 721 420 ἅπαντα,
739 386 788 413 ὅσα
805 387 860 418 τιῖς

73 433 213 469 μαθηταῖς
228 434 242 460 ὁ
258 432 354 469 Σωτὴρ
365 433 527 460 ἐνετείλατο.

110 531 120 547 ‹
133 521 190 548 Καὶ
217 521 271 547 ἰδοὺ
288 520 344 554 ἐγὼ
365 520 425 556 μεθ’
442 520 519 556 ὑμῶν
536 520 594 556 είμι
621 521 712 553 πάσας
726 522 775 552 τὰς
791 521 860 556 ἠμέ-

73 574 136 601 ρας,
159 566 213 597 ἕως
236 567 285 601 τῆς
303 565 460 597 συντελείας
484 567 532 592 τοῦ
560 566 668 597 αἰῶνος.
690 567 809 601 Ἀμήν.»
829 566 860 592 ’Ὠ

71 612 203 646 γλυκείας
220 612 398 646 ἐπαγγελίας,
412 611 435 638 ὣ
452 612 614 647 Θαυμαστῆς
629 612 858 648 ὑποσχέσεως,ἠν

71 659 85 684 ὁ
97 658 238 692 Δεσπότης
255 658 336 693 ἡμῶν
351 657 547 692 ἐπηγγείλατο,
568 657 686 689 αίωνίως
699 659 754 689 τρῖς
768 658 859 692 ἁγίοις

70 703 252 730 συνέσεσθαιί
268 704 324 730 Καὶ
335 704 365 730 οὐ
381 696 466 739 δήπδυ
482 703 571 739 φαμὲν
587 703 624 735 ὡς
639 703 720 739 μέχρι
731 703 780 739 τῆς
797 712 860 730 συν-

69 750 180 783 τελείας
193 750 240 777 τοῦ
268 751 366 783 αίῶνος
384 751 511 777 συνέσται
527 750 631 783 αὐτοῖς,
645 748 704 777 είτα
719 750 860 786 διακριθῆ-

71 805 168 824 σεται·
189 797 227 832 μὴ
241 797 314 824 οὕτω
331 796 583 832 κατολισοήσαιμεν
606 796 674 831 πρὸς
696 795 777 823 τοῦτο
798 805 860 823 κου-

69 843 187 878 φότητος
202 842 337 878 λογισμῷ,
355 843 392 874 ὡς
408 842 471 878 τῇδε
487 842 591 876 νοῆσαι,
607 842 624 877 ἢ
641 841 857 876 φθέγξασθαι.οΰ

68 890 123 924 γὰρ
141 889 268 924 χρονικὸν
281 889 321 923 τὸ,
336 888 401 922 ἕως,
418 889 618 924 παρείληπται,
644 888 701 914 ἀλλ’
715 889 842 924 ἀόριστον
852 897 858 904 “

69 936 220 970 τὲθριπται
233 935 262 962 δὲ
281 937 310 962 ἐν
325 937 358 971 τῇ
373 935 434 971 θείᾳ
450 936 544 971 Γραφῇ
562 936 577 971 ἡ
593 935 706 970 τοιαύτη
721 935 769 961 τοῦ
781 934 859 969 λόγου

69 981 216 1017 συνήθεια,
246 981 314 1016 Περὶ
334 981 383 1015 μὲν
410 980 457 1007 τοῦ
490 981 634 1012 σταλέντος
657 980 774 1016 κόρακος
808 980 860 1007 ὑπὸ

68 1027 132 1053 Νῶε
153 1027 217 1053 ίδεῖν
232 1026 257 1052 εί
275 1026 414 1053 κεκόπακε
434 1026 465 1052 τὸ
482 1025 554 1060 ’ὕδωρ
577 1025 631 1051 ἀπὸ
647 1025 696 1060 τῆς
708 1026 759 1060 γῆς
772 1033 779 1041 ⁸
795 1027 860 1061 περὶ

66 1071 97 1098 δὲ
113 1071 163 1098 τοῦ
182 1072 261 1105 ἁγίου
290 1072 442 1106 μνήστορος
473 1071 584 1106 Ἰωσὴφ,
616 1070 656 1096 ὅτι
682 1071 731 1096 οὐκ
757 1070 859 1104 ἔγνωκε

67 1118 119 1152 τὴν
148 1117 298 1152 Παρθένων,
322 1116 374 1148 ἕως
393 1113 424 1143 οὗ
450 1116 527 1142 ἔτεκε
551 1116 596 1142 τὸν
625 1116 683 1142 υίὸν
710 1116 796 1151 αὐτῆς
812 1116 858 1142 τὸν

67 1163 263 1198 πρωτότοκον·
289 1162 336 1188 καὶ
359 1163 373 1187 ὁ
400 1161 570 1196 προφητικδς
594 1161 621 1187 δὲ
643 1161 757 1196 Ψαλμδς
786 1161 858 1188 οὕτω

67 1209 154 1244 φησίν
166 1218 172 1224 '
191 1218 200 1234 ι
216 1207 299 1235 Εἶπεν
311 1208 325 1234 ὁ
341 1207 444 1243 Κύριος
458 1207 496 1242 τῷ
512 1207 607 1242 Κυρίῳ
632 1216 683 1242 μου
697 1216 703 1222 ·
724 1207 815 1234 Κάθου
829 1209 860 1234 ἐκ

66 1254 168 1287 δεξιῶν
184 1262 248 1288 μου,
263 1253 316 1284 ἓως
332 1253 365 1279 ἂν
381 1252 419 1279 οῶ
436 1252 499 1284 τοὺς
518 1252 634 1288 ἐχθρούς
655 1261 702 1279 σου
715 1253 860 1279 ὑποπίδιον

66 1300 125 1326 τῶν
144 1299 233 1326 ποδῶν
249 1307 306 1325 σου.
323 1308 332 1324 ι
346 1298 455 1332 Συνῳδὰ
467 1298 494 1324 δὲ
510 1298 597 1333 τούτῳ
609 1299 656 1325 καί
669 1299 683 1324 ὁ
698 1298 861 1330 Ἀπέστολος

67 1344 240 1380 φθέγγεται·
262 1355 271 1370 ι
286 1345 333 1370 Δεῖ
349 1344 403 1378 γὰρ
418 1344 500 1371 αὑτὸν
515 1343 669 1378 βασιλεύειν
685 1345 764 1381 ἄχρις
780 1342 811 1373 οὗ
827 1344 860 1372 ἂν

67 1392 102 1426 θῇ
123 1392 187 1422 τοὶς
207 1390 321 1426 ἐχθροὺς
337 1389 420 1416 αὐτοῦ
436 1390 488 1416 ὑπὸ
500 1391 564 1422 τοὺς
578 1391 661 1422 πόδας
683 1391 778 1424 αὑτοῦ,
795 1401 804 1417 ι
830 1393 860 1418 ἐν

66 1437 180 1468 τούτοις
198 1437 266 1462 πᾶσι
288 1436 347 1466 τοῦ,
364 1435 430 1468 ἕως,
448 1436 557 1471 ἔχοντος
578 1437 717 1472 σημασίαν
730 1438 856 1473 ἀόριστον

914 202 1031 236 Spiritus
1046 202 1144 228 sancti.
1163 211 1173 227 ι
1186 201 1262 235 Quod
1276 208 1342 228 sane
1357 201 1510 236 dogtnatum
1525 203 1696 232 conﬁrmatio

913 252 963 274 cst.
982 247 1035 274 Sed
1051 247 1189 281 quoniam,
1205 251 1234 273 ut
1249 251 1358 274 sanctus
1376 247 1480 274 Domini
1501 246 1583 275 frater
1605 249 1671 277 dixit
1688 259 1694 277 :

915 302 923 318 ι
944 292 1023 320 Fides
1039 293 1098 320 sine
1123 292 1247 327 operibus
1272 296 1376 318 mortua
1402 297 1443 320 est
1458 293 1491 325 ³³,
1515 302 1524 318 ι
1544 294 1599 321 vult
1623 303 1696 329 eum,

912 338 958 373 qui
975 338 1034 365 ﬁdei
1050 338 1185 373 dogmatis
1209 338 1347 366 institutus
1367 339 1423 373 jam
1438 345 1488 372 est,
1507 345 1534 367 et
1558 348 1605 374 per
1620 349 1695 376 rege-

913 383 1079 410 nerationem
1103 383 1188 411 sancti
1217 384 1388 419 baptismatis
1411 386 1609 419 sanctiﬁcatus,
1635 387 1697 415 ﬁdei

912 435 992 463 opera
1005 429 1115 464 insuper
1124 429 1274 463 aediﬁcare;
1287 437 1336 457 nec
1351 437 1382 457 ea
1396 438 1428 458 ex
1444 436 1532 465 parte,
1547 433 1592 459 sed
1607 433 1698 460 omnia

911 481 1078 509 qumcunque
1090 475 1230 510 discipulis
1248 475 1374 506 Dominus
1391 477 1527 511 praecepit.

949 529 959 546 ‹
978 520 1010 547 Ει
1031 528 1095 547 ecce
1121 527 1171 555 ego
1196 521 1335 549 vobiscum
1360 528 1421 548 sum
1445 523 1570 550 omnibus
1591 522 1697 556 dit-bus,

912 573 997 600 usque
1021 566 1055 592 ad
1078 567 1337 593 consummationem
1359 566 1461 594 szrculi.
1476 568 1571 594 Amen.
1592 577 1600 594 ι
1619 568 1698 603 Oju-

914 611 1029 638 eundum
1056 611 1196 638 nuntium!
1223 619 1239 638 ο
1265 612 1449 639 admirabilem
1476 613 1694 647 promissionem!

913 665 964 691 qua
982 656 1109 683 Dominus
1125 663 1216 684 noster
1231 665 1291 684 cum
1309 659 1411 686 sanctis
1426 665 1454 685 se
1470 658 1589 686 futurum
1604 667 1696 695 perpe-

913 707 957 729 tuo
983 703 1115 737 promisit.
1137 703 1193 731 Nec
1210 710 1275 731 sane
1299 704 1413 731 dicimus
1428 705 1462 731 ita
1481 712 1540 733 eum
1559 713 1643 740 usque
1665 706 1698 733 ad

910 749 1169 775 consummationem
1181 749 1271 776 saeculi
1288 757 1347 777 cum
1359 750 1426 784 ipsis
1440 749 1573 784 futurum,
1582 756 1612 778 ut
1623 756 1698 786 post-

911 799 942 820 ea
967 793 1149 828 disjungatur;
1173 802 1224 821 non
1247 795 1273 821 in
1295 802 1354 822 eam
1369 796 1468 824 mentis
1484 796 1620 824 levitatem
1637 804 1698 832 pro-

913 839 980 873 lapsi
1001 847 1103 873 sumus,
1122 845 1150 866 ut
1174 840 1224 867 ltoc
1250 841 1291 868 vel
1316 842 1474 874 sentiamus,
1499 842 1539 869 vel
1564 842 1697 870 (ﬂeamus.

911 885 1002 919 Neque
1017 885 1088 912 enim
1107 893 1156 912 vox
1175 886 1230 917 illa,
1245 895 1336 921 usque,
1351 888 1558 915 dctertninatum
1583 892 1697 922 tempus,

912 932 958 957 sed
983 931 1116 958 inﬁnitum
1139 932 1227 965 potius
1244 932 1300 967 (8‘2)
1322 934 1537 968 comprehendit.
1563 934 1697 961 Comm-ta

911 982 1001 1003 autem
1017 983 1057 1004 est
1073 977 1131 1004 lucc
1154 978 1178 1004 itt
1204 986 1280 1005 sacra
1299 978 1439 1013 Scriptura
1456 979 1565 1007 locutio.
1579 978 1645 1006 Nam
1666 980 1698 1007 de

911 1030 1003 1055 rorvo,
1021 1024 1065 1057 qui
1082 1024 1180 1051 missus
1197 1032 1210 1050 a
1234 1024 1289 1050 Noe
1312 1024 1410 1057 fuerat,
1431 1029 1460 1051 ut
1477 1025 1590 1058 videret,
1607 1026 1627 1052 si
1641 1025 1698 1061 jam

911 1074 1065 1096 cessassent
1080 1077 1156 1103 aqua:
1170 1076 1251 1103 super
1268 1075 1367 1096 terram
1383 1070 1416 1102 ",
1433 1078 1463 1097 ea
1487 1078 1534 1097 usa
1553 1075 1610 1104 est;
1625 1075 1652 1097 ct
1667 1071 1698 1098 de

912 1119 1005 1142 ι-ιιηυιο
1020 1122 1120 1149 sponso
1133 1114 1243 1149 Josepb,
1257 1116 1329 1150 qttod
1344 1123 1397 1142 non
1410 1116 1536 1151 cognovit
1548 1116 1696 1150 Virginem,

912 1162 996 1187 donec
1017 1161 1120 1195 peperit
1133 1160 1229 1188 Filium
1254 1169 1332 1189 suum
1351 1162 1557 1197 primogenitum
1572 1163 1594 1178 ³⁸
1608 1172 1615 1190 :
1630 1163 1697 1190 etin

911 1206 1016 1241 psalmo
1031 1205 1165 1242 Propheta
1183 1206 1223 1234 sic
1237 1207 1274 1234 ait
1289 1215 1296 1234 :
1317 1215 1327 1232 ι
1348 1207 1415 1235 Dixit
1440 1207 1566 1235 Dominus
1586 1208 1698 1235 Dotniuo

911 1261 982 1286 meo,
1007 1253 1076 1281 Sede
1091 1261 1106 1280 ιι
1126 1253 1228 1281 dextris
1244 1254 1323 1287 meis,
1345 1255 1429 1282 donec
1453 1262 1549 1290 ponam
1575 1255 1699 1282 inimicos

912 1305 972 1327 tuos
988 1300 1134 1327 scabellum
1151 1301 1246 1335 pedum
1265 1306 1372 1328 tttorum
1386 1301 1420 1329 ".
1439 1310 1449 1327 ι
1473 1301 1598 1329 Coasona
1617 1302 1696 1329 etiam

912 1345 954 1372 his
975 1345 1119 1380 Apostolus
1145 1345 1264 1378 loquitur
1288 1354 1295 1372 :
1322 1354 1331 1372 ι
1358 1345 1469 1380 Oportet
1492 1353 1552 1372 eutn
1575 1353 1697 1381 regnare.

911 1391 997 1418 donec
1013 1395 1097 1425 ponat
1124 1391 1247 1418 inimicos
1269 1391 1329 1426 ejus
1353 1392 1404 1419 sub
1424 1391 1538 1426 pedibus
1560 1391 1617 1426 cjus
1632 1392 1666 1424 ³⁷,
1686 1401 1696 1417 ι

912 1444 991 1472 atque
1013 1438 1039 1465 in
1064 1438 1105 1464 his
1128 1438 1253 1465 omnibus
1277 1437 1346 1465 locis
1372 1437 1502 1472 particula
1517 1436 1580 1469 ἕως,
1606 1437 1698 1471 donec,

67 1483 118 1508 καὶ
138 1482 235 1508 ἀίδιον.
250 1480 359 1516 Ταύτην
380 1479 426 1507 οὖν
452 1481 500 1517 τὴν
523 1482 663 1517 μακαρίαν
687 1483 854 1518 ἀντεπαγγε-

915 1483 1135 1519 signiﬁcationem
1160 1484 1240 1511 habet
1264 1483 1361 1510 inﬁniti
1385 1487 1414 1510 et
1444 1483 1536 1510 aeterni
1558 1483 1697 1518 temporis.

65 1527 131 1553 λίαν
147 1527 195 1553 καὶ
208 1527 289 1561 ἡμεῖς
301 1526 408 1561 ἔχοντες
421 1526 531 1561 βέϐαιον
551 1527 646 1555 ἐλπίδα.
662 1529 710 1555 καί
721 1529 856 1565 ἄγκυραν,

67 1573 241 1608 πιστεύομεν
255 1573 425 1604 ἁδιστὰκτως
440 1573 477 1605 ὡς
492 1573 616 1600 σύνεστιν
634 1574 647 1599 ὁ
661 1575 778 1609 Χριστὸς
802 1577 859 1608 τοῖς

66 1621 110 1652 εὶς
140 1620 223 1646 αὐτὸν
255 1619 464 1652 πεπιστευκόσι,
495 1620 542 1646 καὶ
570 1621 627 1651 τοῖς
656 1620 739 1658 αὑτοῦ
768 1620 858 1655 λόγοις

65 1667 216 1702 ἀραρότως
231 1666 393 1702 ἐμμένουσι,
411 1665 504 1701 τηρῶν
519 1666 617 1698 αὐτοὺς
636 1666 795 1702 ἁλωὸήτους
809 1669 859 1703 τῆς

67 1712 220 1747 ἐπιϐουλῆς
231 1713 277 1739 καὶ
293 1712 392 1743 κακίας
408 1711 455 1738 τοῦ
466 1712 598 1748 πονηροῦ,
610 1713 657 1739 καὶ
671 1712 858 1749 κληρονόμους

66 1759 211 1785 καθιστῶν
224 1759 279 1785 τῶν
294 1757 410 1785 αἰωνίων
424 1758 538 1792 ἀγαθῶν
555 1766 562 1774 ”
580 1755 617 1785 ὧν
634 1758 741 1793 γένοιτο
754 1760 858 1791 πάντας

67 1807 146 1840 ἡμᾶς
162 1805 311 1840 ἐπιτυχεῖν,
330 1805 359 1830 ὲν
371 1804 482 1840 Χριστῷ
500 1804 588 1840 Ἰησοῦ
602 1805 641 1838 τῷ
654 1806 749 1841 Κυρίῳ
760 1806 840 1842 ἡμῶν
850 1815 856 1822 ·

68 1852 134 1886 μεθ’
162 1848 193 1878 οὗ
221 1851 260 1886 τῷ
286 1850 375 1885 Ila-cpi.
399 1852 447 1878 καὶ
469 1850 508 1887 τῷ
534 1852 605 1887 ἁγίῳ
630 1852 771 1887 Πνεύματι
795 1853 858 1886 δόξα

65 1899 110 1930 εἰς
123 1898 189 1929 τοὺς
199 1898 311 1930 αἰῶνας.
335 1899 432 1935 Ἀμήν.

366 1986 486 2013 υΜΙΛῘᾹ
499 1985 565 2014 ΚΘ’.

256 2032 308 2066 Εἰς
323 2033 356 2060 τὸ
371 2032 513 2066 δεύτερον
532 2033 681 2060 Έωθινόν.

104 2078 213 2113 Τέρπει
230 2079 281 2113 μὲν
292 2079 341 2110 τὰς
358 2078 434 2113 ὄψεις
446 2079 564 2114 ἀνίσχων
576 2079 626 2113 τῆς
641 2078 713 2114 ἐῲας
734 2080 749 2106 ὁ
770 2079 857 2114 ἥλιος,

66 2124 120 2150 καὶ
132 2123 184 2158 τῆς
198 2124 251 2158 γῆς
265 2124 295 2150 τὸ
310 2123 657 2160 πρόσωπονικαταγλαΐζων
671 2125 727 2156 τοῖς
741 2125 858 2161 σελαγή-

913 1530 988 1557 llauc
1001 1529 1081 1565 igitur
1093 1529 1197 1557 beatam
1212 1529 1432 1563 pollicitationem
1445 1534 1471 1555 et
1484 1536 1534 1555 nos
1550 1534 1578 1556 ut
1595 1528 1699 1556 ﬁrmar-

913 1584 987 1611 srcm
1001 1581 1028 1604 et
1043 1576 1188 1604 attchoram
1208 1580 1343 1608 tenentes.
1357 1575 1439 1610 219
1453 1575 1511 1602 sine
1525 1574 1577 1602 ulla
1592 1574 1699 1602 dubita-

914 1623 986 1649 tione
1008 1622 1146 1649 credimus
1169 1621 1305 1648 Christum
1330 1621 1426 1648 adesse
1445 1620 1582 1654 omnibus,
1607 1621 1652 1656 qui
1672 1621 1699 1648 in

913 1668 1000 1704 ipsum
1017 1669 1144 1700 credunt,
1158 1672 1186 1695 et
1201 1668 1228 1694 in
1248 1674 1374 1695 sermone
1387 1667 1446 1702 ejus
1467 1672 1624 1695 constanter
1640 1675 1699 1694 ma-

913 1719 978 1742 ncnt
993 1724 999 1741 :
1016 1721 1115 1749 eosque
1128 1715 1230 1741 servari
1245 1721 1292 1749 per
1309 1714 1394 1748 ipsum
1412 1713 1560 1741 incolumes
1579 1713 1614 1741 ab
1627 1713 1700 1742 iusi-

913 1760 974 1792 diis,
991 1766 1016 1788 et
1028 1765 1088 1787 astu
1103 1760 1277 1791 veteratoris.
1291 1764 1317 1787 et
1333 1759 1456 1787 haeredes
1476 1759 1603 1787 constitui
1619 1763 1699 1787 reter-

913 1813 1008 1833 nornm
1026 1805 1169 1836 bonorum,
1184 1811 1243 1839 qure
1261 1804 1363 1832 utinam
1380 1811 1429 1832 nos
1443 1811 1537 1832 omnes
1552 1811 1701 1840 consequa-

912 1859 974 1878 mur
988 1851 1013 1877 itt
1026 1849 1135 1877 Christo
1146 1848 1209 1878 Jesu
1227 1849 1339 1877 Domino
1355 1855 1458 1884 nostro,
1475 1858 1536 1878 cum
1553 1858 1608 1886 quo
1625 1850 1699 1878 Patri

912 1903 939 1925 et
955 1896 1067 1932 Spiritui
1085 1900 1179 1924 sancto
1195 1899 1237 1923 est
1253 1896 1337 1931 gloria
1360 1896 1387 1922 in
1412 1897 1510 1924 saecula
1528 1897 1698 1925 saeculorum.

911 1945 1006 1973 Amen.

1176 1987 1316 2016 HOMILIA
1337 1987 1433 2015 XXIX.

1108 2034 1141 2062 In
1165 2033 1309 2062 secundum
1331 2033 1502 2060 Matutinum.

949 2079 1068 2108 Delectat
1088 2078 1182 2106 oculos
1197 2085 1263 2105 sane
1277 2077 1328 2109 sol,
1343 2085 1403 2104 cum
1419 2077 1453 2105 ab
1468 2083 1529 2105 ortu
1553 2085 1613 2106 sese
1635 2078 1699 2107 επο-

912 2133 976 2154 rens
990 2125 1086 2153 facient
1102 2129 1181 2152 terrae
1195 2131 1245 2151 suo
1258 2123 1399 2159 splendore
1414 2123 1569 2159 collustrat;
1583 2124 1699 2153 laetiﬁcat

106 2182 131 2198 ³³
146 2181 205 2209 Jac.
221 2189 252 2214 tt,
273 2181 319 2208 ΞΟ.
356 2181 379 2197 ’δ
395 2181 462 2209 Gen.
479 2189 539 2215 vttt,
551 2181 579 2208 7.
618 2181 640 2197 "
661 2181 756 2210 Matth.
776 2188 796 2216 ι,
810 2184 854 2211 25.

915 2185 917 2199 ‘*
931 2184 1002 2212 Psal.
1017 2191 1071 2216 ctx,
1085 2183 1113 2218 2,
1129 2183 1156 2210 '5.
1195 2183 1216 2199 "
1230 2182 1241 2210 l
1255 2181 1318 2210 Cor.
1336 2189 1374 2215 Vl,
1392 2181 1436 2210 15,

692 2238 853 2270 Francisci
871 2239 975 2270 Scorsi
999 2241 1093 2269 noue.

109 2290 169 2326 (82)
190 2288 241 2316 Sea
255 2289 386 2323 inﬁnitum
416 2289 512 2323 potius.
533 2288 730 2326 Receptissima
748 2283 864 2326 est‘brec
879 2292 902 2322 υ
916 2298 968 2317 non
987 2289 1125 2324 peperisse
1134 2296 1266 2326 unquam,
1281 2292 1605 2326 antequam_moreret_ur,
1624 2294 1697 2325 quod

68 2323 221 2360 explicatio
251 2326 321 2358 apud
345 2331 441 2360 ortines
456 2332 596 2360 sacrarunt
610 2323 613 2324 ⁷
628 2323 794 2360 Litterarum
809 2325 860 2360 iiu-

67 2358 219 2395 terpretes.
234 2367 280 2393 qui
296 2367 376 2386 voces
390 2358 497 2386 Graecas
515 2359 579 2395 ἕως.
596 2364 623 2386 ct
648 2359 740 2394 ἄχρις.
763 2365 790 2386 et
809 2359 878 2386 La-‘

70 2394 146 2422 tiuas
176 2396 257 2420 donec
285 2400 311 2421 et
336 2402 427 2429 usque.
440 2395 465 2421 in
483 2394 577 2422 relatis
593 2395 626 2422 ab
642 2400 861 2422 auctore’noslro

68 2431 152 2462 locis,
171 2434 198 2457 et
219 2429 279 2456 aliis
300 2437 368 2463 qttos
400 2430 445 2456 alii
471 2433 575 2460 notant.
605 2437 658 2457 tton
693 2429 860 2456 determina-

69 2472 128 2492 tam
151 2464 253 2491 habere
267 2465 396 2498 temporis
409 2464 647 2499 signiﬁcationem,
666 2472 753 2499 neque
763 2471 863 2499 negare

68 2503 242 2534 subsequens
266 2507 345 2525 omtte
361 2503 467 2532 tempus
494 2499 609 2532 docent;
631 2499 677 2526 sed
696 2505 724 2525 ut
744 2500 864 2526 breviter

69 2542 98 2562 et
127 2538 224 2570 argute
238 2534 382 2561 Mal-quat.
413 2541 527 2570 noster,
555 2534 706 2570 signiﬁcare
734 2534 759 2561 id
789 2534 860 2570 quod

68 2577 114 2598 cst
139 2568 265 2602 dubium,
279 2573 370 2596 tacere
385 2568 456 2603 quod
472 2575 515 2596 est
529 2568 643 2597 certum.
656 2569 722 2596 Nam
742 2574 771 2596 ut
787 2569 860 2596 aliud

69 2611 208 2640 praeterea
233 2605 410 2638 adjungatuns
435 2604 587 2639 exemplum
615 2605 648 2632 iis
661 2612 722 2639 qua:
734 2604 857 2638 'l'heoph.

71 2639 118 2667 hic
146 2639 267 2671 adducit,
290 2640 371 2673 huius
404 2640 536 2666 doctrinae
559 2639 750 2667 conﬁrmandae
764 2646 856 2671 causa;

70 2683 132 2710 qua:
149 2682 200 2701 non
228 2674 305 2708 parvi
332 2674 460 2710 momenti
484 2680 537 2706 est,
552 2677 586 2701 ad
609 2680 712 2710 rectum
732 2676 854 2701 locorum

71 2709 161 2737 Sacra-3
174 2710 321 2742 Scriptum
350 2709 526 2740 intellectum,
544 2717 604 2736 cum
622 2709 642 2736 ll
660 2709 727 2743 Reg.
743 2716 802 2743 cap.
816 2716 852 2742 vt,

72 2746 184 2772 dicitur:
200 2743 298 2770 illic/ml
320 2744 385 2778 filia:
403 2744 471 2771 Saul
483 2753 533 2770 non
545 2748 583 2770 est
595 2751 672 2771 natus
687 2744 759 2778 ﬁlius
771 2752 853 2778 usque

71 2781 180 2806 indtem
204 2780 296 2805 morm
320 2788 384 2810 sure.
406 2788 459 2805 non
474 2780 609 2813 signiﬁcat
628 2787 687 2806 eam
709 2783 767 2813 post
781 2787 852 2806 tuor-

72 2822 126 2843 tetu
149 2816 299 2850 peperisse,
314 2817 347 2841 de
363 2822 416 2849 quo
442 2815 557 2841 dubitari
583 2822 636 2841 non
666 2819 781 2849 poterat,
806 2813 852 2842 sed

235 2861 371 2893 PATROL.
394 2862 454 2893 GR.
480 2861 611 2892 CXXXII

915 2323 1146 2352 erat’incertutu.
1174 2325 1253 2350 Hunc
1282 2323 1408 2352 eumdem
1426 2324 1514 2351 locum
1534 2323 1612 2352 aﬁ‘ert
1627 2323 1697 2353 Cor-

915 2360 1004 2387 nelius
1022 2359 1048 2386 in
1068 2366 1127 2393 cap.
1144 2367 1150 2386 ι
1179 2358 1287 2396 M_atlh._
1301 2359 1371 2386 idem
1390 2366 1529 2396 asserens.
1556 2359 1603 2396 Vlup
1620 2361 1697 2396 hujus

915 2399 1140 2428 postremaiuotae
1167 2393 1242 2420 calce
1256 2394 1366 2421 adverto
1390 2393 1485 2421 harum
1508 2394 1632 2422 undecim
1646 2393 1698 2424 ho-

915 2429 1052 2456 miliarum
1079 2428 1207 2456 habuisse
1231 2436 1274 2455 tne
1291 2428 1345 2455 dno
1372 2429 1548 2463 exemplaria,
1577 2438 1692 2464 quorum

916 2464 1031 2492 alterum
1058 2464 1250 2498 transcriptum
1268 2471 1300 2490 ex
1319 2464 1432 2498 antiquo
1445 2464 1591 2498 exemplari
1605 2464 1698 2493 Itonia:

916 2499 948 2526 P.
971 2499 1062 2526 Jacobi
1091 2498 1228 2525 Sirmundi
1251 2506 1343 2534 manu,
1374 2503 1401 2524 et
1431 2498 1540 2534 quidem
1559 2499 1695 2534 integrqu

913 2535 1038 2568 omnibus
1052 2534 1109 2561 suis
1134 2534 1268 2568 partibus,
1285 2533 1401 2560 alterum
1418 2539 1448 2560 ex
1465 2532 1577 2561 Sicilia:
1601 2532 1647 2562 sed
1663 2536 1696 2562 ab

913 2570 1007 2605 eodem
1028 2567 1063 2605 Ρ,
1078 2568 1225 2605 Sirtuundo
1247 2568 1427 2605 recognitum2
1438 2573 1475 2605 et
1490 2568 1619 2596 collatum
1635 2577 1701 2605 cunt‘

911 2604 957 2631 illo
979 2603 1076 2635 veteri,
1102 2606 1129 2629 et
1153 2602 1187 2630 ad
1212 2604 1361 2637 marginem
1393 2603 1492 2630 additis
1519 2608 1546 2630 et
1565 2604 1696 2632 correctis

909 2639 943 2666 iis
958 2645 1018 2672 quae
1041 2639 1153 2665 deerant
1177 2637 1360 2673 integratum;
1381 2644 1467 2671 quare
1486 2646 1538 2666 non
1552 2646 1621 2673 optts
1645 2638 1701 2666 ha-i

909 2674 955 2701 btti
988 2673 1031 2700 hic
1052 2673 1077 2699 itt
1097 2673 1138 2699 his
1154 2673 1224 2700 notis
1249 2672 1373 2698 uttdecim
1398 2672 1578 2700 humiliarqu
1601 2674 1692 2701 varias

908 2714 1003 2736 notare
1033 2708 1162 2735 lectiones
1178 2727 1186 2739 ,
1216 2715 1276 2734 cuttt
1309 2707 1396 2734 nullas
1417 2714 1467 2742 ego
1490 2716 1548 2736 mea
1575 2710 1696 2735 animati-

908 2745 1034 2771 versione
1069 2750 1101 2770 cx
1132 2742 1192 2770 aliis
1223 2742 1425 2776 exemplaribus
1465 2748 1561 2771 notare
1597 2750 1693 2778 potue-

909 2786 972 2806 l‘llll-

1462 2857 1498 2888 20
