1896 3051
74 97 125 130 617

743 96 905 128 ΗΟΜΙΙᾸΑ
927 97 1036 127 XXIX.

1646 97 1696 129 818

75 155 163 188 Ὀπερ
178 153 254 180 ἐστὶν
269 154 285 189 ἡ
299 153 353 181 τῶν
368 153 512 189 δογμάτων
526 152 680 188 βεὸαίωσις.
698 152 770 179 Ἀλλ’
785 153 855 178 ἐπει-

917 161 924 176 ι
947 151 1118 185 Buptizautes
1143 157 1190 178 eos
1218 150 1245 177 in
1271 150 1381 178 nomine
1406 150 1504 185 Patris,
1523 157 1550 179 et
1573 152 1644 186 Filii,
1670 159 1698 182 et

73 200 116 236 δὴ,
125 199 197 226 κατὰ
207 199 253 226 τὸν
265 200 338 234 ἱερὸν
352 199 524 233 ἀδελφόθεον,
555 208 564 225 ι
576 200 592 234 ὴ
613 199 704 228 πίστις
722 197 806 232 χωρὶς
818 197 863 231 ἕρ-

74 254 129 280 γων
144 245 230 281 νεκρά
242 246 310 278 ἐστι,
329 254 339 271 ι
358 245 482 280 βούλεται
493 245 538 271 τὸν
555 243 758 280 μαθητευοέντα
771 242 803 269 τὰ
813 243 863 277 τῆς

76 292 195 323 πίστεως
208 292 343 326 ίόγματα,
364 291 412 318 καὶ
428 291 607 318 τελειωθέντα
624 291 657 326 τῇ
681 289 862 324 ἀναγεννήσει

73 339 121 366 τοῦ
140 338 214 365 θείου
229 337 657 374 βαπτίσματος,ὲποικοδομῆσαι
670 337 716 363 καὶ
738 336 772 363 τὰ
794 336 862 371 ἔργα

73 382 125 416 τῆς
139 382 271 413 πίστεως·
291 382 341 408 οὐκ
356 383 389 408 ὲκ
407 382 518 417 μέρους,
533 382 592 408 ἀλλ’
604 381 723 414 ἅπαντα,
741 381 790 408 ὅσα
807 382 862 412 ταῖς

76 428 215 464 μαθηταῖς
230 429 244 455 ὁ
260 427 356 464 Σωτὴρ
367 428 529 456 ἐνετείλατο.

112 525 122 542 ‹
136 516 192 542 Καὶ
219 515 273 542 ίδοὺ
290 515 346 549 ἐγὼ
367 515 427 551 μεθ’
444 515 521 550 ὑμῶν
538 515 596 551 είμι
623 515 714 547 πάσας
728 516 778 547 τὰς
794 515 862 551 ἠμὲ-

77 569 139 596 ρας,
162 561 215 592 ἕως
237 561 287 595 τῆς
305 560 462 592 συντελείας
486 561 533 587 τοῦ
562 560 671 592 αἰῶνος.
691 561 789 596 Ἀμήν.
803 570 812 586 ι
832 561 863 587 Ὢ

74 607 206 641 γλυκείας
222 606 401 640 ἐπαγγελίας,
415 606 437 632 ὦ
453 606 616 641 θαυμαστῆς
632 606 861 643 ὐποσχέσεως,ἢν

74 654 87 679 ὁ
100 652 241 688 Δεσπότης
258 652 337 688 ἡμῶν
353 652 548 687 ἐπηγγείλατο,
570 652 688 684 αίωνίως
701 654 756 684 τοῖς
771 653 861 686 ἁγίοις

73 698 254 725 συνέσεσθαιί
270 699 326 725 Καὶ
337 699 367 725 οὐ
383 691 468 734 δήποιυ
484 698 573 733 φαμὲν
589 698 626 730 ὼς
641 698 722 734 μέχρι
733 699 782 734 τῆς
799 707 863 725 συν-

72 745 183 777 τελείας
195 745 242 772 τοῦ
270 745 368 778 αἰῶνος
386 745 513 771 συνέσται
529 745 633 777 αὐτοῖς,
647 742 706 771 εἷτα
721 744 862 781 διακριθή-

73 800 171 818 σεται·
191 791 228 827 μὴ
243 791 316 818 οὕτω
333 791 585 826 κατολισοήσαιμεν
608 791 676 826 πρὸς
697 790 779 817 τοῦτο
800 799 862 818 κου-

72 838 190 873 φότητος
205 837 339 873 λογισμῷ,
356 837 394 869 ὡς
410 837 473 872 τῇδε
489 836 593 871 νοῆσαι,
609 836 626 871 ἢ
643 835 860 870 φθέγξασθαι.οὑ

71 885 128 919 γὰρ
145 884 270 919 χρονικδν
283 883 323 917 τὸ,
338 883 404 916 ἕως,
420 883 620 919 παρείληπται,
646 882 703 909 ἀλλ’
717 883 844 918 ἀόριστον
854 891 860 898 ·

73 931 222 965 τέθριπται
235 930 264 957 δὲ
283 931 312 956 ὲν
327 931 361 966 τῇ
376 929 436 965 θείᾳ
452 930 546 966 Γραφῇ
564 931 579 965 ὴ
595 929 707 965 τοιαύτη
723 929 771 956 τοῦ
783 929 862 963 λόγου

73 976 218 1012 συνήθεια.
248 976 316 1011 Περὶ
336 976 385 1010 μὲν
411 975 459 1002 τοῦ
492 975 637 1006 σταλέντος
659 975 776 1011 κόρακος
810 975 862 1001 ὑπὸ

73 1022 136 1048 Νῶε
155 1021 219 1047 ίδεῖν
234 1021 259 1047 εί
278 1021 415 1047 κεκόπακε
437 1021 467 1046 τὺ
484 1020 557 1054 ὓδωρ
579 1019 633 1046 ἀπὸ
649 1019 698 1054 τῆς
709 1020 761 1055 γῆς
773 1028 781 1036 ”
798 1021 862 1055 περὶ

71 1067 100 1093 δὲ
116 1066 166 1093 τοῦ
184 1066 263 1099 ἁγίου
291 1067 443 1101 μνήστορος
475 1065 586 1100 Ἰωσὴφ,
618 1065 658 1091 ὅτι
684 1066 733 1091 οὐκ
759 1064 861 1099 ἔγνωκε

71 1113 122 1147 τὴν
151 1112 300 1147 Παρθένον,
324 1111 376 1143 ἕως
395 1107 426 1138 οὗ
452 1110 529 1137 ἔτεκε
553 1111 598 1137 τὸν
626 1111 685 1137 υἱὸν
712 1111 798 1146 αὐτῆς
815 1111 860 1136 τὸν

70 1157 265 1193 πρωτότοκον·
290 1157 338 1182 καὶ
361 1157 375 1182 ὁ
402 1156 571 1191 προφητικδς
595 1155 623 1182 δὲ
645 1155 759 1190 Ψαλμδς
788 1156 860 1182 οὕτω

72 1204 156 1239 φησίν
168 1213 174 1218 -
193 1213 202 1230 ι
218 1202 301 1229 Εἶπεν
313 1203 327 1229 ὁ
343 1202 445 1238 Κύριος
459 1202 498 1236 τῷ
514 1201 609 1237 Κυρίῳ
634 1211 685 1237 μου
699 1210 705 1216 ”
725 1202 817 1229 Κάθου
831 1203 862 1229 ὲκ

70 1249 170 1282 δεξιῶν
186 1257 249 1283 μου,
265 1248 318 1279 ἓως
334 1248 367 1274 ἂν
383 1247 421 1273 θῶ
437 1247 501 1278 τοὺς
520 1247 635 1282 ἐχθρούς
657 1255 704 1274 σου
717 1247 862 1274 ὑποπόδιον

70 1295 128 1320 τῶν
146 1294 235 1320 ποδῶν
251 1302 308 1320 σου.
325 1303 334 1318 ι
348 1293 457 1327 Συνῳδὰ
468 1292 496 1319 δὲ
511 1293 599 1328 τούτῳ
611 1293 658 1319 καὶ
671 1294 685 1320 ὸ
700 1293 863 1325 Ἀπίστολος

71 1339 242 1375 φθέγγεται·
264 1349 273 1365 ι
288 1340 335 1365 Δεῖ
350 1339 405 1373 γὰρ
420 1338 502 1365 αὑτὸν
517 1338 671 1373 βασιλεύειν
687 1339 765 1375 ἄχρις
782 1337 813 1368 οὗ
829 1339 862 1367 ἃν

71 1387 105 1421 Θῇ
125 1387 188 1416 τοις
209 1385 323 1420 ἐχθροὺς
339 1384 422 1411 αὺτοῦ
438 1385 490 1411 ὑπὸ
502 1386 565 1417 τοὺς
580 1385 663 1416 πόδας
685 1386 781 1419 αὑτοῦ,
796 1396 805 1412 ι
832 1388 862 1413 ἐν

70 1432 181 1462 τούτοις
200 1432 268 1457 πᾶσι
290 1431 349 1461 τοῦ,
365 1430 432 1463 ἕως,
450 1431 559 1465 ἔχοντος
579 1431 718 1466 σημασίαν
732 1433 858 1468 ἀόριστον

916 197 1034 231 Spiritus
1048 196 1145 224 sancti.
1165 206 1175 222 ι
1188 195 1264 230 Quod
1278 203 1344 223 sane
1359 196 1512 231 dogtnatum
1527 198 1698 227 contlrmatio

915 247 966 269 cst.
985 242 1037 269 Se.l
1053 242 1190 276 quoniam,
1207 246 1235 268 ut
1251 246 1361 269 sanctus
1378 241 1482 269 Domini
1502 241 1585 270 frater
1607 245 1674 272 dixit
1690 255 1697 272 ε

917 297 926 313 (
946 287 1025 315 Fides
1041 288 1100 315 sitte
1125 287 1249 322 operibus
1274 291 1378 314 mortua
1404 292 1445 315 est
1460 288 1493 320 ³³,
1517 297 1526 313 ι
1546 288 1601 316 vult
1625 298 1697 325 eum,

914 333 960 368 qtti
977 333 1036 360 fidei
1053 333 1187 368 dogmatis
1211 333 1350 362 institutus
1369 334 1425 368 jam
1441 340 1491 367 est,
1509 340 1536 363 et
1560 343 1607 369 per
1622 344 1697 371 rege-

915 378 1081 406 nerationem
1105 378 1190 406 sancti
1219 379 1389 414 baptismatis
1413 381 1612 414 Sanctiﬁcatus,
1638 382 1699 410 tidei

914 431 994 457 opera
1007 423 1117 459 insuper
1126 424 1276 458 aediﬁcare;
1289 431 1338 452 nec
1354 432 1384 452 ea
1398 432 1431 453 ex
1447 431 1534 460 parte,
1548 428 1594 454 sed
1609 428 1700 455 omnia

913 476 1080 504 quaecunque
1092 469 1231 504 discipulis
1250 470 1376 503 Dominus
1392 472 1530 506 praecepit.

951 524 961 540 ‹
980 515 1013 542 Ει
1034 523 1097 542 ecce
1123 522 1174 550 ego
1198 516 1337 544 vobiscum
1362 523 1423 543 sum
1447 518 1572 544 omnibus
1594 517 1699 550 dit-bus,

914 567 999 594 usque
1024 561 1058 587 ad
1080 562 1339 588 consummationem
1361 561 1463 589 smculi.
1478 563 1573 589 Amen.
1594 572 1603 588 ι
1621 563 1700 598 Oju-

916 606 1031 632 cundum
1058 606 1198 633 nuntium!
1225 614 1241 633 ο
1266 607 1451 634 admirabilem
1478 608 1696 642 promissionem!

915 660 966 686 qua
984 651 1111 678 Dominus
1127 658 1218 679 uoster
1233 659 1293 679 cum
1311 653 1413 680 sanctis
1428 660 1456 680 se
1472 653 1591 681 futurum
1606 662 1698 690 perpe-

915 701 960 724 tuo
984 698 1118 732 promisit.
1139 697 1195 725 Nec
1212 705 1278 726 sane
1301 699 1415 726 dicimus
1430 699 1465 726 ita
1483 707 1543 727 eum
1561 708 1645 735 usque
1666 701 1700 728 ad

912 743 1171 770 consummationem
1183 743 1273 771 saeculi
1290 751 1349 771 cum
1361 744 1428 778 ipsis
1443 744 1575 778 futurum,
1585 751 1614 773 ut
1625 750 1700 781 post-

913 794 944 814 ea
969 788 1151 823 disjungatur;
1175 797 1226 816 non
1250 789 1275 816 in
1297 797 1356 817 eam
1372 790 1470 818 mentis
1486 791 1622 818 levitatem
1639 799 1700 826 pro-

877 820 898 848 Β
915 834 982 867 lapsi
1003 842 1105 867 sumus,
1125 839 1152 861 ut
1177 835 1226 862 hoc
1252 835 1292 862 vel
1319 837 1476 868 sentiamus,
1501 837 1542 863 vel
1567 837 1699 865 diutinus.

914 879 1004 913 b‘eque
1019 880 1090 906 enim
1109 887 1158 907 νοις
1177 880 1231 912 illa,
1246 889 1338 916 usque,
1353 882 1560 909 determinatum
1585 887 1699 917 tempus,

914 927 960 952 sed
985 926 1118 952 infinitum
1141 927 1229 960 potius
1246 927 1302 962 (82)
1324 928 1539 962 comprehendit.
1566 928 1699 956 Consucta

914 976 1003 998 autem
1019 977 1059 999 est
1075 972 1133 999 htec
1155 973 1180 999 in
1206 980 1282 1000 sacra
1301 973 1442 1008 Scriptura
1458 973 1567 1001 locutio.
1581 973 1647 1002 Nam
1668 975 1700 1002 de

914 1025 1006 1049 corvo,
1023 1018 1067 1052 qui
1084 1018 1182 1045 missus
1199 1026 1212 1044 a
1235 1018 1291 1045 Noe
1314 1019 1412 1052 fuerat,
1433 1024 1462 1046 ut
1479 1019 1592 1052 videret,
1609 1021 1629 1047 si
1643 1020 1700 1056 jam

914 1069 1067 1090 cessassent
1082 1071 1158 1098 aqua:
1173 1071 1253 1098 super
1270 1069 1369 1091 terram
1386 1064 1418 1096 “,
1435 1073 1465 1091 ea
1490 1072 1536 1091 usa
1555 1069 1611 1098 est;
1627 1070 1654 1092 ct
1669 1066 1700 1093 de

915 1114 1007 1136 sancto
1022 1117 1122 1144 sponso
1135 1109 1246 1144 Joseph,
1259 1111 1331 1144 quod
1347 1118 1399 1137 non
1412 1111 1538 1146 cognovit
1551 1111 1698 1145 Virginem,

914 1158 998 1182 donec
1020 1156 1122 1190 peperit
1135 1155 1232 1182 Filium
1256 1164 1333 1183 suum
1353 1157 1559 1192 primogenitum
1575 1158 1596 1173 "
1611 1166 1617 1185 :
1632 1162 1659 1185 et
1673 1158 1699 1184 in

914 1201 1019 1236 psalmo
1033 1200 1168 1236 Propheta
1185 1201 1225 1229 sic
1239 1202 1276 1229 ait
1291 1209 1298 1228 :
1320 1210 1329 1227 ι
1350 1202 1417 1229 Dixit
1442 1202 1568 1230 Dominus
1588 1202 1700 1229 Domino

914 1255 985 1280 tneo,
1009 1247 1079 1275 Sede
1094 1256 1109 1275 a
1128 1248 1230 1276 dextris
1247 1249 1325 1281 meis,
1347 1249 1431 1276 donec
1455 1257 1551 1284 ponam
1577 1250 1701 1277 inimicos

914 1299 975 1322 tuos
991 1294 1136 1322 scabellum
1153 1296 1249 1330 pedum
1267 1301 1373 1322 tuorum
1388 1295 1421 1323 ".
1441 1304 1451 1321 ι
1475 1295 1600 1323 Cousona
1620 1296 1698 1323 etiam

915 1340 956 1367 ΙιίΒ
977 1340 1122 1374 Apostolus
1147 1340 1265 1372 loquitur
1290 1349 1297 1367 :
1324 1349 1333 1366 ‹
1360 1339 1471 1375 Oportet
1493 1348 1554 1367 eum
1577 1347 1699 1375 regnare,

913 1386 999 1413 donec
1015 1390 1100 1420 panat
1127 1386 1249 1413 inimicos
1271 1386 1330 1420 ejus
1355 1386 1405 1413 sub
1426 1385 1540 1421 pedibus
1563 1385 1619 1420 ejus
1635 1386 1668 1419 ³⁷,
1688 1395 1697 1412 ι

914 1439 993 1468 atque
1016 1433 1041 1460 in
1066 1433 1108 1459 his
1131 1432 1255 1460 omnibus
1279 1431 1348 1459 locis
1374 1431 1503 1467 particula
1519 1431 1582 1463 ἕως,
1608 1432 1700 1465 donec,

70 1478 121 1503 καὶ
141 1477 237 1503 mm
252 1475 362 1511 Ταύτην
382 1474 429 1502 οὖν
454 1476 502 1512 τὴν
525 1478 665 1512 μακαρίαν
688 1478 855 1513 ἀντεπαγγε-

917 1478 1137 1514 signiﬁcationem
1162 1478 1242 1505 habet
1266 1477 1362 1504 inﬁniti
1386 1482 1416 1505 et
1445 1477 1539 1504 aeterni
1560 1477 1699 1512 temporis.

69 1521 134 1548 λίαν
150 1523 197 1547 καὶ
210 1522 291 1556 ἡμεῖς
303 1521 410 1556 ἔχοντες
424 1521 533 1556 βέὸαιον
553 1523 648 1550 ἐλπίδα
664 1524 711 1550 καὶ
724 1524 858 1560 ἄγκυραν,

71 1568 243 1603 πιστεύομεν
257 1568 426 1599 ἀδιστάκτως
443 1568 479 1599 ὡς
494 1568 618 1595 σύνεστιν
635 1569 649 1594 ὁ
663 1569 780 1604 Χριστὸς
804 1572 860 1603 τοῖς

69 1615 113 1646 είς
142 1615 225 1641 αὑτὸν
257 1613 466 1647 πεπιστευκόσι,
497 1615 544 1640 καὶ
572 1616 629 1646 τοῖς
658 1615 741 1642 αὐτοῦ
769 1615 860 1650 λόγοις

68 1662 218 1696 ἀραρότως
233 1661 394 1696 ἐμμένουσι,
413 1660 506 1696 τηρῶν
521 1661 619 1692 αὐτοὺς
638 1661 797 1696 ἀλωὸἡτους
810 1663 860 1698 τῆς

69 1707 222 1742 ἐπιϐουλῆς
234 1707 279 1733 καὶ
294 1706 394 1738 κακίας
409 1706 457 1732 τοῦ
469 1706 600 1742 πονηροῦ,
612 1708 659 1734 καὶ
673 1707 860 1743 κληρονόμους

69 1754 213 1780 καθιστῶν
226 1753 280 1779 τῶν
296 1752 412 1780 αἰωνίων
427 1753 540 1787 ἀγαθῶν
557 1761 564 1768 ·
581 1750 619 1779 ὦν
636 1753 742 1788 γένοιτο
756 1754 860 1786 πάντας

69 1801 147 1835 ἡμᾶς
163 1799 312 1835 ἐπιτυχεῖν,
332 1799 361 1825 ὲν
373 1799 484 1834 Χριστῷ
502 1799 589 1834 Ἰησοῦ
604 1800 642 1832 τῷ
657 1801 750 1836 Κυρίῳ
762 1801 858 1836 ἡμῶν·

71 1847 135 1881 μεθ’
163 1842 194 1873 οὗ
223 1846 262 1881 τῷ
288 1844 377 1880 Ila-cpi.
401 1847 449 1873 καὶ
471 1845 510 1882 τῷ
536 1847 607 1882 ἁγίῳ
633 1846 772 1882 Πνεύματι
797 1847 860 1880 δόξα

67 1894 112 1925 είς
125 1893 190 1924 τοὺς
201 1893 313 1925 αἰῶνας.
337 1894 434 1930 Ἀμήν,

368 1981 487 2008 υΜΙΛΙᾹ
502 1979 567 2009 ΚΘ’.

258 2027 310 2061 Είς
325 2028 358 2055 τὸ
373 2027 515 2061 δεύτερον
534 2027 683 2055 Ἑωθινόν.

105 2073 214 2108 Τέρπει
232 2073 283 2108 μὲν
294 2074 343 2105 τὰς
360 2073 436 2108 Wst;
448 2074 566 2108 ἀνίσχων
578 2073 628 2108 τῆς
643 2072 715 2109 ἑῴας
737 2075 750 2100 ὁ
771 2073 859 2109 ἥλιος,

68 2119 120 2145 καὶ
132 2118 185 2153 τῆς
199 2119 253 2153 γῆς
267 2119 297 2145 τὸ
312 2118 659 2154 πρόσωπονικαταγλαΐζων
673 2120 729 2150 τοῖς
743 2119 860 2155 σελαγή-

915 1525 990 1552 Hauc
1003 1524 1083 1560 igitttr
1095 1523 1199 1551 beatam
1214 1523 1434 1558 pollicitationem
1447 1529 1472 1550 et
1485 1531 1536 1550 nos
1552 1528 1580 1551 ut
1597 1523 1701 1550 ﬁrmant

914 1579 989 1606 spem
1004 1575 1029 1598 et
1045 1571 1190 1598 anchoratn
1210 1575 1345 1602 tenentes,
1358 1569 1441 1605 219
1455 1569 1513 1597 sine
1527 1569 1579 1597 ulla
1594 1569 1701 1597 dubita-

915 1618 987 1644 tione
1010 1617 1148 1644 credimus
1171 1615 1308 1644 Christum
1331 1615 1427 1643 adesse
1446 1615 1584 1649 omuibus,
1609 1616 1654 1651 qui
1674 1615 1701 1643 in

915 1663 1002 1699 ipsum
1019 1664 1146 1695 credunt,
1160 1667 1188 1690 et
1203 1663 1229 1689 in
1250 1669 1376 1690 sermone
1389 1662 1447 1697 ejus
1469 1666 1626 1690 constanter
1641 1669 1701 1689 ma-

914 1713 980 1736 nent
994 1719 1000 1736 :
1017 1716 1117 1744 eosque
1129 1709 1232 1736 servari
1247 1716 1294 1744 per
1311 1709 1396 1743 ipsum
1414 1708 1562 1736 incolumes
1581 1709 1615 1736 ab
1629 1708 1702 1736 insi-

914 1755 975 1786 diis,
992 1760 1018 1782 et
1030 1759 1089 1781 astu
1105 1755 1279 1786 veteratoris,
1293 1759 1319 1781 et
1335 1754 1457 1782 heredes
1478 1754 1605 1782 constitui
1620 1758 1701 1782 teter-

915 1807 1010 1828 norum
1028 1799 1170 1831 bonorum,
1186 1806 1245 1834 quae
1263 1799 1365 1826 utinam
1382 1807 1431 1827 nos
1445 1806 1539 1827 omnes
1553 1806 1702 1834 consequa-

914 1853 975 1873 mur
990 1846 1015 1872 in
1028 1844 1136 1872 Christo
1147 1843 1211 1872 Iesu
1228 1843 1341 1872 Domino
1357 1849 1460 1879 nostro,
1476 1852 1538 1873 cum
1555 1853 1609 1881 quo
1627 1845 1701 1873 Patri

914 1897 940 1919 et
957 1890 1069 1926 Spiritui
1086 1895 1181 1918 sancto
1197 1895 1239 1918 est
1256 1891 1339 1926 gloria
1362 1891 1388 1918 in
1414 1892 1511 1918 saecula
1530 1892 1700 1920 saeculorum.

912 1939 1008 1967 Amen.

1178 1982 1318 2011 HOMILIA
1339 1982 1435 2010 ΧΧιλ.

1109 2029 1143 2057 In
1168 2028 1311 2057 secundum
1333 2028 1504 2055 Malutinum.

951 2074 1070 2102 Delectat
1090 2073 1184 2101 oculos
1200 2080 1265 2100 sane
1279 2073 1330 2104 sol,
1344 2080 1405 2100 cum
1421 2072 1455 2100 ab
1469 2078 1531 2099 ortu
1555 2080 1615 2101 sese
1637 2073 1701 2102 εἰτο-

914 2128 978 2149 rens
991 2120 1087 2147 facient
1104 2124 1182 2147 terra:
1197 2126 1247 2146 suo
1260 2118 1401 2154 splendore
1415 2118 1571 2154 collustrat;
1584 2119 1701 2148 laetiﬁcat

107 2177 131 2193 "
147 2176 207 2204 Jac.
223 2183 254 2209 ιι,
275 2176 321 2203 20.
358 2175 381 2192 ³³
397 2175 464 2204 Gen.
481 2183 541 2209 vni,
553 2176 580 2203 '.'.
620 2176 642 2192 ³⁸
663 2176 758 2204 Matth.
778 2183 798 2210 ι,
812 2179 855 2206 25.

917 2180 919 2193 ι
933 2178 1003 2206 Psal.
1018 2185 1072 2211 cu,
1087 2177 1115 2212 2,
1131 2178 1158 2205 5.
1197 2177 1218 2194 ³⁷
1232 2177 1243 2204 ι
1257 2176 1320 2205 Cor.
1338 2184 1376 2210 Vl,
1393 2176 1437 2205 15.

693 2233 855 2264 Francisci
873 2233 977 2265 Scorsi
1000 2236 1094 2263 noue.

110 2285 170 2324 (82)
192 2283 243 2324 Sea
257 2284 388 2324 inﬁnitum
418 2284 514 2317 potius.
535 2283 732 2324 Receptissima
750 2279 866 2324 estilttec
880 2286 904 2316 D
918 2292 970 2311 non
988 2283 1126 2324 peperisse
1135 2290 1268 2324 ung_uam,
1283 2286 1606 2324 antequantmoreretnyr,
1625 2289 1699 2324 quod

69 2318 222 2354 explicatio
254 2321 323 2353 apud
347 2326 443 2354 omnes
459 2326 598 2345 sacrarunt
630 2318 795 2346 Litterarum
814 2319 862 2354 rin-

68 2352 221 2390 ter'pretes,
237 2362 282 2387 qui
299 2361 378 2381 voces
392 2352 499 2390 (ἔτερος
517 2353 581 2390 ἕως.
598 2359 625 2381 et
649 2354 741 2389 ἄχρις,
765 2360 792 2381 et
811 2353 863 2380 La-
875 2361 881 2364 ν

70 2388 148 2417 tinas
177 2391 259 2414 donec
287 2394 313 2415 et
338 2397 429 2423 usque,
442 2389 468 2415 in
485 2388 579 2416 relatis
595 2390 628 2416 ab
643 2388 863 2416 auctore'nostro

68 2426 154 2456 locis,
173 2429 200 2450 et
220 2424 280 2450 aliis
302 2431 370 2457 quos
402 2424 448 2450 alii
473 2427 577 2454 notant,
608 2432 660 2451 non
695 2423 862 2451 determina-

70 2467 129 2487 tam
153 2459 254 2486 habere
269 2460 398 2493 temporis
411 2459 649 2493 signiﬁcationem,
668 2466 755 2493 neque
765 2465 865 2494 negare

68 2498 244 2528 subsequens
268 2501 347 2520 omne
363 2497 469 2527 tempus
497 2494 612 2526 docent;
633 2494 679 2520 sed
698 2500 726 2519 ut
746 2494 865 2520 breviter

69 2537 99 2557 et
128 2532 225 2564 argute
240 2529 384 2556 Malttouat.
416 2535 530 2564 uoster,
557 2528 708 2564 significare
735 2528 760 2555 id
791 2529 862 2564 quod

67 2571 115 2593 est
140 2563 267 2596 dubium,
281 2568 372 2591 tacere
387 2563 458 2598 quod
475 2570 517 2591 est
531 2569 645 2591 certum.
658 2563 724 2591 Nam
744 2568 772 2590 ut
789 2563 861 2590 aliud

69 2606 210 2636 praeterea
235 2599 420 2636 adiungamus
437 2599 589 2636 exemplum
617 2599 650 2636 iis
664 2598 859 2636 quat'l‘lteoph.

70 2634 120 2662 hic
148 2634 270 2666 adducit,
292 2634 373 2668 huius
407 2634 538 2661 doctrina:
561 2634 752 2661 confirmandae
765 2641 858 2666 causa,

69 2677 134 2705 qua
151 2677 202 2696 non
231 2669 307 2702 parvi
334 2669 463 2705 momenti
486 2674 539 2700 est,
554 2672 588 2695 ad
611 2674 714 2705 rectum
733 2670 855 2696 locorum

69 2703 163 2732 Sacra:
176 2705 323 2736 Scriptura-
351 2704 528 2735 intellectutn,
546 2711 607 2730 cum
624 2703 644 2730 ll
662 2704 728 2738 Reg.
745 2711 804 2738 cap.
817 2711 853 2736 Vt,

70 2741 185 2767 dicitur:
201 2738 300 2765 Micltol
322 2739 387 2773 ﬁlice
405 2739 473 2765 Saul
485 2747 536 2765 non
547 2743 585 2765 est
598 2745 674 2766 nam:
689 2739 761 2773 ﬁlius
774 2746 854 2773 usque

69 2776 181 2801 inritent
205 2775 298 2800 mortis
321 2782 387 2804 uno,
409 2782 461 2800 ιιυιι
477 2775 611 2808 signillcat
631 2782 689 2801 eain
710 2779 769 2808 post
782 2782 853 2800 ll|0l'-

70 2817 129 2838 teut
151 2810 300 2845 peperisse,
316 2811 349 2835 de
365 2817 418 2843 quo
444 2810 560 2836 dubitari
586 2817 639 2836 non
668 2814 782 2844 poterat,
807 2808 853 2836 sed

236 2856 373 2888 PATBOL.
396 2856 456 2887 Gtt.
483 2856 613 2886 CXXXII

917 2323 977 2346 erat
1004 2319 1147 2345 incertum.
1176 2318 1255 2344 Hunc
1284 2318 1410 2346 eumdem
1427 2318 1515 2346 locum
1535 2318 1614 2347 altert
1629 2318 1698 2348 Cor-

917 2354 1006 2381 nelius
1024 2353 1049 2379 in
1069 2360 1128 2387 cap.
1146 2361 1152 2379 I
1180 2353 1289 2391 M_attb._
1303 2352 1372 2380 idern
1391 2360 1531 2391 asserens.
1557 2353 1605 2391 κιαι.
1621 2356 1698 2391 hujus

917 2393 1060 2423 postrema}
1073 2393 1142 2423 noue
1155 2387 1244 2423 rcalce
1257 2388 1367 2423 adverto
1391 2387 1486 2415 barum
1509 2389 1634 2417 undecim
1648 2387 1699 2419 lio-

917 2422 1054 2450 iniliarutn
1081 2422 1208 2459 habuisse
1233 2430 1276 2449 nte
1293 2422 1347 2449 duo
1371 2423 1549 2459 exemplaria,
1579 2432 1693 2459 quorum

917 2458 1032 2485 alterum
1059 2457 1252 2492 tranSeriptum
1269 2464 1302 2484 ex
1321 2458 1433 2492 antiquo
1446 2457 1593 2492 exemplari
1606 2459 1699 2487 Hutme

917 2492 949 2520 P.
972 2493 1063 2520 Jacobi
1089 2491 1229 2529 ‘Sirtnu'ndi
1253 2500 1345 2529 manu,
1376 2491 1402 2519 et
1432 2491 1542 2529 quidem
1560 2493 1697 2529 integrum

914 2529 1040 2556 Omnibus
1053 2527 1111 2555 suis
1135 2528 1269 2562 partibus,
1287 2527 1402 2554 alterum
1419 2533 1450 2554 ex
1467 2527 1578 2556 Sit-ilia:
1602 2527 1648 2557 sed
1665 2531 1698 2557 ab

914 2564 1008 2599 eodem
1029 2562 1065 2599 P.
1079 2562 1227 2599 Sirmundo
1248 2562 1429 2599 recognitum,
1439 2567 1477 2599 et?
1492 2563 1621 2590 collatunt
1636 2570 1703 2599 cum;

913 2598 958 2626 illo
980 2598 1078 2630 veteri,
1103 2601 1131 2624 et
1155 2597 1189 2625 ad
1214 2598 1362 2631 marginem
1394 2597 1494 2625 additis
1521 2602 1548 2625 et
1567 2599 1698 2626 correctis

911 2633 945 2660 iis
960 2640 1019 2667 quae
1043 2634 1155 2660 deerant
1179 2632 1361 2666 integratum;
1383 2638 1469 2666 quare
1487 2640 1540 2660 non
1554 2640 1623 2667 opus
1647 2633 1703 2660 lta-l

910 2668 957 2695 bni
990 2667 1033 2695 hic
1054 2668 1079 2693 in
1099 2668 1140 2694 bis
1156 2667 1227 2694 notis
1251 2667 1375 2693 undecim
1400 2667 1572 2694 hotniliaruin
1603 2668 1694 2695 varias

910 2709 1005 2730 notare
1034 2702 1164 2729 lectiones
1181 2722 1188 2734 ,
1218 2710 1278 2729 cum
1311 2701 1398 2728 nullas
1419 2708 1468 2737 ego
1491 2711 1549 2730 mea
1576 2704 1698 2730 animati.-

909 2739 1036 2765 versione
1071 2745 1104 2764 ex
1134 2737 1195 2764 aliis
1225 2737 1427 2771 exemplaribus
1466 2743 1563 2765 notare
1598 2745 1695 2772 potue-

911 2781 974 2800 ΙῚΙΙΙ.

1464 2852 1500 2882 20
