1896 3051
235 145 289 178 635
831 144 1078 176 THEOPHANIS
1098 143 1268 174 CERAMEI
1804 139 1873 173 636

232 203 356 238 solymm,
371 205 452 237 atque
465 200 547 229 etiam
565 200 691 229 undecim
714 200 743 229 in
757 200 865 229 Galilaea
881 202 1015 237 augustior

1082 199 1218 233 ἱιαψωνίας
1231 199 1351 233 ἔμφασιν
1366 197 1505 233 ζητήσεως
1523 199 1610 231 ἄξιον,
1636 200 1677 226 ὅτι
1694 201 1709 226 ὁ
1724 200 1775 234 μὲν
1787 202 1846 228 Anu
1856 216 1870 221 -

231 248 303 276 visu.
327 247 394 275 Illud
414 254 478 274 vero
498 247 569 281 quod
588 246 765 274 dissensionis
786 248 903 282 speciem
926 247 1015 281 habet,

1082 248 1120 278 ιᾶς
1136 245 1307 284 ὑποστρέψαι
1322 245 1404 279 φησὶν
1419 245 1517 276 αὐτοὺς
1532 246 1563 271 ἐκ
1580 245 1630 279 τῆς
1648 245 1801 280 Ἐμμαοῦς,
1812 248 1875 272 καὶ

232 293 342 327 dignum
362 296 415 324 est,
427 292 498 327 quod
516 291 702 326 disceptetur:
718 292 788 327 quod
806 292 893 320 Lucas
911 292 1015 327 quidem

1086 289 1161 324 ὕρεῑν
1179 288 1425 324 συνηθροισμένους
1449 289 1512 319 τοὺς
1534 289 1641 321 ἕνδεκα,
1661 291 1708 316 καὶ
1724 290 1790 321 τοὺς
1805 291 1872 316 λοι-

231 346 280 366 eos
297 345 420 365 reversos
438 345 471 364 ex
490 337 620 364 Emmaus
637 338 771 366 invenisse
790 338 828 365 ait
842 342 1015 373 congregatos

1082 335 1138 364 τοὺς
1165 334 1305 369 λέγοντας,
1331 343 1340 360 t
1363 333 1408 365 Ὧς
1423 334 1527 370 ἠγέρθη
1553 335 1567 361 ὁ
1583 335 1694 370 Κύριος,
1713 337 1763 362 καὶ
1784 335 1875 370 ὤφθη

231 375 358 410 undecim
372 385 399 409 et
414 381 543 416 reliquos.
562 382 683 410 dicentes
699 391 707 410 :
726 391 736 409 σ
753 383 823 415 Quia
839 383 957 410 surrexit
969 382 1022 410 Do-

231 429 333 460 minus,
346 432 374 455 et
393 427 517 462 apparuit
531 427 633 456 Simoni
648 429 688 462 ⁵¹;
709 438 718 455 ι
739 428 784 456 hic
800 435 864 456 vero
879 428 1021 456 manifeste

231 477 326 500 narrat
341 479 388 500 eos
406 480 492 507 neque
505 472 681 508 Magdalenaz,
703 481 754 501 nec
771 473 877 500 caneris
895 473 1021 501 imbuisse

233 518 324 546 iidem.
341 521 406 550 Quae
422 518 506 552 igitur
517 519 673 553 apparentia
690 519 832 547 discordiae
845 519 1019 547 conciliatio?

230 573 292 600 age,
318 573 374 592 rem
396 569 522 592 accurate
541 570 752 600 perscrutemur.
766 565 824 593 Non
841 566 911 600 quod
929 573 1020 593 resur-

212 611 357 644 ‘rexisset,
383 611 430 638 sed
456 611 528 646 quod
559 611 722 646 Magdalenze
751 617 778 640 et
800 611 924 646 Cleophse
947 611 1021 639 visus

231 662 315 690 esset,
334 664 386 684 nou
401 656 543 684 credidere
557 657 691 691 discipuli.
709 657 766 685 Hoc
791 660 881 684 autem
902 661 929 684 et
948 657 1021 691 ipsc-

235 707 290 729 met
313 702 478 737 evangelista
497 703 669 738 signiﬁcavit,
693 711 754 730 cum
771 703 819 735 ait,
834 703 906 738 quod
927 702 959 730 iis
975 702 1020 736 qui

235 747 360 775 viderant
375 755 437 775 eum
463 747 516 782 iam
537 748 697 780 redivivum,
723 756 776 775 non
798 747 1019 776 crediderunt".

234 793 301 821 Cum
322 794 394 820 enim
423 794 534 828 perfecti
560 795 677 821 nondum
703 799 804 826 essent,
829 801 879 822 nec
904 793 1021 828 Spiritus

232 842 346 876 gratiam
360 844 536 878 recepissent,
549 848 645 878 pra‘ter
662 843 793 870 rationem
813 846 839 869 et
862 841 1020 869 incredibile

234 887 430 915 existimabant
459 888 569 921 factum,
596 892 624 916 ut
645 888 736 922 Petro,
761 895 793 915 ac
815 887 922 918 Jonnni,
940 891 1020 914 caete-

233 932 327 966 risque
343 940 372 960 se
391 933 535 961 videndum
557 942 608 961 non
624 933 705 968 227
721 933 835 965 dederit,
858 931 1021 966 Magdalena:

233 983 297 1003 vero
315 977 430 1012 aliisque
452 978 601 1006 minoribus
616 978 756 1012 discipulis
771 978 951 1012 apparuisset.
968 976 1018 1004 Ubi

232 1030 296 1050 vero
309 1024 381 1050 venit
400 1024 507 1058 Petrus,
522 1029 549 1052 et
563 1024 713 1059 spectacula
730 1024 773 1051 illa
790 1023 905 1058 sepulcri
921 1031 1018 1051 renun-

230 1068 318 1100 tiavit,
336 1073 365 1096 ut
393 1071 521 1097 nimirum
550 1071 706 1097 linteamina
729 1070 785 1096 sola
813 1069 936 1102 vidisset,
956 1074 1020 1097 tunc

230 1122 298 1142 sane
329 1122 388 1141 eum
427 1116 494 1142 nihil
529 1115 660 1143 haberem
682 1123 781 1148 causae,
815 1115 988 1149 quamobrem
1011 1113 1166 1143 testimonio
1193 1112 1265 1140 Petri
1292 1120 1346 1154 non
1373 1113 1527 1147 crederent,
1559 1115 1684 1142 dicebant
1710 1125 1717 1142 :

227 1159 347 1186 surrexit
361 1159 490 1186 Dominus
501 1167 574 1187 vare.
590 1170 599 1186 ι

271 1214 281 1232 ι
305 1205 457 1234 Novissime
476 1209 695 1235 rcemnbcnlibus
713 1208 766 1236 illis
788 1209 913 1236 undecim
933 1216 1016 1244 appa-

228 1252 294 1284 ruit,
310 1256 338 1279 et
356 1253 529 1286 exprobravit
560 1253 773 1282 incredulitatem
792 1262 885 1282 eorum
901 1259 928 1281 et
942 1255 1017 1282 duri-

231 1297 296 1325 tiam
314 1299 414 1331 cordis,
426 1298 488 1333 quia
505 1299 546 1326 his
562 1300 606 1334 qui
623 1299 745 1327 viderant
757 1307 819 1327 eum
834 1300 1016 1328 resurrexisse

230 1351 282 1371 non
300 1343 483 1372 crediderunt.
508 1354 517 1370 ι
538 1344 662 1372 Consona
690 1349 781 1372 narrat
808 1345 853 1373 hic
878 1345 928 1378 iis,
956 1353 1016 1380 quae

228 1387 306 1416 divus
319 1388 405 1416 Lucas
421 1389 502 1417 habet
515 1390 548 1416 ".
563 1388 612 1416 Hic
624 1389 695 1417 enim
712 1394 853 1424 postquam
868 1389 1015 1423 Cleopham

229 1440 289 1459 cum
302 1434 377 1460 socio
389 1433 513 1465 rediisse.
528 1439 554 1461 et
567 1438 662 1462 caetera
676 1442 736 1468 quae
746 1435 778 1461 ad
794 1434 868 1462 illum
879 1435 1016 1469 pertinent

229 1479 436 1512 upparitionem,
458 1479 583 1513 dixisset,
600 1480 686 1514 inquit
709 1489 716 1507 :
736 1489 744 1506 ι
764 1480 832 1508 Dum
851 1486 939 1507 autem
956 1480 1015 1507 hinc

230 1524 385 1558 loquuntur,
407 1525 481 1552 stetit
507 1524 587 1553 Jesus
610 1526 637 1552 in
662 1526 749 1553 medio
768 1533 873 1554 eorum.
893 1537 902 1554 ι
919 1523 972 1556 Sed
994 1529 1016 1557 is

228 1570 337 1604 quidem
353 1570 536 1605 apostolorum
552 1575 682 1598 terrorem
709 1577 736 1599 et
759 1572 1015 1601 demonstrationem

232 1615 385 1648 vulnerum,
399 1623 458 1650 quas
475 1616 501 1643 in
518 1616 643 1644 manibus
666 1624 698 1644 ac
710 1617 824 1652 pedibus
839 1617 908 1645 facta
925 1623 1013 1652 erant,

230 1665 258 1687 et
277 1661 413 1695 quomodo
430 1669 521 1688 coram
542 1662 608 1696 ipsis
632 1662 684 1689 mel
710 1663 908 1699 obsoniumque
924 1672 1016 1692 come-

229 1705 309 1738 derit,
319 1705 477 1739 explicatius
489 1712 615 1740 enarrat;
630 1707 673 1734 hic
685 1715 748 1736 vero
760 1708 843 1736 multa
855 1710 1014 1744 praecidens,

230 1749 263 1776 de
298 1750 427 1777 missione
459 1750 642 1785 apostolorum
676 1751 710 1779 ad
757 1753 957 1787 praedicandum
989 1760 1016 1782 et

229 1795 332 1822 Christi
351 1796 377 1822 in
394 1796 491 1823 eoa-lum
510 1797 664 1825 reversione
684 1798 764 1826 verba
785 1798 859 1827 facit.
874 1799 950 1833 Quod
966 1808 1015 1827 au-

233 1845 286 1868 tem
303 1842 337 1868 de
357 1841 498 1875 discipulis
518 1843 583 1871 dicit
597 1843 669 1877 quod
689 1844 872 1878 recubuerint,
893 1851 1014 1880 apertam

226 1886 351 1913 continet
367 1887 619 1921 reprehensionem.
638 1888 759 1924 Segnitie
771 1889 973 1923 detinebantur,
989 1896 1016 1918 et

229 1932 308 1966 quasi
336 1932 525 1967 desperatione
553 1933 750 1967 conciderant,
778 1941 838 1962 eum
866 1935 1015 1969 praesertim

230 1977 358 2006 mulieres
376 1983 514 2013 unguenta
541 1977 659 2006 ferentes
686 1986 735 2014 per
754 1984 837 2007 totam
858 1985 963 2009 noctem
985 1981 1016 2008 li-

226 2021 325 2049 benter
354 2022 381 2049 in
411 2023 534 2058 sepulcro
565 2024 810 2052 versarentur.-Et
840 2025 909 2053 dixit
938 2027 977 2053 eis
1007 2035 1014 2054 :

231 2075 241 2092 ε
263 2066 363 2095 Euntes
387 2067 412 2095 in
432 2069 561 2095 mundum
585 2069 741 2097 universum
766 2071 909 2105 praedicate
926 2071 1015 2099 Evan—

225 2113 327 2148 gelium
342 2114 416 2141 omni
434 2120 566 2143 creaturae
576 2115 610 2143 ⁵⁸,
631 2125 640 2142 ι
656 2116 715 2144 Non
733 2117 878 2145 committit
896 2118 948 2145 illis
964 2119 1014 2146 hoc

227 2158 289 2186 loco
315 2159 436 2187 muneris
459 2161 600 2195 apostolici
625 2165 742 2196 partem,
766 2169 854 2197 neque
874 2169 967 2198 gentes
997 2172 1011 2191 ο

228 2203 412 2232 Samaritanis
437 2212 470 2233 ac
498 2205 561 2234 ﬁliis
582 2206 666 2235 Israel
693 2208 833 2242 discernit,
861 2214 892 2236 ut
910 2210 1014 2238 dixerat

227 2247 303 2284 prius
321 2257 328 2276 :
349 2258 358 2275 ι
378 2248 406 2276 in
420 2249 491 2277 viam
505 2251 624 2286 gentium
640 2259 674 2279 ne
688 2252 826 2286 abieritis;
841 2258 869 2281 et
883 2254 908 2281 in
921 2254 1015 2282 civita-

230 2297 284 2320 tem
304 2292 536 2325 Samaritanorum
560 2302 594 2323 ne
612 2296 779 2326 intraveritis
793 2299 833 2330 ".
852 2308 861 2326 ι
885 2299 931 2326 sed
947 2307 1015 2334 quo-

228 2338 302 2365 niam
329 2339 421 2367 mundi
450 2341 537 2368 victor
555 2341 708 2376 exstiterat,
729 2347 756 2370 et
778 2343 911 2371 universae
936 2350 1014 2373 terrae

228 2385 427 2419 possessionem
445 2391 602 2422 acceperat,
619 2387 695 2422 juxta
717 2388 781 2416 illud
797 2389 824 2416 in
844 2388 951 2417 Psalmo
966 2391 1013 2417 dc-

228 2435 368 2459 cantatum
386 2439 419 2459 ex
438 2439 553 2467 persona
575 2432 667 2462 Patris
687 2442 694 2461 :
719 2443 728 2460 ι
756 2434 831 2463 Dabo
849 2435 895 2462 tibi
921 2440 1014 2470 gentes

227 2475 416 2505 haereditatem
432 2482 517 2510 tuam.
533 2483 560 2505 et
574 2478 774 2513 possessionem
793 2483 865 2506 tuam
885 2480 1014 2508 terminos

224 2525 308 2549 terrae
324 2514 388 2556 ",3
412 2522 439 2550 in
454 2523 547 2552 orbem
569 2524 724 2552 universum
745 2524 873 2560 deinceps
895 2525 1014 2561 Evange-

224 2568 292 2595 lium
318 2568 441 2603 proferre
465 2572 585 2598 mandat.
606 2569 646 2598 Ac
669 2577 702 2598 ne
716 2577 808 2598 eorum
834 2571 881 2607 qui
902 2572 1013 2600 docendi

227 2618 316 2646 erant,
328 2614 546 2642 incredulitatem
559 2616 768 2649 praetenderent,
781 2615 895 2644 salutem
905 2624 938 2644 ex
951 2617 1013 2651 li‘de,

227 2665 253 2687 et
268 2660 473 2688 damnationem
492 2667 525 2688 ex
544 2661 703 2689 inﬁdelitate
717 2667 926 2690 consecuturam
943 2669 1013 2700 prae-

223 2706 344 2733 nuntiat.
379 2715 389 2732 (
414 2706 466 2739 Qui
497 2707 643 2735 crediderit
677 2712 705 2736 et
737 2708 889 2744 baptizatus
919 2707 1011 2740 fuerit,

223 2752 318 2779 salvus
333 2752 400 2786 erit;
415 2753 462 2787 qui
475 2760 540 2781 vero
556 2760 610 2781 non
624 2753 771 2781 crediderit
790 2761 840 2782 nec
859 2753 1015 2789 baptizatus

262 2810 284 2827 ⁶¹
306 2809 373 2838 Luc.
395 2818 469 2845 μιν,
489 2811 536 2840 δι.
590 2812 613 2828 ⁸³
632 2811 700 2840 Ibid.
716 2813 760 2840 15.

228 2855 263 2879 ιι,
280 2846 306 2873 8.

815 2813 838 2831 ⁵⁸
856 2812 922 2842 Luc.
944 2819 1001 2844 xlv,
1023 2811 1067 2840 56.

1070 380 1191 414 Σίμωνι·
1206 389 1215 405 )
1226 376 1304 411 οὗτος
1315 379 1344 406 δὲ
1355 379 1503 415 διαρρήδην
1515 380 1573 416 βοᾷ,
1583 381 1619 411 ὡς
1628 381 1689 408 οὔτε
1701 383 1734 416 τῇ
1750 382 1878 416 Μαγδα-

1070 425 1149 460 ληνῇ,
1176 424 1238 451 οὗτε
1264 424 1381 456 ἐκείνοις
1406 425 1581 452 ἐπίστευσαν.
1600 426 1649 458 Τίς
1664 425 1711 453 οὖν
1727 427 1878 461 Sandan:

1069 471 1217 505 διαφωνίας
1243 470 1389 504 ἐπίλυσιςς
1416 471 1494 507 φέρε,
1532 473 1726 507 σκοπήσωμεν.
1750 474 1808 507 Οὐχ
1824 474 1877 499 ὅτι

1070 517 1219 552 ἐγήγερται
1238 516 1399 550 διηπίατουν
1412 517 1437 542 οἱ
1456 517 1589 551 μαθηταὶ,
1602 517 1660 544 ἀλλ’
1674 518 1715 544 ὅτι
1731 520 1764 553 τῇ
1784 519 1878 550 Μαγ-

1070 563 1171 598 δαληνῇ
1193 563 1240 589 καὶ
1256 563 1312 594 τοῖς
1331 562 1396 597 περὶ
1410 563 1536 589 Κλεόπαν
1551 564 1757 598 ἑπεφανέρωτο.
1777 564 1878 590 Τοῦτο

1070 610 1098 636 δὲ
1113 610 1161 636 καὶ
1174 610 1187 636 ὁ
1201 609 1398 643 εὐαγγελιστὴς
1410 610 1615 644 ἐπεσημήνατο,
1633 610 1674 636 ὅτι
1691 611 1748 641 τοῖς
1763 610 1879 636 θεασα-

1068 649 1164 690 μένοις
1175 655 1256 681 αὑτὸν
1269 654 1455 690 ἐγηγερμένον
1466 655 1496 681 ὲκ
1506 655 1611 691 νεκρῶν
1621 656 1670 682 οὐκ
1683 657 1875 683 ἐπίστευσαν.

1077 700 1193 732 Ἀτελεῖς
1208 701 1264 735 γὰρ
1292 700 1368 732 ὄντες
1384 700 1435 731 ἐτι,
1456 700 1504 726 καὶ
1532 702 1614 735 μήπω
1638 702 1798 736 δεδεγμένοι
1816 704 1877 737 τήν

1071 745 1151 782 χάριν
1166 745 1212 772 τοῦ
1229 745 1399 779 Πνεύματος,
1414 745 1570 780 παράλογον
1585 746 1708 781 Δἡγοῦντο
1733 748 1785 773 καὶ
1803 749 1877 774 ἄπε-

1073 802 1145 826 στον,
1165 793 1261 828 Πέτρῳ
1287 792 1338 827 μὲν
1363 792 1410 819 καὶ
1425 791 1547 828 Ἰωάννῃ,
1569 794 1614 819 καὶ
1641 795 1698 824 τοῖς
1715 795 1810 825 ἄλλοις
1830 796 1873 829 μὴ

1071 837 1287 872 sesamum,
1301 838 1515 873 πεφανερῶσθαι
1527 839 1554 865 δὲ
1569 840 1602 874 τῇ
1619 840 1791 875 Μαγδαληνῇ
1817 842 1873 867 καὶ

1071 885 1126 915 τοῖς
1138 884 1262 911 ἐλάττοσι
1277 884 1423 919 μαθηταῖς.
1443 884 1487 916 Ὠς
1501 885 1528 911 δὲ
1553 885 1655 921 Πέτρος
1683 884 1750 922 ἧκεν
1770 888 1875 920 ἀπαγ-

1072 930 1174 964 γέλλων
1196 930 1231 956 τὰ
1249 930 1278 956 ὲν
1300 929 1339 964 τῷ
1354 929 1432 964 τάφῳ
1449 930 1583 963 θεάματα,
1603 931 1676 962 ὅπως
1703 932 1815 966 ἑώρακε
1834 933 1874 958 τὰ

1072 975 1164 1002 ὀθόνια
1182 975 1260 1009 μόνα,
1277 975 1336 1001 τότε
1356 974 1388 1008 δὴ
1405 975 1437 1010 τῇ
1458 975 1505 1001 τοῦ
1526 976 1629 1011 Πέτρου
1660 978 1803 1012 μαρτυρίᾳ
1829 979 1872 1012 μὴ

1071 1022 1179 1057 ἔχοντες
1198 1022 1334 1054 ἀπιστεῖν,
1364 1021 1467 1055 ἔλεγον,
1492 1022 1534 1048 ὅτι
1553 1032 1563 1048 ι
1591 1024 1711 1059 Ἠγέρθη
1727 1026 1741 1051 ὸ
1755 1025 1874 1060 Κύριος

1070 1069 1167 1099 ὅντως.
1186 1077 1196 1094 ›

1748 1126 1757 1142 c
1787 1117 1873 1148 Quod

1110 1214 1119 1230 ι
1137 1203 1272 1238 ’Υστερον
1291 1203 1321 1230 δὲ
1345 1203 1536 1238 ἀνακειμένοις
1562 1204 1654 1235 αὐτοῖς
1682 1205 1739 1235 τοῖς
1762 1205 1871 1232 ἕνδεκα

1069 1249 1242 1285 ἐφανερώθη,
1267 1249 1313 1276 καὶ
1332 1249 1455 1275 ὠνείδισε
1465 1249 1524 1284 (τὴν
1543 1249 1672 1276 ἀπιστίαν
1698 1251 1792 1277 αὐτῶν
1816 1254 1871 1278 καὶ

1070 1294 1299 1330 σκληροκαρδίαν,
1320 1295 1361 1321 ὅτι
1373 1296 1427 1326 τοῖς
1440 1290 1619 1329 θεασαμένοις
1640 1296 1722 1322 αὑτὸν
1739 1297 1827 1331 ἐγηγε
1836 1307 1870 1329 ρ-

1070 1341 1150 1377 μένον
1166 1341 1216 1367 οὐκ
1234 1340 1409 1367 ἐπίστευσαν.
1432 1350 1441 1366 ι
1464 1342 1574 1375 Σννῳδὰ
1595 1343 1711 1368 ἐνταῦθα
1726 1343 1807 1369 λαλεῖ
1823 1345 1868 1379 τῷ

1068 1386 1134 1421 θείῳ
1148 1387 1253 1421 Λουκᾷ·
1269 1387 1315 1413 καὶ
1327 1386 1405 1418 αὐτὸς
1418 1387 1472 1421 γὰρ
1489 1387 1556 1420 μετὰ.
1570 1387 1599 1413 τὸ
1616 1388 1702 1414 ἐλθεῖν
1713 1390 1778 1419 τοὺς
1793 1391 1868 1425 περὶ

1069 1433 1206 1464 Κλεόπαν,
1224 1432 1271 1458 καὶ
1286 1431 1320 1458 τὰ
1340 1434 1389 1466 τῆς
1404 1433 1556 1466 ἐμφανείας
1572 1434 1670 1466 εἰπεῖν,
1689 1434 1761 1461 οὕτω
1779 1439 1867 1469 φησί·

1071 1487 1080 1503 ι
1099 1477 1192 1504 Ταῦτα
1206 1478 1233 1503 δὲ
1250 1477 1340 1504 αὐτῶν
1357 1477 1521 1509 λαλούντων,
1541 1478 1622 1508 αὐτὸς
1639 1479 1653 1505 ὀ
1667 1480 1774 1514 Ἰησοῦς
1793 1481 1865 1515 ἔστη

1029 1517 1050 1546 C
1066 1523 1096 1549 ὲν
1111 1522 1186 1557 μέσῳ
1201 1523 1303 1550 αὐτῶν.
1322 1534 1330 1548 ι
1355 1522 1426 1548 Ἀλλ’
1444 1524 1549 1554 ἐκεῖνος
1580 1523 1628 1558 μὲν
1643 1524 1869 1556 ὲξεταστικὼτε-

1067 1577 1113 1604 ρον
1125 1569 1288 1603 ἀφηγήσατο
1302 1569 1351 1602 τὴν
1365 1568 1421 1595 τῶν
1438 1569 1597 1595 ἀποστόλων
1613 1571 1720 1601 πτοίαν,
1733 1571 1784 1606 τήν
1801 1573 1868 1598 ἐπε-

1065 1613 1147 1645 δειξιν
1157 1614 1211 1640 τῶν
1223 1615 1251 1640 ἐν
1262 1615 1338 1649 χερσὶ
1351 1614 1399 1640 καὶ
1411 1614 1489 1640 ποσὶν
1505 1614 1636 1646 ὡτειλῶν,
1649 1616 1723 1647 ὅπως
1741 1616 1866 1644 ἐνώπιον

1065 1659 1156 1685 αὐτῶν
1171 1659 1346 1694 κατεδηδόκει
1373 1659 1403 1685 τὺ
1428 1659 1490 1695 μέλι
1520 1661 1567 1687 καὶ
1581 1661 1611 1687 τὺ
1627 1661 1751 1696 ὀψάριον.
1770 1659 1864 1695 Οὗτος

1065 1705 1094 1731 δὲ
1121 1704 1156 1731 τὰ
1182 1705 1267 1732 πολλὰ
1284 1706 1438 1739 συντεμὼν,
1458 1705 1508 1741 τὴν
1525 1707 1564 1738 είς
1581 1707 1611 1733 τὸ
1638 1708 1769 1742 κήρυγμα
1784 1709 1866 1742 λέγει

1066 1750 1230 1786 ἀποστολὴν,
1259 1751 1306 1777 καὶ
1333 1750 1381 1777 τὴν
1395 1752 1434 1782 είς
1451 1751 1584 1784 οὐρανοὺς
1610 1753 1804 1788 ἀναφοίτησιν.
1822 1755 1865 1781 Τὸ

1070 1797 1162 1832 μέντοι
1183 1797 1248 1832 περὶ
1275 1797 1329 1823 τῶν
1355 1797 1487 1832 μαθητῶν
1504 1799 1603 1830 εἰπεῖν,
1627 1798 1665 1830 ὡς
1683 1800 1861 1832 κατέκειντο,

1069 1842 1239 1877 κατηγορίαν
1271 1843 1398 1876 ἐμφαίνει
1417 1843 1508 1877 σαφῆ·
1534 1841 1603 1878 ἦσαν
1618 1845 1672 1879 γὰρ
1684 1845 1786 1880 νωθεέᾳ.
1804 1847 1866 1873 ένιο

1067 1888 1207 1922 σχυμένοι,
1224 1887 1269 1913 καὶ
1285 1885 1340 1914 οἷον
1356 1888 1589 1920 ἀναπεπτωκότες
1615 1890 1644 1922 ἐξ
1662 1890 1864 1924 ἀπογνώσεως,

1066 1933 1115 1958 καὶ
1131 1932 1216 1959 ταῦτα
1231 1933 1284 1959 τῶν
1303 1933 1551 1968 ἀλαϐαστροφόρων
1577 1935 1717 1968 γυναικῶν
1743 1936 1776 1962 δι’
1793 1937 1864 1971 ὅλης

1066 1978 1163 2008 νυκτὸς
1177 1977 1425 2013 ὲμφιλοχωρουσῶν
1442 1980 1471 2005 ὲν
1486 1979 1524 2013 τῷ
1544 1980 1678 2014 μνήματι.
1707 1981 1762 2007 Καὶ
1778 1980 1863 2008 εἶπεν

1066 2025 1177 2055 αὐτοῖς·
1194 2034 1203 2050 ι
1224 2025 1409 2060 Πορευθέντες
1423 2025 1462 2057 είς
1482 2026 1528 2052 τὸν
1549 2027 1652 2060 κόσμον
1672 2026 1793 2060 ἅπαντα,
1810 2037 1864 2062 κη-

1067 2070 1165 2105 ρύξατε
1180 2070 1209 2096 τὸ
1226 2070 1390 2104 Εὐαγγέλιον
1403 2071 1477 2106 πάσῃ
1496 2073 1529 2106 τῇ
1544 2071 1649 2097 κτίσει”·
1669 2082 1679 2098 ι
1698 2074 1748 2099 οὐκ
1766 2075 1863 2109 ἐγχει-

1068 2115 1136 2151 ρίζει
1153 2116 1260 2147 τούτοις
1288 2115 1443 2150 ἀποστολὴν
1473 2117 1603 2150 μερικὴν,
1624 2117 1684 2143 οὐδὲ
1702 2117 1861 2146 διαστέλλει

1064 2161 1128 2192 τοὺς
1146 2161 1270 2193 ὶθνικοὺς
1292 2162 1339 2189 καὶ
1358 2162 1533 2197 Σαμαρείτας
1551 2163 1604 2189 ἀπὸ
1619 2164 1673 2189 τῶν
1687 2165 1716 2196 ἐξ
1734 2165 1860 2201 Ἰσραὴλ,

1064 2207 1101 2238 ὡς
1119 2207 1251 2242 πρότερον
1264 2206 1357 2240 ἔλεγεν
1367 2215 1373 2222 ·
1392 2217 1401 2232 ι
1419 2207 1464 2238 El;
1480 2207 1540 2233 ὁδον
1553 2207 1638 2234 ὲθνῶν
1655 2208 1692 2244 μὴ
1706 2210 1857 2244 ἀπέλθητε,

1064 2253 1112 2279 καὶ
1138 2254 1178 2284 είς
1202 2252 1279 2279 πόλιν
1303 2252 1482 2288 Σαμαρειτῶν
1511 2253 1548 2287 μὴ
1578 2254 1728 2289 εἰσέλθητε,
1757 2265 1766 2281 ι
1795 2257 1858 2283 ἀλλ’

1063 2298 1156 2334 ἐπειδὴ
1171 2297 1283 2332 νικητὴς
1297 2297 1375 2332 ὤφθη
1393 2297 1441 2324 τοῦ
1459 2299 1576 2333 κόσμου,
1591 2299 1639 2326 καὶ
1651 2300 1701 2335 τὴν
1712 2301 1855 2337 κατάσχεο

1063 2353 1105 2371 σιν
1123 2345 1229 2379 εἰλήφει
1257 2345 1346 2379 πάσης
1362 2345 1413 2379 τῆς
1429 2345 1492 2379 γῆς,
1511 2346 1581 2372 κατὰ
1597 2346 1627 2372 τὸ
1642 2347 1813 2382 ὑμνούμενον
1825 2351 1854 2376 ἐν

1063 2389 1200 2424 Ψαλμοῖς,
1215 2390 1253 2422 ὡς
1271 2392 1303 2416 ἐκ
1317 2389 1364 2416 τοῦ
1379 2391 1486 2425 Πατρός
1499 2399 1505 2405 ·
1527 2400 1536 2416 ι
1562 2392 1645 2418 Δώσω
1662 2401 1703 2419 σοι
1716 2393 1778 2428 ἔθνη
1805 2395 1853 2430 τὴν

1063 2433 1248 2470 κληρονομίαν
1265 2444 1324 2466 σον,
1337 2436 1385 2463 καὶ
1395 2435 1445 2470 τὴν
1459 2436 1625 2471 κατάσχεσίν
1636 2446 1683 2464 σου
1696 2438 1729 2464 τὰ
1745 2439 1854 2474 πέρατι

1063 2478 1115 2513 τῆς
1139 2480 1203 2514 γῆς·
1224 2489 1234 2505 ι
1262 2480 1337 2514 πάσῃ
1360 2481 1394 2515 τῇ
1408 2481 1556 2517 οἰκουμένῃ
1583 2482 1675 2509 λοιπὸν
1702 2486 1853 2520 προτρέπει

1065 2524 1305 2558 εὐαγγελίσασθαι.
1322 2526 1375 2551 Καὶ
1389 2526 1426 2557 ὼς
1441 2526 1474 2552 ἂν
1490 2527 1527 2563 μὴ
1541 2529 1738 2562 πριέὸἀλλοιντο
1753 2531 1782 2557 τὸ
1798 2532 1853 2558 τῶν

1066 2570 1267 2604 διδασκομένων
1291 2571 1417 2607 ἀνήκοον,
1445 2575 1640 2607 προαναφωνεί
1668 2575 1718 2609 τὴν
1747 2578 1779 2603 ἐκ
1807 2578 1852 2604 τοῦ

1068 2615 1214 2643 πιστεῦσαι
1231 2617 1378 2653 σωτηρίαν,
1395 2618 1441 2644 καὶ
1456 2618 1506 2652 τὴν
1526 2619 1558 2644 ὲκ
1577 2619 1626 2653 τῆς
1648 2620 1791 2653 ἀπειθείας
1804 2631 1852 2648 κα-

1066 2662 1203 2696 τάκρισιν.
1218 2672 1227 2688 ι
1250 2663 1278 2690 '0
1295 2663 1442 2695 πιστεύσας
1464 2666 1510 2690 καὶ
1539 2665 1699 2699 βαπτισθεὶς
1731 2668 1851 2704 σωθήσε-

1066 2715 1129 2734 ται·
1144 2709 1158 2734 ὁ
1186 2708 1214 2735 δὲ
1234 2709 1388 2744 ἀπιστήσας
1404 2709 1508 2745 καὶ¹μὴ
1531 2710 1691 2745 βαπτισθεὶς
1718 2722 1850 2749 κατακρι-

1067 2752 1191 2788 θήσεται.
1209 2763 1219 2780 ι
1238 2754 1276 2781 Οὐ
1296 2755 1378 2790 μέχρι
1395 2756 1442 2782 τοῦ
1458 2756 1604 2783 πιστεῦσαι
1620 2757 1665 2784 τὸν
1679 2758 1757 2792 λόγον
1771 2759 1850 2794 ἕστη-

1119 2811 1142 2828 “
1163 2811 1245 2839 Marc.
1267 2820 1321 2846 xvi,
1344 2813 1386 2840 15.
1442 2813 1465 2828 ⁵¹¹
1485 2812 1580 2841 Matth.
1604 2822 1629 2846 Χ,
1653 2814 1680 2841 5.
1733 2815 1756 2830 "
1776 2815 1844 2843 PsaL
