1896 3051
70 142 126 174 037

750 144 917 174 HOMILlA
938 145 1030 175 XXX.

1657 149 1709 180 638

71 207 133 232 σεν⁷
157 206 229 225 arma
254 198 410 234 προσέθηκε
427 199 472 225 καὶ
487 199 516 226 τὸ
530 198 683 235 βάπτισμα.
710 199 796 226 Τοῦτο
813 200 866 236 γὰρ

939 209 952 226 ιι
965 201 1011 234 rit,
1028 201 1280 229 conoemnabitum
1293 201 1351 229 Non
1366 202 1392 229 in
1408 203 1542 231 credendo
1556 211 1708 232 sermonem

42 254 45 255 '
70 246 290 280 ἑπισφρᾱιγισμα
314 246 353 280 τῷ
379 245 561 271 πιστεύσαντι
586 245 634 272 καὶ
660 245 798 281 κάθαρσις
814 245 868 272 τῶν

71 291 325 325 προεσφαλμένων,
350 292 399 317 καὶ
415 291 551 325 ἁγιασμὸς
575 292 624 326 τῆς
637 291 727 326 ψυχῆς
757 292 804 318 καὶ
821 290 869 318 τοῦ

72 335 218 370 σώματος.
245 336 317 363 Ἀλλ’
346 337 474 363 ἐντεῦθεν
493 337 573 363 πάλιν
596 338 610 363 ό
629 338 684 363 τῶν
710 336 804 372 ψυχῶν
822 336 869 362 λυ-

73 381 164 416 μεὼν,
182 382 300 408 καὶτῶν
325 382 454 414 ζιζανίων
483 383 601 417 σπορεὺς
622 382 668 409 τὸν
697 382 803 418 καρπὸν
819 382 869 416 τῆς

71 427 163 454 αὑτοῦ
185 427 320 463 ποιηρίας
347 428 501 463 ὲνέσπειρε,
533 428 657 454 σπεύδων
684 427 804 462 λυμῆναι
819 428 869 459 τὰς

71 473 198 508 ἀρούρας
216 473 271 500 τῶν
288 473 403 508 ἀρετῶν.
422 474 492 500 Φασὶ
504 474 557 508 γὰρ
570 475 594 500 οἱ
610 473 658 500 τοῦ
674 473 786 508 ψεύδους
806 483 869 500 σνν-

72 520 187 554 ήγοροι,
197 519 234 552 ὡς
247 519 364 555 περιττὴ
375 519 429 546 τῶν
443 520 550 555 ἀρετῶν
567 521 583 555 ἠ
601 521 726 552 ἐπίπονος
739 520 868 554 ἄσκησις,

72 565 219 601 ἀρκούσης
227 565 267 596 εἰς
278 565 416 599 σωτηρίαν
429 566 514 600 μόνης
527 566 575 599 τῆς
593 565 720 598 πίστεως.
737 566 869 593 Ἐνταῦθα

72 609 143 643 γὰρ,
165 611 259 644 φασὶν,
285 609 335 636 οὐκ
351 607 439 642 εἴπεν,
467 610 496 637 '0
510 610 545 636 τὰ
563 610 633 637 καλὰ
659 610 728 645 ἔργα
742 611 869 646 ποιήσας,

72 655 159 688 ἀλλὰ,
177 665 186 682 t
205 656 236 682 Ὀ
251 655 402 688 πιστεύσας
429 658 478 683 καὶ
496 656 659 692 βαπτισθεὶς
673 657 837 692 σωθήσεται.
858 668 868 684 ›

74 699 159 733 Εἶτα,
186 699 209 729 ὦ
236 701 488 736 ψευδοδιδάσκαλοι,
510 703 594 738 φαίην
615 702 648 730 ἂν
677 702 745 738 πρὸς
760 703 870 736 αὐτοὺς,

74 747 215 782 Ματθαίῳ
240 747 269 773 δὲ
293 747 324 773 οὐ
359 748 508 783 προσέχετε
525 749 643 782 λέγοντι,
661 748 698 778 ὡς
719 748 871 775 ἐνετείλατο

74 792 176 824 αὐτοῖς
193 792 364 828 μαθητεῦσαι
384 803 393 819 t
422 794 512 820 πάντα
537 794 571 822 τὰ
585 793 662 828 ἔθνη,
684 793 826 828 βαπτίζειν
840 801 870 819 τε

74 838 182 869 αὐτοὺς
195 839 234 869 εἰς
248 839 278 864 τὸ
293 839 377 873 ὄνομα
392 838 439 865 τοῦ
468 839 585 874 "acpbe,
603 839 650 865 καὶ
665 838 714 875 τού
730 838 808 870 Υίοῦ,
823 839 870 865 καὶ

922 247 1021 278 ﬁnivit,
1038 247 1084 274 sed
1103 247 1227 282 adiunxit
1246 248 1278 275 de
1293 248 1437 282 baptismo.
1455 247 1505 276 Hic
1520 249 1593 275 enim
1607 255 1634 277 et
1649 257 1709 276 ere-

922 293 1046 320 dentibus
1074 298 1117 320 est
1141 293 1312 328 consignatio
1340 293 1408 327 (98),
1438 299 1466 321 et
1493 295 1562 322 idem
1592 295 1710 327 expiatio

923 343 1094 372 poet-olorum
1121 347 1182 373 quae
1193 344 1256 366 ante
1269 340 1412 366 commissa
1428 345 1500 371 sunt,
1515 340 1598 375 228
1611 346 1634 367 et
1652 342 1709 367 ani-

924 391 974 410 ma:
996 383 1175 418 corporisque
1199 384 1378 410 sanctiﬁcatio
1401 389 1452 411 est.
1491 385 1543 412 Sed
1563 386 1624 412 hinc
1644 393 1709 412 rur-

922 436 967 455 sus
984 429 1039 463 (99)
1055 429 1198 456 occasione
1213 434 1319 463 sumpta
1340 434 1483 464 corruptor
1509 430 1660 456 animarum
1679 437 1711 457 ac

925 474 1090 501 zizaniorum
1103 478 1177 501 sator
1191 474 1371 508 improbitatis
1380 482 1435 502 Sua:
1451 475 1566 502 l'ructitm
1584 476 1711 510 inseruit,

924 521 1053 548 virtutum
1071 520 1154 556 segeti
1170 520 1277 547 allicere
1297 521 1418 547 studens.
1442 520 1542 548 Dicunt
1564 522 1646 555 enim,
1666 521 1711 556 qui

925 566 1066 592 mendacio
1090 566 1305 600 patrocinautnr,
1331 574 1525 598 supervacuam
1554 573 1614 594 esse
1638 567 1714 594 labo-

923 613 1024 639 riosam
1048 611 1178 639 virtutum
1200 612 1435 643 exercitationem,
1455 619 1516 639 cum
1541 613 1574 639 ad
1597 612 1712 639 salutem

924 659 991 685 li.les
1007 657 1062 685 sola
1075 657 1202 685 sulliciat.
1216 657 1265 684 ilic
1281 658 1379 692 quippe
1390 665 1441 684 non
1454 657 1563 691 dicitur,
1576 657 1711 692 inquiunt,

922 704 967 739 qui
992 704 1061 730 bona
1086 710 1167 736 opera
1193 702 1308 735 fecerit;
1331 703 1392 731 sed.
1417 712 1425 728 ι
1443 703 1492 736 Qui
1511 703 1664 736 crediderit,
1686 708 1714 730 et

927 749 1078 784 baptizatus
1096 747 1188 780 fuerit,
1205 747 1295 774 salvus
1308 748 1370 774 erit.
1391 758 1400 774 ›
1419 748 1503 781 Itane,
1518 756 1534 776 ο
1550 751 1714 783 μεειιίιοηιη-

922 794 1018 827 κίεις-ἰ,
1046 793 1163 820 dicerent
1191 793 1254 825 illis,
1276 794 1308 820 ad
1333 793 1487 820 iliutlllicum
1503 794 1636 820 dicentem
1655 802 1711 821 non

923 848 937 866 a
950 840 1079 867 vvertistis
1093 840 1224 871 animum,
1242 839 1312 873 quod
1333 840 1460 873 praecepit
1477 839 1516 866 eis
1536 844 1565 866 ut
1585 839 1714 867 docerent

74 883 127 909 τοῦ
143 883 224 917 ἁγίου
251 883 420 919 Πνεύματος,
443 885 492 911 καὶ
508 885 645 912 διδάσκειν
661 885 760 915 αὐτοὺς
777 886 869 921 τηρεῖν

953 891 1047 911 omnes
1061 889 1168 919 gentes,
1183 889 1209 911 et
1221 885 1443 918 haptizareutcos
1457 885 1482 911 in
1497 885 1603 912 nomine
1614 885 1711 916 Patris.

73 929 171 955 atina
198 930 248 956 ὅσα
273 930 451 966 ἐνετειλάμην
481 931 562 965 dph;
586 940 595 956 ι
630 931 735 958 Ἐκεῖνο
759 931 788 957 δὲ
814 931 872 962 πῶς

74 975 289 1010 παρατρέχετε;
306 984 315 1001 t
335 976 373 1002 Οὐ
388 977 441 1008 πᾶς
457 977 470 1003 ὁ
485 976 572 1010 λέγων
587 986 632 1012 μοι
644 986 650 993 ·
662 977 758 1012 Κύριε,
774 977 870 1013 Κύριε,

75 1020 269 1047 εἰσελεύσεται
304 1021 345 1053 είς
365 1022 415 1055 τὴν
444 1022 587 1056 βασιλείαν
604 1023 652 1050 τοῦ
681 1023 762 1055 Θεοῦ,
785 1024 871 1050 ἀλλ’6

76 1065 168 1092 ποιῶν
184 1066 214 1092 τὸ
231 1066 339 1101 θέλημα
352 1066 399 1093 τοῦ
416 1067 520 1102 Πατρός
537 1076 597 1102 μου.
618 1077 626 1094 t
641 1066 791 1096 Τουτέστιν
805 1077 811 1084 ·
832 1068 870 1095 Οὐ

76 1112 136 1141 πᾶς
152 1112 166 1138 ὀ
182 1112 318 1139 πιστεύων
333 1112 373 1144 εἰς
388 1113 437 1147 ἐμὲ
457 1114 628 1149 σωθήσεται,
654 1114 712 1141 ἀλλ’
725 1116 738 1141 ὁ
754 1115 872 1150 βεϐαιῶν

75 1156 130 1192 τὴν
145 1157 237 1184 πίστιν
262 1159 324 1190 ταῖς
338 1158 464 1194 πράξεσι.
490 1159 552 1191 Πῶς
565 1160 619 1195 γὰρ
641 1160 674 1186 ἂν
688 1160 730 1194 εἴη
747 1161 843 1192 πιστὸς
858 1161 872 1187 ὀ

77 1203 134 1238 τῆς
155 1203 272 1236 πίστεως
291 1204 401 1231 ἐναντία
424 1205 675 1241 διαπραττόμενος

121 1341 131 1357 ι
150 1332 254 1366 Σημεῖα
267 1331 296 1358 δὲ
311 1333 368 1364 τοῖς
383 1333 548 1360 πιστεύσασι
560 1333 646 1360 ταῦτα
663 1336 872 1372 παρακολουθή-

81 1385 138 1404 σει.
154 1386 163 1402 ι
186 1375 240 1404 Ἦν
256 1377 310 1413 γὰρ
323 1378 471 1413 ἀναγκαῖον
482 1379 526 1405 διὰ
541 1379 596 1405 τῶν
610 1380 715 1406 πολλῶν
728 1381 873 1413 δυσπειθὲς

79 1423 99 1458 ἠ
115 1423 170 1450 τῶν
183 1423 302 1458 σημείων
315 1424 449 1459 ἐνέργεια.
460 1425 522 1456 Τοῖς
531 1426 584 1461 γὰρ
599 1426 647 1461 οὐχ
662 1427 778 1461 ἑτοίμως
793 1426 872 1462 ἔχου-

43 1499 46 1500 ν
81 1477 126 1495 σιν
141 1469 181 1500 εἰς
191 1469 239 1504 τὴν
254 1469 412 1505 παραδοχὴν
427 1470 476 1505 τῆς
487 1470 673 1503 διδασκαλίας,
690 1472 731 1498 δεῖ
745 1472 792 1498 καὶ
805 1472 874 1498 θαυ-

923 935 951 957 et
967 930 1039 961 Filii,
1055 934 1083 957 et.
1097 929 1218 964 Spiritus
1233 931 1332 961 sant-ti,
1349 935 1373 956 et
1395 931 1521 957 docerent
1539 938 1585 958 eos
1603 939 1712 958 servare

923 976 1013 1002 omnia
1035 983 1207 1010 quaecunque
1230 976 1355 1003 mandavi
1371 976 1444 1003 vobis
1460 977 1505 1003 '7?
1536 985 1545 1002 ι
1564 976 1628 1003 Illud
1649 985 1712 1004 vero

923 1021 1057 1055 quomodo
1072 1021 1282 1055 prteteriistis’h
1301 1022 1358 1049 Non
1374 1022 1473 1054 omnis,
1491 1023 1537 1057 qtti
1549 1023 1614 1050 dit-it
1629 1023 1711 1050 mihi:

924 1067 1047 1098 Domine,
1065 1066 1190 1100 Domine,
1206 1068 1320 1094 intrabit
1335 1068 1360 1094 in
1378 1076 1490 1102 regnum
1508 1068 1650 1100 etelorum,
1665 1069 1712 1095 sed

923 1113 967 1147 qui
991 1112 1087 1140 fecerit
1108 1113 1273 1141 voluntatem
1294 1113 1382 1141 Patris
1402 1114 1482 1141 mei.)
1501 1114 1557 1142 Hoc
1569 1119 1630 1141 est:
1651 1113 1711 1141 Non

924 1158 1023 1191 omnis,
1038 1159 1082 1193 qui
1104 1159 1189 1186 inme
1209 1159 1364 1190 crediderit.
1385 1161 1500 1187 salutem
1522 1163 1711 1194 consequetur,

923 1206 970 1232 sed
985 1206 1030 1240 qui
1047 1205 1124 1232 tidem
1139 1206 1264 1239 operibus
1278 1206 1446 1234 continuarit
1461 1215 1468 1234 ε
1485 1206 1620 1241 quomodo
1638 1207 1711 1234 enim

925 1252 1011 1279 ﬁdelis
1037 1252 1157 1284 dicetur,
1186 1251 1231 1286 qui
1257 1259 1338 1287 opera
1366 1252 1427 1279 lidei
1453 1248 1588 1280 contraria
1618 1259 1710 1288 gesse-

924 1298 976 1325 rit?

963 1352 972 1368 ι
994 1341 1074 1376 Signa
1091 1347 1180 1370 autem
1195 1350 1253 1375 eos,
1267 1343 1312 1377 qui
1333 1343 1506 1375 Crediderint,
1522 1342 1579 1370 htec
1597 1349 1711 1376 sequen-

926 1393 979 1415 tur.
996 1397 1005 1413 ι
1025 1388 1091 1415 Erat
1111 1388 1240 1415 nimirum
1262 1388 1414 1415 necessaria
1436 1392 1546 1422 propter
1562 1395 1632 1419 eam,
1654 1395 1713 1422 qua:

925 1433 1030 1468 populis
1054 1433 1142 1460 inerat
1157 1433 1283 1460 credendi
1301 1433 1504 1465 diliicultatem,
1522 1433 1712 1460 miraculorum

924 1479 1040 1507 elI‘cctio.
1076 1479 1126 1512 Qui
1162 1479 1233 1506 enim
1267 1479 1299 1506 ad
1332 1479 1481 1506 doctrinam
1517 1479 1709 1506 admittendam

82 1514 180 1549 μάτων
202 1515 415 1551 τερατουργίας·
443 1516 589 1543 καλοῦνται
611 1518 665 1552 γὰρ
695 1517 766 1544 οὕτω
796 1518 870 1554 μόλις

935 1526 1042 1559 )rompti
1071 1532 1122 1552 non
1146 1529 1220 1557 sunt,
1244 1525 1277 1552 iis
1298 1530 1360 1551 sunt
1388 1524 1538 1551 adhibenda
1567 1524 1713 1556 miracula;

82 1559 156 1594 πρὸς
165 1560 214 1595 τὴν
227 1561 366 1596 ἀλήθειαν.
398 1571 407 1588 ι
428 1562 472 1589 Ἑν
487 1562 525 1597 τῷ
540 1563 654 1598 ὀνόματί
681 1572 731 1598 μου
745 1564 872 1599 δαιμόνια

80 1605 255 1634 ἐκϐαλοῦσιν.
278 1616 288 1634 ι
311 1607 357 1639 Ὣς
376 1607 408 1634 ἂν
426 1608 464 1643 μὴ
478 1608 508 1634 τδ
532 1609 586 1635 τῶν
612 1610 733 1644 σημείων
751 1611 873 1645 χάρισμα

82 1652 234 1687 ἡγήσαιντο
247 1652 322 1685 ἴδιον,
335 1653 382 1679 καὶ
394 1652 439 1679 διὰ
451 1653 531 1680 τοῦτο
540 1654 682 1689 ὲπαρθῶσι
694 1656 761 1689 πρὸς
773 1656 872 1690 οἴησιν,

82 1697 248 1733 προστίθησι
262 1698 310 1724 τό·
330 1707 340 1724 ‹
362 1698 404 1725 Ἐν
420 1698 459 1735 τῷ
474 1699 587 1734 ὀνόματί
605 1708 666 1734 μου.
687 1709 696 1726 ι
718 1701 755 1726 Οὐ
772 1701 827 1735 γὰρ
842 1702 873 1728 ὲκ

82 1743 136 1778 τῆς
159 1743 294 1779 ὑμετέρας
315 1744 467 1780 ἐνεργείας,
497 1746 574 1781 φησὶ,
599 1746 686 1772 ταῦτα
715 1748 872 1783 γενήσεται,

85 1789 145 1815 ἀλλ’
165 1790 193 1816 ἐν
208 1790 246 1825 τῷ
263 1790 376 1825 ὀνόματί
391 1799 452 1825 μου,
469 1791 516 1818 τοῦ
530 1791 578 1827 τὴν
590 1791 706 1827 δύναμιν
721 1794 785 1828 ὑμῖν
804 1803 877 1829 παρ-

86 1835 206 1870 έχοντος.
223 1844 233 1861 ι
248 1836 378 1870 Δαιμόνια
395 1836 552 1869 ἐκϐαλοῦσι,
568 1836 708 1873 γλώσσαις
724 1838 872 1875 λαλήσουσι

87 1882 203 1913 καιναῖς.
223 1891 232 1907 ι
257 1882 422 1918 Ἐνήργηται
450 1885 499 1918 μὲν
515 1885 571 1915 τοῖς
593 1885 684 1918 ἁγίοις
714 1885 874 1919 πλειστάκις

85 1925 173 1953 ταῦτα
189 1927 223 1953 τὰ
238 1927 376 1961 θαύματα,
397 1929 443 1955 καὶ
459 1929 626 1964 κηρύττουσι
645 1931 679 1957 τὰ
704 1931 770 1966 περὶ
784 1932 874 1959 αὐτῶν

85 1971 254 2007 διηγήματα.
275 1973 442 2008 Ἐνεργεῖται
458 1973 486 2000 δὲ
503 1974 550 2001 καὶ
564 1974 651 2002 ταῦτα
664 1976 768 2010 νοητῶς
792 1977 873 2011 μέχρι

85 2019 137 2052 τῆς
151 2018 280 2053 σήμερον.
293 2019 348 2044 Καὶ
359 2019 492 2053 δαιμόνων
502 2019 550 2054 μὲν
562 2020 635 2055 πάθη
648 2021 680 2055 τῇ
694 2020 741 2046 τοῦ
753 2021 871 2056 Χριστοῦ

87 2064 181 2099 χάριτι
194 2064 402 2097 ἀπελαύνονται,
419 2065 540 2099 ἀσέϐεια,
555 2066 601 2091 καὶ
621 2066 727 2100 φθόνος,
742 2068 790 2094 καὶ
805 2067 872 2094 ἁκο-

87 2110 180 2141 λασία,
194 2111 241 2137 καὶ
262 2110 297 2137 τὰ
311 2110 414 2142 τούτοις
439 2111 570 2146 ἑπόμενα,
589 2112 607 2138 ἃ
621 2111 666 2137 τὸν
680 2110 810 2148 λογισμὸν
826 2112 872 2139 τοῦ

88 2156 232 2191 ἀνθρώπου
247 2156 294 2182 τοῦ
306 2156 408 2188 εὐθέως
423 2156 569 2193 ἐξίστησιν.
588 2158 620 2184 Οἱ
635 2157 664 2184 δὲ
681 2158 814 2194 πρότερον
832 2159 873 2189 είς

926 1571 1072 1598 ινειίιυιιιυι·
1091 1571 1162 1598 enim
1185 1571 1291 1597 tandem
1321 1571 1372 1598 hoc
1395 1570 1475 1597 modo
1503 1570 1534 1597 ad
1561 1570 1714 1597 veritatem.

928 1625 938 1642 ι
955 1615 983 1643 1η
998 1616 1108 1643 nomine
1124 1623 1184 1642 meo
1199 1615 1331 1643 dzemonia
1345 1615 1466 1650 ejicient.
1493 1624 1501 1640 ι
1520 1614 1559 1642 Ne
1573 1615 1716 1642 miraculo-

926 1669 985 1689 rutn
1011 1661 1214 1688 eliiciendorum
1236 1660 1351 1694 gratiam
1377 1660 1427 1687 sibi
1455 1660 1616 1693 tribuerent,
1634 1665 1716 1694 atque

926 1707 993 1733 adeo
1008 1705 1042 1733 ad
1057 1705 1210 1740 superbiam
1223 1704 1400 1737 cll'errentur,
1417 1705 1519 1732 addidit
1532 1714 1537 1731 :
1551 1705 1594 1732 tln
1608 1705 1716 1732 nomine

928 1759 997 1778 meo.
1027 1760 1036 1777 ι
1059 1751 1151 1785 Neque
1176 1751 1249 1778 enim
1274 1756 1365 1778 vestra
1389 1751 1506 1784 virtute,
1529 1751 1633 1785 inquit,
1659 1751 1716 1777 [nec

926 1795 1012 1827 ﬁent,
1042 1796 1088 1822 sed
1122 1796 1232 1822 nomine
1260 1803 1319 1822 meo
1347 1796 1400 1821 vim
1432 1794 1506 1822 vobis
1533 1795 1713 1829 impertiente.

930 1849 939 1866 ι
960 1840 1095 1868 Dtcmonia
1112 1840 1230 1873 ejicient,
1248 1838 1346 1874 linguis
1365 1836 1509 1873 loquentur
1523 1837 1611 1865 novis.
1626 1846 1635 1862 ι
1655 1836 1716 1864 Haec

926 1894 992 1913 sane
1009 1886 1137 1912 miracula
1154 1885 1315 1920 plerumque
1330 1885 1431 1918 operati
1445 1887 1507 1910 sunt
1524 1883 1620 1915 sancti,
1636 1886 1662 1908 et
1673 1881 1715 1909 his

926 1931 1010 1967 plenae
1024 1935 1087 1958 sunt
1106 1938 1198 1957 eorutn
1215 1930 1335 1957 historiae
1353 1939 1359 1956 :
1375 1929 1420 1956 sed
1435 1929 1514 1956 etiam
1528 1935 1600 1955 minc
1619 1928 1713 1954 isthzee

924 1976 1102 2012 spiritualiter
1118 1976 1195 2002 ﬁunt.
1214 1976 1246 2002 Et
1269 1975 1410 2010 passiones
1433 1974 1543 2008 quidem
1559 1973 1712 2000 dtentonum

925 2029 1006 2055 opera
1035 2020 1175 2048 concitata:
1201 2020 1288 2053 gratia
1323 2018 1425 2046 Christi
1451 2018 1633 2052 expelluntur,
1661 2017 1713 2044 im-

925 2069 1021 2103 pietas,
1038 2067 1151 2098 iuvidia,
1171 2066 1387 2100 intemperantia,
1409 2073 1521 2100 quaeque
1541 2064 1583 2092 his
1598 2071 1714 2092 consen-

926 2118 1005 2141 tanea
1031 2116 1103 2144 sunt,
1129 2119 1188 2146 qua:
1218 2111 1334 2138 hominis
1361 2116 1478 2138 mentem
1505 2117 1519 2136 a
1545 2115 1618 2137 recto
1641 2114 1712 2137 statu

925 2158 1066 2194 dejiciunt.
1082 2157 1133 2190 Qui
1150 2164 1212 2184 vero
1227 2156 1254 2183 in
1269 2155 1408 2184 Christum
1426 2160 1503 2182 antea
1519 2155 1711 2182 contumeliosi

87 2202 204 2237 Χριστὸν
222 2202 422 2237 ἐνυϐρίζοντες,
437 2202 484 2230 νῦν
498 2204 723 2236 πεπιστευκότες,
736 2204 781 2231 καὶ
792 2204 870 2237 γνόν-

935 2208 1014 2236 ειτοηι,
1027 2210 1099 2230 nunc
1110 2203 1262 2235 credentes,
1277 2207 1304 2230 et
1316 2202 1444 2229 virtutem
1457 2201 1576 2229 cmlestis
1589 2201 1712 2235 mysterii

87 2256 132 2278 τες
144 2248 192 2274 τοῦ
205 2248 353 2283 μυστηρίου
364 2248 416 2284 τὴν
432 2247 559 2284 δύναμιν,
589 2250 696 2280 καιναϊς
724 2249 872 2284 λαλήσουσ-

88 2293 237 2327 γλώσσαις,
249 2293 398 2329 τριαδικοῖς
407 2293 503 2329 ὕμνοις
512 2302 542 2321 τε
555 2294 630 2329 σφῶν
638 2294 799 2329 ἁγιάζοντιιι
811 2294 873 2322 στό-

107 2364 144 2392 ς¹⁷
165 2363 258 2390 Matth.
279 2369 378 2396 xxvm,
397 2362 489 2391 l8-20.

926 2254 1122 2284 cognoscentes
1145 2248 1246 2283 linguis
1267 2248 1414 2282 loqutmtur
1437 2247 1525 2278 nevis,
1545 2251 1573 2274 et
1593 2246 1712 2274 triadicis

927 2296 1036 2331 hyumis
1060 2294 1097 2331 (l)
1120 2302 1168 2322 ora
1194 2302 1242 2322 sua
1262 2294 1440 2323 sanctiltcant.
1462 2292 1606 2327 Serpentes
1629 2292 1710 2319 etiam

699 2411 860 2444 Francisci
875 2413 984 2444 Seorsi
1002 2416 1095 2444 note.

123 2475 179 2511 (9S)
203 2475 236 2502 Et
257 2475 426 2512 rcradentibtts
448 2475 619 2512 consignatio.
643 2475 870 2512 Ἐπισφράγισμα

89 2520 185 2540 nomen
209 2512 242 2538 ah
255 2510 457 2546 ὲπισφραγίζω,
482 2511 552 2544 quod
575 2515 618 2539 est
637 2510 796 2546 obsignare,
822 2510 869 2539 seu

74 2547 177 2581 .sigillo
196 2546 331 2577 claudere,
345 2545 372 2573 et
388 2545 509 2581 munire:
528 2550 609 2580 atque
625 2547 662 2573 ita
680 2545 814 2573 notandus
827 2547 870 2574 hic

89 2580 162 2609 locus
186 2581 231 2608 ubi
256 2581 413 2616 haptismusr
430 2580 547 2613 sigillum
572 2581 673 2609 dicitur
696 2581 869 2616 imprimere.

84 2617 160 2652 ,quod
183 2616 252 2643 idem
276 2621 318 2652 est
335 2623 367 2643 ac
390 2615 542 2652 character,
559 2616 689 2652 adversus
711 2615 869 2649 Lutherum,

89 2650 200 2684 ejusque
216 2651 363 2685 gregarios,
376 2650 420 2684 qui
437 2655 535 2684 negant
549 2651 655 2684 aliquod
670 2656 869 2678 sacramentum

89 2687 274 2712 characterem
293 2685 458 2720 imprimere,
474 2690 503 2712 ut
517 2686 601 2713 nostri
620 2687 734 2719 theologi
750 2686 867 2720 loquun-

89 2726 142 2751 tur,
157 2728 209 2754 qna
227 2720 259 2746 de
275 2727 304 2746 re
323 2719 427 2754 egimus
450 2720 586 2752 copiosius
604 2721 678 2748 hom.
691 2721 736 2752 2t,
751 2719 807 2748 not.
821 2721 868 2748 95.

123 2756 180 2789 (99)
198 2754 250 2782 Sed
264 2755 325 2781 hinc
347 2763 449 2783 rursus.
466 2754 498 2781 Et
513 2754 556 2782 hic
570 2756 657 2786 locus,
672 2756 716 2782 ubi
735 2757 777 2782 hic
791 2755 870 2782 Pater

89 2791 187 2817 acriter
210 2790 346 2817 invehitur
369 2794 463 2817 contra
489 2798 536 2816 eos
565 2790 611 2825 qui
634 2790 762 2817 virtutum
788 2798 870 2824 opera

88 2832 304 2857 supervacanea,
326 2825 459 2860 iidemque
480 2825 564 2851 solam
588 2825 654 2853 satis
678 2832 812 2860 superque
837 2825 869 2851 ad

89 2861 203 2887 salutem
225 2859 439 2895 consequendam
461 2866 520 2888 esse
539 2860 647 2894 dicunt,
661 2859 791 2887 adversus
810 2867 870 2887 eos—

921 2476 983 2504 dem
1015 2480 1057 2504 est
1087 2475 1236 2508 notandus,
1258 2475 1343 2502 nostri
1374 2472 1464 2501 saeculi
1507 2477 1651 2501 novatores
1676 2479 1710 2500 ae

925 2512 1184 2546 pseudomagistros.
1200 2515 1229 2537 ut
1248 2510 1292 2546 hic
1309 2509 1389 2536 Pater
1404 2516 1450 2546 eos
1468 2508 1616 2546 vorat,_qui
1636 2508 1712 2546 simi-

921 2543 974 2573 lem
992 2543 1143 2574 doctrinam
1165 2553 1199 2573 ex
1221 2545 1349 2573 cathedra
1372 2543 1531 2578 pestilentia:
1549 2543 1711 2570 dissomina-

922 2586 994 2609 rant.
1499 2593 1502 2596 '

959 2616 997 2650 (l)
1028 2616 1062 2643 Et
1092 2615 1209 2642 triadicit
1240 2614 1352 2650 hymnis:
1393 2612 1555 2650 ΙΙξριαδικοῖις
1594 2610 1707 2650 ὕμνους.

921 2647 1064 2678 Triadicos
1083 2651 1197 2685 hymnos
1214 2654 1313 2685 vocant
1331 2648 1416 2685 Graeci
1435 2655 1491 2685 eos,
1507 2648 1550 2685 qui
1569 2647 1709 2685 continent

921 2686 1028 2713 laudem
1044 2685 1072 2712 S.
1085 2682 1234 2712 Trinitatis.
1248 2684 1275 2711 lu
1290 2682 1403 2718 singulis
1418 2683 1489 2710 enim
1503 2682 1563 2718 otiis
1579 2682 1714 2715 cujusque

923 2721 1034 2747 canonis
1049 2720 1102 2746 duo
1119 2719 1247 2752 postremi
1265 2717 1360 2745 versus
1377 2724 1482 2752 semper
1499 2717 1629 2742 liniuntur
1646 2724 1707 2752 cum

923 2756 1002 2782 laude
1030 2755 1059 2782 S.
1084 2750 1243 2784 Trinitatis,
1267 2758 1294 2780 et
1324 2751 1511 2790 B.__V'irginis;
1531 2756 1579 2790 et.
1598 2750 1711 2790 quidem

924 2794 1061 2824 postremo
1078 2790 1217 2820 proximus
1234 2791 1343 2815 notatur
1357 2785 1479 2824 littera}:
1490 2806 1496 2817 ,
1512 2789 1538 2811 et.
1555 2785 1597 2824 hic
1616 2785 1711 2824 :tpp_e_|—

926 2819 997 2851 latur
1009 2819 1158 2859 τριαδικός.
1184 2828 1335 2859 postremus
1359 2829 1423 2859 vero
1450 2821 1538 2859 littera
1565 2819 1592 2852 θ,
1609 2825 1639 2859 et_
1663 2820 1712 2846 hic

926 2855 1060 2887 οεοτδλίην
1094 2855 1191 2886 dicitur
1226 2865 1234 2883 ί
1268 2857 1308 2885 sic
1341 2857 1422 2884 etiam
1457 2855 1601 2891 inscriptos
1633 2855 1713 2892 legas)
