  <div class='ocr_page' id='page_1' title='image "/cluster/home/n/w/nwhite01/storage/ocr_20150623/132/njp.32101077773081/360.png"; bbox 0 0 1896 3051; ppageno 0'>
   <div class='ocr_carea' id='block_1_1' title="bbox 74 131 130 165">
    <p class='ocr_par' dir='ltr' id='par_1_1' title="bbox 74 131 130 165">
     <span class='ocr_line' id='line_1_1' title="bbox 74 131 130 165; baseline 0.036 -2"><span class='ocrx_word' id='word_1_1' title='bbox 74 131 130 165; x_wconf 70' lang='grc'><strong>641</strong></span> 
     </span>
    </p>
   </div>
   <div class='ocr_carea' id='block_1_2' title="bbox 750 130 1044 162">
    <p class='ocr_par' dir='ltr' id='par_1_2' title="bbox 750 130 1044 162">
     <span class='ocr_line' id='line_1_2' title="bbox 750 130 1044 162; baseline 0.003 -2"><span class='ocrx_word' id='word_1_2' title='bbox 750 130 916 160; x_wconf 68' lang='lat' dir='ltr'><strong>llOlillLlA</strong></span> <span class='ocrx_word' id='word_1_3' title='bbox 934 131 1044 162; x_wconf 79' lang='lat' dir='ltr'><strong>XXXI.</strong></span> 
     </span>
    </p>
   </div>
   <div class='ocr_carea' id='block_1_3' title="bbox 1651 134 1705 166">
    <p class='ocr_par' dir='ltr' id='par_1_3' title="bbox 1651 134 1705 166">
     <span class='ocr_line' id='line_1_3' title="bbox 1651 134 1705 166; baseline 0 0"><span class='ocrx_word' id='word_1_4' title='bbox 1651 134 1705 166; x_wconf 72' lang='lat'><strong>642</strong></span> 
     </span>
    </p>
   </div>
   <div class='ocr_carea' id='block_1_4' title="bbox 77 185 859 223">
    <p class='ocr_par' dir='ltr' id='par_1_4' title="bbox 77 185 859 222">
     <span class='ocr_line' id='line_1_4' title="bbox 77 185 859 222; baseline -0.004 -8"><span class='ocrx_word' id='word_1_5' title='bbox 77 187 246 222; x_wconf 74' lang='grc' dir='ltr'><strong>οἰκουμένην</strong></span> <span class='ocrx_word' id='word_1_6' title='bbox 263 186 347 213; x_wconf 75' lang='grc' dir='ltr'>ἐθνῶν</span> <span class='ocrx_word' id='word_1_7' title='bbox 361 186 558 222; x_wconf 67' lang='grc' dir='ltr'><strong>διεσπάρησαν,</strong></span> <span class='ocrx_word' id='word_1_8' title='bbox 572 185 740 221; x_wconf 72' lang='grc' dir='ltr'><strong>πανταχόθεν</strong></span> <span class='ocrx_word' id='word_1_9' title='bbox 751 185 796 212; x_wconf 79' lang='grc' dir='ltr'>τὸν</span> <span class='ocrx_word' id='word_1_10' title='bbox 808 185 859 211; x_wconf 79' lang='grc' dir='ltr'><strong>διὰ-</strong></span> 
     </span>
    </p>
   </div>
   <div class='ocr_carea' id='block_1_5' title="bbox 915 185 1704 223">
    <p class='ocr_par' dir='ltr' id='par_1_5' title="bbox 917 185 1704 223">
     <span class='ocr_line' id='line_1_5' title="bbox 917 185 1704 223; baseline 0.01 -13"><span class='ocrx_word' id='word_1_11' title='bbox 917 185 1038 219; x_wconf 87' lang='lat' dir='ltr'><strong>uudique</strong></span> <span class='ocrx_word' id='word_1_12' title='bbox 1064 185 1198 213; x_wconf 79' lang='lat' dir='ltr'><strong>diabolum</strong></span> <span class='ocrx_word' id='word_1_13' title='bbox 1219 187 1243 214; x_wconf 92' lang='lat' dir='ltr'><strong>vi</strong></span> <span class='ocrx_word' id='word_1_14' title='bbox 1262 187 1391 215; x_wconf 75' lang='lat' dir='ltr'><strong>doctrina:</strong></span> <span class='ocrx_word' id='word_1_15' title='bbox 1418 195 1604 223; x_wconf 86' lang='lat' dir='ltr'><strong>removerunt,</strong></span> <span class='ocrx_word' id='word_1_16' title='bbox 1629 196 1655 218; x_wconf 91' lang='lat' dir='ltr'><strong>et</strong></span> <span class='ocrx_word' id='word_1_17' title='bbox 1669 199 1704 218; x_wconf 75' lang='lat' dir='ltr'><strong>ex</strong></span> 
     </span>
    </p>
   </div>
   <div class='ocr_carea' id='block_1_6' title="bbox 76 230 863 268">
    <p class='ocr_par' dir='ltr' id='par_1_6' title="bbox 76 230 863 268">
     <span class='ocr_line' id='line_1_6' title="bbox 76 230 863 268; baseline -0.005 -8"><span class='ocrx_word' id='word_1_18' title='bbox 76 234 156 260; x_wconf 59' lang='grc' dir='ltr'>ὕθλον</span> <span class='ocrx_word' id='word_1_19' title='bbox 175 234 220 260; x_wconf 77' lang='grc' dir='ltr'>διά</span> <span class='ocrx_word' id='word_1_20' title='bbox 237 233 284 268; x_wconf 77' lang='grc' dir='ltr'><strong>τῆς</strong></span> <span class='ocrx_word' id='word_1_21' title='bbox 305 233 478 263; x_wconf 76' lang='grc' dir='ltr'>διδασκαλίας</span> <span class='ocrx_word' id='word_1_22' title='bbox 499 233 687 268; x_wconf 68' lang='grc' dir='ltr'><strong>ἀπείργοντες,</strong></span> <span class='ocrx_word' id='word_1_23' title='bbox 708 232 755 258; x_wconf 70' lang='grc' dir='ltr'>καὶ</span> <span class='ocrx_word' id='word_1_24' title='bbox 772 230 863 265; x_wconf 58' lang='grc' dir='ltr'>πάσης</span> 
     </span>
    </p>
   </div>
   <div class='ocr_carea' id='block_1_7' title="bbox 75 276 863 314">
    <p class='ocr_par' dir='ltr' id='par_1_7' title="bbox 75 276 863 314">
     <span class='ocr_line' id='line_1_7' title="bbox 75 276 863 314; baseline -0.006 -8"><span class='ocrx_word' id='word_1_25' title='bbox 75 280 161 306; x_wconf 74' lang='grc' dir='ltr'>αὑτὸν</span> <span class='ocrx_word' id='word_1_26' title='bbox 191 279 240 314; x_wconf 78' lang='grc' dir='ltr'><strong>τῆς</strong></span> <span class='ocrx_word' id='word_1_27' title='bbox 269 279 434 313; x_wconf 77' lang='grc' dir='ltr'><strong>οἰκουμένης</strong></span> <span class='ocrx_word' id='word_1_28' title='bbox 453 278 672 313; x_wconf 78' lang='grc' dir='ltr'>ὑπερορίζοντες,</span> <span class='ocrx_word' id='word_1_29' title='bbox 689 277 755 312; x_wconf 82' lang='grc' dir='ltr'>ἡμῖν</span> <span class='ocrx_word' id='word_1_30' title='bbox 774 276 863 311; x_wconf 77' lang='grc' dir='ltr'>δὲτὴν</span> 
     </span>
    </p>
   </div>
   <div class='ocr_carea' id='block_1_8' title="bbox 74 323 864 360">
    <p class='ocr_par' dir='ltr' id='par_1_8' title="bbox 74 323 864 360">
     <span class='ocr_line' id='line_1_8' title="bbox 74 323 864 360; baseline -0.005 -8"><span class='ocrx_word' id='word_1_31' title='bbox 74 325 132 352; x_wconf 82' lang='grc' dir='ltr'><strong>τῶν</strong></span> <span class='ocrx_word' id='word_1_32' title='bbox 143 326 267 360; x_wconf 75' lang='grc' dir='ltr'><strong>οὐρανῶν</strong></span> <span class='ocrx_word' id='word_1_33' title='bbox 279 324 417 360; x_wconf 77' lang='grc' dir='ltr'>βασιλείαν</span> <span class='ocrx_word' id='word_1_34' title='bbox 428 323 684 359; x_wconf 75' lang='grc' dir='ltr'><strong>παρασκευάζοντες</strong></span> <span class='ocrx_word' id='word_1_35' title='bbox 694 323 864 349; x_wconf 70' lang='grc' dir='ltr'>εὐεπίϐατον·</span> 
     </span>
    </p>
   </div>
   <div class='ocr_carea' id='block_1_9' title="bbox 74 367 865 406">
    <p class='ocr_par' dir='ltr' id='par_1_9' title="bbox 74 367 865 406">
     <span class='ocr_line' id='line_1_9' title="bbox 74 367 865 406; baseline -0.006 -9"><span class='ocrx_word' id='word_1_36' title='bbox 74 368 111 406; x_wconf 78' lang='grc' dir='ltr'>ἧς</span> <span class='ocrx_word' id='word_1_37' title='bbox 123 371 230 404; x_wconf 79' lang='grc' dir='ltr'>γένοιτο</span> <span class='ocrx_word' id='word_1_38' title='bbox 242 369 343 401; x_wconf 78' lang='grc' dir='ltr'>πάντας</span> <span class='ocrx_word' id='word_1_39' title='bbox 354 369 428 404; x_wconf 78' lang='grc' dir='ltr'>ἡμᾶς</span> <span class='ocrx_word' id='word_1_40' title='bbox 441 369 580 403; x_wconf 79' lang='grc' dir='ltr'>ἐπιτυχεῖν</span> <span class='ocrx_word' id='word_1_41' title='bbox 593 368 686 402; x_wconf 84' lang='grc' dir='ltr'>χάριτι</span> <span class='ocrx_word' id='word_1_42' title='bbox 699 367 746 393; x_wconf 83' lang='grc' dir='ltr'>τοῦ</span> <span class='ocrx_word' id='word_1_43' title='bbox 763 367 865 402; x_wconf 73' lang='grc' dir='ltr'>Κυρίου</span> 
     </span>
    </p>
   </div>
   <div class='ocr_carea' id='block_1_10' title="bbox 76 413 865 450">
    <p class='ocr_par' dir='ltr' id='par_1_10' title="bbox 76 413 865 450">
     <span class='ocr_line' id='line_1_10' title="bbox 76 413 865 450; baseline -0.004 -8"><span class='ocrx_word' id='word_1_44' title='bbox 76 417 158 450; x_wconf 83' lang='grc' dir='ltr'>ἡμῶν</span> <span class='ocrx_word' id='word_1_45' title='bbox 174 415 266 450; x_wconf 82' lang='grc' dir='ltr'>Ἰησοῦ</span> <span class='ocrx_word' id='word_1_46' title='bbox 286 415 418 450; x_wconf 66' lang='grc' dir='ltr'>Χριστοῦ,</span> <span class='ocrx_word' id='word_1_47' title='bbox 449 415 510 450; x_wconf 73' lang='grc' dir='ltr'><strong>μεθ’</strong></span> <span class='ocrx_word' id='word_1_48' title='bbox 525 413 556 441; x_wconf 71' lang='grc' dir='ltr'>οὗ</span> <span class='ocrx_word' id='word_1_49' title='bbox 574 414 613 448; x_wconf 81' lang='grc' dir='ltr'>τῷ</span> <span class='ocrx_word' id='word_1_50' title='bbox 632 414 715 448; x_wconf 72' lang='grc' dir='ltr'>Πατρῖ</span> <span class='ocrx_word' id='word_1_51' title='bbox 728 413 800 446; x_wconf 80' lang='grc' dir='ltr'>δόξα,</span> <span class='ocrx_word' id='word_1_52' title='bbox 818 413 865 439; x_wconf 80' lang='grc' dir='ltr'><strong>καὶ</strong></span> 
     </span>
    </p>
   </div>
   <div class='ocr_carea' id='block_1_11' title="bbox 77 459 862 496">
    <p class='ocr_par' dir='ltr' id='par_1_11' title="bbox 77 459 862 496">
     <span class='ocr_line' id='line_1_11' title="bbox 77 459 862 496; baseline -0.006 -7"><span class='ocrx_word' id='word_1_53' title='bbox 77 462 118 496; x_wconf 82' lang='grc' dir='ltr'><strong>τῷ</strong></span> <span class='ocrx_word' id='word_1_54' title='bbox 129 462 255 496; x_wconf 51' lang='lat' dir='ltr'><strong>(mortem?)</strong></span> <span class='ocrx_word' id='word_1_55' title='bbox 273 462 425 495; x_wconf 67' lang='grc' dir='ltr'>Πνεὺματι,</span> <span class='ocrx_word' id='word_1_56' title='bbox 442 460 489 487; x_wconf 81' lang='grc' dir='ltr'>νῦν</span> <span class='ocrx_word' id='word_1_57' title='bbox 504 461 548 487; x_wconf 78' lang='grc' dir='ltr'>καὶ</span> <span class='ocrx_word' id='word_1_58' title='bbox 567 461 606 491; x_wconf 83' lang='grc' dir='ltr'><strong>εἰς</strong></span> <span class='ocrx_word' id='word_1_59' title='bbox 620 461 683 491; x_wconf 76' lang='grc' dir='ltr'>τοὺς</span> <span class='ocrx_word' id='word_1_60' title='bbox 696 460 795 490; x_wconf 74' lang='grc' dir='ltr'>αἰῶνας</span> <span class='ocrx_word' id='word_1_61' title='bbox 808 459 862 485; x_wconf 83' lang='grc' dir='ltr'>τῶν</span> 
     </span>
    </p>
   </div>
   <div class='ocr_carea' id='block_1_12' title="bbox 75 508 317 541">
    <p class='ocr_par' dir='ltr' id='par_1_12' title="bbox 75 508 317 541">
     <span class='ocr_line' id='line_1_12' title="bbox 75 508 317 541; baseline -0.004 -8"><span class='ocrx_word' id='word_1_62' title='bbox 75 508 195 534; x_wconf 71' lang='grc' dir='ltr'>αἰώνων.</span> <span class='ocrx_word' id='word_1_63' title='bbox 219 508 247 533; x_wconf 78' lang='grc' dir='ltr'>Ἀ</span> <span class='ocrx_word' id='word_1_64' title='bbox 253 509 317 541; x_wconf 73' lang='grc' dir='ltr'><strong>μὴν.</strong></span> 
     </span>
    </p>
   </div>
   <div class='ocr_carea' id='block_1_13' title="bbox 368 561 568 589">
    <p class='ocr_par' dir='ltr' id='par_1_13' title="bbox 368 561 568 589">
     <span class='ocr_line' id='line_1_13' title="bbox 368 561 568 589; baseline 0 -1"><span class='ocrx_word' id='word_1_65' title='bbox 368 563 488 589; x_wconf 82' lang='grc' dir='ltr'><strong>ΟΜῙΛΙΑ</strong></span> <span class='ocrx_word' id='word_1_66' title='bbox 505 561 568 589; x_wconf 84' lang='grc' dir='ltr'><strong>ΛΑ’.</strong></span> 
     </span>
    </p>
   </div>
   <div class='ocr_carea' id='block_1_14' title="bbox 255 619 684 653">
    <p class='ocr_par' dir='ltr' id='par_1_14' title="bbox 255 619 684 653">
     <span class='ocr_line' id='line_1_14' title="bbox 255 619 684 653; baseline -0.005 -6"><span class='ocrx_word' id='word_1_67' title='bbox 255 620 307 652; x_wconf 74' lang='grc' dir='ltr'><strong>Εἰς</strong></span> <span class='ocrx_word' id='word_1_68' title='bbox 320 619 353 646; x_wconf 84' lang='grc' dir='ltr'>τὸ</span> <span class='ocrx_word' id='word_1_69' title='bbox 374 619 514 653; x_wconf 73' lang='grc' dir='ltr'>τέταρτον</span> <span class='ocrx_word' id='word_1_70' title='bbox 537 619 684 645; x_wconf 80' lang='grc' dir='ltr'><strong>Έωθινόν.</strong></span> 
     </span>
    </p>
   </div>
   <div class='ocr_carea' id='block_1_15' title="bbox 115 675 863 712">
    <p class='ocr_par' dir='ltr' id='par_1_15' title="bbox 115 675 863 712">
     <span class='ocr_line' id='line_1_15' title="bbox 115 675 863 712; baseline -0.003 -8"><span class='ocrx_word' id='word_1_71' title='bbox 115 677 227 712; x_wconf 77' lang='grc' dir='ltr'><strong>Ἐπειδὴ</strong></span> <span class='ocrx_word' id='word_1_72' title='bbox 245 676 309 712; x_wconf 65' lang='grc' dir='ltr'><strong>περ)⁸</strong></span> <span class='ocrx_word' id='word_1_73' title='bbox 336 677 385 711; x_wconf 85' lang='grc' dir='ltr'><strong>τῆς</strong></span> <span class='ocrx_word' id='word_1_74' title='bbox 410 675 586 711; x_wconf 79' lang='grc' dir='ltr'>ζωοπαρόχου</span> <span class='ocrx_word' id='word_1_75' title='bbox 604 675 723 711; x_wconf 81' lang='grc' dir='ltr'><strong>Χριστοῦ</strong></span> <span class='ocrx_word' id='word_1_76' title='bbox 744 676 863 703; x_wconf 79' lang='grc' dir='ltr'>ἀναστά-</span> 
     </span>
    </p>
   </div>
   <div class='ocr_carea' id='block_1_16' title="bbox 74 720 862 756">
    <p class='ocr_par' dir='ltr' id='par_1_16' title="bbox 74 720 862 756">
     <span class='ocr_line' id='line_1_16' title="bbox 74 720 862 756; baseline 0 -8"><span class='ocrx_word' id='word_1_77' title='bbox 74 731 146 753; x_wconf 85' lang='grc' dir='ltr'>σεως</span> <span class='ocrx_word' id='word_1_78' title='bbox 174 723 188 748; x_wconf 77' lang='grc' dir='ltr'>ὁ</span> <span class='ocrx_word' id='word_1_79' title='bbox 205 721 283 754; x_wconf 80' lang='grc' dir='ltr'>λόγος</span> <span class='ocrx_word' id='word_1_80' title='bbox 313 722 394 756; x_wconf 73' lang='grc' dir='ltr'>ἡμῶν</span> <span class='ocrx_word' id='word_1_81' title='bbox 426 720 563 747; x_wconf 80' lang='grc' dir='ltr'><strong>θιασεύειν</strong></span> <span class='ocrx_word' id='word_1_82' title='bbox 590 721 714 756; x_wconf 80' lang='grc' dir='ltr'>βούλεται</span> <span class='ocrx_word' id='word_1_83' title='bbox 732 721 862 756; x_wconf 80' lang='grc' dir='ltr'>σήμερον,</span> 
     </span>
    </p>
   </div>
   <div class='ocr_carea' id='block_1_17' title="bbox 71 766 863 801">
    <p class='ocr_par' dir='ltr' id='par_1_17' title="bbox 71 766 863 801">
     <span class='ocr_line' id='line_1_17' title="bbox 71 766 863 801; baseline 0 -8"><span class='ocrx_word' id='word_1_84' title='bbox 71 767 163 798; x_wconf 73' lang='grc' dir='ltr'>δεῦτε,</span> <span class='ocrx_word' id='word_1_85' title='bbox 175 767 221 793; x_wconf 85' lang='grc' dir='ltr'>καὶ</span> <span class='ocrx_word' id='word_1_86' title='bbox 237 766 335 801; x_wconf 79' lang='grc' dir='ltr'>ἴδωμεν</span> <span class='ocrx_word' id='word_1_87' title='bbox 351 766 423 792; x_wconf 84' lang='grc' dir='ltr'>κατὰ</span> <span class='ocrx_word' id='word_1_88' title='bbox 436 766 482 792; x_wconf 78' lang='grc' dir='ltr'>τὸν</span> <span class='ocrx_word' id='word_1_89' title='bbox 502 766 616 792; x_wconf 80' lang='grc' dir='ltr'>Ἡσαΐου</span> <span class='ocrx_word' id='word_1_90' title='bbox 628 766 717 800; x_wconf 87' lang='grc' dir='ltr'>λόγον,</span> <span class='ocrx_word' id='word_1_91' title='bbox 730 767 863 800; x_wconf 77' lang='grc' dir='ltr'>γυναῖκας</span> 
     </span>
    </p>
   </div>
   <div class='ocr_carea' id='block_1_18' title="bbox 71 811 863 847">
    <p class='ocr_par' dir='ltr' id='par_1_18' title="bbox 71 811 863 847">
     <span class='ocr_line' id='line_1_18' title="bbox 71 811 863 847; baseline -0.003 -8"><span class='ocrx_word' id='word_1_92' title='bbox 71 812 129 840; x_wconf 78' lang='grc' dir='ltr'><strong>ἀπὸ</strong></span> <span class='ocrx_word' id='word_1_93' title='bbox 145 813 209 843; x_wconf 79' lang='grc' dir='ltr'>θέας</span> <span class='ocrx_word' id='word_1_94' title='bbox 225 812 389 847; x_wconf 79' lang='grc' dir='ltr'>ἑρχομένας,</span> <span class='ocrx_word' id='word_1_95' title='bbox 405 811 452 837; x_wconf 81' lang='grc' dir='ltr'>καὶ</span> <span class='ocrx_word' id='word_1_96' title='bbox 473 811 662 846; x_wconf 79' lang='grc' dir='ltr'>κηρυττούσας</span> <span class='ocrx_word' id='word_1_97' title='bbox 686 812 736 838; x_wconf 80' lang='grc' dir='ltr'><strong>ὅσα</strong></span> <span class='ocrx_word' id='word_1_98' title='bbox 751 811 863 838; x_wconf 80' lang='grc' dir='ltr'>τεθὲαν-</span> 
     </span>
    </p>
   </div>
   <div class='ocr_carea' id='block_1_19' title="bbox 918 231 1705 268">
    <p class='ocr_par' dir='ltr' id='par_1_19' title="bbox 918 231 1705 268">
     <span class='ocr_line' id='line_1_19' title="bbox 918 231 1705 268; baseline 0.011 -12"><span class='ocrx_word' id='word_1_99' title='bbox 918 231 993 258; x_wconf 75' lang='lat' dir='ltr'><strong>muni</strong></span> <span class='ocrx_word' id='word_1_100' title='bbox 1022 236 1155 258; x_wconf 85' lang='lat' dir='ltr'><strong>terrarum</strong></span> <span class='ocrx_word' id='word_1_101' title='bbox 1181 233 1247 260; x_wconf 84' lang='lat' dir='ltr'><strong>orbe</strong></span> <span class='ocrx_word' id='word_1_102' title='bbox 1277 234 1510 268; x_wconf 75' lang='lat' dir='ltr'><strong>exterminarunt;</strong></span> <span class='ocrx_word' id='word_1_103' title='bbox 1537 236 1615 263; x_wconf 85' lang='lat' dir='ltr'><strong>nobis</strong></span> <span class='ocrx_word' id='word_1_104' title='bbox 1641 245 1705 265; x_wconf 72' lang='lat' dir='ltr'><strong>vero</strong></span> 
     </span>
    </p>
   </div>
   <div class='ocr_carea' id='block_1_20' title="bbox 919 276 1703 317">
    <p class='ocr_par' dir='ltr' id='par_1_20' title="bbox 919 276 1703 317">
     <span class='ocr_line' id='line_1_20' title="bbox 919 276 1703 317; baseline 0.009 -14"><span class='ocrx_word' id='word_1_105' title='bbox 919 276 1024 304; x_wconf 77' lang='lat' dir='ltr'><strong>facilem</strong></span> <span class='ocrx_word' id='word_1_106' title='bbox 1038 278 1070 304; x_wconf 85' lang='lat' dir='ltr'><strong>ad</strong></span> <span class='ocrx_word' id='word_1_107' title='bbox 1085 278 1196 306; x_wconf 72' lang='lat' dir='ltr'><strong>cmlesm</strong></span> <span class='ocrx_word' id='word_1_108' title='bbox 1214 287 1325 314; x_wconf 77' lang='lat' dir='ltr'><strong>regnum</strong></span> <span class='ocrx_word' id='word_1_109' title='bbox 1344 281 1502 308; x_wconf 84' lang='lat' dir='ltr'><strong>munierunt</strong></span> <span class='ocrx_word' id='word_1_110' title='bbox 1517 283 1587 309; x_wconf 90' lang='lat' dir='ltr'><strong>viam</strong></span> <span class='ocrx_word' id='word_1_111' title='bbox 1601 290 1608 309; x_wconf 91' lang='lat'><strong>:</strong></span> <span class='ocrx_word' id='word_1_112' title='bbox 1624 284 1703 317; x_wconf 80' lang='lat' dir='ltr'><strong>cujus</strong></span> 
     </span>
    </p>
   </div>
   <div class='ocr_carea' id='block_1_21' title="bbox 918 323 1705 362">
    <p class='ocr_par' dir='ltr' id='par_1_21' title="bbox 918 323 1705 362">
     <span class='ocr_line' id='line_1_21' title="bbox 918 323 1705 362; baseline 0.008 -13"><span class='ocrx_word' id='word_1_113' title='bbox 918 330 968 349; x_wconf 90' lang='lat' dir='ltr'><strong>nos</strong></span> <span class='ocrx_word' id='word_1_114' title='bbox 993 323 1095 350; x_wconf 79' lang='lat' dir='ltr'><strong>utinam</strong></span> <span class='ocrx_word' id='word_1_115' title='bbox 1117 331 1211 351; x_wconf 87' lang='lat' dir='ltr'><strong>omnes</strong></span> <span class='ocrx_word' id='word_1_116' title='bbox 1228 330 1366 360; x_wconf 84' lang='lat' dir='ltr'><strong>compotes</strong></span> <span class='ocrx_word' id='word_1_117' title='bbox 1385 325 1533 354; x_wconf 84' lang='lat' dir='ltr'><strong>elliciamur</strong></span> <span class='ocrx_word' id='word_1_118' title='bbox 1548 329 1632 362; x_wconf 74' lang='lat' dir='ltr'><strong>gratia</strong></span> <span class='ocrx_word' id='word_1_119' title='bbox 1652 329 1705 355; x_wconf 86' lang='lat' dir='ltr'><strong>Do-</strong></span> 
     </span>
    </p>
   </div>
   <div class='ocr_carea' id='block_1_22' title="bbox 919 367 1704 407">
    <p class='ocr_par' dir='ltr' id='par_1_22' title="bbox 919 367 1704 407">
     <span class='ocr_line' id='line_1_22' title="bbox 919 367 1704 407; baseline 0.008 -13"><span class='ocrx_word' id='word_1_120' title='bbox 919 368 984 395; x_wconf 90' lang='lat' dir='ltr'><strong>mini</strong></span> <span class='ocrx_word' id='word_1_121' title='bbox 1002 369 1086 395; x_wconf 90' lang='lat' dir='ltr'><strong>nostri</strong></span> <span class='ocrx_word' id='word_1_122' title='bbox 1104 367 1167 396; x_wconf 88' lang='lat' dir='ltr'><strong>Jcsu</strong></span> <span class='ocrx_word' id='word_1_123' title='bbox 1185 370 1296 402; x_wconf 77' lang='lat' dir='ltr'><strong>Christi.</strong></span> <span class='ocrx_word' id='word_1_124' title='bbox 1310 379 1426 405; x_wconf 85' lang='lat' dir='ltr'><strong>quocum</strong></span> <span class='ocrx_word' id='word_1_125' title='bbox 1451 371 1524 398; x_wconf 89' lang='lat' dir='ltr'><strong>Patri</strong></span> <span class='ocrx_word' id='word_1_126' title='bbox 1550 378 1574 399; x_wconf 88' lang='lat' dir='ltr'><strong>et</strong></span> <span class='ocrx_word' id='word_1_127' title='bbox 1591 373 1704 407; x_wconf 86' lang='lat' dir='ltr'><strong>Spiritui</strong></span> 
     </span>
    </p>
   </div>
   <div class='ocr_carea' id='block_1_23' title="bbox 917 413 1703 449">
    <p class='ocr_par' dir='ltr' id='par_1_23' title="bbox 917 413 1703 449">
     <span class='ocr_line' id='line_1_23' title="bbox 917 413 1703 449; baseline 0.01 -11"><span class='ocrx_word' id='word_1_128' title='bbox 917 413 1064 440; x_wconf 84' lang='lat' dir='ltr'><strong>viviﬁcanli</strong></span> <span class='ocrx_word' id='word_1_129' title='bbox 1083 414 1169 449; x_wconf 74' lang='lat' dir='ltr'><strong>gloria</strong></span> <span class='ocrx_word' id='word_1_130' title='bbox 1183 421 1225 442; x_wconf 88' lang='lat' dir='ltr'><strong>cst</strong></span> <span class='ocrx_word' id='word_1_131' title='bbox 1240 424 1320 449; x_wconf 89' lang='lat' dir='ltr'><strong>nunc,</strong></span> <span class='ocrx_word' id='word_1_132' title='bbox 1333 421 1359 443; x_wconf 93' lang='lat' dir='ltr'><strong>et</strong></span> <span class='ocrx_word' id='word_1_133' title='bbox 1376 417 1401 443; x_wconf 89' lang='lat' dir='ltr'><strong>in</strong></span> <span class='ocrx_word' id='word_1_134' title='bbox 1415 418 1514 444; x_wconf 67' lang='lat' dir='ltr'><strong>smcula</strong></span> <span class='ocrx_word' id='word_1_135' title='bbox 1531 419 1703 447; x_wconf 63' lang='lat' dir='ltr'><strong>saeculorum.</strong></span> 
     </span>
    </p>
   </div>
   <div class='ocr_carea' id='block_1_24' title="bbox 916 458 1004 486">
    <p class='ocr_par' dir='ltr' id='par_1_24' title="bbox 916 458 1004 486">
     <span class='ocr_line' id='line_1_24' title="bbox 916 458 1004 486; baseline 0.011 -1"><span class='ocrx_word' id='word_1_136' title='bbox 916 458 1004 486; x_wconf 83' lang='lat' dir='ltr'><strong>Amen</strong></span> 
     </span>
    </p>
   </div>
   <div class='ocr_carea' id='block_1_25' title="bbox 1179 560 1440 590">
    <p class='ocr_par' dir='ltr' id='par_1_25' title="bbox 1179 560 1440 590">
     <span class='ocr_line' id='line_1_25' title="bbox 1179 560 1440 590; baseline 0.011 -3"><span class='ocrx_word' id='word_1_137' title='bbox 1179 560 1320 588; x_wconf 76' lang='lat' dir='ltr'><strong>lIOMlLIA</strong></span> <span class='ocrx_word' id='word_1_138' title='bbox 1341 561 1440 590; x_wconf 74' lang='lat' dir='ltr'><strong>XXXI.</strong></span> 
     </span>
    </p>
   </div>
   <div class='ocr_carea' id='block_1_26' title="bbox 1122 617 1489 654">
    <p class='ocr_par' dir='ltr' id='par_1_26' title="bbox 1122 617 1489 654">
     <span class='ocr_line' id='line_1_26' title="bbox 1122 617 1489 654; baseline 0.008 -9"><span class='ocrx_word' id='word_1_139' title='bbox 1122 617 1157 645; x_wconf 82' lang='lat' dir='ltr'><strong>In</strong></span> <span class='ocrx_word' id='word_1_140' title='bbox 1172 624 1295 654; x_wconf 80' lang='lat' dir='ltr'><strong>quartum</strong></span> <span class='ocrx_word' id='word_1_141' title='bbox 1316 619 1489 648; x_wconf 68' lang='lat' dir='ltr'><strong>“diutinum.</strong></span> 
     </span>
    </p>
   </div>
   <div class='ocr_carea' id='block_1_27' title="bbox 951 671 1701 712">
    <p class='ocr_par' dir='ltr' id='par_1_27' title="bbox 951 671 1701 712">
     <span class='ocr_line' id='line_1_27' title="bbox 951 671 1701 712; baseline 0.011 -14"><span class='ocrx_word' id='word_1_142' title='bbox 951 671 1084 705; x_wconf 88' lang='lat' dir='ltr'><strong>Quoniam</strong></span> <span class='ocrx_word' id='word_1_143' title='bbox 1106 675 1138 702; x_wconf 89' lang='lat' dir='ltr'><strong>de</strong></span> <span class='ocrx_word' id='word_1_144' title='bbox 1163 675 1265 702; x_wconf 89' lang='lat' dir='ltr'><strong>Christi</strong></span> <span class='ocrx_word' id='word_1_145' title='bbox 1288 677 1486 704; x_wconf 79' lang='lat' dir='ltr'><strong>resurrectione</strong></span> <span class='ocrx_word' id='word_1_146' title='bbox 1514 677 1595 704; x_wconf 84' lang='lat' dir='ltr'><strong>vitam</strong></span> <span class='ocrx_word' id='word_1_147' title='bbox 1630 686 1701 712; x_wconf 60' lang='lat' dir='ltr'><strong>prae-</strong></span> 
     </span>
    </p>
   </div>
   <div class='ocr_carea' id='block_1_28' title="bbox 916 717 1702 760">
    <p class='ocr_par' dir='ltr' id='par_1_28' title="bbox 916 717 1702 760">
     <span class='ocr_line' id='line_1_28' title="bbox 916 717 1702 760; baseline 0.01 -16"><span class='ocrx_word' id='word_1_148' title='bbox 916 717 998 745; x_wconf 88' lang='lat' dir='ltr'><strong>bente</strong></span> <span class='ocrx_word' id='word_1_149' title='bbox 1011 720 1088 747; x_wconf 86' lang='lat' dir='ltr'><strong>nobis</strong></span> <span class='ocrx_word' id='word_1_150' title='bbox 1101 721 1189 747; x_wconf 85' lang='lat' dir='ltr'><strong>oratio</strong></span> <span class='ocrx_word' id='word_1_151' title='bbox 1208 722 1337 748; x_wconf 73' lang='lat' dir='ltr'><strong>hodierna</strong></span> <span class='ocrx_word' id='word_1_152' title='bbox 1357 723 1437 750; x_wconf 82' lang='lat' dir='ltr'><strong>debet</strong></span> <span class='ocrx_word' id='word_1_153' title='bbox 1454 723 1571 756; x_wconf 87' lang='lat' dir='ltr'><strong>institui,</strong></span> <span class='ocrx_word' id='word_1_154' title='bbox 1584 732 1632 758; x_wconf 76' lang='lat' dir='ltr'><strong>age</strong></span> <span class='ocrx_word' id='word_1_155' title='bbox 1645 725 1702 760; x_wconf 87' lang='lat' dir='ltr'><strong>jam</strong></span> 
     </span>
    </p>
   </div>
   <div class='ocr_carea' id='block_1_29' title="bbox 913 762 1703 804">
    <p class='ocr_par' dir='ltr' id='par_1_29' title="bbox 913 762 1703 804">
     <span class='ocr_line' id='line_1_29' title="bbox 913 762 1703 804; baseline 0.011 -15"><span class='ocrx_word' id='word_1_156' title='bbox 913 762 992 796; x_wconf 75' lang='lat' dir='ltr'><strong>juxta</strong></span> <span class='ocrx_word' id='word_1_157' title='bbox 1019 764 1094 792; x_wconf 80' lang='lat' dir='ltr'><strong>Isaiae</strong></span> <span class='ocrx_word' id='word_1_158' title='bbox 1113 766 1225 793; x_wconf 80' lang='lat' dir='ltr'><strong>verba“</strong></span> <span class='ocrx_word' id='word_1_159' title='bbox 1241 767 1380 795; x_wconf 84' lang='lat' dir='ltr'><strong>videamus</strong></span> <span class='ocrx_word' id='word_1_160' title='bbox 1404 768 1532 797; x_wconf 86' lang='lat' dir='ltr'><strong>mulieres</strong></span> <span class='ocrx_word' id='word_1_161' title='bbox 1556 777 1570 796; x_wconf 89' lang='lat' dir='ltr'><strong>a</strong></span> <span class='ocrx_word' id='word_1_162' title='bbox 1595 776 1703 804; x_wconf 85' lang='lat' dir='ltr'><strong>specta-</strong></span> 
     </span>
    </p>
   </div>
   <div class='ocr_carea' id='block_1_30' title="bbox 914 809 1702 849">
    <p class='ocr_par' dir='ltr' id='par_1_30' title="bbox 914 809 1702 849">
     <span class='ocr_line' id='line_1_30' title="bbox 914 809 1702 849; baseline 0.013 -15"><span class='ocrx_word' id='word_1_163' title='bbox 914 809 976 836; x_wconf 89' lang='lat' dir='ltr'><strong>culo</strong></span> <span class='ocrx_word' id='word_1_164' title='bbox 993 810 1142 843; x_wconf 86' lang='lat' dir='ltr'><strong>venientes,</strong></span> <span class='ocrx_word' id='word_1_165' title='bbox 1153 816 1181 838; x_wconf 90' lang='lat' dir='ltr'><strong>et</strong></span> <span class='ocrx_word' id='word_1_166' title='bbox 1194 819 1362 846; x_wconf 62' lang='lat' dir='ltr'><strong>quaecunque</strong></span> <span class='ocrx_word' id='word_1_167' title='bbox 1377 813 1496 841; x_wconf 83' lang='lat' dir='ltr'><strong>viderint</strong></span> <span class='ocrx_word' id='word_1_168' title='bbox 1510 815 1702 849; x_wconf 71' lang='lat' dir='ltr'><strong>pra-dicantes.</strong></span> 
     </span>
    </p>
   </div>
   <div class='ocr_carea' id='block_1_31' title="bbox 71 853 859 896">
    <p class='ocr_par' dir='ltr' id='par_1_31' title="bbox 71 853 859 890">
     <span class='ocr_line' id='line_1_31' title="bbox 71 853 859 890; baseline -0.004 -7"><span class='ocrx_word' id='word_1_169' title='bbox 71 865 129 884; x_wconf 79' lang='grc' dir='ltr'>ται,</span> <span class='ocrx_word' id='word_1_170' title='bbox 142 853 229 883; x_wconf 73' lang='grc' dir='ltr'>Λῦται</span> <span class='ocrx_word' id='word_1_171' title='bbox 239 856 267 882; x_wconf 81' lang='grc' dir='ltr'><strong>δέ</strong></span> <span class='ocrx_word' id='word_1_172' title='bbox 284 856 355 882; x_wconf 79' lang='grc' dir='ltr'>εἰσιν</span> <span class='ocrx_word' id='word_1_173' title='bbox 367 855 395 881; x_wconf 74' lang='grc' dir='ltr'>αἱ</span> <span class='ocrx_word' id='word_1_174' title='bbox 410 855 475 889; x_wconf 78' lang='grc' dir='ltr'>περὶ</span> <span class='ocrx_word' id='word_1_175' title='bbox 491 855 541 890; x_wconf 79' lang='grc' dir='ltr'><strong>τὴν</strong></span> <span class='ocrx_word' id='word_1_176' title='bbox 553 854 736 890; x_wconf 83' lang='grc' dir='ltr'>Μαγδαληνὴν</span> <span class='ocrx_word' id='word_1_177' title='bbox 751 855 859 890; x_wconf 78' lang='grc' dir='ltr'>Μαρίαν</span> 
     </span>
    </p>
   </div>
   <div class='ocr_carea' id='block_1_32' title="bbox 915 853 1702 896">
    <p class='ocr_par' dir='ltr' id='par_1_32' title="bbox 915 854 1702 896">
     <span class='ocr_line' id='line_1_32' title="bbox 915 854 1702 896; baseline 0.009 -15"><span class='ocrx_word' id='word_1_178' title='bbox 915 854 961 881; x_wconf 69' lang='lat' dir='ltr'><strong>liae</strong></span> <span class='ocrx_word' id='word_1_179' title='bbox 979 863 1044 882; x_wconf 92' lang='lat' dir='ltr'><strong>vero</strong></span> <span class='ocrx_word' id='word_1_180' title='bbox 1058 862 1123 883; x_wconf 88' lang='lat' dir='ltr'><strong>sunt</strong></span> <span class='ocrx_word' id='word_1_181' title='bbox 1139 857 1294 891; x_wconf 78' lang='lat' dir='ltr'><strong>Magdalena</strong></span> <span class='ocrx_word' id='word_1_182' title='bbox 1310 858 1425 892; x_wconf 83' lang='lat' dir='ltr'><strong>ejusque</strong></span> <span class='ocrx_word' id='word_1_183' title='bbox 1439 860 1553 887; x_wconf 88' lang='lat' dir='ltr'><strong>comites</strong></span> <span class='ocrx_word' id='word_1_184' title='bbox 1565 865 1702 896; x_wconf 75' lang='lat' dir='ltr'><strong>unguenta</strong></span> 
     </span>
    </p>
   </div>
   <div class='ocr_carea' id='block_1_33' title="bbox 72 899 862 936">
    <p class='ocr_par' dir='ltr' id='par_1_33' title="bbox 72 899 862 936">
     <span class='ocr_line' id='line_1_33' title="bbox 72 899 862 936; baseline -0.004 -9"><span class='ocrx_word' id='word_1_185' title='bbox 72 901 318 936; x_wconf 82' lang='grc' dir='ltr'>μυροκομίοτριαι.</span> <span class='ocrx_word' id='word_1_186' title='bbox 334 899 473 935; x_wconf 80' lang='grc' dir='ltr'>Ὀπηνὶκα</span> <span class='ocrx_word' id='word_1_187' title='bbox 489 900 536 926; x_wconf 76' lang='grc' dir='ltr'>τοῦ</span> <span class='ocrx_word' id='word_1_188' title='bbox 553 899 651 934; x_wconf 70' lang='grc' dir='ltr'>φθόνου</span> <span class='ocrx_word' id='word_1_189' title='bbox 664 899 717 925; x_wconf 85' lang='grc' dir='ltr'><strong>τῶν</strong></span> <span class='ocrx_word' id='word_1_190' title='bbox 728 899 862 934; x_wconf 82' lang='grc' dir='ltr'>μισοοέων</span> 
     </span>
    </p>
   </div>
   <div class='ocr_carea' id='block_1_34' title="bbox 76 945 861 981">
    <p class='ocr_par' dir='ltr' id='par_1_34' title="bbox 76 945 861 981">
     <span class='ocr_line' id='line_1_34' title="bbox 76 945 861 981; baseline -0.003 -8"><span class='ocrx_word' id='word_1_191' title='bbox 76 947 216 973; x_wconf 78' lang='grc' dir='ltr'>Ἰουδαίων</span> <span class='ocrx_word' id='word_1_192' title='bbox 234 946 419 981; x_wconf 82' lang='grc' dir='ltr'>λωφήσαντος,</span> <span class='ocrx_word' id='word_1_193' title='bbox 433 946 486 972; x_wconf 72' lang='grc' dir='ltr'>,καὶ</span> <span class='ocrx_word' id='word_1_194' title='bbox 504 945 551 972; x_wconf 86' lang='grc' dir='ltr'>τοῦ</span> <span class='ocrx_word' id='word_1_195' title='bbox 567 945 753 980; x_wconf 79' lang='grc' dir='ltr'>φθονουμένου</span> <span class='ocrx_word' id='word_1_196' title='bbox 768 953 861 980; x_wconf 86' lang='grc' dir='ltr'>σωμα-</span> 
     </span>
    </p>
   </div>
   <div class='ocr_carea' id='block_1_35' title="bbox 71 991 863 1028">
    <p class='ocr_par' dir='ltr' id='par_1_35' title="bbox 71 991 863 1028">
     <span class='ocr_line' id='line_1_35' title="bbox 71 991 863 1028; baseline -0.003 -9"><span class='ocrx_word' id='word_1_197' title='bbox 71 993 158 1024; x_wconf 83' lang='grc' dir='ltr'>τικῶς</span> <span class='ocrx_word' id='word_1_198' title='bbox 178 994 207 1019; x_wconf 83' lang='grc' dir='ltr'>ὲν</span> <span class='ocrx_word' id='word_1_199' title='bbox 218 993 256 1028; x_wconf 84' lang='grc' dir='ltr'>τῷ</span> <span class='ocrx_word' id='word_1_200' title='bbox 268 993 347 1027; x_wconf 80' lang='grc' dir='ltr'>τάφῳ</span> <span class='ocrx_word' id='word_1_201' title='bbox 362 992 587 1024; x_wconf 75' lang='grc' dir='ltr'>σαδὸατίσαντος,</span> <span class='ocrx_word' id='word_1_202' title='bbox 600 991 629 1024; x_wconf 82' lang='grc' dir='ltr'>ὃς</span> <span class='ocrx_word' id='word_1_203' title='bbox 643 992 675 1026; x_wconf 79' lang='grc' dir='ltr'><strong>δὴ</strong></span> <span class='ocrx_word' id='word_1_204' title='bbox 693 991 771 1026; x_wconf 78' lang='grc' dir='ltr'>θεῖκῇ</span> <span class='ocrx_word' id='word_1_205' title='bbox 787 992 863 1025; x_wconf 74' lang='grc' dir='ltr'>ἐξου-</span> 
     </span>
    </p>
   </div>
   <div class='ocr_carea' id='block_1_36' title="bbox 72 1038 596 1075">
    <p class='ocr_par' dir='ltr' id='par_1_36' title="bbox 72 1038 596 1075">
     <span class='ocr_line' id='line_1_36' title="bbox 72 1038 596 1075; baseline -0.002 -9"><span class='ocrx_word' id='word_1_206' title='bbox 72 1039 120 1074; x_wconf 59' lang='grc' dir='ltr'>σίᾳ.</span> <span class='ocrx_word' id='word_1_207' title='bbox 133 1039 180 1065; x_wconf 81' lang='grc' dir='ltr'>τὸν</span> <span class='ocrx_word' id='word_1_208' title='bbox 195 1039 262 1075; x_wconf 69' lang='grc' dir='ltr'>ᾅδην</span> <span class='ocrx_word' id='word_1_209' title='bbox 283 1038 436 1070; x_wconf 78' lang='grc' dir='ltr'><strong>σκυλεύσας</strong></span> <span class='ocrx_word' id='word_1_210' title='bbox 451 1039 596 1074; x_wconf 77' lang='grc' dir='ltr'>ἐγήγερτο.</span> 
     </span>
    </p>
   </div>
   <div class='ocr_carea' id='block_1_37' title="bbox 111 1128 861 1165">
    <p class='ocr_par' dir='ltr' id='par_1_37' title="bbox 111 1128 861 1165">
     <span class='ocr_line' id='line_1_37' title="bbox 111 1128 861 1165; baseline 0 -9"><span class='ocrx_word' id='word_1_211' title='bbox 111 1139 120 1156; x_wconf 72' lang='grc' dir='ltr'><strong>ε</strong></span> <span class='ocrx_word' id='word_1_212' title='bbox 141 1130 182 1165; x_wconf 86' lang='grc' dir='ltr'><strong>Τῇ</strong></span> <span class='ocrx_word' id='word_1_213' title='bbox 198 1130 247 1165; x_wconf 83' lang='grc' dir='ltr'><strong>μιᾷ</strong></span> <span class='ocrx_word' id='word_1_214' title='bbox 260 1129 315 1156; x_wconf 80' lang='grc' dir='ltr'>τῶν</span> <span class='ocrx_word' id='word_1_215' title='bbox 332 1129 478 1156; x_wconf 75' lang='grc' dir='ltr'>Σαϐὄάτων</span> <span class='ocrx_word' id='word_1_216' title='bbox 495 1129 595 1165; x_wconf 78' lang='grc' dir='ltr'>ὅρορου</span> <span class='ocrx_word' id='word_1_217' title='bbox 611 1129 717 1165; x_wconf 76' lang='grc' dir='ltr'>βαθέως</span> <span class='ocrx_word' id='word_1_218' title='bbox 733 1128 861 1164; x_wconf 74' lang='grc' dir='ltr'>ἔρχονται</span> 
     </span>
    </p>
   </div>
   <div class='ocr_carea' id='block_1_38' title="bbox 71 1174 858 1211">
    <p class='ocr_par' dir='ltr' id='par_1_38' title="bbox 71 1174 858 1211">
     <span class='ocr_line' id='line_1_38' title="bbox 71 1174 858 1211; baseline 0 -10"><span class='ocrx_word' id='word_1_219' title='bbox 71 1175 118 1202; x_wconf 75' lang='grc' dir='ltr'><strong>ἐπὶ</strong></span> <span class='ocrx_word' id='word_1_220' title='bbox 138 1175 169 1201; x_wconf 78' lang='grc' dir='ltr'>τὸ</span> <span class='ocrx_word' id='word_1_221' title='bbox 182 1176 315 1210; x_wconf 78' lang='grc' dir='ltr'>μνημεῖον</span> <span class='ocrx_word' id='word_1_222' title='bbox 328 1175 460 1210; x_wconf 78' lang='grc' dir='ltr'>φέρουσαι</span> <span class='ocrx_word' id='word_1_223' title='bbox 474 1174 492 1201; x_wconf 78' lang='grc' dir='ltr'>ἃ</span> <span class='ocrx_word' id='word_1_224' title='bbox 507 1175 661 1210; x_wconf 74' lang='grc' dir='ltr'>ἡτοίμασαν</span> <span class='ocrx_word' id='word_1_225' title='bbox 683 1174 830 1211; x_wconf 83' lang='grc' dir='ltr'>ἀρώματα.</span> <span class='ocrx_word' id='word_1_226' title='bbox 849 1184 858 1201; x_wconf 72' lang='grc' dir='ltr'><strong>ι</strong></span> 
     </span>
    </p>
   </div>
   <div class='ocr_carea' id='block_1_39' title="bbox 73 1221 862 1257">
    <p class='ocr_par' dir='ltr' id='par_1_39' title="bbox 73 1221 862 1257">
     <span class='ocr_line' id='line_1_39' title="bbox 73 1221 862 1257; baseline 0 -9"><span class='ocrx_word' id='word_1_227' title='bbox 73 1222 161 1257; x_wconf 77' lang='grc' dir='ltr'>Ἄλλη</span> <span class='ocrx_word' id='word_1_228' title='bbox 174 1221 203 1248; x_wconf 78' lang='grc' dir='ltr'><strong>δὲ</strong></span> <span class='ocrx_word' id='word_1_229' title='bbox 220 1223 289 1257; x_wconf 78' lang='grc' dir='ltr'>αῦτη</span> <span class='ocrx_word' id='word_1_230' title='bbox 310 1222 457 1249; x_wconf 79' lang='grc' dir='ltr'>ἐπιστασία</span> <span class='ocrx_word' id='word_1_231' title='bbox 473 1222 527 1248; x_wconf 86' lang='grc' dir='ltr'><strong>τῶν</strong></span> <span class='ocrx_word' id='word_1_232' title='bbox 548 1221 627 1256; x_wconf 79' lang='grc' dir='ltr'>ἱερῶν</span> <span class='ocrx_word' id='word_1_233' title='bbox 644 1222 784 1256; x_wconf 83' lang='grc' dir='ltr'>γυναικῶν</span> <span class='ocrx_word' id='word_1_234' title='bbox 802 1222 862 1248; x_wconf 85' lang='grc' dir='ltr'>δια-</span> 
     </span>
    </p>
   </div>
   <div class='ocr_carea' id='block_1_40' title="bbox 72 1264 860 1304">
    <p class='ocr_par' dir='ltr' id='par_1_40' title="bbox 72 1264 860 1304">
     <span class='ocr_line' id='line_1_40' title="bbox 72 1264 860 1304; baseline 0 -10"><span class='ocrx_word' id='word_1_235' title='bbox 72 1269 197 1304; x_wconf 83' lang='grc' dir='ltr'>φέρουσα</span> <span class='ocrx_word' id='word_1_236' title='bbox 215 1269 338 1301; x_wconf 81' lang='grc' dir='ltr'>ἐκείνων,</span> <span class='ocrx_word' id='word_1_237' title='bbox 351 1268 416 1304; x_wconf 83' lang='grc' dir='ltr'>περὶ</span> <span class='ocrx_word' id='word_1_238' title='bbox 431 1264 469 1294; x_wconf 81' lang='grc' dir='ltr'>ὦν</span> <span class='ocrx_word' id='word_1_239' title='bbox 484 1268 498 1294; x_wconf 85' lang='grc' dir='ltr'><strong>ὁ</strong></span> <span class='ocrx_word' id='word_1_240' title='bbox 509 1268 658 1300; x_wconf 83' lang='grc' dir='ltr'>Ματθαῖος,</span> <span class='ocrx_word' id='word_1_241' title='bbox 671 1268 719 1295; x_wconf 74' lang='grc' dir='ltr'>καὶ</span> <span class='ocrx_word' id='word_1_242' title='bbox 735 1268 860 1303; x_wconf 81' lang='grc' dir='ltr'>Μάρκος,</span> 
     </span>
    </p>
   </div>
   <div class='ocr_carea' id='block_1_41' title="bbox 71 1314 861 1350">
    <p class='ocr_par' dir='ltr' id='par_1_41' title="bbox 71 1314 861 1350">
     <span class='ocr_line' id='line_1_41' title="bbox 71 1314 861 1350; baseline -0.001 -9"><span class='ocrx_word' id='word_1_243' title='bbox 71 1315 122 1341; x_wconf 73' lang='grc' dir='ltr'>καὶ</span> <span class='ocrx_word' id='word_1_244' title='bbox 156 1314 282 1349; x_wconf 83' lang='grc' dir='ltr'><strong>Ἰωάννης</strong></span> <span class='ocrx_word' id='word_1_245' title='bbox 311 1314 497 1349; x_wconf 74' lang='grc' dir='ltr'>συνέγραψαν,</span> <span class='ocrx_word' id='word_1_246' title='bbox 529 1314 567 1345; x_wconf 83' lang='grc' dir='ltr'>ὠς</span> <span class='ocrx_word' id='word_1_247' title='bbox 581 1315 613 1340; x_wconf 83' lang='grc' dir='ltr'>ὲκ</span> <span class='ocrx_word' id='word_1_248' title='bbox 628 1315 675 1340; x_wconf 84' lang='grc' dir='ltr'><strong>τοῦ</strong></span> <span class='ocrx_word' id='word_1_249' title='bbox 692 1314 788 1350; x_wconf 79' lang='grc' dir='ltr'>καιροῦ</span> <span class='ocrx_word' id='word_1_250' title='bbox 814 1315 861 1341; x_wconf 79' lang='grc' dir='ltr'>καὶ</span> 
     </span>
    </p>
   </div>
   <div class='ocr_carea' id='block_1_42' title="bbox 71 1359 860 1395">
    <p class='ocr_par' dir='ltr' id='par_1_42' title="bbox 71 1359 860 1395">
     <span class='ocr_line' id='line_1_42' title="bbox 71 1359 860 1395; baseline 0 -10"><span class='ocrx_word' id='word_1_251' title='bbox 71 1360 119 1386; x_wconf 75' lang='grc' dir='ltr'>τοῦ</span> <span class='ocrx_word' id='word_1_252' title='bbox 136 1360 282 1395; x_wconf 81' lang='grc' dir='ltr'>προσώπου</span> <span class='ocrx_word' id='word_1_253' title='bbox 300 1359 509 1394; x_wconf 75' lang='grc' dir='ltr'>τεκμαίρεσθαι.</span> <span class='ocrx_word' id='word_1_254' title='bbox 527 1359 656 1394; x_wconf 79' lang='grc' dir='ltr'><strong>Ἰωάννης</strong></span> <span class='ocrx_word' id='word_1_255' title='bbox 677 1360 724 1394; x_wconf 74' lang='grc' dir='ltr'><strong>μὲν</strong></span> <span class='ocrx_word' id='word_1_256' title='bbox 743 1360 798 1394; x_wconf 78' lang='grc' dir='ltr'>γὰρ</span> <span class='ocrx_word' id='word_1_257' title='bbox 811 1359 860 1394; x_wconf 82' lang='grc' dir='ltr'><strong>μό-</strong></span> 
     </span>
    </p>
   </div>
   <div class='ocr_carea' id='block_1_43' title="bbox 71 1403 861 1440">
    <p class='ocr_par' dir='ltr' id='par_1_43' title="bbox 71 1403 861 1440">
     <span class='ocr_line' id='line_1_43' title="bbox 71 1403 861 1440; baseline 0.003 -10"><span class='ocrx_word' id='word_1_258' title='bbox 71 1413 122 1439; x_wconf 88' lang='grc' dir='ltr'><strong>νην</strong></span> <span class='ocrx_word' id='word_1_259' title='bbox 155 1405 223 1439; x_wconf 78' lang='grc' dir='ltr'>φησὶ</span> <span class='ocrx_word' id='word_1_260' title='bbox 251 1403 302 1440; x_wconf 80' lang='grc' dir='ltr'><strong>τὴν</strong></span> <span class='ocrx_word' id='word_1_261' title='bbox 327 1404 509 1440; x_wconf 82' lang='grc' dir='ltr'>Μαγδαληνὴν</span> <span class='ocrx_word' id='word_1_262' title='bbox 526 1404 614 1431; x_wconf 75' lang='grc' dir='ltr'>ἐλθεῖν</span> <span class='ocrx_word' id='word_1_263' title='bbox 640 1405 686 1431; x_wconf 78' lang='grc' dir='ltr'>ἐπὶ</span> <span class='ocrx_word' id='word_1_264' title='bbox 714 1405 745 1432; x_wconf 77' lang='grc' dir='ltr'><strong>τὸ</strong></span> <span class='ocrx_word' id='word_1_265' title='bbox 768 1407 861 1440; x_wconf 74' lang='grc' dir='ltr'>μνῆμα</span> 
     </span>
    </p>
   </div>
   <div class='ocr_carea' id='block_1_44' title="bbox 71 1449 861 1485">
    <p class='ocr_par' dir='ltr' id='par_1_44' title="bbox 71 1449 861 1485">
     <span class='ocr_line' id='line_1_44' title="bbox 71 1449 861 1485; baseline 0 -9"><span class='ocrx_word' id='word_1_266' title='bbox 71 1449 158 1485; x_wconf 81' lang='grc' dir='ltr'>πρωῒ,</span> <span class='ocrx_word' id='word_1_267' title='bbox 190 1450 219 1476; x_wconf 76' lang='grc' dir='ltr'><strong>οὐ</strong></span> <span class='ocrx_word' id='word_1_268' title='bbox 251 1449 324 1485; x_wconf 83' lang='grc' dir='ltr'>μύρα</span> <span class='ocrx_word' id='word_1_269' title='bbox 340 1450 518 1484; x_wconf 75' lang='grc' dir='ltr'>κομίζουσαν,</span> <span class='ocrx_word' id='word_1_270' title='bbox 548 1449 616 1476; x_wconf 77' lang='grc' dir='ltr'>ἀλλὰ</span> <span class='ocrx_word' id='word_1_271' title='bbox 632 1449 808 1484; x_wconf 72' lang='grc' dir='ltr'>βουλομένην,</span> <span class='ocrx_word' id='word_1_272' title='bbox 823 1450 861 1481; x_wconf 81' lang='grc' dir='ltr'>ὡς</span> 
     </span>
    </p>
   </div>
   <div class='ocr_carea' id='block_1_45' title="bbox 71 1495 860 1531">
    <p class='ocr_par' dir='ltr' id='par_1_45' title="bbox 71 1495 860 1531">
     <span class='ocr_line' id='line_1_45' title="bbox 71 1495 860 1531; baseline -0.001 -9"><span class='ocrx_word' id='word_1_273' title='bbox 71 1495 158 1527; x_wconf 78' lang='grc' dir='ltr'>ἔοικε,</span> <span class='ocrx_word' id='word_1_274' title='bbox 179 1497 212 1531; x_wconf 82' lang='grc' dir='ltr'>τῇ</span> <span class='ocrx_word' id='word_1_275' title='bbox 228 1495 277 1530; x_wconf 69' lang='grc' dir='ltr'><strong>θέᾳ</strong></span> <span class='ocrx_word' id='word_1_276' title='bbox 292 1495 339 1521; x_wconf 81' lang='grc' dir='ltr'>τοῦ</span> <span class='ocrx_word' id='word_1_277' title='bbox 355 1495 440 1530; x_wconf 81' lang='grc' dir='ltr'>τάφου</span> <span class='ocrx_word' id='word_1_278' title='bbox 461 1495 592 1530; x_wconf 79' lang='grc' dir='ltr'>κουφίσαι</span> <span class='ocrx_word' id='word_1_279' title='bbox 609 1495 658 1529; x_wconf 80' lang='grc' dir='ltr'>τῆς</span> <span class='ocrx_word' id='word_1_280' title='bbox 672 1496 814 1531; x_wconf 78' lang='grc' dir='ltr'>συμφορᾶς</span> <span class='ocrx_word' id='word_1_281' title='bbox 831 1496 860 1521; x_wconf 84' lang='grc' dir='ltr'>τὺ</span> 
     </span>
    </p>
   </div>
   <div class='ocr_carea' id='block_1_46' title="bbox 70 1541 859 1578">
    <p class='ocr_par' dir='ltr' id='par_1_46' title="bbox 70 1541 859 1578">
     <span class='ocr_line' id='line_1_46' title="bbox 70 1541 859 1578; baseline -0.004 -9"><span class='ocrx_word' id='word_1_282' title='bbox 70 1543 167 1578; x_wconf 82' lang='grc' dir='ltr'>βάρος.</span> <span class='ocrx_word' id='word_1_283' title='bbox 179 1541 258 1568; x_wconf 77' lang='grc' dir='ltr'>Οὕτω</span> <span class='ocrx_word' id='word_1_284' title='bbox 271 1542 318 1568; x_wconf 82' lang='grc' dir='ltr'>καὶ</span> <span class='ocrx_word' id='word_1_285' title='bbox 333 1543 346 1567; x_wconf 83' lang='grc' dir='ltr'>ὁ</span> <span class='ocrx_word' id='word_1_286' title='bbox 360 1541 499 1573; x_wconf 81' lang='grc' dir='ltr'>Ματθαῐος</span> <span class='ocrx_word' id='word_1_287' title='bbox 511 1541 560 1577; x_wconf 84' lang='grc' dir='ltr'><strong>τὴν</strong></span> <span class='ocrx_word' id='word_1_288' title='bbox 571 1542 656 1577; x_wconf 85' lang='grc' dir='ltr'>αὐτὴν</span> <span class='ocrx_word' id='word_1_289' title='bbox 666 1541 859 1577; x_wconf 83' lang='grc' dir='ltr'>Μαγδαληνὴν,</span> 
     </span>
    </p>
   </div>
   <div class='ocr_carea' id='block_1_47' title="bbox 69 1586 860 1624">
    <p class='ocr_par' dir='ltr' id='par_1_47' title="bbox 69 1586 860 1624">
     <span class='ocr_line' id='line_1_47' title="bbox 69 1586 860 1624; baseline -0.003 -9"><span class='ocrx_word' id='word_1_290' title='bbox 69 1589 117 1615; x_wconf 72' lang='grc' dir='ltr'><strong>καὶ</strong></span> <span class='ocrx_word' id='word_1_291' title='bbox 136 1588 186 1624; x_wconf 82' lang='grc' dir='ltr'>τὴν</span> <span class='ocrx_word' id='word_1_292' title='bbox 207 1587 337 1614; x_wconf 75' lang='grc' dir='ltr'>Ἰακώϐου</span> <span class='ocrx_word' id='word_1_293' title='bbox 355 1587 476 1622; x_wconf 82' lang='grc' dir='ltr'>Μαρίαν,</span> <span class='ocrx_word' id='word_1_294' title='bbox 494 1586 544 1621; x_wconf 75' lang='grc' dir='ltr'><strong>ὀψὲ</strong></span> <span class='ocrx_word' id='word_1_295' title='bbox 559 1587 706 1613; x_wconf 73' lang='grc' dir='ltr'>Σαῦὁάτων</span> <span class='ocrx_word' id='word_1_296' title='bbox 722 1587 796 1621; x_wconf 81' lang='grc' dir='ltr'>ἄγων</span> <span class='ocrx_word' id='word_1_297' title='bbox 812 1588 860 1613; x_wconf 69' lang='grc' dir='ltr'><strong>ἐπὶ</strong></span> 
     </span>
    </p>
   </div>
   <div class='ocr_carea' id='block_1_48' title="bbox 69 1630 860 1668">
    <p class='ocr_par' dir='ltr' id='par_1_48' title="bbox 69 1630 860 1668">
     <span class='ocr_line' id='line_1_48' title="bbox 69 1630 860 1668; baseline -0.004 -8"><span class='ocrx_word' id='word_1_298' title='bbox 69 1633 100 1660; x_wconf 70' lang='grc' dir='ltr'>τὸ</span> <span class='ocrx_word' id='word_1_299' title='bbox 117 1633 216 1668; x_wconf 83' lang='grc' dir='ltr'>μνῆμα</span> <span class='ocrx_word' id='word_1_300' title='bbox 244 1632 284 1667; x_wconf 83' lang='grc' dir='ltr'>τῷ</span> <span class='ocrx_word' id='word_1_301' title='bbox 309 1632 392 1667; x_wconf 83' lang='grc' dir='ltr'>λόγῳ,</span> <span class='ocrx_word' id='word_1_302' title='bbox 419 1632 468 1658; x_wconf 79' lang='grc' dir='ltr'><strong>οὐκ</strong></span> <span class='ocrx_word' id='word_1_303' title='bbox 485 1631 622 1666; x_wconf 78' lang='grc' dir='ltr'>ἀρώματα</span> <span class='ocrx_word' id='word_1_304' title='bbox 643 1631 767 1666; x_wconf 79' lang='grc' dir='ltr'>κομίζειν</span> <span class='ocrx_word' id='word_1_305' title='bbox 783 1630 860 1657; x_wconf 71' lang='grc' dir='ltr'>εἶπεν</span> 
     </span>
    </p>
   </div>
   <div class='ocr_carea' id='block_1_49' title="bbox 71 1678 860 1713">
    <p class='ocr_par' dir='ltr' id='par_1_49' title="bbox 71 1678 860 1713">
     <span class='ocr_line' id='line_1_49' title="bbox 71 1678 860 1713; baseline -0.003 -7"><span class='ocrx_word' id='word_1_306' title='bbox 71 1679 173 1711; x_wconf 76' lang='grc' dir='ltr'>αὑτὰς,</span> <span class='ocrx_word' id='word_1_307' title='bbox 187 1679 244 1707; x_wconf 76' lang='grc' dir='ltr'>ἀλλ’</span> <span class='ocrx_word' id='word_1_308' title='bbox 260 1679 307 1705; x_wconf 78' lang='grc' dir='ltr'>ἐπὶ</span> <span class='ocrx_word' id='word_1_309' title='bbox 317 1679 347 1705; x_wconf 74' lang='grc' dir='ltr'>τὸ</span> <span class='ocrx_word' id='word_1_310' title='bbox 361 1678 500 1713; x_wconf 80' lang='grc' dir='ltr'>θεωρῆσαι</span> <span class='ocrx_word' id='word_1_311' title='bbox 515 1678 562 1704; x_wconf 83' lang='grc' dir='ltr'>τὸν</span> <span class='ocrx_word' id='word_1_312' title='bbox 572 1679 657 1712; x_wconf 79' lang='grc' dir='ltr'>τάφον</span> <span class='ocrx_word' id='word_1_313' title='bbox 672 1678 769 1705; x_wconf 80' lang='grc' dir='ltr'>ὲλϐεἴν.</span> <span class='ocrx_word' id='word_1_314' title='bbox 787 1678 860 1704; x_wconf 76' lang='grc' dir='ltr'>Κου‹</span> 
     </span>
    </p>
   </div>
   <div class='ocr_carea' id='block_1_50' title="bbox 71 1723 861 1760">
    <p class='ocr_par' dir='ltr' id='par_1_50' title="bbox 71 1723 861 1760">
     <span class='ocr_line' id='line_1_50' title="bbox 71 1723 861 1760; baseline -0.001 -9"><span class='ocrx_word' id='word_1_315' title='bbox 71 1724 184 1759; x_wconf 73' lang='grc' dir='ltr'>φίζεται</span> <span class='ocrx_word' id='word_1_316' title='bbox 209 1725 264 1760; x_wconf 75' lang='grc' dir='ltr'>γὰρ</span> <span class='ocrx_word' id='word_1_317' title='bbox 294 1725 311 1759; x_wconf 84' lang='grc' dir='ltr'><strong>ἡ</strong></span> <span class='ocrx_word' id='word_1_318' title='bbox 328 1724 402 1759; x_wconf 68' lang='grc' dir='ltr'>ψυχὴ</span> <span class='ocrx_word' id='word_1_319' title='bbox 428 1723 476 1750; x_wconf 83' lang='grc' dir='ltr'>τοῦ</span> <span class='ocrx_word' id='word_1_320' title='bbox 492 1723 682 1758; x_wconf 79' lang='grc' dir='ltr'>ὲπιὸρίθοντος</span> <span class='ocrx_word' id='word_1_321' title='bbox 699 1723 749 1759; x_wconf 80' lang='grc' dir='ltr'>τῆς</span> <span class='ocrx_word' id='word_1_322' title='bbox 773 1723 861 1758; x_wconf 84' lang='grc' dir='ltr'>λύπης</span> 
     </span>
    </p>
   </div>
   <div class='ocr_carea' id='block_1_51' title="bbox 71 1768 860 1806">
    <p class='ocr_par' dir='ltr' id='par_1_51' title="bbox 71 1768 860 1806">
     <span class='ocr_line' id='line_1_51' title="bbox 71 1768 860 1806; baseline -0.003 -10"><span class='ocrx_word' id='word_1_323' title='bbox 71 1771 187 1806; x_wconf 79' lang='grc' dir='ltr'>βάρους,</span> <span class='ocrx_word' id='word_1_324' title='bbox 199 1770 265 1796; x_wconf 77' lang='grc' dir='ltr'>ὅταν</span> <span class='ocrx_word' id='word_1_325' title='bbox 279 1769 327 1795; x_wconf 82' lang='grc' dir='ltr'>τοῦ</span> <span class='ocrx_word' id='word_1_326' title='bbox 340 1768 508 1803; x_wconf 79' lang='grc' dir='ltr'>ποθουμένου</span> <span class='ocrx_word' id='word_1_327' title='bbox 518 1768 565 1794; x_wconf 85' lang='grc' dir='ltr'><strong>τὸν</strong></span> <span class='ocrx_word' id='word_1_328' title='bbox 573 1768 687 1803; x_wconf 70' lang='grc' dir='ltr'>ἔσχατον</span> <span class='ocrx_word' id='word_1_329' title='bbox 699 1768 860 1803; x_wconf 82' lang='grc' dir='ltr'>σημαντῆρα</span> 
     </span>
    </p>
   </div>
   <div class='ocr_carea' id='block_1_52' title="bbox 69 1813 859 1850">
    <p class='ocr_par' dir='ltr' id='par_1_52' title="bbox 69 1813 859 1850">
     <span class='ocr_line' id='line_1_52' title="bbox 69 1813 859 1850; baseline -0.004 -9"><span class='ocrx_word' id='word_1_330' title='bbox 69 1816 117 1841; x_wconf 83' lang='grc' dir='ltr'><strong>τὸν</strong></span> <span class='ocrx_word' id='word_1_331' title='bbox 126 1816 213 1849; x_wconf 77' lang='grc' dir='ltr'>τάφον</span> <span class='ocrx_word' id='word_1_332' title='bbox 222 1814 283 1850; x_wconf 78' lang='grc' dir='ltr'>ὁρᾷ,</span> <span class='ocrx_word' id='word_1_333' title='bbox 297 1813 552 1848; x_wconf 74' lang='grc' dir='ltr'>συνεκκενουμένης</span> <span class='ocrx_word' id='word_1_334' title='bbox 563 1814 595 1848; x_wconf 80' lang='grc' dir='ltr'>τῇ</span> <span class='ocrx_word' id='word_1_335' title='bbox 613 1813 663 1847; x_wconf 79' lang='grc' dir='ltr'><strong>θέᾳ.</strong></span> <span class='ocrx_word' id='word_1_336' title='bbox 671 1813 720 1848; x_wconf 80' lang='grc' dir='ltr'>τῆς</span> <span class='ocrx_word' id='word_1_337' title='bbox 732 1813 859 1848; x_wconf 76' lang='grc' dir='ltr'>ἀθυμίας,</span> 
     </span>
    </p>
   </div>
   <div class='ocr_carea' id='block_1_53' title="bbox 70 1857 862 1894">
    <p class='ocr_par' dir='ltr' id='par_1_53' title="bbox 70 1857 862 1894">
     <span class='ocr_line' id='line_1_53' title="bbox 70 1857 862 1894; baseline -0.003 -8"><span class='ocrx_word' id='word_1_338' title='bbox 70 1861 118 1886; x_wconf 80' lang='grc' dir='ltr'><strong>καὶ</strong></span> <span class='ocrx_word' id='word_1_339' title='bbox 147 1859 187 1891; x_wconf 84' lang='grc' dir='ltr'>ὼς</span> <span class='ocrx_word' id='word_1_340' title='bbox 213 1859 312 1894; x_wconf 72' lang='grc' dir='ltr'>νέφους</span> <span class='ocrx_word' id='word_1_341' title='bbox 335 1859 418 1894; x_wconf 76' lang='grc' dir='ltr'>ἀχλὺς</span> <span class='ocrx_word' id='word_1_342' title='bbox 451 1857 720 1893; x_wconf 76' lang='grc' dir='ltr'>συναποθ).ι6ομένης</span> <span class='ocrx_word' id='word_1_343' title='bbox 743 1860 797 1890; x_wconf 83' lang='grc' dir='ltr'>τοῖς</span> <span class='ocrx_word' id='word_1_344' title='bbox 815 1858 862 1884; x_wconf 83' lang='grc' dir='ltr'><strong>δά-</strong></span> 
     </span>
    </p>
   </div>
   <div class='ocr_carea' id='block_1_54' title="bbox 70 1903 860 1941">
    <p class='ocr_par' dir='ltr' id='par_1_54' title="bbox 70 1903 860 1941">
     <span class='ocr_line' id='line_1_54' title="bbox 70 1903 860 1941; baseline -0.004 -8"><span class='ocrx_word' id='word_1_345' title='bbox 70 1915 166 1941; x_wconf 79' lang='grc' dir='ltr'>κρυσι.</span> <span class='ocrx_word' id='word_1_346' title='bbox 193 1905 307 1940; x_wconf 68' lang='grc' dir='ltr'>Μάρκος</span> <span class='ocrx_word' id='word_1_347' title='bbox 332 1904 361 1930; x_wconf 79' lang='grc' dir='ltr'><strong>δὲ</strong></span> <span class='ocrx_word' id='word_1_348' title='bbox 386 1905 434 1931; x_wconf 73' lang='grc' dir='ltr'>καὶ</span> <span class='ocrx_word' id='word_1_349' title='bbox 458 1904 566 1935; x_wconf 80' lang='grc' dir='ltr'>Λουκᾶς</span> <span class='ocrx_word' id='word_1_350' title='bbox 592 1903 860 1939; x_wconf 76' lang='grc' dir='ltr'>ἀρωματοφοροῠντα</span> 
     </span>
    </p>
   </div>
   <div class='ocr_carea' id='block_1_55' title="bbox 70 1948 860 1985">
    <p class='ocr_par' dir='ltr' id='par_1_55' title="bbox 70 1948 860 1985">
     <span class='ocr_line' id='line_1_55' title="bbox 70 1948 860 1985; baseline 0 -9"><span class='ocrx_word' id='word_1_351' title='bbox 70 1950 216 1984; x_wconf 73' lang='grc' dir='ltr'>κομίζουσι</span> <span class='ocrx_word' id='word_1_352' title='bbox 229 1951 262 1985; x_wconf 82' lang='grc' dir='ltr'><strong>τῇ</strong></span> <span class='ocrx_word' id='word_1_353' title='bbox 278 1949 349 1984; x_wconf 81' lang='grc' dir='ltr'>σορῷ</span> <span class='ocrx_word' id='word_1_354' title='bbox 363 1949 398 1975; x_wconf 71' lang='grc' dir='ltr'>τὰ</span> <span class='ocrx_word' id='word_1_355' title='bbox 412 1948 527 1982; x_wconf 83' lang='grc' dir='ltr'>γύναια·</span> <span class='ocrx_word' id='word_1_356' title='bbox 548 1950 596 1975; x_wconf 81' lang='grc' dir='ltr'>καὶ</span> <span class='ocrx_word' id='word_1_357' title='bbox 611 1949 624 1975; x_wconf 77' lang='grc' dir='ltr'><strong>ὁ</strong></span> <span class='ocrx_word' id='word_1_358' title='bbox 641 1949 690 1983; x_wconf 84' lang='grc' dir='ltr'><strong>μὲν</strong></span> <span class='ocrx_word' id='word_1_359' title='bbox 708 1949 757 1984; x_wconf 86' lang='grc' dir='ltr'><strong>τὴν</strong></span> <span class='ocrx_word' id='word_1_360' title='bbox 769 1949 860 1976; x_wconf 76' lang='grc' dir='ltr'>Σαλώ-</span> 
     </span>
    </p>
   </div>
   <div class='ocr_carea' id='block_1_56' title="bbox 72 1994 858 2030">
    <p class='ocr_par' dir='ltr' id='par_1_56' title="bbox 72 1994 858 2030">
     <span class='ocr_line' id='line_1_56' title="bbox 72 1994 858 2030; baseline 0.001 -9"><span class='ocrx_word' id='word_1_361' title='bbox 72 1995 205 2030; x_wconf 75' lang='grc' dir='ltr'>μην,ὸδὲ</span> <span class='ocrx_word' id='word_1_362' title='bbox 221 1995 269 2030; x_wconf 79' lang='grc' dir='ltr'><strong>τὴν</strong></span> <span class='ocrx_word' id='word_1_363' title='bbox 296 1994 424 2021; x_wconf 79' lang='grc' dir='ltr'>ἰωάνναν</span> <span class='ocrx_word' id='word_1_364' title='bbox 450 1996 510 2026; x_wconf 83' lang='grc' dir='ltr'>ταῖς</span> <span class='ocrx_word' id='word_1_365' title='bbox 537 1994 659 2029; x_wconf 79' lang='grc' dir='ltr'>Μαρίαις</span> <span class='ocrx_word' id='word_1_366' title='bbox 685 1995 858 2030; x_wconf 86' lang='grc' dir='ltr'>συναριθμεῖ.</span> 
     </span>
    </p>
   </div>
   <div class='ocr_carea' id='block_1_57' title="bbox 71 2040 860 2076">
    <p class='ocr_par' dir='ltr' id='par_1_57' title="bbox 71 2040 860 2076">
     <span class='ocr_line' id='line_1_57' title="bbox 71 2040 860 2076; baseline 0.001 -10"><span class='ocrx_word' id='word_1_367' title='bbox 71 2041 144 2076; x_wconf 78' lang='grc' dir='ltr'>Πρὸς</span> <span class='ocrx_word' id='word_1_368' title='bbox 155 2041 262 2072; x_wconf 74' lang='grc' dir='ltr'>τούτοις</span> <span class='ocrx_word' id='word_1_369' title='bbox 277 2040 304 2066; x_wconf 84' lang='grc' dir='ltr'>δὲ</span> <span class='ocrx_word' id='word_1_370' title='bbox 316 2040 454 2072; x_wconf 83' lang='grc' dir='ltr'>Ματθαῖος</span> <span class='ocrx_word' id='word_1_371' title='bbox 466 2040 515 2075; x_wconf 75' lang='grc' dir='ltr'><strong>μὲν</strong></span> <span class='ocrx_word' id='word_1_372' title='bbox 530 2041 577 2067; x_wconf 81' lang='grc' dir='ltr'>καὶ</span> <span class='ocrx_word' id='word_1_373' title='bbox 592 2040 704 2075; x_wconf 81' lang='grc' dir='ltr'>Μάρκος</span> <span class='ocrx_word' id='word_1_374' title='bbox 715 2041 761 2067; x_wconf 71' lang='grc' dir='ltr'><strong>ἕνα</strong></span> <span class='ocrx_word' id='word_1_375' title='bbox 776 2041 860 2076; x_wconf 83' lang='grc' dir='ltr'><strong>ὀφθῆ-</strong></span> 
     </span>
    </p>
   </div>
   <div class='ocr_carea' id='block_1_58' title="bbox 70 2085 859 2121">
    <p class='ocr_par' dir='ltr' id='par_1_58' title="bbox 70 2085 859 2121">
     <span class='ocr_line' id='line_1_58' title="bbox 70 2085 859 2121; baseline -0.001 -8"><span class='ocrx_word' id='word_1_376' title='bbox 70 2095 114 2113; x_wconf 75' lang='lat' dir='ltr'><strong>vat</strong></span> <span class='ocrx_word' id='word_1_377' title='bbox 134 2087 231 2117; x_wconf 78' lang='grc' dir='ltr'>αὑταῖς</span> <span class='ocrx_word' id='word_1_378' title='bbox 255 2085 359 2120; x_wconf 70' lang='grc' dir='ltr'>ἔφασαν</span> <span class='ocrx_word' id='word_1_379' title='bbox 380 2086 425 2112; x_wconf 80' lang='grc' dir='ltr'><strong>τὸν</strong></span> <span class='ocrx_word' id='word_1_380' title='bbox 451 2085 582 2119; x_wconf 79' lang='grc' dir='ltr'>ἄγγελον·</span> <span class='ocrx_word' id='word_1_381' title='bbox 615 2086 740 2121; x_wconf 83' lang='grc' dir='ltr'>Ἰωάννης</span> <span class='ocrx_word' id='word_1_382' title='bbox 757 2086 785 2112; x_wconf 81' lang='grc' dir='ltr'><strong>δὲ</strong></span> <span class='ocrx_word' id='word_1_383' title='bbox 811 2087 859 2113; x_wconf 84' lang='grc' dir='ltr'><strong>καὶ</strong></span> 
     </span>
    </p>
   </div>
   <div class='ocr_carea' id='block_1_59' title="bbox 69 2131 857 2167">
    <p class='ocr_par' dir='ltr' id='par_1_59' title="bbox 69 2131 857 2167">
     <span class='ocr_line' id='line_1_59' title="bbox 69 2131 857 2167; baseline 0 -8"><span class='ocrx_word' id='word_1_384' title='bbox 69 2132 182 2162; x_wconf 74' lang='grc' dir='ltr'>Λουκᾶς</span> <span class='ocrx_word' id='word_1_385' title='bbox 205 2131 252 2157; x_wconf 86' lang='grc' dir='ltr'><strong>δύο</strong></span> <span class='ocrx_word' id='word_1_386' title='bbox 268 2131 423 2166; x_wconf 70' lang='grc' dir='ltr'>εἰρήκασιν.</span> <span class='ocrx_word' id='word_1_387' title='bbox 454 2132 486 2157; x_wconf 85' lang='grc' dir='ltr'><strong>ὐ</strong></span> <span class='ocrx_word' id='word_1_388' title='bbox 505 2131 538 2167; x_wconf 84' lang='grc' dir='ltr'>δὴ</span> <span class='ocrx_word' id='word_1_389' title='bbox 554 2131 600 2158; x_wconf 75' lang='grc' dir='ltr'><strong>καὶ</strong></span> <span class='ocrx_word' id='word_1_390' title='bbox 615 2132 756 2167; x_wconf 79' lang='grc' dir='ltr'>ζητήσεως</span> <span class='ocrx_word' id='word_1_391' title='bbox 773 2132 857 2166; x_wconf 78' lang='grc' dir='ltr'>ἄξιον,</span> 
     </span>
    </p>
   </div>
   <div class='ocr_carea' id='block_1_60' title="bbox 69 2175 859 2212">
    <p class='ocr_par' dir='ltr' id='par_1_60' title="bbox 69 2175 859 2212">
     <span class='ocr_line' id='line_1_60' title="bbox 69 2175 859 2212; baseline 0 -8"><span class='ocrx_word' id='word_1_392' title='bbox 69 2178 115 2204; x_wconf 78' lang='grc' dir='ltr'><strong>διὰ</strong></span> <span class='ocrx_word' id='word_1_393' title='bbox 134 2177 162 2203; x_wconf 86' lang='grc' dir='ltr'><strong>τί</strong></span> <span class='ocrx_word' id='word_1_394' title='bbox 176 2177 236 2208; x_wconf 79' lang='grc' dir='ltr'>ταῖς</span> <span class='ocrx_word' id='word_1_395' title='bbox 255 2176 305 2212; x_wconf 81' lang='grc' dir='ltr'><strong>μὲν</strong></span> <span class='ocrx_word' id='word_1_396' title='bbox 320 2175 362 2208; x_wconf 78' lang='grc' dir='ltr'><strong>εἷς</strong></span> <span class='ocrx_word' id='word_1_397' title='bbox 377 2176 552 2210; x_wconf 80' lang='grc' dir='ltr'>ἐπεφαίνετο,</span> <span class='ocrx_word' id='word_1_398' title='bbox 572 2178 632 2208; x_wconf 86' lang='grc' dir='ltr'>ταῖς</span> <span class='ocrx_word' id='word_1_399' title='bbox 643 2176 671 2202; x_wconf 82' lang='grc' dir='ltr'><strong>δὲ</strong></span> <span class='ocrx_word' id='word_1_400' title='bbox 692 2177 739 2207; x_wconf 74' lang='grc' dir='ltr'>δύο</span> <span class='ocrx_word' id='word_1_401' title='bbox 767 2177 859 2204; x_wconf 86' lang='grc' dir='ltr'>ὡπτά-</span> 
     </span>
    </p>
   </div>
   <div class='ocr_carea' id='block_1_61' title="bbox 71 2220 859 2259">
    <p class='ocr_par' dir='ltr' id='par_1_61' title="bbox 71 2220 859 2259">
     <span class='ocr_line' id='line_1_61' title="bbox 71 2220 859 2259; baseline 0.001 -9"><span class='ocrx_word' id='word_1_402' title='bbox 71 2232 160 2250; x_wconf 84' lang='grc' dir='ltr'>νοντο.</span> <span class='ocrx_word' id='word_1_403' title='bbox 175 2223 242 2255; x_wconf 84' lang='grc' dir='ltr'>Ταῖς</span> <span class='ocrx_word' id='word_1_404' title='bbox 257 2223 307 2258; x_wconf 80' lang='grc' dir='ltr'><strong>μὲν</strong></span> <span class='ocrx_word' id='word_1_405' title='bbox 321 2222 367 2249; x_wconf 76' lang='grc' dir='ltr'>οὖν</span> <span class='ocrx_word' id='word_1_406' title='bbox 379 2222 517 2258; x_wconf 79' lang='grc' dir='ltr'>οίομέναις</span> <span class='ocrx_word' id='word_1_407' title='bbox 531 2220 603 2250; x_wconf 78' lang='grc' dir='ltr'>εἶναι</span> <span class='ocrx_word' id='word_1_408' title='bbox 620 2222 670 2258; x_wconf 78' lang='grc' dir='ltr'><strong>μὲν</strong></span> <span class='ocrx_word' id='word_1_409' title='bbox 684 2224 713 2249; x_wconf 80' lang='grc' dir='ltr'>ὲν</span> <span class='ocrx_word' id='word_1_410' title='bbox 732 2223 771 2259; x_wconf 82' lang='grc' dir='ltr'>τῷ</span> <span class='ocrx_word' id='word_1_411' title='bbox 781 2224 859 2259; x_wconf 69' lang='grc' dir='ltr'>τάφῳ</span> 
     </span>
    </p>
   </div>
   <div class='ocr_carea' id='block_1_62' title="bbox 70 2266 860 2302">
    <p class='ocr_par' dir='ltr' id='par_1_62' title="bbox 70 2266 860 2302">
     <span class='ocr_line' id='line_1_62' title="bbox 70 2266 860 2302; baseline -0.003 -7"><span class='ocrx_word' id='word_1_412' title='bbox 70 2269 117 2295; x_wconf 72' lang='grc' dir='ltr'><strong>τὸν</strong></span> <span class='ocrx_word' id='word_1_413' title='bbox 139 2267 254 2301; x_wconf 81' lang='grc' dir='ltr'>Κύριον,</span> <span class='ocrx_word' id='word_1_414' title='bbox 282 2267 322 2294; x_wconf 75' lang='grc' dir='ltr'>ἔτι</span> <span class='ocrx_word' id='word_1_415' title='bbox 340 2267 368 2293; x_wconf 78' lang='grc' dir='ltr'><strong>δὲ</strong></span> <span class='ocrx_word' id='word_1_416' title='bbox 389 2267 437 2293; x_wconf 78' lang='grc' dir='ltr'>καὶ</span> <span class='ocrx_word' id='word_1_417' title='bbox 465 2267 534 2301; x_wconf 80' lang='grc' dir='ltr'>μετὰ</span> <span class='ocrx_word' id='word_1_418' title='bbox 549 2266 655 2302; x_wconf 83' lang='grc' dir='ltr'>νεκρῶν</span> <span class='ocrx_word' id='word_1_419' title='bbox 670 2266 860 2302; x_wconf 73' lang='grc' dir='ltr'>λογιζομέναις</span> 
     </span>
    </p>
   </div>
   <div class='ocr_carea' id='block_1_63' title="bbox 72 2311 860 2348">
    <p class='ocr_par' dir='ltr' id='par_1_63' title="bbox 72 2311 860 2348">
     <span class='ocr_line' id='line_1_63' title="bbox 72 2311 860 2348; baseline -0.003 -8"><span class='ocrx_word' id='word_1_420' title='bbox 72 2314 167 2346; x_wconf 83' lang='grc' dir='ltr'>αὑτὸν,</span> <span class='ocrx_word' id='word_1_421' title='bbox 191 2311 232 2344; x_wconf 77' lang='grc' dir='ltr'>εἷς</span> <span class='ocrx_word' id='word_1_422' title='bbox 257 2312 374 2347; x_wconf 79' lang='grc' dir='ltr'>ἄγγελος</span> <span class='ocrx_word' id='word_1_423' title='bbox 391 2312 556 2346; x_wconf 74' lang='grc' dir='ltr'>ἐπεφαίνετο</span> <span class='ocrx_word' id='word_1_424' title='bbox 579 2311 700 2348; x_wconf 85' lang='grc' dir='ltr'>μηνυτὴς</span> <span class='ocrx_word' id='word_1_425' title='bbox 716 2313 766 2348; x_wconf 82' lang='grc' dir='ltr'>τῆς</span> <span class='ocrx_word' id='word_1_426' title='bbox 781 2313 860 2347; x_wconf 64' lang='grc' dir='ltr'>ἐγέρ-</span> 
     </span>
    </p>
   </div>
   <div class='ocr_carea' id='block_1_64' title="bbox 72 2358 858 2394">
    <p class='ocr_par' dir='ltr' id='par_1_64' title="bbox 72 2358 858 2394">
     <span class='ocr_line' id='line_1_64' title="bbox 72 2358 858 2394; baseline -0.003 -8"><span class='ocrx_word' id='word_1_427' title='bbox 72 2367 152 2391; x_wconf 81' lang='grc' dir='ltr'>σεως.</span> <span class='ocrx_word' id='word_1_428' title='bbox 169 2359 236 2390; x_wconf 86' lang='grc' dir='ltr'>Ταῖς</span> <span class='ocrx_word' id='word_1_429' title='bbox 250 2367 282 2393; x_wconf 85' lang='grc' dir='ltr'>γε</span> <span class='ocrx_word' id='word_1_430' title='bbox 300 2359 353 2394; x_wconf 80' lang='grc' dir='ltr'><strong>μὴν</strong></span> <span class='ocrx_word' id='word_1_431' title='bbox 375 2358 582 2394; x_wconf 78' lang='grc' dir='ltr'>διαπορούσαις,</span> <span class='ocrx_word' id='word_1_432' title='bbox 610 2358 656 2384; x_wconf 71' lang='grc' dir='ltr'><strong>κα.)¹</strong></span> <span class='ocrx_word' id='word_1_433' title='bbox 683 2358 858 2393; x_wconf 75' lang='grc' dir='ltr'>νομιζούσαις</span> 
     </span>
    </p>
   </div>
   <div class='ocr_carea' id='block_1_65' title="bbox 71 2393 860 2439">
    <p class='ocr_par' dir='ltr' id='par_1_65' title="bbox 71 2393 860 2439">
     <span class='ocr_line' id='line_1_65' title="bbox 71 2393 860 2439; baseline -0.004 -8"><span class='ocrx_word' id='word_1_434' title='bbox 71 2393 125 2431; x_wconf 77' lang='grc' dir='ltr'><strong>ὑπὸ</strong></span> <span class='ocrx_word' id='word_1_435' title='bbox 136 2404 185 2431; x_wconf 81' lang='grc' dir='ltr'>τοῦ</span> <span class='ocrx_word' id='word_1_436' title='bbox 206 2393 340 2439; x_wconf 80' lang='grc' dir='ltr'>κλαπῆναι</span> <span class='ocrx_word' id='word_1_437' title='bbox 355 2403 385 2429; x_wconf 80' lang='grc' dir='ltr'>τὸ</span> <span class='ocrx_word' id='word_1_438' title='bbox 405 2395 571 2430; x_wconf 70' lang='grc' dir='ltr'>Δεσποτικὸν</span> <span class='ocrx_word' id='word_1_439' title='bbox 589 2403 679 2438; x_wconf 82' lang='grc' dir='ltr'>σῶμα,</span> <span class='ocrx_word' id='word_1_440' title='bbox 697 2403 762 2433; x_wconf 87' lang='grc' dir='ltr'>δυὰς</span> <span class='ocrx_word' id='word_1_441' title='bbox 776 2403 860 2437; x_wconf 76' lang='grc' dir='ltr'>ἀγγέ-</span> 
     </span>
    </p>
   </div>
   <div class='ocr_carea' id='block_1_66' title="bbox 71 2447 859 2485">
    <p class='ocr_par' dir='ltr' id='par_1_66' title="bbox 71 2447 859 2485">
     <span class='ocr_line' id='line_1_66' title="bbox 71 2447 859 2485; baseline -0.003 -8"><span class='ocrx_word' id='word_1_442' title='bbox 71 2450 126 2477; x_wconf 86' lang='grc' dir='ltr'>λων</span> <span class='ocrx_word' id='word_1_443' title='bbox 143 2450 274 2485; x_wconf 77' lang='grc' dir='ltr'>ἐφίστατο</span> <span class='ocrx_word' id='word_1_444' title='bbox 289 2448 429 2482; x_wconf 80' lang='grc' dir='ltr'>δεικνῦσα,</span> <span class='ocrx_word' id='word_1_445' title='bbox 458 2448 495 2480; x_wconf 85' lang='grc' dir='ltr'>ὠς</span> <span class='ocrx_word' id='word_1_446' title='bbox 513 2447 646 2475; x_wconf 79' lang='grc' dir='ltr'>ἀδύνατον</span> <span class='ocrx_word' id='word_1_447' title='bbox 662 2448 797 2482; x_wconf 81' lang='grc' dir='ltr'>κλαπῆναι</span> <span class='ocrx_word' id='word_1_448' title='bbox 813 2449 859 2475; x_wconf 85' lang='grc' dir='ltr'><strong>τὸν</strong></span> 
     </span>
    </p>
   </div>
   <div class='ocr_carea' id='block_1_67' title="bbox 72 2492 860 2529">
    <p class='ocr_par' dir='ltr' id='par_1_67' title="bbox 72 2492 860 2529">
     <span class='ocr_line' id='line_1_67' title="bbox 72 2492 860 2529; baseline -0.003 -7"><span class='ocrx_word' id='word_1_449' title='bbox 72 2495 126 2522; x_wconf 74' lang='grc' dir='ltr'><strong>ὑπὸ</strong></span> <span class='ocrx_word' id='word_1_450' title='bbox 140 2494 270 2521; x_wconf 87' lang='grc' dir='ltr'>τοιούτων</span> <span class='ocrx_word' id='word_1_451' title='bbox 285 2494 414 2529; x_wconf 85' lang='grc' dir='ltr'>φυλάκων</span> <span class='ocrx_word' id='word_1_452' title='bbox 433 2494 649 2529; x_wconf 82' lang='grc' dir='ltr'>φρουρούμενον.</span> <span class='ocrx_word' id='word_1_453' title='bbox 660 2492 738 2520; x_wconf 75' lang='grc' dir='ltr'>οὕτω</span> <span class='ocrx_word' id='word_1_454' title='bbox 751 2494 784 2528; x_wconf 81' lang='grc' dir='ltr'>τῇ</span> <span class='ocrx_word' id='word_1_455' title='bbox 798 2494 860 2520; x_wconf 87' lang='grc' dir='ltr'>Μα-</span> 
     </span>
    </p>
   </div>
   <div class='ocr_carea' id='block_1_68' title="bbox 73 2539 859 2577">
    <p class='ocr_par' dir='ltr' id='par_1_68' title="bbox 73 2539 859 2577">
     <span class='ocr_line' id='line_1_68' title="bbox 73 2539 859 2577; baseline -0.001 -11"><span class='ocrx_word' id='word_1_456' title='bbox 73 2542 120 2577; x_wconf 79' lang='grc' dir='ltr'>ρίᾳ</span> <span class='ocrx_word' id='word_1_457' title='bbox 163 2542 196 2576; x_wconf 81' lang='grc' dir='ltr'>τῇ</span> <span class='ocrx_word' id='word_1_458' title='bbox 226 2539 393 2576; x_wconf 78' lang='grc' dir='ltr'>Μαγδαληνῇ</span> <span class='ocrx_word' id='word_1_459' title='bbox 424 2541 480 2571; x_wconf 81' lang='grc' dir='ltr'>τοῖς</span> <span class='ocrx_word' id='word_1_460' title='bbox 507 2539 642 2575; x_wconf 79' lang='grc' dir='ltr'>μαθηταῖς</span> <span class='ocrx_word' id='word_1_461' title='bbox 663 2539 789 2575; x_wconf 82' lang='grc' dir='ltr'>εἰπούσῃ,</span> <span class='ocrx_word' id='word_1_462' title='bbox 818 2540 859 2566; x_wconf 82' lang='grc' dir='ltr'>ὅτι</span> 
     </span>
    </p>
   </div>
   <div class='ocr_carea' id='block_1_69' title="bbox 77 2585 861 2623">
    <p class='ocr_par' dir='ltr' id='par_1_69' title="bbox 77 2585 861 2623">
     <span class='ocr_line' id='line_1_69' title="bbox 77 2585 861 2623; baseline -0.003 -9"><span class='ocrx_word' id='word_1_463' title='bbox 77 2596 87 2613; x_wconf 74' lang='grc' dir='ltr'>ι</span> <span class='ocrx_word' id='word_1_464' title='bbox 108 2585 203 2623; x_wconf 63' lang='grc' dir='ltr'>*Ηραν</span> <span class='ocrx_word' id='word_1_465' title='bbox 217 2586 264 2613; x_wconf 75' lang='grc' dir='ltr'>τὸν</span> <span class='ocrx_word' id='word_1_466' title='bbox 278 2585 381 2621; x_wconf 83' lang='grc' dir='ltr'>Κύριον</span> <span class='ocrx_word' id='word_1_467' title='bbox 393 2587 425 2612; x_wconf 86' lang='grc' dir='ltr'>ὲκ</span> <span class='ocrx_word' id='word_1_468' title='bbox 441 2585 488 2612; x_wconf 76' lang='grc' dir='ltr'>τοῦ</span> <span class='ocrx_word' id='word_1_469' title='bbox 508 2585 653 2620; x_wconf 84' lang='grc' dir='ltr'>μνημείου,</span> <span class='ocrx_word' id='word_1_470' title='bbox 673 2594 682 2610; x_wconf 76' lang='grc' dir='ltr'><strong>ι</strong></span> <span class='ocrx_word' id='word_1_471' title='bbox 700 2585 747 2611; x_wconf 87' lang='grc' dir='ltr'><strong>δύο</strong></span> <span class='ocrx_word' id='word_1_472' title='bbox 759 2586 861 2621; x_wconf 86' lang='grc' dir='ltr'>λευχει-</span> 
     </span>
    </p>
   </div>
   <div class='ocr_carea' id='block_1_70' title="bbox 75 2631 859 2668">
    <p class='ocr_par' dir='ltr' id='par_1_70' title="bbox 75 2631 859 2668">
     <span class='ocr_line' id='line_1_70' title="bbox 75 2631 859 2668; baseline -0.004 -8"><span class='ocrx_word' id='word_1_473' title='bbox 75 2632 221 2668; x_wconf 81' lang='grc' dir='ltr'>μονοῦντες</span> <span class='ocrx_word' id='word_1_474' title='bbox 237 2632 399 2668; x_wconf 84' lang='grc' dir='ltr'>ὼράοησαν,</span> <span class='ocrx_word' id='word_1_475' title='bbox 416 2632 465 2666; x_wconf 80' lang='grc' dir='ltr'>τῆς</span> <span class='ocrx_word' id='word_1_476' title='bbox 489 2631 616 2665; x_wconf 84' lang='grc' dir='ltr'>τοιαύτης</span> <span class='ocrx_word' id='word_1_477' title='bbox 629 2631 714 2666; x_wconf 77' lang='grc' dir='ltr'>αὐτὴν</span> <span class='ocrx_word' id='word_1_478' title='bbox 730 2631 859 2663; x_wconf 73' lang='grc' dir='ltr'>ὑπονοίας</span> 
     </span>
    </p>
   </div>
   <div class='ocr_carea' id='block_1_71' title="bbox 915 901 1701 938">
    <p class='ocr_par' dir='ltr' id='par_1_71' title="bbox 915 901 1701 938">
     <span class='ocr_line' id='line_1_71' title="bbox 915 901 1701 938; baseline 0.009 -12"><span class='ocrx_word' id='word_1_479' title='bbox 915 905 1064 934; x_wconf 79' lang='lat' dir='ltr'><strong>portantes.</strong></span> <span class='ocrx_word' id='word_1_480' title='bbox 1095 901 1241 936; x_wconf 81' lang='lat' dir='ltr'><strong>Postquam</strong></span> <span class='ocrx_word' id='word_1_481' title='bbox 1274 903 1418 938; x_wconf 89' lang='lat' dir='ltr'><strong>impiorum</strong></span> <span class='ocrx_word' id='word_1_482' title='bbox 1450 903 1604 932; x_wconf 71' lang='lat' dir='ltr'><strong>Judmorum</strong></span> <span class='ocrx_word' id='word_1_483' title='bbox 1632 913 1701 933; x_wconf 90' lang='lat' dir='ltr'><strong>con-</strong></span> 
     </span>
    </p>
   </div>
   <div class='ocr_carea' id='block_1_72' title="bbox 913 946 1702 986">
    <p class='ocr_par' dir='ltr' id='par_1_72' title="bbox 913 946 1702 986">
     <span class='ocr_line' id='line_1_72' title="bbox 913 946 1702 986; baseline 0.008 -14"><span class='ocrx_word' id='word_1_484' title='bbox 913 946 1033 981; x_wconf 79' lang='lat' dir='ltr'><strong>quiesset</strong></span> <span class='ocrx_word' id='word_1_485' title='bbox 1050 948 1161 982; x_wconf 76' lang='lat' dir='ltr'><strong>invidia,</strong></span> <span class='ocrx_word' id='word_1_486' title='bbox 1178 954 1205 976; x_wconf 91' lang='lat' dir='ltr'><strong>et</strong></span> <span class='ocrx_word' id='word_1_487' title='bbox 1221 949 1276 981; x_wconf 79' lang='lat' dir='ltr'><strong>ille,</strong></span> <span class='ocrx_word' id='word_1_488' title='bbox 1291 949 1334 976; x_wconf 92' lang='lat' dir='ltr'><strong>cui</strong></span> <span class='ocrx_word' id='word_1_489' title='bbox 1347 948 1541 982; x_wconf 82' lang='lat' dir='ltr'><strong>&#39;invidebatur,</strong></span> <span class='ocrx_word' id='word_1_490' title='bbox 1566 951 1593 978; x_wconf 93' lang='lat' dir='ltr'><strong>in</strong></span> <span class='ocrx_word' id='word_1_491' title='bbox 1610 951 1702 986; x_wconf 80' lang='lat' dir='ltr'><strong>sepul-</strong></span> 
     </span>
    </p>
   </div>
   <div class='ocr_carea' id='block_1_73' title="bbox 913 994 1701 1032">
    <p class='ocr_par' dir='ltr' id='par_1_73' title="bbox 913 994 1701 1032">
     <span class='ocr_line' id='line_1_73' title="bbox 913 994 1701 1032; baseline 0.006 -13"><span class='ocrx_word' id='word_1_492' title='bbox 913 1000 961 1020; x_wconf 92' lang='lat' dir='ltr'><strong>cro</strong></span> <span class='ocrx_word' id='word_1_493' title='bbox 986 1001 1101 1028; x_wconf 84' lang='lat' dir='ltr'><strong>corpore</strong></span> <span class='ocrx_word' id='word_1_494' title='bbox 1130 994 1305 1029; x_wconf 83' lang='lat' dir='ltr'><strong>requiescens</strong></span> <span class='ocrx_word' id='word_1_495' title='bbox 1337 994 1485 1022; x_wconf 82' lang='lat' dir='ltr'><strong>Sabbatum</strong></span> <span class='ocrx_word' id='word_1_496' title='bbox 1511 996 1623 1031; x_wconf 83' lang='lat' dir='ltr'><strong>egisset,</strong></span> <span class='ocrx_word' id='word_1_497' title='bbox 1654 996 1701 1032; x_wconf 91' lang='lat' dir='ltr'><strong>qui</strong></span> 
     </span>
    </p>
   </div>
   <div class='ocr_carea' id='block_1_74' title="bbox 913 1040 1701 1078">
    <p class='ocr_par' dir='ltr' id='par_1_74' title="bbox 913 1040 1701 1078">
     <span class='ocr_line' id='line_1_74' title="bbox 913 1040 1701 1078; baseline 0.005 -12"><span class='ocrx_word' id='word_1_498' title='bbox 913 1040 1021 1073; x_wconf 84' lang='lat' dir='ltr'><strong>quidem</strong></span> <span class='ocrx_word' id='word_1_499' title='bbox 1040 1045 1173 1075; x_wconf 73' lang='lat' dir='ltr'><strong>potestate</strong></span> <span class='ocrx_word' id='word_1_500' title='bbox 1190 1041 1281 1068; x_wconf 81' lang='lat' dir='ltr'><strong>divina</strong></span> <span class='ocrx_word' id='word_1_501' title='bbox 1303 1041 1417 1076; x_wconf 85' lang='lat' dir='ltr'><strong>direptis</strong></span> <span class='ocrx_word' id='word_1_502' title='bbox 1435 1041 1585 1069; x_wconf 79' lang='lat' dir='ltr'><strong>inferorum</strong></span> <span class='ocrx_word' id='word_1_503' title='bbox 1607 1042 1701 1078; x_wconf 84' lang='lat' dir='ltr'><strong>spoliis</strong></span> 
     </span>
    </p>
   </div>
   <div class='ocr_carea' id='block_1_75' title="bbox 912 1085 1158 1114">
    <p class='ocr_par' dir='ltr' id='par_1_75' title="bbox 912 1085 1158 1114">
     <span class='ocr_line' id='line_1_75' title="bbox 912 1085 1158 1114; baseline 0.004 -1"><span class='ocrx_word' id='word_1_504' title='bbox 912 1085 1059 1113; x_wconf 81' lang='lat' dir='ltr'><strong>suscitatus</strong></span> <span class='ocrx_word' id='word_1_505' title='bbox 1075 1091 1116 1114; x_wconf 88' lang='lat' dir='ltr'><strong>est</strong></span> <span class='ocrx_word' id='word_1_506' title='bbox 1125 1086 1158 1114; x_wconf 78' lang='lat'><strong>“.</strong></span> 
     </span>
    </p>
   </div>
   <div class='ocr_carea' id='block_1_76' title="bbox 953 1131 1698 1162">
    <p class='ocr_par' dir='ltr' id='par_1_76' title="bbox 953 1131 1698 1162">
     <span class='ocr_line' id='line_1_76' title="bbox 953 1131 1698 1162; baseline 0.005 -4"><span class='ocrx_word' id='word_1_507' title='bbox 953 1141 963 1158; x_wconf 71' lang='grc' dir='ltr'><strong>ι</strong></span> <span class='ocrx_word' id='word_1_508' title='bbox 985 1131 1044 1159; x_wconf 89' lang='lat' dir='ltr'><strong>Una</strong></span> <span class='ocrx_word' id='word_1_509' title='bbox 1074 1131 1252 1160; x_wconf 85' lang='lat' dir='ltr'><strong>Sabbatorum</strong></span> <span class='ocrx_word' id='word_1_510' title='bbox 1278 1132 1357 1160; x_wconf 82' lang='lat' dir='ltr'><strong>valde</strong></span> <span class='ocrx_word' id='word_1_511' title='bbox 1379 1133 1500 1161; x_wconf 82' lang='lat' dir='ltr'><strong>diluculo</strong></span> <span class='ocrx_word' id='word_1_512' title='bbox 1526 1134 1640 1162; x_wconf 87' lang='lat' dir='ltr'><strong>veniunt</strong></span> <span class='ocrx_word' id='word_1_513' title='bbox 1664 1134 1698 1162; x_wconf 84' lang='lat' dir='ltr'><strong>ad</strong></span> 
     </span>
    </p>
   </div>
   <div class='ocr_carea' id='block_1_77' title="bbox 913 1181 1698 1212">
    <p class='ocr_par' dir='ltr' id='par_1_77' title="bbox 913 1181 1698 1212">
     <span class='ocr_line' id='line_1_77' title="bbox 913 1181 1698 1212; baseline 0.005 -10"><span class='ocrx_word' id='word_1_514' title='bbox 913 1181 1116 1203; x_wconf 88' lang='lat' dir='ltr'><strong>monumentum</strong></span> <span class='ocrx_word' id='word_1_515' title='bbox 1129 1181 1278 1210; x_wconf 86' lang='lat' dir='ltr'><strong>portantes,</strong></span> <span class='ocrx_word' id='word_1_516' title='bbox 1287 1185 1347 1212; x_wconf 68' lang='lat' dir='ltr'><strong>quae</strong></span> <span class='ocrx_word' id='word_1_517' title='bbox 1357 1183 1531 1212; x_wconf 84' lang='lat' dir='ltr'><strong>paraverant,</strong></span> <span class='ocrx_word' id='word_1_518' title='bbox 1542 1184 1675 1208; x_wconf 83' lang='lat' dir='ltr'><strong>aromata.</strong></span> <span class='ocrx_word' id='word_1_519' title='bbox 1688 1189 1698 1206; x_wconf 77' lang='grc' dir='ltr'><strong>Ι</strong></span> 
     </span>
    </p>
   </div>
   <div class='ocr_carea' id='block_1_78' title="bbox 912 1221 1700 1259">
    <p class='ocr_par' dir='ltr' id='par_1_78' title="bbox 912 1221 1700 1259">
     <span class='ocr_line' id='line_1_78' title="bbox 912 1221 1700 1259; baseline 0.006 -12"><span class='ocrx_word' id='word_1_520' title='bbox 912 1221 971 1248; x_wconf 81' lang='lat' dir='ltr'><strong>Alia</strong></span> <span class='ocrx_word' id='word_1_521' title='bbox 997 1222 1053 1248; x_wconf 62' lang='lat' dir='ltr'><strong>haec</strong></span> <span class='ocrx_word' id='word_1_522' title='bbox 1068 1226 1242 1253; x_wconf 56' lang='lat' dir='ltr'><strong>{sanctarum</strong></span> <span class='ocrx_word' id='word_1_523' title='bbox 1271 1223 1416 1250; x_wconf 87' lang='lat' dir='ltr'><strong>mulierum</strong></span> <span class='ocrx_word' id='word_1_524' title='bbox 1441 1223 1479 1259; x_wconf 72' lang='grc' dir='ltr'><strong>(ὅ)</strong></span> <span class='ocrx_word' id='word_1_525' title='bbox 1501 1224 1630 1252; x_wconf 81' lang='lat' dir='ltr'><strong>sedulitas</strong></span> <span class='ocrx_word' id='word_1_526' title='bbox 1647 1230 1700 1258; x_wconf 84' lang='lat' dir='ltr'><strong>est,</strong></span> 
     </span>
    </p>
   </div>
   <div class='ocr_carea' id='block_1_79' title="bbox 914 1267 1701 1304">
    <p class='ocr_par' dir='ltr' id='par_1_79' title="bbox 914 1267 1701 1304">
     <span class='ocr_line' id='line_1_79' title="bbox 914 1267 1701 1304; baseline 0.008 -11"><span class='ocrx_word' id='word_1_527' title='bbox 914 1271 996 1301; x_wconf 89' lang='lat' dir='ltr'><strong>atque</strong></span> <span class='ocrx_word' id='word_1_528' title='bbox 1013 1268 1047 1294; x_wconf 91' lang='lat' dir='ltr'><strong>ab</strong></span> <span class='ocrx_word' id='word_1_529' title='bbox 1072 1267 1124 1294; x_wconf 79' lang='lat' dir='ltr'><strong>illis</strong></span> <span class='ocrx_word' id='word_1_530' title='bbox 1142 1268 1269 1301; x_wconf 85' lang='lat' dir='ltr'><strong>diversa,</strong></span> <span class='ocrx_word' id='word_1_531' title='bbox 1297 1270 1330 1296; x_wconf 88' lang='lat' dir='ltr'><strong>de</strong></span> <span class='ocrx_word' id='word_1_532' title='bbox 1359 1269 1457 1304; x_wconf 86' lang='lat' dir='ltr'><strong>quibus</strong></span> <span class='ocrx_word' id='word_1_533' title='bbox 1483 1269 1645 1303; x_wconf 61' lang='lat' dir='ltr'><strong>Mattheus,</strong></span> <span class='ocrx_word' id='word_1_534' title='bbox 1673 1275 1701 1299; x_wconf 81' lang='lat' dir='ltr'><strong>et</strong></span> 
     </span>
    </p>
   </div>
   <div class='ocr_carea' id='block_1_80' title="bbox 913 1313 1700 1351">
    <p class='ocr_par' dir='ltr' id='par_1_80' title="bbox 913 1313 1700 1351">
     <span class='ocr_line' id='line_1_80' title="bbox 913 1313 1700 1351; baseline 0.006 -12"><span class='ocrx_word' id='word_1_535' title='bbox 913 1313 1032 1345; x_wconf 80' lang='lat' dir='ltr'><strong>Marcus,</strong></span> <span class='ocrx_word' id='word_1_536' title='bbox 1060 1318 1087 1340; x_wconf 89' lang='lat' dir='ltr'><strong>et</strong></span> <span class='ocrx_word' id='word_1_537' title='bbox 1115 1313 1236 1342; x_wconf 79' lang='lat' dir='ltr'><strong>Joannes</strong></span> <span class='ocrx_word' id='word_1_538' title='bbox 1264 1315 1498 1350; x_wconf 83' lang='lat' dir='ltr'><strong>coriscripserunt,</strong></span> <span class='ocrx_word' id='word_1_539' title='bbox 1518 1322 1650 1351; x_wconf 90' lang='lat' dir='ltr'><strong>quantum</strong></span> <span class='ocrx_word' id='word_1_540' title='bbox 1666 1325 1700 1344; x_wconf 80' lang='lat' dir='ltr'><strong>ex</strong></span> 
     </span>
    </p>
   </div>
   <div class='ocr_carea' id='block_1_81' title="bbox 914 1360 1701 1396">
    <p class='ocr_par' dir='ltr' id='par_1_81' title="bbox 914 1360 1701 1396">
     <span class='ocr_line' id='line_1_81' title="bbox 914 1360 1701 1396; baseline 0.008 -12"><span class='ocrx_word' id='word_1_541' title='bbox 914 1363 1036 1393; x_wconf 85' lang='lat' dir='ltr'><strong>tempore</strong></span> <span class='ocrx_word' id='word_1_542' title='bbox 1061 1360 1094 1394; x_wconf 71' lang='lat' dir='ltr'><strong>et;</strong></span> <span class='ocrx_word' id='word_1_543' title='bbox 1109 1367 1142 1386; x_wconf 77' lang='lat' dir='ltr'><strong>ex</strong></span> <span class='ocrx_word' id='word_1_544' title='bbox 1166 1367 1280 1394; x_wconf 85' lang='lat' dir='ltr'><strong>persona</strong></span> <span class='ocrx_word' id='word_1_545' title='bbox 1299 1361 1397 1394; x_wconf 82' lang='lat' dir='ltr'><strong>conjici</strong></span> <span class='ocrx_word' id='word_1_546' title='bbox 1418 1366 1516 1396; x_wconf 83' lang='lat' dir='ltr'><strong>potest.</strong></span> <span class='ocrx_word' id='word_1_547' title='bbox 1535 1361 1602 1389; x_wconf 85' lang='lat' dir='ltr'><strong>Nam</strong></span> <span class='ocrx_word' id='word_1_548' title='bbox 1617 1362 1701 1390; x_wconf 82' lang='lat' dir='ltr'><strong>Joan-</strong></span> 
     </span>
    </p>
   </div>
   <div class='ocr_carea' id='block_1_82' title="bbox 912 1404 1701 1443">
    <p class='ocr_par' dir='ltr' id='par_1_82' title="bbox 912 1404 1701 1443">
     <span class='ocr_line' id='line_1_82' title="bbox 912 1404 1701 1443; baseline 0.006 -13"><span class='ocrx_word' id='word_1_549' title='bbox 912 1412 961 1430; x_wconf 86' lang='lat' dir='ltr'><strong>nes</strong></span> <span class='ocrx_word' id='word_1_550' title='bbox 984 1405 1090 1439; x_wconf 81' lang='lat' dir='ltr'><strong>quidem</strong></span> <span class='ocrx_word' id='word_1_551' title='bbox 1118 1404 1203 1432; x_wconf 84' lang='lat' dir='ltr'><strong>solam</strong></span> <span class='ocrx_word' id='word_1_552' title='bbox 1219 1405 1325 1433; x_wconf 88' lang='lat' dir='ltr'><strong>venisse</strong></span> <span class='ocrx_word' id='word_1_553' title='bbox 1341 1405 1525 1441; x_wconf 78' lang='lat' dir='ltr'><strong>Magdalenam</strong></span> <span class='ocrx_word' id='word_1_554' title='bbox 1548 1407 1637 1443; x_wconf 90' lang='lat' dir='ltr'><strong>inquit</strong></span> <span class='ocrx_word' id='word_1_555' title='bbox 1666 1409 1701 1436; x_wconf 87' lang='lat' dir='ltr'><strong>ad</strong></span> 
     </span>
    </p>
   </div>
   <div class='ocr_carea' id='block_1_83' title="bbox 913 1454 1698 1486">
    <p class='ocr_par' dir='ltr' id='par_1_83' title="bbox 913 1454 1698 1486">
     <span class='ocr_line' id='line_1_83' title="bbox 913 1454 1698 1486; baseline 0.008 -11"><span class='ocrx_word' id='word_1_556' title='bbox 913 1454 1118 1476; x_wconf 88' lang='lat' dir='ltr'><strong>monumentum</strong></span> <span class='ocrx_word' id='word_1_557' title='bbox 1136 1458 1226 1483; x_wconf 77' lang='lat' dir='ltr'><strong>mane,</strong></span> <span class='ocrx_word' id='word_1_558' title='bbox 1240 1458 1292 1477; x_wconf 86' lang='grc'><strong>11011</strong></span> <span class='ocrx_word' id='word_1_559' title='bbox 1305 1456 1441 1486; x_wconf 80' lang='lat' dir='ltr'><strong>unguenta</strong></span> <span class='ocrx_word' id='word_1_560' title='bbox 1459 1457 1622 1486; x_wconf 85' lang='lat' dir='ltr'><strong>portantem,</strong></span> <span class='ocrx_word' id='word_1_561' title='bbox 1637 1454 1698 1486; x_wconf 87' lang='lat' dir='ltr'><strong>sed,</strong></span> 
     </span>
    </p>
   </div>
   <div class='ocr_carea' id='block_1_84' title="bbox 914 1494 1701 1534">
    <p class='ocr_par' dir='ltr' id='par_1_84' title="bbox 914 1494 1701 1534">
     <span class='ocr_line' id='line_1_84' title="bbox 914 1494 1701 1534; baseline 0.008 -14"><span class='ocrx_word' id='word_1_562' title='bbox 914 1498 942 1520; x_wconf 91' lang='lat' dir='ltr'><strong>ut</strong></span> <span class='ocrx_word' id='word_1_563' title='bbox 957 1494 1104 1521; x_wconf 79' lang='lat' dir='ltr'><strong>verisimile</strong></span> <span class='ocrx_word' id='word_1_564' title='bbox 1124 1500 1175 1528; x_wconf 86' lang='lat' dir='ltr'><strong>est,</strong></span> <span class='ocrx_word' id='word_1_565' title='bbox 1193 1496 1346 1530; x_wconf 87' lang='lat' dir='ltr'><strong>cupientem</strong></span> <span class='ocrx_word' id='word_1_566' title='bbox 1373 1501 1483 1531; x_wconf 77' lang='lat' dir='ltr'><strong>aspectu</strong></span> <span class='ocrx_word' id='word_1_567' title='bbox 1501 1498 1618 1532; x_wconf 85' lang='lat' dir='ltr'><strong>sepulcri</strong></span> <span class='ocrx_word' id='word_1_568' title='bbox 1635 1506 1701 1534; x_wconf 56' lang='grc' dir='ltr'><strong>μσς</strong></span> 
     </span>
    </p>
   </div>
   <div class='ocr_carea' id='block_1_85' title="bbox 914 1540 1700 1578">
    <p class='ocr_par' dir='ltr' id='par_1_85' title="bbox 914 1540 1700 1578">
     <span class='ocr_line' id='line_1_85' title="bbox 914 1540 1700 1578; baseline 0.005 -12"><span class='ocrx_word' id='word_1_569' title='bbox 914 1547 974 1567; x_wconf 87' lang='lat' dir='ltr'><strong>vem</strong></span> <span class='ocrx_word' id='word_1_570' title='bbox 990 1540 1071 1566; x_wconf 87' lang='lat' dir='ltr'><strong>animi</strong></span> <span class='ocrx_word' id='word_1_571' title='bbox 1089 1540 1276 1574; x_wconf 66' lang='lat' dir='ltr'><strong>aegritudinem</strong></span> <span class='ocrx_word' id='word_1_572' title='bbox 1298 1541 1425 1569; x_wconf 80' lang='lat' dir='ltr'><strong>allevare.</strong></span> <span class='ocrx_word' id='word_1_573' title='bbox 1446 1541 1486 1569; x_wconf 81' lang='lat' dir='ltr'><strong>Ita</strong></span> <span class='ocrx_word' id='word_1_574' title='bbox 1502 1547 1528 1570; x_wconf 89' lang='lat' dir='ltr'><strong>et</strong></span> <span class='ocrx_word' id='word_1_575' title='bbox 1546 1542 1700 1578; x_wconf 63' lang='lat' dir='ltr'><strong>Mattheus,</strong></span> 
     </span>
    </p>
   </div>
   <div class='ocr_carea' id='block_1_86' title="bbox 914 1585 1700 1624">
    <p class='ocr_par' dir='ltr' id='par_1_86' title="bbox 914 1585 1700 1624">
     <span class='ocr_line' id='line_1_86' title="bbox 914 1585 1700 1624; baseline 0.005 -11"><span class='ocrx_word' id='word_1_576' title='bbox 914 1585 1036 1613; x_wconf 87' lang='lat' dir='ltr'><strong>eamdem</strong></span> <span class='ocrx_word' id='word_1_577' title='bbox 1061 1585 1243 1620; x_wconf 75' lang='lat' dir='ltr'><strong>Magdalenam</strong></span> <span class='ocrx_word' id='word_1_578' title='bbox 1268 1591 1295 1614; x_wconf 90' lang='lat' dir='ltr'><strong>et</strong></span> <span class='ocrx_word' id='word_1_579' title='bbox 1326 1587 1436 1614; x_wconf 83' lang='lat' dir='ltr'><strong>Mariam</strong></span> <span class='ocrx_word' id='word_1_580' title='bbox 1464 1587 1556 1616; x_wconf 83' lang='lat' dir='ltr'><strong>Jacobi</strong></span> <span class='ocrx_word' id='word_1_581' title='bbox 1589 1596 1700 1624; x_wconf 79' lang='lat' dir='ltr'><strong>vespere</strong></span> 
     </span>
    </p>
   </div>
   <div class='ocr_carea' id='block_1_87' title="bbox 916 1630 1700 1667">
    <p class='ocr_par' dir='ltr' id='par_1_87' title="bbox 916 1630 1700 1667">
     <span class='ocr_line' id='line_1_87' title="bbox 916 1630 1700 1667; baseline 0.006 -9"><span class='ocrx_word' id='word_1_582' title='bbox 916 1630 1026 1659; x_wconf 87' lang='lat' dir='ltr'><strong>Sabbati</strong></span> <span class='ocrx_word' id='word_1_583' title='bbox 1045 1633 1077 1658; x_wconf 87' lang='lat' dir='ltr'><strong>ad</strong></span> <span class='ocrx_word' id='word_1_584' title='bbox 1104 1633 1257 1666; x_wconf 83' lang='lat' dir='ltr'><strong>sepulcrum</strong></span> <span class='ocrx_word' id='word_1_585' title='bbox 1278 1641 1404 1660; x_wconf 86' lang='lat' dir='ltr'><strong>sermone</strong></span> <span class='ocrx_word' id='word_1_586' title='bbox 1420 1634 1568 1667; x_wconf 82' lang='lat' dir='ltr'><strong>deducens.</strong></span> <span class='ocrx_word' id='word_1_587' title='bbox 1586 1643 1638 1662; x_wconf 92' lang='lat' dir='ltr'><strong>non</strong></span> <span class='ocrx_word' id='word_1_588' title='bbox 1652 1643 1700 1664; x_wconf 81' lang='lat' dir='ltr'><strong>eas</strong></span> 
     </span>
    </p>
   </div>
   <div class='ocr_carea' id='block_1_88' title="bbox 915 1675 1698 1713">
    <p class='ocr_par' dir='ltr' id='par_1_88' title="bbox 915 1675 1698 1713">
     <span class='ocr_line' id='line_1_88' title="bbox 915 1675 1698 1713; baseline 0.006 -11"><span class='ocrx_word' id='word_1_589' title='bbox 915 1680 1036 1703; x_wconf 85' lang='lat' dir='ltr'><strong>aromata</strong></span> <span class='ocrx_word' id='word_1_590' title='bbox 1049 1675 1141 1703; x_wconf 85' lang='lat' dir='ltr'><strong>tulisse</strong></span> <span class='ocrx_word' id='word_1_591' title='bbox 1157 1676 1233 1709; x_wconf 85' lang='lat' dir='ltr'><strong>dicit,</strong></span> <span class='ocrx_word' id='word_1_592' title='bbox 1244 1677 1290 1703; x_wconf 87' lang='lat' dir='ltr'><strong>sed</strong></span> <span class='ocrx_word' id='word_1_593' title='bbox 1305 1677 1412 1705; x_wconf 85' lang='lat' dir='ltr'><strong>venisse</strong></span> <span class='ocrx_word' id='word_1_594' title='bbox 1428 1678 1521 1706; x_wconf 86' lang='lat' dir='ltr'><strong>videre</strong></span> <span class='ocrx_word' id='word_1_595' title='bbox 1533 1679 1698 1713; x_wconf 85' lang='lat' dir='ltr'><strong>sepulcrum.</strong></span> 
     </span>
    </p>
   </div>
   <div class='ocr_carea' id='block_1_89' title="bbox 915 1720 1698 1758">
    <p class='ocr_par' dir='ltr' id='par_1_89' title="bbox 915 1720 1698 1758">
     <span class='ocr_line' id='line_1_89' title="bbox 915 1720 1698 1758; baseline 0.005 -11"><span class='ocrx_word' id='word_1_596' title='bbox 915 1720 1034 1748; x_wconf 85' lang='lat' dir='ltr'><strong>Levatur</strong></span> <span class='ocrx_word' id='word_1_597' title='bbox 1049 1722 1121 1748; x_wconf 83' lang='lat' dir='ltr'><strong>enim</strong></span> <span class='ocrx_word' id='word_1_598' title='bbox 1143 1722 1269 1748; x_wconf 72' lang='lat' dir='ltr'><strong>mmroris</strong></span> <span class='ocrx_word' id='word_1_599' title='bbox 1284 1722 1402 1756; x_wconf 88' lang='lat' dir='ltr'><strong>pondere</strong></span> <span class='ocrx_word' id='word_1_600' title='bbox 1415 1729 1562 1757; x_wconf 88' lang='lat' dir='ltr'><strong>oppressus</strong></span> <span class='ocrx_word' id='word_1_601' title='bbox 1578 1725 1698 1758; x_wconf 86' lang='lat' dir='ltr'><strong>animus,</strong></span> 
     </span>
    </p>
   </div>
   <div class='ocr_carea' id='block_1_90' title="bbox 915 1767 1700 1806">
    <p class='ocr_par' dir='ltr' id='par_1_90' title="bbox 915 1767 1700 1806">
     <span class='ocr_line' id='line_1_90' title="bbox 915 1767 1700 1806; baseline 0.008 -14"><span class='ocrx_word' id='word_1_602' title='bbox 915 1774 974 1793; x_wconf 91' lang='lat' dir='ltr'><strong>cum</strong></span> <span class='ocrx_word' id='word_1_603' title='bbox 991 1767 1122 1794; x_wconf 86' lang='lat' dir='ltr'><strong>tumulum</strong></span> <span class='ocrx_word' id='word_1_604' title='bbox 1147 1768 1183 1794; x_wconf 87' lang='lat' dir='ltr'><strong>uti</strong></span> <span class='ocrx_word' id='word_1_605' title='bbox 1209 1773 1375 1802; x_wconf 80' lang='lat' dir='ltr'><strong>postremum</strong></span> <span class='ocrx_word' id='word_1_606' title='bbox 1399 1770 1483 1796; x_wconf 89' lang='lat' dir='ltr'><strong>amati</strong></span> <span class='ocrx_word' id='word_1_607' title='bbox 1500 1771 1641 1806; x_wconf 78' lang='lat' dir='ltr'><strong>vestigium</strong></span> <span class='ocrx_word' id='word_1_608' title='bbox 1660 1772 1700 1798; x_wconf 83' lang='lat' dir='ltr'><strong>vi-</strong></span> 
     </span>
    </p>
   </div>
   <div class='ocr_carea' id='block_1_91' title="bbox 915 1813 1699 1849">
    <p class='ocr_par' dir='ltr' id='par_1_91' title="bbox 915 1813 1699 1849">
     <span class='ocr_line' id='line_1_91' title="bbox 915 1813 1699 1849; baseline 0.008 -11"><span class='ocrx_word' id='word_1_609' title='bbox 915 1813 969 1845; x_wconf 78' lang='lat' dir='ltr'><strong>det,</strong></span> <span class='ocrx_word' id='word_1_610' title='bbox 986 1821 1046 1840; x_wconf 83' lang='lat' dir='ltr'><strong>cum</strong></span> <span class='ocrx_word' id='word_1_611' title='bbox 1076 1820 1108 1839; x_wconf 86' lang='lat' dir='ltr'><strong>eo</strong></span> <span class='ocrx_word' id='word_1_612' title='bbox 1134 1818 1244 1847; x_wconf 82' lang='lat' dir='ltr'><strong>aspectu</strong></span> <span class='ocrx_word' id='word_1_613' title='bbox 1270 1814 1355 1840; x_wconf 89' lang='lat' dir='ltr'><strong>animi</strong></span> <span class='ocrx_word' id='word_1_614' title='bbox 1371 1815 1502 1849; x_wconf 65' lang='lat' dir='ltr'><strong>aegritudo</strong></span> <span class='ocrx_word' id='word_1_615' title='bbox 1519 1816 1654 1848; x_wconf 82' lang='lat' dir='ltr'><strong>dematur,</strong></span> <span class='ocrx_word' id='word_1_616' title='bbox 1671 1820 1699 1844; x_wconf 89' lang='lat' dir='ltr'><strong>et</strong></span> 
     </span>
    </p>
   </div>
   <div class='ocr_carea' id='block_1_92' title="bbox 914 1858 1699 1893">
    <p class='ocr_par' dir='ltr' id='par_1_92' title="bbox 914 1858 1699 1893">
     <span class='ocr_line' id='line_1_92' title="bbox 914 1858 1699 1893; baseline 0.005 -9"><span class='ocrx_word' id='word_1_617' title='bbox 914 1858 1041 1892; x_wconf 85' lang='lat' dir='ltr'><strong>lacrymis</strong></span> <span class='ocrx_word' id='word_1_618' title='bbox 1066 1859 1143 1892; x_wconf 77' lang='lat' dir='ltr'><strong>quasi</strong></span> <span class='ocrx_word' id='word_1_619' title='bbox 1181 1858 1285 1885; x_wconf 66' lang='lat' dir='ltr'><strong>nebulae</strong></span> <span class='ocrx_word' id='word_1_620' title='bbox 1310 1859 1398 1893; x_wconf 84' lang='lat' dir='ltr'><strong>caligo</strong></span> <span class='ocrx_word' id='word_1_621' title='bbox 1425 1859 1601 1888; x_wconf 67' lang='lat' dir='ltr'><strong>dissolutur.</strong></span> <span class='ocrx_word' id='word_1_622' title='bbox 1627 1860 1699 1888; x_wconf 84' lang='lat' dir='ltr'><strong>Mar-</strong></span> 
     </span>
    </p>
   </div>
   <div class='ocr_carea' id='block_1_93' title="bbox 913 1901 1698 1934">
    <p class='ocr_par' dir='ltr' id='par_1_93' title="bbox 913 1901 1698 1934">
     <span class='ocr_line' id='line_1_93' title="bbox 913 1901 1698 1934; baseline 0.005 -4"><span class='ocrx_word' id='word_1_623' title='bbox 913 1910 963 1930; x_wconf 88' lang='lat' dir='ltr'><strong>cus</strong></span> <span class='ocrx_word' id='word_1_624' title='bbox 984 1910 1047 1929; x_wconf 87' lang='lat' dir='ltr'><strong>vero</strong></span> <span class='ocrx_word' id='word_1_625' title='bbox 1071 1907 1097 1930; x_wconf 90' lang='lat' dir='ltr'><strong>et</strong></span> <span class='ocrx_word' id='word_1_626' title='bbox 1119 1901 1207 1930; x_wconf 77' lang='lat' dir='ltr'><strong>Lucas</strong></span> <span class='ocrx_word' id='word_1_627' title='bbox 1226 1903 1354 1930; x_wconf 85' lang='lat' dir='ltr'><strong>mulieres</strong></span> <span class='ocrx_word' id='word_1_628' title='bbox 1383 1909 1505 1931; x_wconf 87' lang='lat' dir='ltr'><strong>aromata</strong></span> <span class='ocrx_word' id='word_1_629' title='bbox 1529 1905 1649 1933; x_wconf 72' lang='lat' dir='ltr'><strong>ferentes</strong></span> <span class='ocrx_word' id='word_1_630' title='bbox 1664 1907 1698 1934; x_wconf 87' lang='lat' dir='ltr'><strong>ad</strong></span> 
     </span>
    </p>
   </div>
   <div class='ocr_carea' id='block_1_94' title="bbox 913 1948 1698 1984">
    <p class='ocr_par' dir='ltr' id='par_1_94' title="bbox 913 1948 1698 1984">
     <span class='ocr_line' id='line_1_94' title="bbox 913 1948 1698 1984; baseline 0.006 -9"><span class='ocrx_word' id='word_1_631' title='bbox 913 1948 1065 1982; x_wconf 86' lang='lat' dir='ltr'><strong>sepulcrum</strong></span> <span class='ocrx_word' id='word_1_632' title='bbox 1089 1948 1208 1980; x_wconf 83' lang='lat' dir='ltr'><strong>sistunt;</strong></span> <span class='ocrx_word' id='word_1_633' title='bbox 1227 1952 1255 1976; x_wconf 92' lang='lat' dir='ltr'><strong>et</strong></span> <span class='ocrx_word' id='word_1_634' title='bbox 1279 1948 1324 1975; x_wconf 87' lang='lat' dir='ltr'><strong>ille</strong></span> <span class='ocrx_word' id='word_1_635' title='bbox 1342 1949 1452 1982; x_wconf 89' lang='lat' dir='ltr'><strong>quidem</strong></span> <span class='ocrx_word' id='word_1_636' title='bbox 1479 1950 1627 1984; x_wconf 84' lang='lat' dir='ltr'><strong>Salomem,</strong></span> <span class='ocrx_word' id='word_1_637' title='bbox 1653 1952 1698 1980; x_wconf 86' lang='lat' dir='ltr'><strong>hic</strong></span> 
     </span>
    </p>
   </div>
   <div class='ocr_carea' id='block_1_95' title="bbox 912 1989 1697 2025">
    <p class='ocr_par' dir='ltr' id='par_1_95' title="bbox 912 1989 1697 2025">
     <span class='ocr_line' id='line_1_95' title="bbox 912 1989 1697 2025; baseline 0.004 -4"><span class='ocrx_word' id='word_1_638' title='bbox 912 2001 977 2021; x_wconf 87' lang='lat' dir='ltr'><strong>vero</strong></span> <span class='ocrx_word' id='word_1_639' title='bbox 988 1992 1120 2020; x_wconf 87' lang='lat' dir='ltr'><strong>Joannam</strong></span> <span class='ocrx_word' id='word_1_640' title='bbox 1131 1992 1225 2019; x_wconf 86' lang='lat' dir='ltr'><strong>Mariis</strong></span> <span class='ocrx_word' id='word_1_641' title='bbox 1243 1993 1416 2022; x_wconf 86' lang='lat' dir='ltr'><strong>adnumerat.</strong></span> <span class='ocrx_word' id='word_1_642' title='bbox 1429 1989 1473 2020; x_wconf 83' lang='lat' dir='ltr'><strong>Ad</strong></span> <span class='ocrx_word' id='word_1_643' title='bbox 1483 1995 1540 2022; x_wconf 74' lang='lat' dir='ltr'><strong>haec</strong></span> <span class='ocrx_word' id='word_1_644' title='bbox 1554 1995 1697 2025; x_wconf 57' lang='lat' dir='ltr'><strong>Mattheus</strong></span> 
     </span>
    </p>
   </div>
   <div class='ocr_carea' id='block_1_96' title="bbox 913 2038 1698 2075">
    <p class='ocr_par' dir='ltr' id='par_1_96' title="bbox 913 2038 1698 2075">
     <span class='ocr_line' id='line_1_96' title="bbox 913 2038 1698 2075; baseline 0.005 -10"><span class='ocrx_word' id='word_1_645' title='bbox 913 2039 1020 2074; x_wconf 86' lang='lat' dir='ltr'><strong>quidem</strong></span> <span class='ocrx_word' id='word_1_646' title='bbox 1033 2043 1060 2066; x_wconf 89' lang='lat' dir='ltr'><strong>et</strong></span> <span class='ocrx_word' id='word_1_647' title='bbox 1071 2038 1176 2066; x_wconf 73' lang='lat' dir='ltr'><strong>Marcus</strong></span> <span class='ocrx_word' id='word_1_648' title='bbox 1190 2046 1272 2065; x_wconf 93' lang='lat' dir='ltr'><strong>unum</strong></span> <span class='ocrx_word' id='word_1_649' title='bbox 1286 2038 1339 2066; x_wconf 90' lang='lat' dir='ltr'><strong>illis</strong></span> <span class='ocrx_word' id='word_1_650' title='bbox 1350 2039 1437 2066; x_wconf 89' lang='lat' dir='ltr'><strong>visum</strong></span> <span class='ocrx_word' id='word_1_651' title='bbox 1451 2039 1530 2075; x_wconf 71' lang='lat'><strong>231</strong></span> <span class='ocrx_word' id='word_1_652' title='bbox 1548 2045 1698 2069; x_wconf 84' lang='lat' dir='ltr'><strong>memorant</strong></span> 
     </span>
    </p>
   </div>
   <div class='ocr_carea' id='block_1_97' title="bbox 912 2083 1697 2119">
    <p class='ocr_par' dir='ltr' id='par_1_97' title="bbox 912 2083 1697 2119">
     <span class='ocr_line' id='line_1_97' title="bbox 912 2083 1697 2119; baseline 0.003 -7"><span class='ocrx_word' id='word_1_653' title='bbox 912 2086 1057 2119; x_wconf 79' lang='lat' dir='ltr'><strong>angelum;</strong></span> <span class='ocrx_word' id='word_1_654' title='bbox 1074 2083 1192 2111; x_wconf 78' lang='lat' dir='ltr'><strong>Joannes</strong></span> <span class='ocrx_word' id='word_1_655' title='bbox 1210 2091 1275 2112; x_wconf 85' lang='lat' dir='ltr'><strong>vero</strong></span> <span class='ocrx_word' id='word_1_656' title='bbox 1288 2089 1313 2111; x_wconf 89' lang='lat' dir='ltr'><strong>et</strong></span> <span class='ocrx_word' id='word_1_657' title='bbox 1329 2084 1415 2111; x_wconf 83' lang='lat' dir='ltr'><strong>Lucas</strong></span> <span class='ocrx_word' id='word_1_658' title='bbox 1432 2085 1511 2112; x_wconf 91' lang='lat' dir='ltr'><strong>duos.</strong></span> <span class='ocrx_word' id='word_1_659' title='bbox 1530 2086 1606 2119; x_wconf 81' lang='lat' dir='ltr'><strong>Quod</strong></span> <span class='ocrx_word' id='word_1_660' title='bbox 1632 2094 1697 2115; x_wconf 83' lang='lat' dir='ltr'><strong>sane</strong></span> 
     </span>
    </p>
   </div>
   <div class='ocr_carea' id='block_1_98' title="bbox 913 2129 1696 2166">
    <p class='ocr_par' dir='ltr' id='par_1_98' title="bbox 913 2129 1696 2166">
     <span class='ocr_line' id='line_1_98' title="bbox 913 2129 1696 2166; baseline 0.005 -10"><span class='ocrx_word' id='word_1_661' title='bbox 913 2130 1021 2165; x_wconf 81' lang='lat' dir='ltr'><strong>dignum</strong></span> <span class='ocrx_word' id='word_1_662' title='bbox 1035 2134 1078 2157; x_wconf 88' lang='lat' dir='ltr'><strong>est</strong></span> <span class='ocrx_word' id='word_1_663' title='bbox 1091 2129 1162 2164; x_wconf 90' lang='lat' dir='ltr'><strong>quod</strong></span> <span class='ocrx_word' id='word_1_664' title='bbox 1184 2130 1360 2164; x_wconf 79' lang='lat' dir='ltr'><strong>exquiramus</strong></span> <span class='ocrx_word' id='word_1_665' title='bbox 1376 2138 1383 2156; x_wconf 88' lang='lat'><strong>:</strong></span> <span class='ocrx_word' id='word_1_666' title='bbox 1400 2130 1465 2165; x_wconf 88' lang='lat' dir='ltr'><strong>quid</strong></span> <span class='ocrx_word' id='word_1_667' title='bbox 1481 2136 1533 2162; x_wconf 83' lang='lat' dir='ltr'><strong>est,</strong></span> <span class='ocrx_word' id='word_1_668' title='bbox 1555 2132 1626 2166; x_wconf 92' lang='lat' dir='ltr'><strong>quod</strong></span> <span class='ocrx_word' id='word_1_669' title='bbox 1643 2132 1696 2160; x_wconf 92' lang='lat' dir='ltr'><strong>illis</strong></span> 
     </span>
    </p>
   </div>
   <div class='ocr_carea' id='block_1_99' title="bbox 913 2175 1695 2212">
    <p class='ocr_par' dir='ltr' id='par_1_99' title="bbox 913 2175 1695 2212">
     <span class='ocr_line' id='line_1_99' title="bbox 913 2175 1695 2212; baseline 0.004 -10"><span class='ocrx_word' id='word_1_670' title='bbox 913 2177 1021 2211; x_wconf 90' lang='lat' dir='ltr'><strong>quidem</strong></span> <span class='ocrx_word' id='word_1_671' title='bbox 1044 2183 1114 2202; x_wconf 86' lang='lat' dir='ltr'><strong>unus</strong></span> <span class='ocrx_word' id='word_1_672' title='bbox 1137 2175 1275 2209; x_wconf 86' lang='lat' dir='ltr'><strong>apparuit,</strong></span> <span class='ocrx_word' id='word_1_673' title='bbox 1291 2175 1335 2202; x_wconf 89' lang='lat' dir='ltr'><strong>his</strong></span> <span class='ocrx_word' id='word_1_674' title='bbox 1351 2183 1415 2204; x_wconf 87' lang='lat' dir='ltr'><strong>vero</strong></span> <span class='ocrx_word' id='word_1_675' title='bbox 1431 2176 1504 2203; x_wconf 85' lang='lat' dir='ltr'><strong>duo?</strong></span> <span class='ocrx_word' id='word_1_676' title='bbox 1516 2177 1571 2204; x_wconf 89' lang='lat' dir='ltr'><strong>Illis</strong></span> <span class='ocrx_word' id='word_1_677' title='bbox 1585 2177 1695 2212; x_wconf 86' lang='lat' dir='ltr'><strong>quidem</strong></span> 
     </span>
    </p>
   </div>
   <div class='ocr_carea' id='block_1_100' title="bbox 912 2219 1696 2258">
    <p class='ocr_par' dir='ltr' id='par_1_100' title="bbox 912 2219 1696 2258">
     <span class='ocr_line' id='line_1_100' title="bbox 912 2219 1696 2258; baseline 0.004 -11"><span class='ocrx_word' id='word_1_678' title='bbox 912 2221 984 2256; x_wconf 88' lang='lat' dir='ltr'><strong>quod</strong></span> <span class='ocrx_word' id='word_1_679' title='bbox 1010 2220 1212 2248; x_wconf 78' lang='lat' dir='ltr'><strong>arbitrarentur</strong></span> <span class='ocrx_word' id='word_1_680' title='bbox 1236 2219 1380 2247; x_wconf 87' lang='lat' dir='ltr'><strong>Dominum</strong></span> <span class='ocrx_word' id='word_1_681' title='bbox 1407 2221 1495 2248; x_wconf 82' lang='lat' dir='ltr'><strong>adhuc</strong></span> <span class='ocrx_word' id='word_1_682' title='bbox 1513 2222 1541 2249; x_wconf 91' lang='lat' dir='ltr'><strong>in</strong></span> <span class='ocrx_word' id='word_1_683' title='bbox 1573 2223 1696 2258; x_wconf 89' lang='lat' dir='ltr'><strong>sepulcro</strong></span> 
     </span>
    </p>
   </div>
   <div class='ocr_carea' id='block_1_101' title="bbox 912 2266 1696 2300">
    <p class='ocr_par' dir='ltr' id='par_1_101' title="bbox 912 2266 1696 2300">
     <span class='ocr_line' id='line_1_101' title="bbox 912 2266 1696 2300; baseline 0.001 -6"><span class='ocrx_word' id='word_1_684' title='bbox 912 2273 973 2294; x_wconf 84' lang='lat' dir='ltr'><strong>esse</strong></span> <span class='ocrx_word' id='word_1_685' title='bbox 987 2270 1015 2292; x_wconf 87' lang='lat' dir='ltr'><strong>et</strong></span> <span class='ocrx_word' id='word_1_686' title='bbox 1031 2266 1058 2292; x_wconf 94' lang='lat' dir='ltr'><strong>in</strong></span> <span class='ocrx_word' id='word_1_687' title='bbox 1074 2271 1242 2292; x_wconf 83' lang='lat' dir='ltr'><strong>mortuorum</strong></span> <span class='ocrx_word' id='word_1_688' title='bbox 1259 2272 1371 2293; x_wconf 90' lang='lat' dir='ltr'><strong>numero</strong></span> <span class='ocrx_word' id='word_1_689' title='bbox 1387 2270 1525 2300; x_wconf 83' lang='lat' dir='ltr'><strong>putarent,</strong></span> <span class='ocrx_word' id='word_1_690' title='bbox 1538 2275 1608 2295; x_wconf 90' lang='lat' dir='ltr'><strong>unus</strong></span> <span class='ocrx_word' id='word_1_691' title='bbox 1622 2268 1696 2295; x_wconf 81' lang='lat' dir='ltr'><strong>visus</strong></span> 
     </span>
    </p>
   </div>
   <div class='ocr_carea' id='block_1_102' title="bbox 908 2310 1695 2346">
    <p class='ocr_par' dir='ltr' id='par_1_102' title="bbox 908 2310 1695 2346">
     <span class='ocr_line' id='line_1_102' title="bbox 908 2310 1695 2346; baseline 0.004 -9"><span class='ocrx_word' id='word_1_692' title='bbox 908 2315 950 2339; x_wconf 85' lang='lat' dir='ltr'><strong>est</strong></span> <span class='ocrx_word' id='word_1_693' title='bbox 970 2310 1092 2346; x_wconf 70' lang='lat' dir='ltr'><strong>angelus,</strong></span> <span class='ocrx_word' id='word_1_694' title='bbox 1105 2310 1151 2345; x_wconf 89' lang='lat' dir='ltr'><strong>qui</strong></span> <span class='ocrx_word' id='word_1_695' title='bbox 1176 2311 1402 2338; x_wconf 84' lang='lat' dir='ltr'><strong>resurrectionem</strong></span> <span class='ocrx_word' id='word_1_696' title='bbox 1420 2311 1547 2341; x_wconf 89' lang='lat' dir='ltr'><strong>doceret:</strong></span> <span class='ocrx_word' id='word_1_697' title='bbox 1561 2312 1616 2340; x_wconf 87' lang='lat' dir='ltr'><strong>illis</strong></span> <span class='ocrx_word' id='word_1_698' title='bbox 1632 2320 1695 2340; x_wconf 86' lang='lat' dir='ltr'><strong>vero</strong></span> 
     </span>
    </p>
   </div>
   <div class='ocr_carea' id='block_1_103' title="bbox 910 2357 1694 2392">
    <p class='ocr_par' dir='ltr' id='par_1_103' title="bbox 910 2357 1694 2392">
     <span class='ocr_line' id='line_1_103' title="bbox 910 2357 1694 2392; baseline 0 -7"><span class='ocrx_word' id='word_1_699' title='bbox 910 2358 1023 2385; x_wconf 85' lang='lat' dir='ltr'><strong>incertis</strong></span> <span class='ocrx_word' id='word_1_700' title='bbox 1040 2357 1135 2390; x_wconf 89' lang='lat' dir='ltr'><strong>animi,</strong></span> <span class='ocrx_word' id='word_1_701' title='bbox 1151 2361 1180 2384; x_wconf 92' lang='lat' dir='ltr'><strong>et</strong></span> <span class='ocrx_word' id='word_1_702' title='bbox 1196 2357 1333 2384; x_wconf 87' lang='lat' dir='ltr'><strong>sublatum</strong></span> <span class='ocrx_word' id='word_1_703' title='bbox 1349 2357 1455 2385; x_wconf 90' lang='lat' dir='ltr'><strong>Domini</strong></span> <span class='ocrx_word' id='word_1_704' title='bbox 1479 2365 1577 2392; x_wconf 88' lang='lat' dir='ltr'><strong>corpus</strong></span> <span class='ocrx_word' id='word_1_705' title='bbox 1597 2359 1694 2385; x_wconf 78' lang='lat' dir='ltr'><strong>existi-</strong></span> 
     </span>
    </p>
   </div>
   <div class='ocr_carea' id='block_1_104' title="bbox 908 2403 1692 2439">
    <p class='ocr_par' dir='ltr' id='par_1_104' title="bbox 908 2403 1692 2439">
     <span class='ocr_line' id='line_1_104' title="bbox 908 2403 1692 2439; baseline 0.001 -9"><span class='ocrx_word' id='word_1_706' title='bbox 908 2403 1045 2430; x_wconf 87' lang='lat' dir='ltr'><strong>mantibus</strong></span> <span class='ocrx_word' id='word_1_707' title='bbox 1060 2403 1112 2430; x_wconf 92' lang='lat' dir='ltr'><strong>duo</strong></span> <span class='ocrx_word' id='word_1_708' title='bbox 1128 2403 1274 2430; x_wconf 82' lang='lat' dir='ltr'><strong>astiterunt.</strong></span> <span class='ocrx_word' id='word_1_709' title='bbox 1291 2403 1392 2439; x_wconf 74' lang='lat' dir='ltr'><strong>angeli,</strong></span> <span class='ocrx_word' id='word_1_710' title='bbox 1410 2407 1439 2430; x_wconf 89' lang='lat' dir='ltr'><strong>ut</strong></span> <span class='ocrx_word' id='word_1_711' title='bbox 1462 2407 1552 2431; x_wconf 88' lang='lat' dir='ltr'><strong>essent</strong></span> <span class='ocrx_word' id='word_1_712' title='bbox 1579 2404 1692 2437; x_wconf 89' lang='lat' dir='ltr'><strong>indicio,</strong></span> 
     </span>
    </p>
   </div>
   <div class='ocr_carea' id='block_1_105' title="bbox 912 2449 1694 2484">
    <p class='ocr_par' dir='ltr' id='par_1_105' title="bbox 912 2449 1694 2484">
     <span class='ocr_line' id='line_1_105' title="bbox 912 2449 1694 2484; baseline 0 -8"><span class='ocrx_word' id='word_1_713' title='bbox 912 2458 964 2476; x_wconf 84' lang='lat' dir='ltr'><strong>non</strong></span> <span class='ocrx_word' id='word_1_714' title='bbox 983 2449 1102 2484; x_wconf 89' lang='lat' dir='ltr'><strong>potuisse</strong></span> <span class='ocrx_word' id='word_1_715' title='bbox 1119 2449 1191 2476; x_wconf 80' lang='lat' dir='ltr'><strong>furto</strong></span> <span class='ocrx_word' id='word_1_716' title='bbox 1208 2449 1314 2476; x_wconf 89' lang='lat' dir='ltr'><strong>Domini</strong></span> <span class='ocrx_word' id='word_1_717' title='bbox 1332 2457 1432 2484; x_wconf 88' lang='lat' dir='ltr'><strong>corpus</strong></span> <span class='ocrx_word' id='word_1_718' title='bbox 1448 2449 1550 2477; x_wconf 78' lang='lat' dir='ltr'><strong>auferri</strong></span> <span class='ocrx_word' id='word_1_719' title='bbox 1565 2450 1599 2477; x_wconf 87' lang='lat' dir='ltr'><strong>ab</strong></span> <span class='ocrx_word' id='word_1_720' title='bbox 1620 2449 1694 2484; x_wconf 81' lang='lat' dir='ltr'><strong>ejus-</strong></span> 
     </span>
    </p>
   </div>
   <div class='ocr_carea' id='block_1_106' title="bbox 912 2495 1694 2530">
    <p class='ocr_par' dir='ltr' id='par_1_106' title="bbox 912 2495 1694 2530">
     <span class='ocr_line' id='line_1_106' title="bbox 912 2495 1694 2530; baseline 0.001 -8"><span class='ocrx_word' id='word_1_721' title='bbox 912 2495 983 2522; x_wconf 87' lang='lat' dir='ltr'><strong>modi</strong></span> <span class='ocrx_word' id='word_1_722' title='bbox 999 2495 1156 2523; x_wconf 88' lang='lat' dir='ltr'><strong>custodibus</strong></span> <span class='ocrx_word' id='word_1_723' title='bbox 1171 2501 1351 2523; x_wconf 87' lang='lat' dir='ltr'><strong>asservatum.</strong></span> <span class='ocrx_word' id='word_1_724' title='bbox 1363 2495 1400 2522; x_wconf 84' lang='lat' dir='ltr'><strong>lta</strong></span> <span class='ocrx_word' id='word_1_725' title='bbox 1416 2495 1507 2523; x_wconf 72' lang='lat' dir='ltr'><strong>Mariae</strong></span> <span class='ocrx_word' id='word_1_726' title='bbox 1518 2495 1694 2530; x_wconf 68' lang='lat' dir='ltr'><strong>Magdalenm,</strong></span> 
     </span>
    </p>
   </div>
   <div class='ocr_carea' id='block_1_107' title="bbox 911 2541 1695 2576">
    <p class='ocr_par' dir='ltr' id='par_1_107' title="bbox 911 2541 1695 2576">
     <span class='ocr_line' id='line_1_107' title="bbox 911 2541 1695 2576; baseline 0.001 -7"><span class='ocrx_word' id='word_1_727' title='bbox 911 2549 970 2576; x_wconf 72' lang='lat' dir='ltr'><strong>qua:</strong></span> <span class='ocrx_word' id='word_1_728' title='bbox 993 2542 1132 2576; x_wconf 88' lang='lat' dir='ltr'><strong>discipulis</strong></span> <span class='ocrx_word' id='word_1_729' title='bbox 1155 2541 1285 2570; x_wconf 80' lang='lat' dir='ltr'><strong>dixerat:</strong></span> <span class='ocrx_word' id='word_1_730' title='bbox 1303 2551 1313 2569; x_wconf 84' lang='grc'><em>‹</em></span> <span class='ocrx_word' id='word_1_731' title='bbox 1341 2542 1473 2570; x_wconf 85' lang='lat' dir='ltr'><strong>Tuleruut</strong></span> <span class='ocrx_word' id='word_1_732' title='bbox 1501 2543 1643 2570; x_wconf 89' lang='lat' dir='ltr'><strong>Dominum</strong></span> <span class='ocrx_word' id='word_1_733' title='bbox 1662 2543 1695 2570; x_wconf 90' lang='lat' dir='ltr'><strong>de</strong></span> 
     </span>
    </p>
   </div>
   <div class='ocr_carea' id='block_1_108' title="bbox 912 2587 1694 2624">
    <p class='ocr_par' dir='ltr' id='par_1_108' title="bbox 912 2587 1694 2624">
     <span class='ocr_line' id='line_1_108' title="bbox 912 2587 1694 2624; baseline 0.003 -10"><span class='ocrx_word' id='word_1_734' title='bbox 912 2593 1090 2615; x_wconf 89' lang='lat' dir='ltr'><strong>monumento</strong></span> <span class='ocrx_word' id='word_1_735' title='bbox 1100 2587 1134 2621; x_wconf 74' lang='grc'><strong>⁸⁸,</strong></span> <span class='ocrx_word' id='word_1_736' title='bbox 1156 2597 1165 2613; x_wconf 78' lang='grc' dir='ltr'><strong>ι</strong></span> <span class='ocrx_word' id='word_1_737' title='bbox 1183 2587 1237 2615; x_wconf 89' lang='lat' dir='ltr'><strong>duo</strong></span> <span class='ocrx_word' id='word_1_738' title='bbox 1252 2588 1388 2616; x_wconf 79' lang='lat' dir='ltr'><strong>candidati</strong></span> <span class='ocrx_word' id='word_1_739' title='bbox 1406 2589 1457 2616; x_wconf 85' lang='lat' dir='ltr'><strong>visi</strong></span> <span class='ocrx_word' id='word_1_740' title='bbox 1478 2594 1551 2622; x_wconf 89' lang='lat' dir='ltr'><strong>sunt,</strong></span> <span class='ocrx_word' id='word_1_741' title='bbox 1566 2589 1612 2624; x_wconf 92' lang='lat' dir='ltr'><strong>qui</strong></span> <span class='ocrx_word' id='word_1_742' title='bbox 1634 2596 1694 2616; x_wconf 84' lang='lat' dir='ltr'><strong>eam</strong></span> 
     </span>
    </p>
   </div>
   <div class='ocr_carea' id='block_1_109' title="bbox 911 2632 1713 2669">
    <p class='ocr_par' dir='ltr' id='par_1_109' title="bbox 911 2632 1713 2669">
     <span class='ocr_line' id='line_1_109' title="bbox 911 2632 1713 2669; baseline 0.002 -9"><span class='ocrx_word' id='word_1_743' title='bbox 911 2633 946 2660; x_wconf 89' lang='lat' dir='ltr'><strong>ab</strong></span> <span class='ocrx_word' id='word_1_744' title='bbox 963 2632 1009 2660; x_wconf 84' lang='lat' dir='ltr'><strong>illa</strong></span> <span class='ocrx_word' id='word_1_745' title='bbox 1028 2632 1156 2667; x_wconf 87' lang='lat' dir='ltr'><strong>opinione</strong></span> <span class='ocrx_word' id='word_1_746' title='bbox 1177 2633 1354 2668; x_wconf 81' lang='lat' dir='ltr'><strong>deducerent,</strong></span> <span class='ocrx_word' id='word_1_747' title='bbox 1376 2639 1403 2661; x_wconf 86' lang='lat' dir='ltr'><strong>et</strong></span> <span class='ocrx_word' id='word_1_748' title='bbox 1429 2642 1502 2662; x_wconf 92' lang='lat' dir='ltr'><strong>nunc</strong></span> <span class='ocrx_word' id='word_1_749' title='bbox 1527 2635 1609 2663; x_wconf 88' lang='lat' dir='ltr'><strong>etiam</strong></span> <span class='ocrx_word' id='word_1_750' title='bbox 1627 2632 1713 2669; x_wconf 50' lang='grc' dir='ltr'>ςυστ</span> 
     </span>
    </p>
   </div>
   <div class='ocr_carea' id='block_1_110' title="bbox 108 2702 923 2737">
    <p class='ocr_par' dir='ltr' id='par_1_110' title="bbox 108 2702 923 2737">
     <span class='ocr_line' id='line_1_110' title="bbox 108 2702 923 2737; baseline 0 -6"><span class='ocrx_word' id='word_1_751' title='bbox 108 2704 195 2731; x_wconf 81' lang='lat' dir='ltr'><strong>“lsa.</strong></span> <span class='ocrx_word' id='word_1_752' title='bbox 213 2711 297 2736; x_wconf 70' lang='lat' dir='ltr'><strong>urit,</strong></span> <span class='ocrx_word' id='word_1_753' title='bbox 317 2704 359 2730; x_wconf 88' lang='grc'><strong>11.</strong></span> <span class='ocrx_word' id='word_1_754' title='bbox 397 2702 492 2730; x_wconf 83' lang='lat' dir='ltr'><strong>“Luc.</strong></span> <span class='ocrx_word' id='word_1_755' title='bbox 505 2709 582 2734; x_wconf 81' lang='lat' dir='ltr'><strong>utv,</strong></span> <span class='ocrx_word' id='word_1_756' title='bbox 595 2702 608 2729; x_wconf 76' lang='grc'><strong>1</strong></span> <span class='ocrx_word' id='word_1_757' title='bbox 620 2710 695 2737; x_wconf 80' lang='lat' dir='ltr'><strong>seqq.</strong></span> <span class='ocrx_word' id='word_1_758' title='bbox 734 2702 844 2731; x_wconf 87' lang='lat' dir='ltr'><strong>&quot;Joan.</strong></span> <span class='ocrx_word' id='word_1_759' title='bbox 855 2711 883 2737; x_wconf 69' lang='grc' dir='ltr'>ι,</span> <span class='ocrx_word' id='word_1_760' title='bbox 895 2705 923 2732; x_wconf 77' lang='lat'><strong>‘2.</strong></span> 
     </span>
    </p>
   </div>
   <div class='ocr_carea' id='block_1_111' title="bbox 687 2763 1082 2795">
    <p class='ocr_par' dir='ltr' id='par_1_111' title="bbox 687 2763 1082 2795">
     <span class='ocr_line' id='line_1_111' title="bbox 687 2763 1082 2795; baseline -0.005 -1"><span class='ocrx_word' id='word_1_761' title='bbox 687 2763 845 2795; x_wconf 84' lang='lat' dir='ltr'><strong>Francisci</strong></span> <span class='ocrx_word' id='word_1_762' title='bbox 863 2763 968 2795; x_wconf 86' lang='lat' dir='ltr'><strong>Scorsi</strong></span> <span class='ocrx_word' id='word_1_763' title='bbox 989 2764 1082 2795; x_wconf 68' lang='lat' dir='ltr'><strong>notua.</strong></span> 
     </span>
    </p>
   </div>
   <div class='ocr_carea' id='block_1_112' title="bbox 58 2817 850 2860">
    <p class='ocr_par' dir='ltr' id='par_1_112' title="bbox 58 2817 850 2860">
     <span class='ocr_line' id='line_1_112' title="bbox 58 2817 850 2860; baseline 0.004 -10"><span class='ocrx_word' id='word_1_764' title='bbox 58 2817 59 2821; x_wconf 32' lang='grc'><strong>¹</strong></span> <span class='ocrx_word' id='word_1_765' title='bbox 82 2858 89 2860; x_wconf 28' lang='grc' dir='ltr'><em>Α</em></span> <span class='ocrx_word' id='word_1_766' title='bbox 108 2824 147 2860; x_wconf 71' lang='lat'><strong>(3)</strong></span> <span class='ocrx_word' id='word_1_767' title='bbox 171 2825 232 2851; x_wconf 80' lang='lat' dir='ltr'><strong>Alia</strong></span> <span class='ocrx_word' id='word_1_768' title='bbox 255 2825 309 2852; x_wconf 68' lang='lat' dir='ltr'><strong>hac</strong></span> <span class='ocrx_word' id='word_1_769' title='bbox 333 2830 484 2852; x_wconf 77' lang='lat' dir='ltr'><strong>sanctarum</strong></span> <span class='ocrx_word' id='word_1_770' title='bbox 509 2826 660 2853; x_wconf 80' lang='lat' dir='ltr'><strong>mulierum.</strong></span> <span class='ocrx_word' id='word_1_771' title='bbox 687 2825 781 2853; x_wconf 80' lang='lat' dir='ltr'><strong>Patres</strong></span> <span class='ocrx_word' id='word_1_772' title='bbox 805 2826 850 2860; x_wconf 91' lang='lat' dir='ltr'><strong>qui</strong></span> 
     </span>
    </p>
   </div>
   <div class='ocr_carea' id='block_1_113' title="bbox 73 2858 852 2897">
    <p class='ocr_par' dir='ltr' id='par_1_113' title="bbox 73 2858 852 2897">
     <span class='ocr_line' id='line_1_113' title="bbox 73 2858 852 2897; baseline -0.001 -7"><span class='ocrx_word' id='word_1_773' title='bbox 73 2858 197 2890; x_wconf 72' lang='lat' dir='ltr'><strong>diversas</strong></span> <span class='ocrx_word' id='word_1_774' title='bbox 209 2861 350 2888; x_wconf 82' lang='lat' dir='ltr'><strong>mulierqu</strong></span> <span class='ocrx_word' id='word_1_775' title='bbox 364 2861 544 2896; x_wconf 81' lang='lat' dir='ltr'><strong>profectiones</strong></span> <span class='ocrx_word' id='word_1_776' title='bbox 556 2863 588 2890; x_wconf 83' lang='lat' dir='ltr'><strong>ad</strong></span> <span class='ocrx_word' id='word_1_777' title='bbox 603 2862 754 2897; x_wconf 86' lang='lat' dir='ltr'><strong>sepulcrum</strong></span> <span class='ocrx_word' id='word_1_778' title='bbox 767 2858 852 2889; x_wconf 74' lang='lat' dir='ltr'><strong>fuisse</strong></span> 
     </span>
    </p>
   </div>
   <div class='ocr_carea' id='block_1_114' title="bbox 907 2820 1692 2858">
    <p class='ocr_par' dir='ltr' id='par_1_114' title="bbox 907 2820 1692 2858">
     <span class='ocr_line' id='line_1_114' title="bbox 907 2820 1692 2858; baseline -0.006 -5"><span class='ocrx_word' id='word_1_779' title='bbox 907 2829 1035 2858; x_wconf 84' lang='lat' dir='ltr'><strong>censent,</strong></span> <span class='ocrx_word' id='word_1_780' title='bbox 1058 2824 1084 2851; x_wconf 88' lang='lat' dir='ltr'><strong>in</strong></span> <span class='ocrx_word' id='word_1_781' title='bbox 1109 2831 1162 2858; x_wconf 88' lang='lat' dir='ltr'><strong>qua</strong></span> <span class='ocrx_word' id='word_1_782' title='bbox 1188 2822 1319 2850; x_wconf 86' lang='lat' dir='ltr'><strong>sententia</strong></span> <span class='ocrx_word' id='word_1_783' title='bbox 1344 2821 1441 2851; x_wconf 86' lang='lat' dir='ltr'><strong>Noster</strong></span> <span class='ocrx_word' id='word_1_784' title='bbox 1465 2821 1510 2850; x_wconf 84' lang='lat' dir='ltr'><strong>hic</strong></span> <span class='ocrx_word' id='word_1_785' title='bbox 1533 2825 1590 2853; x_wconf 83' lang='lat' dir='ltr'><strong>est,</strong></span> <span class='ocrx_word' id='word_1_786' title='bbox 1612 2820 1692 2851; x_wconf 75' lang='lat' dir='ltr'><strong>catuli</strong></span> 
     </span>
    </p>
   </div>
   <div class='ocr_carea' id='block_1_115' title="bbox 908 2858 1356 2895">
    <p class='ocr_par' dir='ltr' id='par_1_115' title="bbox 908 2858 1356 2895">
     <span class='ocr_line' id='line_1_115' title="bbox 908 2858 1356 2895; baseline -0.004 -7"><span class='ocrx_word' id='word_1_787' title='bbox 908 2862 981 2889; x_wconf 79' lang='lat' dir='ltr'><strong>boni.</strong></span> <span class='ocrx_word' id='word_1_788' title='bbox 995 2860 1041 2895; x_wconf 76' lang='lat'><strong>29,</strong></span> <span class='ocrx_word' id='word_1_789' title='bbox 1059 2865 1116 2889; x_wconf 89' lang='lat' dir='ltr'><strong>not.</strong></span> <span class='ocrx_word' id='word_1_790' title='bbox 1130 2859 1174 2894; x_wconf 75' lang='lat' dir='ltr'><strong>8i,</strong></span> <span class='ocrx_word' id='word_1_791' title='bbox 1188 2865 1270 2894; x_wconf 82' lang='lat' dir='ltr'><strong>quam</strong></span> <span class='ocrx_word' id='word_1_792' title='bbox 1286 2858 1356 2886; x_wconf 88' lang='lat' dir='ltr'><strong>vide.</strong></span> 
     </span>
    </p>
   </div>
  </div>
