1896 3051
48 139 106 170 653

719 114 886 168 aditum
907 139 1034 170 xxxn.

1640 142 1696 174 654

50 205 155 228 γουσι,
176 196 214 228 ὡς
230 195 278 222 καὶ
293 195 357 228 τοὺς
369 195 509 228 ἐναντίους
524 194 639 230 ἄγεσθαι
665 195 712 222 καὶ
737 195 829 222 λαλεῖν
841 204 849 210 ·

931 197 990 230 bat,
1011 197 1104 224 turbas
1134 204 1197 225 vero
1225 197 1258 224 ad
1285 204 1314 225 se
1343 198 1526 232 pertrahebat,
1556 203 1583 226 ut
1614 182 1698 227 etiam

51 249 61 266 ι
77 241 217 267 Οὐδέποτε
230 240 315 272 οὕτως
330 241 462 276 ἐλάλησεν
478 240 639 276 ἄνθρωπος.
659 250 668 266 )
690 240 753 272 Τοῖς
766 240 858 277 ἔργοις

51 286 83 313 δὲ
99 287 164 314 θεία
180 295 222 318 τις
236 287 329 313 εἵπετο
347 286 474 322 δύναμις,
496 287 612 322 νεύματι
635 287 708 322 μόνῳ
723 287 770 313 καὶ
785 288 856 322 ὁρμῇ

52 333 103 359 τοῦ
122 333 279 369 θελήματος
305 333 356 365 τὰς
383 333 479 364 νόσους
506 333 735 368 ἀποκαθαίρουσα
752 341 758 348 ·
785 332 857 359 ὥστε

54 377 139 411 αὖθις
151 380 214 410 τοὺς
228 380 326 414 ὄχλους
341 380 462 416 ἁναὸοᾷν
478 387 485 394 ⁸
511 388 520 405 ι
538 379 675 406 οὐδέποτε
688 378 774 411 οὕτως
789 379 857 405 είδο-

58 433 121 459 μεν.
140 434 149 451 ι
177 425 214 452 Τὸ
239 425 267 452 δέ
283 432 291 440 ·
312 434 320 450 ι
336 424 457 452 ἐναντίον
478 424 526 452 τοῦ
541 424 609 451 Θεοῦ
625 425 673 451 καὶ
693 424 793 456 παντὸς
808 424 856 451 τοῦ

54 471 145 504 λαοῦ,
165 481 174 497 ι
205 471 305 506 ἀγαθοὶ
335 471 496 506 νομίζονται
525 471 697 506 ὑποκρίσεως
723 472 855 506 σχήματι,

54 518 172 553 μισητοὶ
185 518 213 544 δέ
225 519 280 544 εισι
291 517 330 552 τῷ
345 517 404 553 Θεῷ
417 525 424 534 ’
442 517 472 543 τὸ
489 516 517 543 δὲ
532 517 671 552 κατάμφω
683 516 789 544 εὐδοκεῖ
805 516 856 552 μὲν

53 565 149 600 μόνοις
180 566 238 596 τοῖς
255 564 372 596 τελείοις
389 564 474 591 ἐστίν.
506 561 572 590 Εἶτα
596 564 637 595 εἰς
659 563 706 590 τὸν
732 563 855 598 ἡγεμόνα

53 610 220 645 παράδοσιν,
248 610 298 637 καὶ
319 610 395 642 τέλος
418 610 502 638 αὐτὸν
529 610 574 637 τὸν
602 611 730 646 σταυρὸν,
748 610 796 637 καὶ
816 610 855 642 ὠς

53 657 196 692 μεγίστων
223 657 409 692 ἀποτυχόντες
433 656 560 686 ἐλπίδων.
591 666 601 682 ι
627 657 733 692 Ἡμεῖς,
760 657 853 692 φησὶν,

50 703 207 738 ἠλπίζομεν
219 703 261 730 ὃτι
277 703 359 735 αὐτός
374 704 451 730 ἔστιν
477 703 492 729 ὁ
513 703 620 739 μέλλων
635 703 798 738 λυτροῦσθαι
808 703 854 730 τὸν

57 749 189 785 Ἰσραήλ·
205 759 215 776 ι
246 749 300 785 πρὸ
315 751 370 785 γὰρ
388 750 436 776 τοῖν
465 750 573 782 Πάθους
598 749 683 782 ἄλλας
705 749 854 785 ὑπολήψεις

50 796 134 830 ἔσχον
159 797 226 832 περὶ
252 796 373 832 Χριστοῦ
390 805 397 812 ·
414 797 588 832 βασιλεύσειν
606 797 660 834 γὰρ
676 796 757 824 αὐτὸν
775 796 853 831 βασι-

49 842 128 869 λείαν
142 843 267 877 ἐπίγειον
279 842 376 879 ᾤοντο,
393 844 499 879 καὶτῆς
518 843 662 878 Ῥωμαίων
673 843 853 877 ἐπικρατείας

51 889 278 924 ἀφαρπάσαιτδν
301 889 422 925 Ἰσραήλ.
449 889 543 925 Ταύτῃ
565 898 606 916 τοι
630 888 678 915 καὶ
692 888 796 923 ἔλεγον,
815 888 853 920 ὼς

53 943 63 960 ι
87 934 259 969 Ἠλπίζομεν
272 935 313 962 ὃτι
338 935 421 966 αὑτός
441 935 516 961 ἔστιν
534 936 548 961 ὁ
563 934 669 970 μέλλων
686 932 853 969 λυτροῦσθαι

52 981 99 1008 τὶν
119 980 243 1017 Ἰσραήλ.
264 990 274 1008 ι
294 981 407 1013 Ἰδόντες
422 981 451 1008 δὲ
467 981 549 1008 αὐτὸν
561 981 667 1017 ἀτίμως
679 981 750 1008 οὕτω
768 985 853 1008 κατα-

52 1027 197 1063 κριξέντα,
218 1028 266 1055 καὶ
281 1028 397 1055 θάνατον
411 1028 595 1054 ἐπονείδιστον
615 1027 764 1063 θνήξαντα,
783 1027 852 1063 πρὸς

52 1074 134 1106 ἄλλας
149 1073 280 1105 ὑπονοίας
296 1074 458 1110 ἐτράποντο,
474 1073 546 1101 ὥστε
556 1074 604 1100 καὶ
615 1073 852 1110 καταμέμφεσθαι

51 1119 170 1151 ἑαυτοὺς
191 1119 308 1151 είκαίαις
317 1119 424 1146 ἐλπίσιν
437 1119 669 1155 βουκολουμένους
678 1119 718 1151 είς
727 1119 758 1146 τὸ
773 1118 848 1156 πρίν.

911 242 1062 270 adversarii
1079 243 1289 276 adducerentur,
1308 249 1335 271 et
1360 245 1503 272 dicerent:
1530 254 1538 270 ‹
1555 244 1699 280 Nunquam

910 287 950 314 sic
976 287 1082 314 loculus
1101 292 1142 315 est
1155 288 1234 315 homo
1248 289 1282 315 "°.
1307 299 1316 314 ι
1334 288 1422 324 Opera
1448 298 1513 319 vero
1535 291 1625 319 divina
1660 293 1701 319 vis

909 333 1033 368 quardatn
1061 334 1253 367 comitabatur,
1274 343 1333 370 qua:
1361 340 1427 363 nutu
1461 337 1547 364 solum
1573 341 1701 373 motuque

907 378 1055 406 voluntatis
1079 380 1190 407 morbos
1224 381 1404 416 abstergeret,
1437 386 1466 408 ut
1496 382 1590 409 itidem
1615 384 1700 410 turbae

909 424 1090 452 acclamareut
1108 434 1115 453 :
1147 434 1156 451 ι
1172 425 1315 461 Nunquam
1331 427 1372 454 sic
1401 428 1518 456 vidimus
1531 429 1566 456 '”.
1588 437 1598 454 ι
1621 428 1699 462 Quod

908 476 1000 498 autem
1020 471 1105 504 addit,
1130 481 1139 498 ι
1153 480 1244 500 coram
1267 473 1320 500 Deo
1335 477 1361 501 et
1385 473 1458 501 omni
1475 475 1585 509 populo,
1601 483 1610 500 ι
1640 475 1700 502 ideo

907 523 959 551 est,
978 520 1050 553 quod
1068 519 1158 554 specie
1184 527 1216 547 ac
1243 520 1417 548 simulatione
1446 522 1558 556 quidam
1594 521 1657 549 boni
1683 529 1699 548 ιι

906 564 1007 599 populo
1039 565 1184 598 habentur,
1211 565 1258 593 sed
1285 565 1339 593 Deo
1364 567 1442 594 invisi
1474 572 1557 595 sunt:
1580 572 1607 595 at
1634 575 1700 596 vero

907 611 1015 646 utrique
1051 612 1150 639 bonum
1182 612 1267 640 videri
1303 612 1368 640 solis
1395 612 1524 648 perfectis
1555 614 1699 650 contingit.

905 656 970 684 Post
985 658 1053 690 haec,
1070 658 1204 692 quomodo
1229 659 1337 693 praesidi
1361 660 1477 687 traditus
1498 665 1580 695 atque
1598 660 1631 687 ad
1650 667 1700 687 ex-

907 708 1022 730 trentum
1041 704 1188 732 cruciﬁxus
1219 711 1304 739 esset,
1322 705 1481 741 adjungunt,
1502 706 1596 742 utique
1626 707 1700 742 ipsos

905 757 967 784 spes
986 757 1090 783 magna:
1119 750 1276 778 frustratae:
1299 761 1307 776 ι
1322 750 1389 784 Nos,
1411 752 1547 787 inquiunt,
1570 753 1700 787 speraba-

906 804 977 830 mus,
994 797 1064 831 quod
1083 797 1140 831 ipse
1166 803 1240 826 esset
1266 799 1454 833 redempturus
1479 800 1573 827 lsrael.
1590 809 1599 825 ›
1624 800 1699 827 Alias

905 843 978 870 enim
993 848 1056 870 ante
1066 843 1223 871 Passionem
1235 845 1267 872 de
1275 844 1384 872 Christo
1398 846 1540 881 opiniones
1552 846 1697 874 habebant:

869 882 892 911 Β
907 895 1080 923 regnaturum
1098 889 1202 918 scilicet
1220 891 1246 917 in
1268 895 1353 924 terra,
1369 896 1394 919 et
1420 899 1434 919 a
1453 891 1637 920 Romanorum
1652 893 1700 920 do-

906 935 1010 962 minatu
1025 934 1151 970 populum
1173 935 1281 963 lsraelis
1307 936 1507 965 vindicaturum
1523 937 1701 965 arbitraban-

903 984 958 1008 tur.
978 980 1034 1009 Hoc
1065 981 1138 1009 enim
1169 982 1222 1010 sibi
1252 981 1319 1015 vult,
1350 984 1423 1017 quod
1446 983 1598 1012 dixerunt:
1619 993 1629 1010 ι
1645 984 1700 1012 Nos

902 1033 993 1054 autem
1027 1027 1214 1062 sperabamus,
1248 1028 1319 1064 quod
1344 1028 1401 1063 ipse
1414 1033 1485 1057 esset
1510 1030 1701 1065 redempturus

901 1075 996 1102 Israel.
1011 1083 1021 1101 ι
1036 1074 1106 1101 Cum
1119 1082 1185 1102 vero
1200 1082 1273 1109 eum,
1293 1080 1368 1103 tanta
1385 1083 1446 1104 cum
1460 1076 1608 1111 ignominia
1622 1076 1700 1104 dant-

901 1124 1007 1152 natum,
1023 1121 1183 1155 probrosam
1194 1126 1310 1149 mortem
1322 1121 1423 1150 abiisse
1434 1122 1576 1156 vidissent,
1591 1122 1618 1150 in
1633 1122 1700 1151 alia:

59 1166 178 1194 traducti
212 1171 277 1205 sunt
301 1167 494 1203 cogitationes,
527 1172 558 1195 ut
591 1168 673 1195 etiam
699 1174 729 1195 se
757 1167 831 1203 ipsos
856 1168 1098 1203 reprehenderent,
1135 1168 1206 1204 quod
1235 1169 1310 1196 inani
1336 1169 1382 1197 illa
1409 1177 1459 1205 spe
1485 1176 1565 1198 antea
1602 1178 1631 1199 se
1651 1179 1700 1206 pa-

54 1213 170 1241 vissem.
360 1230 362 1233 ~

93 1269 102 1286 ε
123 1260 181 1286 Καὶ
195 1259 252 1287 lauit
271 1260 367 1296 τρίτην
382 1264 485 1296 ταύτην
511 1261 620 1296 ἡμέραν
641 1261 704 1295 ἄγει
718 1261 850 1297 σήμερον,

54 1305 101 1340 ἀφ’
132 1302 166 1332 οὗ
194 1305 282 1332 ταῦτα
302 1307 408 1341 γέγονε.
427 1315 438 1333 ι
468 1307 619 1342 Μονονουχὶ
647 1306 727 1334 τοῦτό
757 1315 850 1342 φησιν,

54 1352 93 1384 ὡς
110 1352 191 1379 Πᾶσα
206 1353 272 1388 ἡμῖν
287 1353 443 1390 περιῃρέθη
464 1353 542 1385 ἐλπίς
558 1362 565 1370 ·
592 1354 671 1390 τρίτη
701 1353 756 1391 γάρ
778 1355 852 1381 ἐστιν

56 1399 127 1433 αὕτη
142 1398 288 1434 τεθνηκότι
313 1399 399 1434 αὐτῷ,
416 1400 464 1427 καὶ
480 1400 531 1435 ἤδη
556 1409 607 1427 που
637 1401 709 1435 τάχα
730 1400 778 1427 τοῦ
801 1399 854 1427 σώ-

58 1453 144 1480 ματος
163 1444 280 1472 ἅπτεται
293 1446 309 1480 ἡ
324 1445 468 1481 διαφθορά.
488 1443 554 1472 Εἶτα
567 1446 665 1480 ἐπάγει
679 1446 725 1473 καὶ
738 1446 787 1477 τὰς
804 1446 853 1472 ὀπ-

55 1491 154 1522 τασίας
174 1491 229 1517 τῶν
244 1491 395 1525 γυναικῶν,
407 1492 534 1528 ἀμυδρῶς
546 1492 631 1524 αὑτὰς
649 1493 851 1528 ἀφηγούμενος.

95 1547 104 1563 t
128 1537 211 1564 ’Δλλὰ
227 1538 275 1565 καὶ
303 1538 433 1572 γυναῖκές
455 1547 528 1570 τινες
555 1539 586 1571 ἐξ
610 1539 690 1576 ἡμῶν
704 1539 853 1574 ἐξέστησαν

945 1271 954 1286 ‹
964 1260 997 1288 Ει
1007 1261 1089 1296 236
1099 1269 1162 1289 ecce
1173 1262 1250 1290 tertia
1262 1263 1319 1290 dies
1328 1269 1368 1290 est
1379 1263 1551 1299 hotlie.'quod
1560 1264 1617 1292 ba2c
1626 1264 1697 1292 facta

907 1313 979 1335 sunt.
999 1317 1009 1334 ι
1029 1308 1147 1336 Perinde
1181 1315 1214 1336 ac
1242 1309 1264 1336 si
1306 1309 1452 1337 dicerent:
1471 1308 1565 1337 Omnis
1593 1310 1700 1337 sublata

908 1354 987 1381 nobis
1002 1362 1065 1388 spes
1079 1358 1136 1387 est;
1161 1355 1258 1382 tertius
1288 1355 1359 1382 enim
1392 1356 1436 1383 hic
1462 1355 1496 1383 ab
1521 1355 1581 1390 ejus
1614 1360 1701 1382 morte

908 1400 998 1434 agitur
1011 1399 1082 1430 dies,
1100 1403 1126 1425 et
1144 1398 1200 1432 jam
1220 1398 1336 1427 fortasse
1368 1399 1506 1434 corrumpi
1527 1405 1646 1433 cmptqu
1659 1405 1701 1428 est

904 1452 1012 1480 ('Ol'plls.
1036 1444 1109 1472 Tum
1139 1445 1229 1472 subdit
1257 1445 1400 1473 mulierum
1430 1447 1496 1478 visa,
1518 1453 1605 1481 eaque
1633 1447 1700 1474 sub-

901 1492 1016 1519 obscure
1027 1496 1131 1518 narrat.

944 1545 955 1561 ‹
971 1535 1023 1562 Sed
1047 1540 1075 1563 et
1088 1536 1215 1563 mulieres
1227 1536 1351 1571 quaedam
1372 1544 1405 1564 ex
1423 1537 1524 1565 nostris
1540 1540 1700 1566 terruerunt

57 1585 144 1620 ἡμᾶς,
159 1569 313 1620 γενόμεναι.
325 1569 434 1620 ὄρθριαι
455 1585 502 1611 ἐπὶ
519 1569 557 1612 Ῠτδ
577 1569 730 1620 μνημεῖον,
749 1569 800 1611 καί
815 1584 850 1620 μὴ

931 1589 967 1614 ss,
996 1589 1056 1616 qua:
1084 1586 1147 1609 ante
1171 1582 1259 1609 lucem
1288 1581 1400 1610 fuerunt
1422 1582 1455 1610 ad
1482 1588 1701 1616 monumentum,

59 1631 192 1665 εὑροῦσαι
210 1631 241 1656 τὸ
262 1631 341 1665 σῶμα
355 1630 449 1663 αὐτοῦ,
467 1628 549 1666 ἦλθον
564 1630 693 1666 λέγουσαι
707 1631 755 1658 καὶ
770 1631 854 1657 ὀπτα-

60 1676 119 1703 σίαν
150 1676 277 1710 ἀγγέλων
306 1677 469 1712 ἑωρακέναι,
494 1677 519 1703 οἳ
536 1676 630 1712 ἔλεγον
655 1677 736 1704 αὐτὸν
760 1677 821 1713 ζῇν.
842 1686 851 1704 ι

60 1723 214 1749 Ἔκστασιν
234 1722 281 1749 τὸν
303 1722 503 1758 εὐαγγελισμὲιν
520 1723 660 1758 ὀνομάζει,
678 1720 734 1750 οἷον
751 1731 855 1758 φαντα-

61 1769 145 1804 σιώδη
172 1768 234 1795 τινὰ
257 1769 390 1804 ταραχήν.
410 1778 419 1794 ι
436 1769 491 1795 Καὶ
510 1769 630 1804 ἀπῆλθόν
642 1778 715 1801 τινες
729 1769 784 1796 τῶν
806 1769 854 1796 σὺν

61 1816 139 1851 ἡμῖν,
169 1815 219 1842 καὶ
240 1812 320 1851 εὖρον
348 1814 446 1847 οὕτως.
476 1825 485 1841 ι
517 1816 621 1851 Πέτρον
647 1815 694 1842 καὶ
726 1816 855 1852 Ἰωάννην

61 1861 202 1896 ὑποδηλοῇ
213 1862 239 1888 οἳ
254 1862 288 1888 τὰ
300 1861 351 1896 μὲν
366 1861 458 1888 ὀθόνια
469 1858 548 1895 εἶδον,
568 1862 651 1888 αὐτὸν
665 1862 692 1889 δὲ
706 1862 756 1889 ούκ
771 1860 853 1892 εἶδον.

60 1909 116 1943 Τῆς
138 1907 270 1943 τοιαύτης
297 1905 344 1934 οὖν
365 1907 498 1943 νωχελίας
518 1907 692 1942 ἁνακομίζων
718 1909 817 1940 αὐτοὺς
840 1911 855 1936 ὀ

60 1955 169 1990 Σωτὴρ,
187 1953 350 1990 ἐπιπλήττει
379 1953 520 1989 σφοδρῶς,
547 1955 593 1981 καὶ
608 1954 786 1986 κατονειδίζει
821 1953 854 1989 ἡς

62 2001 173 2037 βραδεῖς
188 2000 235 2026 καὶ
250 1999 382 2034 ἠλιθίους,
401 2000 448 2025 καὶ
461 1999 580 2035 τοσαύτῃ
598 2000 698 2035 νωθείᾳ
715 2008 852 2035 κεκρατη-

64 2048 175 2082 μένους,
187 2046 314 2081 ἀγνῶτας
326 2054 355 2072 τε
366 2045 450 2080 νόμου
465 2045 513 2072 καὶ
529 2046 688 2081 προφητῶν,
701 2046 746 2073 καί
761 2054 853 2081 φησιν-

65 2102 74 2119 ι
91 2091 127 2119 Ὠ
144 2092 266 2127 ἀνόητοι,
283 2091 331 2117 κοιλ⁵
348 2090 456 2126 βραδεῖς
472 2091 504 2126 τῇ
522 2090 620 2126 καρδίᾳ
637 2091 684 2117 τοῦ
703 2091 853 2123 πιστεύειν,

61 2137 102 2171 οἷς
114 2138 254 2174 ἐλάλησαν
268 2138 293 2164 ol
312 2137 466 2172 προφῆται.
485 2146 494 2162 ι
514 2134 582 2163 Εἶτα
597 2136 742 2172 σαφηνίζει
757 2138 804 2164 καὶ
821 2138 855 2165 τὰ

61 2184 270 2220 τεθεσπισμένα
291 2184 348 2215 τοῖς
367 2183 507 2218 θεολόγοις
523 2183 588 2219 περὶ
604 2183 701 2218 αὑτοῦ,
728 2184 776 2210 καὶ
802 2184 855 2211 δεί-

905 1633 933 1655 et
947 1636 999 1655 nou
1016 1628 1125 1655 invento
1158 1636 1273 1664 corpore
1305 1628 1376 1663 ejus,
1408 1633 1544 1656 venerunt
1579 1629 1701 1657 dicentes

906 1682 936 1702 se
950 1675 1030 1702 etiam
1051 1675 1184 1703 visionem
1208 1674 1365 1709 angelorum
1393 1674 1507 1708 vidisse.
1536 1676 1584 1711 qui
1609 1676 1702 1704 dicunt
1746 1695 1755 1699 κ

905 1729 966 1753 euut
987 1722 1088 1749 vivere.
1110 1731 1119 1747 ι
1150 1719 1254 1749 Bonum
1287 1721 1411 1749 nuntium
1450 1722 1699 1749 consternationem

906 1768 1005 1795 mentis
1021 1767 1148 1803 appellat,
1169 1772 1196 1795 et
1219 1767 1296 1802 quasi
1313 1769 1412 1802 spectrl
1439 1768 1699 1795 terriculamentum.

910 1822 918 1840 ι
933 1813 965 1840 Ει
989 1814 1115 1840 abierunt
1133 1813 1243 1848 quidam
1263 1820 1296 1840 ex
1315 1814 1415 1841 nostris
1430 1813 1463 1840 ad
1481 1820 1698 1847 monumentum,

905 1866 933 1889 et
950 1862 985 1888 ita
1012 1861 1184 1888 invenerunt.
1202 1870 1212 1887 ι
1240 1861 1349 1888 Petrum
1386 1865 1412 1889 et
1442 1860 1575 1888 Joannem
1602 1861 1699 1895 innuit,

906 1907 952 1941 qui
973 1906 1132 1933 linteamina
1149 1906 1260 1940 quidem
1282 1906 1420 1938 viderunt,
1446 1906 1534 1940 ipsum
1562 1913 1626 1933 vero
1648 1913 1699 1933 non

905 1953 1041 1980 viderunt.
1063 1951 1133 1980 lluic
1149 1953 1246 1979 mentis
1263 1952 1418 1979 hebetudini
1435 1951 1562 1979 Salvator
1585 1957 1614 1979 ut
1642 1960 1701 1979 me-

906 1999 1029 2030 deretur,
1054 1999 1170 2033 castigat
1200 1999 1312 2030 acriter,
1341 2002 1368 2024 et
1384 1998 1539 2024 tarditatem
1564 2005 1594 2024 ac
1610 1997 1700 2024 stulti-

906 2047 970 2073 tiam
1007 2052 1102 2072 eorutn
1131 2045 1288 2078 exprobrat,
1319 2043 1367 2078 qui
1403 2043 1554 2077 huiusmodi
1593 2048 1701 2076 torpore

906 2091 1104 2122 detinerentur,
1130 2091 1231 2125 quique
1259 2090 1344 2125 legem
1371 2097 1403 2117 ac
1425 2089 1572 2124 prophetas
1593 2089 1701 2124 ignora-

906 2142 977 2170 rent,
995 2141 1021 2164 et
1040 2137 1078 2164 ait
1096 2145 1102 2163 :
1121 2146 1129 2162 ι
1148 2136 1239 2169 Stulti,
1253 2141 1281 2164 et
1298 2136 1366 2164 lardi
1390 2137 1473 2164 corde
1484 2136 1517 2163 ad
1534 2135 1699 2164 credendum

906 2183 932 2210 in
949 2182 1087 2215 omnibus,
1103 2190 1162 2217 qua
1183 2182 1265 2210 locuti
1292 2187 1356 2210 sunt
1371 2182 1536 2217 prophettr.»
1554 2181 1622 2209 Tum
1638 2188 1701 2208 ora-

63 2240 169 2265 κνυσιν,
187 2230 226 2263 ὡς
246 2229 392 2257 ἀκόλουθον
405 2227 439 2264 ἦν
463 2229 624 2265 ὁμιληκέναι
647 2230 728 2257 αὐτὸν
750 2230 850 2268 θανάτῳ

931 2229 968 2257 tla
997 2229 1115 2265 explicat
1139 2230 1172 2256 de
1184 2236 1213 2256 se
1237 2236 1252 2256 a
1269 2228 1409 2263 prophetis
1430 2228 1503 2261 data,
1532 2232 1560 2255 et
1582 2227 1700 2255 Ostendit

63 2278 105 2304 ἐπ’
119 2276 268 2312 εὺεονεσίᾳ
292 2276 343 2311 τῆς
357 2274 474 2311 φύσεως.
492 2274 570 2302 Οὕτω
583 2274 632 2311 τὴν
648 2275 734 2311 ἀχλὺν
748 2276 854 2304 ἀποκα-

97 2357 121 2374 ⁷⁰
148 2357 231 2387 Joan.
264 2350 314 2394 vn,
339 2359 385 2388 48.
431 2360 454 2376 ⁷⁸
476 2359 561 2388 Marc.
586 2367 617 2393 ιι,
642 2359 687 2387 l2.

908 2276 994 2304 fuisse
1028 2275 1203 2309 conveniens,
1238 2279 1268 2302 ut
1296 2279 1410 2303 mortem
1437 2278 1587 2309 oppeteret,
1628 2273 1699 2301 unde

681 2425 845 2458 Francisci
861 2425 964 2457 Scorsi
984 2428 1076 2457 notas.

65 2500 122 2529 quis
135 2493 195 2524 τοῖς
209 2490 301 2529 λόγοις
314 2490 435 2529 Χριστοῦ
444 2490 622 2529 siceitatem,
634 2496 693 2529 quae
710 2489 739 2529 ιιι
751 2494 855 2529 sermo?

66 2522 143 2556 riibus
164 2522 212 2555 séu
232 2522 322 2561 potius
339 2522 423 2554 labris
440 2526 541 2553 Christi
556 2522 767 2561 sessilabat.__lta
783 2523 852 2561 verti

66 2564 95 2590 τὸ
109 2558 275 2597 ἐπεκάθητο.
289 2560 385 2597 Τιιιὴιι
400 2561 472 2588 enim
491 2561 594 2597 hieme
610 2558 744 2597 loquendi
757 2558 852 2597 modus

66 2598 99 2625 ad
112 2598 138 2625 id
152 2593 272 2632 quod'de
288 2596 389 2623 Pericle
404 2596 629 2632 prmstantissimo
645 2593 851 2632 Atheniensium

66 2629 172 2660 oratore
188 2632 317 2667 Eupolem
333 2629 445 2667 dixisse.
458 2635 484 2657 et
496 2630 657 2667 deﬁetbego
667 2629 851 2667 ljomarmrqm

66 2667 180 2694 Ennium
196 2662 278 2694 tradit
290 2665 326 2693 M.
342 2665 446 2692 Tullius
462 2666 508 2692 lib.
525 2665 562 2692 De
574 2662 653 2692 claris
666 2664 744 2691 Orat.
762 2662 852 2690 Πειθώ

64 2711 142 2737 quam
158 2707 251 2729 vocant
263 2701 367 2737 (ἓν-ατί,
380 2700 456 2735 cujus
470 2701 576 2735 effector
589 2704 626 2726 est
648 2704 748 2737 grator.
774 2698 852 2724 [lano

65 2734 175 2764 suntiam
190 2737 328 2771 appellarit
346 2736 457 2768 Ennius,
470 2734 527 2770 ejus
542 2741 629 2762 autem
640 2734 783 2771 gemet/mn
797 2741 852 2771 tne,-

65 2773 165 2798 dullam
182 2767 263 2808 fuisse
279 2772 341 2808 puli,
358 2776 384 2797 ut
394 2767 568 2808 quantum):
580 2770 620 2808 _t'n
635 2769 745 2808 Pericli;
761 2767 852 2808 _la_i7rt's

67 2804 309 2841 scripsit'EupoiiI
334 2806 512 2836 sessitavisse.
539 2805 617 2840 hujus
638 2805 685 2841 hic
708 2804 851 2841 medullam

67 2838 181 2869 noslrum
211 2838 342 2869 aratorem
382 2841 462 2873 fuisse
494 2838 603 2867 dixerit.
638 2839 700 2866 Hec
734 2838 850 2865 Tullius.

69 2877 169 2913 Addam
182 2883 210 2905 et
220 2877 253 2905 de
265 2877 431 2912 Autiphonte
442 2881 551 2905 oratore
573 2876 665 2904 itidctu
678 2874 847 2907 Atheniensi,

907 2487 984 2522 cujus
995 2487 1090 2519 Arist.,
1105 2494 1123 2514 ιι
1137 2485 1213 2522 Rhet.
1227 2490 1254 2513 et
1267 2485 1413 2520 aliiszlocis.
1427 2485 1588 2522 testimoniis
1600 2485 1694 2513 utitur.

907 2520 968 2555 Hic,
995 2522 1116 2557 inquam,
1146 2521 1245 2556 legitur
1267 2526 1360 2557 artem
1375 2528 1441 2557 esse
1464 2520 1614 2557 professus,
1643 2529 1695 2557 qua

905 2558 986 2593 a'gris
1002 2555 1111 2593 animis
1125 2556 1293 2593 curationem
1312 2555 1470 2593 adhiberet.
1492 2556 1570 2590 Atqui
1590 2556 1627 2593 id?
1641 2555 1695 2583 Co-

904 2590 988 2620 rinthi
1005 2592 1143 2626 proposita
1160 2591 1266 2625 publice
1283 2591 1373 2626 tabula
1395 2590 1421 2617 in
1437 2598 1489 2625 qua
1513 2598 1541 2618 se
1559 2592 1693 2618 medicum

905 2625 1058 2655 animorum
1069 2627 1242 2662 praedicabat,
1255 2626 1288 2652 de
1296 2625 1393 2662 Gorgia
1405 2633 1468 2653 vero
1479 2626 1610 2662 Lectttino
1623 2625 1694 2662 haud

906 2663 1037 2690 absimilis
1055 2664 1096 2689 vis
1112 2661 1241 2688 suadendi
1261 2661 1440 2695 quodcunque
1456 2661 1536 2688 vellet
1557 2662 1639 2688 etiam
1664 2661 1691 2688 in

905 2697 1031 2724 familiari
1048 2704 1173 2724 sermone
1191 2696 1296 2730 legitur.
1316 2695 1368 2722 Sed
1392 2697 1447 2722 ltazc
1463 2696 1495 2723 de
1514 2696 1555 2723 his
1573 2697 1692 2723 immitti-

905 2734 954 2760 bus
976 2735 1017 2760 vel
1033 2732 1099 2759 falsa
1117 2731 1158 2758 vel
1173 2739 1237 2758 vero
1253 2730 1354 2765 majora
1377 2731 1403 2757 in
1419 2730 1529 2758 Christo
1540 2732 1692 2759 verissimae

904 2768 1004 2796 Eodem
1022 2769 1112 2802 lepore
1122 2766 1228 2802 dicendi
1245 2767 1321 2802 ἱερὰν
1336 2766 1480 2802 Σειρήνην.
1501 2773 1622 2794 sanctam
1645 2766 1691 2794 Si-

904 2811 997 2832 renem
1011 2801 1275 2838 tqipellathristuui
1288 2811 1294 2828 :
1308 2801 1383 2838 θείας
1397 2801 1619 2836 ἴυγγαςοᾱὶνὶιιιιιι
1633 2802 1693 2838 ille‘

904 2841 999 2867 cebras
1031 2847 1056 2866 ιιι
1082 2839 1141 2873 ipso
1161 2837 1245 2865 fuisse
1263 2837 1300 2864 ait
1322 2837 1402 2871 infra,
1421 2839 1454 2865 de
1480 2845 1533 2873 quo
1558 2842 1620 2866 nota
1644 2837 1691 2865 25.
