1896 3051
73 152 133 183 65'!

752 156 917 188 lIOMi'LIA
937 159 1062 192 XXXII.

1659 165 1714 196 658

82 210 171 236 Ἀλλὰ
189 210 344 245 προςοάνει
360 211 410 247 τὴν
427 211 514 239 αὐτῶν
527 213 666 249 ’παχύτητα
680 215 808 250 Χριστὸς,
825 223 858 241 κα

958 224 982 242 m
1004 216 1205 244 festinationem
1236 217 1364 245 Dominus
1389 218 1555 251 antevertit,
1572 224 1597 246 et
1608 219 1712 248 Simoni

74 254 119 289 τῷ
132 255 237 290 Σίμωνι
251 256 442 291 ἐμφανίζεται,
454 257 493 293 τῷ
505 259 552 285 τοῦ
571 259 695 295 μείζονος
712 261 766 287 τῶν
782 261 869 296 μαθη-

72 300 136 329 τῶν
162 301 300 337 ἀξιώματι
327 303 391 334 τοὺς
419 303 517 336 ἄλλους
544 306 736 341 πιστούμενος.
760 308 870 344 Ἐπειδὴ

73 346 134 381 γὰρ
146 347 231 382 λῆρον
252 348 392 383 ἡγήσαντο
413 350 447 376 τά
467 350 522 378 τῶν
543 352 681 385 γυναικῶν
709 353 869 387 εὐαγγέλια,

73 391 118 425 τῷ
145 393 242 428 Πέτρῳ
262 393 496 422 ἀνακαλύπτεται.
519 396 549 422 Εἰ
561 396 590 423 δὲ
605 397 652 423 καὶ
668 397 721 430 ὅτι,
740 397 787 424 καὶ
802 399 867 434 ὅπη,

74 437 126 463 καὶ
142 438 219 469 ὅπως
238 438 317 474 ὤφθη
346 439 384 474 τῷ
405 441 520 475 Σίμωνι,
544 442 569 467 οἱ
586 442 779 476 εὐαγγελισταὶ
796 453 868 470 σεσι-

73 485 210 518 γὴκασιν,
226 485 295 512 ἀλλὰ
321 486 467 514 πιστοῦται
490 488 538 523 τὴν
563 489 697 517 ὀπτασίαν
723 491 801 526 καὶὴ
820 491 866 518 τοῦ

72 530 200 563 μεγάλου
227 531 335 558 Παύλου
366 533 442 569 φωνὴ
467 534 603 568 λέγουσα·
634 544 644 560 ι
664 536 726 562 Ὀτι
751 537 869 571 Χριστὸς

71 575 218 603 ἀπέθανεν
238 577 310 613 ὑπὲρ
324 577 378 604 τῶν
393 579 537 614 ἁμαρτιῶν
551 581 640 616 ἡμῶν,
652 582 698 608 καὶ
713 582 754 609 ὅτι
769 583 867 619 ἐτάφη,

73 622 122 647 καὶ
157 622 308 657 ἐγήγερται
333 625 366 659 τῇ
393 625 475 662 τρίτῃ
505 626 613 663 ἡμέρᾳ,
647 628 693 655 καὶ¹
719 629 761 656 ὅτι
788 629 868 665 ὤφθη

71 667 174 702 Κηφᾷ.
188 677 197 693 ι

120 714 279 750 Τοιγαροῦν
307 716 355 742 καὶ
388 716 480 753 ἡμεῖς,
513 714 536 744 ὦ
563 720 688 754 φιλόθεον
716 722 867 758 ἄθροισμα,

68 758 123 793 τὴν
141 759 275 796 ξυνωρίδα
296 761 400 798 ταύτην
424 763 479 790 τῶν
501 765 631 800 μαθητῶν
657 768 845 804 μιμησώμεθα
860 778 868 786 ”

68 806 122 832 καὶ
149 807 363 842 καταλείψαντες
387 809 437 845 τὴν
477 810 655 848 Ἰερουσαλὴμ
680 814 790 850 ἐκείνην
817 816 868 851 τὴν

69 854 299 888 προφητοκτόνον
335 856 385 891 μὲν
417 857 574 892 πρότερον,
609 860 810 894 Χριστοκτόνον
837 863 866 890 δὲ

68 897 200 934 ὕστερον,
218 900 252 935 ἣν
271 900 319 928 καὶ
334 901 418 933 αὐτὸς
435 903 577 936 ταλανὶζει
588 905 602 931 ὁ
618 905 746 941 Χριστὸς,
762 907 800 940 ὡς
811 908 866 936 τῶν

68 946 223 980 προφητῶν
240 947 415 983 φονεύτριαν,
430 949 478 976 καὶ
490 951 544 977 τῶν
558 951 720 980 ἀποστόλων
730 953 866 982 λιθοϐολί-

68 999 189 1026 στριαν·
219 993 262 1027 εἴη
290 993 374 1021 δὀὓν
400 995 468 1031 αὑτὴ
497 997 514 1032 ἡ
542 998 626 1024 κακία
650 999 700 1034 τῆς
721 1001 823 1036 ἀρετῆς
848 1003 864 1037 ἡ

66 1037 225 1071 ἀντίθετος,
255 1041 272 1075 ἡ
299 1041 538 1077 ἀνασταυρώσασα
568 1044 619 1079 τῆς
656 1045 786 1081 ἀληθείας
818 1048 864 1074 τὸν

67 1083 189 1118 Κύριον,
223 1085 286 1118 τοὺς
314 1086 344 1113 δὲ
374 1090 562 1124 προφητικοὺς
590 1091 638 1118 καὶ
667 1092 864 1127 άποστολικοὺς

66 1129 170 1163 λόγους
190 1131 413 1165 ὰπολακτίζουσα
425 1155 432 1167 ,
450 1136 553 1170 ταύτην
568 1137 767 1172 ἀποφυγόντες,
780 1141 863 1167 σπεύ-

68 1184 166 1210 σωμεν
189 1177 238 1212 τὴν
255 1178 354 1214 κώμην
367 1180 533 1208 καταλαϐεῖν
551 1182 703 1218 Ἐμμαοὺς,
719 1184 770 1220 τὴν
793 1195 863 1221 πρα-

68 1222 171 1256 κτικὴν
202 1224 303 1260 ἀρετὴν
322 1225 372 1260 τὴν
394 1226 553 1262 ἀπέχουσαν
574 1229 699 1261 σταδίους
715 1230 861 1266 ἑξήκοντα,

64 1267 215 1302 δηλοῦντος
227 1269 272 1297 τοῦ
284 1271 402 1306 ἀριθμοῦ
414 1273 464 1308 τὴν
477 1274 701 1310 δεκαπλουμὲνην
713 1277 795 1310 ἑξάδα
808 1278 865 1306 τῶν

65 1314 198 1346 ἐντολῶν,
212 1316 247 1342 δι’
261 1313 298 1344 ὧν
313 1317 362 1353 τὴν
373 1318 420 1345 τοῦ
437 1319 504 1347 Θεοῦ
520 1320 660 1355 βασιλείαν
676 1322 863 1359 κληρονομοῦ-

66 1367 112 1386 σιν
141 1360 165 1386 oi
192 1361 302 1390 δίκαιοι.
321 1364 538 1400 Δεκαπλουμένη
563 1366 618 1402 γὰρ
646 1367 861 1405 δι’ἐργασίαςή

64 1409 211 1442 πρακτικὴ
228 1409 325 1444 ἀρετὴ,
347 1410 516 1446 πληθύνεται
541 1413 581 1444 εἰς
607 1413 753 1449 ἐξήκοντα,
770 1415 861 1447 καθὼς

65 1453 97 1478 ὲν
112 1454 146 1487 τῇ
165 1453 212 1479 τοῦ
234 1455 338 1490 σπόρου
363 1456 507 1493 παραϐολῇ
524 1458 737 1494 μεμαθήκαμεν.
751 1461 861 1497 Ταύτην

64 1498 100 1532 δὴ
127 1498 165 1530 ὡς
187 1498 320 1534 ἐξήκοντα
342 1502 435 1529 στάδια
450 1503 640 1538 διανόσαντες,
665 1505 789 1541 ὀψόμεθα
814 1507 860 1533 τὸν

881 889 902 916 Β

922 270 950 289 se
967 263 1110 289 videndum
1127 262 1240 297 przebct,
1261 268 1290 290 ut
1312 263 1474 291 auctoritate
1491 264 1550 299 ejus
1566 265 1611 299 qui
1628 265 1714 300 major

922 308 993 335 inter
1019 308 1168 342 discipulos
1182 314 1250 341 erat,
1276 309 1356 336 tidem
1373 308 1476 336 faceret
1501 310 1618 337 cmtcris.
1636 310 1714 344 Quo-

921 354 992 379 niam
1015 354 1085 381 enim
1102 354 1230 381 mulieres
1245 355 1314 382 bene
1335 355 1493 382 nuntiantes
1509 356 1602 390 nugari
1621 357 1714 383 existi-

921 404 1071 431 maveram,
1104 400 1226 435 apparuit
1266 400 1357 428 Petro.
1385 400 1461 434 Quod
1487 401 1509 428 si
1534 402 1653 435 quando,
1683 407 1712 430 et.

920 446 1053 479 quomodo
1067 445 1170 474 Simoni
1187 446 1223 474 sit
1236 447 1321 479 visus,
1340 447 1515 482 evangelista:
1532 448 1712 481 reticuerunt,

920 495 1039 518 attamen
1058 491 1129 519 hanc
1158 493 1354 527 apparitionem
1385 493 1532 520 eontirmat
1553 494 1642 528 magni
1661 502 1711 521 vox

921 536 996 564 Pauli
1012 538 1126 566 dicentis
1142 546 1152 566 :
1174 538 1322 572 «Quoniam
1336 539 1461 567 Christus
1476 543 1597 567 tnortuus
1612 545 1651 566 cst
1664 548 1713 574 pro

921 583 1038 617 peccatis
1061 584 1182 615 nostris,
1209 588 1237 611 et
1270 584 1332 618 quia
1363 584 1485 619 Sepultus
1506 590 1556 615 est,
1589 590 1616 612 et
1647 585 1712 619 quia

920 628 1038 655 surrexit
1055 629 1135 656 tertia
1158 630 1210 661 die,
1231 634 1258 656 et
1286 630 1348 664 quia
1372 630 1447 657 visus
1465 634 1506 658 est
1537 631 1635 665 Ccplne
1648 631 1681 657 ⁷⁸.
1699 641 1709 656 ι

954 721 986 748 Ει
999 729 1048 749 nos
1073 721 1166 757 igitur,
1190 729 1206 749 ο
1224 722 1269 750 Dei
1283 723 1429 750 amantium
1446 728 1542 755 cattus.
1563 724 1614 751 hoc
1631 725 1711 751 disri-

919 766 1042 801 pulorum
1071 774 1118 800 par
1134 767 1279 799 imitentur,
1302 773 1330 795 et
1349 768 1475 795 derelicta
1495 769 1538 795 illa
1556 769 1710 796 Jerusalem

917 820 977 848 qua:
993 813 1140 848 prophetas
1169 814 1298 847 primum,
1318 814 1416 842 deinde
1442 814 1581 842 Christum
1597 816 1708 848 occidit,

917 867 998 894 quam
1015 865 1042 887 et
1075 860 1132 893 ipse
1149 859 1274 887 Christus
1306 861 1434 894 przndicat
1460 861 1606 894 infelicem,
1637 863 1709 896 quod

919 906 1064 941 prophetas
1078 906 1257 939 interemerit,
1275 910 1303 933 et
1329 907 1467 941 apostolos
1479 907 1614 941 lapidarit,
1628 908 1709 934 adeo-

917 960 969 985 que
986 959 1033 986 per
1045 952 1116 979 hanc
1130 952 1225 979 vitium
1250 952 1398 987 signiﬁcari
1416 957 1515 987 potest,
1537 953 1629 979 virtuti
1642 960 1709 979 con-

917 998 1040 1031 trarium,
1064 998 1190 1033 quodque
1207 998 1351 1026 Dominum
1366 999 1490 1026 veritatis
1507 999 1581 1025 cruci
1598 997 1708 1030 suﬂixit,

915 1044 1108 1078 prophetarum
1154 1051 1220 1071 vero
1268 1044 1508 1078 apostolorumque
1538 1044 1708 1071 sermonibus

915 1089 1063 1117 reluctatur
1079 1109 1087 1122 ,
1113 1089 1148 1117 ab
1164 1090 1227 1123 hac,
1252 1090 1373 1124 inquam,
1401 1089 1586 1125 profugientes
1613 1090 1644 1116 ad
1661 1097 1708 1116 ca-

915 1136 1023 1163 Stellltm
1050 1136 1180 1163 Emmaus
1203 1135 1347 1170 pervenire
1373 1135 1541 1166 Studeamus,
1559 1135 1706 1169 practieam

914 1182 974 1209 dico
991 1182 1121 1209 virtutem
1134 1181 1223 1208 stadia
1241 1181 1383 1215 sexaginta
1406 1180 1563 1207 distantem.
1582 1180 1641 1213 Quo
1658 1187 1708 1206 nu-

914 1235 988 1255 mero
1004 1227 1142 1255 senarium
1168 1231 1363 1262 prmceptorum
1391 1226 1483 1254 decies
1501 1226 1705 1260 multiplicatum

912 1275 1076 1307 ostenditur,
1085 1274 1169 1309 238
1176 1280 1224 1308 per
1231 1281 1290 1308 qua:
1298 1273 1365 1308 justi
1377 1273 1451 1308 regtti
1465 1272 1510 1300 Dei
1522 1273 1705 1300 luereditatem

912 1320 1023 1346 adeunt.
1041 1318 1146 1346 Etenim
1165 1319 1251 1346 virtus
1267 1320 1386 1353 praetica
1405 1325 1453 1354 per
1481 1318 1602 1346 actiones
1615 1317 1706 1345 decies

913 1365 1089 1399 multiplicata
1104 1365 1254 1400 adaugetur
1279 1364 1314 1391 ad
1338 1364 1491 1399 sexaginta,
1508 1364 1586 1391 sicuti
1617 1364 1642 1390 in
1662 1371 1706 1390 se-

913 1412 1012 1438 mentis
1033 1410 1161 1446 parabola
1182 1410 1336 1438 didicimus.
1355 1409 1439 1445 Hujus
1455 1409 1538 1444 igitur
1551 1409 1632 1436 veluti
1650 1414 1707 1436 sta-

912 1457 1016 1484 diorum
1036 1457 1176 1491 sexaginta
1198 1464 1279 1484 cursu
1306 1456 1431 1483 confecto
1447 1456 1599 1483 videbimus
1614 1455 1705 1482 Domi-

911 1512 976 1531 num
1009 1504 1150 1530 nobiscum
1180 1510 1232 1530 una
1262 1502 1441 1537 spiritualiter
1469 1501 1653 1528 ambulantem
1678 1505 1706 1528 et

64 1544 185 1578 Κύριον,
202 1542 258 1573 οἷον
276 1547 478 1581 συμϐαδίζοντα
500 1550 566 1585 ἡμῖν
583 1551 685 1586 νοερῶς
707 1552 754 1578 καὶ
768 1552 856 1580 διαλε-

954 1554 1098 1578 serentem.
1125 1548 1259 1576 Virtutem
1278 1547 1350 1576 enim
1385 1546 1559 1582 persequeuti
1587 1546 1706 1587 Ver-lium

65 1591 196 1625 γόμενον.
214 1592 259 1628 Τῷ
273 1593 328 1628 γὰρ
345 1595 465 1629 μετιόντι
484 1596 534 1630 τὴν
552 1597 655 1632 ἀρετὴν
669 1600 860 1634 συμπαραθὲει

64 1638 79 1662 ό
97 1637 197 1671 Λόγος,
215 1638 360 1667 διανιστῶν
380 1640 410 1667 τδ
427 1641 544 1677 νωθρὸν,
561 1644 609 1669 καὶ
624 1644 673 1680 τὴν
691 1645 761 1672 ἰδίαν
775 1647 861 1682 παρέ-

65 1692 125 1717 χων
147 1683 244 1719 ῥοπὴν,
271 1682 305 1720 ἦς
328 1685 394 1712 ἄνευ
418 1687 600 1722 κατορθοῦται
625 1689 679 1716 τῶν
706 1691 861 1727 θεαρέστων

65 1729 158 1763 ἔργων
174 1730 262 1757 οὐδέν.
289 1731 459 1767 Συμϐιϐάςει
477 1734 506 1760 δὲ
525 1735 538 1761 ὸ
552 1735 640 1770 Λόγος
661 1737 795 1773 πρότερον
810 1738 861 1774 μὲν

66 1776 170 1810 ἰσχνῶς
204 1775 410 1812 Θεωρούμενος,
441 1778 555 1814 ὕστερον
586 1781 614 1807 δὲ
643 1783 861 1820 τηλαυγέστερον

65 1821 286 1857 φανερούμενος.
315 1824 349 1850 Αἱ
374 1824 430 1860 γὰρ
446 1825 501 1852 τῶν
525 1826 662 1862 ἐναρέτων
685 1828 772 1863 ψυχαὶ
799 1830 861 1857 ὅσον

65 1866 261 1901 καθαίρονται,
283 1868 413 1895 τοσοῦτον
436 1870 484 1896 καὶ
509 1871 556 1898 τὸν
579 1872 646 1900 Θεὸν
669 1873 861 1908 γινώσκουσιν.

72 1912 313 1940 ’Λποκαλύπτεται
331 1915 359 1941 δὲ
379 1915 479 1950 μᾶλλον
502 1917 597 1950 αὐτοῖς
614 1919 643 1944 ὲν
655 1920 688 1955 τῇ
706 1920 801 1947 κλάσει
813 1922 860 1948 τοῦ

64 1957 166 1992 ἄρτου,
182 1959 210 1984 iv
221 1960 254 1994 τῇ
272 1960 423 1995 μεταλήψει
438 1961 539 1997 δηλαδὴ
549 1963 605 1990 τῶν
620 1965 744 1999 φρικτῶν
756 1974 862 2002 μυστη-

67 2005 145 2038 ρῖων.
177 2005 207 2031 Εἰ
230 2005 251 2031 δ’
272 2005 331 2040 ἅμα
354 2007 520 2042 φανεροῦται
547 2010 607 2041 τοῖς
631 2010 780 2046 μαθηταῖς,
812 2014 861 2039 καὶ

65 2051 150 2083 εὐθὺς
167 2052 287 2087 ἄφαντος
303 2052 421 2087 γίνεται,
439 2054 477 2090 μὴ
489 2055 636 2092 θαυμάσῃς
650 2065 656 2072 ·
671 2058 795 2085 τοιοῦτον
807 2059 861 2094 γὰρ

65 2098 98 2124 τὸ
122 2098 194 2125 θεῖον
213 2099 311 2131 κάλλος
328 2108 334 2115 ·
356 2100 426 2135 ὁμοῦ
451 2101 629 2137 καταλάμπει
648 2104 703 2130 τῶν
719 2105 859 2140 κεκαθαρ-

66 2145 158 2179 μὲνων
180 2145 226 2171 τὸν
252 2145 327 2179 νοῦν,
344 2146 393 2173 καὶ
416 2146 454 2178 ὡς
477 2147 605 2184 ἀστραπὴ
628 2149 697 2184 ταχὺ
724 2150 862 2187 ὑποχωρεῖ

64 2191 211 2225 γινόμενον
227 2191 361 2226 ἄληπτον,
378 2192 417 2225 ὡς
443 2195 490 2220 καὶ
507 2193 590 2221 πόθον
613 2196 738 2230 ἐμποιεῖν
753 2198 787 2232 τῇ
808 2206 858 2224 κα-

64 2237 196 2272 ταλήψει,
214 2238 262 2264 καὶ
279 2238 349 2274 πρὸς
362 2238 393 2265 τὺ
419 2239 511 2274 μεῖζον
537 2240 662 2274 ὲφέλκειν
682 2242 731 2277 τὴν
752 2243 859 2278 ἐρῶσαν

63 2282 167 2318 ψυχήν.
190 2284 294 2310 Ἀνεῖτε
310 2284 356 2310 καὶ
380 2284 449 2319 πρὸς
467 2285 517 2316 τὰς
533 2285 610 2318 θείας
627 2287 776 2320 ἀναϐάσεις
791 2289 859 2316 ἀνά-

63 2329 173 2361 γεσθαι,
203 2330 249 2356 καὶ
274 2328 415 2364 γλίχεσθαι
439 2331 557 2363 διακαῶς
585 2332 631 2358 τδν
653 2332 713 2360 ὅλον
742 2334 856 2370 ἥμερον,

62 2374 116 2414 τὴν
129 2375 215 2401 ἀΐδιον
233 2375 339 2409 ἔφεσιν,
353 2376 403 2411 τὴν
422 2376 529 2404 ἑνιαίαν
544 2378 638 2413 φύσιν,
653 2379 703 2414 τὴν
717 2380 858 2415 μακαρίαν

63 2421 186 2456 Θεότητα
203 2430 210 2436 ·
279 2421 381 2457 πρέπει
408 2423 486 2458 τιμὴ,
517 2424 566 2450 καὶ
591 2425 666 2452 πᾶσα
694 2425 777 2459 δόξα,
810 2427 859 2454 καὶ

66 2467 196 2501 ὖμνησις,
217 2467 265 2493 καὶ
284 2467 523 2504 μεγαλοπρέπεια,
548 2469 595 2496 νῦν
608 2470 655 2497 καὶ
675 2471 730 2504 ἀεὶ,
750 2471 798 2499 καὶ
816 2473 857 2504 είς

63 2512 128 2544 τοὺς
139 2511 243 2544 αἰῶνας
260 2514 315 2540 τῶν
327 2513 444 2542 αἰώνων.
462 2514 564 2550 ῘΔμήν.

98 2602 120 2618 ’¹
137 2602 145 2629 l
166 2602 230 2630 Cor.
248 2611 291 2636 xv.
308 2603 334 2631 4.

913 1595 1044 1627 accurrit,
1072 1594 1226 1622 tarditatem
1261 1594 1396 1627 excitans,
1420 1597 1448 1621 et
1478 1600 1557 1620 suum
1581 1585 1705 1627 prtehens

913 1641 1071 1676 impulsum,
1087 1639 1148 1667 sine
1163 1647 1216 1674 quo
1231 1639 1333 1666 nullum
1347 1646 1415 1673 opus
1426 1639 1498 1673 quod
1516 1637 1572 1664 Deo
1586 1637 1705 1671 placeat,

912 1687 980 1714 eﬂir-i
1001 1690 1074 1714 recte
1100 1690 1198 1721 potest.
1226 1685 1376 1713 Comitatur
1393 1691 1476 1719 porro
1507 1691 1557 1711 nos
1587 1682 1705 1710 Verbum

912 1734 988 1768 prius
1008 1733 1118 1768 quidem
1134 1732 1253 1759 tenuiter
1272 1732 1372 1764 visum,
1391 1735 1452 1765 post
1469 1737 1533 1758 vero
1557 1730 1638 1757 etiam
1653 1729 1706 1757 cla-

913 1781 971 1807 rius
987 1785 1133 1814 apparens.
1150 1778 1255 1804 Animte
1280 1777 1379 1812 quippe
1410 1784 1502 1804 eorum
1529 1776 1574 1810 qui
1609 1775 1705 1802 virtuti

913 1826 1033 1858 student,
1051 1829 1152 1859 quanto
1178 1827 1326 1858 purgantur
1354 1822 1449 1857 magis,
1465 1829 1498 1850 eo
1515 1822 1596 1849 Deum
1617 1822 1704 1856 magis

910 1874 1076 1906 agnoscunt.
1094 1870 1147 1896 Sed
1177 1869 1348 1896 manifestius
1370 1869 1410 1895 eis
1427 1868 1454 1896 in
1480 1869 1612 1896 fractione
1627 1869 1705 1903 panis

913 1917 1042 1951 aperitur,
1055 1917 1108 1944 hoc
1118 1921 1170 1949 est,
1191 1916 1218 1942 in
1232 1915 1364 1942 tremendi
1380 1914 1570 1942 communione
1581 1913 1704 1950 mysteril

913 1964 982 1999 ('24).
999 1963 1075 1996 Quod
1090 1963 1112 1990 si
1136 1963 1216 1989 simul
1234 1969 1267 1989 ac
1286 1961 1427 1995 diseipulis
1445 1969 1474 1988 se
1491 1962 1618 1993 ostendit,
1636 1969 1704 1989 con—

914 2011 987 2037 tinuo
998 2009 1079 2036 etiam
1092 2009 1125 2036 ab
1142 2009 1200 2042 ejus
1214 2007 1301 2035 oculis
1312 2015 1341 2035 se
1354 2007 1490 2038 subducit,
1506 2014 1539 2034 ne
1550 2007 1702 2034 admirere:

913 2056 972 2083 talis
996 2055 1068 2082 enim
1081 2059 1138 2090 ~est
1180 2054 1271 2081 divina
1299 2053 1482 2088 pulchritudo.
1510 2052 1594 2079 Simul
1623 2057 1704 2087 atque

913 2102 1048 2129 mentibus
1069 2100 1145 2135 puris
1170 2099 1270 2132 elucet,
1294 2099 1417 2133 protinus
1447 2098 1582 2131 etiam,ut
1615 2097 1705 2133 fulgur

913 2148 1043 2179 ahscedit,
1061 2154 1122 2174 cum
1145 2144 1336 2180 comprehendi
1360 2151 1413 2172 non
1431 2145 1528 2179 possit,
1553 2145 1590 2171 ita
1617 2149 1646 2171 ιιι
1662 2145 1703 2171 in-

913 2193 1068 2228 telligentia:
1104 2191 1206 2227 injiciat
1233 2190 1409 2224 desiderium,
1438 2195 1464 2217 et
1488 2191 1522 2217 ad
1556 2191 1704 2224 impensius

914 2241 1031 2268 studium
1057 2243 1193 2265 amantem
1215 2237 1354 2271 pertrahat
1389 2236 1505 2263 animam
1523 2244 1530 2262 :
1549 2236 1622 2263 utad
1637 2244 1703 2263 san-

913 2293 972 2315 ctas
994 2285 1166 2313 asconsiones
1180 2283 1322 2316 evehatnr,
1345 2287 1373 2309 et
1389 2283 1517 2309 ardenter
1529 2282 1704 2315 concupiscat

912 2340 974 2361 eutn
992 2336 1078 2359 totum
1107 2330 1209 2361 videre,
1234 2328 1416 2360 dulcedinem,
1437 2335 1498 2363 qua:
1523 2327 1622 2354 satiare
1649 2335 1702 2353 Ill-Il

912 2383 1012 2414 potest,
1036 2381 1120 2404 totum
1146 2383 1256 2403 suavem
1280 2374 1445 2402 desiderium
1468 2379 1611 2405 aeternum,
1643 2373 1702 2399 sitr-

913 2425 1031 2460 gularem
1049 2427 1184 2455 naturam,
1199 2422 1307 2448 beatam
1332 2420 1512 2451 divinitatem,
1531 2419 1573 2446 cui
1588 2418 1703 2446 debetur

913 2473 1010 2502 honor,
1031 2474 1058 2497 et
1068 2468 1156 2496 omnis
1173 2467 1268 2503 gloria,
1284 2472 1312 2494 et
1335 2466 1403 2498 laus,
1423 2470 1450 2493 et
1466 2466 1613 2498 veneratin,
1630 2473 1702 2493 nu..c

912 2521 939 2545 et
951 2522 1058 2550 semper
1072 2518 1099 2542 et
1129 2513 1157 2540 in
1185 2512 1282 2540 saacula
1305 2511 1478 2540 saeculorum.
1497 2512 1593 2539 Auen.

682 2665 846 2697 Francisci
862 2667 970 2698 Seorsi
986 2670 1077 2698 nota.

100 2733 158 2770 (21)
174 2731 207 2758 In
223 2734 351 2770 tremendi
368 2735 552 2762 communione
568 2737 695 2770 mysterii.
711 2737 850 2765 Christum

63 2769 88 2794 in
105 2769 237 2794 [rat-tione
251 2769 328 2801 panis
342 2777 515 2797 consecrasse
529 2769 727 2799 Eur-liaristiam
740 2778 853 2800 censent

63 2803 172 2836 plurimi
182 2802 285 2839 APatres
309 2803 386 2830 relati
403 2812 417 2830 a
439 2804 575 2836 Cornelio,
593 2807 636 2839 qui
666 2807 735 2833 idem
759 2808 851 2834 sentit.

62 2837 208 2875 Aperte_S.
238 2839 378 2875 Augustin.
406 2847 488 2867 serm.
510 2840 569 2870 140,
594 2837 626 2867 de
644 2847 758 2875 tempore
777 2852 783 2870 :
804 2842 853 2869 Ubi

62 2873 145 2902 «lui!
166 2873 295 2901 Dominus
317 2874 424 2909 agnosci
447 2875 475 2901 in
499 2875 627 2910 fraru'ouc
651 2873 726 2912 partis
743 2886 750 2904 :
767 2879 853 2905 securi

905 2747 1008 2771 sumus,
1022 2747 1116 2777 pauent
1131 2738 1289 2777 frangimus,
1305 2741 1330 2764 ει
1357 2737 1500 2777 Damimmt
1516 2737 1697 2777 agnoscimus.

907 2774 991 2801 noluit
1007 2774 1123 2809 agnasci,
1139 2773 1191 2800 nisi
1208 2773 1244 2799 ibi
1260 2777 1365 2807 propter
1381 2781 1438 2806 nos,
1455 2773 1500 2807 qui
1511 2780 1569 2809 ‘mm
1586 2780 1644 2809 eum
1659 2773 1699 2809 ri-

907 2811 962 2836 suri
987 2807 1091 2836 οιγξηιιιε
1110 2809 1136 2835 in
1162 2816 1253 2842 carne,
1270 2813 1295 2836 σι
1321 2812 1408 2835 tamen
1435 2807 1621 2835 manducaturi
1640 2807 1698 2841 ejus

907 2852 1024 2872 carnem.
