1896 3051
195 136 250 170 659

417 191 451 219 In
471 196 572 220 sextum
592 193 762 222 Matutiunm.

195 237 429 272 llomiliaeadem,
448 245 507 273 quae
522 243 564 266 est
581 239 608 266 in
617 239 765 268 salutarem
782 241 987 271 Ascensionem.

473 284 583 320 (ﬂomil.
601 286 708 320 χχχιχ).

455 339 598 369 IIOMILIA
623 341 742 371 XXXIII.

391 387 425 414 In
453 388 590 422 septimum
612 388 785 418 Matutinum.

234 443 348 477 Quando
365 448 470 472 naturae
490 449 588 472 nostra:
612 445 726 473 insidias
744 447 914 476 detestabilis
935 448 989 475 ini-

199 491 286 518 unicus
303 491 337 519 ab
352 491 431 519 initio
446 492 618 520 machinatus
644 499 695 527 est,
714 500 839 530 serpente
869 503 935 524 usus
957 501 988 524 ut

198 539 390 571 instrumento,
417 546 479 566 cum
496 540 570 574 prius
591 540 618 567 in
649 541 771 569 mulieris
793 542 930 576 ingenium
959 546 989 570 ut

197 584 347 619 simplicius
358 592 418 613 sese
442 585 616 619 insinuasset,
634 594 683 622 per
704 587 790 622 ipsam
803 588 883 616 etiam
899 590 986 617 virum

197 630 309 657 devicit.
335 630 403 658 Huic
423 631 504 666 igitur
519 631 588 659 cladi
618 637 647 660 ut
662 634 799 661 contraria
818 635 922 663 ratione
938 636 989 664 Do-

198 675 288 703 minus
305 676 470 709 mederetur.
495 677 540 704 ubi
564 685 580 704 e
603 678 728 712 sepulcro
743 679 879 708 redivivus
892 683 987 714 evasit,

196 720 356 749 mulieribus
370 722 445 757 prius
471 729 501 750 se
527 723 670 751 videndum
691 724 773 760 239
798 726 921 761 praebuit,
960 733 990 755 ut

197 774 257 802 qua:
272 775 286 794 a
303 767 436 802 principio
460 768 515 801 (25)
538 769 626 796 fuerat
654 769 746 805 lapsus
779 779 872 806 causa,
893 774 987 801 eadem

196 817 269 840 esset
292 815 387 840 nuntia
423 814 615 843 restitutionis.
643 817 764 852 Apparet
790 819 874 854 igitur
897 818 988 847 Mariae

799 141 1044 172 THEOPHANIS
1064 142 1234 174 CERHIEI

1776 145 1831 177 660

1244 199 1296 232 Εἰς
1311 199 1343 226 τὸ
1359 199 1451 228 ἕκτον
1472 200 1622 236 Έωθινόν.

1097 244 1204 279 Ὀμιλία
1222 246 1238 280 i1
1254 244 1322 272 αὺτῇ
1340 247 1380 278 εἰς
1396 246 1445 282 τὴν
1460 247 1596 284 σωτήριον
1617 245 1782 283 Ἀνάληψιν.

1325 346 1450 374 OMIAIA
1473 347 1524 374 Al"

1230 393 1281 425 Εἰς
1298 393 1331 419 τὸ
1344 393 1472 429 ἕϐδομον
1495 395 1644 423 Ἕωθινόν.

1075 449 1141 475 Ὅτε
1167 449 1217 483 τὴν
1243 449 1314 476 κατὰ
1336 450 1386 485 τῆς
1405 451 1546 487 ἡμετέρας
1573 452 1683 487 φύσεως
1712 451 1835 488 ἀρχῆθεν

1040 496 1190 531 ὲπιὸουλὴν
1215 496 1230 523 ό
1259 496 1435 531 παλαμναῖος
1461 498 1562 534 ὲχθρδς
1591 499 1774 534 ὲμελέτησεν,
1798 499 1835 530 ὡς

1039 542 1148 578 ὀργάνῳ
1161 540 1201 577 τῷ
1217 541 1279 576 ὕφει
1304 543 1488 578 χρησάμενος,
1514 544 1648 580 πρότερον
1662 544 1694 571 τὸ
1715 545 1772 579 τῆς
1788 553 1835 578 γυ-

1038 589 1133 620 ναικὸς
1150 586 1217 624 ἦθος
1242 588 1345 621 εἰσδὺς.
1365 590 1404 621 ὠς
1421 589 1617 625 ἁπλούστερον,
1637 591 1671 617 δι’
1684 591 1775 624 αὐτῆς
1789 591 1835 617 καὶ

1038 634 1084 661 τὴν
1100 633 1184 669 ἄνδρα
1201 635 1470 669 κατεστρατήγησεν.
1487 634 1599 671 Ταύτην
1615 632 1663 662 οὖν
1674 635 1727 670 τὴν
1745 632 1835 670 ἧτταν

1039 679 1085 706 διὰ
1100 679 1155 706 τῶν
1169 679 1302 707 ἐναντίων
1321 680 1336 706 ὸ
1352 680 1493 714 Δεσπότης
1508 680 1634 716 ἰώμενος,
1650 680 1775 714 ἀναστὰς
1788 680 1834 707 τοῦ

1038 725 1138 760 τάφου,
1148 725 1210 756 ταῖς
1224 724 1332 759 γυναιξὶ
1345 724 1455 761 πρῶτος
1472 725 1632 758 ὀπτάνεται,
1653 725 1692 757 ὡς
1707 726 1742 753 ἂν
1756 726 1774 761 ἡ
1788 726 1836 752 ἀπ’

1039 771 1127 808 ἀρχῆς
1144 772 1279 807 γενομένη
1300 771 1375 800 αἰτία
1387 771 1435 799 τοῦ
1449 771 1609 807 πτώματος,
1624 773 1641 808 ἡ
1657 773 1727 808 αὐτὴ
1749 773 1836 799 πάλιν

1039 819 1118 846 ἔσται
1141 819 1190 854 τῆς
1207 818 1422 854 ἐπανορθώσεως
1440 819 1569 854 ἄγγελος.
1585 819 1714 847 Φαίνεται
1737 820 1837 847 τοίνυν

195 857 371 893 Magdalenen,
385 864 411 886 et
427 867 474 894 per
485 860 554 888 hanc
565 862 765 896 apparitionem
783 871 843 891 eam
862 872 982 898 magnam

1076 866 1136 901 ιρίᾳ
1151 866 1185 901 τῇ
1209 865 1388 901 Μαγδαληνῇ,
1406 865 1452 892 διὰ
1467 866 1520 901 τῆς
1541 866 1693 902 ἐμφανείας
1710 867 1836 902 μεγαλύ-

196 903 272 931 facit.
293 903 448 939 Magdalena
468 906 568 941 quippe
580 907 636 943 (‘26)
650 908 847 944 interpretatur
863 911 987 946 magniﬁ-

195 954 267 982 cals,
286 957 373 983 eoque
391 951 449 985 ipso
474 953 586 980 nomine
607 954 768 988 ostenditur,
785 963 839 990 quo
865 956 987 990 magnifi-

196 994 292 1022 centia:
305 997 467 1030 pervenerit,
482 1005 542 1024 cum
558 999 591 1026 ad
606 1000 743 1033 apostolos
758 1001 872 1036 apostoli
889 1010 988 1031 munus

198 1040 326 1068 obiverit.
345 1041 395 1069 Sed
411 1043 499 1076 qualis
514 1045 585 1073 inter
606 1046 756 1082 discipulos
788 1047 907 1076 Thomas
937 1049 988 1077 fuit

197 1093 298 1121 anceps
320 1088 415 1121 animi,
429 1093 457 1116 et
467 1089 544 1123 juxta
572 1091 623 1119 hoc
641 1092 772 1128 Didymus
801 1093 857 1129 (2'1)
886 1095 986 1128 dictus,

196 1132 260 1159 talis
274 1137 302 1160 et
340 1133 410 1162 inter
435 1136 562 1164 mulieres
592 1139 795 1173 unguentiferas
819 1140 985 1176 Magdalene.

195 1177 252 1206 Etsi
274 1180 346 1206 enim
371 1179 488 1210 fortasse
503 1183 617 1211 aliarum
646 1185 839 1221 discipularum
876 1188 986 1219 yisaest

194 1224 394 1258 ardentissima,
413 1235 466 1254 non
484 1232 574 1256 tamen
584 1230 747 1264 simpliciter
762 1232 841 1259 dictis
854 1232 988 1268 factisque

195 1270 341 1305 credebat,
382 1273 428 1300 sed
466 1275 600 1303 evidentia
633 1278 771 1311 quaerebat
807 1284 984 1313 argumenta,

194 1317 355 1351 exquisitius
377 1326 420 1346 res
441 1325 625 1354 perscrutans,
648 1326 675 1349 et
707 1331 759 1350 una
775 1331 836 1351 cum
865 1324 925 1353 aliis
952 1325 987 1353 ad

194 1364 331 1392 vivificum
363 1367 518 1402 sepulcrum
561 1376 719 1402 accurrcns,
744 1375 772 1398 et
797 1372 868 1406 apud
898 1372 985 1406 ipsum

193 1410 251 1438 sola
268 1412 389 1440 studiose
404 1421 573 1447 permanens.
585 1415 618 1442 Et
633 1423 743 1450 vespere
752 1417 859 1451 quidem
875 1418 986 1447 Sabbati

194 1464 247 1483 una
278 1465 338 1485 cum
378 1459 430 1485 alia
463 1459 546 1487 Maria
577 1460 640 1488 illuc
663 1463 794 1497 profecta,
827 1471 880 1492 non
907 1465 986 1492 modo

194 1503 317 1537 angelico
344 1511 453 1538 aspectu
480 1506 669 1542 colloquioqnc
679 1508 787 1544 dignata
806 1513 860 1543 est,
874 1510 922 1538 sed
958 1515 986 1538 et

1038 919 1092 938 νων
1106 910 1192 946 αὐτήν
1202 918 1210 925 ·
1225 910 1403 946 Μαγδαληνὴ,
1421 911 1475 946 γὰρ
1488 913 1721 947 μεταλυνομένη
1744 913 1836 948 ἑρμη-

1039 957 1146 984 νεύεται
1172 956 1361 992 προδηλούσης
1373 957 1422 992 τῆς
1432 956 1556 992 κλήσεως
1569 956 1599 984 τὺ
1619 958 1781 993 μεγαλεῖον,
1797 958 1836 989 είς

1036 1002 1053 1032 ,ὅ
1069 1001 1232 1036 ἑπεφθάκει,
1254 1002 1384 1036 γεγονυῖα
1406 1002 1462 1034 τοῖς
1486 1002 1647 1034 ἀποστόλοις
1667 1002 1836 1030 ἀπόστολος.

1045 1048 1117 1075 Ἀλλ’
1130 1048 1201 1084 ὅπερ
1214 1046 1248 1084 ἦν
1261 1048 1292 1075 ὲν
1308 1048 1366 1080 τοῖς
1389 1048 1526 1083 μαθηταῖς
1549 1049 1564 1074 ὁ
1579 1048 1692 1083 Θωμᾶς.
1707 1049 1837 1084 ἀμφιτά-

1038 1093 1136 1126 λαντος
1163 1093 1213 1129 τὴν
1240 1093 1375 1125 διάνοιαν,
1404 1093 1452 1120 καὶ
1477 1093 1551 1120 κατὰ
1576 1093 1657 1121 τοῦτο
1681 1093 1836 1129 λεγόμενος

1038 1138 1164 1174 Δίδυμος,
1186 1138 1266 1165 τοῦτο
1283 1138 1311 1165 δὲ
1330 1138 1359 1165 ὲν
1376 1139 1437 1170 ταῖς
1455 1139 1648 1175 μυροφόροιςή
1662 1139 1837 1174 Μαγδαληνὴ

1038 1184 1134 1220 Μαρία.
1148 1184 1308 1220 ἐτύγχανεν.
1325 1184 1358 1211 El
1376 1185 1430 1220 γὰρ
1445 1185 1494 1211 καὶ
1509 1185 1580 1221 τάχα
1598 1185 1716 1220 μάλιστα
1730 1185 1836 1220 θερμο-

1038 1231 1106 1267 τέρα
1118 1231 1171 1257 τῶν
1191 1231 1280 1258 ἄλλων
1297 1230 1459 1266 μαθητριῶν
1480 1231 1691 1266 καταφαίνεται,
1707 1231 1770 1258 ἀλλ’
1786 1231 1836 1266 οὐχ

1039 1277 1133 1309 ἁπλῶς
1147 1278 1203 1309 τοῖς
1211 1277 1368 1311 λεγομένοις
1379 1278 1427 1304 καὶ
1439 1277 1593 1313 γινομένοις
1605 1278 1760 1311 ἐπίστευεν,
1776 1278 1836 1304 dux

1039 1325 1166 1360 ἐναργεῖς
1198 1323 1291 1359 ἐζήτει
1317 1323 1367 1355 τὰς
1393 1323 1557 1356 ἀποδείξεις,
1577 1324 1836 1359 ἐξετωτικὼτερον

1039 1369 1309 1405 πολυπραγμονοῦσα
1333 1369 1367 1397 τὰ
1387 1370 1552 1405 πράγματα,
1577 1370 1635 1405 καὶ,
1650 1370 1712 1402 ταῖς
1733 1370 1837 1401 ἄλλαις

1039 1416 1080 1447 εἰς
1107 1416 1154 1443 τὸν
1179 1415 1323 1451 ζωηφόρον
1351 1416 1439 1450 τάφον
1467 1415 1664 1451 συντρέχουσα,
1695 1415 1743 1442 καὶ
1768 1415 1835 1443 καθ’

1038 1461 1139 1497 ἑαυτὴν
1163 1461 1389 1496 ὲμφιλοχωροῠσα
1409 1461 1450 1496 τῷ
1467 1462 1599 1497 μνήματι.
1626 1461 1682 1488 Καὶ
1704 1461 1757 1496 ὀψὲ
1783 1461 1836 1497 μὲν

1038 1505 1180 1533 Σαϐϐάτου
1207 1506 1278 1541 μετὰ
1299 1507 1351 1541 τῆς
1371 1505 1460 1541 ἄλλης
1485 1506 1594 1542 Μαρίας
1623 1506 1784 1541 suspecta,
1803 1507 1834 1533 οὗ

192 1547 290 1576 fnciem
315 1548 381 1583 ejus,
399 1559 478 1585 quem
494 1552 711 1587 desideraverat,
727 1555 802 1587 vidit,
818 1556 982 1584 etamabiles

1077 1560 1122 1579 vov
1135 1552 1184 1587 τῆς
1207 1540 1359 1587 ἂγγελικῆς
1375 1552 1511 1584 ὀπτασίας
1526 1540 1573 1579 διαὶ
1593 1540 1700 1588 ὁμιλίας
1717 1552 1834 1588 ἠξίωτο,

194 1594 282 1622 tenuit
316 1594 410 1628 pedes,
439 1601 466 1623 et
498 1604 594 1625 vocem
625 1606 733 1626 suavem
760 1600 872 1628 audivit.
892 1601 987 1632 _Valde

195 1639 314 1668 diluculo
330 1641 465 1675 profectas
495 1643 556 1671 illuc
585 1644 713 1672 mulieres
735 1646 864 1673 comitata
885 1652 936 1676 est.
960 1652 988 1675 et

193 1684 292 1712 iterum
318 1694 397 1714 mane
413 1687 533 1720 festinat.
558 1694 585 1717 et
612 1691 667 1718 sola
697 1697 899 1719 monumentum
929 1693 988 1728 ipso

194 1733 404 1761 resurrectionis
427 1735 470 1762 die
493 1735 658 1771 frequentat.
675 1736 729 1764 Sed
742 1737 827 1772 ipsam
843 1738 985 1766 lectionem

194 1778 331 1815 Evangelii
345 1788 556 1810 cormncmorare
571 1783 665 1811 melius
684 1788 725 1812 est
740 1784 763 1800 "
788 1803 792 1814 .

231 1924 240 1941 ι
266 1913 324 1942 Una
341 1915 513 1942 sabbatorum
534 1915 616 1943 Maria
634 1916 790 1952 Magdalene
805 1919 877 1946 venit
891 1927 981 1954 mane,

192 1969 253 1988 cum
281 1961 372 1989 adhuc
401 1961 520 1989 tenebrae
547 1968 651 1995 essent,
674 1965 707 1990 ad
735 1970 951 1993 monumentum.
969 1976 979 1992 ι

193 2008 309 2042 signare
322 2008 432 2043 quidem
446 2008 505 2036 vult
519 2009 609 2037 noctis
624 2017 656 2037 ae
671 2010 726 2037 diei
738 2011 898 2045 confinium,
909 2013 982 2047 quod

192 2056 314 2092 σκιόφως
333 2056 434 2085 dicitur
454 2057 522 2092 (28).
539 2057 731 2086 Verumtamen
752 2066 801 2094 per
820 2067 851 2087 ea
863 2068 924 2096 qua:
938 2069 981 2089 se-

231 2129 250 2146 ⁷³
268 2129 347 2157 .Ioan.
368 2136 416 2162 xx,
432 2128 445 2156 I
459 2136 539 2164 seqq.

1039 1599 1109 1626 ἀλλὰ
1134 1598 1182 1626 καὶ
1202 1599 1251 1625 τοῦ
1271 1598 1444 1633 ποθουμένου
1469 1596 1523 1625 elch
1541 1599 1572 1626 τὸ
1598 1599 1757 1634 πρόσωπον,
1785 1598 1834 1625 καὶ

1037 1645 1102 1676 τοὺς
1128 1643 1249 1680 ὡραίους
1276 1644 1360 1675 πόδας
1382 1644 1528 1680 ἐκράτησε,
1552 1645 1600 1671 καὶ
1625 1644 1675 1679 τῆς
1698 1644 1837 1678 γλυκείας

1038 1690 1187 1727 ὴκουτίσοη
1204 1690 1311 1726 φωνῆς.
1323 1690 1392 1726 Ὀρθ
1398 1698 1444 1726 pou
1457 1690 1562 1726 βαθέως
1573 1692 1633 1722 ταῖς
1644 1691 1835 1723 ἀπελθούσαις

1039 1735 1118 1769 αὖθις
1138 1736 1301 1764 συνείπετοο
1322 1737 1371 1764 καὶ
1387 1737 1469 1764 πάλιν
1494 1737 1655 1772 ἐπιταχύνει
1680 1737 1766 1772 πρωῒ,
1785 1739 1835 1765 καὶ

1039 1784 1109 1820 μόνη
1129 1783 1199 1819 πρὸς
1217 1783 1264 1811 τὸν
1279 1783 1365 1818 τάφον
1383 1783 1464 1819 φοιτᾷ
1483 1784 1544 1810 κατ’
1561 1783 1646 1814 αὐτὴν
1661 1783 1711 1817 τὴν
1721 1784 1835 1819 ἡμέραν

1038 1829 1088 1865 τῆς
1109 1829 1295 1861 ἀναστάσεως.
1320 1829 1431 1856 Βέλτιον
1455 1829 1484 1855 δὲ
1512 1829 1598 1864 αὐτῆς
1626 1830 1833 1866 ἐπιμνησθῆναι

1038 1875 1088 1910 τῆς
1115 1875 1226 1908 λέξεως.

1085 1930 1094 1947 ι
1119 1921 1159 1956 Τῇ
1191 1921 1240 1957 μιᾷ
1268 1921 1323 1948 τῶν
1355 1921 1504 1949 Σαϐϐάτων
1537 1921 1634 1957 Μαρία
1663 1923 1679 1957 ἡ
1713 1922 1834 1957 Μαγδα-

1032 1967 1100 2003 ληνὴ
1128 1967 1239 2003 ἔρχεται
1266 1966 1356 2002 πρωῒ,
1383 1967 1496 2000 σκοτίας
1527 1967 1569 1995 ἔτι
1596 1967 1690 2003 οὔσης,
1724 1969 1769 2000 είς
1797 1968 1831 1995 τὸ

1032 2015 1178 2051 μνημεῖον.
1195 2024 1206 2042 ›
1231 2014 1362 2042 Βούλεται
1386 2015 1436 2050 μὲν
1455 2015 1577 2051 δηλῶσαι
1598 2015 1629 2042 τδ
1653 2016 1704 2050 τῆς
1725 2015 1831 2048 νυκτὸς

1035 2062 1084 2088 καὶ
1096 2061 1204 2098 ἡμέρας
1215 2061 1389 2097 μεταίχμιον,
1400 2061 1414 2088 ὃ
1426 2062 1561 2097 σκιόςοως
1570 2061 1738 2097 ὠνόμασται.
1751 2061 1832 2097 Πλὴν

810 2179 968 2210 Francisci
985 2179 1092 2211 Scorsi
1108 2183 1203 2215 notae.

225 2241 283 2275 (25)
295 2240 329 2267 Ut
340 2249 400 2275 qum
409 2249 424 2267 α
437 2241 576 2275 principio.
586 2241 651 2268 Vide
663 2248 742 2275 supra
753 2241 826 2268 hom.
844 2242 875 2269 51
895 2247 951 2270 nol.
963 2243 980 2270 4

1036 2242 1065 2270 S.
1082 2242 1209 2275 Joannes,
1224 2243 1341 2277 aliquam
1360 2242 1419 2277 ejus
1436 2242 1622 2270 excellentiam
1640 2241 1727 2277 Graeci
1742 2241 1832 2269 inter-

192 2277 319 2312 Eamdem
339 2276 479 2311 mysticam
497 2276 628 2303 rationem
642 2276 728 2311 tangit
743 2277 859 2312 Nyssen.
876 2279 980 2310 orat.l,
999 2280 1021 2307 D
1036 2283 1126 2312 pretes
1137 2279 1238 2312 signari
1250 2276 1354 2304 volunt.
1366 2276 1397 2305 Et
1408 2278 1515 2312 quidem
1528 2277 1599 2312 quod
1610 2277 1642 2304 ad
1654 2276 1768 2304 Joannis
1782 2286 1831 2308 η,

192 2312 224 2339 de
240 2311 388 2339 Resurrecl.

228 2347 284 2381 (26)
301 2345 463 2382 Magdalenq
487 2346 592 2382 quippe.
616 2346 639 2373 Α
663 2346 758 2378 verbo,
785 2338 832 2377 '71:
858 2355 983 2382 maguum

190 2382 341 2416 esse.,quod
357 2382 384 2408 in
401 2381 508 2415 conjug.
525 2381 580 2408 Piel
600 2386 641 2408 est
664 2382 857 2416 magniﬁcare;
873 2381 944 2410 unde
958 2389 985 2410 et

191 2424 243 2444 vox
264 2417 451 2452 ﬂammma,
479 2423 494 2442 a
519 2423 571 2451 qua
591 2424 689 2444 nomen
715 2417 899 2451 Magdalenm,
924 2425 984 2452 quae

190 2453 294 2480 castelli
310 2451 447 2479 Bethania:
464 2456 524 2478 erat
541 2452 662 2479 domina.

226 2487 282 2523 (27)
301 2487 441 2523 Didymus.
458 2486 516 2513 Non
534 2494 594 2514 esse
617 2487 669 2514 hoc
691 2494 840 2521 cognomen
855 2486 977 2518 Thomas.

188 2522 236 2549 sed
262 2523 379 2550 nominis
397 2522 669 2556 interpretamentum
692 2528 787 2548 omnes
811 2526 920 2552 norunt,
935 2524 980 2556 qui

190 2558 294 2591 linguas
308 2561 421 2589 norunt,
438 2564 592 2591 quanquam
611 2557 638 2584 id
656 2556 767 2583 Nonnus
782 2556 937 2590 Panopolita
954 2559 980 2584 in

188 2591 354 2626 Melaphrasi
376 2593 462 2620 sancti
479 2591 592 2619 Joannis
608 2592 730 2619 videatur
744 2591 845 2624 dicere,
862 2592 982 2618 Είσαῒων

187 2627 216 2653 δὲ
242 2626 379 2661 διώνυμος
406 2627 502 2653 ἔννεπε
526 2626 638 2661 Θωμᾶς·
659 2627 776 2653 Audiens
802 2631 889 2653 autem
914 2628 983 2654 dixit

189 2661 302 2689 Thomas
319 2662 459 2696 binomius.
477 2661 511 2688 Et
530 2661 622 2689 itidem
646 2662 722 2689 alibi.
736 2661 872 2696 Pagninus
895 2661 921 2689 in
940 2662 981 2688 in-

189 2695 556 2732 terpretationenominatus
573 2698 639 2724 duas
655 2697 714 2731 ejus
732 2695 850 2732 nominis
867 2697 983 2724 notatio-

188 2731 239 2759 nes
253 2732 333 2760 affert
345 2740 353 2760 :
367 2731 482 2759 Thomas
495 2738 533 2758 est
545 2732 673 2766 geminus,
688 2732 741 2758 sive
754 2731 894 2764 gemellus;
906 2732 933 2758 id
943 2736 982 2758 est

187 2767 275 2794 eodem
291 2772 369 2801 partu
383 2767 481 2794 editus.
497 2771 599 2796 avum
608 2767 680 2794 enim
696 2771 759 2793 sunt
773 2767 889 2801 gemelli,
904 2767 982 2801 quasi

189 2802 342 2835 ('ItlljllllCI-IS
361 2802 538 2836 corporibus;
555 2806 601 2829 aut
615 2801 684 2828 idem
701 2802 772 2835 quod
790 2801 910 2836 abyssus,
925 2802 983 2829 sive

188 2831 294 2869 run-rgo.
321 2844 381 2869 quae
395 2831 477 2863 IIebr.
493 2831 579 2866 Olim.
607 2836 684 2868 Quod
700 2831 789 2862 autem
804 2831 915 2864 Thomas}
932 2844 982 2865 nec

189 2870 271 2896 u.lius
288 2870 358 2910 alius
382 2878 415 2910 ex
443 2871 572 2910 apostolis
601 2878 699 2898 nomen
727 2871 763 2898 sit
789 2871 983 2906 interpretatus

1036 2313 1079 2340 ubi
1097 2313 1122 2339 id
1136 2313 1331 2346 interpretatur
1343 2312 1456 2347 (fecerat
1469 2313 1539 2340 enim
1562 2313 1588 2339 id
1602 2312 1683 2340 etiam
1700 2319 1761 2345 cap.
1777 2314 1829 2346 XI).

1036 2352 1109 2374 recte
1130 2348 1272 2375 Cornelius
1296 2348 1410 2381 primam
1437 2348 1640 2382 etymologiam,
1662 2347 1720 2374 sive
1745 2348 1827 2374 etiam

1035 2384 1180 2409 secundam
1192 2383 1339 2410 convenire
1352 2382 1390 2409 illi
1404 2382 1480 2411 dicit.
1491 2383 1562 2417 quod
1575 2382 1708 2416 geminus,
1721 2383 1828 2417 varius,

1035 2425 1144 2452 anceps,
1170 2417 1195 2443 in
1220 2418 1353 2444 credenda
1379 2417 1480 2444 Christi
1502 2416 1708 2444 resurrectione
1733 2416 1826 2444 fnerit.

1035 2452 1110 2479 llanc
1126 2453 1213 2479 innuit
1228 2457 1320 2479 noster
1337 2453 1387 2479 hoc
1403 2452 1472 2485 loco,
1489 2460 1550 2478 cum
1568 2452 1605 2478 ait
1619 2460 1625 2478 :
1643 2452 1828 2485 Ἀμφιτάλαν-

1034 2495 1081 2519 τος
1095 2487 1145 2522 τὴν
1159 2487 1288 2514 διάνοιαν.
1307 2487 1339 2514 Et.
1362 2487 1442 2519 infra,
1459 2483 1625 2522 oneum;
1639 2483 1694 2522 τοζς
1704 2483 1829 2521 ’λεγομέ-

1034 2531 1089 2554 νοις
1112 2521 1160 2548 211
1172 2523 1326 2557 γινομένοις
1339 2521 1508 2557 ἐπίστευσεν,
1524 2521 1649 2556 Idemque
1663 2521 1826 2555 ἸἸιιξομιιῖι⁷

1033 2562 1127 2584 nostro
1145 2556 1300 2592 posterior:
1317 2556 1424 2588 Merito,
1447 2558 1542 2591 inquit.
1561 2556 1679 2592 meminit
1700 2556 1827 2592 interpre-

1035 2591 1151 2618 tationis
1167 2593 1224 2626 ejus
1242 2593 1366 2622 nominis,
1384 2598 1410 2618 ut
1427 2591 1547 2618 ostendat
1563 2591 1648 2623 nobis,
1666 2591 1735 2625 quod
1750 2591 1827 2617 dubi"

1035 2631 1106 2654 lator
1119 2627 1225 2662 quidam
1241 2629 1285 2660 sit,
1302 2631 1326 2654 et
1348 2627 1375 2653 id
1397 2628 1454 2653 vitii
1471 2635 1487 2653 a
1504 2627 1633 2661 principio
1647 2626 1782 2658 habuerit,
1798 2630 1825 2652 ut

1034 2669 1127 2688 nomen
1148 2663 1259 2689 indicat.

1070 2697 1125 2732 (28)
1142 2697 1219 2729 Quod
1228 2697 1362 2731 σκιόεεως
1371 2697 1479 2723 dicitur.
1499 2696 1581 2728 Ilujus
1599 2695 1675 2732 vocis
1688 2695 1823 2732 neminem

1034 2730 1120 2759 alium
1138 2738 1276 2760 auctorem
1292 2730 1388 2764 habeo,
1406 2739 1487 2766 quam
1504 2731 1590 2764 ipsum
1607 2731 1679 2766 inme
1702 2730 1825 2764 λογοδαί-

1033 2767 1112 2794 δαλον
1126 2767 1318 2801 Theophanem
1332 2777 1338 2793 :
1352 2768 1423 2801 quod
1440 2770 1529 2792 autent
1545 2766 1581 2801 sit
1595 2765 1654 2800 ejus
1667 2770 1777 2801 etxinoli
1790 2772 1823 2791 ex

1035 2802 1091 2834 ipsa
1107 2800 1302 2836 compositione
1318 2807 1391 2836 patet
1406 2810 1412 2828 :
1427 2800 1501 2830 σκιά.
1516 2800 1609 2826 umbra
1622 2805 1665 2827 est
1679 2800 1750 2834 φῶς,
1766 2800 1823 2836 λιιι.

1035 2836 1131 2871 Signat
1142 2835 1224 2871 igitur
1238 2836 1301 2863 illud
1318 2835 1424 2870 tempus
1446 2835 1618 2867 matutinum,
1631 2843 1686 2871 quo
1700 2842 1750 2863 aer
1760 2835 1823 2862 sub-

1036 2870 1129 2900 lustris
1144 2870 1196 2905 est,
1224 2876 1251 2901 et
1266 2871 1310 2900 lux
1327 2871 1456 2908 maligna,
1474 2875 1502 2898 ut
1525 2871 1647 2907 loquitur
1662 2870 1749 2906 Virg.,
1764 2877 1823 2898 cre-
