1896 3051
51 170 113 203 (761

719 176 884 208 HOMlLlA
902 178 1030 210 XXXIII
1039 203 1055 212 ν

1635 185 1690 216 662

50 227 104 275 δια
123 227 179 275 ⁸τῶν
199 228 353 275 γίστορικῶς
382 231 535 267 γινομένων
563 233 633 268 πρὸς
661 233 780 270 θεωρίαν
804 235 844 262 me.

919 236 1019 265 undnm
1041 237 1181 266 hietoriam
1199 244 1277 275 gesta
1287 244 1367 274 sunt,
1382 241 1416 269 ad
1434 239 1690 275 contemptumne-it

51 273 123 299 νοῦν
133 273 315 310 διανίστησιν.
336 276 368 303 Ἦ
381 276 428 304 οὖν
438 278 540 313 πρωῖα,
550 278 644 314 ἐπειδὴ
658 280 852 313 ἀνατεταλκὼς

50 315 90 352 ἦν
114 318 154 350 ὡς
179 319 215 351 ἐξ.
233 320 368 356 ἀνατολῆς
390 322 438 348 τοῦ
464 323 551 358 τάφου
575 324 623 360 τῆς
649 325 852 361 δικαιοσύνηςὸ

53 363 157 396 Ἤλιος
168 374 176 381 ·
185 365 280 392 σκοτία
291 366 330 398 δὲ,
339 367 381 393 ὅτι
393 368 450 400 τοῖς
462 369 618 404 ἀνθρώποις
631 371 754 406 ἠγνοεῖτο
767 372 806 399 ἔτι
821 372 852 399 τὺ

53 409 156 445 θαῦμα
172 411 222 446 τῆς
240 412 431 446 ἀναστάσεως.
451 415 490 441 οὺ
504 415 581 450 λέγει
601 417 630 443 δὲ
645 418 686 444 ὅτι
698 417 791 453 βλέπει
805 419 851 446 τὸν

51 456 134 484 λίθον
147 458 376 494 ἀποκυλισθέντα,
391 460 481 488 καίτοι
505 462 593 494 οὕτως
607 464 632 490 oi
645 465 721 500 τρεῖς
735 465 852 500 εὐαγγε-

51 502 151 531 λισταὶ
179 505 371 541 ἀφηγήσαντο.
403 507 475 534 Ἀλλ’
495 509 509 535 6
534 510 622 544 μέγας
648 511 777 548 Ἰωάννης
795 513 852 545 τοῖς

54 550 206 586 ίστορικῶς
214 553 374 588 γενομένοις
380 554 430 587 τὰς
441 555 600 590 θεολογικὰς
613 558 718 590 ἑννοίας
728 560 851 595 συνήθως

54 597 171 630 μιγνὺς,
185 598 304 633 ἀρθῆναι
320 599 366 626 τὺν
381 600 456 627 λίθον
474 602 562 637 φησί·
578 603 654 630 δοκεῖ
671 605 725 641 γὰρ
741 606 771 632 οὐ
786 606 851 642 περὶ

50 641 105 669 τοῦ
120 643 254 679 αἰσθητοῦ
271 644 345 672 λίθου
360 645 451 680 λέγειν
472 648 566 680 ἁπλῶς
579 657 586 664 ο
606 650 710 682 ἐκεῖνος
733 651 787 687 γὰρ
801 641 851 680 ούκ

52 687 129 722 ἤρθη
144 689 176 714 ὲκ
192 689 238 715 τοῦ
258 691 407 725 μνημείου,
421 692 490 720 ἀλλὰ
505 694 555 729 τῆς
569 694 655 730 θύρας
669 697 768 732 μικρὸν
781 697 851 725 ἄπο-

52 732 104 760 θεν
119 735 291 763 ὲκεκύλιστο·
311 737 380 765 ἀλλὰ
394 739 441 765 τοῦ
464 739 664 775 ἀκρογωνιαίου
683 743 757 770 λίθου
781 744 851 780 Χρι-

53 780 135 808 στοῦ.
155 781 332 817 ’Υπηγάγετο
356 783 385 811 δέ
403 793 437 820 με
459 786 529 821 πρὸς
552 787 657 823 ταύτην
675 789 726 824 τὴν
744 790 851 819 ἔννοιαν

51 825 66 850 ὁ
85 825 172 857 αὐτὸς
183 823 262 859 οὗτος
273 828 482 864 εὐαγγελιστὴς,
491 832 539 858 νῦν
550 833 599 868 μὲν
613 823 714 861 είπὼνν·
729 846 738 862 t
750 836 851 864 Βλέπει

50 872 101 898 τὸν
115 872 190 900 λίθον
203 873 325 909 ἠρμένον
345 876 377 902 ἐκ
399 876 447 904 τοῦ
464 878 614 914 μνημείου·
633 890 642 906 ι
661 882 803 915 παριστῶν
822 883 850 910 δὲ

50 918 191 952 λέγουσαν
207 920 257 956 τὴν
272 922 460 959 Μαγδαληνήν
473 933 480 939 ·
501 933 512 951 ι
530 923 621 961 Ἥραν
642 927 688 954 τὸν
702 928 805 964 Κύριον
816 929 849 956 ὲκ

51 965 104 991 τοῦ
122 966 271 1001 μνημείου,
290 977 300 994 ›
318 968 365 995 καὶ
386 969 430 996 διὰ
448 970 496 996 τοῦ
514 971 649 1007 ἑπομένου
668 974 751 1008 ῥητοῦ
765 975 850 1010 ἐφερ-

53 1010 189 1044 μηνεύων
202 1012 232 1038 τὸ
247 1013 467 1049 προηγούμενον.
484 1015 599 1050 Γέγονεν
619 1017 674 1052 γὰρ
689 1017 727 1049 ὼς
741 1018 851 1053 ἀληθῶς

51 1055 66 1080 6
89 1055 269 1093 Ἐμμανουήλ
285 1058 373 1094 πέτρα
384 1059 547 1093 σκανδάλου,
557 1061 604 1088 καὶ
619 1061 692 1094 λίθος
706 1064 849 1099 προσκόμ-

53 1111 154 1136 ματος.
182 1100 268 1136 Οὗτός
296 1105 372 1132 ἐστιν
395 1106 410 1132 6
433 1106 508 1145 Meo;
532 1107 562 1134 ὃν
591 1109 798 1145 ἀπεδοκίμασαν
824 1112 848 1138 οι

52 1149 235 1184 Γραμματεῖς
262 1151 310 1177 καὶ
323 1151 378 1178 τῶν
398 1141 533 1180 Ἰουδαῗων
544 1153 568 1180 ol
584 1141 740 1190 Eﬁapxm,‘oi
754 1157 789 1183 τὰ
800 1158 847 1184 τοῦ

51 1194 140 1229 νόμου
154 1195 234 1230 δῆθεν
242 1197 451 1233 οἰκονομοῦντες
463 1202 629 1237 ἐντάλματα.
645 1202 726 1229 Ἀλλὰ
736 1203 849 1237 γέγονεν

51 1241 95 1272 εἰς
111 1242 235 1278 κεφαλὴν
253 1244 367 1278 γωνίας,
386 1247 450 1278 τοὺς
464 1247 512 1275 δύο
531 1248 614 1280 λαοὺς
633 1249 672 1281 είς
683 1249 781 1277 ἑαυτὸν
797 1250 848 1286 ἁρ-

53 1287 225 1322 μοσάμενος.
251 1291 307 1317 Καὶ
334 1292 405 1327 τάχα
432 1294 501 1328 πρὸς
524 1295 623 1322 τοῦτον
649 1296 696 1323 τὸν
719 1295 794 1323 λίθον
817 1297 848 1324 τὸ

51 1334 223 1369 ἡγεμονικὸν
243 1337 354 1372 ἐρείσας
380 1338 488 1373 Ἰακὼϐ,
512 1341 561 1369 καὶ
577 1341 706 1374 ὑπνώσας
721 1343 776 1371 ἀπὸ
790 1344 847 1371 τῶν

50 1379 195 1414 αἰσθητῶν
210 1381 238 1408 ὲν
252 1383 389 1419 φαντασίᾳ
406 1384 457 1420 τῆς
474 1387 573 1423 νοητῆς
588 1387 683 1422 γέγονε
700 1388 845 1424 κλίμακος.

51 1425 159 1451 Τοῦτον
187 1426 233 1453 τὸν
259 1427 334 1455 λίθον
363 1430 498 1463 είκόνιζεν
524 1433 541 1468 ἡ
570 1434 658 1469 πέτρα
683 1435 698 1470 ἡ
727 1435 766 1471 τῷ
789 1435 847 1471 λαῷ

51 1471 191 1505 βλύζουσα
216 1474 334 1509 δαψιλῶς
358 1476 404 1503 τὸν
420 1478 520 1505 ποτόν·
541 1479 630 1512 οὕτως
650 1481 775 1513 είπόντος
797 1484 846 1512 τοῦ

51 1518 178 1552 Παύλου,
197 1519 235 1552 ὡς
253 1529 263 1546 ‹
281 1522 393 1550 Ἔπινον
409 1524 442 1550 ὲκ
473 1527 664 1562 πνευματικῆς
681 1529 846 1558 ἀκολουθού-

867 905 887 934 Β

902 284 983 319 erigit
1001 289 1131 313 mentem.
1149 286 1215 314 Erat
1243 287 1325 322 igitur
1341 294 1431 320 mane,
1446 288 1517 322 quod
1534 295 1550 315 e
1565 288 1692 323 sepulcro

903 330 949 358 Sol
963 330 1077 366 justitita
1091 331 1164 359 velut
1181 340 1213 360 ex
1236 334 1344 361 oriente
1360 341 1390 362 se
1399 334 1534 361 extulerat
1547 343 1554 362 ι
1565 335 1693 362 tenebras

903 384 967 405 vero
989 377 1066 413 (29),
1089 379 1160 413 quod
1188 379 1351 414 hominibus,
1370 380 1459 411 adhuc
1481 381 1694 408 resurrectionis

902 424 1060 459 mysterium
1074 424 1260 459 ignorabatur.
1274 425 1332 453 Non
1348 434 1412 454 vero
1422 426 1601 454 dicitvidi’sse
1614 433 1694 453 revo-

902 469 987 496 lutum
1003 470 1135 505 lapidem;
1150 471 1225 506 atqui
1240 471 1267 498 id
1283 476 1337 499 tres
1348 472 1522 508 evangelista
1534 471 1691 499 narrarunt!

903 515 1095 544 Verumtamen
1116 525 1230 552 magnus
1246 518 1289 545 ille
1300 517 1420 546 Joannes
1434 526 1496 546 cum
1512 518 1554 546 his
1569 508 1629 552 qua:
1644 525 1691 545 se~

902 563 1021 590 cundum
1036 563 1180 591 historiam
1200 563 1273 592 facta
1288 570 1352 592 sunt
1366 584 1374 596 ,
1387 564 1559 600 theologicae
1582 572 1691 596 sensus.

902 613 932 635 ut
947 610 1100 642 consuevit,
1116 610 1276 639 admiscens
1286 612 1423 638 sublatum
1444 611 1560 646 lapidem
1578 612 1630 644 ait;
1651 612 1693 646 vi.-

901 654 982 681 detur
993 656 1066 683 enim
1083 663 1137 683 non
1159 658 1193 684 de
1213 657 1335 685 sensibili
1356 658 1447 692 lapide
1467 658 1628 693 simpliciter
1649 658 1692 684 ln-

901 700 947 734 qui
971 700 1029 737 (30)
1042 709 1049 728 :
1065 701 1109 728 ille
1120 702 1192 729 enim
1214 702 1266 729 οὐκ
1281 702 1364 738 ἤρθη,
1376 703 1427 730 hoc
1439 707 1493 736 est,
1505 710 1558 730 nou
1571 703 1691 730 elevatus

902 752 917 772 a
938 751 1126 780 monumento,
1149 747 1196 775 sed
1218 747 1253 775 ab
1269 748 1339 775 ostio
1356 755 1407 775 non
1425 753 1480 775 tam
1502 748 1582 782 Iunge
1604 749 1691 774 fuerat

900 791 1059 819 revolutus:
1074 793 1121 821 sed
1145 793 1178 820 de
1193 793 1314 828 angulari
1332 793 1419 828 lapide
1433 793 1553 821 Christo.
1571 793 1696 820 Adduxit.

902 845 946 865 me
963 845 1028 865 vero
1043 843 1073 865 ut
1099 838 1138 866 ita
1163 838 1342 874 intelligerem
1369 840 1427 873 ipse
1448 839 1493 867 hic
1509 838 1690 874 evangelista;

902 884 947 918 qui
960 891 1020 911 cum
1043 884 1094 912 hoc
1113 885 1174 912 loco
1193 884 1327 912 dixisset:
1345 893 1355 911 ε
1369 885 1450 912 Videt
1462 885 1579 920 lapidem
1599 884 1692 911 subla-

902 933 958 957 tum
978 937 993 957 a
1015 934 1201 964 monumento,
1223 939 1233 956 ι
1261 930 1347 964 ipsam
1376 930 1474 958 deinde
1504 930 1689 965 Magdalenam

900 974 1054 1009 loquentem
1086 975 1168 1002 facit:
1191 984 1201 1001 ι
1224 975 1357 1003 Tulernnt
1379 975 1461 1011 240
1485 975 1628 1003 Dominum
1655 974 1691 1002 de

901 1024 1091 1054 monumento,
1105 1030 1115 1047 ι
1135 1021 1246 1056 perinde
1267 1029 1299 1049 ac
1309 1022 1433 1056 sequenti
1447 1021 1521 1049 dicto
1534 1021 1690 1056 przecetlens

900 1064 1105 1099 interpretetur.
1117 1064 1216 1094 Factus
1229 1066 1300 1094 enim
1314 1073 1407 1093 revera
1423 1071 1464 1093 est
1475 1065 1519 1093 ille
1531 1066 1697 1093 Emmanuel

900 1114 977 1144 petra
999 1109 1134 1143 scandali.
1148 1114 1175 1138 et
1192 1110 1261 1145 lapis
1277 1110 1437 1138 oli‘ensionis
1448 1111 1482 1138 ’δέ
1493 1110 1542 1138 Hic
1555 1111 1626 1146 lapis
1636 1115 1688 1142 est,

899 1164 981 1192 quem
999 1157 1180 1192 reprobarunt
1198 1156 1301 1185 Scriba:
1326 1161 1352 1185 et
1368 1157 1505 1193 principes
1521 1156 1696 1188 Judteorum,

898 1203 946 1238 qui
960 1204 1089 1231 nimirum
1107 1203 1174 1239 legis
1192 1209 1327 1239 prtecepta
1354 1203 1568 1231 aediﬁcabant".
1579 1202 1633 1230 Sed
1648 1202 1689 1229 la-

898 1254 958 1284 ctus
967 1249 1047 1277 estin
1060 1250 1151 1284 anguli
1165 1254 1257 1285 caput,
1269 1251 1336 1278 duos
1348 1250 1463 1285 populos
1475 1250 1501 1277 in
1512 1257 1541 1278 se
1553 1250 1611 1283 ipso
1623 1257 1689 1282 cou-

898 1300 1022 1324 nectens.
1037 1296 1070 1323 Et
1078 1296 1203 1324 fortassis
1216 1297 1298 1324 etiam
1311 1298 1362 1324 hoc
1374 1296 1462 1331 lapide
1474 1295 1689 1330 Jacoh,.princi—

898 1349 961 1377 pem
983 1342 1081 1369 animae
1101 1347 1207 1377 partem
1223 1342 1349 1376 fulciens.
1368 1347 1396 1370 et
1411 1342 1527 1377 sopitus.
1547 1341 1686 1368 abaliena-

899 1392 996 1422 tusque
1011 1395 1026 1414 a
1045 1387 1125 1415 rebus
1142 1387 1234 1415 sensui
1250 1387 1379 1421 objectis,
1397 1386 1594 1421 intelligibilem
1613 1386 1686 1413 il1am

897 1434 999 1462 scalam
1015 1441 1063 1468 per
1075 1434 1193 1469 speciem
1205 1433 1314 1460 vidit".
1328 1433 1406 1461 Hunc
1419 1433 1534 1468 lapidem
1549 1438 1626 1468 petra
1639 1432 1685 1460 illa

898 1479 1080 1512 adumbravit,
1094 1487 1126 1507 ex
1143 1474 1195 1514 qua
1214 1479 1313 1514 populo
1332 1483 1411 1515 potus
1430 1478 1537 1507 abunde
1556 1478 1688 1511 manavit,

897 1524 936 1552 ita
960 1525 1069 1552 dicente
1088 1524 1189 1556 Paulo,
1211 1525 1284 1559 quod
1314 1533 1324 1550 ι
1346 1523 1480 1552 Bibebant
1495 1524 1528 1551 de
1550 1523 1687 1558 spirituali

52 1565 222 1613 opius-:94;
289 1567 317 1595 δὲ
333 1568 419 1604 πέτρα
432 1567 466 1606 ἦν
483 1571 498 1597 6
520 1572 665 1607 Χριστός.)
685 1571 770 1608 Οὗτος
784 1574 819 1613 ἦν
832 1579 844 1605 6

916 1575 1084 1605 (insequente
1106 1578 1153 1598 eos
1180 1575 1255 1604 petra
1278 1573 1378 1605 :pctra
1407 1574 1497 1597 autem
1525 1574 1584 1597 erat
1606 1568 1688 1596 Chri-

51 1610 155 1642 λίθαςὸ
173 1611 289 1647 τμηθεὶς
304 1613 368 1640 ἄνευ
390 1615 492 1651 χειρὸς,
511 1617 558 1644 καὶ
579 1619 730 1655 συντρίψας
743 1621 778 1649 τὰ
792 1610 848 1650 τῶν

52 1656 193 1705 δαιμόνων
213 1657 397 1695 βδελύγματα,
424 1663 496 1689 κατὰ
518 1662 568 1699 τὴν
589 1665 636 1692 τοῦ
656 1667 757 1703 Δανιὴλ
780 1677 849 1705 προ-

53 1703 215 1737 αγὸρευσιν.

91 1759 101 1774 ι
117 1750 217 1785 Τρέχει
232 1748 289 1784 οὖν,
317 1753 364 1780 καὶ
383 1753 492 1789 ἔρχεται
510 1756 580 1791 πρὸς
600 1758 710 1794 Σίμωνα
732 1761 846 1796 Πέτρον,

53 1796 191 1843 καὶγπρὸς
206 1797 252 1824 τὸν
264 1799 345 1826 ἄλλον
366 1801 503 1837 μαθητὴν,
520 1803 551 1829 ὃν
565 1804 662 1839 ἠγάπα
679 1807 693 1833 ὁ
713 1806 817 1843 Ἰησοῦς
834 1820 843 1836 ι

53 1842 87 1867 Τί
103 1842 226 1877 δήποτε;
245 1844 313 1879 Οὐχὶ
336 1846 383 1872 καὶ
398 1848 454 1878 τοῖς
471 1847 576 1881 λοιποῖς
590 1842 765 1885 ἀποστόλοις.
777 1854 847 1882 ἀλλὰ

53 1887 153 1923 Πέτρῳ
182 1888 229 1915 καὶ
266 1889 378 1927 Ἰωάννῃ
413 1892 504 1926 μόνοις
544 1893 631 1921 ταῦτα
672 1897 846 1933 μεμήνυκεν;

42 1934 173 1979 γἘπειδὴ
203 1935 228 1962 οἱ
254 1936 305 1970 μὲν
333 1936 408 1964 ἄλλοι
443 1940 686 1976 κατορρωδηκότες
711 1943 761 1978 τὴν
792 1945 846 1972 τῶν

42 1979 205 2006 ηΊουδαίων
243 1980 342 2008 λύτταν
374 1982 545 2019 ἐκρύπτοντο
568 1993 574 2000 ·
605 1986 709 2022 Πέτρος
740 1989 769 2016 δὲ
799 1992 847 2018 καὶ

43 2024 191 2065 η’ῐωὰννης
209 2023 369 2060 ἀδεέστερον
390 2027 599 2063 ἀνεστρέφοντο.
622 2031 652 2058 '0
673 2032 723 2067 μὲν
739 2033 777 2065 ὡς
796 2035 845 2070 ἤδη

54 2070 215 2102 πιστευθεὶς
226 2072 257 2098 ἐκ
268 2071 316 2098 τοῦ
331 2072 451 2108 ἐνόρκως
467 2075 650 2111 ἀρνήσασθαι,
659 2079 673 2104 6
687 2078 715 2104 δὲ
726 2081 846 2113 γνωστὸς

53 2116 91 2142 ὢν
113 2116 152 2151 τῷ
169 2117 296 2152 ἀρχιερεῖ
313 2119 373 2145 κατ’
386 2119 465 2147 οὐδὲν
487 2121 646 2150 ὲδεδίττετο.
671 2124 785 2158 Τούτοις
799 2124 846 2154 οὖν

54 2162 180 2196 ἁλύουσι,
198 2163 246 2189 καὶ
269 2165 515 2200 πεφροντισμένως
536 2170 721 2203 περιτυχοῦσά
740 2180 823 2206 φησιν
835 2181 844 2190 ι

57 2217 65 2233 ι
85 2206 180 2244 Ἥραν
193 2209 239 2255 τὸν
257 2209 359 2245 Κύριον
382 2211 414 2238 ἐκ
433 2212 479 2238 τοῦ
496 2214 642 2248 μνημείου.
663 2224 671 2241 ι
695 2217 776 2251 ᾭετο
790 2219 846 2255 γὰρ

899 1617 999 1645 stus".
1013 1626 1022 1644 ι
1039 1616 1090 1643 Hic
1106 1616 1174 1651 lapis
1188 1616 1248 1648 fuit,
1262 1616 1308 1651 qui
1321 1615 1393 1643 nulla
1411 1622 1507 1643 manus
1520 1621 1604 1650 opera
1614 1614 1688 1642 exci—

898 1669 946 1690 sus
960 1662 1180 1690 abominatioues
1201 1661 1364 1690 daemonium
1382 1660 1523 1694 contrivit,
1537 1661 1614 1695 juxta
1634 1659 1687 1686 Da-

899 1709 978 1737 nielis
992 1709 1198 1743 praedictionem
1206 1708 1242 1735 ⁷⁸.

937 1764 947 1782 Ι
971 1755 1063 1782 Currit
1082 1762 1158 1789 ergo.
1175 1759 1203 1781 et
1229 1754 1303 1781 venit
1317 1753 1352 1781 ad
1370 1753 1509 1780 Simonem
1529 1753 1640 1780 Petrum
1661 1757 1690 1779 et

898 1801 932 1829 ad
949 1801 1030 1828 alium
1053 1800 1215 1835 discipulum
1243 1807 1323 1835 quem
1344 1799 1475 1834 diligebat
1493 1797 1581 1826 Iesus.
1597 1797 1690 1830 iQuid

899 1849 936 1876 ita
953 1847 1080 1875 tandem?
1097 1845 1157 1874 Non
1170 1847 1276 1873 caeteris
1290 1846 1372 1873 etiam
1390 1844 1540 1880 discipulis,
1558 1843 1604 1871 sed
1621 1843 1693 1871 solis

897 1894 980 1922 Petro
1007 1901 1039 1921 ac
1056 1893 1156 1922 Joanni
1170 1894 1228 1921 haec
1245 1892 1395 1921 indicavit?
1410 1892 1546 1926 Quoniam
1564 1892 1609 1918 alii
1627 1891 1689 1926 qui-

897 1941 957 1969 dem
969 1940 1124 1968 Judmorum
1138 1940 1238 1967 rabiem
1249 1939 1427 1966 formidantes
1437 1946 1466 1965 se
1475 1938 1693 1968 absconderant,

898 1987 996 2015 Petrus
1013 1992 1078 2013 vero
1102 1989 1130 2013 et
1150 1984 1270 2013 Joannes
1284 1984 1464 2012 conﬁdentius
1485 1983 1665 2010 versabantur
1680 1990 1687 2008 :

898 2034 944 2062 ille
957 2033 1066 2068 quidem
1083 2033 1154 2067 quod
1167 2032 1223 2066 jam
1244 2030 1323 2059 fidem
1345 2036 1443 2058 nactus
1455 2034 1515 2058 erat
1526 2037 1557 2071 ex
1569 2036 1601 2056 eo
1616 2030 1693 2064 quod

899 2087 958 2107 ctnn
978 2079 1134 2113 iuramento
1155 2082 1319 2112 negaverat;
1335 2077 1379 2104 hic
1395 2084 1460 2104 vero
1479 2083 1512 2103 eo
1527 2075 1598 2110 qttod
1613 2075 1688 2102 Pon-

899 2126 964 2153 tilici
989 2130 1070 2153 notus
1091 2129 1160 2156 erat,
1179 2123 1246 2151 nihil
1265 2123 1420 2151 verebatur.
1438 2121 1495 2149 Hoc
1519 2122 1601 2156 igitur
1621 2127 1690 2148 utm-

899 2178 989 2200 rentes
1008 2175 1035 2199 et
1052 2170 1183 2198 sollicitos
1198 2177 1260 2197 cum
1275 2168 1444 2200 oﬂ'endisset,
1460 2169 1515 2194 ait:
1534 2176 1542 2193 ι
1557 2166 1689 2193 Τιιιοιιιιιι

900 2219 1041 2246 Dominum
1059 2217 1091 2245 de
1111 2220 1299 2244 monumento.
1326 2224 1335 2240 ι
1360 2213 1541 2242 Existintabat
1557 2212 1628 2240 cnim
1653 2220 1686 2239 ex

53 2254 85 2280 ἐκ
99 2254 264 2288 γυναικείας
280 2255 434 2290 ἀσθενείας,
456 2257 494 2288 ὡς
518 2258 617 2291 ἔοικεν,
633 2260 685 2286 ὑπὸ
696 2262 742 2288 τοῦ
761 2251 844 2298 μετα.-

917 2265 1025 2293 tnliebri
1049 2263 1244 2295 imbecillitate,
1259 2268 1286 2290 ut
1307 2263 1424 2295 videtur,
1449 2270 1463 2288 ιι
1485 2261 1612 2296 quopiam
1629 2260 1691 2294 (31);

54 2300 237 2335 κουφισθῆναι
266 2301 311 2328 τὸν
335 2301 448 2338 Κύριον.
480 2303 550 2330 Ἀλλ’
565 2305 590 2331 οί
609 2306 738 2341 μαθηταὶ
767 2309 844 2344 ὄντες

55 2346 231 2382 ἐδραιοτέρου
245 2348 431 2383 φρονήματος,
452 2348 500 2375 καὶ
515 2349 549 2376 τὰ
571 2350 636 2377 ὄντα
652 2353 844 2384 ὑποτοπάσαν-

901 2312 1045 2340 hominum
1062 2315 1184 2338 avectum
1203 2309 1266 2336 inde
1289 2308 1393 2336 fuisse:
1415 2307 1539 2342 discipuli
1558 2315 1624 2333 vero
1638 2307 1686 2332 lir-

901 2358 986 2385 miore
999 2364 1079 2385 sensu
1097 2363 1158 2383 cum
1184 2359 1285 2387 essent,
1304 2354 1473 2389 suspicantes
1490 2354 1527 2386 id,
1549 2353 1619 2388 quod
1644 2359 1687 2379 res

87 2418 135 2445 “I
154 2417 227 2445 Pelr.
244 2427 275 2452 ιι,
293 2419 320 2446 7.
357 2420 380 2435 ⁷⁸
393 2419 488 2448 Matth.
511 2429 567 2453 ut,
593 2421 638 2448 42.
676 2423 699 2439 ⁷⁸
719 2423 788 2452 Gen.
803 2434 844 2453 xxi

921 2426 965 2453 I2.
1002 2426 1024 2442 "
1041 2425 1127 2453 ICor.
1141 2433 1177 2458 tv,
1195 2425 1223 2452 4.
1261 2425 1284 2441 ⁷⁸
1300 2424 1367 2451 Dan.
1382 2431 1414 2454 tt.
1430 2423 1476 2450 45.

673 2492 836 2524 Francisci
851 2493 954 2525 Scorsi
973 2496 1066 2524 notae.

55 2551 197 2586 pusculum
216 2551 353 2579 communi
372 2551 553 2587 appellatione
576 2554 690 2586 dixeris;
708 2560 769 2581 ctnn
785 2563 846 2582 cre-

55 2594 117 2620 pera
139 2587 198 2626 1ης,Δ
224 2588 248 2613 id
268 2591 310 2613 est
326 2587 416 2626 _tlubia
444 2587 506 2626 (hoc
525 2588 596 2626 enim
622 2593 664 2615 cst
690 2590 844 2626 Crepusculi

56 2624 176 2656 etymon)
194 2624 263 2649 inter
279 2622 402 2649 umbram
427 2623 523 2654 noctis,
540 2627 566 2650 et
582 2623 667 2650 lucem
684 2622 843 2655 exorientis.

56 2657 347 2694 V6I_0}‘CIL|8IIIIS‘S()IIS.

90 2692 147 2729 (29)
166 2691 288 2719 Teucbfm
301 2700 372 2729 rem.
392 2691 523 2729 Eamdemr
546 2693 706 2720 sententiam
719 2695 845 2729 JIIystit‘e

59 2723 149 2763 elicuit
167 2733 278 2763 sant-Ius
301 2727 396 2763 Petrus
411 2728 537 2763 Chrysol.
569 2735 651 2755 serm.
667 2729 698 2755 de
714 2723 819 2756 PuSc/aa
835 2737 844 2756 :

60 2761 215 2798 Resnrgente
243 2762 348 2789 Christo
374 2761 497 2795 fidelibus
523 2763 629 2789 Ittcescit
656 2771 755 2798 perper.
785 2764 844 2791 Dies

57 2797 206 2832 inﬁdelibus
235 2798 385 2824 tenebrescil
407 2805 416 2824 :
436 2797 571 2832 discipulis
597 2806 649 2824 nor
673 2797 794 2826 mittatur
815 2800 845 2826 in

56 2833 134 2858 diem.
164 2831 267 2859 Judwis
297 2833 351 2859 dies
384 2831 512 2865 vertitur.
544 2837 569 2859 cl
598 2838 718 2861 mutatur
744 2835 771 2861 in
799 2843 845 2861 no—

57 2873 119 2893 ctem
130 2887 137 2898 ,
156 2872 208 2894 etc.

91 2903 148 2938 (50)
165 2902 327 2938 Simpliciter
338 2901 545 2938 ίοίμιὶ,’Λπλῶς,
557 2911 609 2931 uno
625 2903 716 2938 modo,
730 2904 770 2933 \‘cl
790 2912 843 2932 uno

896 2562 976 2582 sensu
992 2564 998 2582 :
1015 2554 1143 2589 supponit
1157 2553 1230 2581 enim
1245 2561 1354 2581 sensum
1369 2552 1513 2580 litteralem
1531 2559 1578 2579 seu
1602 2552 1687 2589 nisto-

897 2588 1078 2624 ricumtquod
1095 2589 1150 2622 ipse
1166 2594 1259 2616 auctor
1272 2589 1442 2624 prmtuonttil,
1456 2592 1481 2614 et
1494 2595 1512 2614 at
1524 2595 1587 2615 voce
1599 2588 1686 2622 ἠρμέ-

896 2634 941 2651 νον
952 2630 979 2651 et
994 2623 1076 2660 ἦραν,
1087 2624 1185 2660 quibus
1201 2632 1264 2651 IlSllS
1280 2623 1308 2650 S.
1323 2623 1452 2660 Joannes,
1467 2630 1526 2660 quer
1539 2627 1567 2660 et
1580 2624 1686 2660 tollere,

895 2661 953 2686 sive
970 2657 1077 2687 elevare
1096 2657 1128 2686 in
1146 2659 1243 2689 altum,
1261 2664 1288 2685 et
1305 2659 1465 2685 subnmvcre
1481 2657 1614 2691 signiﬁcat
1630 2658 1687 2684 sive

895 2694 1020 2722 Latinum
1046 2694 1129 2727 tollo;
1160 2701 1267 2720 sensum
1291 2693 1409 2720 extrahit
1434 2693 1514 2719 alium
1542 2693 1685 2726 mysticum

895 2737 970 2756 more
984 2737 1042 2756 suo.
1061 2729 1127 2756 Vide
1142 2730 1174 2756 de
1188 2736 1254 2756 voce
1268 2728 1360 2759 ἁπλῶς
1377 2729 1448 2756 hom.
1465 2727 1508 2760 ιε,
1527 2735 1555 2755 n.
1571 2727 1615 2756 l8.

931 2764 987 2800 (51)
1011 2765 1032 2791 Α
1050 2765 1184 2799 quapiam.
1202 2763 1229 2789 In
1348 2763 1462 2800 habetur
1484 2763 1538 2800 ἀπρ
1550 2763 1595 2788 τοῦ
1611 2762 1685 2800 nullo

895 2797 988 2832 sensu,
1002 2800 1048 2826 sed
1056 2797 1089 2826 ἰιι
1102 2797 1227 2833 margine
1242 2798 1337 2826 Gallic.
1353 2799 1421 2825 bene
1434 2798 1609 2833 emendatum
1629 2797 1685 2824 ἀπό

894 2843 952 2866 του,
966 2842 993 2861 ιιι
1011 2835 1044 2861 all.
1059 2843 1106 2861 του
1121 2831 1275 2861 encliticum
1291 2842 1338 2867 pro
1349 2833 1420 2865 τινός
1437 2834 1535 2866 Attice,
1551 2840 1581 2860 ea
1598 2831 1684 2860 forma

895 2878 946 2904 qua
961 2870 1040 2898 iidem
1057 2869 1137 2897 Attici
1155 2870 1249 2898 dicunt
1264 2870 1289 2896 εἴ
1303 2878 1353 2905 τῳ,
1370 2871 1392 2897 si
1412 2869 1465 2897 cui.
