1896 3051
213 160 265 191 657

815 160 1061 191 THEOPHANIS
1081 160 1250 191 CERAMEI

1884 43 1887 182 l

1793 160 1842 191 6"8

211 218 273 244 dem
295 215 396 242 habere
417 218 557 241 externam
582 213 791 250 philosophiam,
815 216 864 243 sed
889 217 1001 243 anticum

1073 215 1110 242 ιέν
1137 213 1209 242 εἶναι
1224 216 1258 251 τῇ
1280 215 1426 251 φιλοσοφίᾳ
1442 216 1475 251 τῇ
1503 215 1636 251 θύραθεν,
1662 216 1742 250 φῖλον
1763 216 1790 242 δέ
1806 217 1842 251 τῷ
1886 219 1887 254 l

209 269 272 290 esse
288 261 371 288 verbo
395 260 532 287 veritatis.
548 260 607 287 Alia
630 260 713 288 etiam
743 260 850 288 ratione
876 268 926 295 per
953 261 1002 288 hos

210 307 359 341 discipulos
381 306 538 333 indicantur
564 306 679 333 actionis
709 307 1004 342 contemplationisque

209 353 402 388 proprietates.
416 352 523 379 Etenim
540 352 637 379 Petrus
647 352 756 387 quidem
770 353 896 387 negavit,
913 348 1002 381 Joan-

213 406 262 425 nes
291 405 356 424 vero
385 398 486 424 mansit
522 397 662 424 immotus.
687 397 772 424 Homo
804 398 875 425 enim
907 398 1003 425 activae

212 444 319 471 deditus
335 444 399 470 vita:
419 447 469 476 est,
493 451 554 470 cum
576 450 592 470 a
612 449 687 470 recto
703 443 822 476 labatur,
837 443 877 471 vel
895 448 1004 478 propter

210 490 333 523 corporis
346 489 544 523 inﬁrmitatem,
558 489 599 516 vel
611 488 680 516 forte
695 490 776 516 etiam
793 494 1003 524 proptersuper~

209 536 281 562 hiam
296 536 405 562 mentis:
418 540 444 561 et
455 535 565 569 quidem
580 540 620 562 ter
633 535 776 562 Dominum
787 541 878 570 negat,
891 536 1001 563 veleum

210 589 337 608 sermone
353 587 543 615 contemnens,
558 581 602 609 vel
625 582 665 609 ira
682 582 779 614 victus,
795 582 836 609 vel
861 583 1003 610 inhonesta

211 628 301 663 aliqua
318 628 466 662 cupiditate
483 629 624 656 subactus.
640 629 680 655 Ad
697 637 756 663 qua:
771 629 860 662 gallus
876 635 1002 662 cantans,

208 675 322 709 pervigil
337 675 442 702 scilicet
472 675 646 702 conscientia
661 675 794 707 custodia,
813 683 873 703 eum
891 677 1002 709 excitat,

209 721 349 748 utsentiat
366 729 425 756 quae
439 728 581 756 perperam
602 721 673 748 facta
692 727 766 748 sunt.
787 721 839 754 Qui
859 729 923 749 vero
943 727 1003 756 post

209 768 664 804 actionemcontemplationisluce
683 769 838 795 illustratur
854 769 880 796 in
898 770 1001 801 anima,

208 821 236 842 et
251 815 348 842 divina:
363 815 494 842 doctrina:
514 815 597 847 illius,
615 815 694 842 sicuti
718 815 789 842 illius
813 815 925 842 tonitrui
943 815 1003 841 elli-

208 861 323 892 citur",
341 860 477 895 nunqnani
494 866 657 889 avertetura
673 866 748 888 recto
766 860 832 896 (56).
847 861 900 888 Sed
915 861 1002 888 Evan-

207 907 270 942 gelii
287 908 369 935 verba
388 907 488 934 iterum
503 915 688 935 resumamus.

248 1009 257 1026 ε
283 1000 387 1027 Etcum
404 1007 434 1027 se
448 999 618 1032 inclinasset,
634 999 702 1025 vidit
721 998 880 1025 linteamina
904 999 1004 1033 posita,

206 1054 260 1072 non
285 1049 374 1072 tamen
403 1045 526 1072 introivit
539 1044 573 1072 θί.
589 1053 599 1070 ι
618 1043 698 1080 242
727 1043 910 1072 Prtecucurrit
934 1051 1002 1071 sane

207 1091 326 1119 Joannes
350 1092 470 1118 velocior
495 1091 626 1126 pedibus;
644 1099 696 1118 non
728 1095 818 1118 tamen
847 1098 907 1125 quae
934 1091 1005 1118 intra

209 1138 364 1172 sepulcrum
380 1138 527 1172 spectanda
544 1143 623 1165 erant
640 1138 842 1172 contemplatus
862 1142 914 1165 est.
932 1138 1005 1165 Pone

208 1192 274 1211 vero
294 1192 468 1218 consequens
493 1184 602 1216 Petrus,
621 1184 808 1218 anhelansque
825 1184 1006 1218 pervcnit;et

209 1231 234 1256 in
264 1230 381 1265 sepulcri
414 1231 495 1265 adyta
524 1231 718 1265 introgressus,
735 1238 795 1266 qua:
823 1231 889 1258 inibi
924 1233 1006 1257 erant

209 1277 349 1311 mysteria,
372 1277 464 1309 videt;
493 1282 553 1311 post
583 1277 656 1304 hunc
685 1284 750 1305 vero
770 1277 853 1304 etiam
880 1276 1004 1305 Joannes

208 1323 370 1358 ingreditur.
391 1323 427 1350 Ita
443 1323 512 1350 etin
529 1323 682 1351 Tiberiadis
696 1328 792 1359 stagno
804 1324 880 1359 prior
894 1324 1005 1358 quidem

206 1369 320 1402 agnovit
336 1369 493 1401 Dominum,
506 1374 532 1396 et
553 1368 636 1397 Petro
656 1369 805 1397 indicavit:
823 1370 871 1397 scd
894 1369 1003 1403 Petrus,

209 1424 271 1444 cum
288 1421 438 1448 enatassut,
456 1416 530 1450 prior
543 1416 687 1443 Dominum
702 1416 828 1443 convenit
841 1416 874 1442 ⁸⁸.

247 1472 256 1488 ι
282 1462 436 1496 Venitergo
454 1462 548 1489 Simon
569 1461 666 1489 Petrus
688 1469 806 1496 sequens
824 1470 899 1493 eum,
918 1462 1002 1488 etin-

209 1506 301 1533 Ircivit
316 1506 342 1532 in
358 1511 578 1540 monumentum,
596 1510 623 1534 et
637 1507 705 1534 vidit
719 1506 878 1533 linteamina
904 1507 1001 1541 posita,

208 1556 236 1578 et
259 1551 412 1585 sudarium,
439 1552 509 1586 quod
538 1552 626 1579 fuerat
652 1560 732 1587 super
751 1557 833 1586 caput
854 1552 923 1586 ejus,
951 1561 1002 1579 non

208 1605 269 1624 cum
286 1598 490 1625 linteaminibus
513 1599 645 1632 positttm,
663 1599 710 1625 sed
729 1598 875 1632 separatim
900 1598 1005 1625 involu-

208 1648 265 1670 tum
296 1644 322 1670 in
350 1651 432 1670 unum
458 1644 574 1671 locum.)
596 1644 798 1671 Linteaminum
819 1645 1003 1678 spectaculum

208 1690 320 1716 evidens
341 1694 399 1716 erat
414 1690 622 1717 resurrectionis
638 1690 767 1718 indicium
785 1690 854 1726 (37).
871 1690 1003 1723 Quoniam

209 1735 282 1762 enim
308 1735 417 1770 myrrha
439 1739 466 1763 et
489 1735 549 1763 aloe
575 1735 760 1771 conglutinata
787 1735 896 1762 fuerant
921 1735 1003 1763 lintea

210 1789 272 1809 cum
285 1781 391 1809 Domini
405 1789 520 1816 corpore
532 1782 597 1819 (vim
616 1782 780 1810 scilicet-illa
796 1783 895 1810 habent
911 1783 1004 1809 adhae-

208 1827 346 1858 rescendi,
365 1834 398 1853 ac
425 1826 533 1854 diﬂicile
559 1827 774 1862 distrahuntur),
792 1827 893 1855 divinae
920 1827 1005 1854 solius

209 1877 269 1898 erat
290 1872 400 1899 virtutis
417 1880 448 1899 ea
471 1873 549 1900 facile
563 1880 706 1900 secernere
724 1880 738 1900 a
754 1881 879 1908 corpore.
894 1873 962 1900 Nam
980 1873 1003 1901 si

209 1917 285 1944 fures
298 1917 528 1953 insidiatoresque
554 1919 680 1946 nocturni
693 1926 791 1954 corpus
803 1919 883 1947 l'urati
901 1925 1003 1952 essent,

210 1971 264 1990 non
275 1967 378 1990 tantum
391 1963 552 1991 habuissent
566 1965 623 1998 otii,
637 1970 668 1992 ut
683 1971 793 2001 possent
809 1966 885 2001 prius
901 1966 1004 1994 nudare

211 2009 338 2042 cadaver,
361 2017 424 2037 cum
445 2011 599 2045 praesertim
629 2003 741 2046 myrrha
767 2012 905 2039 conditum
931 2017 1004 2040 esset

212 2057 294 2087 atque
317 2059 485 2087 concretum,
505 2060 532 2082 et
552 2056 674 2083 custodia
702 2056 768 2083 illud
793 2062 959 2090 asservaret,
977 2061 1005 2085 et

213 2103 267 2124 tam
284 2098 380 2133 ingens
402 2107 496 2127 saxum
521 2106 728 2129 monumentum
745 2102 912 2130 Obstrueret.
928 2103 1004 2137 Quod

212 2142 234 2169 si
253 2145 439 2178 sepulcrorum
451 2146 605 2179 ell‘ossores,
617 2147 660 2174 vel
680 2152 850 2182 grassatores
869 2149 920 2176 tale
935 2150 1003 2176 faci-

1058 261 1156 296 ἀληθεί
1167 261 1240 296 λόγῳ
1253 260 1304 296 τῆς
1318 261 1448 293 πίστεως.
1466 261 1521 288 Καὶ
1538 261 1626 293 ἄλλως
1642 261 1671 288 δὲ
1687 261 1733 288 διὰ
1745 262 1841 289 τούτων

1057 307 1111 334 τῶν
1136 307 1266 344 μαθητῶν
1283 308 1330 334 καὶ
1354 307 1405 342 τῆς
1431 307 1557 342 πράξεως
1583 307 1631 334 καὶ
1655 307 1707 342 τῆς
1731 308 1842 342 θεωρίας

1058 354 1191 389 ἰδιότητες
1204 354 1371 381 δείκνυνται.
1392 353 1421 380 '0
1439 353 1489 389 μὲν
1504 353 1559 388 γὰρ
1576 353 1679 388 Πέτρος
1696 354 1843 388 ἠρνήσατο,
1886 378 1887 388 ,

1057 398 1185 434 Ἰωάννης
1206 399 1244 433 δέί
1259 399 1409 433 ἀκλόνητος
1435 399 1555 434 ἔμεινεν.
1577 399 1608 425 '0
1633 399 1682 433 μὲν
1699 399 1752 433 γὰρ
1777 407 1845 432 πρα-

1056 443 1152 476 κτικὸς
1161 430 1328 479 ἀνήρέστιν,
1337 430 1381 470 ὅτε
1395 430 1583 470 ἀπολισθαίνει
1594 430 1642 469 tofi
1653 430 1770 474 εἰκότος,
1782 430 1843 476 ῆ-δέ
1885 430 1887 487 Α

1056 489 1202 517 ἀσθένειαν
1226 489 1364 524 σώματος,
1381 488 1398 524 ἢ
1413 488 1458 515 διὰ
1474 488 1615 523 λογισμῶν
1633 488 1698 519 ίσως
1713 487 1846 522 χαυνότη-

1056 544 1090 562 τα
1106 544 1112 551 ·
1130 536 1177 562 καὶ
1190 535 1252 570 τρὶς
1266 535 1392 570 ἀρνεῖται
1407 535 1454 561 τὸν
1467 533 1581 569 Κύριον,
1595 533 1612 569 ἢ
1629 533 1700 561 κατά
1713 533 1759 559 τὸν
1769 533 1846 566 λόγον

1057 580 1140 607 αὑτὸν
1158 581 1307 615 ἀθετήσας,
1332 581 1348 616 ἢ
1379 580 1458 616 θυμῷ
1487 579 1574 613 εἴξας,
1596 580 1613 614 ἢ
1639 579 1773 614 ἐπιθυμίᾳ
1795 578 1846 604 τινὶ

1056 628 1179 662 ἀπρεπεῖ
1193 627 1426 662 δουλαγωγηθείς.
1451 626 1509 661 Ἐφ’
1529 624 1570 658 οἷς
1587 626 1600 652 ὸ
1616 625 1740 660 ἀλέκτωρ
1758 624 1848 658 ςωνή-

1057 654 1117 704 σας,
1133 673 1162 704 ὅς
1175 673 1233 699 ἐστι
1250 654 1297 699 rei?
1316 654 1469 702 συνειδότος
1522 671 1663 706 ἄγρυπνος
1685 654 1786 703 φύλαξ,
1808 669 1848 698 εἰς
1886 654 1887 691 1

1057 718 1184 754 αἴσθησιν
1200 718 1282 744 αὑτὸν
1299 717 1439 753 διεγείρει,
1457 713 1494 744 ὧν
1514 716 1740 751 ἐπλημμέλησεν.
1768 714 1797 740 '0
1822 714 1850 740 δὲ

1059 765 1128 800 μετὰ
1148 765 1200 799 τὴν
1218 764 1318 798 πρᾶξιν
1341 764 1380 798 τῷ
1404 763 1475 797 φωτὶ
1497 762 1547 796 τῆς
1565 761 1684 796 θεωρίας
1710 767 1851 790 καταυγα-

1058 811 1132 843 σθεὶς
1160 811 1211 846 τὴν
1239 810 1340 846 ψυχὴν,
1370 809 1418 836 καὶ
1450 809 1509 839 υίὸς
1531 807 1686 841 θεολογίας,
1710 807 1749 839 ὡς
1772 805 1851 840 ὁτῆς
1886 824 1887 843 1

1059 857 1175 893 βροντῆς
1194 857 1251 888 υἱὸς
1274 855 1407 890 γεγονὼς,
1438 855 1571 882 οὐδέποτε
1584 853 1632 880 τοῦ
1649 853 1743 884 εὐθέος
1761 861 1851 886 παρα-

1885 512 1887 616 l

1021 900 1042 927 Β
1058 903 1243 937 τραπήσεται.
1275 900 1359 928 Ἀλλὰ
1384 900 1433 936 τὴν
1467 898 1652 934 εὑαγγελικὴν
1675 897 1751 930 λέξιν
1775 897 1851 928 αὖθις

1058 947 1289 983 ὲτταναλᾱὸωμεν.

1095 1004 1104 1021 ι
1126 996 1182 1022 Καὶ
1196 993 1366 1030 παρακύψας
1387 993 1534 1028 βλέπειτά
1555 992 1648 1020 ὀθόνια
1671 991 1798 1026 κείμενα,
1823 990 1854 1015 οὔ

1058 1041 1152 1076 μέντοι
1168 1029 1304 1075 εἰσῆλθεν,
1341 1050 1350 1066 ν
1392 1039 1555 1076 Προέδραμε
1593 1039 1643 1073 μὲν
1677 1039 1692 1064 ό
1721 1037 1855 1067 Ἰωάννης
1886 1029 1887 1083 ‘

1056 1087 1269 1123 κραιπνοτέροις
1295 1087 1371 1119 ποσὶ,
1389 1087 1420 1113 οὐ
1439 1086 1532 1121 μέντοι
1544 1085 1600 1111 τῶν
1613 1084 1688 1111 ἔνδον
1706 1083 1857 1117 θεαμάτων

1057 1119 1163 1167 γίνεται
1172 1119 1286 1167 θεωρός.
1296 1119 1524 1166 Ὀπισθουραγῶν
1534 1131 1563 1157 δὲ
1574 1130 1677 1165 Πέτρος
1691 1129 1857 1164 ἀσθμαίνων
1886 1119 1887 1158 l

1057 1170 1191 1205 κατέλαϐε
1218 1187 1225 1194 ·
1242 1179 1290 1205 καὶ
1314 1177 1382 1204 εῐσω
1417 1177 1566 1212 γενόμενος
1594 1175 1648 1202 τῶν
1675 1175 1782 1202 ἀδύτων
1808 1173 1857 1199 ’τοῦ
1885 1188 1887 1214 (

1058 1223 1213 1258 μνήματος,
1229 1223 1281 1258 ὁρᾷ
1295 1223 1329 1249 τὰ
1346 1221 1457 1249 κάκεῖθι
1483 1221 1635 1256 μυστήρια.
1656 1220 1736 1247 Μετὰ
1759 1218 1858 1246 τοῦτον

1055 1255 1083 1295 δὲ
1161 1255 1290 1304 Ἰωάννης
1303 1268 1472 1304 εἰσέρχεται.
1488 1255 1631 1294 Οὖτωνκάν
1644 1267 1678 1302 τῇ
1691 1265 1857 1300 Τιϐεριάδος
1886 1255 1887 1290 l

1056 1315 1139 1350 λίμνῃ
1169 1314 1278 1350 πρῶτος
1313 1314 1363 1349 μὲν
1384 1314 1492 1348 ἐπέγνω
1517 1313 1563 1340 τὸν
1595 1313 1710 1347 Κύριον,
1741 1312 1790 1338 καὶ
1818 1311 1858 1345 τῷ
1886 1333 1887 1357 η

1056 1362 1154 1396 Πέτρῳ
1184 1362 1345 1397 μεμήνυκεν
1373 1369 1380 1377 ·
1410 1361 1479 1388 ἀλλὰ
1505 1361 1610 1396 Πέτρος
1639 1359 1858 1394 διανηξάμενος,
1886 1368 1887 1371 η

1057 1408 1168 1442 πρῶτος
1184 1407 1223 1442 τῷ
1239 1407 1365 1443 Δεσπότῃ
1376 1407 1513 1442 ἐνέτυχεν.

1096 1462 1105 1479 ι
1127 1453 1260 1488 Ἔρχεται
1275 1453 1323 1480 οὖν
1347 1453 1441 1488 Σίμων
1464 1453 1569 1487 Πέτρος
1583 1451 1740 1478 ἀκολουθῶν
1767 1450 1856 1485 αὐτῷ.

1056 1499 1106 1525 καὶ
1118 1498 1245 1533 εἰσῆλθεν
1258 1499 1298 1530 είς
1309 1498 1340 1524 τὸ
1358 1499 1503 1533 μνημεῖον,
1527 1498 1576 1523 καὶ
1594 1496 1694 1532 θεωρεῖ
1709 1495 1746 1523 τὰ
1762 1495 1858 1522 ὀθόνια

1057 1544 1182 1580 κείμενα,
1198 1544 1292 1571 καὶτὸ
1308 1537 1468 1578 σουδάριον,
1488 1543 1502 1570 ὃ
1519 1541 1554 1578 ἦν
1577 1543 1624 1569 ἐπὶ
1647 1544 1697 1578 τῆς
1726 1541 1859 1576 κεφαλῆς

1056 1591 1151 1624 αὑτοῦ,
1167 1591 1197 1618 οὑ
1213 1591 1282 1626 μετά
1297 1591 1351 1618 τῶν
1375 1591 1488 1617 ὀθονίων
1514 1590 1652 1625 κείμενον,
1669 1589 1740 1617 ἀλλά
1769 1590 1859 1624 χωρὶς

1056 1637 1284 1672 ἐντετυλιγμένον
1313 1638 1354 1669 είς
1379 1637 1428 1663 ἕνα
1444 1637 1538 1664 τόπον.
1558 1646 1567 1662 ι
1596 1637 1630 1663 Ἠ
1657 1637 1713 1662 τῶν
1741 1635 1860 1662 ὀθονίων

1056 1683 1104 1710 θέα
1122 1683 1244 1719 ἐναργὴς
1267 1680 1302 1718 ἧν
1317 1682 1368 1718 τῆς
1392 1681 1573 1713 ἀναστάσεως
1593 1680 1719 1713 ἔνδειξις.
1744 1680 1860 1714 Ἐπειδὴ

1055 1729 1110 1765 γὰρ
1139 1729 1246 1765 σμύρνῃ
1276 1729 1324 1756 καὶ
1353 1728 1421 1763 ἀλόῃ
1453 1727 1680 1762 ἐγχεκολλημένα
1716 1724 1792 1762 ἦσαν
1821 1726 1861 1760 τῷ

1055 1775 1217 1810 Δεσποτικῷ
1234 1774 1343 1809 σώματι
1356 1774 1392 1801 τὰ
1407 1774 1500 1800 ὀθόνια
1521 1773 1682 1809 [κολλητικὰ
1710 1772 1739 1799 δέ
1766 1772 1861 1798 ταῦτα

1056 1822 1103 1849 καὶ
1131 1820 1348 1857 documen-ra],
1369 1820 1446 1852 θείας
1475 1820 1620 1855 δυνάμεως
1649 1819 1735 1854 μόνης
1765 1815 1803 1854 ἦν
1831 1818 1862 1844 τὸ

1056 1867 1180 1895 τοιοῦτον
1198 1867 1298 1903 ῥᾳδίως
1315 1866 1387 1894 αὐτὰ
1400 1866 1448 1894 τοῦ
1465 1866 1595 1902 σώματος
1612 1866 1726 1899 ἐξελεῖν.
1752 1867 1786 1893 El
1803 1867 1862 1901 γὰρ

1057 1915 1149 1950 φῶρες
1158 1914 1206 1941 καὶ
1214 1913 1373 1950 νυκτολόχοι
1384 1913 1416 1940 τδ
1427 1914 1508 1949 σῶμα
1518 1913 1664 1950 ἐσύλησαν,
1675 1914 1705 1940 οὐ
1715 1913 1863 1947 τοσαύτην

1056 1959 1130 1995 εἶχον
1144 1959 1256 1996 σχολὴν,
1273 1959 1311 1992 ὡς
1322 1959 1501 1995 ἀπογυμνοῦν
1517 1959 1654 1996 πρότερον
1673 1959 1721 1986 τὸν
1744 1960 1864 1995 νεκρὸν,

1056 2008 1104 2034 καὶ
1121 2007 1210 2034 ταῦτα
1233 2006 1458 2043 ἐσμυρνισμένον
1483 2005 1532 2033 τοῦ
1558 2002 1697 2042 σώματος,
1725 2007 1779 2032 καὶ
1811 2006 1865 2039 τῆς

1056 2053 1226 2085 κουστωδίας
1255 2052 1444 2089 φρουρούσης,
1471 2053 1519 2079 καὶ
1545 2052 1592 2079 τοῦ
1620 2052 1707 2079 Αίθου-
1723 2052 1865 2079 τοσούτου

1056 2099 1234 2135 ἐπικειμένου
1249 2099 1289 2135 τῷ
1306 2100 1439 2135 μνήματι.
1452 2099 1489 2126 El
1505 2099 1534 2125 δὲ
1545 2098 1743 2134 τυμϐωρύχοι,
1769 2099 1788 2134 ἦ
1803 2099 1863 2125 λω-

1057 2145 1172 2173 ποδύται
1180 2146 1210 2172 τὺ
1219 2145 1340 2172 τοιοῦτον
1349 2145 1516 2181 εἰργάσαντο
1529 2145 1667 2180 τόλμημα,
1686 2144 1867 2178 μεταθέντες

212 2197 265 2216 nus
291 2192 351 2217 ausi
379 2197 482 2222 essent,
516 2193 620 2220 omisso
649 2201 764 2228 corpore
793 2194 949 2228 rapuissent
972 2203 1001 2223 ea

1077 2202 1090 2218 ν
1105 2193 1134 2219 τὸ
1151 2193 1242 2227 σῶμα,
1263 2193 1394 2228 ἥρπασαν
1421 2192 1540 2228 μάλιστα
1560 2192 1595 2219 τὰ
1613 2192 1743 2229 ἐντάφιαι
1756 2192 1807 2229 ⁷Τὸ
1837 2193 1867 2218 δὲ

212 2234 330 2262 maxime
345 2243 405 2270 qnze
421 2237 447 2263 in
468 2237 594 2271 sepulcro
607 2242 697 2265 erant.
714 2237 750 2265 Ea
768 2246 833 2265 vero
849 2239 1002 2274 relinquere

212 2283 266 2305 tam
282 2279 410 2307 decenter
428 2282 592 2316 composita,
607 2286 634 2309 et
649 2289 663 2309 a
678 2282 785 2309 caeteris
810 2282 901 2310 linteis
922 2284 1003 2310 suda-

213 2326 282 2351 rium
307 2326 470 2361 seiungere,
498 2326 580 2362 idque
605 2323 764 2355 involutum
788 2332 864 2356 certo
887 2328 914 2356 in
942 2329 1003 2357 loco

211 2377 354 2407 schnere,
372 2372 433 2412 quis
457 2372 607 2400 arbitretur
630 2381 723 2401 eorum
749 2373 833 2402 fuisse
853 2375 1002 2409 negotium,

1056 2238 1128 2265 οὕτω
1143 2239 1215 2266 κατὰ
1230 2239 1335 2274 κόσμον
1357 2239 1441 2266 ἐᾶσαι
1457 2239 1545 2271 αὐτὰ,
1563 2238 1664 2274 ﬁdem
1678 2247 1710 2264 τε
1724 2238 1785 2265 ἀπὸ
1806 2239 1869 2265 τῶν

1058 2285 1163 2312 λοιπῶν
1186 2285 1219 2312 τὸ
1234 2285 1398 2321 -σουδάριον,
1427 2285 1475 2312 καὶ
1503 2284 1730 2319 ἐντετυλιγμένον
1761 2286 1792 2311 ἐν
1824 2286 1868 2312 ἑνὶ

1060 2330 1147 2357 θεῖναι
1164 2330 1324 2366 τόπῳ,-τί;
1348 2331 1380 2358 ἂν
1405 2331 1577 2366 νεκροσύλων
1600 2330 1682 2367 ἔργον
1699 2332 1867 2366 ὴγήσαιτο;

1061 2377 1093 2403 Ἀ
1111 2376 1143 2410 δὴ
1161 2377 1250 2404 πάντα
1260 2377 1286 2403 οἱ
1300 2377 1422 2413 μαθηταὶ
1439 2377 1617 2412 λογισάμενοι
1634 2377 1827 2405 ἐπίστευσαν.

211 2421 258 2454 qui
277 2426 381 2448 mortua
399 2429 512 2456 corpora
532 2430 628 2458 rapere
641 2423 842 2451 consuessent?
857 2423 922 2456 Qua;
938 2431 1004 2451 sane
1024 2425 1115 2452 omnia
1133 2430 1293 2460 reputantes
1311 2425 1437 2461 discipuli
1457 2425 1642 2454 crediderunt.

247 2490 270 2507 ‘°
289 2490 374 2519 Marc.
393 2500 434 2525 Ill,
453 2492 495 2519 l7.

535 2492 557 2509 ⁸¹
573 2492 653 2520 Joan.
669 2501 716 2528 xx,
729 2493 756 2521 5.
795 2493 818 2510 ⁸³
831 2493 910 2522 Joan.
925 2502 980 2527 XXI,
996 2494 1022 2527 7,
1035 2494 1061 2522 8.

829 2552 993 2583 Francisci
1016 2553 1120 2584 Scorsi
1137 2557 1230 2585 notae.

249 2602 305 2636 (56)
328 2602 474 2637 Nunquam
496 2608 630 2631 evertetur
655 2611 671 2630 a
699 2608 780 2630 recto.
807 2602 859 2630 Per
879 2603 1000 2630 auxesim

211 2639 363 2664 oratoriam
376 2637 478 2665 dicttnn
497 2639 627 2674 intellige,
650 2638 792 2671 nimirum,
809 2643 838 2665 ut
852 2638 1000 2672 plurimum

211 2673 347 2708 nsuvenit,
373 2678 401 2699 ut
416 2674 462 2708 qui
480 2673 704 2707 contemplationi
729 2674 863 2700 intentum
880 2674 1002 2700 animum

212 2709 292 2742 gerit.
309 2707 444 2736 dimi-ilius
463 2709 547 2735 multo
563 2709 671 2736 labatur
689 2709 714 2735 in
741 2714 896 2743 peccaturo,
921 2716 1003 2743 quam

212 2744 257 2775 qui
276 2743 423 2769 distractus
436 2743 524 2772 solum
552 2744 579 2771 in
608 2744 738 2778 agendo:
763 2743 822 2777 ejus
834 2745 906 2771 enim
940 2748 1005 2771 sunt

214 2778 392 2812 plOt‘llVlQl‘CS
405 2779 505 2812 lapsus.

250 2812 307 2843 (37)
331 2811 443 2838 Eudean
470 2820 525 2841 erat
543 2815 743 2841 resurrectionis
769 2814 909 2841 indicium.
931 2813 1000 2841 Tota

215 2845 272 2870 ιμτυ
287 2846 459 2884 ratiocinatio
473 2849 615 2884 desumpta
630 2853 671 2875 est
685 2856 699 2875 e
721 2849 853 2884 Gregorio
869 2849 1002 2884 Nysseno,

215 2883 287 2904 oal.
311 2879 338 2910 2,
359 2879 394 2906 De
422 2881 527 2910 Rcsurr,
561 2879 711 2918 cadentque
735 2879 921 2918 Chrysostonti
949 2879 1002 2918 est,

1057 2604 1137 2638 enjus
1153 2605 1210 2631 Inec
1227 2605 1308 2631 verba
1323 2604 1357 2632 de
1372 2604 1492 2632 inventis
1511 2604 1720 2633 linteaminibus
1735 2608 1865 2634 seorsim

1057 2640 1154 2674 positis
1173 2648 1179 2666 :
1198 2639 1308 2673 Signum
1332 2640 1380 2667 hoc
1403 2641 1605 2667 resurrectionis
1620 2646 1696 2673 erat;
1713 2650 1772 2669 non
1789 2645 1866 2668 enim

1057 2674 1080 2700 si
1097 2675 1292 2701 transtulissent
1310 2683 1425 2709 corpus,
1451 2676 1614 2707 nudassent,
1639 2684 1686 2702 nn:
1715 2677 1741 2703 εἰ
1768 2683 1863 2704 essent

1057 2711 1150 2744 furati,
1166 2711 1197 2736 de
1213 2709 1261 2736 hoc
1277 2711 1388 2743 fuissent
1405 2711 1530 2741 solliciti.
1556 2717 1583 2737 ut
1604 2712 1749 2738 sudarium
1767 2713 1865 2738 iuro!-

1056 2750 1156 2775 verenl,
1174 2749 1198 2771 et
1213 2746 1323 2772 seorsim
1339 2751 1463 2778 ponerent
1481 2753 1491 2772 .'
1515 2746 1574 2772 ideo
1589 2746 1709 2773 Joannes
1722 2748 1865 2779 prarmisit

1056 2782 1187 2812 sepultum
1208 2788 1267 2806 cum
1283 2780 1403 2814 myrrha,
1424 2788 1482 2814 qua:
1496 2781 1662 2814 conglulirmt
1678 2783 1792 2813 corpori
1807 2783 1865 2809 lin-

1056 2815 1183 2846 teamina,
1201 2819 1229 2841 ut
1247 2823 1277 2841 ne
1292 2815 1447 2848 deripereris
1465 2825 1480 2842 a
1496 2815 1644 2842 dicentibus
1663 2817 1736 2848 furto
1761 2818 1864 2844 sublu-

1055 2854 1110 2910 ἱιιῖι
1131 2850 1211 2902 :qut';
1233 2850 1302 2876 enim
1325 2850 1369 2884 fur
1396 2851 1467 2879 circa
1482 2859 1534 2878 rem
1561 2851 1729 2886 superﬂuant
1749 2857 1863 2880 tantum

1066 2893 1081 2910 α
1101 2891 1205 2910 oraret.

1066 2886 1188 2911 aboraret
1197 2886 1211 2913 ξ)
