1896 3051
38 110 84 142 6ῖὸ

696 105 860 135 HOMILIA
891 107 1022 138 XXXIV.

1615 111 1670 144 6H

40 164 263 203 ὲμφιλοχωροῦσα
270 163 308 200 τῷ
319 164 452 200 μνήματι,
462 163 509 190 καὶ
519 163 688 198 περιενόστει
697 162 778 189 ἀλύου
784 172 827 195 σα,

918 171 952 189 ’t'a
971 163 1035 189 illud
1063 163 1178 192 libenter
1205 164 1347 193 immorata
1373 167 1555 201 perlnstrabat
1578 172 1667 196 omnia

41 213 82 239 καὶ
93 211 206 242 λιϐάδας
220 211 347 244 δακρύων
362 210 540 242 ἐνστάζουσα,
557 210 590 244 τῇ
603 209 724 244 ὲπιμόνῳ
740 218 826 244 προσ-

41 256 111 292 εδρίᾳ
134 255 303 291 ὑψηλότερόν
324 265 351 282 τι
376 255 568 291 καραδοκοῦσα
597 255 705 289 μαθεῖν.
733 255 777 285 Ὠς
798 255 826 281 δὲ

39 303 271 338 παραθαῤῥύνασα
298 302 410 337 ἑαυτὴν,
438 301 504 328 εἴσω
520 301 567 327 τοῦ
587 301 710 335 θεοδὸλου
738 301 828 336 παρέ-

40 350 101 384 κυψε
124 351 276 384 μνήματος,
293 348 429 383 ἀγγελικὴ
445 348 563 374 όπτασία
575 347 720 374 ἐπιπίπτει
733 347 825 378 εὐθύς.

40 396 85 422 Δύο
101 395 156 430 γὰρ
171 396 241 431 αὐτῇ
259 394 501 430 λευχειμονοῦντες
516 393 657 428 ἐφάνησαν
670 392 781 426 ἄγγελοι
797 393 826 418 ὲν

40 442 108 477 αὐτῷ
124 442 163 476 τῷ
183 441 259 476 τόπῳ
277 442 341 468 ἔνθα
356 441 387 467 τὸ
403 440 474 467 θεῖον
496 440 587 466 ἔκειτο
602 439 682 474 σῶμα
705 438 751 465 τοῦ
773 437 827 473 ’1η-

41 486 96 513 arti).
126 487 180 512 Καὶ
202 485 296 521 ἐπειδὴ
322 485 352 511 τὸ
375 485 519 520 σουδάριον
535 484 589 511 τῶν
606 484 708 511 λοιπῶν
721 483 826 519 ἐκεχώ-

40 541 122 568 ριστο,
138 532 236 568 ἅτερος
253 533 302 567 μὲν
316 533 477 567 ἐμφανίζων
491 533 560 567 πρὶς
575 531 625 567 τὴν
643 530 767 566 κεφαλὴν
779 531 827 557 καὶ

37 579 124 613 τηρῶν
140 580 170 605 τὸ
186 580 337 614 σουδάριον,
351 579 447 613 ἅτερος
461 579 489 605 δὲ
503 579 570 614 πρὸς
584 580 640 609 τοῖς
655 578 730 610 ποσὶ,
742 586 827 613 φρου‹

39 624 89 658 ρῶν
104 624 140 650 τὰ
160 624 263 651 όθὸνια.
282 624 367 651 Τοῦτο
387 624 416 650 δὲ
439 622 471 659 ἧν
488 624 541 659 ἄρα
562 623 698 658 σύμϐολον
713 623 768 649 τῶν
781 622 828 648 ἐπὶ

38 670 153 704 Χριστοῦ
177 669 223 696 δύο
248 670 374 704 φύσεων·
397 669 514 701 εἰκόνιζε
538 669 591 704 γὰρ
611 669 626 703 ή
655 668 704 703 μὲν
722 668 828 702 κεφαλὴ

38 715 81 750 τὴν
108 715 239 751 θεότητα,
266 716 291 742 ol
316 716 344 742 δὲ
383 716 463 747 πόδες
485 715 516 742 τὸ
541 715 721 750 πρόσλημμα.
741 714 828 741 Ἐπεὶ

36 761 97 794 γοῦν
110 762 296 788 κατατεθείσα
309 762 326 796 ἡ
340 761 387 788 τοῦ
401 762 489 795 Λόγου
507 761 576 796 σὰρξ
599 762 628 788 ἐν
646 761 684 796 τῷ
705 761 827 796 μνήματι

36 807 86 833 τῶν
101 807 153 842 τῆς
177 807 306 842 θεότητος
324 807 493 843 αὐχημάτων
510 808 635 843 ὑπῆρχεν
659 806 826 842 ἁχώριστος,

879 216 998 236 ιιεαιιλοιις
1013 216 1038 236 et
1056 209 1184 245 laerymis
1209 219 1323 238 manans
1335 232 1341 243 ,
1361 213 1551 248 constantique
1576 222 1669 248 porse-

883 256 1007 283 verantia
1024 256 1088 282 dum
1104 257 1247 284 sublimius
1264 258 1365 292 aliquid
1384 264 1570 293 cognosceret,
1588 268 1669 294 oppe-

877 301 1008 329 riebatur.
1029 301 1078 329 Ubi
1096 309 1160 329 vero
1177 302 1228 329 sibi
1249 303 1299 337 ipsi
1319 303 1425 330 animos
1448 305 1550 332 addens
1568 305 1593 331 in
1611 314 1670 332 mo-

878 353 1036 374 numentum
1050 347 1115 375 illud
1128 347 1282 376 divinitatis
1292 349 1440 383 hospitium
1453 350 1625 384 introspexit,
1642 352 1669 379 in

878 392 1035 426 angelorum
1054 398 1227 427 conspectum
1243 394 1333 420 subito
1350 394 1455 421 incidit.
1474 395 1531 422 Duo
1543 395 1616 422 enim
1632 396 1670 423 illi

881 437 1018 464 candidati
1037 437 1086 464 visi
1102 443 1164 464 sunt
1179 437 1267 472 angeli
1283 439 1377 465 eodem
1397 439 1422 465 itt
1445 439 1518 472 loco,
1536 440 1580 467 ubi
1598 442 1672 475 posi-

879 487 934 509 tum
957 482 1045 510 ftterat
1062 490 1162 517 corpus
1177 483 1252 510 Jesu.
1281 483 1313 510 Et
1336 484 1463 518 quoniam
1491 485 1629 512 sudarium
1657 495 1672 512 ει

878 529 988 556 cteleris
1010 529 1215 556 linteaminibus
1231 529 1383 563 sejunctum
1400 535 1468 562 erat,
1484 531 1551 557 alter
1563 532 1672 565 quidem

879 576 912 600 ad
938 577 1020 608 caput
1049 574 1123 601 visus
1143 573 1285 601 sudarium
1302 581 1415 601 servans
1427 594 1435 606 ,
1457 575 1527 601 alter
1542 576 1573 601 ad
1591 576 1672 610 pedes

879 622 1036 650 custodiens
1051 622 1217 649 linteamina.
1238 620 1295 649 Hoc
1306 630 1372 650 vero
1388 623 1504 651 fortasse
1516 623 1629 652 duarum
1644 624 1672 652 in

879 667 987 695 Christo
1005 673 1164 694 naturarum
1178 668 1330 704 symbolum
1347 673 1402 696 erat
1416 676 1422 701 ;
1440 677 1502 695 natn
1519 674 1598 704 caput
1612 671 1674 704 qni-

879 713 939 740 dem
961 713 1145 746 divinitatem,
1163 714 1244 748 pedes
1266 721 1330 740 vero
1354 719 1519 748 assumptum
1535 715 1673 750 significa-

880 760 944 786 bant
958 767 1080 786 caruetn.
1097 760 1230 793 Quoniam
1249 760 1330 795 igitur
1352 760 1378 786 iu
1400 765 1577 788 montnncnlo
1590 762 1674 797 depo«

880 806 930 833 sita
946 805 1027 833 Verbi
1051 813 1114 834 caro
1140 814 1154 833 ιι
1181 806 1264 841 gloria
1292 806 1443 834 divinitatis
1467 807 1589 841 sejttucta
1618 816 1672 835 non

36 852 79 878 τοῦ
97 853 236 880 Δεσπότου
252 854 297 880 τὸν
315 855 398 881 τόπον
410 852 453 881 οἷα
466 854 590 881 παστάδα
609 853 827 888 περιεφρούρονν

918 851 1038 884 sistebat,
1054 850 1088 878 ad
1103 852 1206 879 Domini
1229 852 1330 884 locum,
1353 852 1436 879 veluti
1459 853 1494 879 ad
1523 852 1672 879 thalamum

35 898 57 923 et
79 897 205 931 ἄγγελοι,
232 897 389 929 δεικνύντες
413 899 447 933 τῇ
470 897 629 933 μυροφόρῳ,
651 897 692 923 ὅτι
707 896 744 931 μὴ
762 896 828 932 ψιλὴ

36 943 101 979 σὰρξ
132 944 160 970 ἐν
178 943 216 979 τῷ
239 944 318 979 τάφῳ
344 943 490 977 ἐτέθαπτο,
514 942 667 977 ὑποστῆναι
690 942 828 977 δυναμένη

36 990 148 1025 κλοπήν.
164 990 219 1017 Καί
236 999 281 1024 μοι
296 989 343 1016 τοῦ
362 990 527 1025 πράγματος
543 988 680 1023 ἀγάσθητι
695 989 725 1015 τὸ
738 989 830 1024 παρά-

35 1035 106 1067 δοξον
121 1043 128 1050 ·
150 1036 208 1067 πῶς
223 1036 320 1072 Πέτρῳ
338 1037 387 1071 μὲν
404 1036 452 1062 καὶ
470 1036 583 1071 Ἰωάννῃ
602 1035 663 1061 κατ’
682 1033 765 1069 αὐτὴν
780 1034 829 1070 τὴν

36 1080 107 1115 ὥραν
135 1082 318 1116 προεφιστᾶσι
346 1081 415 1115 μόνα
439 1079 587 1115 ὠράθησαν
610 1079 643 1105 τὰ
673 1079 775 1111 ὀθόνια,
792 1079 830 1111 ὡς

36 1126 132 1159 ἐδόκει,
149 1128 215 1162 παρ’
230 1126 336 1158 οὐδενὸς
351 1127 559 1161 φυλαττόμενα;
573 1126 603 1152 Ol
616 1125 670 1160 γὰρ
679 1124 747 1160 ἱεροὶ
759 1125 828 1157 νόες,

36 1173 124 1199 καίτοι
152 1173 298 1207 παρόντες,
338 1171 409 1208 ἦσαν
436 1173 573 1199 ἀθέατοι·
597 1173 629 1207 τῇ
660 1172 688 1198 δὲ
718 1172 831 1206 γυναικὶ

36 1219 131 1253 γέγονε
148 1221 183 1245 τὰ
195 1219 245 1254 τῆς
260 1219 394 1251 ὀπτασίας
412 1218 590 1253 ἀντίστροφα,
611 1218 650 1245 Τὰ
668 1219 721 1254 γὰρ
735 1218 829 1244 ὀθόνια

35 1260 242 1300 ὑπεκρύὸησαν,
262 1266 286 1292 οἱ
302 1265 331 1292 δὲ
353 1265 464 1300 ἄγγελοι
486 1264 628 1301 ὤφθησαν.
646 1265 745 1297 Διατί;
769 1265 830 1291 Ὅτι

34 1311 88 1341 τοῖς
105 1310 158 1345 μὲν
172 1311 309 1346 μαθηταῖς
324 1310 449 1344 μείζονος
464 1308 524 1336 οὖσι
551 1310 730 1345 φρονήματος
749 1310 829 1345 ἱκανὴ

34 1358 100 1392 πρὸς
129 1357 319 1393 πληροφορίαν
341 1355 375 1392 ἦν
398 1357 452 1383 τῶν
478 1356 593 1383 ὀθονίων
611 1357 626 1391 ἡ
653 1356 715 1382 θέα”
733 1350 783 1390 τῆς
803 1356 831 1382 δὲ

34 1403 165 1437 γυναικὺς
196 1403 245 1438 τὴν
277 1403 424 1430 ἀσθένειαν
459 1402 536 1437 μόλις
571 1401 603 1428 ἂν
635 1402 744 1428 ἔπεισεν
770 1401 832 1436 ὄψις

34 1449 181 1484 ἀγγελικὴ,
200 1449 248 1476 καὶ
260 1448 330 1484 αὑτὴ
341 1448 387 1474 τοῦ
407 1447 494 1484 Ἰησοῦ
511 1449 527 1483 ἡ
548 1447 694 1482 ὲμτάνεια.
713 1447 793 1478 Ἴσως
803 1446 832 1473 δὲ

33 1495 79 1521 καὶ
98 1495 127 1521 οι
152 1494 290 1530 μαθηταὶ,
312 1496 336 1520 εἰ
362 1494 412 1530 τὴν
438 1494 605 1529 προσεδρίαν
626 1495 675 1528 τῆς
700 1493 831 1526 γυναικὸς

31 1541 117 1576 ὲμιμή
124 1549 217 1572 σαντο,
232 1540 281 1576 τῆς
292 1540 353 1574 ῐσης
370 1540 404 1567 ἂν
417 1539 617 1574 ἀποκαλύψεως
633 1539 740 1575 ἔτυχον.

880 900 1051 925 excubabant
1076 898 1180 933 angeli;
1200 903 1228 926 ut
1247 899 1375 926 nimirum
1398 898 1503 926 mulieri
1528 900 1674 935 unguenti-

881 944 944 972 fera:
960 943 1123 974 intlicarrnl.
1149 951 1202 971 non
1223 944 1321 972 nudam
1345 952 1455 972 carnem
1480 945 1506 971 in
1522 953 1554 972 eo
1571 946 1674 973 tumqu

881 989 965 1017 fuisse
982 991 1128 1026 sepultam,
1155 990 1191 1017 ita
1209 994 1237 1016 ut
1251 990 1384 1025 rapientis
1399 991 1533 1018 violentia:
1547 991 1674 1026 subjace-

882 1040 932 1062 ret.
947 1035 980 1063 Et
994 1043 1058 1064 vero
1075 1036 1140 1063 illud
1162 1036 1187 1063 in
1207 1036 1257 1063 huc
1280 1036 1352 1063 facto
1368 1037 1556 1063 admirandum
1584 1038 1674 1065 consi-

881 1081 944 1108 dera
962 1090 968 1108 :
984 1081 1028 1116 qui
1045 1081 1116 1109 enim
1132 1081 1212 1108 Petro
1238 1089 1270 1109 ac
1301 1081 1401 1108 Joanni
1415 1102 1422 1114 ,
1440 1084 1484 1116 qui
1503 1083 1597 1110 eadem
1616 1084 1674 1117 ipsa

882 1128 947 1155 hora
964 1130 997 1154 ad
1013 1128 1167 1162 sepulcrum
1182 1127 1336 1160 adfuerant,
1355 1129 1414 1156 sola
1428 1128 1510 1156 lintea
1524 1129 1580 1156 visa
1598 1134 1673 1161 sunt,

882 1181 897 1201 a
917 1173 1036 1205 nemine,
1052 1179 1080 1200 ut
1096 1173 1249 1207 videbatur,
1262 1174 1423 1201 asservata?
1444 1175 1552 1203 Sancta;
1569 1175 1675 1203 scilicet

883 1225 987 1246 tuentes
1002 1220 1127 1254 quamvis
1142 1224 1292 1254 praesentes
1309 1225 1396 1251 erant,
1413 1220 1500 1247 Oculis
1519 1227 1608 1248 tamen
1621 1229 1674 1248 non

882 1264 1082 1298 objiciebantur
1096 1274 1103 1292 :
1127 1271 1156 1292 at
1169 1273 1233 1293 vero
1245 1265 1350 1293 mulieri
1373 1266 1485 1294 visionis
1500 1267 1571 1294 ratio
1586 1259 1687 1294 omnis

883 1318 923 1339 est
937 1316 1116 1338 conunutata.
1132 1311 1171 1338 llli
1188 1312 1260 1338 enim
1274 1311 1434 1338 linteamina
1449 1313 1558 1346 quidem
1575 1313 1675 1345 invisa,

883 1358 970 1392 angeli
984 1365 1049 1384 vero
1065 1358 1115 1384 visi
1136 1357 1256 1385 fuerunt.
1276 1357 1345 1390 Quid
1364 1357 1431 1385 hoc?
1449 1356 1583 1384 Nimirum
1603 1357 1676 1392 quod

883 1402 1024 1437 discipulis
1038 1407 1132 1436 utpote
1144 1402 1357 1436 sapientioribus
1370 1402 1438 1430 satis
1454 1403 1487 1430 ad
1501 1408 1602 1430 certam
1618 1403 1676 1438 ple-

884 1455 1002 1482 namque
1020 1447 1233 1476 resurrectionis
1259 1448 1337 1475 fidem
1354 1447 1508 1476 faciendam
1533 1454 1591 1475 erat
1614 1455 1678 1482 spe-

884 1498 973 1521 classe
988 1493 1162 1527 linteamina;
1180 1494 1333 1521 infirmitati
1353 1502 1417 1522 vero
1429 1495 1552 1523 mulieris
1567 1494 1610 1524 vix
1625 1502 1678 1524 an-

845 1536 866 1564 C
884 1539 1004 1575 gelorutu
1016 1540 1098 1572 visio,
1115 1545 1143 1568 et
1153 1541 1211 1575 ipsa
1228 1539 1291 1568 Jesu
1306 1541 1442 1575 apparitio
1461 1542 1494 1569 ad
1505 1543 1675 1570 suadendum

32 1590 108 1614 satis.
126 1587 208 1623 245
225 1587 354 1614 Fortasse
366 1593 429 1627 vero
442 1587 524 1615 etiam
536 1586 660 1623 discipuli
687 1587 710 1614 si
744 1586 865 1613 mulieris
883 1587 1114 1621 perseverantiam
1131 1586 1229 1614 imitati
1247 1585 1373 1620 fuissent,
1385 1585 1503 1621 ejusdem
1515 1589 1597 1616 etiarn
1613 1597 1675 1625 par-

32 1635 129 1668 tit-ipes
146 1634 261 1661 visionis
275 1634 400 1661 fuissent.

70 1681 102 1706 Ἦ
118 1680 172 1715 μὲν
186 1679 233 1706 οὖν
249 1679 354 1716 Μαρία,
368 1679 540 1713 ἐκπλαγεῖσα
554 1681 587 1716 τῇ
608 1681 698 1716 μορφῇ
713 1679 768 1707 τῶν
782 1680 832 1715 ἀγ-

30 1726 117 1759 γέλων
143 1724 283 1758 καὶάὖος
308 1727 449 1761 γεγονυῖα,
481 1725 520 1761 τῷ
540 1725 687 1761 παραδόξῳ
713 1725 831 1760 θεάματι

31 1773 188 1807 ὑπότρομος
204 1772 309 1798 ἵστατο”
325 1773 349 1799 οἱ
364 1772 393 1799 δὲ
411 1772 535 1806 ἄγγελοι,
551 1772 661 1804 λύοντες
675 1771 761 1807 αὐτὴν
777 1772 829 1807 τῆς

29 1819 174 1852 ἀγωνίας,
202 1818 413 1855 φιλοπευστοῦσι
443 1819 523 1854 δῆθεν
552 1820 603 1854 τὴν
621 1819 675 1845 τῶν
702 1818 829 1854 δακρύων

30 1865 123 1891 αἰτίαν
145 1865 253 1900 μαθεῖν,
280 1865 324 1891 διὰ
347 1865 397 1899 τῆς
420 1865 572 1900 ἐμφανείας
596 1864 644 1891 καὶ
669 1864 718 1898 τῆς
735 1864 828 1899 φωνῆς

29 1911 188 1944 ἀπάγοντες
204 1910 290 1945 αὐτὴν
305 1909 353 1936 τοῦ
364 1910 471 1937 οἴεσθαι
488 1909 627 1944 κλαπῆναι
646 1909 692 1935 τὸν
707 1909 809 1944 Κύριον
820 1928 828 1936 .

31 1966 40 1982 ι
57 1956 157 1988 Γύναι,
178 1956 205 1982 τί
218 1956 342 1989 κλαίεις;
361 1965 370 1981 ι
391 1956 423 1982 Τί
438 1955 561 1991 νομίζεις
586 1954 691 1990 κλοπὴν
709 1955 830 1990 ὑποστῆ-

29 2011 73 2028 ναι
88 2004 138 2029 τὸν
156 2002 210 2028 ὑπὸ
219 2002 348 2028 τοιούτων
358 2001 488 2036 φυλάκων
506 2001 726 2037 φρουρούμενον;
743 2002 828 2037 Ὁρᾷς

28 2049 169 2082 ἀγγέλους
198 2048 390 2083 ὲφεζομένους,
416 2048 464 2074 ἕνα
494 2048 563 2083 πρὸς
584 2048 618 2082 τῇ
642 2048 760 2083 κεφαλῇ,
782 2048 830 2088 καλ

28 2094 75 2120 ἕνα
91 2094 166 2129 πρὸς
178 2095 234 2126 τοῖς
249 2094 325 2127 ποσὶ,
343 2093 392 2120 καὶ
412 2093 562 2129 συληθῆναι
575 2093 696 2128 νομίζεις
709 2093 755 2120 τὸν
775 2093 828 2128 θη-

29 2140 152 2175 οαυρόνς
173 2140 230 2166 Καὶ
254 2140 296 2171 τίς
315 2136 394 2171 οὗτος
410 2139 577 2175 νεκροσύλης
593 2139 714 2175 ἀναιδὴς,
732 2139 830 2174 ἢτυμ-

28 2184 160 2220 σωρύχος
189 2183 310 2219 θρασὺς,
335 2184 373 2216 ὠς
399 2183 514 2219 βασιλέα
545 2184 643 2219 κλέψαι
674 2184 829 2219 παρατάξει

918 1680 1001 1708 Maria
1013 1681 1096 1715 igitur
1111 1680 1378 1717 angelorum-specie
1393 1682 1555 1717 stupefacta,
1572 1688 1599 1711 et
1615 1684 1674 1712 ino-

881 1726 973 1761 pinato
991 1725 1036 1753 illo
1051 1726 1220 1761 spectaculo,
1246 1726 1360 1754 horrore
1388 1735 1420 1755 ac
1437 1730 1564 1762 {tremore
1593 1736 1675 1756 occu-

880 1776 942 1806 pata
962 1771 1062 1799 stabat.
1074 1773 1110 1799 At
1122 1779 1186 1800 Vero
1198 1773 1297 1807 angeli,
1311 1777 1342 1801 ut
1356 1781 1415 1801 eam
1433 1774 1467 1801 ab
1480 1774 1524 1801 illa
1536 1775 1674 1803 anxietate

880 1817 1039 1850 liberarent,
1057 1817 1234 1846 sciscitantur
1260 1818 1342 1845 veluti
1370 1820 1461 1854 cupidi
1488 1822 1674 1856 cognoscendi

880 1862 913 1890 de
924 1869 1005 1890 causa
1017 1863 1200 1898 lacrymarum
1214 1872 1221 1891 :
1235 1868 1264 1891 ut
1276 1869 1388 1899 aspectu
1399 1865 1479 1892 simul
1504 1873 1535 1894 ac
1548 1875 1674 1895 sermone

880 1909 915 1936 ab
929 1917 960 1936 ea
977 1909 1050 1937 illam
1067 1909 1194 1944 opinione
1209 1910 1384 1944 deducerent,
1411 1913 1483 1947 quod
1505 1913 1580 1941 illinc
1602 1920 1676 1942 esset

880 1955 953 1982 furto
968 1955 1091 1983 sublatus
1116 1955 1259 1983 Dominus.
1287 1966 1296 1982 ι
1315 1956 1422 1991 Mulier,
1448 1958 1511 1992 quid
1536 1959 1646 1993 ploras?
1661 1969 1671 1986 ι

881 1999 950 2033 Quid
981 2000 1053 2028 reris
1077 2000 1224 2027 obnoxium
1250 2000 1324 2028 furto
1351 2001 1437 2029 fuisse
1459 2009 1540 2036 eum,
1568 2003 1614 2038 qni
1639 2004 1674 2031 ab

883 2046 1039 2080 huiusmodi
1056 2046 1263 2074 excubitoribus
1277 2046 1451 2074 custoditur!
1472 2048 1549 2076 vides
1562 2050 1674 2084 angelos

884 2100 967 2119 ιιιιιιιιι
988 2093 1020 2119 ad
1036 2096 1129 2127 caput,
1147 2092 1180 2119 ad
1199 2093 1280 2127 pedes
1294 2093 1410 2120 alterum
1433 2094 1618 2128 considentes,
1645 2099 1673 2123 et

884 2137 1020 2166 sublatum
1036 2138 1192 2165 thesaurum
1209 2138 1372 2166 existimas?
1385 2139 1453 2172 Quis
1465 2147 1530 2166 vero
1549 2144 1603 2167 tatu
1620 2140 1673 2168 itu-

883 2185 988 2219 pudens
1005 2191 1172 2211 mortuorum
1187 2189 1289 2219 raptor,
1306 2189 1333 2212 et
1359 2185 1523 2213 tumulorum
1547 2186 1671 2218 elfossor.

27 2232 170 2266 ἀγγελικῇ
184 2230 387 2266 φυλαττόμενον
399 2239 406 2264 ;
434 2230 504 2257 Ἀλλ’
517 2228 551 2266 ἦν
567 2230 646 2266 ἄραὴ
661 2231 827 2266 Μαγδαληνὴ

941 2237 1032 2264 regem
1060 2233 1167 2264 raperet
1195 2229 1353 2264 angelorum
1375 2230 1434 2258 acie
1453 2232 1674 2260 communitum?

27 2277 162 2304 τοσοῦτον
178 2277 291 2312 ἠλίθιος,
307 2278 345 2309 ὼς
359 2277 444 2313 μηδέν
458 2285 485 2304 τι
499 2277 553 2303 τῶν
573 2277 659 2304 ὄντων
678 2277 710 2304 ἐκ
731 2276 828 2304 τούτου

28 2323 310 2358 καταστοχάσασθαι·
341 2323 381 2350 ἔτι
405 2324 460 2358 γὰρ
483 2324 534 2358 τῆς
560 2323 647 2359 αὐτῆς
667 2323 831 2359 ὑπολήψεως

27 2370 132 2404 εἴχετο,
150 2369 198 2395 καί
213 2377 279 2404 φησι
297 2376 304 2384 ·
328 2378 337 2395 ι
357 2367 450 2405 Ἦραν
465 2369 511 2395 τὸν
527 2369 630 2404 Κύριόν
649 2378 712 2404 μου,
725 2370 831 2397 καὶούκ,

27 2413 87 2440 οἴδα
105 2414 163 2440 ποῦ
177 2414 280 2450 ἔθηκαν
299 2414 392 2442 αὐτόν.
412 2424 422 2441 ι
448 2414 482 2441 Ὃ
499 2414 633 2450 πρότερον
648 2413 710 2441 εἷπε
733 2415 830 2450 Πέτρῳ

28 2462 76 2486 καὶ
105 2461 231 2496 Ἰωάννῃ,
247 2461 327 2488 τοῦτο
342 2462 389 2489 καὶ
408 2463 465 2493 τοῖς
488 2461 615 2496 ἀγγέλοις
640 2461 726 2488 λαλεῖ.
745 2461 827 2495 Ἀλλ’,

27 2506 49 2532 ὼ
64 2507 116 2541 τῆς
132 2506 220 2542 καλῆς
236 2507 401 2542 καρτερίας]
418 2506 440 2534 ὣ
459 2508 508 2542 τῆς
520 2507 667 2541 ἐπαινετῆς
677 2507 829 2543 ξπολυπρα-

26 2553 190 2588 γμοσύνηςῐ
213 2552 244 2579 οὺ
272 2554 402 2588 παρεῖδεν
428 2552 515 2590 αὐτὴν
537 2554 552 2580 ὁ
572 2552 742 2588 ποθούμενος
756 2561 763 2568 ·
779 2553 830 2579 οὐκ

878 2276 930 2304 Sed
943 2281 1002 2303 erat
1019 2276 1113 2310 utique
1125 2281 1178 2303 tam
1192 2276 1275 2303 hebes
1297 2272 1463 2312 lllugdalena,
1480 2282 1507 2305 ut
1533 2278 1598 2305 nihil
1614 2278 1673 2312 ejus

879 2322 951 2356 quod
964 2329 1007 2349 res
1021 2326 1090 2355 erat,
1105 2329 1151 2358 ex.
1166 2322 1216 2350 hoc
1240 2326 1351 2357 caperet
1375 2323 1539 2357 argumenti.
1567 2322 1594 2350 Ιιι
1621 2331 1671 2351 sua

880 2368 951 2395 enim
963 2367 1091 2402 opinione
1103 2368 1251 2395 etiamnum
1264 2368 1440 2403 persistebat,
1455 2375 1483 2396 et
1503 2378 1512 2395 ι
1529 2369 1669 2403 Tulerunt,

882 2412 981 2447 inquit,
1010 2413 1153 2440 Dominum
1177 2420 1278 2444 meum.
1303 2418 1330 2441 et
1345 2414 1439 2442 nescio
1461 2415 1504 2442 ubi
1524 2421 1672 2450 posuerunt

881 2466 955 2486 eum.
986 2469 996 2485 ι
1026 2459 1102 2493 Quod
1126 2464 1204 2488 antea
1229 2459 1310 2487 Petro
1334 2468 1366 2487 ac
1379 2460 1489 2494 Joanni,
1506 2461 1576 2488 idem
1599 2469 1672 2489 nunc

883 2508 984 2543 angelis
998 2508 1074 2537 dicit.
1092 2508 1206 2542 Verum,
1229 2516 1246 2537 ο
1269 2508 1427 2542 praeclaram
1442 2511 1632 2544 constantiam,
1654 2518 1671 2539 ο

884 2553 1046 2581 laudabilem
1063 2554 1265 2581 curiositatem!
1286 2561 1338 2582 non
1359 2561 1420 2582 eam
1442 2555 1558 2590 neglein
1581 2557 1604 2583 is
1624 2557 1670 2591 qui

652 2622 815 2653 Francisci
833 2623 938 2654 Scorsi
956 2627 1050 2653 notas.

27 2693 86 2720 lam
104 2700 173 2720 vero
188 2692 210 2718 si
227 2685 290 2726 quid
306 2698 339 2718 ex
355 2690 477 2725 profanis
495 2690 615 2718 fontibus
630 2690 750 2718 atl'banc
769 2699 823 2718 rem

28 2725 273 2758 hauriendum,“
291 2726 340 2761 ipsi
357 2727 482 2753 dicebant
505 2726 607 2753 atnicos
631 2734 694 2752 suos
711 2725 782 2753 ferre
799 2728 825 2753 in

26 2764 129 2794 oculis,
158 2763 183 2789 in
205 2770 234 2788 se
259 2763 297 2788 sic
321 2761 427 2788 locutus
450 2761 484 2792 Ο.
508 2761 603 2788 Cicero
628 2761 653 2787 in
682 2762 765 2794 epist.
792 2761 827 2788 ad

25 2798 163 2824 T-rcuem
177 2806 185 2823 -.
201 2796 246 2829 Te,
265 2801 291 2822 ut
307 2796 374 2828 diri,
392 2795 447 2829 fero
464 2796 492 2822 in
508 2795 600 2821 oculis.
625 2794 660 2822 M.
679 2796 775 2822 Cicero
792 2797 825 2822 ad

27 2835 120 2867 ipsum
134 2832 294 2866 Quiuctum,
304 2831 416 2858 Balbum
427 2831 452 2858 in
463 2831 546 2858 oculis
559 2831 625 2865 fero,
637 2835 665 2858 ct
674 2830 750 2865 Ten,
761 2836 827 2864 etc.,

877 2691 1002 2719 Eunucb.
1023 2692 1078 2720 Rex
1092 2697 1116 2719 te
1127 2700 1188 2728 ergo
1204 2693 1230 2719 in
1248 2694 1332 2721 oculis
1343 2695 1356 2721 7
1370 2691 1444 2720 Orat.
1457 2701 1505 2728 pro
1522 2694 1618 2721 Planc.
1635 2694 1669 2721 de

879 2727 911 2753 iis
934 2727 981 2762 qtti
998 2729 1081 2754 atnari
1099 2727 1204 2760 volu’ut.
1224 2729 1292 2756 dixit
1315 2728 1351 2756 Μ.
1371 2727 1476 2756 Tullius
1493 2729 1575 2760 idem,
1593 2730 1670 2755 habi-

879 2767 933 2823 ιιιιὶε
955 2763 982 2789 in
998 2764 1082 2790 oculis
1108 2771 1209 2797 eorum,
1230 2772 1295 2799 quos
1315 2764 1344 2791 in
1365 2772 1480 2791 amarem
1503 2765 1543 2791 sui
1565 2764 1669 2791 (ra/tae

880 2804 909 2824 ro
924 2802 980 2824 unt.
