1896 3051
196 1619 204 1624 ,
243 1599 331 1633 ittquit
342 1617 350 1630 ,

243 123 297 153 6⁷ῖό

244 226 298 251 into
314 224 432 257 dentrrgi
451 224 474 250 is
489 223 532 256 qui
549 226 608 249 erat
626 221 652 248 in
669 221 829 257 quastione,
841 222 886 248 sed
900 220 1032 248 fervidum

244 269 407 298 desiderium
424 269 516 295 videns
528 268 598 295 ultro
609 267 647 295 illi
659 268 750 295 adest.
777 277 786 294 ι
801 267 937 295 Conversa
963 268 1033 294 enini

244 322 328 348 retro,
354 315 427 342 videt
449 313 542 341 Jesutn
568 318 702 341 stantem:
719 318 747 341 et
772 320 825 340 non
844 313 947 341 sciebat
971 313 1034 347 quia

243 362 322 389 .lesus
349 365 400 388 est.
420 369 430 386 ι
459 360 529 393 Quid
558 368 622 388 vero
640 360 712 387 illattt
742 359 863 393 adduxit,
887 364 916 387 ut
939 360 1034 386 initutn

243 413 305 434 cum
330 405 432 440 angelis
449 405 613 439 colloquium
632 405 817 436 intercideret,
831 409 859 432 et
884 409 1034 432 retrorsum

243 459 304 480 sese
332 450 523 478 converteret?
547 450 586 477 Ex
613 450 671 485 ipso
687 454 797 484 aspectu
819 449 966 484 habituque
981 456 1029 474 att-

242 498 365 533 gelorutn
382 497 526 532 quemdam
554 495 606 522 sibi
639 495 720 523 dorso
735 495 920 522 imminentem
938 494 1033 521 sensit.

241 544 395 571 Accedente
406 543 478 570 enim
490 543 603 570 Domino
612 541 699 577 angeli
711 542 800 569 statim
815 545 1034 573 assurrexerunt,

243 589 395 616 indicantes
427 594 554 623 aspectus
582 589 749 621 mutatione,
779 587 840 622 quis
870 587 1033 614 advertisset.

242 635 303 669 Quo
317 642 382 663 sane
396 635 454 662 viso
471 633 554 661 Maria
570 638 597 661 et
611 633 670 668 ipsa
684 635 820 660 convertit
835 633 969 665 obtutum,
986 639 1035 658 nec

235 674 310 710 Vvero
336 681 456 716 agnovit,
473 681 534 715 quis
558 684 640 712 esset,
669 680 714 715 qui
741 687 800 706 eattt
831 679 1033 712 interrogabat:

246 736 255 753 ι
274 727 382 759 Mulier,
399 726 590 761 quid‘ploras?
610 733 690 760 quem
714 725 834 759 quaeris?
852 735 861 751 ι
881 725 927 752 Vel
951 725 1035 752 nimio

242 773 295 800 diei
320 773 473 807 splendore,
495 772 536 799 vel
551 771 697 799 ﬂuentibus
711 771 814 798 allatint
840 771 967 806 lacrytnis
988 770 1035 797 ob-

244 823 303 846 tusa
320 818 459 845 oculorum
476 818 550 850 acie;
577 825 625 845 seu
642 818 733 852 potius
751 817 849 844 factum
874 817 900 843 id
926 821 969 844 est
994 816 1035 843 di-

847 117 1094 148 THEOPHANIS
1115 117 1287 147 CERAMEI
1831 115 1869 147 676

244 183 304 206 erat
323 185 349 204 in
378 176 533 210 desiderio;
560 182 609 203 nec
633 175 759 210 permisit
781 174 808 202 in
836 174 1027 202 ittcredulitati:

1089 175 1179 210 ἀφῆκε
1195 176 1228 210 τῇ
1244 174 1358 210 ἀπιστίᾳ
1383 173 1543 208 βυθίζεσθαι
1563 174 1577 200 ό
1599 173 1774 209 ζητούμενος
1791 182 1798 189 ·

1821 183 1869 202 ειν]

1085 221 1130 246 τὸν
1162 220 1258 251 ζέοντα
1288 219 1371 246 πόθον
1409 219 1490 251 ίδὼν,
1523 219 1688 254 αὐτομάτως
1724 219 1868 253 ἐφίσταται,

1088 275 1097 291 t
1116 266 1272 300 Στραφεῖσα
1288 266 1343 300 γὰρ
1356 265 1455 296 ὀπίσω,
1470 265 1563 300 βλέπει
1577 265 1622 292 τὸν
1639 265 1749 300 Ἰησοῦν
1766 265 1870 298 ἑστῶτι,

1086 313 1133 338 καὶ
1149 312 1198 338 οὐκ
1213 311 1270 346 ᾔδει
1282 312 1324 338 ὅτι
1347 311 1450 347 Ἰησοῦς
1465 313 1533 338 ἐστι.
1549 321 1558 337 i
1577 312 1609 338 Τί
1629 312 1658 339 δὲ
1669 312 1700 338 τὸ
1719 313 1824 338 πεῖσαν
1835 313 1872 338 αἱ-

1085 357 1134 392 τὴν
1160 357 1324 392 καταλεῖψαι
1351 357 1401 394 τὴν
1428 358 1486 393 μετ’
1516 358 1642 392 ἀγγέλων
1665 358 1813 391 διάλεξιν,
1837 361 1872 384 tu".

1087 403 1260 439 ὑποστρέψαι
1283 405 1324 436 εἰς
1342 405 1375 432 τὰ
1398 405 1501 437 (mlcet;
1526 405 1574 431 ‘Ex
1606 406 1656 440 τῆς
1676 404 1733 431 τῶν
1756 405 1872 438 ἀγγέλων

1086 447 1174 481 ὅψεως
1194 447 1304 475 καὶτοῦ
1325 449 1465 484 σχήματος
1483 449 1582 484 ᾔσθετό
1602 458 1675 481 τινος
1699 450 1874 476 ἐπισκιάσει-θ-

1086 502 1130 525 το;
1151 494 1219 529 αὐτῇ
1238 494 1269 520 τὺ
1291 495 1473 530 μετάφρενον.
1492 495 1670 527 Ἐπιστάντος
1690 496 1748 530 γὰρ
1764 494 1815 521 τοῦ
1832 496 1874 522 Ku-

1087 540 1158 575 ρίου,
1177 541 1204 566 οἱ
1224 540 1335 574 ἄγγελοι
1352 541 1433 572 εὐθὺς
1461 541 1510 576 τῆς
1525 541 1660 576 καθέδρας
1686 541 1836 576 ἀνέθορον,
1849 544 1874 577 τῇ

1089 586 1230 622 μεταεολῇ
1249 588 1299 622 τῆς
1317 587 1404 622 ὅψεως
1419 588 1465 614 τὸν
1482 587 1632 614 ἐπιστάντα
1646 587 1836 622 δηλώσαντες.
1850 589 1874 614 '0

1087 633 1118 667 δὴ
1135 633 1232 668 Μυρίσ.
1255 633 1414 668 θεασαμένη
1434 633 1483 669 τὴν
1497 633 1559 668 ὄψιν
1577 633 1752 668 ὑπέστρεψεν
1769 641 1777 648 ⁸
1790 633 1821 659 οὗ
1834 634 1877 668 μὴν

1086 677 1204 712 ἐπέγνω,
1220 678 1261 710 τίς
1277 676 1312 714 ἦν
1333 680 1346 705 ὁ
1364 678 1522 713 πυθόμενος
1535 686 1542 693 ·
1565 688 1574 704 ι
1601 678 1693 711 Γύναι,
1711 679 1737 705 τί
1762 678 1877 710 κλαίεις

1086 724 1147 751 τίνα
1177 724 1283 759 ζητεῖςς
1305 735 1314 751 ›
1332 725 1389 759 Τῆς
1415 734 1445 752 τε
1465 725 1572 761 ἡμέρας
1596 725 1821 760 διαυγαζούσης,
1841 726 1878 750 tui

1078 770 1137 806 si};
1164 771 1253 805 ὂψεως
1279 772 1312 806 τῇ
1342 772 1391 806 ῥοῇ
1417 771 1470 797 τῶν
1500 771 1628 806 δακρύων
1655 771 1876 806 ἀμϐλυνομέεσης,

1089 816 1190 850 μᾶλλον
1214 816 1242 842 δὲ
1269 816 1321 851 τῆς
1344 817 1420 848 θείας
1446 817 1588 852 δυνάμεως
1616 817 1697 844 τοῦτο
1726 818 1876 851 οἱκο-ιομίι.

243 865 312 891 vinze
337 864 464 898 potentia
477 863 666 897 dispositione.
686 871 695 888 ι
715 862 825 895 Mulier,
841 862 904 897 quid
925 862 1027 897 ploras‘

1090 870 1100 887 (
1116 861 1210 893 Γύναι,
1227 861 1253 887 τί
1279 861 1404 895 κλαίεις;
1425 862 1486 888 τίνα
1508 861 1616 897 ζητεῑςς
1633 870 1642 887 ι
1668 861 1878 896 ὲπιπλήττο-ιτῄ

242 918 323 944 quem
339 911 438 945 qumris
448 909 474 935 ?t
490 909 717 944 reprehendentis
727 909 807 937 verba
819 914 892 942 sunt,
907 914 934 936 et
949 909 1035 936 incre-

242 956 382 982 dulitatem
398 955 588 989 exprobrantis
603 963 610 981 :
630 954 670 982 sic
690 955 762 982 ettim
780 955 854 981 visus
869 959 911 982 est
925 954 1033 982 dicere:

241 1000 310 1027 Cttttt
333 1008 374 1034 me
390 1007 441 1026 una
457 1007 517 1026 cum
537 999 590 1026 a'lia
604 998 689 1026 Maria
714 999 815 1026 videris
829 998 895 1034 (40),
909 1005 937 1026 et
952 1000 1035 1034 pedes

241 1045 328 1074 fueris
341 1045 505 1081 amplexata,
519 1045 601 1073 etiam
619 1052 690 1072 nunc
705 1045 731 1073 in
750 1045 879 1080 ambiguo
893 1044 1036 1073 versaris?

242 1091 296 1119 Sed
326 1099 415 1126 neque
440 1091 679 1126 reprehensionem
697 1090 798 1123 sensit,
822 1097 872 1117 nec
889 1090 976 1124 ipsum
996 1089 1036 1117 lo-

241 1143 368 1173 quentem
386 1137 517 1172 agnovit;
534 1137 696 1164 existimans
711 1143 777 1164 vero
793 1137 866 1164 illitis
882 1137 954 1164 horti
974 1143 1035 1164 esse

240 1184 325 1220 246
339 1189 505 1216 curatorem,
530 1183 569 1210 ait
593 1182 653 1211 illi:
681 1192 691 1209 ι
712 1182 740 1209 Si
754 1187 784 1210 tu
798 1182 933 1210 sustulisti
958 1189 1033 1214 eum,

242 1232 326 1258 dicito
351 1230 427 1263 tttihi,
454 1230 498 1256 ubi
524 1229 639 1263 posuisti
658 1235 738 1261 eum,
765 1233 793 1256 et
820 1235 870 1264 ego
892 1235 954 1255 eum
983 1227 1034 1255 tol-

240 1276 306 1303 lam.
323 1285 332 1301 ι
349 1276 422 1303 Bene
437 1276 525 1311 ipsum
544 1275 678 1310 reputavit
692 1275 763 1303 horti
778 1275 911 1302 cultorem
927 1281 1033 1302 :novus

241 1322 341 1357 quippe
364 1325 424 1348 erat
439 1322 535 1354 Adam,
559 1322 605 1356 qni
624 1321 740 1356 primum
758 1320 832 1348 illuni
849 1321 921 1348 horti
945 1320 1033 1348 culto-

242 1375 311 1400 rem,
341 1373 422 1401 atque
449 1367 589 1394 custodem
607 1367 691 1400 illius,
717 1366 840 1402 inquam,
858 1367 929 1394 ltorti
948 1366 1030 1394 Edent

244 1418 330 1441 totum
356 1415 382 1440 itt
403 1421 431 1440 se
446 1418 603 1448 receperat:
628 1418 656 1440 et
680 1413 706 1440 iit
721 1413 802 1440 horto
819 1413 933 1440 tradittts
949 1418 975 1440 et
1004 1414 1031 1440 in

242 1460 321 1486 horto
336 1459 458 1495 sepultus
474 1459 572 1492 fuerat,
588 1463 617 1485 ut
630 1459 759 1486 nimirum
778 1459 896 1494 paradisi
922 1460 1028 1486 hortum

242 1505 342 1532 iterum
358 1505 462 1531 Adamo
486 1504 641 1540 largiretur.
671 1513 681 1530 ι
698 1504 727 1531 Si
751 1510 776 1531 tu
793 1505 928 1532 sustulisti
956 1513 1030 1538 eunt,

243 1552 326 1579 dicito
342 1551 418 1583 tttilti,
440 1551 484 1578 ubi
509 1551 623 1585 posuisti
651 1558 724 1578 euttt.
756 1560 765 1576 ι
786 1551 855 1584 Quid
883 1555 1030 1584 mortuum,

387 1598 449 1625 ltittc
478 1598 661 1625 transtulisti?
687 1605 720 1624 an
755 1597 907 1624 abhorrens
931 1598 1031 1632 ipsum,

241 1651 293 1672 nec
320 1644 345 1670 itt
369 1648 414 1670 tuo
431 1643 506 1670 illum
527 1643 606 1670 ltorto
628 1642 721 1677 jacere
748 1641 830 1670 facile
845 1649 953 1677 passus,
985 1649 1033 1676 per

243 1696 433 1726 coatemptum
457 1695 484 1718 et
513 1690 645 1718 incuriam
671 1698 731 1717 ettnt
761 1690 887 1724 abjecisti
913 1690 1033 1724 insepul-

243 1737 320 1764 tum?
347 1737 390 1764 dic
421 1736 487 1763 tttilti
519 1743 573 1770 quo
601 1743 662 1764 eum
686 1735 890 1769 transposuisti,
915 1740 944 1762 ut
964 1742 1032 1762 onus

241 1784 304 1816 hoc,
320 1783 391 1818 quod
405 1782 486 1810 facile
499 1782 642 1816 complecti
668 1782 746 1814 ulnis;
760 1786 787 1809 et
800 1787 907 1816 gestare
926 1786 1030 1816 potero,

239 1836 297 1863 quo
313 1828 423 1856 voluero
441 1828 500 1862 ipsa
516 1832 665 1862 reportent.
691 1827 761 1860 Quid
787 1827 868 1862 igitur
888 1827 1033 1854 Salvator?

242 1874 328 1902 Tanta
353 1881 414 1901 eam
432 1873 531 1901 mentis
545 1873 675 1901 tarditate
691 1873 789 1905 teneri,
816 1880 866 1900 nec
881 1873 1030 1908 quidquam

241 1922 275 1948 de
303 1922 504 1948 resurrectione
530 1921 650 1955 cogitare
677 1921 782 1952 videns,
808 1920 866 1947 sola
890 1920 1032 1954 compella-

242 1968 314 1995 tione
332 1974 390 1994 eatn
412 1967 515 1994 excitat
530 1967 563 1993 ad
590 1966 658 1994 bene
672 1967 854 1994 sentiendum.
875 1976 884 1992 (
902 1966 997 1999 Maria,
1016 1976 1025 1992 ι

242 2021 375 2040 conversa
393 2021 503 2040 suavem
519 2012 592 2040 illaut
607 2020 698 2039 vocem
715 2013 835 2048 agnovit,
853 2017 881 2040 et
904 2013 1030 2040 omnibus

241 2059 378 2087 cumulata
394 2058 494 2086 laetitiis
510 2059 659 2094 respondit,
678 2068 686 2084 ι
704 2058 842 2093 Magister.
860 2068 869 2084 )
885 2057 952 2086 Cum
970 2058 1029 2093 pri-

242 2112 317 2132 mum
343 2109 500 2132 consuetam
530 2107 640 2140 agnovit
669 2105 874 2136 salutationem,
901 2106 1030 2133 continuo

241 2147 430 2176 immaculalos
463 2148 524 2176 illos
554 2149 641 2183 pedes'
660 2153 752 2176 tenere
788 2149 944 2181 festinavit,
982 2151 1029 2178 sed

1088 908 1146 934 ἐστι
1162 908 1192 934 τὸ
1216 907 1307 943 ῥῆμα,
1324 909 1372 935 καὶ
1393 909 1443 944 τὴν
1469 909 1601 935 ἀπιστίαν
1626 909 1877 941 κατονειδίζοντες·

1086 953 1160 980 ἔοικε
1177 953 1231 989 γὰρ
1252 953 1333 980 τοῦτο
1359 953 1451 980 λαλεῖν
1468 963 1475 969 ·
1499 955 1579 981 Μετὰ
1600 957 1649 990 τῆς
1664 954 1751 990 ἄλλης
1775 955 1881 990 Μαρὲ;ς

1088 998 1248 1033 θεασαμένη
1281 1007 1327 1034 με,
1359 999 1407 1026 καὶ
1436 1000 1500 1031 τοὺς
1528 1000 1611 1033 πόδας
1635 1002 1819 1036 κρατήσασα,
1849 1002 1881 1027 ἔτι

1088 1044 1182 1079 μένεις
1210 1044 1376 1079 ἀμφίϐολο;;
1396 1062 1398 1067 ι
1421 1045 1494 1072 Ἀλλ’
1530 1046 1592 1072 οὕτε
1626 1046 1676 1081 τῆς
1708 1047 1881 1082 ἐπιπλήξεως

1086 1089 1194 1125 ᾔσθετο,
1222 1089 1285 1117 οὔτε
1319 1091 1400 1118 αὑτὸν
1429 1092 1538 1126 ἐπέγνω
1569 1093 1615 1119 τὸν
1645 1093 1764 1127 λέγοντα.
1785 1102 1793 1109 ·
1829 1095 1881 1127 air,-

1085 1136 1164 1163 θεῖσα
1179 1137 1209 1163 δὲ
1231 1137 1277 1164 τὸν
1306 1137 1352 1164 τοῦ
1381 1139 1471 1164 ὲκείσε
1497 1139 1588 1174 κήπου
1619 1138 1689 1166 εἶναι
1714 1140 1881 1175 μελεδωνὸν.

1085 1182 1162 1217 λέγει
1196 1183 1272 1218 αὐτῷ
1300 1191 1307 1198 ·
1334 1194 1342 1210 ι
1373 1185 1405 1210 El.
1440 1186 1473 1211 σὺ
1499 1185 1653 1218 ἐβάστασας
1681 1187 1790 1219 αὑτὸν,
1828 1187 1881 1213 εἰπέ

1089 1238 1134 1264 μοι
1169 1230 1220 1256 ποῦ
1264 1229 1366 1265 ἔθηκας
1401 1231 1503 1264 αὐτὸν,
1544 1232 1622 1267 κάγὼ
1657 1233 1741 1260 αὐτὸν
1780 1234 1856 1269 ἀρῶ.
1874 1244 1881 1258 ι

1086 1274 1187 1306 Καλῶς
1211 1275 1294 1301 αὐτὸν
1318 1276 1458 1311 κηπουρὸν
1483 1277 1654 1304 ὑπετόπασεν
1667 1286 1674 1293 ι
1692 1279 1754 1310 νέος
1773 1279 1835 1315 γὰρ
1854 1277 1881 1313 ἦν

1091 1320 1187 1356 Ἀδὰμ,
1212 1321 1258 1347 τὸν
1275 1322 1386 1356 πρῶτον
1401 1323 1542 1358 κηπουρὸν
1567 1324 1615 1350 καὶ
1630 1323 1755 1358 φύλακα,
1770 1325 1824 1351 τὸν
1839 1325 1881 1358 τῆς

1090 1367 1171 1402 Ἐδὲμ
1190 1367 1278 1403 κήπου
1302 1367 1362 1394 ὃ).ον
1387 1369 1588 1404 ἀναδεξάμενος
1599 1377 1605 1384 ·
1619 1370 1667 1396 καὶ
1684 1371 1713 1396 ἐν
1733 1371 1824 1405 κήπῳ
1837 1379 1881 1396 πσ-

1087 1413 1221 1447 ραδοθεὶς,
1238 1414 1286 1440 καὶ
1309 1414 1339 1440 ἐν
1358 1415 1440 1449 κήπῳ
1469 1416 1640 1448 κατα-τεθεὶς,
1664 1416 1708 1442 ἵνα
1725 1417 1777 1443 τὸν
1795 1418 1881 1451 κῆπον

1081 1459 1129 1486 τοῦ
1144 1460 1311 1495 παραδείσου
1327 1460 1366 1496 τῷ
1389 1461 1478 1497 Ἀδὰμ
1494 1461 1573 1493 αὖθις
1587 1462 1753 1498 χαρίσηται.
1771 1473 1780 1489 ι
1804 1464 1836 1490 Εἰ
1854 1466 1881 1491 α)

1083 1505 1238 1537 ἐϐάστασας
1253 1507 1346 1541 αὑτὸν,
1363 1507 1424 1533 είπέ
1438 1517 1495 1543 μοι,
1514 1508 1567 1535 ποῦ
1579 1509 1682 1543 ἔθηκας
1693 1510 1798 1538 αὐτόν.
1819 1521 1829 1536 ι
1853 1512 1881 1537 Τί

1086 1552 1253 1587 μετέθηκας,
1273 1553 1350 1588 φησὶ,
1366 1554 1413 1580 τὸν
1428 1555 1543 1590 νεκρόν;
1566 1554 1785 1592 βδελυττόμενος
1806 1558 1879 1589 ἴσως,

1084 1598 1132 1624 καὶ
1148 1599 1185 1635 μὴ
1201 1599 1287 1626 θέλων
1302 1601 1331 1626 ὲν
1346 1599 1385 1634 τῷ
1408 1600 1490 1635 κήπῳ
1506 1609 1553 1627 σου
1578 1601 1690 1629 κεῖσθαι
1715 1602 1817 1635 αὐτὸν,
1838 1613 1881 1630 χι

1084 1645 1226 1680 ὀλιγώρως
1251 1647 1299 1671 καὶ
1324 1646 1433 1681 ἀκηδῶς
1458 1646 1574 1682 ἔρριψας
1598 1647 1719 1682 ἄταφον;
1741 1649 1807 1675 εἰπέ
1828 1659 1881 1684 μοι,

1083 1691 1136 1718 ποῦ
1147 1691 1242 1718 τοῦτον
1260 1692 1425 1727 μετέθηκας,
1441 1693 1483 1718 ἵνα
1496 1693 1565 1728 αὐτὴ
1583 1693 1613 1719 τὺ
1629 1694 1788 1727 εὐάγκαλον
1801 1697 1879 1722 ταῦτα

1084 1736 1194 1771 φορτίον
1211 1735 1383 1770 βαστάσασα,
1397 1737 1580 1771 μετακομίσω
1603 1737 1667 1764 ἔνθα
1680 1738 1712 1774 δὴ
1732 1738 1881 1774 βούλομα..

1083 1783 1115 1808 Τί
1142 1782 1188 1808 οὖν
1214 1783 1228 1808 ὁ
1253 1782 1370 1817 Σωτήρ;
1400 1782 1527 1820 Τοσαύτῃ
1564 1784 1664 1819 νωθεία
1691 1785 1881 1821 ἐνισχυμέξτηι

1082 1829 1166 1865 ὁρῶν,
1188 1830 1235 1855 καὶ
1253 1829 1355 1864 μηδένα
1378 1829 1508 1865 λογισμὸν
1530 1831 1579 1866 τῆς
1604 1831 1785 1864 ἀναστάσεως
1805 1834 1881 1869 ἔχου·

1084 1884 1144 1907 σαν,
1165 1875 1210 1901 διὰ
1238 1875 1324 1910 μόνης
1348 1875 1400 1910 τῆς
1423 1875 1547 1911 κλήσεως
1571 1878 1705 1912 ἐπανάγει
1733 1880 1826 1914 αὐτὴν
1846 1882 1881 1911 εἰς

1084 1921 1272 1956 συναίσθησιν.
1302 1930 1311 1947 ι
1334 1921 1451 1957 Μαρία·
1476 1931 1486 1949 ι
1515 1924 1667 1958 στραφεῖσα
1693 1924 1807 1959 ἐπέγνω
1836 1928 1881 1961 τῇ

1082 1967 1213 2001 γλυκεῖαν
1238 1966 1342 2002 φωνὴν,
1369 1967 1415 1993 καὶ
1434 1968 1467 1994 ἑκ
1485 1968 1649 2003 περιχαρίας
1670 1969 1748 2003 μάλα
1777 1971 1881 2005 πολλῇ

1082 2012 1220 2048 ἀπεκρίθη
1233 2020 1240 2027 ο
1269 2021 1278 2038 ι
1296 2013 1446 2040 Διδάσκαλε
1462 2022 1469 2029 ·
1488 2023 1498 2040 ι
1526 2014 1677 2048 ἐπιγνοῦσα
1699 2016 1731 2042 τὸ
1761 2016 1881 2053 σύνηθες

1082 2059 1243 2094 πρόσρημα,
1265 2059 1312 2086 καὶ
1335 2060 1394 2095 ἅμα
1410 2059 1526 2096 ὥρμησε
1554 2061 1609 2088 τῶν
1630 2062 1779 2097 ἀχράντων
1795 2063 1881 2090 αὑτοῦ

1082 2103 1214 2131 λαϐέσθαι
1230 2104 1319 2131 ποδῶν
1333 2113 1340 2122 ·
1357 2105 1427 2132 ἀλλὰ
1451 2106 1502 2140 τῆς
1527 2107 1712 2142 ἐγχειρήσεως
1736 2108 1881 2144 εἴργεται

1083 2151 1131 2176 καὶ
1155 2150 1273 2177 ἀκούει·
1299 2160 1308 2177 ι
1328 2151 1373 2186 Μή
1394 2160 1444 2187 μου
1460 2152 1561 2181 amoti.
1581 2162 1590 2178 i
1612 2153 1658 2188 Μὴ
1671 2156 1881 2192 προσεγγίσῃςη

242 2196 277 2220 ab
310 2193 356 2220 illo
383 2198 481 2221 conatu
512 2193 682 2228 prohibetur,
707 2199 734 2221 et
760 2195 856 2221 audit:
888 2204 897 2220 ‹
913 2195 971 2222 Noli
989 2204 1027 2224 me

1087 2197 1163 2231 φησι,
1183 2196 1251 2232 μηδὲ
1277 2197 1398 2232 ἅψασθαι
1415 2199 1551 2234 πειραοῇς
1563 2207 1570 2214 ·
1598 2199 1694 2234 οὐγὰρ
1709 2200 1753 2227 ἑτι
1774 2204 1881 2237 σαρκδη

241 2243 362 2273 tangore,
383 2248 393 2264 ι
428 2238 467 2266 Ne
502 2240 714 2274 appropinques,
750 2240 846 2274 inquit,
875 2247 963 2275 neque
989 2249 1032 2269 me

240 2289 353 2320 tangere
378 2289 517 2320 attentes;
545 2293 600 2313 tton
628 2287 700 2313 enim
725 2287 806 2314 etiam
836 2295 909 2314 nuttc
937 2288 1028 2315 carttis

1081 2243 1206 2277 ἐπιφέρω
1220 2243 1379 2278 παχύτητα,
1397 2243 1435 2275 ὡς
1452 2245 1533 2279 ἁφαῖς
1548 2245 1712 2272 ὑποκεῖσθαι
1723 2247 1788 2279 ταῖς
1806 2250 1881 2280 σαῖς

1079 2288 1140 2316 Κᾶν
1151 2288 1245 2324 τρόπῳ
1265 2290 1500 2324 συγκαταὸἀσεως
1517 2291 1570 2326 πρὸ
1585 2292 1686 2328 μικροῦ
1700 2293 1766 2324 τοὺς
1788 2294 1881 2328 iuni;

858 2363 1020 2395 Francisci
1037 2364 1138 2396 Scorsi
1156 2369 1251 2396 notat.

276 2422 335 2459 (40)
358 2422 424 2459 Cum
443 2430 494 2459 me,
511 2430 566 2459 1mg
588 2431 648 2450 cum
672 2425 727 2451 alia
744 2423 834 2452 Maria
862 2425 965 2453 uideris.
993 2427 1031 2453 ita

240 2457 456 2494 distinguithatc
472 2458 529 2485 visa
546 2457 736 2494 Theophanes,
754 2467 808 2486 non
831 2460 891 2487 sine
915 2461 1030 2487 aliorum

223 2492 362 2520 'vcteru’m
379 2492 488 2521 Patrum
502 2492 684 2527 auctoritate;
705 2492 737 2521 de
760 2495 860 2529 quibus
881 2495 943 2522 vide
959 2497 1030 2522 dicta

242 2529 316 2556 ltont.
327 2528 384 2561 μεθ,
398 2534 454 2555 not.
470 2529 499 2565 2,
515 2529 542 2561 5,
558 2535 586 2555 ut
604 2528 833 2565 censeatMai‘iant
844 2529 1030 2565 Magdalenant

241 2571 294 2600 una
307 2571 368 2590 cum
380 2565 465 2590 altera
479 2564 564 2600 Maria
578 2571 689 2600 vespere
704 2564 817 2600 sabbati
830 2565 919 2600 primo
931 2566 1029 2598 etisse,

241 2598 328 2632 iisque
350 2600 525 2626 redeuntibus
545 2599 685 2626 Christum
712 2598 836 2627 oblatum'
859 2601 884 2626 iit
913 2600 966 2626 via.
993 2599 1030 2628 De

240 2641 294 2667 qua
315 2634 419 2660 visione
434 2633 530 2660 Matth.
546 2641 606 2668 cap.
627 2635 674 2661 ult.
693 2634 794 2661 Deinde
810 2636 917 2662 venisse
935 2643 1027 2668 mane,

240 2673 270 2695 ut
296 2669 334 2694 ait
357 2667 435 2696 Joau.
460 2676 520 2702 cap.
542 2667 588 2699 xx,
613 2673 642 2695 et
665 2675 727 2696 tunc
751 2671 783 2696 ad
812 2667 1026 2702 monumentum,

239 2703 362 2739 secundo
383 2705 468 2730 visutti
493 2705 527 2730 ab
544 2711 574 2730 ea
592 2704 730 2730 Christum
758 2705 927 2737 redivivum,
948 2710 1028 2739 atque

240 2738 276 2764 ita
294 2739 415 2772 procedit
434 2740 570 2766 sententia
591 2738 674 2774 hujus
696 2739 758 2771 loci,
784 2747 836 2773 quo
856 2738 1027 2774 objurgatant

241 2773 286 2798 his
302 2773 390 2799 verbis
415 2781 429 2799 a
457 2773 566 2808 Christo
589 2773 774 2808 Magdalenam
795 2775 861 2801 dicit
878 2773 968 2801 {Cum
988 2783 1028 2801 me

242 2814 295 2844 tina
319 2815 377 2844 cum
397 2808 451 2833 alia
476 2807 564 2844 Maria
581 2808 686 2841 videris,
708 2814 762 2836 etc.
787 2809 884 2836 Verum
898 2810 1026 2844 probabi-

244 2839 295 2867 lius
323 2842 438 2875 videtur,
463 2842 533 2876 quod
556 2839 738 2871 censent-alii
765 2839 948 2879 Magdaletiant
973 2852 1026 2872 una

1082 2433 1143 2454 eunt
1169 2428 1276 2455 caeteris
1302 2428 1462 2465 mulieribus
1482 2431 1589 2458 venisse
1611 2431 1729 2465 primum
1754 2432 1788 2458 ad
1817 2440 1881 2461 mo.

1082 2468 1262 2502 ttttitte_tttuiti_,_
1281 2468 1309 2490 et
1330 2464 1442 2502 invento
1467 2472 1554 2502 vacuo
1572 2464 1720 2502 sepulcro.
1751 2467 1881 2502 visisqut

1081 2497 1184 2535 angelis
1198 2499 1312 2526 rediisse
1337 2500 1489 2526 nuntiatum
1511 2497 1653 2535 discipulis
1668 2509 1727 2535 qua:
1747 2497 1875 2530 viderint

1081 2537 1108 2557 et
1125 2532 1267 2559 audierant
1283 2541 1291 2560 :
1308 2534 1403 2560 deinde
1418 2542 1480 2561 cum
1503 2532 1587 2562 Petro'
1598 2541 1624 2562 et
1647 2532 1752 2563 Joanne
1767 2544 1818 2563 eas
1834 2546 1881 2565 rei

1081 2573 1172 2603 versas
1184 2569 1303 2595 secundo
1315 2570 1346 2594 ad
1366 2575 1581 2603 monumentum,
1592 2576 1618 2597 et
1633 2578 1693 2597 cum
1709 2571 1775 2598 visis
1794 2575 1881 2600 ntotls

1081 2600 1286 2641 linteaminibus
1304 2611 1437 2641 regressa:
1453 2605 1514 2631 aliae
1529 2600 1589 2631 cum
1606 2606 1748 2641 discipulis
1767 2613 1881 2638 essent,

1078 2638 1214 2677 restitisse
1233 2638 1429 2677 Magdalenain,
1446 2645 1476 2666 ut
1494 2645 1589 2666 narrat
1604 2638 1736 2677 Joannes,
1770 2642 1881 2669 vidisse

1078 2674 1193 2704 pritnatn
1222 2680 1342 2698 omitttutt
1375 2674 1535 2707 Christum,
1568 2679 1595 2701 et
1621 2676 1759 2702 concitato
1783 2680 1881 2708 gradu

1078 2712 1231 2733 assecutum
1258 2714 1371 2735 caeteras
1394 2710 1420 2734 in
1447 2712 1489 2736 via
1513 2711 1617 2736 tardius
1646 2711 1817 2742 incedente»,
1846 2719 1881 2738 cl

1078 2742 1198 2780 secundo
1214 2750 1343 2780 tllltlrculll
1360 2745 1466 2771 caneris
1482 2745 1581 2771 vidisse
1596 2744 1734 2772 Christum
1751 2751 1778 2772 et
1795 2748 1881 2773 Ατεςτε

1077 2778 1111 2812 ab
1126 2776 1172 2802 illo
1187 2779 1337 2812 accepisse,
1360 2784 1386 2805 et
1413 2785 1522 2810 caetera,
1549 2780 1586 2806 uti
1602 2787 1697 2807 narrat
1714 2781 1881 2808 Hallba’lI5.

1077 2810 1165 2851 Atque
1191 2810 1363 2840 ltmc'brevis
1388 2821 1493 2851 summa
1522 2815 1601 2847 hujus
1629 2817 1752 2842 Ittstorim
1787 2825 1881 2851 quam

1076 2846 1184 2878 plenius
1203 2853 1403 2882 persequuntur
1419 2846 1592 2884 interpretes,
1609 2857 1679 2884 quos
1694 2852 1768 2878 vide.
