1896 3051
24 126 71 159 (81
676 122 844 153 HOMlLIA
862 121 978 152 XXXV.

1593 119 1650 151 632

24 185 54 222 ἦν
69 187 82 212 ὁ
98 183 240 219 ἄνθρωπος
254 183 308 218 πρὸ
321 182 369 217 τῆς
382 181 578 216 παραϐάσεως,
592 178 655 210 τοὺς
672 180 802 213 προῦφαν-

875 176 970 203 livinus
987 174 1114 209 pelliceas
1131 172 1247 208 appellat
1260 172 1364 215 tunicas
1375 172 1444 208 (i7),
1470 173 1515 209 qui
1532 173 1566 201 ad
1595 183 1654 202 na—

25 232 116 260 οἑντας
141 228 260 264 χιτῶνας
288 226 527 261 ἀπεκδυσάμενος.
561 224 723 255 Ἀνάστασις
753 223 806 258 γάρ

24 276 92 302 ἐστιν
120 274 136 309 ἡ
159 274 200 305 εἰς
224 272 255 299 τὸ
281 273 397 307 ἀρχαῖον
420 270 645 301 ἀποκατάστασις
667 276 674 283 ·
704 268 738 304 ἢν
761 269 809 295 καὶ

24 319 99 354 ἡμεῖς
115 315 324 352 ἀπεκδεχόμεθα
340 318 368 343 ὲν
381 317 414 351 τῇ
431 314 630 349 παλιγγενεσία
642 313 746 346 λαϐεῖν,
759 313 809 349 χά-

24 373 73 398 ριτι
91 363 139 390 τοῦ
154 362 451 399 μεταστοιχειώσαντος
466 362 502 388 δι’
517 360 616 388 ἑαυτοῦ
637 359 685 387 καὶ
699 359 808 394 ἀφθαρ-

23 410 144 441 τίσαντος
159 409 210 445 τὴν
234 408 318 443 φύσιν
332 408 422 444 ἡμῶν,
442 407 491 434 τοῦ
519 406 635 443 Κυρίου,
659 405 706 432 καὶ
727 405 806 438 Θεοῦ,

22 456 67 482 xxi.
88 457 215 490 Σωτῆρος
230 455 310 490 ἡμῶν
334 454 422 490 Ἰησοῦ
445 452 578 489 Χριστοῦ,
605 450 627 486 ᾧ
648 453 665 487 ἡ
686 451 751 485 δόξα
766 451 808 483 εἰς

8 495 80 535 {co-lt;
100 501 202 533 αιῶνας
217 501 272 527 τῶν
286 500 404 528 αἰώνων.
426 500 523 535 Ἀμήν.

864 227 951 249 turam
966 225 1088 248 nostram
1106 219 1302 247 restituendam
1319 219 1403 250 venit,
1430 218 1515 246 factus
1536 224 1579 247 est
1592 221 1654 254 qui-

864 269 924 295 dem
949 267 1020 302 quod
1043 265 1128 293 Adam
1145 269 1204 300 post
1219 265 1463 300 transgressionem
1480 265 1536 300 (48)
1553 273 1560 292 :
1579 271 1650 300 post-

862 320 942 346 quam
959 318 1056 344 passus
1071 314 1123 342 est,
1141 314 1168 337 et
1182 310 1334 337 resurrexit
1350 309 1507 337 reformavit
1527 315 1652 338 naturam

863 358 920 394 (49)
936 358 969 385 ad
985 358 1022 390 id,
1048 357 1118 392 quod
1136 361 1196 384 erat
1220 356 1300 384 homo
1320 361 1384 383 ante
1409 356 1653 391 transgressionem

861 411 964 432 exuens
977 403 1081 430 tunicas
1096 403 1167 435 fante
1182 406 1333 429 contextas.
1346 401 1519 429 Resurrectio
1534 401 1607 428 enim
1625 401 1652 428 in
1671 432 1683 441 ι,

861 450 1007 485 pristinum
1020 452 1122 476 statum
1136 452 1178 476 est
1190 448 1327 476 restitutio
1342 457 1349 475 :
1363 455 1443 482 quam
1454 453 1482 475 et
1495 447 1522 474 in
1539 455 1653 483 regene-

863 495 968 522 ratione
981 494 1109 529 consequi
1120 499 1320 528 exspectamus,
1335 494 1420 529 gratia
1429 494 1487 527 ejus
1501 494 1546 528 qui
1563 501 1610 528 per
1624 502 1654 520 se

22 549 104 582 ipsum
124 547 293 580 reformavit,
312 551 339 575 et
363 547 566 581 incorruptione
597 545 708 573 donavit
728 548 854 572 naturam
882 547 1013 577 nostram,
1036 541 1155 574 Domini,
1180 545 1207 568 et
1236 540 1283 568 Dei
1304 540 1453 569 Salvatoris
1481 541 1568 569 nostri
1587 540 1654 569 Iesu

20 596 130 629 Christi,
150 595 194 623 cui
212 595 296 630 gloria
316 595 341 622 in
356 595 453 623 srecula
469 593 641 622 saeculorum.
662 593 759 620 Amen.

306 652 428 680 OMlAlA
446 651 510 685 ΛΕ¹⁵

211 711 264 743 Εἷς
281 710 312 737 τὸ
332 709 461 736 ἔννατον
477 707 612 735 ἑωθινόν.

54 779 61 794 ι
82 767 173 802 Οὔσης
182 767 264 802 ὀψίας
279 768 311 802 τῇ
330 766 424 803 ἡμέρᾳ
441 766 543 802 ἐκείνῃ.
558 767 591 800 τῇ
606 765 656 800 μιᾷ
671 764 724 792 τῶν
739 763 809 797 Σαϐ-

14 816 122 847 εάτων,
139 815 184 841 καὶ
199 815 253 841 τῶν
269 813 360 849 θυρῶν
376 813 598 848 κεκλεισμένων,
616 811 683 838 ὅπου
700 809 769 846 ἦσαν
785 810 809 837 οἱ

1120 646 1263 675 llOMlLlA
1283 646 1392 675 XXXV.

1087 705 1121 732 In
1137 713 1234 732 nonum
1251 706 1426 732 matutinum.

896 773 906 791 ι
932 765 997 792 Cum
1017 770 1079 792 sero
1097 767 1170 790 esset
1183 763 1226 790 die
1243 762 1288 789 illa
1301 782 1308 795 ,
1338 770 1393 790 una
1410 763 1610 797 Sabhatoruin,
1627 770 1654 793 ct

863 812 937 840 fores
965 816 1058 839 essent
1083 811 1203 842 clausae.
1230 810 1275 838 ubi
1292 816 1370 838 erant
1388 811 1512 845 discipuli
1538 819 1653 848 congre-

14 861 139 897 μαθηταὶ
154 859 331 895 συνηγμένοι.
348 869 357 885 ι
376 859 511 894 Ζητητέον
527 858 582 889 τοῖς
597 857 651 884 τῶν
666 856 747 892 ιερῶν
757 857 802 883 Δο-

875 859 918 893 ;ati
935 859 969 886 θ’.
990 867 999 884 ι
1020 858 1202 892 Quaerendum
1229 858 1336 885 videtur
1352 857 1386 884 iis
1412 858 1457 892 qui
1482 865 1561 886 sacra
1578 866 1655 886 scru-

15 908 81 941 γίων
95 907 265 939 ἐξετασταῐς,
278 906 322 933 διὰ
335 906 361 931 τί
376 906 435 936 ταῖς
451 905 500 941 μὲν
515 905 632 938 γυναιξὶ,
649 903 808 931 ἀνατείλαν-

13 963 59 985 τος
78 954 128 980 τοῦ
152 953 246 988 ἡλίου,
271 952 319 980 καὶ
343 952 443 987 ὄρθρου
469 951 565 986 βαθέος
589 950 667 985 ὤφθη
691 949 826 988 Χριστὸςἰ

13 1000 84 1035 μετὰ
98 999 148 1035 τὴν
162 999 320 1031 ἀνάστασιν,
343 998 400 1028 τοῖς
423 997 451 1023 δὲ
477 995 622 1031 μαθηταῖς,
645 994 734 1030 πέρας
758 993 809 1028 ἤδη

9 1045 143 1077 λαϐόντος
162 1045 209 1071 τοῦ
229 1042 360 1080 ἡμερινοῦ
380 1042 574 1078 διαστήματος.
594 1041 649 1068 Καὶ
668 1041 739 1067 κατὰ
760 1039 810 1074 μὲν

10 1092 42 1118 τδ
58 1091 112 1126 τῆς
130 1091 251 1127 ἱστορίας
270 1089 426 1122 ἀκόλουθον,
446 1088 594 1123 ἐπειδήπερ
610 1087 681 1117 εἰκὸς
697 1083 731 1121 ἦν
747 1085 810 1116 τοὺς

9 1137 154 1171 μαθητὰς,
170 1137 276 1172 ἡμέρας
295 1135 346 1171 μὲν
362 1135 441 1163 ἄλλον
457 1133 575 1169 ἀλλαχοῦ
592 1131 808 1163 διασκίδνασθαι,

8 1183 47 1215 ὡς
58 1182 121 1209 ἐστι
134 1182 335 1218 τεκμαίρεσθαι
349 1182 403 1208 ἀπὸ
418 1181 472 1207 τῶν
489 1179 678 1215 πορευθέντων
689 1179 729 1209 εἰς
743 1178 810 1212 Ἐμ-

11 1229 102 1263 patri;
116 1236 124 1243 '
144 1229 183 1260 εἰς
200 1228 229 1254 ἓν
252 1228 281 1254 δὲ
299 1227 398 1259 αὐτοὺς
415 1227 533 1261 συνῆγεν
550 1227 567 1261 ὴ
586 1225 633 1258 νύξ
646 1233 652 1240 ·
670 1225 715 1252 διὰ
731 1224 810 1250 τοῦτο

8 1275 94 1310 ὀψίας
113 1275 206 1306 αὐτοῖς
223 1274 405 1308 ἐπιφαίνεται.
423 1273 530 1304 Νυκτὸς
546 1272 601 1307 γὰρ
618 1271 811 1306 συνηγείροντο

8 1322 37 1348 ὲν
53 1324 88 1357 τῇ
110 1321 185 1357 οἰκίᾳ
201 1321 285 1353 Σιὼν,
303 1321 350 1347 καὶ
367 1321 399 1356 τῇ
417 1321 482 1355 περὶ
496 1318 542 1345 τοῦ
554 1317 719 1345 Διδασκάλου
737 1317 809 1352 λύπῃ

8 1368 212 1402 ἁσχάλλοντες,
229 1368 275 1394 καὶ
293 1367 331 1402 τῷ
347 1367 401 1393 τῶν
422 1366 556 1393 Ἰουδαίων
574 1364 649 1399 φόϐῳ
667 1363 809 1395 ἀλύοντες,

8 1416 48 1447 εἰς
72 1414 106 1441 ἓν
126 1414 262 1446 συνιόντες
283 1413 471 1441 ἀνεκοινοῦντο
487 1412 516 1439 τὸ
539 1412 642 1443 πάθος,
660 1412 721 1441 ταῖς
741 1418 810 1444 χρη-

8 1461 90 1490 σταῖς
110 1458 159 1485 tot";
180 1459 305 1493 ἃυτῆρος
326 1458 501 1492 ἐπαγγελίαις
527 1457 574 1488 τὰς
593 1456 683 1492 ψυχὰς
705 1454 811 1491 ῥιπιζό-

8 1515 101 1541 μενοι.
124 1505 281 1540 Ἐφίσταται
308 1506 373 1539 γοῦν
397 1505 477 1540 ὀψίας
501 1505 604 1536 αὐτοῖς,
628 1503 676 1529 καὶ
703 1502 810 1529 ἵσταται

866 908 958 932 tantur
974 903 1087 938 Eloquia
1102 923 1109 936 ,
1128 903 1194 938 quid
1213 903 1248 930 sit
1263 903 1334 937 quod
1352 902 1511 931 mulieribus
1524 909 1586 931 orto
1598 905 1653 938 jam

864 951 936 982 sole,
953 955 978 978 et
995 950 1076 978 vald‘e
1105 950 1222 977 diluculo
1238 954 1298 983 post
1319 950 1547 977 resurrectionem
1572 958 1656 986 appa-

864 998 951 1025 ruerit
965 997 1105 1030 Dominus,
1122 995 1264 1030 discipulis
1280 1003 1355 1027 vero,
1373 1003 1434 1023 cum
1449 996 1578 1024 diurnum
1591 1005 1654 1032 spa-

867 1044 932 1071 tium
949 1044 1005 1078 jam
1022 1047 1132 1078 caperet
1157 1043 1248 1069 linem.
1268 1042 1300 1069 Et
1321 1042 1434 1077 quidem
1453 1043 1475 1070 si
1489 1044 1566 1077 juxta
1587 1051 1655 1071 con-

866 1095 1010 1125 gruentem
1025 1089 1147 1116 liistorim
1176 1096 1285 1116 sensum
1304 1089 1329 1115 id
1346 1089 1568 1122 consideremus,
1587 1097 1656 1124 quo-

865 1136 937 1162 niam
969 1135 1119 1163 verisimile
1145 1139 1198 1167 est,
1223 1135 1339 1162 interdiu
1363 1135 1416 1162 alio
1438 1135 1506 1163 alios
1531 1136 1653 1171 dilapsos

864 1188 934 1214 esse,
956 1181 1115 1216 discipulos,
1131 1185 1161 1208 ut
1185 1188 1217 1208 ex
1241 1181 1402 1209 abeuntibus
1419 1181 1447 1209 in
1463 1181 1654 1210 Emmauntem

864 1228 1001 1264 conjicere
1037 1228 1158 1256 est.-At
1183 1235 1246 1256 vero
1276 1227 1358 1263 248
1384 1229 1410 1255 in
1430 1236 1514 1256 unum
1532 1237 1585 1257 nox
1607 1237 1655 1258 eos

865 1275 977 1311 cogebat
1003 1283 1011 1302 :
1036 1275 1096 1302 ideo
1132 1281 1193 1302 cum
1225 1281 1287 1301 sero
1317 1278 1407 1307 esset,
1447 1275 1500 1302 illis
1532 1281 1654 1311 apparet.

865 1321 934 1348 Cum
954 1324 1156 1354 vesperasceret
1171 1319 1242 1346 enim
1265 1319 1292 1346 in
1312 1319 1421 1346 domum
1437 1319 1526 1348 Sionis
1539 1328 1654 1356 c0ngre-

866 1366 1020 1400 galiantnr;
1047 1370 1075 1393 et
1089 1365 1123 1393 de
1150 1365 1273 1399 Magistri
1307 1372 1372 1392 casu
1398 1365 1491 1393 dolore
1506 1365 1612 1400 alllicti,
1629 1373 1656 1394 et

868 1409 1023 1438 Jndzeorum
1039 1415 1111 1437 metu
1139 1410 1287 1437 exanimati
1315 1411 1342 1437 in
1361 1418 1444 1437 unum
1465 1412 1656 1440 convenientes

867 1456 994 1485 allectum
1013 1457 1115 1488 animi,
1138 1456 1208 1483 alter
1228 1464 1288 1484 cum
1306 1457 1393 1483 altero
1408 1457 1656 1490 commnnicabant,

867 1507 892 1529 et
907 1502 986 1529 bonis
999 1501 1149 1529 Salvatoris
1162 1500 1387 1536 promissionihus
1409 1501 1561 1529 animorum
1586 1503 1656 1537 igni-

8 1535 110 1587 μέσον,
128 1535 173 1578 ἵνα
190 1552 303 1586 γένηται
314 1535 387 1579 ’πᾶσι
405 1535 574 1586 θίαταφανής.
585 1535 765 1584 γ’Υψηλοτέρῳ
783 1548 802 1574 ὃ]

875 1549 942 1576 τιιιοε
957 1548 1126 1575 excitabant.
1152 1548 1220 1575 Sero
1248 1547 1330 1583 igitur
1348 1547 1402 1575 illis
1426 1549 1523 1581 adest,
1548 1553 1574 1576 et
1590 1535 1656 1576 cuin-

8 1601 124 1634 πρὸπῳ,
143 1599 209 1634 ὀψία
226 1597 260 1634 ἧν
274 1599 330 1630 τοῖς
350 1598 485 1634 μαθηταῖς
498 1606 505 1614 ν
521 1595 592 1634 ἦσαν
610 1596 665 1631 γὰρ
679 1597 711 1631 τῇ
730 1595 810 1630 ἀχλύῖ

42 1678 68 1693 ⁸⁷
85 1677 170 1705 Joan.
189 1685 223 1704 xx
235 1696 243 1710 ,
263 1676 296 1704 l9
313 1683 390 1711 seqq.

865 1595 936 1622 sistit
949 1595 976 1622 in
991 1595 1090 1628 ozedio,
1101 1600 1130 1622 ut
1140 1595 1267 1623 omnibus
1280 1594 1443 1630 conspicuus
1458 1599 1540 1622 esset.
1554 1595 1656 1624 Altiore

635 1733 800 1764 Francisci
819 1734 923 1765 Scorsi
940 1737 1032 1765 notos.

43 1806 109 1841 (Π)
131 1805 263 1833 Pelliceas
280 1806 393 1838 tunicas.
409 1805 511 1833 Alludit
531 1805 564 1832 ad
592 1804 655 1832 illud
672 1805 739 1832 Gen.
758 1813 806 1833 tu:

8 1841 89 1868 Fecit
119 1849 224 1876 quoque
250 1841 378 1868 Dominus
405 1841 475 1876 Deus
493 1841 567 1871 Ado'.
588 1844 616 1876 "et
642 1841 719 1867 uxori
752 1841 809 1875 ejus

8 1875 272 1908 Iuni’cas'pelliceas.
299 1876 386 1903 Graec.
414 1875 504 1903 LXX:
528 1875 655 1907 Χιτῶνας
679 1875 810 1911 δερματί-

8 1921 85 1944 νους,
117 1919 189 1946 quas
210 1911 240 1938 S.
257 1911 405 1946 Gregorius
434 1911 565 1938 Nazianz.
579 1919 660 1945 quem
677 1917 769 1938 noster
782 1916 811 1939 ut

8 1955 82 1982 szrpe
112 1948 141 1973 in
169 1947 211 1973 his
235 1951 389 1974 assectatnr
418 1955 466 1980 pro
482 1947 609 1974 crassitie
636 1946 678 1973 vel
708 1952 811 1973 morta-

13 1985 90 2008 itate
122 1982 249 2013 corporis
271 1982 466 2016 interpretatur
483 1987 552 2009 orat.
577 1981 623 2012 '58.
647 1986 726 2014 prout
753 1982 809 2010 dis-

8 2023 122 2046 ;crtum
142 2021 186 2043 est
199 2017 306 2049 longius
324 2019 356 2044 ad
368 2019 441 2044 hom.
460 2017 505 2049 25,
521 2023 576 2044 not.
599 2016 645 2044 00.
656 2016 689 2043 Et
700 2017 809 2051 quidem

8 2055 136 2087 ‘uystica
163 2052 295 2079 Nazianz.
318 2054 506 2086 interpretatio
536 2053 706 2087 accipienda,
735 2053 811 2079 salvo

8 2095 96 2114 ιυιιειι
133 2088 242 2114 litterati
271 2093 296 2114 et
314 2088 454 2119 historica,
486 2088 556 2122 quod
575 2087 691 2114 lacubus
717 2088 811 2114 Billins

8 2124 61 2150 ilio
93 2123 127 2150 in
161 2123 219 2149 loco
244 2123 366 2156 ejusdem
396 2128 466 2150 orat.
505 2123 709 2150 aninmdvertit.
741 2122 812 2156 Lege

8 2158 171 2189 V‘rrerium,
188 2158 234 2185 lib.
261 2165 287 2185 IV
309 2157 451 2184 Contineo.
472 2158 497 2184 in
514 2158 594 2190 Gem,
610 2159 655 2192 qui
678 2157 810 2184 Naziunz.

10 2201 57 2219 πυ
80 2201 119 2220 ea
137 2193 273 2219 sententia
302 2193 406 2225 laudat,
434 2201 493 2227 qua:
512 2196 590 2220 veras
610 2194 715 2219 tunicas
726 2193 811 2219 fuisse

863 1806 1044 1841 ἀνθρωπίνης
1071 1806 1181 1840 φύσεως
1211 1805 1357 1841 ἰδιώματα,
1380 1807 1444 1833 τάτε
1468 1806 1582 1840 φυσικὰ,
1608 1808 1655 1834 καὶ

863 1840 1025 1877 ἀδιάϐλητα
1037 1841 1113 1875 πάθη
1128 1849 1135 1877 ξ
1153 1840 1225 1867 Nam
1249 1842 1305 1874 ipse
1321 1845 1423 1868 lautum
1439 1841 1570 1868 hominem
1588 1850 1654 1874 pro-

862 1883 919 1911 μίαν
951 1881 1069 1903 nostram
1092 1876 1203 1903 salutem
1227 1877 1381 1910 assumpsit.
1407 1877 1527 1903 animum
1555 1878 1654 1904 scilicet

863 1911 1063 1944 intellectivam,
1082 1917 1105 1938 et
1130 1919 1237 1945 corpus,
1266 1917 1289 1938 et
1307 1912 1432 1938 humana!
1459 1918 1563 1938 "omne
1590 1921 1654 1946 pro-

862 1948 1000 1981 prietates.
1025 1952 1048 1973 et
1074 1947 1220 1975 naturales.
1240 1952 1263 1972 et
1279 1947 1408 1973 innocua:
1424 1947 1570 1980 passiones.

900 1982 956 2018 (49)
976 1981 1139 2016 Reformarit
1166 1986 1299 2008 naturam.
1314 1981 1414 2008 Natura
1429 1983 1545 2008 liutnana
1562 1982 1654 2010 adhuc

864 2018 999 2045 innocens
1026 2024 1075 2044 nec
1098 2021 1209 2050 experta
1237 2021 1389 2050 peccatum,
1416 2021 1515 2049 morte,
1541 2022 1569 2044 et
1592 2025 1653 2044 cor-

864 2053 1000 2088 ruptione,
1028 2058 1055 2079 et
1069 2051 1176 2079 cieteris
1198 2052 1311 2088 morbis,
1337 2052 1655 2088 etpassionibusdimo-

866 2087 994 2115 ventihus
1012 2095 1072 2114 cum
1100 2094 1113 2113 a
1135 2087 1251 2113 naturali
1272 2087 1450 2121 dispositione
1472 2093 1532 2113 erat
1555 2088 1655 2114 immu-

867 2122 928 2156 nis;
956 2123 981 2149 id
1014 2122 1084 2157 quod
1111 2121 1230 2149 habebat
1258 2122 1391 2149 beneficio
1422 2122 1487 2154 ligni
1506 2123 1579 2153 vitae,
1612 2124 1654 2150 vel

867 2160 958 2193 aliquo
979 2158 1032 2184 alio
1055 2159 1125 2184 dono
1145 2157 1332 2191 superadilito.
1353 2161 1382 2193 ut
1410 2158 1546 2192 explicant
1576 2159 1653 2185 theo-

867 2193 930 2228 logi,
956 2201 1105 2227 eorumque
1121 2193 1282 2227 coryphaeus
1308 2193 1336 2219 S.
1351 2192 1480 2223 Thomas.
1498 2194 1650 2226 praesertim

8 2234 111 2255 :euset
130 2235 190 2260 eas,
207 2229 304 2262 quibus
326 2229 394 2255 Dens
409 2229 510 2261 primos
527 2228 646 2254 amicivit
661 2233 809 2262 parentes;
829 2230 850 2258 D
867 2237 892 2263 p.
911 2237 931 2261 ι,
957 2232 1055 2263 qnzest.
1072 2228 1116 2260 97,
1140 2228 1165 2254 in
1182 2236 1256 2261 corp.
1276 2228 1356 2262 idque
1373 2235 1421 2262 pro
1443 2232 1514 2263 Slaln
1533 2229 1607 2255 vitae.
1626 2233 1654 2254 et

10 2273 27 2289 ιι
71 2263 264 2297 eamdemque
296 2265 459 2291 sententiam
498 2263 674 2290 adducendus
706 2269 810 2295 noster,

8 2297 159 2332 Ii'egorii,
177 2303 206 2324 Ill
223 2299 291 2331 dixi,
310 2298 423 2326 assccla.
443 2298 473 2325 S.
489 2298 668 2329 Athanasius,
686 2297 720 2324 De
732 2298 808 2324 I'sal.

8 2339 23 2359 τι
61 2334 176 2364 Cruce,
213 2339 358 2368 utrumque
385 2341 494 2360 sensum
537 2337 564 2360 et
599 2333 757 2363 litteralem,
785 2337 812 2360 et

8 2370 171 2403 nysticum
195 2367 325 2402 expresse
351 2368 452 2396 docuit.
471 2368 496 2394 lil
513 2376 574 2395 cum
591 2367 713 2395 facturus
727 2373 810 2399 esset,

8 2405 141 2431 rxuebal
170 2409 331 2430 vestimenta
361 2411 427 2435 sua;
447 2405 561 2430 decebat
587 2403 659 2430 cnim
679 2411 739 2429 cum
761 2403 809 2429 ho-

8 2440 120 2465 ninem
153 2438 337 2466 introduceret
359 2438 385 2465 in
403 2438 559 2472 paradisum
575 2446 678 2465 exuere
691 2439 808 2470 tunicas,

8 2481 76 2506 tuas
94 2473 194 2500 Adam
208 2479 359 2507 acceperat,
378 2482 439 2500 cum
461 2481 476 2500 ι
506 2474 633 2508 paradiso
651 2473 807 2508 ejiceretnr.

8 2510 72 2534 :uu.
116 2508 196 2535 enim
226 2509 268 2536 ille
298 2513 448 2542 peccasset,
474 2516 506 2536 ac
534 2509 632 2535 deinde
659 2508 808 2535 moriturus

11 2547 94 2573 sset,
131 2545 239 2579 accepit
256 2545 381 2579 pelliceas
416 2545 520 2570 tunicas
538 2551 571 2570 ex
594 2543 810 2579 morticinisaui-

8 2579 132 2605 nalium
162 2575 389 2613 factos-insigne,
420 2584 569 2612 notamque
587 2578 760 2605 mortalitatis
773 2579 808 2604 ob

8 2617 165 2639 teccalulll
189 2612 240 2638 sibi
266 2612 385 2641 inﬂictas.
417 2613 549 2641 Caeterum
579 2614 600 2640 si
630 2614 675 2648 qui
698 2614 742 2640 alii
774 2621 805 2640 ex

8 2649 162 2679 ’ntribus,
176 2648 222 2681 qui
241 2650 317 2682 pauci
342 2653 416 2680 sunt,
441 2656 488 2676 eas
505 2650 618 2683 ﬁgurate
628 2654 656 2676 et
670 2649 810 2683 metapho—

8 2685 56 2711 ice
74 2683 396 2719 tantumintelligendas
410 2686 565 2717 opinentur.
592 2692 644 2710 nou
672 2688 734 2710 sunt
763 2692 808 2711 se-

11 2718 129 2748 uPnili,
154 2722 182 2743 ut
199 2717 268 2744 idem
291 2717 415 2746 l‘ererius
431 2725 468 2745 ait
491 2720 548 2746 loco
570 2719 617 2746 cit.

31 2755 101 2789 (48)
128 2751 211 2783 Quod
228 2754 313 2789 ddum
329 2759 387 2788 post
406 2755 649 2788 transgressionem.
675 2753 712 2780 Εο
728 2754 808 2781 modo

12 2787 52 2816 ui»
65 2789 218 2823 expllt'uit
233 2787 262 2814 S.
274 2787 468 2821 Damascenns,
482 2787 527 2816 lib.
541 2798 548 2816 ι
563 2790 599 2816 De
611 2791 672 2823 ﬁde,
683 2797 743 2823 cap.
758 2790 806 2816 l4:

15 2826 91 2856 ὑτὸς
109 2824 276 2860 γάξρςιτάντᾳ
295 2825 341 2850 τὸν
356 2824 501 2859 ἄνθρωπον
513 2826 562 2859 τὴν
572 2825 709 2860 ἡμετέραν
719 2833 808 2859 σωτη-

8 2864 58 2890 ίειν
79 2858 245 2890 ἀνεδέξατο
256 2859 345 2895 ψυχὴν
355 2858 463 2894 νοερὰν,
478 2862 525 2886 καὶ
536 2858 627 2894 σῶμα,
640 2861 687 2886 καὶ
709 2860 742 2886 τὰ
759 2858 806 2895 τῆς

182 2907 319 2938 Persen.
340 2908 398 2938 GR.
420 2907 564 2938 CXXXII.

866 2262 952 2298 usque
978 2264 1011 2290 ad
1035 2263 1244 2289 detrrminatnm
1276 2267 1382 2297 tempus
1409 2262 1573 2294 obtinebat;
1600 2271 1654 2298 quo

866 2299 942 2326 linito
966 2300 1046 2325 homo
1076 2298 1225 2325 translatus
1248 2298 1345 2325 fuisset
1361 2298 1393 2324 ad
1411 2298 1582 2332 spiritualem
1613 2299 1650 2324 vi-

865 2338 931 2366 tant,
963 2335 1021 2360 sive
1052 2334 1085 2360 ad
1112 2338 1213 2360 statum
1240 2333 1343 2368 gloriae.
1370 2333 1407 2360 De
1434 2338 1548 2368 utroque
1571 2333 1654 2367 igitur

865 2374 948 2400 statu.
976 2367 1150 2403 perfectaque
1175 2367 1651 2403 retorniationcintelligendumest,

865 2405 935 2437 quod
948 2405 987 2430 ait
1008 2404 1198 2437 'l‘lieophanes,
1216 2403 1354 2430 Christum
1370 2410 1419 2430 sua
1449 2404 1653 2430 resurrectione

865 2439 1017 2466 restituisse
1033 2443 1157 2465 naturam
1174 2439 1206 2465 ad
1224 2439 1249 2465 id
1265 2438 1336 2473 quod
1348 2444 1407 2465 erat
1421 2443 1484 2465 ante
1499 2444 1650 2472 peccatum:

865 2475 994 2501 nimirum
1022 2474 1054 2500 ad
1078 2473 1323 2507 immortalitatem,
1348 2479 1375 2500 et
1404 2473 1651 2507 incorruptionem,

862 2515 889 2536 et
916 2510 949 2536 ad
965 2516 995 2536 ea
1011 2509 1121 2542 insuper
1139 2516 1199 2542 qua:
1225 2513 1290 2536 sunt
1304 2509 1412 2543 propria
1434 2508 1504 2536 beati
1521 2509 1648 2541 corporis

863 2546 934 2578 quod
963 2545 988 2571 in
1017 2545 1235 2578 rcgeneratione,
1257 2549 1285 2570 nt
1309 2543 1377 2570 infra
1402 2544 1440 2570 ait
1466 2544 1535 2570 idem
1560 2543 1651 2570 Theo-

864 2581 978 2613 phanes,
1003 2579 1126 2606 obtinere
1144 2586 1296 2613 speramus.
1327 2579 1460 2606 Caeterum
1478 2579 1549 2605 eniln
1561 2578 1652 2605 diil'ert

864 2614 1055 2641 immortalitas
1072 2614 1176 2648 gloriae,
1191 2622 1250 2648 qua:
1267 2613 1436 2648 promittitur
1449 2614 1476 2640 in
1493 2614 1650 2646 praemium,

863 2649 951 2684 inquit
978 2649 1007 2676 S.
1023 2649 1155 2684 Thomas.
1177 2655 1275 2684 quaest.
1294 2649 1378 2680 dicta,
1396 2649 1436 2684 ad
1464 2655 1501 2680 tv,
1534 2648 1570 2674 ab
1601 2650 1653 2684 im-

863 2685 1030 2711 mortalitate
1051 2692 1111 2718 qme
1130 2683 1191 2711 l'nit'
1220 2684 1323 2711 homini
1351 2683 1447 2711 collata
1473 2683 1499 2709 in
1521 2687 1593 2710 statu
1608 2683 1652 2709 in-

862 2720 996 2750 nocentia:
1011 2724 1055 2751 :et
1081 2720 1207 2746 similiter
1223 2720 1275 2746 alia
1300 2724 1360 2746 erat
1385 2719 1563 2751 inoorruptio,
1584 2718 1652 2744 alia-

860 2762 913 2788 que
929 2755 1114 2789 impatibilitas
1139 2759 1219 2789 atque
1239 2755 1275 2782 ab
1305 2755 1356 2781 alio
1382 2761 1465 2780 causa
1483 2752 1602 2788 profecta
1622 2758 1653 2780 et

861 2798 913 2816 non
932 2788 973 2816 ea’
989 2797 1050 2824 qua:
1075 2797 1107 2815 ex
1134 2788 1244 2817 dotibus
1271 2791 1340 2817 benti
1356 2789 1490 2822 corporis,
1508 2795 1534 2816 et
1561 2788 1646 2823 gloria

863 2825 950 2852 allecti
968 2825 1189 2860 proﬁciscuntur.

1411 2907 1450 2937 ρο
