1896 3051
62 119 117 150 705

721 118 888 148 HOMILIA
908 118 1057 149 XXXVII.

1641 123 1695 155 706

62 175 119 201 τῶν
136 172 254 208 λογικῶν
272 172 428 208 προϐάτων,
447 173 494 199 καὶ
514 174 635 208 κρηπῖδα
652 173 707 200 τῶν
725 173 847 208 μσῡητῶι

910 181 982 201 nere.
997 173 1061 200 Tria
1075 173 1156 209 igitur
1169 176 1320 209 praestanda
1335 183 1384 210 per
1395 176 1452 204 haee
1466 176 1546 204 verba
1563 178 1695 214 disponit-

62 219 162 251 αὑτοῦ,
192 219 274 246 αὐτὸν
299 219 404 244 ἐκεῖνον
423 218 616 253 προσάλλεται.
645 218 715 254 Τρία
739 216 785 245 οὖν
810 219 854 244 διὰ

61 265 168 291 τούτων
196 265 344 298 οἰκονομεῖ.
379 263 502 298 Ἀγιάζει
531 263 579 290 τοῦ
604 264 708 299 Πέτρου
737 263 780 289 διὰ
804 263 855 298 τῆς

61 310 212 345 ὁμολογίας
240 309 290 344 τὴν
319 309 454 343 γλῶτταν,
479 309 512 343 ἣν
537 310 554 343 ἡ
583 308 696 344 ἄρνησις
728 307 854 344 ἔχρανεν,

61 354 260 388 ἁνακαῧαίρων
273 354 360 388 αὐτὴν
374 353 421 380 τοῦ
453 354 625 388 ἐγκλήματος
639 361 646 368 ·
673 353 777 388 βεϐαῖοι
793 355 855 385 τοὺς

62 400 176 430 λοιποὺς
187 399 242 426 τῶν
259 398 401 434 μαθητῶν,
415 398 453 430 ὡς
466 400 517 425 οὐκ
534 399 662 431 ἐξέπεσεν
677 399 690 425 ὁ
708 401 855 434 κορυφαῖος

61 446 112 480 τῆς
139 445 324 480 ἀποστολικῆς
361 445 441 477 ἀξίας
470 445 517 471 καὶ
542 445 647 477 τάξεως
663 454 670 461 ·
701 445 802 481 πληροῖ
824 445 855 472 τὺ

63 491 241 526 ἐπάγγελμα,
268 491 338 526 ὅπερ
362 491 437 525 αὑτῷ
452 491 656 525 ὲπηγγείλατου
677 500 686 517 «
706 491 789 518 Δώσω
813 500 855 518 σοι

909 219 1041 254 Linguam
1059 219 1131 247 Petri
1144 240 1151 251 ,
1180 228 1259 253 quant
1277 222 1384 256 negatio
1407 224 1622 257 contaminarat,
1646 232 1696 259 per

909 265 1108 292 confessionem
1123 266 1285 299 sanctificat,
1311 271 1391 301 atque
1406 274 1420 294 a
1437 268 1551 296 crimine
1576 275 1671 305 purgat
1685 278 1693 302 ;

910 312 1017 338 ca-teris
1037 311 1176 345 discipulis
1195 312 1274 338 ﬁdem
1296 311 1411 339 aliirmat
1425 313 1458 340 de
1479 321 1529 341 suo
1549 320 1620 342 statu
1641 323 1694 342 non

910 355 1042 383 decidisse
1055 356 1228 390 corypha-um
1247 356 1321 383 illum
1336 357 1492 391 apostolicae
1515 359 1653 393 dignitatis
1669 363 1696 386 et

908 399 1028 431 ordinis;
1040 399 1179 427 factamilli
1191 401 1403 434 promissionem
1418 402 1526 436 implet:
1543 403 1632 431 «Dabo
1646 403 1694 430 tibi

909 445 999 472 claves
1016 447 1089 481 regni
1106 446 1235 473 caelorum
1253 455 1260 473 ε
1276 453 1302 473 et
1316 448 1494 481 quodcunque
1509 447 1635 482 ligaveris
1650 456 1696 475 su-

909 499 957 527 per
976 497 1086 524 terram,
1102 492 1153 519 erit
1169 492 1280 527 ligatum
1298 498 1324 519 et
1342 493 1367 519 in
1383 494 1458 520 rmlis
1469 493 1489 520 ⁸.
1505 502 1515 519 ι

62 536 113 569 τὰς
130 538 206 568 κλεῖς
232 537 281 572 τῆς
313 537 451 572 βασιλείας
477 538 532 565 τῶν
553 538 675 574 οὐρανῶν
688 546 695 553 ·
722 539 767 565 καὶ
790 539 805 566 ὃ
820 540 868 566 ἐὰν
892 540 975 576 δήσῃς
993 540 1038 566 ἐπὶ
1057 540 1106 575 τῆς
1132 539 1196 574 γῆς,
1219 529 1449 575 ἔσταιδεδεμένον
1463 541 1491 567 ὲν
1505 541 1543 576 τῷ
1559 541 1692 576 οὗραιῷ..

100 592 112 608 ‹
128 583 222 618 Σίμων
240 583 331 616 Ἰωνᾶ,
346 585 456 619 ἀγαπᾷς
471 594 505 619 με
518 593 543 617 ς»
556 584 662 618 Ἐπειδὴ
680 585 709 611 ὲν
721 586 777 617 τοῖς
793 593 855 612 συν-

61 631 226 666 τακτηρίοις
241 630 342 665 λόγοις,
367 631 453 657 πολλὰ
469 631 535 665 περὶ
563 632 674 665 ἀγάπης
693 632 787 663 αὐτοῖς
810 632 853 658 ὲν-

64 676 204 708 ετείλατο,
232 676 273 702 ὅτι
304 677 353 712 τῆς
370 676 476 708 τελείας
489 676 566 703 τοῦτό
579 677 637 703 ἐστι
659 677 813 712 γνώρισμα,
826 677 856 704 τὺ

64 722 154 748 θεῖναι
165 721 215 757 τὴν
227 721 316 757 ψυχὴν
329 721 413 748 αὐτοῦ
428 722 497 758 ὑπὲρ
508 721 563 749 τῶν
577 722 662 756 φίλων
678 723 772 756 αὐτοῦ,
786 723 855 758 ὅπερ

64 767 185 801 Χριστὸς
205 767 254 802 μὲν
281 767 442 802 ἐπλήρωσεν
456 787 464 799 ,
491 768 504 793 ὁ
523 767 625 803 Πέτρος
653 767 680 794 δὲ
700 768 855 804 ὑποτρέσας

62 813 216 848 ἠρνήσατο,
234 813 280 840 διὰ
295 815 376 840 τοῦτο
399 814 508 848 εὐφυῶς
526 814 573 840 τοῦ
592 814 695 851 Πέτρου
720 812 776 841 οἷον
793 823 856 842 κατ-

63 858 254 893 ειρωνεύεται·
271 859 309 891 ὡς
320 859 349 886 τὸ
360 860 410 894 τῆς
425 861 533 895 ἀγάπης
547 860 611 887 ἴδιον
628 862 664 896 μή
676 861 853 895 φυλάξαντος.

63 906 112 932 Διά
126 906 156 932 δὲ
173 906 220 932 τοῦ
238 907 326 932 εἰπεῖν
338 915 346 921 ·
366 915 375 932 ι
392 906 487 932 Πλεῖον
500 905 613 939 τούτων,
630 916 639 932 ι
659 907 780 940 πλαγίως
797 915 855 939 πως

64 951 274 987 ἀναμιμνήσκει
300 952 382 978 αὑτὸν
412 951 463 986 τῆς
478 951 608 987 θρασείας
624 952 732 986 ἐκείνης
749 953 853 987 φωνῆς,

64 997 97 1032 ἢν
116 998 190 1024 κατά
201 999 246 1024 τὸν
261 998 310 1024 τοῦ
327 998 429 1029 πάθους
443 998 539 1033 καιρὸν
553 998 726 1033 ἐκαυχήσατο
741 1006 748 1014 ·
767 1007 776 1023 ι
796 999 854 1026 Κᾶν

62 1051 135 1074 τινες
151 1044 445 1079 σκανδαλισθήσονται,
466 1043 524 1070 ἀλλ’
546 1044 602 1078 ἐγὼ
622 1044 671 1079 τὴν
687 1045 777 1080 ψυχήν
802 1053 853 1078 μου

64 1089 135 1124 ὑπὲρ
155 1089 204 1116 σοῦ
219 1089 304 1125 Θήσω.
323 1099 332 1116 ι
350 1087 424 1125 Ἀρα
440 1089 496 1123 οὖν,
515 1090 594 1125 φησὶ,
616 1089 728 1124 θαρσεῖς
745 1090 792 1117 καὶ
807 1089 853 1117 νῦν

66 1135 308 1170 ἐγκαυχήσασοαι,
333 1136 370 1166 ὡς
402 1145 411 1160 ι
433 1135 527 1162 Πλεῖον
545 1135 600 1162 τῶν
629 1135 717 1162 ἄλλων
744 1137 853 1170 ἀγαπᾷς

64 1189 118 1215 με;
140 1190 149 1207 ι
185 1182 217 1207 Τί
249 1180 295 1209 οὖν
310 1182 324 1208 ὁ
341 1181 462 1217 Πέτρος;
481 1181 542 1208 οὔτ¹
567 1181 706 1209 ἀναίνεται
731 1183 851 1218 ἀγαπᾷν,

62 1227 123 1254 οὔτε
139 1228 265 1262 θρασέως
281 1227 421 1262 ὁμολογεῖ,
435 1227 503 1254 ἀλλὰ
517 1229 549 1261 τῇ
576 1228 657 1262 φύσει
681 1230 778 1263 μετρεῖ
803 1228 852 1262 τὴν

63 1274 222 1308 ἀπόκρισιν,
240 1273 287 1300 καί
310 1281 377 1309 φησι
391 1283 398 1289 ·
424 1283 433 1299 ι
454 1274 520 1307 Ναὶ,
535 1274 632 1309 Κύριε,
652 1274 684 1301 σὺ
701 1273 785 1306 οἶδας,
810 1276 852 1301 ὅτι

63 1319 132 1353 φιλῶ
150 1327 191 1345 σε.
210 1328 219 1344 ›
241 1318 335 1350 Οὕτως
362 1318 393 1351 ἐξ
421 1316 458 1345 ὦν
486 1319 597 1351 ἔπαθεν,
622 1319 747 1354 ἔμαθεν·
766 1320 852 1352 οὕτως

63 1365 142 1392 αὑτὸν
158 1366 175 1400 ἡ
190 1362 262 1400 ἧττα
283 1365 418 1400 πεποίηκε
435 1365 558 1400 δόκιμον,
576 1365 646 1391 ὥστε
669 1365 707 1400 μὴ
723 1365 804 1391 παντὶ
817 1366 850 1400 τῇ

63 1411 111 1444 τῆς
124 1410 216 1445 ψυχῆς
229 1411 370 1446 προθυμίᾳ
390 1411 510 1446 θαρρεῖν,
531 1411 589 1437 ἀλλ’
609 1411 783 1438 εὐλαῦεῖσθαι
801 1412 851 1446 τῆς

63 1457 169 1490 φύσεως
179 1455 230 1491 τὴν
244 1456 387 1483 ἀσθένειαν
399 1464 406 1471 ⁸
426 1465 435 1481 ι
453 1456 489 1482 Τὸ
503 1457 556 1492 γὰρ
575 1457 684 1492 πνεῦμα
700 1457 850 1492 πρόθυμον,
864 1468 886 1498 C

63 1503 78 1537 ἡ
103 1503 131 1529 δὲ
161 1502 232 1537 σὰρξ
254 1502 382 1538 ἀσθενής.
403 1511 413 1528 ι
431 1503 566 1538 Μάρτυρα
579 1502 608 1529 δὲ
624 1502 671 1529 τοῦ
701 1503 780 1537 λόγου
808 1503 849 1530 ὅτι

63 1547 134 1580 φιλεί
151 1547 235 1573 αὑτὸν
260 1549 364 1574 ἐκεῖνον
380 1547 547 1582 παρίστησι·
567 1557 575 1573 ι
593 1547 688 1582 Κύριε,
715 1549 747 1575 σὺ
776 1547 850 1581 οἶδας

63 1594 101 1619 ὃτι
128 1593 200 1627 φιλῶ
222 1602 262 1620 σε.
279 1603 288 1619 ι
310 1594 402 1620 Ἔοικε
425 1594 454 1620 δέ
479 1602 537 1625 πως
555 1594 743 1629 ἀσυνάρτητος
768 1595 784 1630 ἡ
803 1595 849 1621 τοῦ

63 1640 165 1676 Πέτρου
183 1640 332 1676 ἀπόκρισις
345 1641 414 1676 πρὸς
435 1640 484 1676 τὴν
508 1640 556 1666 τοῦ
576 1640 677 1675 Κυρίου
702 1640 848 1676 ἐρώτησιν.

69 1685 96 1711 'U
113 1686 162 1720 μὲν
178 1686 278 1721 ﬁgi-210'
299 1695 307 1711 ι
324 1686 416 1719 Σίμων
437 1685 524 1718 Ἰωνᾶ,
540 1686 650 1721 ἀγαπᾷς
668 1694 700 1721 με
716 1695 724 1719 ;
742 1695 751 1711 ι
778 1686 810 1712 '0
823 1686 852 1712 δὲ

62 1730 91 1757 οὐ
105 1731 192 1765 λέγει,
211 1731 247 1758 Σὺ
266 1729 351 1763 οἶδας,
366 1731 404 1762 ὡς
425 1731 525 1762 ἀγαπῶ
540 1739 580 1763 σε,
603 1731 688 1762 ἀλλ’,ι
704 1731 765 1757 Ὅτι
781 1731 850 1765 φιλῶ

63 1785 103 1803 σε.
137 1785 147 1803 ›
178 1776 291 1811 Ἐπειδὴ
313 1776 404 1811 φιλίας
429 1777 476 1804 καὶ
499 1775 610 1811 ἀγάπης
637 1776 770 1811 διαφορὰν
792 1777 850 1812 ᾔδει

63 1821 173 1858 πολλήν.
198 1823 231 1849 Ἦ
247 1823 298 1858 μὲν
311 1824 365 1859 γᾶρ
377 1823 448 1860 ἀρχὴ
463 1823 504 1855 τίς
524 1824 582 1849 ἐστι
603 1823 651 1850 καὶ
666 1823 725 1855 ὁδός
737 1831 744 1838 ’
765 1824 781 1859 ἡ
809 1823 849 1855 δὲ,

64 1870 226 1903 περιεκτικὴ
243 1870 297 1896 τῶν
319 1870 421 1897 καλῶν.
453 1869 525 1896 Ἀλλ’
537 1869 574 1901 ὡς
599 1869 765 1905 σαφέστερον
818 1870 849 1896 τὸ

62 1913 228 1950 λεγόμενον,
266 1916 463 1952 τεχνικώτερον
497 1915 545 1942 τοῦ
582 1915 662 1949 λόγου
702 1915 846 1950 ἁψώμεθα.

946 595 956 611 «
970 585 1060 612 Simon
1076 584 1198 618 Joannis,
1211 586 1300 620 diligis
1314 586 1389 613 me?)
1407 586 1538 619 Quoniam
1555 588 1580 614 in
1595 595 1626 614 eo
1639 596 1696 616 scr-

909 639 999 664 mone,
1020 639 1073 666 quo
1091 637 1226 667 postrema
1243 633 1368 660 mandata
1391 634 1523 666 dederat,
1551 634 1635 661 multa
1662 635 1696 662 de

909 678 1042 704 charitate
1056 677 1120 711 ipsis
1135 682 1316 712 praceperat,
1334 679 1405 713 quod
1417 679 1541 706 γίιΙι-Ιιορι
1557 679 1619 707 hinc
1635 687 1696 714 per-

909 723 978 750 fecta
995 730 1054 750 esse
1072 728 1299 757 cognosceretur,
1325 724 1346 751 si
1363 724 1506 759 quisquam
1531 732 1581 760 pro
1600 726 1696 753 amicis

908 770 964 798 Suis
974 771 1090 798 animam
1099 776 1220 805 poneret,
1229 773 1298 805 quod
1310 780 1374 800 sane
1383 773 1678 808 prmstilerattlhristus
1687 793 1694 806 ,

907 816 1004 844 Petrus
1021 824 1088 844 vero
1100 825 1200 851 pavore
1215 819 1302 846 victus
1319 823 1481 853 negaverat:
1500 819 1559 846 ideo
1575 820 1694 847 dexteri-

907 865 961 889 tate
974 862 1088 896 quadam
1098 870 1161 889 usus
1174 862 1282 890 Petrum
1309 864 1390 892 veluti
1417 864 1497 898 ridet,
1510 870 1539 892 ut
1553 865 1610 899 qui,
1623 865 1695 898 quod

905 913 964 934 erat
978 907 1120 935 cltaritatis
1135 908 1271 943 proprium
1286 928 1294 940 ,
1318 916 1370 936 non
1386 914 1517 938 servarat.
1540 910 1608 937 Cum
1631 917 1695 937 vero

905 953 986 979 etiam
1001 953 1059 980 ait:
1077 963 1085 978 «
1099 953 1163 981 Plus
1180 953 1231 986 bis,
1245 963 1255 979 ι
1276 954 1392 982 latenter
1417 955 1455 982 illi
1483 955 1510 982 in
1534 955 1693 982 memoriam

906 999 1025 1025 insinuat
1052 1006 1145 1027 vocem
1173 1000 1244 1027 illam
1266 1000 1436 1028 confidentiae
1451 1001 1556 1036 plenam
1570 1009 1622 1036 qua
1644 1001 1694 1029 sub

905 1042 990 1077 ipsum
1005 1042 1144 1071 Passionis
1158 1050 1262 1079 tempus
1275 1044 1407 1080 gloriatus
1421 1045 1530 1073 fuerat:
1551 1045 1599 1073 (Et
1613 1047 1634 1073 si
1647 1046 1692 1073 alii

905 1088 1078 1116 seandalizati
1095 1089 1207 1121 fuerint,
1220 1097 1269 1125 ego
1283 1095 1370 1118 tamen
1387 1092 1504 1118 animam
1523 1099 1608 1118 meam
1623 1099 1693 1126 pono

903 1142 952 1169 pro
973 1134 1030 1162 te".
1047 1144 1057 1160 ι
1090 1135 1129 1162 An
1149 1135 1247 1169 igitur,
1275 1137 1377 1172 inquit,
1407 1138 1488 1164 etiam
1508 1145 1599 1169 nunc,
1621 1137 1692 1171 quod

904 1179 964 1213 plus
981 1179 1022 1206 his
1038 1187 1080 1206 me
1095 1179 1201 1214 diligas,
1215 1180 1323 1215 gloriari
1339 1181 1443 1209 audes?
1456 1181 1526 1214 Quid
1544 1182 1625 1216 igitur
1642 1183 1692 1209 Pe-

905 1224 986 1251 trus?
1003 1224 1095 1259 Neque
1109 1226 1222 1260 diligere
1236 1233 1266 1253 se
1281 1232 1369 1260 negat,
1388 1234 1475 1261 neque
1492 1227 1591 1254 fatetur
1609 1229 1693 1255 auda-

904 1275 979 1302 cter;
999 1271 1044 1297 sed
1066 1275 1169 1298 naturae
1188 1271 1365 1299 imbecillitati
1390 1265 1621 1300 accommodatam
1646 1282 1691 1301 rc-

904 1315 1077 1350 sponsioncm
1093 1315 1170 1343 afl‘cr'.
1194 1321 1221 1343 et
1235 1317 1293 1342 ait:
1312 1326 1321 1342 «
1333 1316 1430 1349 Etiam,
1450 1318 1570 1350 Domine,
1595 1324 1620 1344 tu
1637 1319 1692 1345 sris

903 1364 964 1398 quia
981 1372 1042 1390 alno
1058 1368 1094 1390 te.
1110 1374 1119 1390 ν
1139 1363 1178 1390 Ita
1195 1372 1226 1391 ex
1244 1364 1297 1396 his,
1320 1372 1380 1399 qua:
1396 1373 1494 1400 passus
1512 1366 1609 1398 fuerat,
1621 1366 1691 1393 didi-

903 1410 940 1436 cit
958 1417 964 1435 :
983 1409 1018 1436 ita
1039 1409 1114 1436 illum
1132 1411 1316 1445 experientem
1341 1411 1432 1438 clades
1458 1419 1505 1438 sua
1528 1412 1690 1445 reddiderat,

904 1463 956 1481 non
973 1463 1033 1482 esse
1049 1455 1154 1483 scilicet
1167 1457 1317 1490 cuicunque
1334 1457 1416 1483 animi
1432 1458 1615 1491 propensioni,
1636 1457 1691 1484 ler-

905 1502 1018 1535 vorique
1044 1502 1246 1534 confidendum,
1265 1504 1311 1530 sed
1334 1503 1520 1531 infirmitati-nt
1542 1509 1643 1531 natura:
1659 1504 1692 1530 ti-

905 1548 1030 1574 mendam
1046 1557 1052 1575 :
1071 1548 1207 1583 «Spiritus
1221 1549 1292 1576 enim
1305 1555 1444 1583 promptus
1457 1554 1509 1581 est,
1521 1557 1585 1577 caro
1600 1554 1690 1577 autem

904 1592 1011 1620 infirma
1027 1592 1049 1620 ‘.
1066 1602 1075 1619 ι
1093 1593 1200 1620 Testem
1225 1601 1289 1621 vero
1306 1593 1380 1620 illtnn
1398 1594 1484 1628 ipsum
1507 1593 1573 1621 facit
1589 1595 1690 1622 amoris

902 1637 930 1664 in
946 1646 1008 1665 eum
1026 1638 1067 1665 sui
1083 1647 1090 1665 :
1110 1647 1120 1664 «
1135 1638 1258 1672 Domine,
1284 1643 1311 1666 tu
1332 1639 1386 1666 scis
1401 1639 1465 1673 quia
1481 1646 1541 1666 amo
1559 1644 1593 1666 te.
1610 1648 1620 1665 ι
1637 1639 1691 1666 Sed

905 1684 1114 1719 interrogationi
1127 1684 1246 1716 Domini,
1261 1692 1314 1711 non
1332 1684 1440 1712 videtur
1458 1683 1530 1711 Petri
1552 1685 1690 1719 responsio

903 1729 1104 1764 quodammodo
1118 1730 1273 1756 convenire.
1284 1729 1328 1756 llle
1339 1729 1446 1764 quidem
1457 1729 1618 1763 quaesierat:
1633 1728 1692 1754 (Sl-

903 1783 965 1802 tnon
979 1775 1102 1809 Joannis,
1116 1775 1206 1810 diligis
1222 1775 1281 1802 me?
1294 1783 1304 1801 ι
1317 1774 1365 1802 Hic
1375 1780 1463 1802 autem
1477 1782 1529 1802 non
1546 1775 1612 1801 dicit
1627 1783 1634 1801 :
1649 1774 1689 1801 Tu

900 1820 955 1847 scis
969 1820 1032 1855 quia
1054 1819 1135 1855 diligo
1159 1825 1202 1853 te,
1229 1818 1287 1853 sed,
1315 1819 1401 1853 «Quia
1415 1827 1475 1847 amo
1496 1825 1532 1846 te.
1547 1829 1557 1846 ι
1574 1819 1689 1847 Multum

900 1867 999 1901 quippe
1012 1865 1068 1901 (69)
1091 1866 1162 1893 inter
1175 1874 1305 1898 amorem,
1319 1866 1545 1900 dilectionemque
1559 1866 1690 1892 interesse

900 1914 1012 1942 sciebat.
1027 1913 1074 1940 llle
1090 1914 1160 1941 enim
1173 1913 1334 1949 principium
1352 1913 1407 1948 (70)
1419 1918 1446 1941 et
1461 1913 1504 1940 via
1519 1913 1639 1948 quaedam
1650 1916 1690 1940 est

97 1996 107 2011 ⁸
121 1995 217 2023 Matth.
234 1996 347 2030 “1,19.
398 1997 408 2012 ⁵
425 1996 521 2024 Matth.
540 2004 617 2028 xxvi,
629 1997 679 2030 ‘55;
691 1995 768 2024 Joan.
784 2003 844 2029 xm,
860 1995 906 2023 57.
944 1994 955 2010 ⁸
968 1993 1064 2021 Matth.
1079 2001 1154 2024 xxvt,
1167 1993 1210 2020 41.

674 2065 837 2096 Francisci
852 2064 958 2096 Scorsi
978 2066 1071 2094 notae.

96 2126 150 2162 (69)
177 2126 251 2154 lmer
275 2135 388 2154 amorem
413 2127 640 2160 dilectionemque.
679 2127 781 2154 Auctor
805 2127 850 2154 hic

905 2125 1050 2152 honestiore
1070 2123 1205 2155 vocabulo,
1224 2122 1389 2150 dilectionem
1406 2129 1450 2149 seu
1470 2121 1625 2149 cltaritalem
1642 2132 1688 2157 αρ’
1707 2118 1710 2119 ν

63 2158 195 2189 subtiliter
229 2162 299 2189 inter
326 2161 416 2196 φιλίαν
448 2162 495 2188 καὶ
522 2158 644 2196 ἀγάπην,
670 2161 850 2194 discriminat,
868 2161 1025 2194 Dpellnsse.
1046 2160 1091 2196 Sic
1108 2159 1163 2196 ille.
1190 2158 1229 2196 Ad
1247 2165 1326 2196 quam
1349 2158 1510 2196 sententiam
1530 2158 1687 2196 firmandam

63 2204 118 2231 qua
137 2204 187 2224 nos
213 2196 379 2223 discriminis
397 2197 478 2223 etiam
503 2204 583 2223 causa
609 2196 703 2224 Latine
718 2197 849 2225 vertimus

63 2239 173 2258 antorem
189 2236 213 2258 el
226 2231 392 2259 dilectionem
405 2239 414 2258 :
427 2239 475 2258 nec
501 2231 559 2258 sine
575 2232 737 2259 auctoritate
752 2239 829 2258 sacra
841 2246 847 2253 -

65 2274 120 2301 runt
148 2266 312 2293 Litterarum
333 2271 360 2293 et
373 2265 557 2301 profanarum,
574 2271 604 2293 ut
624 2266 680 2300 jam
696 2267 847 2294 ostendam.

64 2300 113 2327 Sed
138 2308 212 2333 vero,
238 2301 260 2328 si
285 2300 379 2328 harum
407 2300 557 2336 dictionum
596 2301 686 2335 φιλίας
699 2306 725 2328 et
737 2302 848 2336 ἀγάπης

63 2337 110 2366 vis,
130 2340 156 2362 et
190 2343 254 2362 usus
282 2335 354 2362 inter
380 2336 527 2370 scriptores
538 2335 646 2363 Graecos
664 2335 846 2371 disquiratur,

62 2370 103 2396 vix
131 2370 268 2397 distinctio
295 2370 501 2405 (lignOSCGtuhf-
519 2372 566 2398 sed
597 2371 686 2404 potius
703 2370 849 2404 utrumque

64 2405 212 2440 ἀδιαφόρως
229 2411 407 2440 usurpatum;
421 2406 486 2439 quin
505 2405 588 2433 etiam
604 2413 700 2432 nomen
725 2406 847 2440 ἀγάπης,

65 2442 130 2472 quod
145 2440 188 2466 hic
201 2447 248 2473 pro
264 2439 461 2474 perfectissimo
475 2448 568 2467 amore
590 2440 646 2467 vult
664 2440 749 2474 accipi
766 2440 848 2467 Gera-

63 2481 145 2505 mens,
172 2475 258 2501 lenius
278 2474 423 2508 aliquando
441 2482 511 2508 esse,
528 2483 608 2509 quant
626 2475 702 2509 φιλία
724 2476 848 2502 animad-

63 2509 126 2544 verti
150 2514 238 2543 potest
264 2517 297 2536 ex
331 2509 413 2536 Arist.
430 2510 476 2537 lib.
494 2518 540 2537 νιιι
558 2510 654 2537 Moral.
681 2517 740 2544 cap.
757 2510 785 2541 ὗ,
803 2512 847 2538 ubi

63 2542 248 2571 etiam’verbo
270 2545 401 2578 ἀγαπῶσι
425 2546 457 2571 de
482 2545 626 2572 levioribus
643 2542 736 2572 amicis
751 2547 845 2573 utitttr.

64 2579 133 2609 Quod
152 2585 240 2605 autem
252 2580 368 2613 pertinet
384 2579 416 2606 ad
432 2587 508 2606 usum
519 2587 657 2607 sacrarum
672 2580 845 2613 Litterarum,

64 2616 135 2650 notat
161 2614 268 2647 Origen.
280 2615 353 2641 hom.
371 2615 382 2641 1
407 2615 433 2642 in
447 2613 537 2646 Carm,
554 2623 613 2649 qua:
627 2615 704 2642 aliter
717 2615 847 2649 Prologus

64 2649 87 2672 in
112 2655 152 2679 ea,
176 2649 343 2681 inscribitur,
373 2650 459 2683 magis
487 2650 584 2677 usitata
606 2657 666 2677 esse
684 2650 845 2682 dilectionis,

64 2686 88 2720 et
101 2682 376 2720 chari_tatis__nomina
387 2682 464 2712 ea’de
477 2692 568 2715 causa,
587 2692 668 2718 quam
695 2685 752 2719 ipse
769 2685 847 2711 aﬂ'ert

64 2715 101 2752 llis
112 2718 198 2744 verbis
212 2726 220 2745 :
239 2717 350 2745 Videtur
366 2725 452 2745 autem
466 2720 529 2745 mihi
540 2715 628 2745 divina
639 2715 788 2752 Scriptura,
801 2728 847 2746 vo-

65 2749 114 2776 lens
125 2760 227 2788 cavere,
241 2762 272 2780 ne
297 2754 386 2788 lapsus
402 2754 501 2788 aliquis
517 2754 660 2788 legentibus
679 2749 727 2781 sub
747 2749 846 2781 artioris

65 2763 114 2776 mm
129 2763 227 2783 οιινενε,
241 2763 272 2780 ne
297 2763 386 2788 rapsur
402 2763 438 2780 an
459 2763 501 2780 ut:
517 2763 660 2788 tegentium
679 2763 727 2781 suo
747 2763 845 2781 antom

65 2786 162 2824 nomine
172 2793 330 2819 nasceretur,
344 2797 390 2821 pro
407 2763 597 2820 inzrmioribus
624 2789 767 2823 quibusque
787 2797 845 2815 eum

65 2827 105 2848 (Im
120 2824 187 2851 apud
202 2825 332 2853 διιμήεηιεε
346 2824 437 2852 swculi
451 2825 555 2853 ctmido.
570 2833 615 2850 u‘u
640 2833 714 2850 amor
736 2825 844 2855 dicitur.

903 2192 985 2222 inulta
1004 2193 1128 2229 producit
1143 2193 1295 2229 testimonia
1314 2193 1412 2229 veteris
1439 2192 1625 2229 Instrumenti,
1643 2195 1687 2220 ubi

901 2227 1177 2257 nomen-dilectionis
1198 2233 1225 2256 et
1253 2227 1394 2255 cbaritatis
1418 2228 1601 2260 positum‘est
1632 2236 1682 2260 pro

900 2272 1002 2292 amore.
1025 2265 1064 2291 Ac
1095 2265 1202 2290 dctnmn
1222 2263 1370 2293 concludit,
1399 2263 1522 2296 quamvis
1543 2262 1687 2290 cltat'itatis

899 2307 997 2326 nomen
1027 2299 1061 2326 sit
1092 2299 1292 2333 gravissimum,
1318 2300 1346 2323 ut
1370 2296 1524 2333 etiam_Deo
1548 2304 1617 2333 saepe
1636 2299 1684 2324 tri-

901 2335 1009 2368 buatur,
1040 2338 1066 2361 et
1089 2331 1241 2361 dilectionis
1256 2332 1358 2368 itidem,
1370 2331 1556 2368 quajubenmr
1572 2332 1684 2368 diligere

899 2366 1047 2403 proximos.
1064 2376 1112 2396 nec
1123 2368 1190 2396 Satis
1204 2374 1275 2395 recte
1286 2367 1319 2394 de
1329 2367 1461 2403 pecuniae,
1484 2366 1527 2392 vel
1541 2367 1683 2400 voluptat's

899 2402 1003 2436 amore,
1037 2404 1199 2431 cltaritatcm
1226 2404 1288 2437 quis
1309 2402 1419 2433 dixerit,
1433 2407 1523 2437 tamen
1554 2409 1607 2427 non
1628 2409 1686 2429 esse

899 2439 1044 2473 piaculum,
1063 2446 1111 2465 nec
1125 2436 1389 2469 multuminleresse,
1400 2437 1422 2463 si
1432 2436 1491 2470 quis
1500 2436 1583 2462 Deum
1595 2443 1686 2473 amare

899 2470 928 2501 se
941 2474 1024 2506 dicat,
1044 2479 1071 2500 et
1083 2474 1164 2500 Demn
1181 2474 1266 2506 ipsum
1276 2476 1495 2506 vocetramorem
1516 2477 1606 2506 suum.
1619 2470 1686 2497 San-

898 2513 957 2536 ctus
972 2504 1063 2535 autem
1079 2504 1224 2542 Augustin.
1238 2507 1284 2533 lib.
1302 2514 1345 2533 λιν
1357 2505 1393 2532 De
1410 2505 1489 2533 Civil.
1504 2504 1603 2544 cap_.__'{,
1619 2506 1686 2544 mul-

899 2546 932 2569 tis
949 2551 981 2570 ex
999 2543 1065 2570 locis
1093 2540 1211 2569 osiendit
1235 2548 1288 2568 tam
1317 2548 1417 2573 amare,
1441 2547 1521 2574 quam
1540 2540 1685 2574 diligerein

898 2579 997 2605 bonam
1031 2583 1145 2612 partem,
1173 2582 1201 2603 et
1224 2577 1249 2603 in
1277 2576 1380 2612 malam
1407 2576 1506 2612 accipi,
1539 2582 1588 2612 nec
1602 2575 1685 2612 ullum

899 2613 971 2639 inter
1003 2610 1038 2639 ea
1062 2613 1208 2639 discrimen
1232 2611 1306 2643 facit,
1336 2611 1401 2645 quin
1414 2611 1494 2637 etiam
1507 2617 1540 2637 ex
1560 2610 1613 2636 hoc
1625 2610 1686 2670 lipso

1636 2652 1685 2670 oco

1636 2652 1685 2671 0C0

934 2683 990 2718 (70)
1009 2681 1056 2709 Ille
1078 2682 1146 2718 enim
1163 2680 1334 2718 principium,
1357 2679 1490 2718 _etc.Di‘cit
1508 2679 1557 2715 τὴν
1593 2679 1685 2718 φιλίαν

897 2714 956 2746 esse
968 2714 1036 2744 vtam
1055 2722 1082 2744 et
1100 2714 1259 2750 principium
1278 2717 1322 2754 _ad
1338 2714 1525 2754 τὴνπάγάπην,
1536 2714 1618 2754 quod.
1632 2722 1685 2748 quo

897 2757 977 2788 pacto
1006 2753 1235 2788 interpretandum
1254 2751 1297 2788 psit
1325 2759 1357 2777 ex
1388 2751 1477 2788 ipsius
1502 2751 1684 2788 distinctione.

897 2784 977 2823 quam
994 2789 1026 2814 de
1042 2784 1140 2823 triplici
1158 2785 1283 2812 amicitia:
1295 2793 1393 2821 genere
1411 2786 1502 2817 tradit,
1519 2784 1684 2817 intelligetur

898 2822 969 2850 notis
987 2823 1017 2848 71
1033 2822 1103 2849 c172
1125 2840 1132 2847 .
