1896 3051
42 123 111 156 729

696 122 858 152 HOMILIA
879 123 1044 165 XXXVI”.

1639 129 1694 162 730

43 181 158 208 ἑαυτὸν
175 182 320 218 ὂφιδρὺσαι
334 182 539 210 κατακλιθέντα
553 186 594 215 εὶς
608 183 669 218 γῆν,
683 183 731 210 καὶ
745 183 774 209 τὺ
788 183 847 218 πρὸς

912 184 1065 211 inclinatum
1088 184 1162 212 humi
1184 192 1213 213 se
1233 185 1435 220 composuisse,
1452 193 1501 215 nec
1520 188 1611 216 sedem
1633 194 1693 216 stu-

44 228 198 264 καθέδραν
209 230 434 264 ἀνεπιτήδευτον⁸
453 231 469 264 ἡ
489 230 582 262 μέντοι
596 230 646 264 τῆς
662 229 736 264 ὥρας
747 229 852 264 ὑποση-

47 274 177 306 μείωσις
194 275 225 301 τὸ
242 275 306 310 περὶ
321 275 372 309 τὴν
389 275 492 310 τροφὴν
516 274 691 310 παρέστησεν
706 275 850 309 ἐγκρατὲς.

46 320 135 351 "Em;
148 321 205 356 γὰρ
217 322 283 348 αὐτὸ
296 321 326 348 τὸ
339 322 388 356 τῆς
401 321 507 357 ἡμέρας
522 321 685 356 μεσαίτατον
698 321 789 352 ἄσιτος
805 318 850 355 ἦν,

48 367 108 392 καὶ
128 367 216 393 ταῦτα
245 366 416 401 πεζοπορῶν,
434 367 482 393 καὶ
499 367 567 402 ἡλίῳ
582 366 760 401 θερμόμενος.
778 365 851 399 Πλὴν

48 414 108 439 καὶ
126 414 192 441 ἄλλο
206 423 232 440 τι
253 414 377 449 βούλεται
392 414 593 449 ὑποσημαίνειν
608 414 658 447 τῆς
680 412 754 447 ὧρας
771 413 785 447 ἡ
801 412 851 446 δή-

47 457 143 492 λωσις
156 468 164 475 ·
182 460 243 487 καθ’
259 460 292 495 ἠν
307 462 361 495 γὰρ
378 460 454 495 ὥραν
476 461 492 495 ἡ
520 459 576 486 Εὕα
598 458 736 485 ἐπεπώκει
752 458 782 484 τὺ
802 458 852 490 τῆς

47 507 205 541 παρακοῆς
220 506 394 541 δηλητήριον,
417 506 476 532 κατ’
493 505 579 540 αὐτὴν
600 505 616 539 ὴ
633 505 682 539 τῆς
698 503 770 534 Εὔας
785 503 853 529 ἁπό-

50 560 140 586 γονος
158 553 264 587 εἰλήφει
276 553 307 578 τὸ
320 554 370 587 τῆς
387 551 528 587 ἁμαρτίας
544 551 683 587 λυτήριον.

96 608 107 624 α
131 599 264 634 Ἔρχεται
291 599 361 632 γυνὴ
390 599 421 625 ὲκ
449 598 500 633 τῆς
529 597 688 633 Σαμαρείας
720 598 852 632 ἀντλῆσαι

51 643 145 679 ὕδωρ.
171 654 180 670 t
201 644 297 679 ’Λθρει
311 644 343 679 δὴ
368 643 427 676 πῶς
453 644 488 671 τὰ
504 643 606 670 παλαιὰ
618 644 674 675 τοῖς
695 643 765 675 νέοις
784 652 853 678 συμ-

52 689 222 723 φθέγγεται,
234 690 315 716 τύποι
332 690 386 716 τῶν
403 690 498 716 τύπων
521 690 696 725 δεικνύμενα.
729 691 783 717 Καὶ
799 691 853 725 γὰρ

53 737 108 761 καὶ
137 737 156 771 ἡ
179 736 248 769 πρὸς
275 736 321 763 τὸν
343 736 436 763 Ἰσαὰκ
461 736 510 771 τῆς
541 736 689 768 Ῥεϐέκκας
708 737 851 772 συνάφεια,

51 781 122 815 ἦτις
136 782 187 818 τὴν
203 782 367 817 Ἐκκλησίαν
384 783 513 815 εἰκόνιζε,
525 784 575 818 τὴν
594 784 681 819 ἀρχὴν
698 783 808 818 εἴληφεν
823 785 852 810 ὲν

50 827 98 862 τῷ
112 828 232 862 φρέατι·
256 828 395 855 κάνταῦθα
422 831 469 856 καὶ
488 830 505 865 ἠ
534 829 588 856 τῶν
605 830 784 864 Σαμαρειτῶν
798 839 851 857 σω-

50 872 144 907 τηρία
159 873 203 900 διὰ
219 873 269 908 τῆς
296 874 425 907 γυναικὸς
447 875 481 900 ὲκ
499 873 545 900 τοῦ
570 874 687 910 φρέατος
715 875 848 909 πρόεισιν.

59 918 139 944 Ἀλλ’
156 919 214 945 ἐκεῖ
234 919 283 954 μὲν
298 920 408 953 οἰκέτης
427 916 461 954 ἦν
475 920 489 946 ό
509 920 695 955 προμνήστωρ
710 928 717 935 ·
733 920 852 947 ἐνταῦθα

52 964 85 989 δὲ
103 965 186 996 αὐτος
199 966 213 991 ό
223 966 339 999 νυμφίος
350 965 395 991 διὰ
409 966 458 1000 τῆς
475 966 672 1001 Σαμαρείτιδος
684 966 788 1002 ταύτης
803 967 852 1001 τὴν

51 1010 126 1046 ὃλην
146 1011 227 1046 φύσιν
241 1011 458 1046 ἀρῤαϐωνίζεται
473 1011 512 1046 τῷ
527 1011 709 1045 βαπτίσματι.

98 1067 109 1083 ί
128 1058 210 1091 Λέγει
230 1058 298 1092 αὐτῇ
312 1058 326 1083 ό
350 1057 454 1092 Ἰησοῦς
467 1065 473 1073 ·
495 1057 544 1088 Δός
561 1066 607 1092 μοι
627 1057 699 1089 ’ὕδωρ
716 1057 800 1083 πιεῖν.
819 1057 852 1084 Ol

52 1103 117 1137 γὰρ
148 1103 268 1138 μαθηταὶ
296 1102 385 1129 αὑτοῦ
400 1103 606 1138 ἀπεληλύθασιν
630 1104 669 1134 εἰς
697 1103 746 1138 τὴν
762 1103 851 1134 πόλιν,

55 1148 221 1183 ἴνατροφὰς
243 1148 428 1183 ἀγοράσωσιν.
445 1157 454 1174 ι
472 1149 504 1174 Ὢ
519 1149 568 1184 τῆς
590 1149 779 1184 ἁνεκφράστου
804 1149 852 1175 τοῦ

54 1196 130 1221 Θεοῦ
147 1195 234 1228 Λόγου
263 1194 504 1228 συγκαταΰάσεωςί
530 1195 560 1222 '0
581 1195 672 1221 πᾶσαν
696 1194 746 1230 τὴν
763 1184 852 1221 κτίσιν

55 1241 223 1275 περιφέρων
239 1241 311 1275 μόνῳ
331 1240 370 1275 τῷ
394 1240 520 1274 νεύματι,
538 1241 601 1274 περὶ
617 1238 674 1276 οὒή
695 1242 851 1277 προφητικὴ

56 1287 232 1321 ὲκφαντορία
248 1286 345 1321 φησίν·
363 1296 372 1312 t
399 1286 429 1313 '0
444 1287 510 1318 θεὸς
524 1288 538 1313 ὁ
553 1286 716 1322 προαιώνιος
744 1288 775 1314 οὐ
793 1296 853 1314 πει-

56 1333 153 1365 vdeat,
171 1332 230 1359 οὐδὲ
247 1332 384 1366 κοπιάσει,
407 1342 416 1358 ι
439 1330 515 1363 οὗτος
534 1332 680 1367 ὁδοιπορεῖ,
695 1333 742 1360 καὶ
756 1334 851 1369 κοπιᾷ,

56 1380 111 1406 καὶ
125 1379 253 1414 ἀνέχεται
281 1380 377 1414 πείνης
392 1380 440 1407 καὶ
460 1379 550 1414 δίψης,
566 1380 614 1405 καὶ
629 1380 705 1415 παρὰ
721 1380 853 1413 γυναικὸς

57 1425 138 1460 ὕδωρ
166 1426 246 1452 αἰτεῖ.
276 1425 382 1460 ’Ὠσπερ
404 1426 458 1460 γὰρ
483 1425 634 1451 συνεσθίειν
663 1421 792 1457 τελώναις
821 1425 852 1452 οὺ

56 1473 253 1506 παρῃτήσατο,
271 1471 358 1503 οὕτως
372 1471 433 1497 οὐδὲ
453 1471 540 1507 πόρνῃ
560 1471 732 1505 διαλέγεσθαι
746 1471 853 1506 datm-{1-

55 1526 129 1544 νατο
158 1518 228 1544 κατὰ
255 1517 320 1548 τοὺς
336 1518 465 1553 ἀρίστους
481 1518 535 1543 τῶν
561 1518 673 1552 ἰατρῶν,
689 1517 714 1544 οἳ
733 1517 853 1552 συνεχῶς
868 1535 889 1563 c

55 1564 294 1599 ὲπισκεπτόμενοι
306 1564 369 1595 τοὺς
384 1563 579 1597 πυρέττοντας,
592 1564 693 1598 ἥκιστα
709 1564 758 1598 τῆς
773 1564 853 1590 νόσου

58 1611 316 1646 μταλαμὸἁνουσι.
348 1610 474 1637 Δείκνυσι
501 1610 529 1636 δὲ
559 1611 607 1636 καὶ
629 1610 662 1636 ὲκ
681 1610 730 1644 τῆς
744 1609 855 1645 πρώτης

56 1658 145 1689 εὐθὺς
169 1657 315 1689 δισλέξεως
332 1657 370 1688 ὡς
385 1657 434 1691 τὴν
454 1655 596 1691 ἡμετέραν
620 1656 761 1690 σωτηρίαν
778 1655 853 1690 διψᾷ,

57 1705 110 1730 καὶ
130 1702 209 1731 τοῦτο
221 1703 298 1738 ζητεί
311 1704 377 1738 παρ’
388 1702 477 1737 ήμῶν.
497 1702 745 1736 Περιστιουδάστως
763 1702 791 1728 δὲ
806 1703 854 1728 καὶ

55 1753 73 1778 ὁ
94 1751 293 1786 εὐαγγελιστὴς
309 1749 436 1785 ἐπιφέρει
456 1749 506 1784 τὴν
521 1747 677 1783 ἀποδημίαν
691 1747 746 1774 τῶν
762 1747 851 1782 μαθη-

55 1798 128 1826 τῶν.
145 1798 177 1824 Εἰ
192 1797 247 1833 γὰρ
260 1797 386 1832 παρῆσαν
406 1796 495 1827 αὐτοὶ,
509 1795 556 1822 καὶ
571 1795 602 1821 τὸ
618 1794 690 1828 ὕδωρ
706 1794 738 1821 ἂν
755 1792 852 1829 ἐζήτη-

57 1855 124 1872 σαν.
149 1845 220 1872 Ἀλλ’
233 1846 247 1871 ὁ
258 1844 289 1871 τὺ
304 1844 433 1879 ἐσόμενον
442 1842 587 1878 προειδὼς,
604 1844 706 1874 πάντας
724 1841 853 1868 ἀποστεί-

57 1891 124 1924 λας,
141 1892 221 1926 μόνος
235 1892 304 1926 μόνῃ
318 1888 566 1924 συγκαταόατικῶς
577 1887 743 1921 διαλέγεται.

101 1947 112 1963 ι
134 1938 215 1971 Λέγει
229 1936 303 1972 αὐτῷ
323 1937 340 1971 ὴ
354 1935 448 1970 γυνὴή
466 1935 641 1969 Σαμαρεῖτις¹
659 1934 720 1974 DG);
737 1934 768 1960 σὺ
783 1933 851 1960 Ἰου-

57 1986 136 2016 δαῖος
156 1984 193 2010 ὣν
223 1983 288 2019 παρ’
309 1982 377 2017 ἐμοῦ
394 1983 467 2008 πιεῖν
485 1981 588 2016 ζητεῖς,
615 1980 698 2015 otior];
720 1978 850 2014 γυναικὸς

58 2030 276 2066 Σαμαρείτιδος;
301 2038 310 2055 ι
334 2027 468 2064 Ἐκστηθι
484 2027 535 2062 τῆς
550 2027 692 2060 δυνάμεως
708 2026 758 2062 τὴν
775 2026 851 2060 ἐνέρ-

56 2086 141 2110 γειαν
154 2084 160 2091 ’
172 2076 202 2109 ἐξ
213 2074 299 2109 αὐτῆς
311 2074 364 2109 γὰρ
375 2074 423 2108 τῆς
435 2072 548 2108 πρώτης
559 2071 651 2106 φωνῆς
664 2071 851 2105 ὲλλαμφθεῐσα

57 2122 108 2148 τὸν
125 2120 187 2147 νοῦν
204 2121 220 2153 ἠ
246 2119 327 2154 γυνὴ,
343 2119 392 2153 τῆς
409 2117 518 2152 φύσεως
534 2116 651 2151 κρείττω
678 2117 782 2150 φρονεῖ,
804 2115 850 2141 καὶ

58 2167 140 2203 ζητεῖ
152 2174 176 2191 τι
193 2165 246 2191 τῶν
261 2163 453 2198 ἀγνοουμένων
470 2162 565 2197 μαθεῖν
578 2171 583 2176 ·
600 2161 662 2188 οὔτε
679 2162 734 2196 γὰρ
749 2161 849 2187 δέδωκε

904 230 980 257 diose
1003 231 1144 265 quaesisse.
1161 230 1239 259 Hora:
1262 237 1351 259 autem
1377 233 1481 260 notatio
1496 234 1692 262 abstinentiam

903 275 957 303 cibi
981 277 1126 311 signiﬁcat.
1142 277 1210 305 Nam
1233 286 1317 313 usque
1343 278 1375 305 ad
1401 279 1485 313 ipsam
1511 286 1613 313 partem
1637 281 1689 308 diei

904 322 1021 348 mediam
1047 322 1148 350 nulluut
1176 329 1331 358 sumpserat
1349 324 1458 355 cibum,
1485 325 1602 352 maxime
1629 333 1689 352 cum

905 369 986 402 pedes
1003 374 1029 395 et
1052 369 1110 396 sole
1127 369 1239 397 ardente
1258 370 1308 397 iter
1332 370 1442 397 faceret.
1458 370 1556 398 Verum
1575 376 1603 397 et
1620 371 1692 398 aliud

903 414 1030 447 quiddam
1047 414 1167 441 insinuat
1178 414 1236 442 hzec
1252 415 1324 442 liora:
1341 415 1458 448 notatio;
1475 423 1526 449 qua
1541 415 1614 443 enim
1628 416 1691 442 hora

904 459 1026 486 ebiberal
1038 458 1092 486 Eva
1102 459 1289 487 inobedientiae
1300 468 1446 493 venenum,
1455 461 1549 488 eadem
1563 462 1619 489 haec
1630 461 1691 488 Evae

904 504 1047 540 progenies
1060 506 1162 540 peccati
1178 506 1357 541 expiationem
1372 507 1485 541 accepit.

942 607 951 623 ‹
979 598 1058 626 Venit
1083 597 1179 625 mulier
1204 600 1237 625 de
1263 598 1390 626 Samaria
1414 599 1526 626 haurire
1551 607 1660 634 aquam.
1681 609 1691 626 ι

907 643 1058 671 Considera
1073 648 1102 671 ut
1118 645 1194 671 novis
1210 650 1302 671 vetera
1322 645 1479 677 concinant,
1495 652 1526 671 ac
1539 646 1623 679 ligura
1641 653 1694 672 una

904 690 938 717 ab
957 690 1009 716 alia
1028 690 1192 717 'illustretur.
1210 690 1316 718 Etenim
1339 695 1366 717 et
1386 690 1516 718 Rebecca;
1537 698 1597 718 cum
1620 690 1696 719 Isaac

904 737 970 763 inita
992 736 1157 771 conjunctio,
1171 745 1232 772 qua:
1253 737 1401 765 Ecclesiam
1424 737 1561 772 ﬁguravit,
1578 745 1592 765 a
1613 742 1695 773 puteo

905 782 1012 809 initiutn
1029 783 1115 816 cepit;
1135 788 1163 810 et
1178 783 1220 809 hic
1237 783 1471 810 Samaritanorum
1489 784 1564 811 saltis
1582 791 1597 812 θ
1614 789 1696 818 puteo

905 835 952 862 per
971 827 1111 855 mulierem
1135 828 1240 862 incepta
1261 833 1313 856 est.
1331 829 1381 855 Sed
1404 828 1440 855 ibi
1461 828 1578 856 famulus
1599 830 1694 856 matri-

906 874 988 901 monii
1007 873 1167 901 conciliator
1181 873 1249 907 fuit;
1271 874 1314 901 hic
1328 882 1393 902 vero
1416 882 1533 909 sponsus
1555 876 1612 910 ipse
1634 875 1694 902 uni-

906 927 1011 947 versam
1028 925 1152 947 naturam
1170 928 1217 955 pcr
1232 921 1302 947 hanc
1319 919 1520 948 Satnaritanam
1536 921 1612 955 quasi
1627 929 1695 956 quo-

906 967 967 993 datn
985 966 1136 994 arrltabone
1151 967 1184 993 ad
1198 967 1362 1001 baptismum
1380 967 1432 994 sibi
1449 967 1607 1007 despondet.

945 1068 954 1085 ‹
974 1058 1047 1086 Dixit
1060 1058 1083 1086 ei
1099 1057 1178 1086 Jesus
1197 1068 1203 1086 :
1220 1058 1257 1085 Da
1275 1058 1341 1086 mihi
1360 1058 1462 1086 bibere.
1478 1058 1607 1093 Discipuli
1620 1058 1693 1086 enim

906 1105 965 1139 ejus
985 1105 1110 1131 abierant
1132 1105 1158 1131 in
1181 1104 1330 1136 civitatem,
1346 1109 1374 1131 ut
1392 1104 1467 1132 cibos
1487 1109 1620 1131 eruerent.
1639 1114 1648 1130 ι
1671 1103 1694 1131 Ο

908 1150 990 1178 divini
1023 1149 1104 1177 Verbi
1135 1149 1299 1177 inelIabilem
1331 1149 1540 1177 demissioneml
1568 1150 1618 1183 Qui
1651 1157 1694 1177 rcs

907 1203 1016 1225 creatas
1030 1204 1128 1224 omnes
1143 1196 1201 1224 solo
1218 1202 1283 1223 nutu
1300 1196 1443 1230 gubernat,
1457 1197 1490 1222 de
1508 1203 1562 1230 quo
1581 1204 1694 1224 arcana-

883 1269 886 1270 ,
908 1251 965 1270 rum
1004 1250 1094 1269 rerum
1129 1243 1261 1276 interpres
1284 1242 1322 1268 ait
1341 1250 1349 1268 :
1376 1251 1385 1267 ι
1412 1241 1481 1268 Dens
1501 1247 1621 1269 mternus
1640 1251 1692 1269 non

907 1288 1009 1315 esuriet
1030 1296 1079 1315 nec
1103 1287 1278 1318 laborabit“.
1300 1297 1309 1313 ι
1339 1287 1383 1314 ltic
1406 1287 1458 1314 iter
1490 1287 1554 1315 l'acit
1580 1288 1648 1323 (96),
1667 1294 1693 1315 et

909 1335 1027 1366 laborat,
1044 1339 1072 1361 et
1101 1334 1197 1361 tolerat
1221 1333 1318 1360 famem
1339 1338 1367 1360 et
1387 1333 1477 1366 sitim,
1494 1338 1522 1361 et
1543 1341 1558 1360 a
1581 1334 1693 1361 muliere

908 1388 1006 1416 aquam
1023 1381 1099 1416 petit.
1110 1379 1177 1406 Nam
1191 1380 1315 1414 proinde,
1327 1385 1356 1406 ut
1367 1380 1455 1416 cibum
1469 1388 1529 1407 cum
1542 1380 1692 1414 publicanis

907 1434 1004 1460 «capere
1026 1435 1077 1453 non
1101 1431 1143 1454 est
1162 1426 1332 1459 dedignatus,
1353 1426 1388 1452 ita
1411 1433 1497 1461 neque
1518 1433 1533 1452 a
1555 1426 1691 1460 colloquio

910 1472 1061 1499 meretricis
1079 1471 1230 1502 abhorruit,
1245 1471 1335 1498 ilidctn
1355 1477 1383 1497 ut
1399 1471 1618 1506 prmstantissimi
1637 1480 1693 1498 me-

908 1519 1028 1545 dicorum
1048 1518 1150 1549 solent,
1164 1518 1208 1553 qui
1231 1525 1292 1544 cum
1310 1517 1458 1545 febrieutes
1479 1517 1633 1552 frequenter
1651 1517 1694 1544 in-

908 1565 1011 1596 visant,
1033 1564 1142 1591 minime
1165 1568 1255 1591 tamen
1284 1565 1377 1591 morbo
1403 1564 1569 1592 inﬁciuntur.
1595 1563 1691 1591 Statim

906 1615 995 1637 autem
1022 1610 1109 1644 prima
1137 1611 1260 1637 oratione
1287 1610 1391 1646 prodit,
1419 1615 1539 1637 nostram
1564 1617 1594 1637 se
1618 1609 1695 1637 sitire

906 1657 1030 1687 salutem,
1046 1663 1162 1690 eamque
1184 1664 1198 1683 a
1220 1656 1299 1683 nobis
1319 1656 1445 1690 postulat.
1462 1655 1593 1683 Consulto
1612 1655 1693 1682 etiam

904 1702 1069 1735 evangelista
1088 1701 1283 1736 discipulorum
1302 1702 1403 1728 abitum
1422 1700 1556 1734 subdidit;
1578 1700 1599 1727 si
1621 1699 1693 1726 eniut

905 1747 955 1781 ipsi
974 1746 1139 1779 adfuissent,
1155 1753 1222 1773 sane
1240 1747 1321 1773 etiam
1340 1753 1438 1780 aquam
1457 1745 1608 1780 petiissent.
1627 1745 1691 1776 Sed,

904 1793 949 1827 qui
967 1792 1051 1819 futuri
1070 1792 1203 1827 praescius
1218 1797 1289 1824 erat,
1306 1799 1402 1820 onmes
1420 1792 1538 1825 dimisit;
1557 1796 1639 1826 atque
1656 1791 1692 1817 ita

905 1847 956 1875 per
973 1846 1107 1866 summam
1126 1838 1320 1866 demissionem
1340 1839 1416 1866 solus
1435 1838 1519 1865 solam
1538 1837 1692 1872 alloquitur.

941 1894 950 1911 ι
980 1885 1047 1912 Dicit
1074 1885 1098 1912 ei
1127 1884 1223 1911 mulier
1247 1884 1292 1911 illa
1320 1883 1491 1911 Samaritana
1518 1892 1526 1911 :
1552 1883 1694 1916 Quomodo

902 1931 986 1967 263
1002 1937 1040 1964 tu,
1057 1929 1164 1957 Jtnlzcus
1181 1938 1241 1957 cum
1260 1931 1309 1964 sis,
1322 1930 1414 1958 bibere
1430 1938 1444 1957 a
1459 1938 1502 1957 me
1520 1932 1617 1965 poscis,
1631 1937 1692 1964 quas

902 1986 961 2004 sum
980 1977 1076 2004 mulier
1091 1976 1283 2003 Samaritana?
1300 1986 1310 2002 ι
1330 1976 1473 2003 Adtuirare
1488 1976 1620 2004 occultam
1637 1975 1691 2002 vim

901 2023 999 2050 divina!
1022 2023 1149 2057 potentia;
1173 2031 1179 2049 :
1203 2024 1289 2056 prima
1312 2022 1385 2048 enim
1406 2022 1489 2056 ipsius
1510 2029 1574 2048 voce
1594 2020 1693 2047 illumi-

902 2074 965 2095 nata
990 2068 1111 2095 mulieris
1132 2075 1219 2099 mens,
1243 2067 1368 2096 meliores
1388 2075 1469 2102 quant
1493 2072 1589 2094 natura
1610 2066 1692 2093 ferret

901 2115 1079 2149 cogitationes
1091 2114 1219 2149 suscipit,
1235 2119 1261 2141 et
1274 2114 1374 2148 aliquid
1399 2121 1492 2140 eorum
1512 2121 1570 2148 qum
1585 2113 1693 2146 ignora-

904 2161 949 2188 bat
980 2161 1076 2195 qua‘rit
1098 2161 1252 2192 addiscere;
1272 2169 1333 2188 itam
1350 2167 1437 2194 neque
1454 2165 1545 2194 potum
1563 2159 1691 2193 praebuit,

58 2214 145 2244 πιεῖν,
175 2211 236 2238 οὔτε
264 2210 311 2237 οὖν
326 2209 494 2244 ἁπηνῄνατο,
516 2208 573 2235 ἀλλ’
590 2208 645 2234 ἀπὸ
671 2208 720 2242 τῆς
741 2207 847 2242 ὁμιλίας

915 2215 955 2234 nec
977 2215 1044 2234 sane
1063 2207 1213 2240 recusavit;
1234 2207 1281 2234 sed
1300 2214 1315 2233 a
1336 2213 1462 2233 sermone
1479 2211 1506 2232 et
1523 2206 1614 2232 habitu
1633 2205 1691 2240 (97)

58 2259 109 2285 καὶ
125 2258 172 2284 τοῦ
198 2257 337 2292 σχήματος
360 2254 486 2281 Ἰουδαῖον
510 2254 591 2280 αὐτὸν
611 2250 681 2279 εἶναι
701 2253 848 2285 εἰκάσασα,

59 2303 287 2338 πολυπραγμονεῖ
299 2300 405 2333 μαθεῖν,
420 2299 478 2330 πῶς
497 2300 528 2326 οὐ
541 2301 618 2334 τηρεῖ
631 2299 680 2333 τὴν
702 2298 849 2333 Ὶουδαῖκὴν

58 2349 267 2385 παρατήρησιν.
291 2346 386 2373 Ἀλλ’ό
404 2347 507 2380 Κύριος
528 2346 608 2379 ἀφεὶς
624 2344 705 2371 λῦσαι
718 2345 767 2380 τὴν
781 2345 850 2371 ἀπο-

61 2397 133 2433 ρίαν,
147 2393 319 2428 ἐκφαντικῶς
329 2396 358 2419 τε
372 2394 468 2425 εἰπεῖν,
484 2393 522 2423 ὡς
534 2393 588 2427 Οὐχ
603 2392 750 2426 ὑπόκειμαι
761 2393 848 2426 νόμῳ,

58 2443 207 2477 νομοδότης
235 2440 272 2467 ὣν
290 2441 337 2466 καὶ
351 2440 432 2471 Θεός·
460 2439 540 2465 τοῦτο
558 2438 607 2473 μὲν
633 2438 663 2465 οὺ
678 2438 765 2469 λαλεῖ,
780 2438 849 2465 πλα-

59 2490 127 2524 γίως
150 2489 179 2515 δέ
208 2496 267 2519 πως
293 2486 342 2513 καὶ
370 2486 459 2521 ἡρέμα
478 2485 546 2520 πρὸς
561 2484 611 2516 τὰς
626 2484 732 2519 ὑψηλὰς
744 2484 848 2515 ἑννοίας

59 2533 204 2570 ἐμϐιϐάζει
219 2532 314 2567 αὐτὴν,
334 2531 380 2558 καί
393 2539 476 2566 φησιν
487 2539 494 2546 θ
509 2540 518 2556 ι
538 2531 567 2557 El
581 2530 655 2566 ᾔδεις
678 2530 728 2565 τὴν
743 2529 850 2566 δωρεὰν

95 2598 117 2614 ¹⁶
129 2597 181 2625 Iszt.
193 2604 236 2628 XL,
247 2595 292 2622 28.

900 2252 1022 2279 Judanm
1039 2253 1113 2280 illum
1129 2261 1189 2280 esse
1201 2253 1359 2287 conjiciens,
1375 2253 1495 2280 studiose
1512 2256 1688 2286 percontatur

899 2306 984 2333 quare
1005 2299 1144 2331 Judaicam
1166 2299 1388 2327 consuetudinem
1411 2307 1464 2326 non
1486 2300 1620 2326 observet.
1635 2297 1689 2325 Sed

900 2348 1033 2374 Dominus
1064 2347 1169 2375 solvere
1199 2348 1394 2382 qna-stionem,
1422 2352 1449 2374 et
1477 2352 1570 2382 aperte
1600 2347 1691 2374 dicere

883 2393 1042 2426 «ontitteus,
1068 2401 1121 2420 non
1147 2394 1282 2421 subditum
1307 2401 1368 2420 esse
1394 2401 1424 2421 se
1449 2392 1514 2427 legi,
1536 2400 1597 2420 cmn
1625 2392 1690 2426 legis

902 2443 975 2465 esset
994 2443 1087 2465 auctor
1111 2443 1139 2465 et
1167 2439 1251 2471 Deus,
1275 2439 1306 2465 de
1329 2439 1380 2466 hoc
1400 2445 1466 2465 sane
1485 2446 1539 2465 non
1560 2437 1689 2472 loquitur,
1718 2447 1721 2449 ·

904 2485 951 2511 sed
974 2492 1022 2518 per
1044 2484 1251 2511 insinuationem
1270 2491 1302 2511 ac
1322 2485 1421 2511 sensim
1446 2485 1477 2511 ad
1499 2485 1607 2511 altiores
1630 2491 1688 2510 eam

903 2524 1084 2566 cogittﬁiones
1098 2530 1206 2563 attollit,
1221 2535 1247 2558 et
1264 2530 1301 2557 ait
1319 2539 1326 2558 :
1346 2540 1355 2556 ‹
1366 2530 1394 2557 Si
1412 2531 1497 2558 scires
1514 2531 1611 2558 donum
1630 2529 1687 2560 Dei.

675 2629 836 2661 Francisci
854 2629 957 2661 Scorsi
978 2633 1071 2660 noue.

96 2683 154 2719 (96)
176 2682 227 2710 Hic
248 2682 297 2708 iter
316 2681 387 2716 facit.
409 2681 510 2719 Etlttec
526 2681 640 2708 deerant
669 2682 694 2719 i_n
769 2679 846 2713 οὗτος

60 2715 198 2753 ὁδοιπορεῖ
213 2722 266 2743 etc.
289 2715 374 2751 nstitte
388 2717 436 2742 καὶ
449 2717 528 2753 δίψης
544 2725 605 2753 quse
620 2724 651 2743 ex
669 2715 737 2753 G_all.

97 2750 163 2788 (9η
176 2752 227 2779 Sed
254 2761 270 2778 a
286 2750 405 2788 sermone
418 2755 441 2778 et
458 2750 560 2778 habitu.
581 2752 647 2778 Cum
683 2750 845 2777 Sattiaritani

61 2787 154 2816 essent
181 2787 287 2814 colonia
312 2787 499 2821 Assyriorum,
528 2791 557 2813 ut
571 2790 692 2812 notatum
706 2791 748 2812 est
762 2793 843 2819 supra

63 2829 119 2850 not.
148 2822 194 2851 85.
212 2821 342 2849 credibile
361 2826 404 2847 est
426 2826 453 2848 et
485 2822 616 2853 habitum,
648 2826 676 2847 et
693 2827 845 2847 sermonem

62 2858 191 2888 habuisse
208 2857 324 2892 diversa,
339 2857 409 2885 sicut
435 2856 569 2886 diversam
588 2856 722 2884 habebant
736 2855 845 2889 religio-

898 2687 977 2712 nem;
1010 2687 1070 2705 nam
1101 2683 1128 2705 et
1157 2678 1272 2707 Galila'i.
1302 2685 1363 2705 cum
1394 2678 1516 2712 ejusdem
1538 2677 1629 2713 gentis
1658 2683 1686 2705 et

899 2714 1039 2749 religionis
1056 2714 1286 2749 cssent,__linguge
1307 2718 1403 2749 tamen
1432 2714 1526 2749 aliquo
1542 2713 1684 2739 discerne-

898 2747 997 2780 bantur
1023 2749 1134 2776 indicio.
1165 2747 1241 2775 Unde
1260 2747 1346 2774 Jutlmi
1368 2747 1463 2780 Petro,
1482 2748 1576 2774 Matth.
1593 2755 1656 2774 ηνι
1677 2757 1684 2774 :

901 2783 965 2811 Vera
986 2789 1012 2809 tu
1030 2792 1062 2809 επ
1086 2783 1140 2809 illis
1154 2791 1191 2813 es.
1213 2791 1273 2808 nam
1290 2787 1314 2809 et
1331 2782 1434 2815 lor/uela
1451 2788 1496 2808 tua
1515 2782 1684 2815 manifestum

898 2824 921 2845 te
938 2818 1013 2849 [ηείι.
1036 2819 1072 2844 lla
1096 2818 1174 2844 etiam
1191 2818 1343 2852 Chrysost.,
1366 2817 1527 2853 ’l‘heopltyl.,
1544 2816 1683 2853 Euthym.,

897 2859 922 2882 ct
937 2854 1034 2888 probat
1047 2853 1218 2883 Maldonatus
1235 2858 1337 2880 noster.
