1875 3055
11 151 33 182 Π
617 148 768 180 HOMlLL‘

859 148 966 180 XVIII.

1557 145 1610 177 738

11 210 60 243 ιλὴ,
82 207 132 234 καὶ
150 208 290 244 ἐπίχαρις,
305 210 322 245 ἡ
338 207 466 235 πωλοῦσα
480 207 545 242 ἔθνη
561 207 590 233 ἒν
608 208 640 241 τῇ
657 205 768 240 πορνείᾳ

868 206 922 232 ibat
941 209 1000 240 post
1016 208 1151 232 amatores
1171 204 1279 231 suos".
1300 213 1308 230 ι
1332 202 1416 230 Naum
1437 203 1518 230 etiam
1539 202 1577 237 (ὅ)
1603 212 1610 229 :

11 255 77 289 ὶτῆς.
98 263 108 279 ι
128 254 158 281 Ὀ
183 254 265 289 νόμος
280 253 370 281 τοίνυν
395 254 444 287 τῆς
458 252 586 283 ἀσεϐείας
603 252 652 278 οὐκ
667 249 700 285 ἦν
719 251 769 285 τῆς

10 302 88 331 ὂσεως
100 300 155 326 τῶν
171 299 324 336 ἀνθρώπων
341 300 411 334 ἁνήρ
423 307 430 314 ⁶
456 299 553 333 ἔμελλε
574 298 627 333 γὰρ
649 306 769 332 νυμφευ-

10 347 60 380 ili/at
74 346 195 380 Χριστῷ,
205 343 228 380 ᾦ
241 346 424 380 νυμφοστολεῖ
436 344 538 379 ταύτην
552 344 667 376 Παῦλος,
682 343 770 376 οὕτως

12 391 81 417 πών·
113 401 123 417 ι
149 391 332 427 Ἥρμοσάμην
361 391 434 425 ὑμᾶς
463 390 505 417 ἑνὶ
531 390 610 425 ἀνδρὶ
634 390 770 425 παρθένον

9 436 64 471 (γὴν
81 438 259 471 παραστῆσαι
274 435 395 470 Χριστῷ.
410 445 419 461 ι
446 434 528 470 nam
541 435 575 461 τὰ
589 435 638 470 τῆς
651 435 771 470 ἱστορίας

9 482 59 514 ἷοις
75 483 308 518 ὲπαναλάόωμεν.

21 578 30 594 ι
46 569 126 603 Λέγει
142 569 217 604 αὐτῷ
233 570 248 605 ἡ
267 569 339 606 γυνή’
350 578 357 586 ⁸
375 570 473 605 Κύριε,
487 569 593 605 θεωρῶ,
606 570 648 597 ὅτι
663 570 770 606 προφή-

8 624 31 650 q:
44 613 67 641 εἷ
82 615 125 642 σύ.
142 624 152 641 ι
178 615 331 642 Ἀκούσασα
348 615 419 642 οὕτω
434 615 529 650 σαφῶς
544 615 771 651 ἀνακαλυφθέντα

8 662 18 687 ι
43 662 70 686 iv
96 661 268 696 παραϐύστῳ
285 661 456 697 πραχθέντα,
477 662 523 688 καὶ
546 662 595 688 ὅσα
621 661 670 697 τὴν
693 662 770 688 πόλιν

8 707 137 738 λάνθανεν,
155 708 212 734 050'
228 709 368 743 ὑπεσταλη
385 707 586 743 ἐρυθριάσασα,
610 707 666 734 οὔτ’
682 708 769 743 ἀπρε-

7 754 35 785 ηές
49 762 74 780 τι
96 755 145 781 καὶ
166 754 261 788 ἔταμον
278 754 480 788 ἀνεφθέγξατο·
496 754 553 781 ἀλλ’
581 755 613 780 ὲκ
630 753 678 780 τοῦ
700 763 769 789 προ-

7 801 70 835 ήτην
85 800 170 827 αὑτὸν
194 800 338 835 ὁμολογεῖν
352 801 424 827 ἔοικε
435 800 473 835 τῷ
485 800 556 835 λόγῳ
573 800 771 834 συγκατατίθε-

7 846 52 878 lat,
71 847 222 873 ἀπεοικότα
238 847 266 873 δὲ
295 847 383 873 ποιεῖν
398 846 436 881 τῷ
464 846 536 873 ἔθνει
552 846 649 881 αὐτῆς.
667 846 699 873 Οἱ
715 846 770 881 γὰρ

7 895 148 926 ιμαρεῖται
160 894 303 927 προφήτας
316 892 347 919 οὐ
363 892 558 928 παρεδέξαντο.
571 889 638 919 Εἶτα
649 894 694 918 καί
705 892 769 926 περὶ

6 938 122 972 ιγμάτων
137 937 226 972 ζητεῖ,
244 937 339 972 ὥσπερ
354 937 489 964 ὠδίνουσα
502 936 658 972 τὺ’ζήτημα
672 937 770 972 πρότε-

6 992 29 1009 ον
32 1003 39 1010 .

21 1038 29 1054 ι
43 1029 73 1055 Οἱ
90 1029 208 1064 πατέρες
221 1029 302 1064 ὴμῶν
318 1029 347 1055 ὲν
363 1028 401 1064 τῷ
420 1029 478 1064 opst
497 1029 587 1065 τούτῳ
600 1029 770 1065 προσεκύνη-

5 1083 41 1105 ιν,
57 1075 103 1100 καὶ
117 1074 198 1108 ὑμεῖς
217 1074 322 1109 λέγετε.
335 1075 375 1102 ὅτι
391 1077 420 1102 ὲν
443 1073 641 1110 Ἰεροσολύμοις
666 1075 739 1100 ἐστὶν
756 1075 771 1100 ό

5 1122 61 1152 5m;
77 1121 146 1147 ὅπου
161 1121 202 1148 δεῖ
211 1122 385 1154 προσκυνεῖν.
403 1131 412 1147 ι
435 1121 560 1148 Ἰουδαῖοι
578 1121 628 1156 μὲν
637 1120 686 1152 τὰς
701 1129 770 1156 προ-

6 1167 97 1200 ητικὰς
111 1166 206 1200 φωνὰς
218 1166 383 1201 σωματικῶς
396 1166 569 1202 ἐκδεχόμενοι
583 1165 669 1202 ᾤοντο
679 1167 708 1192 ὲν
723 1167 769 1201 μὲ-

4 1221 38 1243 οις
59 1211 255 1247 Ἰεροσολύμοις
269 1212 324 1238 δεῖν
339 1213 504 1244 προσκυνεῖν
519 1212 565 1238 τὸν
582 1211 659 1239 Θεόν.
678 1212 771 1248 Σαμα-

5 1260 70 1284 εῖται
90 1258 119 1284 δὲ
144 1258 174 1284 ὲν
187 1258 246 1293 ὄρει
258 1257 307 1284 τοῦ
321 1257 444 1293 Γαριξὶν,
461 1259 490 1284 ἑν
501 1255 524 1292 ᾧ
540 1259 574 1285 τὰ
596 1257 694 1285 εἴδωλα
708 1260 770 1285 ὲκε-

7 1301 117 1336 ρύφιιτο,
131 1301 170 1333 ὡς
180 1302 208 1328 ὲν
222 1303 279 1333 τοῖς
291 1301 448 1338 ἔμπροσθεν
463 1303 587 1338 εἴπομεν.
601 1302 711 1338 Ταύτην
723 1303 770 1330 οὖν

4 1349 32 1383 ὴν
48 1348 161 1383 ζήτησιν
183 1348 221 1380 ὡς
235 1348 387 1382 ἀμφίϐολον
402 1350 418 1384 ὴ
431 1349 500 1385 γυνὴ
510 1349 548 1385 ἰιῷ
559 1350 682 1385 Δεσπότῃ
692 1351 770 1385 προῖ-

3 1403 87 1421 “νεται.
102 1395 136 1421 Τί
152 1393 198 1422 οὖν
213 1396 228 1421 ὁ
243 1396 356 1431 Σωτήρ;

23 1449 33 1466 ι
56 1441 205 1467 Πίστευσον
237 1450 292 1476 μοι,
322 1441 415 1476 γύναι,
441 1441 482 1468 ὅτι
502 1441 613 1477 ἔρχεται
641 1441 710 1477 ὥρα,
725 1443 769 1469 ὅτε

3 1487 44 1513 (ne
58 1488 87 1514 ὲν
99 1487 139 1522 τῷ
156 1488 214 1522 opst
227 1487 325 1523 τούτῳ,
345 1487 408 1514 οὔτε
422 1489 451 1514 ἄν
470 1488 668 1524 Ἰεροσολύμοις
684 1497 768 1524 προσ-

825 259 834 276 ι
854 250 978 278 Meretrix
996 250 1116 285 speciosa
1135 254 1162 277 et
1178 254 1270 284 grata,
1292 257 1350 283 qua:
1371 248 1463 276 vendit
1477 254 1570 284 gentes
1585 249 1610 276 in

823 297 1000 324 fornicatione
1013 296 1104 324 sua“.
1122 305 1130 321 ι
1149 295 1205 322 Lex
1218 295 1300 330 igitur
1313 293 1461 328 impietatis
1480 301 1533 321 non
1553 298 1611 321 erat

822 343 862 369 vir
879 343 1003 370 ltumante
1021 347 1140 374 natum,
1155 341 1202 369 sed
1220 341 1330 368 Christo
1350 345 1463 373 nuptura
1481 344 1554 370 erat,
1569 339 1612 366 cui

823 387 922 415 Paulus
944 395 1003 414 eam
1026 388 1141 414 adornat
1162 391 1191 413 ut
1213 392 1338 419 sponsam
1360 384 1416 420 (5),
1431 384 1470 411 sic
1490 383 1581 410 dicens
1603 392 1610 411 :

826 442 836 458 ι
863 433 996 467 Despondi
1021 433 1093 459 enim
1121 439 1167 458 vos
1196 431 1240 458 uni
1267 431 1326 458 viro
1349 430 1480 465 virginem
1508 434 1611 457 castam

823 477 950 503 exhibere
969 476 1117 504 Christo".
1139 485 1148 502 ι
1171 474 1223 502 Sed
1245 475 1402 502 historicum
1424 475 1608 502 narrationem

824 523 921 550 iterum
937 530 1118 550 resutnatnus.

861 577 870 594 ι
892 568 960 596 Dicit
975 568 999 595 ei
1017 567 1114 594 mulier
1129 577 1135 594 :
1153 567 1278 600 Domine,
1298 567 1377 594 video
1397 566 1459 601 quia
1481 566 1611 601 propheta

822 622 852 641 es
871 618 908 641 tu.
925 623 935 640 ›
953 613 1003 641 Ubi
1020 613 1106 640 audiit
1121 621 1152 640 ea
1165 620 1225 648 qua:
1241 613 1299 648 ipsa
1316 613 1342 639 in
1361 612 1466 639 occulto
1479 616 1610 646 patrarat,

823 667 883 694 qute
897 659 1034 686 latuerant
1050 659 1201 692 civitatem,
1221 659 1247 684 in
1264 658 1350 685 lucem
1369 662 1421 684 tam
1440 663 1533 692 aperte
1549 664 1607 691 pro-

823 705 888 738 lata,
907 712 956 733 nec
967 712 1022 740 pra:
1038 706 1141 739 pudore
1154 703 1338 731 dissimulavit
1353 711 1440 738 neque
1453 703 1611 730 indecorum

823 751 964 786 quidpiam
994 750 1149 785 petulanter
1182 749 1339 784 respondit;
1377 749 1423 775 sed
1451 749 1611 783 prophetam

823 799 897 826 illtnu
913 798 1052 831 coulessa,
1069 798 1126 833 ejus
1147 797 1263 825 orationi
1288 798 1444 824 consentire
1469 797 1526 824 visa
1552 801 1611 829 εει,

823 851 851 873 et
865 852 945 872 secus
965 844 1067 877 facere,
1086 852 1166 878 qttam
1183 851 1250 878 gens
1273 851 1322 871 sua
1339 843 1537 871 eonsuevisset.
1559 843 1610 870 Sa-

825 891 949 918 maritani
972 891 1108 925 siquidem
1127 889 1273 924 prophetas
1299 896 1354 916 non
1382 893 1544 922 receperunt
1560 888 1610 923 (6).

822 935 887 964 Post
903 937 958 963 haec
980 936 1013 963 de
1036 935 1169 971 dogmatis
1184 942 1246 962 eum
1263 935 1424 969 interrogat,
1441 934 1519 968 quasi
1541 934 1613 962 hanc

822 982 1002 1016 quzestiouem
1015 981 1069 1014 iam
1084 986 1147 1008 ante
1167 981 1258 1008 animo
1271 980 1432 1014 parturiret.

859 1036 868 1052 ι
889 1026 984 1053 Patres
1001 1026 1087 1053 nostri
1115 1026 1141 1052 in
1167 1031 1258 1053 monte
1283 1025 1334 1052 hoc
1357 1025 1552 1057 adoraveruut,
1584 1029 1612 1052 et

821 1078 870 1099 vos
884 1070 975 1098 dicitis
988 1090 996 1104 ,
1021 1071 1084 1106 quia
1103 1070 1299 1106 Hierosolymis
1315 1074 1357 1097 est
1373 1069 1459 1101 locus.
1482 1071 1526 1097 ubi
1543 1070 1611 1097 ado-

823 1125 883 1144 rare
897 1121 1015 1151 oportet.
1032 1126 1041 1143 ι
1059 1116 1144 1144 Juda:i
1164 1124 1231 1144 sane
1251 1116 1426 1151 propheticas
1451 1123 1531 1143 voces
1551 1123 1613 1142 cor-

822 1165 950 1199 poraliter
965 1163 1141 1198 accipientes,
1165 1162 1252 1190 solum
1280 1161 1477 1197 Hierosolymis
1502 1161 1610 1188 adorari

823 1210 905 1238 Deum
925 1210 1071 1237 convenire
1089 1209 1292 1236 existimabant.
1309 1208 1473 1235 Samaritani
1493 1215 1556 1234 vero
1583 1208 1612 1234 in

823 1261 914 1283 monte
933 1255 1043 1283 Gariziu
1064 1255 1113 1290 (7),
1140 1254 1184 1281 ubi
1210 1254 1368 1281 abscondita
1395 1255 1464 1281 idola
1491 1253 1612 1287 fuerant,

822 1306 851 1328 ut
875 1308 956 1336 supra
978 1300 1199 1328 memoravimus.
1228 1298 1303 1326 llanc
1324 1299 1407 1333 igitur
1433 1300 1610 1333 quaestionem

822 1351 851 1372 ut
881 1347 989 1373 dubiam
1019 1346 1147 1380 proponit
1176 1345 1288 1372 Domina
1316 1345 1421 1372 mulier.
1449 1344 1519 1378 Quid
1549 1352 1612 1372 tero

822 1392 947 1420 Salvator
957 1393 968 1418 τ

861 1446 870 1463 ι
888 1437 993 1468 Mulier,
1012 1435 1093 1463 crede
1118 1436 1201 1469 mihi,
1227 1436 1288 1470 quia
1310 1434 1384 1462 venit
1404 1434 1486 1467 hora,
1503 1436 1613 1470 quando

821 1490 910 1517 neque
934 1482 959 1508 in
980 1487 1070 1508 monte
1093 1482 1154 1514 hoc,
1177 1489 1264 1515 neque
1288 1481 1314 1508 in
1339 1481 1531 1515 Hierosolymis
1546 1481 1612 1507 ado-

2 1535 113 1568 ιυνήσετε
126 1533 165 1568 τῷ
186 1533 284 1568 Πατρί.
303 1543 312 1559 ι
334 1533 422 1569 Ὥραν
437 1533 486 1568 τὴν
505 1533 602 1560 ἑαυτοῦ
623 1534 768 1570 ἐπιδημίαν

859 1527 917 1555 bitie
934 1527 1054 1554 Patrem.
1073 1536 1081 1552 I
1100 1525 1200 1552 lloram
1216 1532 1295 1553 vocat
1309 1526 1454 1552 adventum
1479 1533 1568 1558 stunn,
1583 1526 1610 1552 in

4 1579 66 1612 ἐγει,
77 1579 141 1606 καθ’
154 1579 187 1614 ἣν
199 1579 224 1606 οἱ
241 1578 365 1614 ἀληθινοὶ
381 1581 570 1616 προσκυνηταὶ
588 1580 639 1608 οὑκ
653 1581 682 1607 ὲν
695 1582 772 1616 ἀφω-

2 1625 103 1659 ιισμένῳ
122 1625 211 1660 τόπῳ,
228 1625 297 1653 ἀλλὰ
327 1626 497 1661 πανταχόθεν
523 1626 699 1661 προσοισουσι
723 1628 772 1664 τὴν

2 1670 170 1705 προσκύνησιν
182 1670 222 1706 τῷ
237 1670 378 1706 πανταχοῦ
392 1672 507 1706 παρόντι
527 1671 598 1708 Θεῷ.

24 1724 32 1741 ι
55 1716 152 1750 Ὑμεῖς
176 1718 354 1751 προσκυνεῖτε
378 1717 392 1743 ὃ
409 1717 460 1744 οὑκ
475 1718 575 1751 οἴδατε,
587 1719 668 1753 ἡμεῖς
682 1727 768 1754 προσ-

2 1763 119 1798 ,υνοῦμεν
135 1763 150 1789 ὃ
162 1762 285 1798 οἴδαμεν.
306 1772 315 1788 ι
333 1762 483 1799 Θορυόήσει
496 1763 524 1790 δι
541 1764 605 1796 ἴσως
620 1765 696 1796 τινὰς
715 1766 771 1793 τῶν

2 1809 128 1842 ικροατιῖιν
144 1809 161 1843 ὴ
187 1809 233 1834 ἐπὶ
259 1807 379 1843 Χριστοῦ
405 1808 538 1844 λεγομένη
573 1810 769 1845 προσκύνησις,

2 1853 79 1888 ,πειδὴ
103 1854 202 1880 ἑαυτὸν
216 1855 273 1885 τοῖς
298 1853 482 1889 προσκυνοῦσι
498 1856 671 1891 συναριθμετ.
693 1858 772 1884 Ἐστι

2 1900 55 1926 ὲοῦ
83 1901 209 1935 κάματος
235 1902 292 1932 τοῖς
311 1900 435 1927 εὐσεόεῖν
451 1901 636 1936 βουλομένοις,
651 1903 698 1929 καὶ
713 1904 773 1930 θεο-

2 1947 97 1980 πρεπῶς
109 1947 159 1978 τὰς
176 1946 305 1978 τοιαύτας
321 1947 414 1981 φωνὰς
428 1946 662 1981 ὲκλαμὸάνεσθαι.
681 1950 770 1985 Προσ-

2 1994 76 2018 ευνεῖν
92 1993 144 2028 μὲν
160 1993 244 2027 λέγει,
261 1993 299 2024 ὡς
322 1993 373 2028 τὴν
387 1994 594 2028 προσκυνοῦσαν
611 1995 692 2029 φύσιν
706 1997 770 2022 ἁνα-

2 2038 84 2070 αὗὼν,
97 2039 147 2065 καὶ
155 2038 340 2074 οἰκειούμενος
350 2040 380 2065 τὺ
391 2039 527 2075 ἡμέτερον
538 2048 544 2055 ·
559 2042 771 2075 προσκυνεῖσθαι

2 2084 17 2110 ὶὲ
32 2083 110 2110 πάλιν
128 2085 142 2111 ὁ
155 2085 236 2116 αὐτὸς
253 2085 290 2117 ὡς
303 2085 379 2116 Θεός,
395 2085 467 2121 Πλὴν
478 2086 507 2112 οὐ
525 2085 675 2121 διαιρετέον
686 2096 772 2124 προσ-

2 2132 153 2167 ιυνούμενον
177 2131 224 2157 καὶ
243 2130 358 2165 λέγοντα
376 2132 549 2166 προσκυνεῖν,
570 2133 609 2163 εἰς
629 2133 773 2168 ἄνθρωπον

23 2196 42 2212 ²¹
53 2197 121 2225 Osee
135 2204 166 2230 ll,
179 2196 223 2223 l5.
260 2195 283 2211 ¹¹
294 2194 389 2222 Nuam.
406 2203 447 2228 ιιι,
459 2196 485 2223 κίι.
523 2195 567 2223 ’³1
582 2195 644 2225 Cor.
657 2205 694 2230 ιι,
707 2197 734 2226 2.

821 1581 875 1609 quo
891 1573 948 1600 veri
973 1573 1132 1600 adoratores
1155 1580 1208 1598 non
1236 1572 1262 1599 in
1288 1571 1379 1606 aliquo
1405 1571 1518 1598 dctinito
1539 1571 1610 1603 loco,

821 1620 868 1648 sed
892 1619 993 1654 ubique
1014 1618 1167 1646 adorabunt
1190 1618 1275 1645 Deutu
1299 1617 1425 1644 omnibus
1452 1617 1520 1644 locis
1540 1625 1610 1652 prae.

821 1670 939 1693 sentem.

860 1731 870 1748 ι
890 1722 944 1749 Vos
967 1722 1106 1754 adoratis,
1133 1721 1204 1757 quod
1228 1721 1358 1754 nescitis;
1383 1729 1431 1748 nos
1451 1721 1611 1754 adoramus,

822 1769 894 1803 quod
909 1768 1021 1795 scimus.
1043 1777 1053 1794 ι
1070 1767 1202 1794 Turbabit
1225 1766 1342 1794 fortasse
1359 1767 1513 1802 quempiam
1535 1768 1612 1794 audt-

823 1819 912 1842 torutn
936 1814 1007 1848 quod
1025 1810 1039 1839 ιι
1059 1813 1171 1840 Christo
1189 1812 1222 1840 de
1245 1812 1405 1839 aderatioue
1430 1813 1531 1839 dictum
1557 1818 1611 1845 est,

822 1860 931 1896 quando
947 1867 976 1886 se
991 1859 1077 1893 ipsum
1094 1859 1166 1885 inter
1179 1859 1337 1885 adoratores
1353 1863 1542 1885 connumerat.
1559 1858 1612 1884 Sed

823 1905 890 1933 nihil
908 1905 1008 1940 negotii
1030 1904 1141 1932 facessit
1161 1904 1211 1931 hoc
1234 1903 1268 1931 iis
1286 1904 1331 1938 qui
1350 1904 1408 1938 pios
1430 1911 1491 1930 esse
1508 1912 1538 1931 se
1561 1911 1611 1930 vo-

823 1951 920 1978 luntet
937 1951 970 1977 de
987 1949 1042 1976 Deo
1060 1950 1173 1981 sentire,
1196 1949 1234 1976 ttti
1255 1949 1344 1982 decet,
1371 1949 1420 1976 has
1435 1956 1515 1976 voces
1529 1950 1612 1985 272

825 1998 960 2030 accipere.
975 1996 1096 2022 Adorare
1112 1994 1221 2027 quidem
1234 2001 1264 2022 se
1279 1995 1357 2027 dicit,
1375 2000 1403 2022 ut
1420 1995 1464 2030 qui
1485 2000 1610 2022 naturam

826 2051 886 2078 qua:
903 2043 1018 2069 adorare
1033 2046 1124 2076 posset
1139 2047 1335 2075 assumpscrat,
1353 2042 1474 2076 adeoque
1489 2043 1612 2070 tribuens

826 2089 880 2116 sibi
897 2088 969 2123 quod
989 2092 1112 2114 nostrum
1136 2091 1195 2114 est:
1213 2087 1319 2114 aderari
1336 2095 1401 2114 vero
1426 2095 1519 2115 rursus
1540 2088 1611 2115 idem

828 2134 929 2162 dicitur
946 2138 975 2160 ut
990 2133 1073 2161 Deus.
1098 2132 1290 2160 Verumtamen
1307 2139 1361 2160 non
1374 2133 1493 2161 dividere
1505 2139 1611 2168 oportet

597 2255 757 2287 Francisci
775 2255 880 2287 Scorsi
896 2258 990 2287 notua.

25 2318 61 2353 (ι)
82 2317 172 2344 Naum
183 2316 273 2344 etiam.
289 2316 318 2353 ln
331 2316 653 2353 duobusexemplaribus,
667 2318 764 2351 quibus
782 2322 803 2349 ι)
818 2321 870 2345 etc.
887 2319 926 2346 lla
957 2318 1038 2346 etiam
1059 2318 1202 2352 Origenes.
1222 2317 1392 2351 Ambrosius,
1411 2323 1439 2346 et
1454 2326 1485 2346 ex
1502 2319 1610 2353 nuperis

2 2351 56 2380 tsus'
79 2360 138 2380 sum
167 2352 194 2378 itt
216 2353 266 2378 hac
289 2352 363 2378 lt0m.
390 2351 456 2378 Pan.
483 2357 511 2379 et
541 2351 610 2380 Gall.
635 2354 764 2386 scriptum

2 2387 74 2422 'eperi
109 2386 226 2419 ’Δεδιοιῗν¹
241 2387 288 2414 sed
302 2386 329 2413 in
348 2387 469 2421 margine
481 2387 652 2415 emendatum
667 2387 767 2421 locum,

2 2428 19 2449 ιι
43 2422 126 2449 Naum
144 2422 303 2456 repasitum,
330 2422 401 2456 quod
416 2427 457 2448 est
479 2430 584 2453 verum,
608 2428 690 2456 atque
719 2424 768 2450 hac

2 2458 159 2484 :orrectione
188 2459 273 2483 t'retus
299 2461 328 2484 et
355 2458 411 2491 ipse
436 2457 508 2484 edidi
539 2457 646 2492 Ναούμ.
682 2457 768 2484 Etiam

2 2500 25 2520 ιι
50 2493 99 2519 hoe
117 2493 176 2519 loco
198 2491 303 2518 correxi
338 2491 536 2527 eaAdnd‘muaat.
560 2491 631 2527 quod
660 2494 771 2520 mendo-

2 2535 49 2554 sum
64 2532 116 2557 est,
129 2535 155 2553 (ιι
172 2527 278 2560 reposui
295 2525 433 2556 πωλοῦσα.
448 2532 475 2553 ut
490 2525 590 2554 habent
602 2526 673 2554 LXX
687 2528 768 2555 etiam

2 2572 20 2588 ιιι
33 2563 92 2588 bibl.
109 2562 201 2596 Regiis
213 2570 219 2594 ;
231 2562 277 2588 sed
292 2561 378 2588 facilis
394 2561 443 2588 fuit
459 2562 562 2590 librarii
576 2570 663 2589 error.

27 2598 63 2631 (ἡ)
82 2598 200 2624 Adomat
228 2603 254 2622 ut
281 2604 415 2630 sponsam.
431 2597 631 2632 Νυμφοστολεῖ.
650 2597 718 2625 Vide
736 2597 771 2625 de

2 2640 41 2659 irae
55 2639 132 2663 voce,
163 2640 223 2665 qute
249 2633 403 2659 notavimus
425 2633 458 2658 ad
473 2634 545 2659 hom.
562 2640 622 2663 xm,
652 2637 710 2660 nul.
723 2633 769 2660 2L

28 2668 64 2702 ιϐ)
83 2667 228 2702 Prop/tetas
246 2674 298 2693 non
325 2672 484 2700 receperunt.
518 2666 572 2694 Sed
587 2668 674 2694 solum
687 2668 769 2702 quin-

2 2709 43 2735 pte
67 2703 149 2730 libros
181 2701 271 2734 Mosm,
297 2706 327 2728 ιιι
356 2702 512 2737 ιιᾱιψιιιιιιηι
537 2706 579 2729 est
609 2701 770 2737 supranot.

2 2738 53 2772 300.
70 2737 123 2764 000
152 2737 250 2772 quibus
265 2737 333 2763 adde
351 2737 379 2763 S.
397 2735 587 2772 Epiplianitnn,
607 2735 672 2764 tom.
691 2737 768 2770 I,lib.

2 2771 62 2799 l’an.
76 2781 84 2798 :
104 2771 244 2807 Di/férunt.
259 2772 355 2806 inquit,
375 2772 401 2797 Itt'
427 2771 615 2807 (Santarilani)
632 2782 647 2799 ιι
658 2773 769 2804 Ιιιιιαιιε,

2 2817 102 2833 υγιιιιιιιη
121 2809 189 2841 quod
218 2815 268 2834 non
285 2809 347 2833 data
363 2812 400 2833 est
418 2807 482 2839 ipsis
505 2808 692 2839 prop/telarum
712 2813 769 2841 pnal

2 2843 82 2868 ilum-tt
98 2842 248 2876 Scriptura,
261 2842 305 2868 sed
316 2842 401 2868 solum
413 2842 526 2876 quinque
537 2843 597 2869 libri
614 2843 693 2869 Mostr
704 2844 761 2869 dati

2 2879 82 2904 imitri
112 2878 195 2905 [smel
223 2879 249 2904 in
278 2877 349 2904 exitu
375 2877 545 2912 profectionis
577 2878 609 2904 ab
643 2877 771 2913 Αἰῃῃριο,

821 2354 1016 2388 interpretibus
1041 2354 1153 2381 Toletus
1176 2354 1201 2381 in
1231 2353 1309 2380 Joan.
1335 2355 1456 2381 ranchez
1487 2355 1532 2387 qui
1551 2355 1611 2387 ejus

821 2389 858 2415 rei
872 2389 1002 2415 rationem
1013 2389 1089 2415 all'ert
1099 2390 1214 2415 maxime
1230 2389 1362 2414 idoneam.
1379 2388 1495 2415 Consule
1511 2390 1608 2421 ipsutn.

856 2424 895 2458 (7)
912 2423 945 2450 Ιιι
969 2430 1057 2450 monte
1077 2422 1210 2450 Garizim.
1237 2423 1335 2454 Causa,
1351 2423 1385 2449 ob
1404 2431 1484 2457 quant
1513 2423 1611 2450 Sattia-

821 2459 902 2486 ritaui
919 2464 1095 2486 assueverant
1108 2460 1135 2485 in
1148 2463 1238 2485 monte
1248 2458 1368 2485 Garizitu
1383 2460 1496 2485 adorare
1512 2458 1608 2489 Deum.

822 2493 935 2520 allertur
964 2493 1022 2521 lta‘c
1048 2503 1061 2520 a
1082 2492 1258 2528 Theophane.
1283 2494 1357 2527 quod
1389 2494 1423 2520 ibi
1449 2494 1608 2520 abscondita

822 2528 904 2561 idola,
925 2529 958 2555 de
983 2528 1084 2563 quibus
1100 2536 1191 2555 sermo
1210 2533 1250 2555 est
1270 2528 1314 2555 illo
1330 2528 1362 2554 IV
1385 2528 1450 2560 Reg.
1468 2535 1527 2561 cap.
1541 2536 1608 2560 mi,

822 2564 892 2598 quod
917 2571 997 2597 supra
1026 2565 1225 2596 adnotavit-nus,
1245 2563 1269 2589 in
1297 2570 1348 2595 qua
1372 2563 1401 2589 S.
1429 2563 1608 2597 Epiphanitnu

822 2597 900 2632 Sequi
931 2599 1039 2626 videtur
1058 2600 1101 2625 hic
1119 2598 1210 2630 Pater,
1238 2599 1282 2632 qui
1300 2599 1346 2625 lib.
1363 2605 1382 2631 I,
1402 2604 1467 2625 tom.
1484 2597 1505 2630 l,
1528 2599 1553 2624 id
1568 2598 1610 2625 iit-

823 2634 893 2660 nuit.
919 2632 991 2667 Lege
1025 2634 1126 2668 ipsum.
1156 2634 1208 2660 Sed
1237 2633 1329 2660 verior
1355 2641 1435 2660 causa
1466 2633 1607 2667 religionis

823 2667 894 2694 illius
920 2669 971 2695 loci
999 2667 1070 2702 apud
1101 2668 1250 2695 Samaritas
1265 2674 1307 2694 est
1327 2675 1357 2694 ea
1377 2675 1435 2701 qum
1463 2670 1579 2695 traditur
1593 2676 1607 2694 a

822 2702 941 2737 Joseplio
968 2701 1059 2730 lib.’xt
1089 2703 1222 2737 Antiqnit.
1245 2710 1305 2737 cap.
1324 2701 1376 2736 8,a
1395 2702 1513 2730 Baronio
1541 2708 1608 2730 tum.

823 2737 843 2769 Ι,
873 2737 1037 2771 Maldouato,
1066 2738 1193 2765 Cornelio
1220 2738 1246 2764 in
1273 2739 1343 2764 hunc
1361 2738 1458 2770 locum,
1481 2747 1494 2764 a
1510 2738 1609 2772 templo

823 2773 926 2800 scilicet
948 2773 983 2800 ibi
1008 2781 1022 2799 a
1047 2773 1230 2805 Senaballato,
1258 2780 1340 2799 suasu
1366 2772 1492 2800 Manassae
1517 2772 1610 2807 geneti

823 2808 864 2836 sui
885 2808 1030 2841 mdiiieato,
1059 2817 1119 2842 (pne
1136 2809 1221 2834 satius
1239 2813 1291 2839 εει,
1309 2813 1338 2834 ιιι
1365 2810 1420 2834 suis
1438 2809 1506 2835 locis
1536 2808 1608 2840 apud

823 2844 919 2870 citatos
934 2849 1058 2870 auctores
1074 2844 1196 2877 legantur
1211 2851 1226 2871 ιι
1239 2843 1373 2871 studiosis
1386 2843 1484 2870 harum
1504 2850 1610 2876 rerum,

823 2878 901 2906 nobis
917 2879 984 2906 satis
1001 2879 1133 2913 attigisse.
