1875 3055
5 151 60 184 741

651 149 814 183 HOMILIA
836 147 1005 181 XXXVIII.

1592 152 1646 185 742

7 209 125 239 nos,“
157 209 401 237 δακτυλοδείκνυσι
428 210 456 236 δὲ
474 210 567 242 αἰτοῗς
584 209 727 245 μονονουχὶ
741 208 776 235 τοῖ

882 206 1055 242 ιὶιιιιιιοιιιιιιιξ
1065 206 1257 240 existimabat.
1284 212 1311 236 et
1334 208 1419 243 digito
1450 211 1645 244 propemodum

5 255 186 291 Σαμαρείτας
198 256 312 288 ἀολλέας
328 257 493 292 ἐρχομίνους
512 257 660 292 ἀγεληδόν·
675 256 803 283 τοσοῦτον

7 302 65 335 γὰρ
81 301 181 332 αὐτοὺς
197 301 223 327 οἱ
233 301 310 335 λόγοι
319 302 369 336 τῆς
383 301 514 335 γυναικὸς
532 302 727 336 ἀνεπτέρωσαν
738 309 744 316 ’
757 300 803 327 καί

7 355 99 381 φησιν
109 355 116 362 ·
130 356 139 372 ι
161 347 301 382 Ἐπάρατε
313 348 378 380 τοὺς
397 348 556 383 ὀφθαλμοὺς
573 347 661 383 ὑμῶν,
677 348 724 374 καὶ
739 347 802 374 θεά-

7 393 96 419 σασθε
121 393 172 425 τὰς
199 393 294 428 χώρας
309 394 351 420 ὅτι
365 394 463 420 λευκαί
478 395 550 420 εἰσιν
570 395 609 423 είς
624 393 765 429 θερισμόν.
789 403 798 419 ι

5 439 149 474 Θερισμδν
169 440 249 466 καλεῖ
267 441 316 471 τὰς
328 440 455 475 ἑτοίμους
477 439 566 475 ψυχὰς
579 441 617 472 εἰς
630 440 659 466 τὸ
673 440 802 472 δ.ξασθαι

5 485 37 510 τὺ
53 485 239 519 εὐαγγελικὺν
256 485 402 520 δρέπανον,
419 485 433 512 ὃ
457 485 561 523 θερίζει
573 485 623 520 τὴν
640 487 750 516 κακίαν.
768 485 801 521 ἢν

5 531 20 556 ο
37 531 107 562 Θεὸς
120 531 170 557 οὐκ
195 532 324 565 ἔσπειρε·
347 531 394 557 καὶ
410 532 450 562 εὶς
465 531 495 558 ἓν
513 532 625 565 συνάγει
640 530 690 565 τὴν
709 529 800 563 φύσιν,

7 578 41 613 ἣν
67 577 100 604 οὐ
116 577 322 611 διεσκόρπισεν.
353 576 448 604 Εἰπὼν
463 577 503 610 δὲ,
531 578 571 603 ὅτι
601 586 610 603 ι
638 576 800 603 Ἀπέστειλα

9 624 84 658 ὑμᾶς
100 618 230 658 θερίζειν,
244 623 262 650 ἃ.
281 624 310 649 οὐ
328 623 524 654 κεκοπιάκατε,
548 632 557 648 ι
577 623 639 653 τοὺς
658 622 801 657 προφήτας

7 670 210 696 κεκοπιακέναι
225 669 346 705 ᾐνίξατο.
363 668 447 695 Αὐτοὶ
463 670 518 704 γὰρ
541 666 611 701 ἦσαν
630 668 655 694 οἱ
671 668 720 703 τῆς
744 668 801 694 Oso-

5 717 131 749 γνωσὶας
146 715 402 751 προκαταὸαὶόντες
414 714 448 741 τὰ
461 714 619 750 σπέρματα.
635 714 741 749 Ῥᾴδιον
754 712 801 740 οὖν

6 762 85 796 ὑμῖν,
108 762 203 796 φησὶν,
221 762 299 788 ἔσται
312 761 341 787 τὸ
359 761 501 796 κήρυγμα,
521 760 567 786 καὶ
582 761 612 786 οὐ
628 760 753 795 κάματος
767 761 800 795 τῇ

4 807 132 843 δρεπάνῃ
146 806 194 833 τοῦ
204 806 285 840 λόγου
298 806 417 840 θερίζειν
430 806 528 840 ἕτοιμα
544 806 617 840 λήῖα.
631 806 686 832 Καὶ
700 806 716 840 ἡ
729 805 801 840 χαρὰ

3 853 33 879 δὲ
50 853 131 888 κοινὴ
157 853 249 884 αὺτοῖς
265 860 295 879 τε
322 854 378 883 τοῖς
395 852 547 887 ὲσπαρκόσι
563 852 728 887 προφήταις,
752 853 798 878 καὶ

4 900 73 934 ὑμῖν
87 900 146 930 τοῖς
170 898 360 934 εἰσκομίζουσι
385 899 450 930 τοὺς
465 898 600 933 καρπούς.
621 898 692 925 Ἀλλ’
712 898 726 924 ὁ
749 898 798 933 μὲν

4 946 56 979 τῆς
85 945 212 980 ἱστορίας
227 945 308 978 λόγος
325 944 414 980 πέρας
429 944 550 980 δεχέσθω
563 952 570 959 ·
599 945 616 978 ἡ
633 944 662 971 δὲ
679 944 707 970 ἒν
724 944 800 980 αὐτῷ

4 990 185 1025 πνευματικὴ
200 989 303 1024 θεωρία
319 989 369 1024 ἤδη
388 989 518 1024 λελέχθω.

44 1036 93 1067 Ὠς
113 1036 162 1071 μὲν
179 1034 227 1062 οὖν
252 1037 338 1067 τύπος
352 1034 387 1071 ἦν
399 1037 416 1071 ἡ
436 1036 604 1071 Σαμαρεῖτις
627 1035 676 1070 τῆς
691 1035 799 1071 φύσεως

3 1081 59 1108 τῶν
70 1081 238 1116 ἀνθρώπων,
252 1081 376 1116 ἐφθημεν
389 1082 567 1117 προειπόντες
579 1089 585 1096 ·
603 1081 670 1117 ᾧκει
680 1081 736 1116 γὰρ
752 1083 799 1109 καὶ

2 1128 78 1162 αὕτη
100 1129 166 1155 ποτὲ
182 1129 211 1155 ἐν
228 1128 267 1163 τῷ
282 1129 329 1164 τῆς
340 1129 475 1160 ἀπαθείας
493 1128 562 1164 ὄρει,
587 1128 670 1160 θείοις
684 1129 798 1164 ἐπαιρο-

6 1175 76 1209 μένη
92 1176 224 1211 νοήμασι.
239 1175 278 1210 Τῇ
292 1174 415 1210 συμϐολῇ
431 1175 460 1201 δὲ
482 1174 530 1201 τοῦ
546 1174 634 1209 ὅψεως
654 1176 800 1211 ὲνασμηνί-

6 1229 92 1253 σασα,
116 1220 290 1255 αἰχμάλωτος
307 1221 348 1252 εἰς
366 1221 417 1255 τὴν
441 1219 573 1255 σύγχυσιν
592 1220 643 1255 τῆς
660 1220 798 1255 ἁμαρτίας

4 1270 44 1299 εἰς
61 1267 215 1295 Βαϐυλῶνα
230 1267 395 1300 κατάγεται,
416 1266 647 1301 ἁποκτηνωθεῖσα
660 1268 721 1298 ταῖς
737 1267 800 1293 ἁλό-

4 1321 64 1346 γοις
78 1313 192 1348 ὁρμαῖς,
210 1313 258 1338 καὶ
283 1312 346 1338 ἀντὶ
372 1311 453 1338 θείων
467 1312 612 1347 νοημάτων
636 1313 665 1339 ἐν
680 1312 720 1347 τῷ
739 1312 798 1347 ὄρει

4 1358 52 1385 τοῦ
68 1360 142 1391 νοὸς,
158 1358 195 1390 ὡς
209 1358 351 1385 Χαλδαίων
365 1358 470 1394 πληθὺν
482 1358 653 1384 simulacra:
667 1358 717 1393 τὴν
736 1359 800 1386 ἀσέ-

3 1405 93 1438 ϐειαν,
107 1405 123 1440 ἥ
137 1404 267 1440 πρόξενος
279 1403 349 1439 αὐτῇ
367 1404 463 1438 γέγονε
484 1405 534 1439 τῆς
560 1404 637 1440 παρὰ
654 1404 708 1430 τῶν
723 1404 799 1431 λεόν-

3 1459 59 1477 των
74 1450 201 1485 φθορᾶςι
219 1450 324 1476 νοοῖντο
337 1447 359 1474 δ’
377 1447 410 1474 ἃν
422 1448 539 1474 λεόντων
559 1447 664 1483 ἅμυχαὶ
685 1447 712 1474 αι
728 1447 800 1475 κατὰ

5 1495 121 1531 καιροὺς
147 1496 204 1526 τοῖς
219 1493 377 1529 ἀνθρώποις
403 1493 594 1528 ὲπενεχθείσαι
607 1493 733 1528 διάφοροι
748 1493 799 1528 μά-

5 1549 113 1575 οτιγες,
132 1540 237 1567 ὑδάτων
257 1539 460 1574 κατακλυσμοὶ,
489 1537 637 1573 συγχύσεις
653 1537 798 1572 γλωσσῶν,
812 1550 833 1580 c

4 1583 161 1619 ὲτομδρίαι
178 1583 276 1618 πυρὸς,
291 1582 319 1609 αἳ
335 1583 368 1618 δὴ
394 1583 476 1618 μέχρι
491 1582 552 1608 τότε
568 1583 618 1618 τὴν
634 1582 716 1617 φύσιν
733 1591 799 1609 κατ-

5 1630 191 1666 ενεμήθησαν,
206 1629 258 1661 ἕως
271 1630 287 1664 ἠ
300 1629 437 1664 Μωσαῖκὴ
448 1628 594 1663 νομοθεσία
606 1628 654 1664 τὴν
670 1628 799 1656 ἀσέϐειαν

6 1676 210 1712 ἀπεκρούσατο.
236 1676 274 1703 Οὐ
295 1676 389 1710 μέντοι
407 1683 440 1709 γε
470 1674 617 1710 τηλαυγῶς
640 1675 690 1710 τὴν
718 1674 798 1710 φύσ.ν

5 1723 159 1758 ἐκάθηρεν·
190 1722 231 1748 ἔτι
260 1722 315 1757 γὰρ
341 1721 379 1756 τῷ
396 1721 455 1756 ὕρει
478 1720 653 1756 προσεκύνει,
682 1722 710 1747 ὲν
725 1718 747 1756 ᾧ
763 1721 798 1748 τὰ

6 1769 107 1796 εἴδωλα
122 1768 294 1804 ὲκεκρύφατο
311 1769 343 1803 τῇ
354 1767 505 1803 ’Δστάρτῃ,
522 1769 569 1793 καὶ
579 1767 617 1802 τῷ
628 1767 742 1802 Χαμὼς,
753 1767 799 1794 καὶ

3 1818 64 1848 ταῖς
88 1816 225 1851 δαμάλεσι
253 1815 473 1850 προσανέχουσα.
495 1815 559 1841 Ὅτε
581 1814 610 1841 δὲ
622 1815 702 1846 αὐτὸς
720 1815 734 1841 ὁ
753 1815 798 1842 τοῦ

6 1862 117 1897 Πατρὸς
143 1862 216 1897 ὄρος,
245 1862 292 1888 καὶ
308 1861 394 1894 Λόγος
408 1860 593 1896 ὁδοιπορήσας
606 1860 661 1886 ἀπὸ
674 1860 727 1886 τῶν
747 1869 800 1887 πα-

4 1909 112 1945 τρικῶν
123 1908 232 1935 κόλπων
250 1908 331 1943 μέχρι
346 1908 394 1942 τῆς
409 1907 546 1942 ἡμετέρας
560 1904 642 1942 ἦλθεν
658 1907 798 1942 ἐσχατιᾶς,

8 1956 73 1990 μίαν
92 1954 194 1989 εὕρατο
208 1954 304 1989 ῥᾳδίαν
320 1953 459 1989 σωτηρίας
476 1953 534 1980 ἐδδν
550 1953 580 1979 τὺ
594 1952 706 1979 καθίσαι
722 1953 799 1987 παρὰ

3 2003 35 2036 τῇ
52 2002 132 2036 πηγῇ
149 2000 197 2026 τοῦ
213 1999 404 2034 βαπτίσματος
418 2008 424 2014 ·
440 1999 502 2034 ἥτις
522 1998 635 2033 λέγεται
650 1998 698 2025 τοῦ
716 2007 799 2034 πτερ-

5 2048 100 2074 νιστοῦ
119 2046 218 2074 Ἰακὼὸ
237 2046 274 2077 ὼς
289 2047 335 2073 τὸν
352 2046 446 2080 νοητὴν
470 2045 556 2072 Ἦσαῦ
573 2045 754 2081 ῃερνὶςουσά
768 2054 797 2072 τε

6 2095 52 2120 καὶ
70 2094 209 2128 ἆγχουσα,
227 2093 275 2119 καὶ
291 2091 326 2118 δι’
343 2091 429 2126 αὐτῆς
455 2091 504 2126 τῆς
524 2091 615 2126 πηγῆς
636 2090 728 2117 δίδωσι
743 2091 798 2122 τοῖς

5 2139 162 2175 ἀνθρώποις
178 2139 208 2165 τὸ
224 2137 277 2170 ζῶν
293 2138 364 2172 ὕδωρ
380 2137 427 2164 τοῦ
445 2137 618 2171 Πνεύματος,
639 2137 688 2172 Είη
703 2137 732 2163 δὲ
751 2137 798 2163 καὶ

6 2187 81 2221 ἡμᾶς
98 2184 217 2216 ὀπαδοὺς
231 2183 358 2218 γενέσθαι
369 2183 418 2218 τῆς
433 2181 574 2216 θεοφιλοῦς
591 2181 797 2217 Σαμαρείτιδο;,

7 2219 52 2259 καὶ
67 2230 241 2266 ἁποστέρξαι
258 2230 307 2265 μὲν
330 2229 382 2264 τὴν
398 2229 497 2263 ἄλογον
509 2230 578 2265 πρὸς
591 2228 641 2260 τὰς
657 2228 796 2264 αἰσθήσεις
814 2219 835 2246 D

9 2278 178 2312 συνοίκησιν,
190 2274 235 2307 αῖς
246 2275 284 2308 ὡς
298 2275 412 2312 ἀνδράσι
428 2275 510 2302 πέντε
526 2275 556 2308 ἐξ
571 2274 658 2309 αὐτῆς
673 2275 722 2309 τῆς
735 2282 798 2309 γεν-

9 2325 115 2360 νήσεως
132 2322 353 2358 συνῳκίσθημεν,
375 2322 548 2357 ἁνασυράσαι
563 2321 592 2348 δὲ
608 2321 656 2348 καὶ
680 2321 727 2348 τὸν
749 2321 799 2356 φέ·

8 2378 78 2397 νακι
106 2369 238 2404 λογισμὸν
255 2367 293 2400 ὡς
318 2367 398 2395 ἕκτον
420 2367 593 2404 παρακοίτην
609 2367 641 2394 τὸ
655 2367 731 2403 λέχος
752 2367 802 2402 τῆς

7 2415 98 2451 ψυχῆς
128 2414 360 2450 χαταχραίνοντα,
388 2413 559 2445 ἀδιαστάτως
570 2423 602 2441 τε
627 2414 658 2441 τὸ
679 2414 734 2441 τῶν
754 2414 801 2441 δα-

8 2462 101 2497 κρύων
127 2461 202 2497 ὓδωρ
219 2460 338 2494 ἀντλεῖν,
365 2459 397 2492 ἐξ
408 2456 439 2486 οὖ
456 2459 626 2496 ἀναψύχεται
643 2463 689 2487 καὶ
706 2461 721 2487 ὁ
736 2460 799 2492 νοῦς

856 251 1008 281 Samaritas
1028 253 1117 288 signal.
1154 254 1286 289 gregatim
1313 253 1510 289 eonfertirnque
1530 257 1644 283 venien-

846 299 907 331 'tes,
926 299 993 326 adeo
1009 299 1115 326 scilicet
1131 299 1184 327 illis
1207 300 1329 327 mulieris
1346 300 1428 328 verba
1453 300 1509 328 alas
1533 302 1646 329 addide~

854 348 926 377 rant,
944 349 972 372 et
987 345 1025 372 ait
1041 353 1048 371 :
1065 354 1074 371 ι
1096 344 1194 372 Levate
1206 345 1301 372 oculos
1317 350 1430 378 vestros,
1456 351 1482 373 et
1498 347 1586 374 ridete
1601 355 1645 374 re-

853 390 948 426 giones
963 392 1025 425 quia
1051 391 1118 418 albze
1142 396 1206 418 sunt
1225 391 1280 425 jam
1305 393 1337 418 ad
1356 400 1483 419 messem.
1503 401 1512 418 ι
1531 392 1646 419 Messeru

853 443 931 464 vocat
958 438 1062 465 animas
1088 438 1121 465 ad
1150 438 1340 472 excipiendam
1375 438 1515 473 Evangelii
1548 439 1646 466 falcem

853 487 972 517 paratas,
990 490 1049 518 quae
1074 491 1140 511 sane
1164 485 1327 518 pratitatem
1349 488 1465 516 resecat,
1489 492 1568 518 quam
1592 492 1646 511 non

853 529 997 555 seminavit
1012 529 1104 563 Deus;
1129 535 1156 557 et
1182 531 1208 557 in
1230 538 1311 558 unum
1328 535 1476 566 congregat
1499 536 1646 564 naturam,

853 582 934 608 quant
951 582 1004 602 non
1022 575 1162 610 dispersit.
1188 575 1264 610 Quod
1279 584 1342 603 vero
1357 577 1406 609 ait,
1424 586 1433 602 ι
1451 577 1505 612 Ego
1522 577 1581 603 misi
1599 585 1647 604 vos

853 626 977 653 metere,
1008 621 1080 655 quod
1114 629 1161 649 vos
1191 630 1242 649 non
1270 623 1434 656 laborastis,
1454 632 1463 648 ι
1499 623 1647 657 prophetas

854 668 993 694 laborasse
1017 668 1163 701 significat.
1191 669 1243 702 Ipsi
1261 669 1334 695 enim
1352 669 1517 703 cognitionis
1539 669 1587 696 Dei
1603 677 1647 696 se-

853 714 925 739 mina
940 717 1003 739 ante
1014 713 1148 747 iecerunt.
1165 714 1262 741 Facilis
1276 714 1368 749 igitur,
1381 715 1479 750 inquit,
1489 716 1647 750 przeditatio

852 758 929 785 vobis
952 759 1021 791 erit;
1052 767 1102 786 nec
1127 760 1291 787 laboriosum
1317 766 1425 794 paratas
1448 768 1554 796 segetes
1571 762 1645 789 verbi

853 803 900 830 Dei
913 804 982 831 falce
995 804 1145 833 demetere.
1157 805 1292 833 Gaudium
1307 807 1415 841 quidem
1432 807 1485 834 erit
1502 815 1646 835 commune

853 855 909 876 ttnu
930 851 1069 885 prophetis
1090 851 1137 886 qui
1165 853 1346 884 sentinarunt,
1374 857 1428 879 tum
1446 853 1523 880 vobis
1545 853 1646 888 impor-

817 881 836 908 Β
854 894 974 921 tantibus
999 881 1126 922 fructum.
1144 896 1224 931 Atqui
1240 896 1291 925 ,hic
1305 905 1372 924 sane
1386 899 1545 926 enarranda:
1561 881 1646 927 histu«

853 940 900 967 riae
926 940 988 968 linis
1007 941 1052 968 sit.
1072 941 1137 974 Quae
1152 949 1217 970 vero
1236 942 1385 978 Spiritnalis
1411 945 1594 973 consideratio
1618 946 1644 973 iu

850 993 881 1013 ea
899 986 975 1018 insil,
989 985 1044 1019 jam
1062 988 1181 1015 dicatur.

886 1032 963 1064 Quod
981 1032 1064 1067 igitur
1091 1039 1194 1060 natura:
1220 1033 1346 1062 humana:
1371 1040 1451 1072 typus
1474 1035 1644 1064 Samaritana

849 1077 943 1110 fuerit,
966 1078 1021 1113 iam
1050 1081 1244 1114 occupavimus
1270 1081 1379 1115 dicere;
1418 1083 1549 1110 habitavit
1571 1085 1643 1111 enim

852 1123 910 1157 ipsa
927 1123 1076 1158 aliquando
1094 1125 1119 1151 in
1137 1130 1238 1157 monte,
1257 1127 1283 1153 in
1300 1128 1435 1154 vacuitate
1460 1128 1565 1155 scilicet
1582 1136 1645 1163 pns-

850 1169 956 1195 sionum
967 1169 1006 1203 (9)
1019 1169 1149 1197 divinitus
1161 1170 1292 1199 immissis
1304 1172 1515 1207 Cogitationibus
1526 1173 1642 1201 elevata.

851 1215 904 1243 Sed
922 1216 994 1243 enim
1007 1217 1142 1249 serpentis
1161 1217 1274 1245 consilio
1288 1219 1477 1253 acquieseens,
1493 1221 1598 1255 captiVa
1616 1222 1643 1248 iu

850 1262 954 1297 peccati
971 1262 1156 1290 conlusiortem
1175 1264 1247 1291 velut
1266 1265 1290 1292 in
1309 1264 1473 1301 Babylonem
1489 1267 1644 1299 deducitur,

850 1313 931 1342 atque
961 1308 987 1336 in
1013 1309 1144 1343 pecudum
1178 1315 1302 1338 naturam
1328 1312 1363 1339 ob
1395 1312 1511 1347 impetus
1544 1314 1643 1341 rationi

850 1355 992 1383 discordes
1008 1355 1189 1390 degenerans,
1214 1356 1240 1383 irt
1261 1357 1358 1385 mentis
1384 1358 1554 1386 altitudinem
1569 1359 1645 1387 velut

851 1401 876 1428 in
894 1406 1014 1428 montem
1036 1408 1085 1434 pro
1099 1401 1258 1429 caelestibus
1279 1402 1491 1438 cogitationibus
1507 1405 1545 1431 uti
1559 1405 1645 1432 Chal-

850 1447 969 1474 daorum
991 1447 1192 1475 multitudinem
1207 1467 1215 1480 ,
1245 1448 1410 1483 impietatem
1439 1449 1643 1483 intromitteus,

851 1501 912 1528 quae
927 1493 1013 1520 cladis
1039 1500 1055 1520 a
1081 1493 1203 1521 leonibus
1221 1500 1340 1530 accepta:
1355 1503 1436 1523 causa
1452 1496 1491 1524 illi
1509 1498 1560 1524 fuit
1574 1505 1582 1525 :
1597 1505 1647 1532 per

851 1539 960 1566 leonum
977 1539 1078 1574 quippe
1103 1547 1213 1567 morsus
1229 1541 1415 1576 intelligantur
1430 1541 1482 1569 alia
1498 1543 1560 1571 aliis
1573 1548 1642 1571 teut-

851 1584 974 1618 poribus,
987 1583 1144 1612 hominibus
1158 1585 1266 1612 incussa
1283 1585 1398 1621 ﬂagella,
1411 1587 1549 1615 eluviones
1560 1596 1645 1624 aqua-

853 1637 923 1662 rum,
939 1629 1090 1664 linguarum
1103 1629 1287 1664 confusioues,
1302 1632 1370 1666 ignis
1381 1632 1488 1667 pluviae,
1502 1641 1562 1668 «iure
1575 1642 1643 1661 sane

850 1683 883 1702 eo
898 1683 985 1710 usque
1003 1675 1028 1702 in
1047 1675 1286 1711 hominum-genus
1306 1677 1448 1712 dispertita
1465 1685 1540 1713 sunt,
1556 1680 1644 1708 donec

850 1721 933 1757 274
947 1720 1066 1749 Mosaica
1082 1721 1122 1748 lex
1132 1722 1243 1757 .expultt
1262 1723 1439 1758 impietatem.
1463 1724 1556 1759 Neque
1580 1733 1644 1753 vero

852 1772 977 1794 naturam
996 1767 1032 1793 ita
1049 1768 1182 1802 purgavit,
1206 1772 1235 1794 ιιι
1251 1769 1284 1794 ad
1299 1769 1471 1802 splendorem
1495 1771 1642 1798 revocarit.

849 1814 945 1841 Adhuc
959 1813 1031 1841 enim
1055 1813 1082 1840 iu
1100 1818 1192 1840 monte
1218 1815 1358 1847 adorabat,
1378 1816 1422 1842 ubi
1449 1816 1644 1844 occulebantur

851 1858 921 1886 idola
946 1860 1073 1885 Aquites
1100 1864 1126 1886 ct
1154 1858 1362 1895 Chamos(l0);
1390 1866 1417 1888 et
1435 1862 1527 1889 vitulis
1552 1862 1643 1890 dedita

850 1909 918 1933 erat.
934 1905 984 1933 Ubi
998 1912 1062 1932 vero
1077 1906 1135 1939 ipse
1153 1905 1241 1934 l’atris
1260 1908 1392 1935 terminus
1416 1913 1442 1935 et
1459 1907 1643 1944 Verburu(H)

851 1959 865 1979 a
883 1956 997 1986 paterno
1013 1951 1076 1979 sinu
1092 1952 1229 1986 prolectus
1246 1961 1331 1987 usque
1347 1954 1380 1980 ad
1395 1961 1514 1981 nosuam
1533 1955 1646 1982 humili--

851 2002 934 2025 tatem
953 1997 1010 2032 (l2)
1033 1997 1153 2030 devenit,
1182 2006 1262 2025 unam
1285 1999 1380 2027 salutis
1401 1999 1471 2027 viam
1494 2001 1597 2028 invenit
1609 2002 1642 2028 ad

850 2044 950 2071 fontem
969 2044 1094 2078 baptismi
1121 2044 1275 2071 considere.
1301 2045 1350 2078 Qui
1378 2053 1443 2073 sane
1471 2045 1555 2073 Jacob
1576 2055 1644 2082 sup-

850 2090 1013 2124 plan'atoris
1027 2090 1110 2117 fuisse
1126 2089 1236 2122 dicitur,
1255 2092 1340 2126 utqui
1361 2091 1430 2118 Esau
1449 2092 1522 2119 illum
1539 2093 1640 2120 intelli-

849 2136 958 2171 gibilem
983 2136 1149 2170 supplantet,
1174 2141 1199 2163 et
1229 2136 1321 2170 elidat,
1338 2145 1369 2164 ac
1389 2145 1437 2171 per
1463 2138 1549 2172 ipsum
1574 2147 1641 2166 sane

849 2182 950 2209 fontem
972 2182 1087 2216 largitur
1103 2181 1259 2209 hominibus
1273 2182 1391 2217 Spiritus
1414 2192 1512 2218 aquam
1539 2185 1639 2212 vivant.

852 2227 962 2256 Utinam
982 2235 1047 2255 vero
1061 2229 1200 2263 contingat
1216 2229 1295 2256 nobis
1312 2233 1496 2258 assectatores
1510 2229 1567 2258 ﬁeri
1589 2231 1641 2266 piae

853 2274 1043 2305 Samaritanm,
1060 2279 1088 2301 et
1113 2275 1265 2302 abominari
1292 2275 1517 2304 consuetudinem
1543 2277 1640 2304 rationi

852 2319 1017 2348 contrariam
1032 2327 1093 2346 cum
1111 2320 1238 2348 sensibus
1252 2320 1385 2354 habitam,
1405 2329 1465 2348 cum
1485 2322 1596 2356 quibus.
1611 2327 1641 2350 nt

850 2373 910 2394 cum
933 2366 1054 2401 quinque
1071 2366 1147 2399 viris,
1166 2366 1200 2394 ab
1227 2367 1286 2401 ipso
1304 2373 1365 2394 ortu
1392 2368 1510 2403 copulati
1533 2375 1638 2400 surrms,

849 2412 972 2439 inhibere
1002 2412 1084 2439 etiam
1113 2413 1170 2448 (15)
1199 2412 1323 2440 fallacem
1351 2413 1435 2441 animi
1463 2422 1584 2448 sensum,
1611 2419 1640 2442 ut

849 2463 956 2487 sextum
981 2459 1108 2486 maritum
1129 2459 1229 2488 lectum
1255 2460 1354 2488 animae
1381 2462 1638 2495 eommaculantem,

626 2539 788 2572 Francisci
805 2538 908 2571 Scorsi
929 2543 1024 2570 noue.

44 2619 83 2655 (9)
107 2617 140 2645 In
160 2611 291 2655 vacuitate
319 2616 484 2651 passionum.
513 2615 582 2644 Vide
605 2616 732 2644 adnotata
760 2618 793 2645 ad
848 2616 936 2655 vimus
950 2614 986 2655 ad
1001 2613 1153 2655 hom._i7,
1168 2619 1247 2655 “not.
1278 2615 1305 2646 8,
1331 2622 1385 2655 quo
1417 2623 1498 2655 sensu
1517 2615 1635 2655 Verbum

9 2652 84 2681 born.
96 2660 170 2684 μιν,
185 2658 241 2680 not.
257 2652 302 2679 67.

44 2689 100 2725 (10)
113 2689 231 2714 Astartes
242 2693 265 2714 et
280 2687 404 2725 CIIHMOI.
417 2686 518 2725 Alludit
533 2687 567 2725 ad
580 2686 650 2713 idola
667 2686 793 2715 Sidonio-

11 2721 80 2756 ιιιιιίι,
91 2721 206 2758 quorum
217 2728 276 2758 erat
288 2723 423 2754 Astartes,
445 2726 473 2749 et
481 2721 658 2758 Moabitarum
673 2729 790 2758 quorum

846 2650 954 2678 dicatur
966 2649 1072 2685 Πατρδς
1080 2649 1152 2685 ὄρος,
1166 2649 1256 2677 Patris
1268 2651 1408 2684 terminus,
1424 2658 1454 2677 ex
1469 2650 1550 2686 Greg.
1568 2651 1636 2680 Naz.

848 2686 1109 2756 el(:l'gdis'llsquerad
1138 2723 1258 2748 uestram
1286 2720 1479 2749 humilitatem.
1509 2721 1577 2750 Vide
1602 2723 1636 2750 ad

11 2755 137 2791 Chainos,
164 2758 207 2784 cui
234 2757 362 2784 Salomon
385 2758 411 2784 in
438 2762 530 2787 monte
543 2756 634 2783 fanum
651 2755 793 2784 constituit
842 2756 936 2783 ltomil.
953 2755 982 2791 77,
996 2755 1109 2782 not.25.

10 2795 39 2822 lll
63 2794 131 2828 lteg.
148 2800 210 2827 cap.
228 2800 267 2825 ιι,
285 2797 317 2828 et,
327 2793 360 2819 ad
390 2792 487 2828 vitulos
504 2799 602 2828 aureos
618 2798 687 2828 quos
715 2791 793 2819 Jero-

11 2831 86 2857 boam
108 2827 246 2860 conﬂavit,
269 2833 296 2855 et
313 2827 339 2854 in
356 2827 473 2854 excelsis
487 2827 588 2860 posuit.
610 2827 722 2854 ibidem.

44 2838 86 2856 am
109 2834 246 2860 conuavu,
269 2834 296 2855 et
313 2835 339 2854 ιιι
356 2834 473 2854 excelsis
505 2834 588 2856 osun.
610 2834 722 2854 tnroem.

44 2864 99 2900 (ll)
126 2862 216 2891 Patris
245 2863 371 2890 terminus
388 2867 412 2890 et
435 2834 555 2891 Verrunt.
583 2861 639 2891 Hoc
664 2863 793 2898 explana-

879 2790 935 2826 (l5)
962 2790 1084 2817 lambere
1108 2791 1199 2822 etiam,
1228 2796 1282 2818 etc.
1313 2791 1500 2826 ’Δνασυράσαι
1530 2792 1555 2819 in
1580 2799 1636 2818 uno

842 2827 915 2888 οοῖι..
942 2826 969 2854 iu
999 2827 1085 2854 altero
1109 2832 1151 2855 est
1179 2826 1381 2863 ἅνασειράσαι;
1400 2831 1546 2863 utrumque
1565 2827 1635 2855 idem

842 2869 875 2888 va
886 2866 924 2888 et.

842 2866 924 2889 valet.
