1875 3055
188 93 240 124 703

777 95 1021 125 THEOI’HANIS
1039 96 1209 126 CERAMEI

1758 94 1814 127 76$

186 149 271 176 verbo
290 157 338 177 nos
367 151 536 178 continenter
560 152 592 178 ad
616 160 644 180 se
672 154 794 180 trahente
824 153 975 186 elevantur,

1064 156 1106 181 ίσα
1121 155 1187 190 τιμὴ
1203 155 1250 182 καὶ
1264 155 1327 190 δόξα
1348 156 1396 184 νῦν
1420 156 1466 184 καὶ
1482 155 1537 189 ἀεὶ,
1555 155 1603 183 καὶ
1618 154 1659 187 εἰς
1674 154 1740 185 τοὺς
1755 154 1820 180 αἰῶ·

187 201 214 223 et
231 203 291 223 cum
312 197 375 230 Deo,
395 198 473 225 tnodo
490 197 618 225 ineﬂ‘abili
644 198 855 234 conjunguntur,
873 201 915 226 cui
930 199 977 226 de-

189 241 268 269 betur
284 243 373 269 onmis
389 244 484 274 honor,
514 247 541 270 et
554 244 637 278 gloria
668 253 750 278 nunc,
771 249 797 272 et
810 253 926 280 semper,
952 250 979 272 et

189 286 215 313 in
235 288 331 314 stecula
352 289 525 321 sz‘culnrutm
547 290 640 316 Amen.

433 345 514 379 282
535 344 675 372 HOMILIA
693 344 748 373 XL.

296 413 303 419 -
346 401 378 428 In
399 403 538 429 adventum
560 405 642 430 sancti
660 404 785 438 Spiritus.

227 457 435 485 Sanctissimum
464 459 583 486 Dnminm
602 461 657 494 (57)
674 469 865 495 usquequaque
884 462 975 488 imma-

188 504 283 530 culata:
310 503 439 536 templum
483 504 610 533 hodierna
644 505 702 532 luce
737 505 857 532 conferta
891 507 980 541 populi

190 549 364 575 multitudine
391 554 550 583 oecupatum
581 550 675 578 videns
698 551 814 584 gaudeo,
838 556 865 578 et
892 552 979 585 iiIBIOI',

190 599 217 622 et
232 594 322 621 laetitia
349 595 465 626 exsulto,
483 602 542 622 eum
556 596 610 630 jam
625 597 710 623 sancti
727 597 797 623 illius
819 597 911 631 pstilla
929 596 982 624 Da-

190 640 260 667 vidis
283 648 334 667 vox
354 641 515 675 impleatur:
538 650 546 666 ι
559 641 722 669 Constitui'e
743 643 814 669 dietn
835 643 982 669 solemnem

189 686 218 713 in
235 687 390 719 condensis,
423 695 508 722 usque
537 689 570 714 ad
601 695 686 714 cornu
721 689 813 716 altaris
834 689 868 716 ".
890 699 899 714 ι
927 688 982 716 Sed

187 739 309 766 praesens
334 733 385 760 hoc
402 733 500 760 festum
538 734 727 768 splendoribns
754 733 841 761 sancti
865 735 982 769 Spiritus

190 778 351 806 illustratum
376 780 457 806 nmlta
483 779 639 806 admiranda
652 781 864 813 complectitur:
884 781 983 815 quippe

1031 210 1089 233 νας.
1112 202 1210 238 ’Λμήν.

1331 346 1454 372 ΟΜῙΛΙΑ
1471 344 1518 373 Μ’.

1065 401 1117 433 Εἰς
1139 401 1197 434 τὴν
1217 400 1411 436 ἐπιφοίτησιν
1431 402 1486 430 τοῦ
1498 403 1584 437 ἁγίου
1598 402 1785 437 Πνεύματος.

1073 457 1161 492 Ὁρῶν
1194 457 1314 494 σήμερον
1343 459 1388 485 τὸν
1415 458 1564 492 ἁγιώτατον
1600 459 1650 493 τῆς
1678 458 1818 491 πανάγνου

1032 504 1184 538 Δεσποίνης
1212 504 1276 531 ναὺν
1299 505 1331 539 τῇ
1358 504 1405 530 τοῦ
1421 504 1489 531 λαοῦ
1513 505 1616 540 πληθύϊ
1634 505 1823 540 στενοχωρού-

1034 556 1124 582 μενον,
1146 548 1332 583 εὐφραίνομαι
1358 550 1405 575 καὶ
1435 549 1534 584 χαίρω,
1554 550 1603 576 καὶ
1627 549 1749 583 γέγηθα,
1777 549 1824 582 τῆς

1033 592 1126 626 φωνῆς
1149 592 1344 628 πληρουμένης
1367 592 1415 620 τοῦ
1441 593 1602 628 ἱεροψάλτου
1621 593 1706 620 Δαόἰδ
1720 600 1727 607 ⁸
1746 602 1756 618 ‹
1776 593 1824 618 Συν

1034 638 1168 670 στήσασθε
1182 637 1278 673 ἑορτὴν
1291 639 1320 664 ὲν
1333 640 1389 670 τοῖς
1404 639 1584 671 πυκάζουσιν,
1597 639 1649 670 ἕως
1664 639 1723 665 τῶν
1741 638 1824 672 κερά-

1033 693 1087 710 των
1114 684 1160 710 τοῦ
1193 683 1404 719 θυσιαστηρίου.
1432 694 1441 710 ι
1477 685 1550 711 ’Λλλ’
1573 687 1589 720 ἡ
1617 685 1668 719 μὲν
1697 683 1825 719 παρηῡσσ.

1034 730 1114 765 ἑορτὴ
1140 730 1202 761 ταῖς
1228 729 1274 756 τοῦ
1293 730 1453 765 Πνεύματος
1475 731 1651 766 αὺγαζομὲνη
1673 739 1826 766 μαρμαρυ-

1034 777 1096 809 γαῖς
1111 776 1197 802 πολλὰ
1209 776 1333 811 περιέχει
1348 777 1489 811 παράδοξα
1504 787 1509 793 ·
1521 778 1574 804 τῶν
1585 777 1641 812 γὰρ
1654 776 1825 807 ἐνεστώτων,

189 830 250 850 cum
289 829 316 850 et
345 825 527 858 przeseutinm,
555 831 581 853 et
606 826 799 858 pra-teritarum
834 832 924 853 rerum
956 832 979 854 el

1064 822 1083 847 ιὶ
1101 822 1157 847 τῶν
1175 822 1394 857 παρῳχηκότων,
1409 824 1455 849 καὶ
1475 823 1531 849 τιῖιν
1548 823 1704 857 μελλόντων
1720 822 1827 855 εἰσάγει

189 869 342 896 futurarum
373 871 498 904 mysteria
525 871 551 897 in
572 879 653 897 tmnm
674 875 826 905 congregel.
846 871 896 898 Ubi
910 872 980 898 enim

189 916 315 944 Salvator
351 917 439 945 Patris
483 920 622 945 voluntate
660 919 789 953 perfecta,
810 923 836 946 et
867 924 978 945 mortem

189 970 297 997 passus,
327 967 354 990 et
390 964 531 991 restitutus
558 973 573 992 e
602 970 688 991 tnorte
715 965 739 991 in
766 971 863 991 cwum
891 965 980 997 rediit,

190 1013 368 1042 naturamque
385 1014 504 1037 nostram
520 1011 547 1037 in
570 1010 676 1038 l’ate'rni
691 1010 748 1038 solii
776 1010 886 1037 dextera
899 1011 985 1037 collo-

189 1056 272 1087 cavit,
298 1055 380 1082 veluti
399 1056 512 1082 alterum
529 1057 617 1091 magni
636 1056 744 1083 consilii
760 1056 884 1091 angelum
899 1055 984 1082 Para—

190 1100 288 1126 cietnm
308 1101 392 1133 misit,
409 1102 454 1136 qui
477 1101 602 1135 gloriam,
628 1103 660 1128 ad
693 1109 773 1135 quam
798 1102 982 1135 pervenimus,

190 1145 323 1172 indicaret
338 1153 345 1172 :
359 1153 419 1172 cum
435 1154 498 1172 vero
513 1147 638 1180 spiritum
653 1147 851 1175 vehementem.
861 1146 984 1181 etiguem

191 1195 219 1217 et
234 1197 342 1222 sonum,
370 1195 397 1217 et
421 1191 575 1225 dispertitas
591 1191 696 1225 linguas
709 1190 751 1217 hic
769 1190 984 1222 contineatdies,

190 1229 360 1269 mrigmatiea
388 1236 477 1270 signat
504 1237 644 1270 mysteria.
659 1236 736 1269 Quod
760 1241 848 1262 autem
866 1243 919 1261 non
931 1235 985 1262 alio

191 1287 322 1316 tempore,
338 1290 417 1316 quam
445 1283 471 1310 iu
494 1283 651 1310 Pentecoste
668 1283 723 1309 haec
740 1281 809 1308 facta
823 1285 898 1314 sunt,
911 1288 984 1315 quaa-

190 1327 252 1354 dam
271 1328 353 1355 futuri
372 1330 501 1364 temporis
527 1334 567 1356 est
597 1330 694 1363 imago,
722 1336 782 1355 cum
811 1328 862 1355 hoe
888 1333 985 1354 exacto

191 1379 313 1408 tempore
329 1375 395 1411 (58).
408 1376 480 1410 quod
492 1383 539 1410 per
550 1374 736 1402 hebdomadas
751 1373 984 1407 circumvolvitur,

227 1447 250 1463 "
263 1445 335 1473 Psal.
361 1454 427 1478 cvu,
445 1446 470 1474 1.

1037 867 1186 902 μυστήρια.
1202 865 1249 897 Οἷς
1268 867 1322 902 γὰρ
1338 868 1351 893 ὁ
1367 868 1461 903 Σωτὴρ
1479 869 1508 894 τὸ
1521 869 1658 903 [la-cptum
1674 868 1826 902 πληρώσας

1036 913 1172 948 βούλημα,
1195 914 1242 940 καὶ
1263 913 1377 945 παθὼν,
1399 916 1446 940 καὶ
1470 915 1592 945 ἀναστὰς
1621 916 1661 946 εἰς
1691 915 1827 950 οὗρανηῑις

1035 960 1207 993 ἀνεφοίτησε,
1220 960 1269 993 τὴν
1282 960 1419 995 ἡμετέραν
1431 960 1512 994 φύσιν
1524 961 1552 986 ἐν
1565 960 1640 996 δεξιᾷ
1653 960 1710 987 τῶν
1727 969 1828 995 πατρι-

1033 1006 1090 1032 κῶν
1108 1007 1248 1041 ὲνιδρύσας
1264 1002 1378 1041 θρόνῖυν,
1400 1006 1527 1042 καθάπερ
1545 1006 1661 1041 ἄγγελον
1678 1006 1763 1032 ἄλλον
1782 1015 1828 1040 με-

1034 1051 1120 1087 γάλης
1138 1053 1237 1087 βουλῆς
1262 1052 1307 1078 τὸν
1331 1052 1510 1087 Παράκλητον
1535 1053 1665 1087 πέπομφε
1687 1051 1828 1087 μηνύοντα.

1033 1097 1082 1132 τὴν
1100 1097 1178 1130 δόξαν
1203 1099 1243 1129 εὶς
1271 1098 1305 1133 ἥν
1335 1097 1559 1132 ὲπεφθάκειμεν·
1584 1095 1625 1129 οἷς
1648 1098 1677 1124 δὲ
1704 1097 1827 1132 περιέχει

1036 1143 1126 1178 βιαίαν
1157 1144 1253 1178 πνοὴν,
1283 1144 1330 1171 καὶ
1355 1143 1421 1178 πῦρ,
1451 1144 1497 1170 καὶ
1520 1141 1597 1178 ἦχον,
1622 1144 1670 1169 καὶ
1694 1142 1827 1177 γλωσσῶν

1038 1191 1182 1225 μερισμὸν,
1201 1190 1390 1225 αἰνιγματώδη
1408 1190 1536 1225 σημαίνει
1554 1190 1707 1225 μυστήρια.
1735 1186 1784 1219 Οἷς
1800 1189 1826 1214 δὲ

1033 1235 1083 1261 οὐκ
1098 1236 1127 1261 ὲν
1145 1235 1218 1270 ἄλλῳ
1245 1235 1345 1269 καιρῷ,
1361 1235 1429 1262 ἀλλὰ
1457 1235 1530 1262 κατὰ
1556 1234 1606 1269 τὴν
1631 1233 1826 1268 Πεντηκοςτὴν

1035 1281 1121 1308 ταῦτα
1135 1281 1243 1315 γίνεται
1257 1281 1306 1314 τῆς
1330 1281 1481 1315 μελλούσης
1495 1281 1603 1315 ἡμέρας
1620 1280 1697 1305 ἐστὶν
1710 1279 1818 1306 ἀπεικά

1033 1336 1129 1361 νισμα,
1142 1327 1203 1354 καθ’
1213 1327 1246 1362 ἣν
1259 1327 1305 1353 τὸν
1320 1326 1500 1361 ἑϐδοματικὸν
1515 1327 1612 1361 χρόνον
1627 1325 1827 1360 πληρώσιντις

1034 1374 1075 1405 εἰς
1109 1373 1158 1408 τὴν
1184 1372 1292 1399 τελείαν
1320 1372 1511 1408 Πεντηκοστὴν
1542 1371 1766 1406 καταντήσομεν.
1794 1368 1828 1406 ἧς

813 1492 974 1524 Francisci
987 1492 1092 1524 Scorsi
1104 1495 1197 1524 notte.

228 1557 286 1592 (37)
304 1555 504 1583 Snnctiasimum
530 1557 657 1584 Domimc.
681 1557 709 1584 Si
726 1557 787 1592 quis
803 1557 980 1592 coniecturis.
997 1560 1017 1588 C
1035 1557 1253 1591 contemplatus,
1276 1564 1410 1592 quamque
1435 1564 1548 1592 summa
1563 1552 1830 1592 religioue_habenl

192 1601 253 1618 cum
282 1597 373 1619 vetera
400 1596 427 1618 et
452 1600 465 1617 a
495 1597 586 1618 nostra
611 1594 741 1619 memoria
771 1593 849 1626 longo
877 1597 980 1619 remota

193 1628 377 1657 illustrantur,
392 1627 494 1653 dandus
508 1632 548 1653 est
565 1627 650 1658 locus,
665 1627 845 1654 sanctissimae
859 1627 980 1659 Virginis

193 1662 285 1689 Mariae.
300 1662 440 1692 templum,
458 1662 482 1688 iu
500 1669 552 1696 quo
568 1669 720 1689 sermonem
745 1663 825 1694 hunc,
852 1670 980 1696 perquam

193 1698 307 1724 solemni
339 1696 512 1723 Pentecostes
536 1697 577 1722 die
599 1698 631 1723 ad
657 1697 907 1729 frequentissimum
934 1704 981 1730 po-

193 1733 286 1767 pulntn
314 1731 415 1758 habere
440 1739 470 1758 se
496 1732 539 1758 hie
564 1731 808 1758 Tanromenitanus
836 1733 980 1766 episcopus

195 1768 271 1798 dicit,
293 1771 401 1793 exstare
419 1767 500 1793 etiam
526 1766 606 1793 hodie
631 1767 782 1794 existimo:
807 1771 889 1796 atque
917 1767 980 1793 illud

194 1802 281 1831 ipsum
309 1808 389 1833 esse,
419 1801 489 1834 quod
518 1807 636 1828 Veterem
664 1801 802 1829 Matricem
831 1801 981 1829 Ecclesium

195 1835 417 1863 Tauromenitani
445 1841 552 1867 vocant,
573 1845 633 1863 cum
652 1836 706 1869 jam
728 1844 825 1863 novam
851 1837 930 1864 aliam
955 1836 980 1863 in

195 1871 286 1903 oppidi
305 1871 453 1897 meditullio
468 1872 672 1899 exzedilieariut.
692 1872 744 1898 Sed
765 1873 835 1899 enim
857 1876 984 1905 pervetus

196 1906 262 1941 illud
290 1906 356 1932 satis
385 1911 425 1932 est
453 1906 632 1933 multitudinis
661 1914 758 1941 capax.
786 1911 813 1938 et
832 1908 984 1940 Assumptae

198 1940 301 1974 Virgini
318 1948 435 1970 sacrum,
448 1948 531 1974 eaque
555 1940 737 1975 indigitatum,
756 1946 783 1968 et
801 1948 876 1969 extra
892 1946 984 1974 portas

196 1976 299 2009 oppidi.
326 1980 355 2001 ut
382 1983 452 2002 nunc
478 1983 521 2002 res
547 1981 619 2008 sunt,
645 1977 737 2003 situm.
761 1976 797 2003 De
812 1984 844 2003 eo
860 1976 942 2003 multa
969 1984 984 2003 a

197 2011 351 2038 senioribus
368 2010 484 2041 civibus.
503 2016 528 2037 et
543 2011 694 2045 prtrsertim
720 2011 754 2038 ab
772 2012 875 2045 optimo
899 2016 925 2038 et
941 2018 983 2037 re-

197 2045 293 2079 ligiOso
319 2045 375 2071 viro
401 2045 508 2072 l'atniliaa
535 2045 564 2073 S.
590 2045 729 2074 Francisei
757 2047 790 2072 de
818 2045 911 2074 Paula.
938 2045 981 2072 cui

197 2080 329 2111 templum
355 2080 417 2106 illud
441 2084 482 2106 est
508 2081 680 2112 attributum,
707 2084 734 2108 et
753 2081 919 2108 monasterio
935 2081 983 2106 ad-

195 2115 329 2149 junctum,
345 2115 389 2148 qui
405 2115 445 2141 vir
462 2116 486 2141 in
503 2123 534 2141 eo
551 2116 644 2149 viginti
660 2115 715 2149 jam
731 2123 816 2142 annos
836 2116 940 2142 vixerat
955 2119 982 2142 et

198 2150 322 2184 pluribus
340 2149 442 2176 vicibus
456 2157 514 2176 eam
534 2154 659 2183 rexerat;
683 2151 776 2182 multa,
793 2151 914 2184 inquatu,
931 2156 984 2177 tra-

200 2184 254 2210 dita
277 2185 379 2218 accepi,
405 2192 465 2211 cum
483 2184 694 2212 Tauromenium
716 2186 803 2212 dedita
831 2193 911 2219 opera
938 2192 982 2212 me

199 2220 315 2249 contuli.
334 2224 363 2245 nt
380 2219 567 2253 antiquiSSima
592 2219 663 2246 illius
686 2220 777 2254 oppidi
795 2225 982 2252 monumenta,

199 2254 242 2280 vel
263 2255 351 2287 potius
375 2255 472 2280 rudera
500 2254 691 2288 perlustrarem
708 2255 795 2282 oculis
808 2274 815 2287 ,
840 2259 866 2281 et
882 2256 903 2281 si
920 2255 983 2288 quid

200 2288 235 2314 de
250 2289 282 2315 iis
297 2291 322 2315 in
339 2290 426 2316 lllCl'lll
446 2289 514 2315 hanc
531 2291 684 2322 proderem.
710 2297 763 2317 non
779 2295 807 2317 ut
820 2290 924 2317 auritus
938 2296 984 2316 so—

200 2323 268 2356 lum,
283 2324 329 2352 sed
350 2330 378 2350 ut
392 2324 514 2350 oculatus
530 2325 606 2351 testis
621 2324 754 2351 aﬂ‘errem.

238 2358 285 2385 Est
300 2364 390 2385 autem
409 2358 478 2385 fama
500 2367 546 2391 per
558 2368 664 2394 manus
682 2367 695 2385 a
712 2359 860 2394 majoribus
873 2363 984 2393 accepta

202 2400 229 2423 et
256 2395 351 2420 tradita
380 2394 460 2420 haec:
484 2393 610 2425 templqu
639 2394 702 2421 illud
717 2399 903 2421 Consecratum
924 2402 985 2428 per-

202 2430 302 2457 celebri
323 2428 451 2455 Ecclesia:
468 2429 519 2454 ritu
539 2428 632 2459 fuisse,
652 2429 762 2463 ejusque
779 2430 816 2456 rei
831 2429 982 2456 certissima

203 2464 302 2492 indicia
316 2471 412 2490 cruces
428 2463 453 2489 in
470 2463 571 2497 pariete
586 2464 716 2499 sculptas,
733 2472 779 2491 seu
800 2464 920 2497 depictas
935 2471 985 2490 ex-

203 2500 315 2531 stitisse,
339 2505 399 2532 qum
424 2498 547 2532 quamvis
575 2498 654 2525 hodie
677 2499 809 2525 deulhatis
837 2499 986 2532 parietibus

203 2541 260 2569 pne
277 2534 394 2560 maxima
412 2533 535 2569 opiﬁcum
567 2532 728 2569 hebetudine
751 2539 777 2560 et
800 2533 917 2569 inscitia,
943 2533 986 2559 di-

204 2577 263 2596 cam
289 2569 370 2594 etiam
381 2569 479 2595 civium
507 2568 620 2599 incuria,
648 2569 763 2595 inductae
776 2574 802 2595 et
825 2568 986 2594 oblitteram:

206 2604 278 2634 sint,
300 2608 388 2630 tamen
411 2601 517 2628 vivebat
533 2602 621 2629 adhuc
636 2611 687 2629 non
709 2611 798 2635 nemo,
823 2602 870 2637 qui
892 2611 938 2629 eas
959 2606 987 2629 et

204 2640 311 2665 viderat
324 2643 351 2664 et
366 2638 478 2664 vidissse
492 2645 520 2663 se
536 2637 600 2663 mihi
621 2642 734 2665 testatus
758 2643 809 2670 est,
832 2643 886 2664 tum
905 2638 987 2664 fuisse

205 2673 237 2700 Β.
254 2672 356 2707 Virgini
379 2673 532 2705 Assmnplte
553 2672 684 2707 dicatum,
704 2673 747 2699 cui
771 2680 836 2700 sane
862 2673 987 2699 matrices

204 2708 281 2742 pleru
287 2706 365 2740 nique
376 2707 461 2733 dicari
471 2707 557 2733 solent
568 2715 576 2733 ε
586 2706 643 2742 ejus
650 2707 826 2734 dedicationis
835 2711 861 2733 et
870 2706 987 2742 numinis

206 2741 395 2776 argumentum
418 2746 544 2768 servatur
557 2741 705 2769 etiamnum
728 2747 879 2776 pervetusta
898 2741 987 2768 tabula

205 2775 381 2811 BIVirgiuis,
407 2777 441 2803 ad
468 2777 635 2804 moriendum
663 2775 829 2811 compositte.
853 2776 986 2810 depictam

207 2809 354 2845 imaginem
379 2815 577 2845 reprtnsentatts
603 2820 610 2838 :
637 2809 791 2847 quatn'cgo
816 2809 901 2839 oculis
927 2818 986 2839 sum

1036 1589 1256 1620 Tauronienitani
1267 1612 1275 1622 .
1286 1589 1334 1618 'ad
1345 1589 1665 1627 réammleipoliﬁsiltlltm
1680 1589 1779 1627 gisere
1802 1591 1831 1627 _et

1035 1635 1131 1661 preces
1155 1632 1217 1654 ante
1237 1635 1297 1654 eam
1323 1625 1462 1654 effundere
1479 1625 1670 1661 Dormitionis_
1680 1623 1712 1652 Β.
1734 1623 1832 1661 Maria:

1036 1659 1156 1696 Virginis
1184 1669 1262 1689 sacro
1289 1662 1331 1689 die
1359 1662 1518 1694 conﬂuunt;
1546 1669 1612 1697 nam
1650 1659 1741 1697 Graeci
1768 1665 1831 1697 eum

1035 1693 1192 1728 nuncupant
1218 1696 1447 1731 ἀνακοιμήσεως.
1478 1701 1507 1723 ιιι
1536 1696 1624 1722 diram
1652 1693 1779 1727 pluribus
1807 1693 1831 1717 in

1036 1735 1110 1761 hom.
1126 1733 1158 1759 de
1172 1731 1313 1765 Assumpta
1333 1731 1405 1765 Virg.
1419 1732 1523 1765 positus
1536 1731 1628 1760 etiam,
1643 1734 1670 1755 et
1686 1733 1831 1765 structura

1037 1768 1178 1799 antiquum
1196 1763 1324 1800 temp-lum
1341 1763 1426 1803 fuisse
1441 1766 1597 1803 Graecorum
1614 1765 1722 1803 arguit;
1743 1763 1833 1803 altare

1037 1803 1197 1833 maximum,
1211 1806 1237 1828 et
1250 1807 1326 1835 porta
1349 1801 1454 1836 plagam
1473 1801 1614 1836 occiduam
1632 1802 1774 1831 spectant,
1793 1801 1829 1822 ita

1036 1843 1066 1865 ut
1089 1838 1259 1864 introeuntes
1283 1841 1310 1863 et
1336 1834 1481 1863 adorantes
1508 1834 1541 1862 ad
1569 1835 1705 1861 orientem
1735 1836 1831 1859 essent

1036 1872 1163 1908 conversi
1182 1879 1215 1898 eo
1229 1872 1294 1904 ritu,
1317 1879 1348 1899 ac
1363 1871 1492 1908 religione
1513 1877 1593 1908 quam
1613 1873 1730 1908 veteres
1746 1867 1831 1908 Chril-

1035 1907 1116 1935 stiani
1140 1902 1329 1937 observarunt,
1350 1902 1554 1942 quodadnotat
1579 1904 1700 1942 Lacerda
1724 1903 1759 1942 in_
1776 1902 1832 1928 Ad-

1036 1946 1134 1970 versat.
1156 1949 1214 1975 cap.
1235 1942 1280 1971 79.
1297 1949 1329 1968 ex
1343 1940 1469 1972 Tertull.,
1485 1940 1600 1975 ejusque
1619 1939 1689 1965 ritus
1706 1939 1831 1963 rationes

1036 1978 1126 2009 atIerI,
1140 1973 1278 2008 qui'idem
1298 1976 1452 2011 Grtccornm
1474 1979 1533 2005 est;
1551 1973 1601 2011 sed
1624 1980 1698 1999 nunc
1723 1976 1830 2011 mutata

1036 2011 1216 2039 aediﬁcatione
1232 2011 1334 2045 oppidi,
1361 2010 1424 2044 quia
1447 2009 1610 2036 exeuntibus
1629 2013 1741 2045 portam
1758 2009 1832 2033 oeci-

1036 2048 1118 2074 duam
1137 2042 1297 2073 circuitione
1314 2042 1381 2079 opus
1397 2045 1493 2072 fuisset
1505 2045 1538 2071 ad
1553 2043 1645 2076 templi
1660 2042 1829 2079 ingressum.

1036 2081 1136 2116 publici
1153 2081 1288 2107 commodi
1303 2078 1385 2116 causa
1407 2083 1508 2116 mutata
1533 2079 1614 2116 etiam
1639 2078 1765 2116 positura
1790 2079 1830 2101 est

1037 2111 1141 2150 iempli.
1167 2115 1279 2142 Demum
1299 2114 1442 2142 Saracenis
1460 2111 1651 2150 invadentibus
1673 2111 1830 2150 Taurome-

1037 2147 1123 2183 nium,
1143 2151 1294 2178 testabatur
1309 2150 1436 2176 traditum
1450 2148 1501 2175 sibi
1516 2149 1557 2175 vir
1572 2147 1695 2184 ille._cui
1707 2149 1736 2172 et
1752 2150 1829 2184 aetas,

1036 2191 1063 2213 et
1079 2186 1204 2221 religiosa
1220 2186 1274 2212 vita
1298 2193 1353 2212 non
1372 2185 1512 2221 minimum
1536 2182 1713 2221 auctoritatis
1736 2182 1830 2221 cont-i-

1035 2216 1194 2255 liabatiqui
1220 2227 1316 2246 manus
1339 2220 1456 2246 hostium
1477 2221 1631 2255 evaserant,
1657 2217 1691 2255 in_
1705 2216 1826 2255 arduum

1036 2251 1166 2287 montem,
1183 2263 1243 2281 eum
1257 2255 1359 2281 scilicet
1376 2255 1462 2287 ipsum
1485 2253 1511 2279 in
1527 2252 1604 2285 cujus
1618 2251 1764 2284 crepidine
1779 2251 1827 2275 hoc

1035 2290 1163 2324 templum
1189 2294 1232 2317 est
1252 2289 1430 2326 collocatum,
1459 2293 1540 2326 atque
1564 2287 1597 2314 ad
1630 2293 1724 2326 arcem
1749 2291 1824 2315 eam,

1036 2321 1098 2360 quae
1114 2329 1201 2351 exstat
1222 2324 1302 2351 hodie
1318 2323 1398 2360 Mota:
1423 2323 1575 2360 nominata,
1598 2321 1759 2360 confugisse
1779 2327 1826 2352 op-

1035 2356 1166 2394 pidanos;
1185 2364 1265 2393 atque
1279 2359 1340 2394 inde
1354 2357 1589 2394 tranquillioribus
1612 2357 1694 2394 rebus
1709 2356 1823 2394 descen-

1036 2391 1119 2426 disse,
1134 2399 1161 2421 et
1176 2391 1303 2427 teuiplum
1322 2393 1387 2420 illud
1404 2391 1541 2429 ahimpiis
1556 2391 1822 2429 Agarenisdirutum

1037 2425 1177 2456 refecisse.
1192 2425 1269 2455 lin-de
1282 2433 1375 2462 aperte
1388 2427 1525 2460 colligitur
1546 2425 1676 2462 templum
1691 2425 1758 2451 illud
1771 2425 1823 2462 jam

1037 2464 1099 2491 inde
1111 2463 1283 2497 Theophanis
1295 2458 1375 2490 {etate
1390 2458 1509 2490 stetisse.
1527 2462 1572 2498 qui
1600 2458 1684 2498 paulo
1700 2464 1766 2485 ante
1780 2458 1824 2498 ga-

1037 2495 1198 2525 racenoruui
1214 2499 1390 2529 dominatum,
1407 2502 1436 2523 ut
1444 2495 1613 2523 ostendimus
1628 2496 1655 2521 in
1669 2495 1823 2522 Protemiis.

1037 2540 1097 2560 eam
1113 2534 1180 2560 rexit
1197 2533 1342 2559 Eeelesiam
1357 2541 1364 2563 ;
1386 2538 1485 2558 etcum
1503 2531 1528 2558 id
1546 2530 1648 2558 matrix
1662 2537 1696 2556 ex
1712 2536 1747 2555 eo
1764 2532 1825 2553 tctu-

1038 2575 1104 2601 pore
1122 2569 1212 2600 luerit,
1237 2574 1267 2595 ut
1287 2568 1368 2594 etiam
1384 2567 1463 2593 hodie
1479 2571 1555 2602 vetus
1577 2565 1822 2602 niatrix_vocetu_r.

1038 2597 1065 2629 in
1080 2610 1110 2630 ea
1127 2597 1211 2629 huue'
1222 2609 1371 2629 sermonem
1387 2602 1419 2636 ad
1436 2601 1563 2636 populum
1577 2598 1771 2636 hoc__s_olemni
1787 2597 1825 2622 die

1038 2637 1216 2664 Pentecostes
1238 2637 1366 2664 habuisse
1390 2632 1583 2670 Theophanem
1605 2634 1717 2670 colligo.
1742 2632 1825 2670 Atque

1040 2672 1098 2699 hare
1114 2672 1194 2698 habui
1225 2671 1400 2705 eonjeetauea
1428 2665 1487 2704 qua:
1514 2669 1640 2697 atferreut
1664 2665 1699 2695 de
1728 2665 1824 2706 templo

1041 2706 1160 2741 Virginis
1190 2706 1299 2739 Mariae,
1320 2706 1396 2740 cujus
1429 2706 1456 2732 in
1483 2705 1534 2741 hoc
1554 2710 1683 2741 sermone
1705 2705 1826 2741 mentio_._

1042 2734 1105 2775 qua?
1118 2749 1169 2768 non
1188 2741 1275 2768 solum
1293 2734 1444 2773 sermonis,
1468 2739 1514 2767 sed
1535 2740 1619 2767 etiam
1644 2738 1720 2766 illius
1741 2734 1827 2764 saeculi

1042 2776 1232 2812 sanerbscuri
1254 2775 1429 2812 facu_l§t:»esse
1452 2779 1578 2812 possunt.
1724 2807 1742 2812 __
1788 2804 1793 2809 _

1078 2810 1134 2846 (58)
1157 2813 1289 2846 Tempore.
1308 2807 1470 2838 Universum
1496 2809 1610 2845 hujusce
1631 2807 1758 2836 mortalis
1771 2807 1829 2832 Vilt
