1875 3055
231 154 283 188 779

828 150 1032 182 TIIEOPIIAN
1040 150 1073 180 IS
1089 151 1260 183 CERAMEI

1799 156 1843 188 ’180

232 219 310 243 retur
324 214 422 245 Deum,
439 211 492 240 nisi
513 209 633 246 Spiritus
657 213 779 242 sanctus,
792 210 837 244 qui
855 209 930 237 illum
945 217 961 236 a
975 217 1014 237 su-

1081 210 1174 245 ίξᾱραν
1188 211 1239 246 τῆς
1261 210 1420 246 Χαλδαῖκῆς
1436 210 1658 246 δυσειδσιμονίας
1673 212 1776 246 αὐτόνς
1792 213 1843 242 Εἶτα

232 259 393 295 perstitione
409 257 561 292 ,Chaldaica
590 256 714 284 exemit:
739 259 844 295 postea]
860 260 952 282 secuta
978 261 1014 282 est

1081 257 1141 284 ιδιὰ
1162 256 1214 283 τοῦ
1236 258 1322 292 νόμον
1345 258 1523 293 συσσεισμδς,
1550 258 1579 290 ὃς
1596 258 1718 285 διέσεισε
1732 260 1777 285 καὶ
1795 261 1844 288 ὲτά-

232 292 386 336 coucussio,
415 306 539 338 tempore
563 301 629 337 legis
648 309 655 329 :
674 308 737 336 quae
761 292 844 328 sane,
856 307 909 327 non
940 299 1021 326 modo

232 351 380 386 Egyptum
399 350 491 377 decem
518 348 657 383 plagarum
672 346 790 382 ﬂagello,
807 346 856 374 sed
876 350 905 373 et
924 345 1021 373 solitu-

233 397 343 428 dinem,
366 398 394 421 et
417 397 513 429 gentes
542 392 640 420 multas
665 391 825 424 concussit,
851 395 878 418 et
907 395 1020 418 contur-

234 441 318 468 bavit.
960 462 963 463 ,

269 485 347 519 Quod
369 492 431 513 vero
446 492 497 519 per
508 484 640 519 Spiritum
659 488 784 511 sanetum
810 490 825 510 a
839 482 931 519 Moyse
951 483 1023 511 facta

234 532 289 558 sint
301 537 394 565 opera,
411 530 559 564 intelliges.
571 529 593 556 si
609 528 729 556 animum
741 528 868 556 advertes
879 529 912 556 ad
925 528 1024 556 nubem

234 584 294 611 quae
307 576 360 604 dux
385 575 490 603 itineris
510 575 561 602 fuit
584 574 676 602 lsrael.
690 573 744 601 Per
755 581 814 602 eam
828 575 899 602 enim
926 574 1026 609 ﬁgura-

236 623 318 651 batur
343 621 462 657 Spiritus
481 624 592 648 sanctus
607 620 681 655 (55);
699 627 762 648 cum
779 619 878 647 Paulus
894 619 1026 648 divinitus

236 670 349 705 loquens
375 668 410 695 ita
433 667 523 694 dicat:
553 666 653 701 Figura
668 670 728 693 erat
754 672 829 693 mare
843 665 900 702 (54)
915 665 1025 701 quidem

235 721 323 749 aqum,
338 713 423 740 nubes
444 718 508 739 vero
527 710 691 746 Spiritus“.
703 711 756 738 Sed
779 715 806 738 et
820 715 908 746 petra,
920 717 954 738 ex
973 717 1026 746 qua

237 759 335 794 populo
347 757 465 785 manavit
478 755 578 784 adatim
591 761 682 791 potus,
697 763 750 784 non
765 763 833 784 sane
848 755 1028 791 spiritualiter

237 805 308 831 dicta
337 807 410 830 esset
438 809 453 828 a
478 801 578 835 Paulo,
610 800 663 829 nisi
689 808 721 828 ea
745 801 857 835 quidem
884 800 1026 828 Dominum

237 848 341 881 Iesum,
355 856 425 884 aqua
441 855 507 875 vero
520 855 553 875 ex
566 847 625 882 ipsa
642 846 781 882 proﬂuens
796 851 920 875 sanetum
940 846 1027 882 Spiri-

237 900 294 922 tum
321 882 498 922 indicasset:
528 902 538 920 ι
569 892 702 921 Bibebant
735 894 826 927 enim,
857 892 962 927 inquit,
992 882 1063 920 deB

238 940 373 976 spirituali
400 943 586 974 consequente
604 945 652 966 eos
666 943 753 974 petra,
769 942 845 974 petra
861 942 953 965 autem
969 941 1027 965 erat

237 987 363 1014 Christus
372 986 406 1013 ".
416 994 426 1011 ι
439 985 514 1018 Quod
527 990 616 1012 autem
626 991 695 1019 aqua
706 983 824 1018 Spiritus
836 984 918 1019 ﬁgura
932 983 1027 1017 fuerit,

237 1032 345 1060 edocuit
362 1040 411 1059 nos
422 1031 502 1059 hodie
513 1030 644 1058 Dominus
657 1030 684 1058 in
695 1029 842 1065 Evangelio
854 1039 863 1057 ς
878 1039 888 1056 ι
905 1029 956 1063 Qui
968 1036 1029 1058 ere-

237 1079 278 1106 dit
293 1078 321 1105 in
337 1084 391 1111 me,
407 1077 490 1113 286
505 1076 615 1104 ﬂumina
627 1077 661 1104 de
676 1081 771 1104 ventre
782 1075 841 1111 ejus
853 1075 936 1104 ﬂuent
951 1083 1028 1111 aquas

239 1123 357 1157 vivae“;
374 1132 384 1149 ι
407 1123 480 1158 quod
504 1129 572 1150 sane
596 1122 781 1158 interpretans
805 1122 956 1158 discipulus
983 1123 1029 1151 ille

238 1169 351 1197 tonitrui
367 1169 456 1198 ﬁlius:
468 1177 478 1195 ι
495 1167 552 1197 Hoc
569 1168 650 1202 dixit,
661 1168 760 1203 inquit,
775 1168 808 1196 de
823 1168 935 1203 Spiritu,
947 1176 1028 1204 quem

238 1214 376 1248 accepturi
400 1216 480 1241 erant
506 1213 651 1241 credentes
679 1212 706 1241 in
734 1220 796 1241 eum
806 1213 840 1240 θ’.
857 1222 866 1239 ι
881 1213 914 1240 Et
926 1220 993 1241 sane
1013 1221 1028 1240 a

239 1259 337 1295 spiritu
356 1258 404 1294 qui
421 1265 480 1287 erat
498 1259 525 1286 in
541 1258 634 1293 Moyse
659 1258 786 1287 auferens
809 1258 881 1287 Deus
904 1261 1030 1296 apposuit

237 1304 410 1340 septuaginta
436 1304 514 1337 viris,
531 1309 559 1332 et
575 1305 609 1332 iis
625 1304 672 1339 qui
690 1308 879 1333 remanserant
895 1305 921 1332 in
933 1306 1030 1334 castris

240 1351 313 1378 Elda
336 1355 364 1378 et
381 1350 464 1378 Medae
484 1350 762 1385 prophetantibus";
786 1356 925 1386 postremo
946 1353 1029 1379 etiam

241 1395 350 1428 Nabidi,
364 1399 391 1422 ct
405 1395 487 1423 losue
499 1396 525 1423 in
540 1395 630 1423 locum
642 1394 742 1432 Moysis
752 1397 900 1431 subrogato
910 1397 944 1425 ".
959 1397 1029 1431 Quid

242 1448 305 1468 vero
320 1445 381 1476 post
396 1441 453 1468 haec
469 1440 589 1468 divinum
601 1440 760 1468 oraculum?
774 1450 784 1467 ι
801 1440 864 1469 Post
874 1443 1030 1471 concussio-

238 1494 302 1513 uem
312 1485 392 1521 ignis;
399 1495 409 1512 ι
422 1485 465 1514 hic
472 1490 513 1513 est
522 1484 640 1521 Spiritus
648 1486 694 1521 qui
705 1486 866 1522 loquebatur
875 1487 901 1515 in
913 1489 1029 1524 prophe-

241 1532 287 1563 tis,
297 1535 328 1558 et
339 1535 455 1558 mentem
473 1538 568 1559 eorum
580 1531 688 1559 fovebat
704 1536 732 1560 et
747 1532 939 1560 inﬂammabat.
952 1534 1028 1568 Quod
1042 1550 1067 1583 α

240 1584 307 1604 sane
319 1576 472 1612 intelligens
481 1576 741 1605 calamitosissimus
750 1578 945 1613 prophetarum
959 1580 1032 1607 dice-

238 1622 287 1649 bat
303 1630 337 1649 ex
347 1629 461 1657 persona
475 1622 522 1650 Dei
535 1630 544 1650 :
563 1631 573 1648 (
588 1621 684 1650 Nonne
696 1623 779 1651 verba
791 1631 849 1651 mea
859 1624 929 1652 sicut
940 1625 1033 1659 ignis?

242 1669 306 1695 dicit
319 1667 462 1695 Dominus.
477 1677 540 1694 t—t
556 1667 622 1696 Post
637 1668 727 1704 ignem
739 1675 814 1702 vero,
829 1669 927 1704 inquit,
938 1678 990 1698 vox
1005 1677 1033 1698 ut

241 1721 314 1740 aura:
325 1713 423 1746 tenuis,
441 1713 512 1741 etibi
522 1713 653 1741 Dominus
665 1714 699 1742 ".
714 1723 725 1741 ι
741 1714 871 1750 Videjam
881 1719 911 1743 ut
924 1716 1033 1751 impleta

240 1760 280 1786 sit
289 1759 441 1794 prophetia,
454 1759 633 1788 considerans
643 1761 832 1794 auramillam,
841 1768 902 1796 quae
912 1762 1033 1798 discipu-

242 1805 277 1832 lis
289 1806 314 1841 in
334 1805 504 1833 ccenaculum
515 1806 600 1834 venit.
618 1805 647 1833 In
664 1806 879 1841 praecedentibus
889 1808 961 1835 enim
970 1815 1032 1836 om-

243 1851 324 1878 nibus
341 1851 449 1879 indiciis
464 1860 472 1878 :
488 1860 498 1877 ι
512 1850 572 1879 Νοιι
587 1851 615 1879 in
635 1852 736 1886 spiritu
765 1852 908 1886 Dominus,
936 1853 1033 1889 inquit,

242 1904 332 1932 neque
347 1897 373 1924 in
385 1897 576 1931 concussione,
593 1904 681 1933 neque
691 1898 719 1926 in
735 1898 816 1932 igne:
833 1907 843 1925 ›
859 1903 887 1927 at
899 1908 909 1925 ι
925 1899 951 1927 in
969 1907 1034 1928 voce

243 1945 273 1968 ut
286 1948 358 1967 aurae
376 1941 477 1974 tenuis,
494 1949 504 1967 ι
522 1940 638 1975 addidit,
657 1949 667 1967 ι
682 1940 716 1969 Et
749 1941 787 1970 ibi
816 1942 958 1971 Dominus.
977 1952 987 1969 ι
1006 1943 1034 1972 lu

243 1987 405 2022 patriarchis
424 1987 509 2020 enim,
524 1992 552 2014 et
567 1987 594 2014 in
611 1987 680 2022 lege,
700 1992 728 2017 et
740 1988 767 2015 in
783 1988 923 2025 prophetis
947 1990 1034 2025 gratia

243 2032 364 2068 Spiritus
397 2028 598 2067 quodammodo
624 2038 684 2062 erat
733 2034 850 2062 exilior:
877 2042 938 2070 quas
970 2043 1035 2063 vero

241 2079 384 2113 discipulis
406 2082 545 2113 postremo
561 2083 684 2115 tempore
709 2081 772 2108 data
799 2085 851 2113 est,
877 2081 1034 2116 perﬁciendi

243 2126 298 2151 vim
314 2123 419 2150 habuit.
435 2123 468 2150 Et
490 2124 562 2151 sicut
582 2124 609 2152 in
635 2125 730 2152 mundi
755 2124 902 2154 Creatione
927 2125 1035 2162 Moyses

243 2170 293 2202 ait,
313 2170 430 2204 primum
454 2170 564 2205 quidem
592 2171 710 2198 animam
726 2175 898 2205 vegetantem
918 2171 1033 2199 inditam

1072 303 1153 338 ραξεν
1172 303 1203 329 οὗ
1223 303 1306 338 μόνον
1319 304 1457 337 Αἴγυπτον
1485 305 1518 339 τῇ
1543 304 1711 340 δεκαπλήγῳ
1739 305 1843 341 μάστιγι,

1071 348 1140 376 ἀλλὰ
1151 349 1199 376 καὶ
1211 348 1314 386 ἔρημον
1325 350 1373 377 καὶ
1390 349 1454 386 ἔθνη
1467 349 1564 378 πολλά.

1109 480 1171 506 ὀτι
1181 479 1210 506 δὲ
1222 479 1267 506 διὰ
1279 480 1327 507 τοῦ
1338 480 1417 515 ἁγίου
1433 480 1594 515 Πνεύματος
1605 481 1717 516 ἐνήργει
1730 482 1848 519 Μωῦσῆς,

1074 525 1247 561 καταμάθοις
1279 526 1408 562 προσχὼν
1444 528 1477 562 τῇ
1513 527 1648 563 ὁδηγούσῃ
1683 528 1783 564 νεφέλῃ
1813 531 1850 557 τὸν

1081 571 1201 606 Ἰσραήλ.
1215 570 1270 598 Ἦν
1283 571 1338 606 γὰρ
1352 570 1422 607 αὕτη
1437 571 1467 598 τὸ
1486 572 1598 606 Πνεῦμα
1614 573 1646 600 τὸ
1672 573 1764 607 ἅγιον,
1778 575 1850 607 οὓτως

1074 617 1199 649 εἰπόντος
1213 617 1261 644 τοῦ
1275 617 1408 653 θεηγόρου
1421 617 1539 644 Παύλου·
1554 618 1645 650 Τύπος
1658 616 1694 655 ἦν
1710 620 1727 655 ή
1744 619 1849 647 θάλασσα

1074 662 1122 689 τοῦ
1135 662 1244 696 ὕδατος,
1259 663 1277 698 ή
1294 663 1324 690 δὲ
1343 663 1443 699 νεφέλη
1464 663 1512 690 τοῦ
1527 663 1700 699 Πνεύματος.
1726 665 1805 693 Ἀλλὰ
1814 669 1849 694 καὶ

1076 709 1094 744 ή
1112 709 1202 745 πέτρα
1223 709 1253 742 ἐξ
1268 706 1303 745 ἧς
1325 709 1439 745 ὲπέῤῥει
1459 709 1500 745 τῷ
1513 709 1571 745 λαῷ
1586 711 1708 746 δαψιλῶς
1724 713 1756 738 τὸ
1769 713 1850 747 ποτὸν,

1076 754 1127 781 οὐκ
1142 754 1175 781 ἃν
1193 754 1246 781 ὑπὸ
1258 754 1308 781 τοῦ
1331 754 1440 781 Παύλου
1459 752 1562 790 ἐκλήθη
1582 756 1770 792 πνευματικὴ,
1786 757 1809 784 εἰ
1822 758 1852 794 μή

1077 799 1148 834 αὑτὴ
1166 799 1217 834 μὲν
1230 800 1326 835 ἐδήλου
1343 800 1388 826 τδν
1402 800 1507 835 Κύριον
1524 800 1642 836 ῘΙησοῦν,
1655 801 1688 828 τὸ
1701 802 1724 829 δ’
1740 802 1770 835 ὲξ
1781 803 1851 838 αὐτῆς

1078 843 1151 879 ὕδωρ
1166 844 1197 871 τὸ
1212 844 1326 880 Πνεῦμα
1342 845 1372 872 τὸ
1387 845 1475 879 ἅγιον.
1490 854 1500 871 ι
1520 846 1635 873 Ἐπινον
1649 847 1717 881 γὰρ,
1730 848 1817 882 φησὶν,
1828 850 1851 875 ἐκ

1077 890 1269 926 πνευματικῆς
1289 890 1491 927 ἀκολουθούσης
1506 892 1612 928 πέτρας
1623 901 1630 908 ·
1648 893 1665 928 ή
1685 893 1716 920 δὲ
1733 894 1817 928 πέτρα
1826 892 1851 930 ἦν

1078 937 1093 964 ὀ
1109 937 1245 972 Χριστός.
1265 947 1275 964 ι
1298 937 1361 964 Ὀτι
1375 938 1404 964 δὲ
1417 938 1447 964 τὸ
1463 938 1536 974 ὕδωρ
1549 938 1580 965 τὸ
1595 939 1708 974 Πνεῦμα
1726 940 1851 973 εἰκόνιζεν,

1078 982 1313 1019 ὲμυσταγώγησεν
1332 983 1408 1019 ἡμᾶς
1427 985 1549 1020 σήμερον
1570 985 1600 1012 ὲν
1614 986 1673 1017 τοῖς
1686 985 1851 1019 Εὐαγγελίοις

1077 1030 1092 1056 ὸ
1107 1027 1210 1063 Κύριος
1226 1035 1234 1044 ·
1254 1037 1264 1055 t
1288 1029 1317 1055 '0
1333 1030 1470 1056 πιστεύων
1486 1030 1527 1063 εἰς
1546 1030 1597 1066 ἐμὲ
1616 1031 1738 1066 ποταμοὶ
1754 1030 1851 1066 ῥεύσον-

1079 1081 1121 1100 σιν
1146 1075 1179 1101 ὲκ
1201 1073 1252 1110 τῆς
1269 1074 1374 1108 κοιλίας
1396 1075 1480 1102 αὑτοῦ
1507 1075 1606 1108 ὕδατος
1631 1077 1756 1109 ζῶντος·
1774 1086 1782 1102 ι
1798 1078 1853 1113 ὅπερ

1078 1119 1262 1155 ἑρμηνεύωνό
1278 1120 1457 1156 βροντογενὴς
1473 1122 1612 1158 μαθητὴς,
1641 1132 1651 1149 ι
1666 1123 1765 1157 Τοῦτο,
1775 1124 1852 1159 φησὶν,

1079 1164 1140 1192 εῐπε
1168 1166 1233 1201 περὶ
1260 1167 1307 1193 τοῦ
1336 1167 1507 1202 Πνεύματος,
1531 1167 1546 1194 ὃ
1570 1168 1666 1203 ἔμελλε
1696 1169 1788 1196 δοῦναι
1809 1171 1852 1201 τοῖς

1079 1211 1253 1240 πιστεύουσιν
1279 1213 1320 1244 εις
1346 1207 1443 1240 αὐτόνζ
1468 1223 1478 1240 ι
1504 1214 1558 1241 Καὶ
1585 1214 1639 1250 μὴν
1663 1215 1715 1242 καὶ
1739 1215 1791 1242 ἀπὸ
1816 1216 1851 1242 τοῦ

1079 1258 1235 1294 πνεύματος
1243 1258 1291 1285 τοῦ
1299 1259 1328 1285 ὲν
1341 1259 1380 1295 τῷ
1396 1260 1511 1286 Μωῡσεῖ
1525 1259 1633 1293 ἀφελὼν
1649 1261 1663 1286 ὁ
1673 1261 1746 1293 Θεὸς
1760 1261 1851 1288 ἐπέθετο

1079 1305 1136 1335 τοῖς
1157 1304 1345 1341 ἐσδομήκοντα
1365 1305 1413 1332 καὶ
1435 1307 1492 1337 τοῖς
1521 1306 1749 1341 καταλειφθεῖσιν
1774 1308 1802 1333 ὲν
1828 1309 1852 1343 τῇ

1079 1349 1240 1385 παρεμσολῇ
1262 1349 1355 1376 ’Λλδὰδ
1365 1349 1412 1376 καὶ
1422 1350 1514 1377 Μοδὰδ
1528 1351 1749 1386 προφητεύουσιν
1765 1359 1774 1369 ⁸
1787 1352 1854 1378 ὕστε-

1082 1403 1128 1429 ρον
1144 1394 1172 1421 δὲ
1198 1395 1246 1421 καὶ
1264 1393 1304 1429 τῷ
1319 1394 1427 1431 Νασιδῃ
1449 1395 1497 1422 καὶ
1525 1395 1640 1431 διαδόχῳ
1661 1396 1714 1424 τοῦ
1735 1397 1854 1428 Μωῦσέως

1086 1440 1187 1475 Ἰησοῦ.
1217 1439 1297 1467 Ἀλλὰ
1320 1441 1347 1467 τι
1374 1441 1444 1475 μετὰ
1466 1440 1557 1468 ταῦτά
1578 1450 1663 1477 φησιν
1688 1443 1704 1469 ὁ
1730 1444 1852 1478 χρησμ6;;

1083 1494 1093 1512 ι
1108 1486 1185 1513 Mes":
1199 1485 1228 1512 δὲ
1243 1486 1289 1513 τὸν
1310 1487 1476 1522 συσσεισμὸν
1491 1486 1548 1521 πῦρ
1565 1496 1573 1504 ·
1591 1497 1601 1513 ι
1621 1488 1692 1515 αὐτὸ
1716 1489 1822 1524 Πνεῦμα
1834 1490 1853 1515 ὲν

1081 1534 1139 1565 τοῖς
1164 1532 1318 1568 προφήταις
1340 1532 1452 1565 λαλοῦν,
1486 1534 1535 1560 καὶ
1551 1534 1737 1569 περιθάλπον,
1753 1535 1798 1561 καὶ
1810 1535 1853 1561 διι-

1083 1575 1229 1611 Θερμαῖνον
1243 1576 1333 1603 αὐτῶν
1347 1576 1378 1603 τὺ
1390 1577 1565 1612 ἡγεμονικόν.
1584 1579 1672 1614 Ὅπερ
1699 1579 1779 1611 εἰδὼς
1791 1579 1804 1605 ὁ
1814 1579 1852 1605 τῶν

1084 1621 1233 1656 προφητῶν
1260 1622 1549 1657 πολυσυμφορὼτατος
1565 1624 1657 1658 ἔλεγεν
1671 1624 1710 1651 ὲκ
1726 1624 1852 1661 προσώπω

1083 1667 1130 1693 τοῦ
1145 1667 1225 1694 Θεοῦ·
1235 1677 1245 1694 ι
1259 1668 1315 1703 Οὐχ
1322 1668 1359 1700 ὡς
1369 1668 1426 1704 πῦρ
1434 1669 1460 1695 οἱ
1470 1669 1546 1704 λόγοι
1558 1679 1609 1705 μου
1619 1678 1628 1703 ;
1646 1670 1728 1705 λέγει
1745 1672 1852 1705 Κύριος.ι

1085 1728 1118 1734 —-—
1130 1722 1140 1740 ι
1153 1714 1231 1741 Μετὰ
1243 1714 1272 1741 δὲ
1290 1715 1322 1741 τὸ
1335 1715 1401 1750 πῦρ,
1422 1720 1500 1751 φησι,
1513 1715 1588 1752 φωνὴ
1603 1717 1641 1748 ὡς
1654 1717 1748 1752 αὖρας
1763 1717 1853 1752 λεπτῆς,

1084 1760 1132 1786 καὶ
1152 1761 1211 1787 ἐκεῖ
1235 1760 1347 1796 Κύριος.
1369 1771 1379 1788 ι
1402 1762 1499 1797 Ἀθρει
1522 1762 1554 1798 δὴ
1582 1763 1632 1797 τῆς
1657 1764 1854 1800 προφητείαςτὺ

1084 1804 1233 1840 πλήρωμα,
1244 1807 1420 1842 κατανοήσας
1432 1807 1481 1843 τήν
1490 1807 1578 1844 αὔραν
1592 1809 1642 1843 τὴν
1652 1810 1695 1841 εις
1707 1810 1740 1836 τὸ
1751 1809 1855 1844 ὑπερῷον

1085 1851 1262 1878 καταπτᾶσαν
1286 1852 1344 1883 τοῖς
1366 1852 1511 1887 μαθηταῖς.
1535 1853 1581 1880 Ἐν
1607 1854 1656 1889 μὲν
1673 1854 1726 1882 οὖν
1737 1856 1796 1887 ταῖς
1808 1863 1855 1889 πρε-

1083 1896 1277 1931 ηγησαμέναις
1290 1897 1452 1932 ὲμφανείαις
1466 1898 1549 1933 φησιν
1559 1907 1567 1914 ο
1587 1908 1597 1925 ι
1613 1898 1671 1926 Οὐκ
1688 1900 1720 1927 ἐν
1739 1900 1778 1936 τῷ
1791 1900 1853 1926 πνεύ-

1086 1949 1151 1976 ματι
1166 1941 1279 1977 Κύριος,
1294 1943 1341 1969 καὶ
1360 1942 1410 1970 οὐκ
1425 1943 1454 1971 ὲν
1469 1943 1509 1978 τῷ
1526 1944 1698 1980 συσσεισμῷ,
1718 1946 1765 1972 καὶ
1783 1945 1854 1972 οὑχὲν

1084 1987 1122 2022 τῷ
1137 1987 1215 2023 πυρί·
1234 1996 1243 2013 ι
1257 1987 1362 2024 usus
1376 1997 1385 2014 ‹
1398 1989 1473 2024 φωνῇ
1488 1998 1498 2015 ι
1511 1990 1543 2025 τῇ
1556 1999 1565 2014 ι
1579 1990 1616 2021 ὡς
1630 1989 1723 2025 αὔρας
1735 1991 1853 2026 λεπτῆ;,ι

1085 2033 1221 2068 ἐπήγαγε,
1246 2041 1256 2060 ι
1275 2033 1331 2060 Καὶ
1353 2034 1412 2060 ἐκεῖ
1427 2034 1541 2070 Κύριος.
1562 2043 1572 2060 t
1596 2034 1640 2061 Ἐν
1662 2036 1717 2070 μὲν
1742 2036 1795 2070 γὰρ
1814 2036 1854 2066 τοῖς

1085 2077 1279 2113 πατριάρχαις,
1311 2078 1359 2104 καὶ
1384 2077 1424 2113 τῷ
1453 2079 1538 2113 νόμῳ,
1567 2079 1615 2105 καὶ
1640 2079 1700 2110 τοῖς
1721 2080 1854 2114 προφήταις

1085 2123 1261 2159 ἀμυδροτέρα
1274 2121 1380 2159 πωςῆν
1399 2124 1416 2159 ἡ
1434 2124 1515 2159 χάρις
1535 2123 1583 2150 τοῦ
1607 2124 1790 2159 Πνεύματοςν
1811 2122 1855 2157 ἡδὲ

1084 2168 1194 2196 δοθεῖσα
1211 2170 1268 2201 τοῖς
1284 2169 1421 2204 μαθηταῖς
1435 2171 1464 2196 ἐν
1484 2169 1524 2204 τῷ
1537 2169 1637 2205 λοίσθῳ
1652 2169 1747 2205 καιρῷ
1775 2168 1854 2195 τελεω-

241 2222 306 2243 ease
323 2215 433 2250 plantis,
455 2215 553 2243 deinde
566 2216 731 2244 sentientem
742 2216 906 2244 animalibus
917 2218 1014 2245 rationi

1084 2213 1158 2248 τική.
1178 2213 1235 2240 Καὶ
1247 2212 1342 2248 ὥσπερ
1357 2214 1386 2239 ἐν
1408 2214 1441 2249 τῇ
1455 2213 1503 2240 τοῦ
1517 2214 1620 2249 κόσμου
1635 2213 1749 2240 Γενέσει
1766 2213 1853 2247 φησὶνὸ

239 2261 413 2296 expertibus,
426 2261 461 2288 ad
475 2266 627 2288 extremum
639 2268 703 2288 vero
719 2261 866 2296 perfectam
882 2266 910 2290 et
926 2262 1032 2290 ratione

245 2306 385 2340 praeditam
403 2305 505 2333 homini
535 2306 590 2332 vim
609 2307 752 2340 vegetandi
774 2311 802 2335 et
823 2308 957 2335 sentiendi
977 2316 1031 2336 una

243 2359 306 2379 cum
317 2351 498 2379 ratiocinandi
509 2351 827 2380 facultatecontinenlem
841 2363 848 2381 :
862 2353 899 2381 ita
909 2357 936 2381 et
946 2355 1033 2390 gratia

239 2396 362 2432 Spiritus
388 2396 500 2423 tenuior
525 2396 635 2432 quidem
665 2397 691 2424 in
723 2398 947 2432 patriarchis,in
975 2399 1034 2435 lege

242 2451 310 2473 vero
336 2449 365 2471 et
388 2443 529 2479 prophetis
554 2443 679 2476 validior,
698 2444 831 2472 illustrior
854 2453 929 2477 vero,
949 2450 984 2473 vet
1004 2450 1035 2473 ut

244 2489 373 2525 Theologi
401 2490 487 2518 verbo
502 2494 564 2518 utar
578 2489 649 2525 (55),
680 2490 764 2519 veluti
792 2490 977 2519 essentialiter
1005 2490 1033 2518 in

277 2570 300 2587 ⁸⁸
319 2568 408 2598 lCor.
432 2578 460 2602 ι.
475 2570 506 2603 2,
523 2568 551 2597 6.

242 2605 266 2622 "
277 2605 380 2633 lenem.
400 2605 446 2638 25,
461 2605 508 2633 29.

606 2569 630 2586 ⁸⁷
643 2568 712 2598 Ibid.
728 2569 756 2598 4.
811 2570 834 2586 ⁸⁸
845 2569 912 2599 Joan
929 2580 980 2606 vn,
994 2572 1032 2601 58

1084 2259 1217 2294 Μωῡσῆς,
1231 2259 1273 2286 ὅτι
1288 2260 1422 2295 πρότερον
1432 2259 1507 2295 μένή
1520 2259 1622 2294 φυτικὴ
1631 2259 1707 2295 ψυχή
1718 2257 1853 2292 κατεδλήθη

1085 2305 1114 2332 ἒν
1127 2306 1186 2337 τοῖς
1201 2305 1306 2340 φυτοῖς,
1330 2302 1391 2333 εἶτα
1416 2306 1446 2332 ἐν
1467 2306 1525 2336 τοῖς
1545 2305 1655 2339 ἀλόγοις
1674 2306 1692 2340 ή
1714 2303 1853 2338 αἰσθητικὴ,

1081 2351 1227 2379 τελευταία
1241 2351 1263 2377 δ’
1280 2351 1309 2377 ἐν
1329 2350 1369 2387 τῷ
1390 2350 1537 2386 ἀνθρώπῳ,
1561 2351 1578 2386 ὴ
1602 2351 1695 2376 τελεία
1715 2350 1761 2377 καὶ
1776 2348 1853 2383 λογῑκὴ

1084 2398 1133 2425 σὺν
1145 2397 1185 2433 τῷ
1197 2397 1280 2433 λόγῳ,
1312 2398 1361 2424 καὶ
1374 2397 1424 2433 τὴν
1439 2397 1568 2432 φυτικὴν,
1582 2397 1629 2424 καὶ
1644 2397 1695 2431 τὴν
1711 2395 1854 2430 αἰσθητικὴν

1083 2444 1200 2480 δύναμιν
1224 2443 1447 2479 ἔχουσα-οὕτως
1474 2444 1491 2477 ή
1518 2443 1566 2469 τοῦ
1596 2443 1759 2478 Πνεύματος
1790 2442 1853 2477 χάρις

1082 2491 1258 2529 ἀμυδροτέρα
1271 2491 1321 2527 μὲν
1340 2491 1370 2518 ὲν
1381 2492 1439 2523 τοῖς
1455 2490 1652 2527 πατριάρχαις,
1668 2488 1852 2526 ἱσχυροτέραδὲ

1589 2569 1610 2586 “
1628 2569 1711 2598 hum.
1728 2577 1806 2601 uvu,
1821 2565 1852 2594 l8.

1082 2573 1105 2590 θ’
1118 2572 1187 2601 ibid.
1204 2571 1251 2600 59.
1302 2571 1326 2588 '°
1340 2571 1421 2599 Num.
1438 2578 1476 2604 ιι,
1494 2570 1538 2598 ΓΙ.

855 2662 1016 2694 Francisci
1031 2663 1137 2696 Scorsi
1153 2666 1248 2695 notua.

280 2722 336 2757 (55)
353 2721 535 2757 Figurabatur
550 2721 665 2755 Spiritus
682 2727 799 2749 sauclus.
823 2722 860 2750 De
877 2723 927 2750 hac
945 2723 1030 2757 ﬁgura

242 2759 377 2791 copiosius
393 2758 568 2792 disseruit-ms
586 2759 658 2784 hom.
675 2760 798 2785 anteced.
813 2765 873 2792 quae
886 2762 928 2785 est
944 2758 979 2786 59
998 2760 1031 2786 de

243 2792 350 2818 Auens.
367 2797 423 2818 not.
437 2791 484 2824 27,
499 2798 578 2825 quam
593 2792 712 2818 consule.

279 2826 335 2860 (54)
352 2826 452 2860 Figura
466 2831 523 2852 erat
538 2834 621 2857 mare,
636 2831 689 2853 etc.
709 2826 774 2854 Vide
786 2828 909 2855 ealmlem
926 2833 1027 2856 notam.

280 2861 338 2895 ('95))
352 2859 516 2894 Ut'Theoiogi
528 2862 602 2886 verba
614 2866 681 2888 nlur.
691 2861 758 2888 Cum
772 2862 808 2889 ait
821 2862 963 2890 hit'uoster
971 2863 1028 2890 θεο-

1083 2724 1201 2758 λογικῶς
1215 2725 1374 2757 ειπεῖν,ιιοιι
1390 2729 1432 2751 est
1446 2724 1666 2758 interpretandus
1677 2723 1712 2751 Ut
1727 2722 1851 2757 theologica

1083 2761 1125 2787 vel
1142 2760 1292 2794 theologico
1309 2760 1387 2786 modo
1403 2759 1507 2793 loquar,
1523 2764 1551 2786 ut
1565 2759 1681 2788 fortasse
1705 2759 1790 2794 quivis
1808 2763 1850 2794 non

1081 2795 1130 2822 abs
1140 2803 1168 2820 re
1176 2792 1352 2822 commentari
1363 2792 1458 2829 possit,
1468 2794 1515 2821 sed
1525 2794 1574 2821 hoc
1585 2792 1796 2829 qutretttlimOuo
1803 2792 1849 2819 Gre-

1081 2837 1140 2863 gor.
1149 2829 1279 2864 Theulogi
1287 2831 1366 2865 verba
1374 2831 1438 2856 citat
1445 2837 1523 2863 quem
1533 2830 1594 2855 κατ’
1602 2829 1700 2865 ἐξοχὴν
1707 2829 1849 2862 Theologut!

1081 2865 1246 2899 appellatum
1277 2864 1345 2892 satis
1372 2869 1495 2898 constat,
1523 2864 1596 2899 quod
1621 2864 1760 2900 et'supra
1779 2866 1849 2891 nota"
