1875 3055
58 165 102 198 781

735 166 902 196 HOMILIA
923 165 983 197 XL.

1617 170 1672 202 782

58 223 83 249 ἐν
99 228 135 255 τῳ
151 229 228 256 νομῳ
256 222 303 248 καί
317 223 374 254 τοῖς
388 223 554 258 προφήταις,
573 221 792 258 τηλαυγέστερον
806 223 834 250 δὲ

911 222 1018 250 ιοςιοίίε
1036 222 1146 251 eﬁ‘ulsit.
1173 223 1205 250 Et
1237 231 1302 250 sane
1329 227 1357 250 nt
1387 225 1499 259 spiritus
1527 227 1674 256 vehemens

58 267 98 294 atat
109 263 163 293 οἷον
174 267 322 299 οὺσιωδῶς,
343 267 509 302 Θεολογικῶς
524 268 623 301 εἰπεῖν,
644 269 673 294 ὲν
688 269 745 300 τοῖς
768 269 837 295 ἁπο-

59 313 153 344 οτόλοις
166 313 328 348 ἐξέλαμψεν.
345 313 388 345 Ὠς
399 314 451 348 μὲν
461 313 574 350 Πνεῦμα
584 314 715 349 κραταιὸν
730 314 837 350 ὲξαϊρον

57 359 112 394 ὅρη,
133 358 183 390 τὰς
208 360 403 394 ἀντικειμένας
429 359 570 394 δυνάμεις,
590 360 654 395 περὶ
674 357 711 387 ὧν
732 358 809 387 εἶπεν
822 360 837 386 ὁ

59 403 170 437 Κύριος·
193 413 202 430 ι
220 404 336 439 Ἐρείτελ
352 404 393 438 τῷ
420 404 477 440 ὗρει
506 405 611 440 τούτῳ·
633 405 768 440 Ἀροητι,
790 405 837 432 καὶ

60 449 218 484 ἀρθήσεται,
237 459 246 475 ι
264 450 373 481 δεικνὺς
384 450 415 476 τὸ
431 449 572 485 σεληναῖον
584 452 672 477 ἐκεῖνο
687 451 835 486 δαιμόνιον

58 496 90 527 ὡς
106 495 133 521 δὲ
152 495 317 530 συσσεισμὸς
348 496 544 531 συνταράσσων
564 496 612 522 καὶ
637 496 730 523 κυκῶν
746 497 836 523 πᾶσαν

57 542 99 576 τὴν
115 541 278 576 οἰκουμένην
293 541 332 576 τῷ
344 541 392 568 τοῦ
410 541 579 575 Εὑαγγελίου
594 541 766 577 κηρύγματι,
778 542 792 569 ὃ
804 541 836 578 δὴ

55 588 97 614 καὶ
123 586 281 621 ’Δόὕακοὺμ
310 586 511 622 προεθέσπισεν
530 585 635 613 εἰπών·
659 596 669 613 ι
693 587 837 614 Ἐπεσίσα-

55 641 100 664 σας
121 633 161 664 εἰς
190 632 329 659 θάλασσαν
355 632 419 664 τοὺς
447 631 549 664 ἵππους
573 641 621 659 σου
648 632 835 668 ταράσσοντας

55 678 133 705 ὕδατα
159 677 246 704 πολλά
257 685 264 692 ’
282 687 291 704 ι
311 677 349 710 ὼς
364 678 393 705 δὲ
409 678 466 709 πῦρ
487 677 610 712 γλῶσσαι
626 677 758 714 ὤφθησαν
773 679 836 714 ἄρτι

53 725 211 760 πυρωιδείς.
228 725 265 752 To
282 725 321 758 δὲ,
339 735 347 751 ι
367 726 454 761 φωνὴ,
470 726 508 757 ὡς
524 725 611 762 αὔρας
630 726 734 761 λεπτῆς
754 736 764 753 ›
780 727 835 753 οὐδ’

53 771 216 806 ἐξηγήσεως,
228 771 317 806 οῑμαι,
335 773 419 799 δεῖται
439 773 496 804 τοῖς
511 773 545 808 τῇ
563 773 670 808 ἱστορίᾳ
684 773 835 808 προσέχου-

54 828 100 846 σιν.
117 828 126 844 ι
156 818 280 854 Ἐγένετο
301 820 367 856 γὰρ,
383 820 476 857 φησὶν,
491 818 558 856 ἦχος
573 821 700 855 καθάπερ
718 820 835 855 φερομέ-

53 874 96 901 νης
119 865 205 901 πνοῆς
221 865 323 901 βιαίας.
340 876 350 893 ι
379 867 457 903 Φωνὴ
480 867 545 901 γοῦν
575 866 624 894 καὶ
643 864 708 902 ἦχος
737 866 835 893 ταύτόν

52 915 124 939 ἐστι·
140 913 243 948 πλῆξις
268 914 323 950 γὰρ
344 914 425 949 ἀέρος
448 914 602 949 ἀμφύτερα.
620 913 708 949 Αὔρα
732 913 760 940 δὲ
787 914 835 940 καὶ

53 959 116 994 πνοὴ
133 960 236 994 ὁμοίως
266 961 375 988 ταύτόν.
392 960 510 995 Λέγεται
525 959 554 986 δὲ
575 958 647 994 αὖρα
659 961 674 994 ή
688 959 736 986 τοῦ
755 959 834 993 ἁγίου

53 1006 209 1042 Πνεύματος
224 1006 315 1042 χάρις,
326 1006 364 1038 ὡς
384 1005 562 1042 ἀναψύχουσα
581 1006 646 1037 τοὺς
668 1006 835 1038 ὲκτακέντας

50 1052 85 1087 τῷ
110 1051 226 1087 φλογμῷ
250 1054 298 1079 καὶ
321 1051 360 1088 τῷ
386 1052 507 1078 καύσωνι
535 1052 585 1087 τῆς
612 1052 750 1087 ἁμαρτίας
766 1071 774 1084 ,
797 1049 835 1079 ὧν

51 1098 177 1134 πρόξενος
193 1100 207 1125 ὁ
221 1097 343 1131 ἐναντίος
365 1098 478 1133 γέγονεν
500 1097 587 1133 ἥλιος,
603 1097 617 1124 ὁ
629 1099 662 1133 τῇ
677 1098 771 1135 νύμφῃ
787 1098 834 1125 τοῦ

50 1145 191 1180 ’ᾼσματος
200 1145 317 1180 προξενή
322 1154 370 1177 σας
380 1145 430 1180 τὴν
438 1145 620 1180 μελανότητα,
634 1145 698 1180 περὶ
706 1141 737 1171 οὗ
752 1146 834 1180 φησὶν

49 1190 64 1225 ὴ
89 1190 143 1226 ᾠδή
159 1199 168 1207 ν
195 1200 205 1216 ι
230 1190 350 1226 Ἡμέρας
371 1191 385 1217 ὁ
411 1190 487 1226 ἥλιος
510 1191 540 1217 οὐ
571 1190 720 1225 συγκαύσει
746 1198 776 1217 σε
792 1198 800 1206 ⁸
822 1200 832 1216 ι

48 1236 131 1271 λεπτὴ
148 1237 180 1263 δὲ
195 1236 268 1272 αὖρα
283 1236 328 1263 διὰ
340 1236 370 1263 τὸ
386 1236 518 1272 καθαρὸν,
535 1236 584 1262 καὶ
604 1236 688 1268 θεῖον,
704 1237 750 1262 καὶ
769 1235 835 1270 ὕλης

48 1283 192 1318 ἀμέτοχον.
215 1283 329 1318 Ἐπάγει
343 1282 408 1318 γοῦν
421 1284 435 1310 ὸ
449 1283 574 1319 χρησμός
586 1290 593 1297 ⁶
611 1291 621 1308 t
637 1283 692 1309 Καὶ
706 1283 764 1309 ἐκεῖ
778 1283 835 1308 Κύ-

49 1337 114 1365 ριος,
132 1338 142 1355 ι
160 1329 197 1360 ὼς
209 1329 291 1364 χάριν
306 1329 435 1364 παρέχων
457 1329 644 1365 τελειωτικὴν,
660 1328 707 1355 καὶ
720 1327 832 1363 ὁλόκλη-

48 1385 102 1412 ρον,
114 1377 162 1403 καὶ
175 1376 218 1403 ἴνα
229 1375 304 1411 δείξῃ
320 1375 351 1402 τὸ
366 1375 479 1410 Πνεῦμα
496 1375 544 1402 καὶ
561 1374 664 1410 Κύριον
681 1375 730 1401 καὶ
753 1374 832 1400 Θεόν.

34 1449 36 1451 _
52 1422 92 1453 Ὠ,
100 1420 167 1458 ἦχος
175 1422 221 1448 οὖν
232 1422 278 1449 καὶ
285 1421 374 1456 φωνὴ¹
386 1422 561 1456 μυσταγωγεῖ
568 1422 631 1452 τοὺς
642 1419 832 1451 πιστεύοντας·

46 1469 81 1499 ὡς
94 1469 122 1494 δὲ
136 1467 175 1494 πῦ
181 1477 206 1503 ρ,
221 1467 386 1501 καταφλέγει
397 1467 451 1494 τῶν
472 1466 666 1502 φωτιζομένων
688 1466 737 1498 τὰς
750 1467 829 1493 ἀκάν-

46 1514 103 1547 θας,
116 1513 149 1545 ἂς
165 1513 335 1547 ἐϐλάστησεν
351 1514 368 1549 ὴ
380 1512 537 1548 παράῦασις
549 1519 556 1527 ·
571 1511 650 1539 τοῦτο
662 1512 716 1548 γὰρ
729 1512 760 1538 τὸ
776 1512 832 1547 πῦρ

44 1559 108 1596 ἦλθε
127 1559 221 1594 βαλεῖν
238 1560 252 1585 ὁ
269 1559 365 1594 Σωτὴρ
395 1559 443 1585 ἐπὶ
471 1558 521 1593 τῆς
552 1558 604 1593 γῆς
621 1565 628 1573 ·
654 1558 692 1589 ὡς
712 1557 742 1585 δὲ
764 1559 834 1594 πνοὴ
847 1549 868 1578 c

44 1605 178 1640 ἀναψύχει
192 1605 355 1640 δροσίζουσα
379 1604 442 1636 τοὺς
459 1604 622 1639 μετέχοντας
632 1611 638 1618 ·
654 1603 730 1638 βιαία
743 1605 782 1637 δὲ,
795 1604 834 1636 ὡς

43 1653 75 1687 τῇ
88 1651 151 1678 καθ’
169 1651 248 1686 ἡμῶν
261 1650 307 1686 βίᾳ
321 1649 375 1676 τῶν
387 1649 522 1684 δαιμόνων
537 1650 761 1678 ἀντιπαλαίουσα.
777 1651 834 1678 Καὶ

43 1697 113 1732 τάχα
127 1697 196 1732 περὶ
210 1696 260 1731 τῆς
273 1696 364 1731 βιαίας
378 1695 483 1731 ταύτης
499 1696 583 1731 πνοῆς
600 1696 682 1731 φησὶν
701 1697 715 1722 ὁ
734 1696 832 1723 Δαϐίδ-

45 1753 54 1769 ι
79 1743 124 1770 Ἐν
142 1742 281 1777 πνεύματι
296 1741 379 1776 βιαίῳ
398 1741 554 1776 συντρίψεις
572 1742 653 1768 πλοῖα
675 1741 804 1778 Θαρσεῖς.
821 1751 831 1769 ι

42 1788 117 1824 Δῦτῃ
130 1788 188 1822 γὰρ
196 1788 334 1822 συντρίϐει
341 1787 420 1813 πλοῖα
426 1789 459 1813 τα
469 1786 531 1818 τοὺς
541 1787 663 1821 φυγάδας
670 1788 833 1821 πλωΐζοντα.

40 1835 152 1869 Φεύγων
166 1834 222 1869 γάρ
244 1841 285 1865 τις
311 1832 453 1868 προφήτης
472 1832 504 1859 ὲκ
528 1833 676 1868 προσώπου
693 1834 741 1861 τοῦ
762 1834 840 1875 Θεοιῖι⁵

41 1881 133 1916 ἐζήτει
149 1880 244 1907 πλοῖον
257 1882 298 1911 εἰς
314 1879 430 1914 Θαρσεῖς
445 1878 664 1913 ναυτιλλόμενον.
686 1880 730 1912 '0;
745 1880 831 1917 λεπτὴ

39 1927 68 1953 δὲ
81 1926 155 1962 αὔρα
164 1926 322 1952 λεπτοποιεϊ
329 1925 359 1952 τὸ
370 1925 456 1960 πάχος
464 1924 514 1959 τῆς
525 1925 662 1960 ἁμαρτίας
672 1925 833 1953 νεοποιοῦσει

39 1972 84 1998 τὸν
114 1971 357 2006 ἀναγεννώμενον,
381 1970 512 2007 καὶπρὸς
527 1971 577 2006 τὴν
604 1971 724 2007 ἀρχῆθεν
748 1972 832 2008 μετά-

38 2026 126 2052 γουσα
144 2017 303 2052 ὀλῦιότητα.

72 2079 94 2094 ⁷⁸
110 2077 210 2104 Matth.
227 2084 292 2110 xvtt,
312 2076 356 2104 19.
393 2076 417 2092 ’⁸
431 2075 533 2104 llabac.
551 2084 592 2111 ιιι,
609 2077 653 2104 l5.
691 2078 713 2094 ⁷⁸
725 2079 787 2106 Act.
802 2087 832 2113 ιι,
845 2079 873 2108 2.

37 2115 59 2130 ⁷⁸
75 2113 150 2140 i’sal.
168 2120 232 2144 LVII,
251 2113 279 2139 8.

888 272 994 295 moritcs
1010 274 1146 299 evertens,
1167 268 1338 296 adversarias
1349 270 1452 297 scilicet
1469 275 1626 305 potestates,
1641 275 1675 300 de

888 311 987 345 quibus
997 312 1065 339 dixit
1079 312 1208 340 Dominus
1221 321 1227 339 :
1240 322 1249 339 ι
1264 313 1540 349 Dicetishuicmonti,
1554 316 1673 350 Tullcre,

887 361 915 385 et
942 357 1094 392 tolletur",
1109 368 1118 384 I
1141 359 1286 386 ostendens
1311 359 1461 387 lunaticum
1483 361 1547 389 illud
1571 364 1673 391 daemo-

887 403 962 430 nium
990 403 1064 439 (56);
1081 409 1110 431 ut
1130 412 1195 432 vero
1218 406 1363 433 commotio
1386 407 1541 435 universam
1571 415 1673 437 terram

887 449 1049 484 Evangelica
1076 451 1269 485 praedicatione
1301 453 1468 481 conturbans
1490 459 1518 481 et
1542 456 1648 490 agitans
1665 477 1672 483 .

887 494 960 528 quod
974 500 1000 522 et
1019 495 1156 523 Habacum
1171 496 1302 525 divinitus
1322 498 1421 525 cecinit
1435 506 1442 525 :
1459 508 1469 525 ι
1485 499 1673 534 Superduxrsti

888 540 914 567 in
932 547 1006 568 mare
1022 548 1106 576 equos
1123 545 1193 572 tuos.
1211 542 1404 571 conturbantes
1420 551 1505 579 aquas
1523 546 1638 581 multas;
1659 556 1669 573 ι

887 591 918 612 ut
937 586 1006 620 ignis
1038 595 1101 614 vero
1124 587 1213 622 ignitae
1231 587 1330 623 linguae
1341 588 1364 604 ’⁵
1374 591 1454 617 modo
1475 597 1670 626 apparuerunt.
1703 605 1706 609 -

887 631 962 665 Quod
985 639 1050 659 vero
1073 632 1182 665 etiam,t
1219 637 1249 660 ut
1263 641 1315 660 vox
1338 641 1411 662 aurae
1439 635 1539 668 tenuis,
1558 645 1568 662 ›
1587 637 1673 664 inter-

887 678 1039 711 pretatione
1063 685 1115 705 non
1137 678 1241 714 indiget
1260 679 1330 713 apud
1346 686 1393 707 eos
1415 680 1460 715 qui
1481 681 1515 708 ad
1531 681 1672 710 historiam

887 728 1005 750 mentem
1036 723 1208 759 adiecerint:
1232 725 1356 753 «Factus
1387 731 1429 754 est
1458 727 1542 760 enim,
1574 729 1672 763 inquit,

886 775 979 801 sonus,
991 774 1116 804 tanquam
1129 770 1297 799 advenientis
1306 772 1417 806 spiritus
1430 774 1596 801 vehementis
1605 774 1643 802 ⁷⁸;
1659 784 1668 801 ι

885 822 937 841 vox
963 820 1063 848 autem,
1079 821 1106 843 et
1125 823 1209 844 sonus
1229 817 1300 844 idem
1317 824 1391 846 sunt.
1405 819 1492 847 Ambo
1516 820 1588 847 enim
1609 827 1673 849 sunt

885 861 967 896 287
981 862 1053 889 aeris
1070 862 1160 891 illisio.
1173 865 1244 890 Aura
1256 864 1347 892 itidem
1359 866 1503 900 ctspiritus
1515 867 1585 895 idem
1597 874 1670 896 sunt.

851 899 872 929 Β
888 907 991 934 ῡιοίιυι
1011 915 1092 942 porro
1108 915 1172 935 aura
1198 910 1285 937 sancti
1309 899 1426 946 Spiritus
1448 914 1547 948 gratia,
1563 919 1592 941 ut
1611 923 1672 950 qua:

888 958 991 980 recreet
1008 961 1054 980 eos
1073 953 1119 988 qui
1133 953 1241 982 ﬂamma
1267 961 1389 990 aestuque
1403 959 1507 992 peccati
1525 960 1672 989 contabne-

887 1001 963 1028 rant;
977 1004 1093 1031 quorum
1114 1005 1179 1026 sane
1192 999 1304 1027 effector
1320 1005 1363 1028 est
1380 1003 1534 1031 contrarius
1556 1005 1607 1038 sol,
1625 1006 1670 1041 qui

885 1046 912 1069 et
925 1043 1048 1078 nympha:
1058 1042 1162 1071 Cantici
1176 1045 1310 1079 nigrorem
1324 1046 1469 1082 induxit",
1481 1049 1514 1077 de
1525 1057 1576 1085 qua
1588 1052 1671 1080 etiam

885 1088 1006 1123 psalmus
1031 1089 1114 1117 dicit:
1137 1098 1146 1116 ι
1173 1089 1225 1118 Ροι·
1239 1091 1309 1119 diem
1337 1093 1377 1120 sol
1399 1101 1453 1121 non
1483 1100 1543 1123 uret
1560 1100 1586 1124 te
1603 1097 1636 1124 ".
1656 1107 1668 1125 ι

885 1134 958 1162 Aura
984 1142 1048 1162 vero
1074 1136 1164 1163 tenuis
1186 1137 1346 1172 appellatur,
1361 1146 1395 1166 co
1412 1140 1483 1175 quod
1501 1149 1568 1176 pura
1593 1143 1629 1171 sit
1643 1149 1672 1172 et

885 1180 986 1213 divina,
1006 1186 1034 1208 et
1050 1190 1065 1208 a
1079 1183 1193 1210 materia
1206 1183 1316 1211 omnino
1331 1185 1466 1220 sejuncta.
1479 1186 1592 1216 Addidit
1604 1197 1671 1217 vero

885 1226 1058 1261 vaticinium,
1080 1237 1089 1254 ι
1104 1228 1137 1255 Ει
1150 1229 1185 1256 ibi
1199 1228 1338 1264 Dominus,
1355 1239 1364 1256 ι
1379 1231 1506 1259 nimirum
1520 1235 1671 1270 utgratiam

885 1273 1010 1307 praebens
1024 1274 1212 1308 perfectivam,
1227 1280 1254 1303 et
1271 1276 1414 1311 integram,
1433 1283 1461 1305 et
1472 1284 1500 1305 ut
1514 1281 1672 1309 ostenderet

886 1319 1017 1353 Spiritum
1033 1325 1061 1348 et
1074 1320 1216 1349 Dominum
1231 1327 1258 1349 et
1270 1322 1352 1350 Deum
1365 1331 1435 1351 esse.
1449 1324 1482 1352 Ut
1493 1333 1575 1354 sonus
1589 1327 1674 1363 igitur

885 1370 912 1392 et
928 1372 992 1398 vox,
1006 1365 1039 1393 de
1054 1367 1192 1401 mysteriis
1210 1367 1301 1395 fideles
1313 1369 1446 1403 instituit;
1461 1376 1490 1397 ut
1506 1371 1576 1406 ignis
1594 1380 1670 1407 vero,

885 1411 977 1446 spinas
999 1413 1088 1440 exurit
1111 1420 1180 1448 quas
1206 1415 1386 1449 transgressio
1400 1416 1561 1450 germinavit
1580 1419 1673 1448 :hunc

883 1457 956 1485 enim
976 1457 1067 1492 ignem
1086 1458 1160 1486 venit
1176 1459 1204 1486 in
1226 1463 1328 1487 terram
1352 1460 1461 1489 mittere
1481 1461 1670 1498 Dominus'“;

885 1509 914 1534 ut
929 1513 993 1534 vero
1008 1505 1131 1541 spiritus,
1148 1506 1292 1542 refrigerat
1303 1512 1330 1535 et
1349 1508 1448 1536 irrorat
1459 1516 1506 1537 eos
1522 1511 1566 1545 qui
1582 1511 1671 1546 ipsum

884 1555 1045 1590 excipiunt;
1075 1555 1222 1583 vehemens
1263 1560 1364 1590 autem,
1400 1562 1429 1584 ut
1457 1559 1504 1593 qui
1534 1561 1670 1589 violentias

885 1602 1036 1629 daemonum
1051 1601 1181 1629 adversus
1195 1609 1244 1630 nos
1257 1608 1360 1630 exortae
1375 1604 1493 1632 resistat.
1507 1604 1538 1631 Et
1552 1606 1670 1635 fortasse

885 1649 919 1676 de
941 1649 993 1676 hoc
1020 1648 1116 1683 spiritu
1142 1649 1304 1677 vehemente
1336 1649 1453 1684 loquitur
1479 1651 1584 1680 David:
1615 1662 1625 1679 ι
1641 1655 1671 1682 ιιι

884 1697 980 1732 spiritu
1008 1696 1159 1724 vehementi
1176 1701 1299 1725 conteres
1325 1704 1407 1724 naves
1428 1697 1540 1726 Tharsis
1551 1699 1580 1726 ⁷⁸.
1597 1709 1606 1726 ι
1623 1700 1674 1728 llic

884 1744 958 1771 enim
969 1743 1086 1770 conterit
1101 1750 1194 1773 naves.
1215 1750 1276 1778 qua:
1291 1742 1418 1778 fugitivos
1430 1745 1539 1772 vehunt.
1557 1745 1673 1780 Fugiens

889 1789 960 1817 enim
970 1789 1100 1825 propheta
1109 1789 1219 1823 quidam
1233 1796 1247 1815 ιι
1255 1793 1404 1823 conspectu
1416 1789 1521 1817 Domini
1534 1793 1674 1826 quaerebat

887 1843 995 1868 navem,
1010 1842 1069 1870 qua:
1091 1833 1231 1869 navigaret
1252 1834 1279 1861 in
1299 1833 1423 1862 Tbarsis.
1436 1835 1492 1867 Qua
1505 1844 1568 1864 vero
1583 1838 1673 1866 tenuis

885 1890 951 1910 aura
959 1886 1012 1913 est,
1026 1884 1149 1909 attenuat
1164 1881 1269 1916 peccati
1288 1881 1453 1915 crassitiem,
1470 1890 1566 1910 novum
1586 1884 1672 1913 horni-

885 1937 946 1957 nem
957 1928 1072 1956 reddens
1084 1935 1146 1955 cum
1161 1929 1206 1962 qui
1225 1934 1412 1964 regeneratur,
1438 1933 1465 1956 et
1480 1931 1513 1956 ad
1524 1931 1669 1965 pristinam

886 1974 1042 2003 felicitatem
1059 1974 1202 2002 reducens.
1436 1972 1445 1987 '

919 2079 942 2094 ⁷⁸
957 2078 1034 2105 Cant.
1045 2085 1063 2109 I,
1080 2076 1106 2104 6.
1153 2076 1176 2091 ⁷⁷
1193 2074 1264 2102 Psal.
1280 2082 1343 2109 cxx,
1358 2075 1384 2103 6.
1424 2076 1458 2093 τ’·
1471 2076 1540 2106 Luc.
1558 2085 1608 2113 xu,
1622 2079 1668 2108 l9.

656 2162 817 2195 Βιδιιοὶδοὶ
834 2163 939 2196 Scorsi
958 2166 1052 2194 notus.

36 2226 99 2248 nota
121 2221 171 2247 27.
195 2219 242 2247 Est
265 2223 356 2246 autem
366 2218 576 2256 locus_Tlieologi
584 2220 708 2248 oratione
715 2222 832 2256 quadra-
845 2221 872 2252 D
886 2223 1075 2256 sanctum,est
1088 2226 1140 2246 non
1152 2217 1237 2256 solum
1252 2217 1486 2256 ejus‘charismata
1502 2219 1527 2256 in
1544 2227 1672 2256 noscon-

34 2257 139 2295 gesima
151 2259 327 2295 quartaque
339 2253 564 2295 est’de‘l’entecr,’
578 2255 622 2282 ubi
640 2263 701 2282 cum
717 2253 830 2295 dixisset
883 2256 948 2295 ferri
960 2275 974 2295 ,_
989 2255 1036 2282 sed
1054 2255 1154 2295 ipsum‘
1167 2254 1248 2295 etiam
1262 2253 1568 2295 "substtlnttialitenduri
1591 2255 1671 2295 juxta

35 2289 169 2323 Spiritus
177 2289 264 2317 sancti
277 2291 328 2316 vim
345 2289 407 2324 trifa
413 2289 488 2320 riam,
500 2290 639 2324 tribusque
653 2291 828 2324 temporibus,

34 2332 116 2360 prout
128 2332 227 2351 eorum
240 2329 334 2358 captus
342 2323 456 2360 ferebat,
465 2323 603 2358 discipulis
616 2323 831 2352 fuisse’commu-

34 2357 168 2390 nicatatn,
187 2357 331 2393 antequam
345 2357 471 2385 Christus
486 2357 634 2394 pateretur,
650 2361 721 2394 quod
736 2361 763 2387 in
781 2360 830 2387 mi-

34 2397 136 2422 raculis
165 2393 306 2428 patrandis
328 2395 472 2427 apparuit;
495 2399 556 2427 post
580 2393 828 2427 Resuirectiornem,

32 2431 105 2463 quod
122 2431 151 2456 in
177 2429 374 2460 insulllatione;
388 2435 420 2454 ac
435 2429 541 2454 demum
556 2434 615 2462 post
635 2429 828 2456 Ascensionem

33 2462 81 2499 per
94 2466 208 2499 linguas
221 2463 314 2499 istiuas
324 2463 469 2499 ;_udjungit
483 2471 490 2489 :
512 2462 592 2499 Ἀλλὰ
606 2464 635 2490 τὸ
656 2463 706 2499 μὲν
721 2464 829 2499 πρῶτον

31 2497 180 2535 αμυόρῶς,
203 2498 233 2524 τὸ
250 2498 278 2535 οὲ
297 2497 424 2535 δεύτερον
450 2497 706 2535 εκτοπώτερονίτδ
729 2497 758 2525 δὲ
780 2498 829 2526 νῦν

35 2532 222 2568 τελεώτερον,
237 2533 288 2569 ούκ
309 2533 350 2569 ἑτι
373 2532 485 2569 ἐνεργίᾳ
504 2532 610 2568 παρὼν,
633 2534 671 2565 ὡς
684 2535 827 2569 πρότερον,

30 2567 175 2600 commeo;
197 2569 236 2600 δὲ,
256 2567 295 2598 ὡς
315 2568 355 2603 ἂν.
370 2568 443 2593 εἴποι
458 2575 500 2598 τις
519 2567 713 2603 συγγινόμενόν
735 2567 828 2595 ἰε’καὶ

31 2604 316 2638 συμπολιτευόμενον.
337 2601 431 2629 Verum
446 2601 564 2636 primum
578 2601 682 2638 quidem
703 2604 827 2635 obscure;

30 2640 149 2665 secundo
173 2639 339 2672 expressius,-
360 2645 428 2664 num:
445 2645 504 2664 vero
519 2638 667 2672 perfectius,
682 2643 770 2672 utpote
782 2639 827 2672 qui

29 2683 81 2700 non
100 2679 158 2700 tam
173 2673 235 2708 jam
250 2678 400 2706 operatione
414 2672 470 2698 sola
489 2680 602 2707 prterea:
624 2673 667 2704 sit,
690 2680 716 2699 ut
739 2674 824 2707 prius,

28 2711 73 2735 sed
91 2709 245 2740 essentiali,
262 2713 290 2734 ut
311 2709 349 2734 sic
372 2708 477 2741 loquar,
504 2708 580 2734 modo
600 2709 670 2734 adsit
698 2709 826 2742 urnulque

30 2748 162 2771 tenetur.
189 2743 228 2769 lta
245 2742 371 2778 Gregor,,
387 2743 457 2777 quod
473 2750 538 2770 sane
553 2744 589 2770 ita
610 2745 643 2770 ab
665 2744 732 2777 ipso,
747 2748 774 2770 et
791 2751 824 2770 ex

28 2787 86 2812 eius
110 2778 281 2806 auctoritate
305 2777 318 2804 ξι
346 2777 509 2812 Theophane
526 2779 626 2805 dictum
652 2779 823 2813 interpretor,

28 2815 102 2849 quod
124 2817 191 2849 post
214 2813 407 2849 Ascensionem
431 2813 533 2840 Christi
555 2813 661 2849 venisse
675 2814 782 2849 dicitur,
797 2819 824 2840 et

28 2848 215 2879 descendisse
237 2848 355 2883 Spiritus
377 2853 497 2880 sanctus,
513 2848 585 2882 quod
607 2848 634 2875 in
659 2848 741 2883 veteri
765 2848 824 2882 lege

24 2893 84 2917 non
95 2885 138 2914 ita
151 2882 287 2920 express:
296 2883 404 2920 tegitur.
414 2883 499 2912 Sicuti
510 2887 600 2912 autem
611 2883 681 2912 mitti
693 2882 823 2919 Spiritum

882 2291 946 2317 illud
961 2287 1082 2325 Apostolj
1099 2298 1106 2325 ς
1122 2288 1245 2325 Charitas
1257 2287 1305 2314 Dei
1320 2288 1419 2325 diffusa
1432 2294 1469 2325 est
1493 2289 1520 2315 in
1544 2287 1669 2316 cordibus

881 2323 1039 2359 nostris'per
1060 2323 1189 2359 Spiritum
1212 2328 1348 2359 sanatum,
1373 2323 1417 2358 qui
1430 2324 1515 2359 ﬂatu:
1532 2329 1573 2359 est
1595 2326 1670 2351 nobis

881 2359 968 2394 (Rom.
985 2357 1011 2391 v,
1028 2358 1066 2394 5),
1081 2357 1114 2386 ut
1134 2358 1235 2394 optime
1249 2358 1357 2385 disserit
1371 2357 1518 2394 cardinalis
1531 2357 1671 2385 Bellal'llti-

881 2402 942 2426 nus,
967 2395 993 2421 in
1012 2402 1031 2421 ιι
1046 2393 1192 2425 Geneseos,
1210 2393 1334 2428 Contray.
1358 2393 1390 2419 de
1412 2393 1528 2428 Christo,
1544 2401 1605 2428 cap.
1620 2394 1669 2427 22,

880 2434 907 2456 et
921 2429 1036 2456 Didacus
1049 2429 1127 2456 ltuit.
1138 2428 1289 2456 esocietate
1302 2426 1377 2460 Jesu,
1389 2433 1455 2455 tom.
1468 2427 1490 2459 ι,
1504 2426 1605 2462 disput.
1620 2429 1668 2456 75:

880 2464 917 2491 ita
933 2464 1025 2491 venire
1045 2464 1154 2495 dicitur,
1175 2468 1202 2490 et
1225 2464 1320 2490 adesse
1341 2463 1419 2490 nobis
1445 2463 1669 2495 substantialiter.

880 2498 952 2533 quod
968 2498 1083 2534 Gregor.
1097 2499 1164 2525 dixit
1178 2497 1325 2534 οὺ-σιωδῶς,
1340 2497 1457 2534 itemque
1469 2496 1575 2534 Noster,
1588 2506 1669 2533 quam

879 2532 1012 2560 rationem
1026 2532 1054 2561 ct
1069 2533 1183 2567 ipsemet
1197 2532 1311 2567 Gregor.
1325 2532 1462 2567 explicare
1476 2532 1668 2564 videtur,'cum

879 2568 936 2595 inse
960 2568 1023 2595 dicti
1047 2569 1088 2595 sui
1116 2568 1247 2594 rationem
1264 2567 1409 2594 adnectens
1433 2567 1471 2594 ait
1491 2575 1498 2594 :
1516 2567 1586 2594 Nam
1609 2576 1668 2594 cum

905 2603 967 2629 ilius
983 2610 1133 2636 corpoream
1149 2602 1282 2629 nobiscum
1302 2602 1514 2629 consuetudinem
1536 2602 1669 2630 habuisset

879 2638 985 2673 (omitto
1006 2638 1112 2670 Graeca,
1139 2638 1247 2674 ne_sint
1263 2637 1390 2674 longior),
1415 2638 1670 2674 Spiritnmrquoque

877 2680 1002 2706 corporea
1016 2674 1094 2699 modo
1112 2672 1184 2699 cerni
1199 2672 1373 2703 cuimeniebut,
1386 2677 1410 2698 et
1424 2680 1483 2699 cum
1497 2672 1669 2701 Cltristus'ud

876 2715 905 2743 re
924 2715 1039 2735 reversus
1061 2712 1139 2740 esset,
1154 2715 1212 2743 eum
1228 2707 1263 2733 ad
1285 2715 1331 2733 nos
1344 2707 1510 2740 descendere,
1525 2713 1549 2734 et
1563 2709 1670 2743 quidem

876 2742 913 2768 ita
931 2746 959 2768 ut
977 2748 1002 2768 et
1023 2747 1148 2778 tanquam
1172 2742 1297 2778 Dominus
1312 2743 1419 2774 ueniret,
1432 2748 1456 2778 et
1471 2749 1596 2778 tanquam
1614 2743 1669 2770 Deo

876 2785 1040 2812 nequaquam
1056 2776 1191 2812 oppositus
1210 2777 1364 2803 mitteretur.
1382 2777 1418 2803 Ita
1434 2776 1548 2812 Gregor.

911 2811 971 2848 (56)
985 2812 1145 2840 Lunaticum
1163 2811 1229 2839 illud
1244 2813 1416 2848 dtvmouium.
1428 2811 1554 2840 Cohaeret
1569 2813 1622 2840 sibi
1640 2814 1668 2841 in

874 2846 1102 2885 eaexplicatione
1125 2855 1206 2884 quam
1231 2847 1331 2875 tradidi
1351 2846 1430 2875 lloni.
1445 2855 1524 2883 mu,
1539 2850 1572 2877 ad
1585 2857 1668 2885 quant

874 2882 934 2912 vide
949 2888 1007 2913 not.
1021 2884 1066 2913 56.
