  <div class='ocr_page' id='page_1' title='image "/cluster/home/n/w/nwhite01/storage/ocr_20150623/132/njp.32101077773081/432.png"; bbox 0 0 1875 3055; ppageno 0'>
   <div class='ocr_carea' id='block_1_1' title="bbox 64 100 113 133">
    <p class='ocr_par' dir='ltr' id='par_1_1' title="bbox 64 100 113 133">
     <span class='ocr_line' id='line_1_1' title="bbox 64 100 113 133; baseline 0.041 -2"><span class='ocrx_word' id='word_1_1' title='bbox 64 100 113 133; x_wconf 82' lang='grc'><strong>785</strong></span> 
     </span>
    </p>
   </div>
   <div class='ocr_carea' id='block_1_2' title="bbox 62 161 885 198">
    <p class='ocr_par' dir='ltr' id='par_1_2' title="bbox 62 161 885 198">
     <span class='ocr_line' id='line_1_2' title="bbox 62 161 885 198; baseline 0 -10"><span class='ocrx_word' id='word_1_2' title='bbox 62 162 274 198; x_wconf 78' lang='grc' dir='ltr'>ἁκροτελεύτιον.</span> <span class='ocrx_word' id='word_1_3' title='bbox 286 162 353 190; x_wconf 86' lang='grc' dir='ltr'>Ὅτε</span> <span class='ocrx_word' id='word_1_4' title='bbox 372 161 430 197; x_wconf 73' lang='grc' dir='ltr'><strong>γὰρ</strong></span> <span class='ocrx_word' id='word_1_5' title='bbox 447 162 461 188; x_wconf 84' lang='grc' dir='ltr'><strong>ὁ</strong></span> <span class='ocrx_word' id='word_1_6' title='bbox 477 161 553 197; x_wconf 78' lang='grc' dir='ltr'>ἥλιος</span> <span class='ocrx_word' id='word_1_7' title='bbox 581 161 752 197; x_wconf 79' lang='grc' dir='ltr'><strong>θερμοτέρας</strong></span> <span class='ocrx_word' id='word_1_8' title='bbox 778 163 845 198; x_wconf 76' lang='grc' dir='ltr'>ἡμῖν</span> <span class='ocrx_word' id='word_1_9' title='bbox 859 161 885 192; x_wconf 86' lang='grc' dir='ltr'><strong>Α</strong></span> 
     </span>
    </p>
   </div>
   <div class='ocr_carea' id='block_1_3' title="bbox 62 207 845 244">
    <p class='ocr_par' dir='ltr' id='par_1_3' title="bbox 62 207 845 244">
     <span class='ocr_line' id='line_1_3' title="bbox 62 207 845 244; baseline 0 -10"><span class='ocrx_word' id='word_1_10' title='bbox 62 208 108 239; x_wconf 79' lang='grc' dir='ltr'>τὰς</span> <span class='ocrx_word' id='word_1_11' title='bbox 120 207 172 234; x_wconf 83' lang='grc' dir='ltr'><strong>τῶν</strong></span> <span class='ocrx_word' id='word_1_12' title='bbox 188 207 307 235; x_wconf 77' lang='grc' dir='ltr'><strong>ἀκτίνων</strong></span> <span class='ocrx_word' id='word_1_13' title='bbox 330 207 410 243; x_wconf 83' lang='grc' dir='ltr'>βολὰς</span> <span class='ocrx_word' id='word_1_14' title='bbox 427 207 575 244; x_wconf 84' lang='grc' dir='ltr'>ὑπαιρίησι,</span> <span class='ocrx_word' id='word_1_15' title='bbox 600 209 648 236; x_wconf 75' lang='grc' dir='ltr'>καὶ</span> <span class='ocrx_word' id='word_1_16' title='bbox 669 208 723 235; x_wconf 86' lang='grc' dir='ltr'><strong>τῶν</strong></span> <span class='ocrx_word' id='word_1_17' title='bbox 741 209 845 236; x_wconf 74' lang='grc' dir='ltr'>ἀνθέων</span> 
     </span>
    </p>
   </div>
   <div class='ocr_carea' id='block_1_4' title="bbox 63 253 846 291">
    <p class='ocr_par' dir='ltr' id='par_1_4' title="bbox 63 253 846 291">
     <span class='ocr_line' id='line_1_4' title="bbox 63 253 846 291; baseline 0.005 -12"><span class='ocrx_word' id='word_1_18' title='bbox 63 253 95 279; x_wconf 72' lang='grc' dir='ltr'><strong>τὰ</strong></span> <span class='ocrx_word' id='word_1_19' title='bbox 107 253 186 287; x_wconf 81' lang='grc' dir='ltr'><strong>κάλλη</strong></span> <span class='ocrx_word' id='word_1_20' title='bbox 201 253 248 280; x_wconf 74' lang='grc' dir='ltr'>τὸν</span> <span class='ocrx_word' id='word_1_21' title='bbox 269 254 417 289; x_wconf 78' lang='grc' dir='ltr'>μαρασμὺν</span> <span class='ocrx_word' id='word_1_22' title='bbox 439 255 669 290; x_wconf 76' lang='grc' dir='ltr'>ὑπεμφαίνουσιν,</span> <span class='ocrx_word' id='word_1_23' title='bbox 683 257 733 291; x_wconf 81' lang='grc' dir='ltr'>ήδη</span> <span class='ocrx_word' id='word_1_24' title='bbox 753 256 781 283; x_wconf 83' lang='grc' dir='ltr'>δὲ</span> <span class='ocrx_word' id='word_1_25' title='bbox 797 257 846 283; x_wconf 83' lang='grc' dir='ltr'>καὶ</span> 
     </span>
    </p>
   </div>
   <div class='ocr_carea' id='block_1_5' title="bbox 60 299 845 338">
    <p class='ocr_par' dir='ltr' id='par_1_5' title="bbox 60 299 845 338">
     <span class='ocr_line' id='line_1_5' title="bbox 60 299 845 338; baseline 0.004 -13"><span class='ocrx_word' id='word_1_26' title='bbox 60 299 94 325; x_wconf 73' lang='grc' dir='ltr'><strong>τὰ</strong></span> <span class='ocrx_word' id='word_1_27' title='bbox 107 299 223 334; x_wconf 78' lang='grc' dir='ltr'>ήδύπνοα</span> <span class='ocrx_word' id='word_1_28' title='bbox 247 300 315 337; x_wconf 79' lang='grc' dir='ltr'><strong>ἄνθη</strong></span> <span class='ocrx_word' id='word_1_29' title='bbox 336 301 522 337; x_wconf 81' lang='grc' dir='ltr'><strong>παρέρχεται·</strong></span> <span class='ocrx_word' id='word_1_30' title='bbox 547 302 617 330; x_wconf 81' lang='grc' dir='ltr'>ἀλλὰ</span> <span class='ocrx_word' id='word_1_31' title='bbox 637 303 790 338; x_wconf 77' lang='grc' dir='ltr'><strong>διαδέχεται</strong></span> <span class='ocrx_word' id='word_1_32' title='bbox 815 303 845 330; x_wconf 80' lang='grc' dir='ltr'><strong>τὺ</strong></span> 
     </span>
    </p>
   </div>
   <div class='ocr_carea' id='block_1_6' title="bbox 61 344 844 384">
    <p class='ocr_par' dir='ltr' id='par_1_6' title="bbox 61 344 844 384">
     <span class='ocr_line' id='line_1_6' title="bbox 61 344 844 384; baseline 0.006 -14"><span class='ocrx_word' id='word_1_33' title='bbox 61 344 157 371; x_wconf 74' lang='grc' dir='ltr'>τούτων</span> <span class='ocrx_word' id='word_1_34' title='bbox 176 345 274 377; x_wconf 80' lang='grc' dir='ltr'>κάλλος</span> <span class='ocrx_word' id='word_1_35' title='bbox 289 346 304 380; x_wconf 85' lang='grc' dir='ltr'>ἠ</span> <span class='ocrx_word' id='word_1_36' title='bbox 329 346 386 373; x_wconf 87' lang='grc' dir='ltr'>τῶν</span> <span class='ocrx_word' id='word_1_37' title='bbox 401 347 502 382; x_wconf 86' lang='grc' dir='ltr'>κρίνων</span> <span class='ocrx_word' id='word_1_38' title='bbox 529 348 683 384; x_wconf 71' lang='grc' dir='ltr'><strong>εὐπρέπεια</strong></span> <span class='ocrx_word' id='word_1_39' title='bbox 697 356 703 363; x_wconf 89' lang='grc'>·</span> <span class='ocrx_word' id='word_1_40' title='bbox 721 349 796 375; x_wconf 77' lang='grc' dir='ltr'>δοκεῖ</span> <span class='ocrx_word' id='word_1_41' title='bbox 816 349 844 376; x_wconf 77' lang='grc' dir='ltr'>δέ</span> 
     </span>
    </p>
   </div>
   <div class='ocr_carea' id='block_1_7' title="bbox 62 390 845 431">
    <p class='ocr_par' dir='ltr' id='par_1_7' title="bbox 62 390 845 431">
     <span class='ocr_line' id='line_1_7' title="bbox 62 390 845 431; baseline 0.006 -15"><span class='ocrx_word' id='word_1_42' title='bbox 62 390 164 424; x_wconf 82' lang='grc' dir='ltr'>μοιτῶν</span> <span class='ocrx_word' id='word_1_43' title='bbox 172 391 357 425; x_wconf 81' lang='grc' dir='ltr'>εὑαγγελικῶν</span> <span class='ocrx_word' id='word_1_44' title='bbox 364 393 587 431; x_wconf 72' lang='grc' dir='ltr'>ᾲναγνωσμάτων</span> <span class='ocrx_word' id='word_1_45' title='bbox 596 394 612 425; x_wconf 83' lang='grc' dir='ltr'><strong>ἡ</strong></span> <span class='ocrx_word' id='word_1_46' title='bbox 622 394 697 426; x_wconf 82' lang='grc' dir='ltr'>τάξις</span> <span class='ocrx_word' id='word_1_47' title='bbox 706 394 744 429; x_wconf 80' lang='grc' dir='ltr'><strong>τῷ</strong></span> <span class='ocrx_word' id='word_1_48' title='bbox 756 394 845 429; x_wconf 82' lang='grc' dir='ltr'>καιρῷ</span> 
     </span>
    </p>
   </div>
   <div class='ocr_carea' id='block_1_8' title="bbox 63 437 846 476">
    <p class='ocr_par' dir='ltr' id='par_1_8' title="bbox 63 437 846 476">
     <span class='ocr_line' id='line_1_8' title="bbox 63 437 846 476; baseline 0.009 -15"><span class='ocrx_word' id='word_1_49' title='bbox 63 437 277 471; x_wconf 79' lang='grc' dir='ltr'>συναρμόζεσθαι</span> <span class='ocrx_word' id='word_1_50' title='bbox 295 437 383 474; x_wconf 80' lang='grc' dir='ltr'>εἱρμῷ</span> <span class='ocrx_word' id='word_1_51' title='bbox 398 448 463 470; x_wconf 85' lang='grc' dir='ltr'>τινι.</span> <span class='ocrx_word' id='word_1_52' title='bbox 482 440 529 466; x_wconf 75' lang='grc' dir='ltr'>καὶ</span> <span class='ocrx_word' id='word_1_53' title='bbox 547 440 694 476; x_wconf 81' lang='grc' dir='ltr'><strong>ἀκολουθίᾳ</strong></span> <span class='ocrx_word' id='word_1_54' title='bbox 710 442 766 474; x_wconf 83' lang='grc' dir='ltr'>τοῖς</span> <span class='ocrx_word' id='word_1_55' title='bbox 785 449 846 468; x_wconf 86' lang='grc' dir='ltr'>και-</span> 
     </span>
    </p>
   </div>
   <div class='ocr_carea' id='block_1_9' title="bbox 62 482 845 521">
    <p class='ocr_par' dir='ltr' id='par_1_9' title="bbox 62 482 845 521">
     <span class='ocr_line' id='line_1_9' title="bbox 62 482 845 521; baseline 0.01 -15"><span class='ocrx_word' id='word_1_56' title='bbox 62 483 116 515; x_wconf 77' lang='grc' dir='ltr'>ροῖς</span> <span class='ocrx_word' id='word_1_57' title='bbox 128 482 177 518; x_wconf 81' lang='grc' dir='ltr'>τὴν</span> <span class='ocrx_word' id='word_1_58' title='bbox 188 482 364 511; x_wconf 73' lang='grc' dir='ltr'><strong>διδασκαλίαν</strong></span> <span class='ocrx_word' id='word_1_59' title='bbox 387 485 566 520; x_wconf 83' lang='grc' dir='ltr'>συνείρουσα·</span> <span class='ocrx_word' id='word_1_60' title='bbox 583 486 678 521; x_wconf 82' lang='grc' dir='ltr'>ἀμέλει</span> <span class='ocrx_word' id='word_1_61' title='bbox 693 487 741 518; x_wconf 80' lang='grc' dir='ltr'><strong>τὰς</strong></span> <span class='ocrx_word' id='word_1_62' title='bbox 755 487 845 514; x_wconf 85' lang='grc' dir='ltr'>θεολο-</span> 
     </span>
    </p>
   </div>
   <div class='ocr_carea' id='block_1_10' title="bbox 60 528 845 567">
    <p class='ocr_par' dir='ltr' id='par_1_10' title="bbox 60 528 845 567">
     <span class='ocr_line' id='line_1_10' title="bbox 60 528 845 567; baseline 0.005 -13"><span class='ocrx_word' id='word_1_63' title='bbox 60 528 136 561; x_wconf 82' lang='grc' dir='ltr'>γικὰς</span> <span class='ocrx_word' id='word_1_64' title='bbox 147 528 193 555; x_wconf 83' lang='grc' dir='ltr'>τοῦ</span> <span class='ocrx_word' id='word_1_65' title='bbox 207 529 278 556; x_wconf 80' lang='grc' dir='ltr'>κατὰ</span> <span class='ocrx_word' id='word_1_66' title='bbox 293 529 422 565; x_wconf 86' lang='grc' dir='ltr'><strong>Ἰωάννην</strong></span> <span class='ocrx_word' id='word_1_67' title='bbox 434 531 601 566; x_wconf 83' lang='grc' dir='ltr'>Εὐαγγελίου</span> <span class='ocrx_word' id='word_1_68' title='bbox 614 532 717 567; x_wconf 87' lang='grc' dir='ltr'>φωνὰς,</span> <span class='ocrx_word' id='word_1_69' title='bbox 728 529 772 560; x_wconf 69' lang='grc' dir='ltr'><strong>οἶά</strong></span> <span class='ocrx_word' id='word_1_70' title='bbox 785 541 845 560; x_wconf 72' lang='grc' dir='ltr'>τινα</span> 
     </span>
    </p>
   </div>
   <div class='ocr_carea' id='block_1_11' title="bbox 61 574 845 613">
    <p class='ocr_par' dir='ltr' id='par_1_11' title="bbox 61 574 845 613">
     <span class='ocr_line' id='line_1_11' title="bbox 61 574 845 613; baseline 0.009 -13"><span class='ocrx_word' id='word_1_71' title='bbox 61 574 233 610; x_wconf 82' lang='grc' dir='ltr'>πνευματικὰ</span> <span class='ocrx_word' id='word_1_72' title='bbox 256 575 324 611; x_wconf 81' lang='grc' dir='ltr'>ῥόδα</span> <span class='ocrx_word' id='word_1_73' title='bbox 347 577 549 612; x_wconf 82' lang='grc' dir='ltr'><strong>τρυγήσαντες,</strong></span> <span class='ocrx_word' id='word_1_74' title='bbox 567 579 613 605; x_wconf 80' lang='grc' dir='ltr'><strong>ἐπὶ</strong></span> <span class='ocrx_word' id='word_1_75' title='bbox 627 578 677 610; x_wconf 78' lang='grc' dir='ltr'>τὰς</span> <span class='ocrx_word' id='word_1_76' title='bbox 698 580 845 613; x_wconf 83' lang='grc' dir='ltr'>κρινωνιὰς</span> 
     </span>
    </p>
   </div>
   <div class='ocr_carea' id='block_1_12' title="bbox 59 619 845 660">
    <p class='ocr_par' dir='ltr' id='par_1_12' title="bbox 59 619 845 660">
     <span class='ocr_line' id='line_1_12' title="bbox 59 619 845 660; baseline 0.008 -14"><span class='ocrx_word' id='word_1_77' title='bbox 59 619 104 646; x_wconf 79' lang='grc' dir='ltr'><strong>τοῦ</strong></span> <span class='ocrx_word' id='word_1_78' title='bbox 128 621 246 656; x_wconf 84' lang='grc' dir='ltr'><strong>μεγάλου</strong></span> <span class='ocrx_word' id='word_1_79' title='bbox 273 622 416 649; x_wconf 87' lang='grc' dir='ltr'>Ματθαίου</span> <span class='ocrx_word' id='word_1_80' title='bbox 438 623 559 658; x_wconf 83' lang='grc' dir='ltr'><strong>σήμερον</strong></span> <span class='ocrx_word' id='word_1_81' title='bbox 587 624 788 660; x_wconf 79' lang='grc' dir='ltr'>μεταδαίνομεν</span> <span class='ocrx_word' id='word_1_82' title='bbox 810 625 845 652; x_wconf 75' lang='grc' dir='ltr'>τὰ</span> 
     </span>
    </p>
   </div>
   <div class='ocr_carea' id='block_1_13' title="bbox 60 665 844 707">
    <p class='ocr_par' dir='ltr' id='par_1_13' title="bbox 60 665 844 707">
     <span class='ocr_line' id='line_1_13' title="bbox 60 665 844 707; baseline 0.009 -15"><span class='ocrx_word' id='word_1_83' title='bbox 60 665 239 702; x_wconf 79' lang='grc' dir='ltr'><strong>καθαρώτατα</strong></span> <span class='ocrx_word' id='word_1_84' title='bbox 272 668 354 704; x_wconf 82' lang='grc' dir='ltr'>κρίνα</span> <span class='ocrx_word' id='word_1_85' title='bbox 392 669 447 696; x_wconf 86' lang='grc' dir='ltr'>τῶν</span> <span class='ocrx_word' id='word_1_86' title='bbox 479 669 676 705; x_wconf 81' lang='grc' dir='ltr'>χριστολέκτων</span> <span class='ocrx_word' id='word_1_87' title='bbox 713 672 844 707; x_wconf 79' lang='grc' dir='ltr'><strong>ῥημάτων</strong></span> 
     </span>
    </p>
   </div>
   <div class='ocr_carea' id='block_1_14' title="bbox 57 711 844 753">
    <p class='ocr_par' dir='ltr' id='par_1_14' title="bbox 57 711 844 753">
     <span class='ocr_line' id='line_1_14' title="bbox 57 711 844 753; baseline 0.009 -15"><span class='ocrx_word' id='word_1_88' title='bbox 57 711 216 747; x_wconf 72' lang='grc' dir='ltr'>δρεψάμενοι</span> <span class='ocrx_word' id='word_1_89' title='bbox 240 714 281 746; x_wconf 84' lang='grc' dir='ltr'><strong>εις</strong></span> <span class='ocrx_word' id='word_1_90' title='bbox 302 714 353 750; x_wconf 83' lang='grc' dir='ltr'>τὴν</span> <span class='ocrx_word' id='word_1_91' title='bbox 374 715 522 751; x_wconf 78' lang='grc' dir='ltr'>ὁμολογίαν</span> <span class='ocrx_word' id='word_1_92' title='bbox 546 715 630 744; x_wconf 71' lang='grc' dir='ltr'>αὐτοῦ</span> <span class='ocrx_word' id='word_1_93' title='bbox 645 717 708 749; x_wconf 74' lang='grc' dir='ltr'>τοὺς</span> <span class='ocrx_word' id='word_1_94' title='bbox 723 718 844 753; x_wconf 75' lang='grc' dir='ltr'>ἀθλητὰς</span> 
     </span>
    </p>
   </div>
   <div class='ocr_carea' id='block_1_15' title="bbox 55 756 231 793">
    <p class='ocr_par' dir='ltr' id='par_1_15' title="bbox 55 756 231 793">
     <span class='ocr_line' id='line_1_15' title="bbox 55 756 231 793; baseline 0.023 -11"><span class='ocrx_word' id='word_1_95' title='bbox 55 756 231 793; x_wconf 78' lang='grc' dir='ltr'>διεγείροντα.</span> 
     </span>
    </p>
   </div>
   <div class='ocr_carea' id='block_1_16' title="bbox 95 802 844 845">
    <p class='ocr_par' dir='ltr' id='par_1_16' title="bbox 95 802 844 845">
     <span class='ocr_line' id='line_1_16' title="bbox 95 802 844 845; baseline 0.009 -16"><span class='ocrx_word' id='word_1_96' title='bbox 95 813 104 829; x_wconf 87' lang='grc' dir='ltr'><strong>ι</strong></span> <span class='ocrx_word' id='word_1_97' title='bbox 121 802 206 831; x_wconf 73' lang='grc' dir='ltr'>Εἶπεν</span> <span class='ocrx_word' id='word_1_98' title='bbox 226 805 240 832; x_wconf 85' lang='grc' dir='ltr'><strong>ὁ</strong></span> <span class='ocrx_word' id='word_1_99' title='bbox 265 805 369 841; x_wconf 85' lang='grc' dir='ltr'>Κύριος</span> <span class='ocrx_word' id='word_1_100' title='bbox 390 815 397 822; x_wconf 93' lang='grc'><strong>·</strong></span> <span class='ocrx_word' id='word_1_101' title='bbox 417 806 514 840; x_wconf 81' lang='grc' dir='ltr'>Ὅστις</span> <span class='ocrx_word' id='word_1_102' title='bbox 535 808 699 845; x_wconf 84' lang='grc' dir='ltr'>ὁμολογήσει</span> <span class='ocrx_word' id='word_1_103' title='bbox 725 810 754 836; x_wconf 81' lang='grc' dir='ltr'><strong>ὲν</strong></span> <span class='ocrx_word' id='word_1_104' title='bbox 782 810 844 845; x_wconf 75' lang='grc' dir='ltr'>ἐμοὶ</span> 
     </span>
    </p>
   </div>
   <div class='ocr_carea' id='block_1_17' title="bbox 54 850 843 890">
    <p class='ocr_par' dir='ltr' id='par_1_17' title="bbox 54 850 843 890">
     <span class='ocr_line' id='line_1_17' title="bbox 54 850 843 890; baseline 0.009 -15"><span class='ocrx_word' id='word_1_105' title='bbox 54 850 210 885; x_wconf 78' lang='grc' dir='ltr'>ἔμπροσθεν</span> <span class='ocrx_word' id='word_1_106' title='bbox 224 851 280 878; x_wconf 86' lang='grc' dir='ltr'><strong>τῶν</strong></span> <span class='ocrx_word' id='word_1_107' title='bbox 297 852 462 887; x_wconf 83' lang='grc' dir='ltr'>ἀνθρώπων,</span> <span class='ocrx_word' id='word_1_108' title='bbox 480 853 642 890; x_wconf 77' lang='grc' dir='ltr'>ὁμολογήσω</span> <span class='ocrx_word' id='word_1_109' title='bbox 663 855 745 883; x_wconf 75' lang='grc' dir='ltr'>αὐτὸν</span> <span class='ocrx_word' id='word_1_110' title='bbox 765 855 843 890; x_wconf 86' lang='grc' dir='ltr'>καγὼ</span> 
     </span>
    </p>
   </div>
   <div class='ocr_carea' id='block_1_18' title="bbox 54 895 845 935">
    <p class='ocr_par' dir='ltr' id='par_1_18' title="bbox 54 895 845 935">
     <span class='ocr_line' id='line_1_18' title="bbox 54 895 845 935; baseline 0.009 -14"><span class='ocrx_word' id='word_1_111' title='bbox 54 895 212 931; x_wconf 81' lang='grc' dir='ltr'>ἔμπροσθεν</span> <span class='ocrx_word' id='word_1_112' title='bbox 225 897 272 924; x_wconf 81' lang='grc' dir='ltr'>τοῦ</span> <span class='ocrx_word' id='word_1_113' title='bbox 292 899 402 934; x_wconf 86' lang='grc' dir='ltr'><strong>Πατρός</strong></span> <span class='ocrx_word' id='word_1_114' title='bbox 427 908 479 935; x_wconf 90' lang='grc' dir='ltr'><strong>μου</strong></span> <span class='ocrx_word' id='word_1_115' title='bbox 497 899 545 927; x_wconf 80' lang='grc' dir='ltr'><strong>τοῦ</strong></span> <span class='ocrx_word' id='word_1_116' title='bbox 561 902 590 927; x_wconf 82' lang='grc' dir='ltr'><strong>ὲν</strong></span> <span class='ocrx_word' id='word_1_117' title='bbox 607 901 742 935; x_wconf 80' lang='grc' dir='ltr'>οὐρανοῖς.</span> <span class='ocrx_word' id='word_1_118' title='bbox 759 910 769 927; x_wconf 83' lang='grc'><strong>›</strong></span> <span class='ocrx_word' id='word_1_119' title='bbox 789 902 845 928; x_wconf 76' lang='grc' dir='ltr'><strong>Καὶ</strong></span> 
     </span>
    </p>
   </div>
   <div class='ocr_carea' id='block_1_19' title="bbox 53 943 842 983">
    <p class='ocr_par' dir='ltr' id='par_1_19' title="bbox 53 943 842 983">
     <span class='ocr_line' id='line_1_19' title="bbox 53 943 842 983; baseline 0.008 -15"><span class='ocrx_word' id='word_1_120' title='bbox 53 943 181 976; x_wconf 64' lang='grc' dir='ltr'>βασιλεὺς</span> <span class='ocrx_word' id='word_1_121' title='bbox 202 944 270 979; x_wconf 75' lang='grc' dir='ltr'>πρὸς</span> <span class='ocrx_word' id='word_1_122' title='bbox 295 944 434 981; x_wconf 76' lang='grc' dir='ltr'>βάρϐαρον</span> <span class='ocrx_word' id='word_1_123' title='bbox 450 946 526 978; x_wconf 73' lang='grc' dir='ltr'>ἔθνος</span> <span class='ocrx_word' id='word_1_124' title='bbox 541 948 588 974; x_wconf 76' lang='grc' dir='ltr'>καὶ</span> <span class='ocrx_word' id='word_1_125' title='bbox 603 948 777 983; x_wconf 82' lang='grc' dir='ltr'>παλαμναῖον</span> <span class='ocrx_word' id='word_1_126' title='bbox 791 956 842 974; x_wconf 87' lang='grc' dir='ltr'>πα-</span> 
     </span>
    </p>
   </div>
   <div class='ocr_carea' id='block_1_20' title="bbox 55 989 844 1028">
    <p class='ocr_par' dir='ltr' id='par_1_20' title="bbox 55 989 844 1028">
     <span class='ocr_line' id='line_1_20' title="bbox 55 989 844 1028; baseline 0.009 -15"><span class='ocrx_word' id='word_1_127' title='bbox 55 989 326 1024; x_wconf 74' lang='grc' dir='ltr'>ραταττόμενος,και</span> <span class='ocrx_word' id='word_1_128' title='bbox 341 993 537 1025; x_wconf 81' lang='grc' dir='ltr'>στρατιωτικὸν</span> <span class='ocrx_word' id='word_1_129' title='bbox 546 992 668 1028; x_wconf 81' lang='grc' dir='ltr'>ἀθροίζει</span> <span class='ocrx_word' id='word_1_130' title='bbox 683 993 844 1027; x_wconf 82' lang='grc' dir='ltr'>κατάλογον,</span> 
     </span>
    </p>
   </div>
   <div class='ocr_carea' id='block_1_21' title="bbox 54 1035 845 1074">
    <p class='ocr_par' dir='ltr' id='par_1_21' title="bbox 54 1035 845 1074">
     <span class='ocr_line' id='line_1_21' title="bbox 54 1035 845 1074; baseline 0.008 -14"><span class='ocrx_word' id='word_1_131' title='bbox 54 1035 104 1060; x_wconf 71' lang='grc' dir='ltr'>καὶ</span> <span class='ocrx_word' id='word_1_132' title='bbox 119 1035 193 1067; x_wconf 84' lang='grc' dir='ltr'>ὅπως</span> <span class='ocrx_word' id='word_1_133' title='bbox 204 1036 257 1072; x_wconf 83' lang='grc' dir='ltr'><strong>χρὴ</strong></span> <span class='ocrx_word' id='word_1_134' title='bbox 275 1037 407 1071; x_wconf 83' lang='grc' dir='ltr'>πολεμεῖν</span> <span class='ocrx_word' id='word_1_135' title='bbox 421 1038 591 1071; x_wconf 80' lang='grc' dir='ltr'>ὑποτίθεται,</span> <span class='ocrx_word' id='word_1_136' title='bbox 610 1039 658 1065; x_wconf 81' lang='grc' dir='ltr'>καὶ</span> <span class='ocrx_word' id='word_1_137' title='bbox 677 1039 726 1071; x_wconf 82' lang='grc' dir='ltr'><strong>τὰς</strong></span> <span class='ocrx_word' id='word_1_138' title='bbox 739 1040 845 1074; x_wconf 81' lang='grc' dir='ltr'>δωρεὰς</span> 
     </span>
    </p>
   </div>
   <div class='ocr_carea' id='block_1_22' title="bbox 51 1080 844 1119">
    <p class='ocr_par' dir='ltr' id='par_1_22' title="bbox 51 1080 844 1119">
     <span class='ocr_line' id='line_1_22' title="bbox 51 1080 844 1119; baseline 0.008 -13"><span class='ocrx_word' id='word_1_139' title='bbox 51 1080 252 1114; x_wconf 63' lang='grc' dir='ltr'>ἐπαγγέλλεται</span> <span class='ocrx_word' id='word_1_140' title='bbox 265 1090 271 1097; x_wconf 91' lang='grc'><strong>·</strong></span> <span class='ocrx_word' id='word_1_141' title='bbox 289 1083 361 1110; x_wconf 77' lang='grc' dir='ltr'>οὕτω</span> <span class='ocrx_word' id='word_1_142' title='bbox 377 1084 425 1110; x_wconf 79' lang='grc' dir='ltr'>καὶ</span> <span class='ocrx_word' id='word_1_143' title='bbox 436 1085 450 1110; x_wconf 87' lang='grc' dir='ltr'><strong>ὁ</strong></span> <span class='ocrx_word' id='word_1_144' title='bbox 463 1084 581 1119; x_wconf 74' lang='grc' dir='ltr'>Χριστὸς</span> <span class='ocrx_word' id='word_1_145' title='bbox 595 1085 609 1112; x_wconf 87' lang='grc' dir='ltr'><strong>ὁ</strong></span> <span class='ocrx_word' id='word_1_146' title='bbox 627 1084 673 1111; x_wconf 83' lang='grc' dir='ltr'>τοῦ</span> <span class='ocrx_word' id='word_1_147' title='bbox 688 1084 754 1111; x_wconf 81' lang='grc' dir='ltr'>Θεοῦ</span> <span class='ocrx_word' id='word_1_148' title='bbox 769 1085 844 1118; x_wconf 77' lang='grc' dir='ltr'>Υἱὸς,</span> 
     </span>
    </p>
   </div>
   <div class='ocr_carea' id='block_1_23' title="bbox 51 1127 844 1166">
    <p class='ocr_par' dir='ltr' id='par_1_23' title="bbox 51 1127 844 1166">
     <span class='ocr_line' id='line_1_23' title="bbox 51 1127 844 1166; baseline 0.008 -14"><span class='ocrx_word' id='word_1_149' title='bbox 51 1128 66 1152; x_wconf 90' lang='grc' dir='ltr'><strong>ὁ</strong></span> <span class='ocrx_word' id='word_1_150' title='bbox 80 1127 212 1159; x_wconf 72' lang='grc' dir='ltr'>Βασιλεὺς</span> <span class='ocrx_word' id='word_1_151' title='bbox 225 1128 334 1163; x_wconf 81' lang='grc' dir='ltr'>ἀπάσης</span> <span class='ocrx_word' id='word_1_152' title='bbox 348 1128 399 1164; x_wconf 83' lang='grc' dir='ltr'>τῆς</span> <span class='ocrx_word' id='word_1_153' title='bbox 415 1129 542 1163; x_wconf 83' lang='grc' dir='ltr'>κτίσεως,</span> <span class='ocrx_word' id='word_1_154' title='bbox 556 1130 721 1157; x_wconf 74' lang='grc' dir='ltr'>καταϐαλεῖν</span> <span class='ocrx_word' id='word_1_155' title='bbox 736 1131 844 1166; x_wconf 80' lang='grc' dir='ltr'>ἐπειγό-</span> 
     </span>
    </p>
   </div>
   <div class='ocr_carea' id='block_1_24' title="bbox 54 1172 845 1211">
    <p class='ocr_par' dir='ltr' id='par_1_24' title="bbox 54 1172 845 1211">
     <span class='ocr_line' id='line_1_24' title="bbox 54 1172 845 1211; baseline 0.009 -15"><span class='ocrx_word' id='word_1_156' title='bbox 54 1179 141 1205; x_wconf 85' lang='grc' dir='ltr'>μενος</span> <span class='ocrx_word' id='word_1_157' title='bbox 163 1172 213 1206; x_wconf 81' lang='grc' dir='ltr'>τὴν</span> <span class='ocrx_word' id='word_1_158' title='bbox 236 1172 298 1199; x_wconf 86' lang='grc' dir='ltr'>καθ’</span> <span class='ocrx_word' id='word_1_159' title='bbox 314 1173 394 1208; x_wconf 85' lang='grc' dir='ltr'>ήμῶν</span> <span class='ocrx_word' id='word_1_160' title='bbox 407 1175 554 1209; x_wconf 74' lang='grc' dir='ltr'>τυραννίδα</span> <span class='ocrx_word' id='word_1_161' title='bbox 573 1174 621 1202; x_wconf 82' lang='grc' dir='ltr'>τοῦ</span> <span class='ocrx_word' id='word_1_162' title='bbox 641 1176 779 1211; x_wconf 80' lang='grc' dir='ltr'>δαίμονος,</span> <span class='ocrx_word' id='word_1_163' title='bbox 798 1178 845 1203; x_wconf 77' lang='grc' dir='ltr'>καὶ</span> 
     </span>
    </p>
   </div>
   <div class='ocr_carea' id='block_1_25' title="bbox 53 1217 844 1256">
    <p class='ocr_par' dir='ltr' id='par_1_25' title="bbox 53 1217 844 1256">
     <span class='ocr_line' id='line_1_25' title="bbox 53 1217 844 1256; baseline 0.01 -14"><span class='ocrx_word' id='word_1_164' title='bbox 53 1217 126 1251; x_wconf 73' lang='grc' dir='ltr'>πρὸς</span> <span class='ocrx_word' id='word_1_165' title='bbox 138 1218 187 1253; x_wconf 86' lang='grc' dir='ltr'>τὴν</span> <span class='ocrx_word' id='word_1_166' title='bbox 202 1219 301 1254; x_wconf 82' lang='grc' dir='ltr'>νοητὴν</span> <span class='ocrx_word' id='word_1_167' title='bbox 316 1219 436 1254; x_wconf 79' lang='grc' dir='ltr'>ἀλείφων</span> <span class='ocrx_word' id='word_1_168' title='bbox 452 1221 617 1256; x_wconf 78' lang='grc' dir='ltr'>παράταξιν,</span> <span class='ocrx_word' id='word_1_169' title='bbox 635 1223 683 1250; x_wconf 83' lang='grc' dir='ltr'><strong>καὶ</strong></span> <span class='ocrx_word' id='word_1_170' title='bbox 696 1223 844 1256; x_wconf 78' lang='grc' dir='ltr'>διδάσκων,</span> 
     </span>
    </p>
   </div>
   <div class='ocr_carea' id='block_1_26' title="bbox 52 1264 845 1302">
    <p class='ocr_par' dir='ltr' id='par_1_26' title="bbox 52 1264 845 1302">
     <span class='ocr_line' id='line_1_26' title="bbox 52 1264 845 1302; baseline 0.009 -13"><span class='ocrx_word' id='word_1_171' title='bbox 52 1264 131 1295; x_wconf 82' lang='grc' dir='ltr'>ὅπως</span> <span class='ocrx_word' id='word_1_172' title='bbox 146 1264 198 1299; x_wconf 82' lang='grc' dir='ltr'><strong>χρὴ</strong></span> <span class='ocrx_word' id='word_1_173' title='bbox 215 1267 270 1297; x_wconf 87' lang='grc' dir='ltr'>τοῖς</span> <span class='ocrx_word' id='word_1_174' title='bbox 291 1266 425 1298; x_wconf 80' lang='grc' dir='ltr'>ἐναντίοις</span> <span class='ocrx_word' id='word_1_175' title='bbox 443 1267 660 1302; x_wconf 80' lang='grc' dir='ltr'>συμπλέκεσθαι,</span> <span class='ocrx_word' id='word_1_176' title='bbox 677 1270 734 1301; x_wconf 82' lang='grc' dir='ltr'>τοῖς</span> <span class='ocrx_word' id='word_1_177' title='bbox 749 1269 845 1301; x_wconf 80' lang='grc' dir='ltr'>ὅπλοις</span> 
     </span>
    </p>
   </div>
   <div class='ocr_carea' id='block_1_27' title="bbox 49 1310 844 1350">
    <p class='ocr_par' dir='ltr' id='par_1_27' title="bbox 49 1310 844 1350">
     <span class='ocr_line' id='line_1_27' title="bbox 49 1310 844 1350; baseline 0.01 -15"><span class='ocrx_word' id='word_1_178' title='bbox 49 1311 104 1345; x_wconf 86' lang='grc' dir='ltr'>τῆς</span> <span class='ocrx_word' id='word_1_179' title='bbox 123 1310 268 1345; x_wconf 77' lang='grc' dir='ltr'>ὁμολογίας</span> <span class='ocrx_word' id='word_1_180' title='bbox 294 1313 480 1348; x_wconf 80' lang='grc' dir='ltr'>περιφράττει</span> <span class='ocrx_word' id='word_1_181' title='bbox 503 1314 533 1341; x_wconf 83' lang='grc' dir='ltr'><strong>τὺ</strong></span> <span class='ocrx_word' id='word_1_182' title='bbox 558 1315 715 1350; x_wconf 82' lang='grc' dir='ltr'>στράτευμα</span> <span class='ocrx_word' id='word_1_183' title='bbox 732 1323 739 1330; x_wconf 84' lang='grc'><em>’</em></span> <span class='ocrx_word' id='word_1_184' title='bbox 759 1326 768 1342; x_wconf 85' lang='grc' dir='ltr'><strong>ι</strong></span> <span class='ocrx_word' id='word_1_185' title='bbox 788 1318 844 1349; x_wconf 72' lang='lat' dir='ltr'><strong>lli;</strong></span> 
     </span>
    </p>
   </div>
   <div class='ocr_carea' id='block_1_28' title="bbox 50 1356 844 1397">
    <p class='ocr_par' dir='ltr' id='par_1_28' title="bbox 50 1356 844 1397">
     <span class='ocr_line' id='line_1_28' title="bbox 50 1356 844 1397; baseline 0.011 -16"><span class='ocrx_word' id='word_1_186' title='bbox 50 1356 131 1386; x_wconf 71' lang='grc' dir='ltr'>ὅστις</span> <span class='ocrx_word' id='word_1_187' title='bbox 156 1356 331 1393; x_wconf 79' lang='grc' dir='ltr'>ὁμολογήσει,</span> <span class='ocrx_word' id='word_1_188' title='bbox 357 1357 455 1393; x_wconf 75' lang='grc' dir='ltr'>λέγων,</span> <span class='ocrx_word' id='word_1_189' title='bbox 477 1361 506 1386; x_wconf 86' lang='grc' dir='ltr'>ὲν</span> <span class='ocrx_word' id='word_1_190' title='bbox 526 1361 588 1395; x_wconf 73' lang='grc' dir='ltr'>ἐμοὶ</span> <span class='ocrx_word' id='word_1_191' title='bbox 614 1359 770 1397; x_wconf 73' lang='grc' dir='ltr'>ἔμπροσθεν</span> <span class='ocrx_word' id='word_1_192' title='bbox 790 1364 844 1390; x_wconf 71' lang='grc' dir='ltr'>τῶν</span> 
     </span>
    </p>
   </div>
   <div class='ocr_carea' id='block_1_29' title="bbox 53 1401 845 1445">
    <p class='ocr_par' dir='ltr' id='par_1_29' title="bbox 53 1401 845 1445">
     <span class='ocr_line' id='line_1_29' title="bbox 53 1401 845 1445; baseline 0.011 -17"><span class='ocrx_word' id='word_1_193' title='bbox 53 1401 223 1438; x_wconf 76' lang='grc' dir='ltr'>ἀνθρώπων,</span> <span class='ocrx_word' id='word_1_194' title='bbox 246 1404 407 1441; x_wconf 80' lang='grc' dir='ltr'>ὁμολογήσω</span> <span class='ocrx_word' id='word_1_195' title='bbox 430 1406 512 1433; x_wconf 77' lang='grc' dir='ltr'>αὑτὸν</span> <span class='ocrx_word' id='word_1_196' title='bbox 528 1407 615 1441; x_wconf 79' lang='grc' dir='ltr'><strong>κάγώ.</strong></span> <span class='ocrx_word' id='word_1_197' title='bbox 636 1417 645 1434; x_wconf 68' lang='grc' dir='ltr'><strong>ι</strong></span> <span class='ocrx_word' id='word_1_198' title='bbox 665 1409 723 1436; x_wconf 84' lang='grc' dir='ltr'><strong>οὐκ</strong></span> <span class='ocrx_word' id='word_1_199' title='bbox 743 1410 845 1445; x_wconf 75' lang='grc' dir='ltr'>ἀρκοῦ-</span> 
     </span>
    </p>
   </div>
   <div class='ocr_carea' id='block_1_30' title="bbox 54 1450 844 1491">
    <p class='ocr_par' dir='ltr' id='par_1_30' title="bbox 54 1450 844 1491">
     <span class='ocr_line' id='line_1_30' title="bbox 54 1450 844 1491; baseline 0.011 -17"><span class='ocrx_word' id='word_1_200' title='bbox 54 1457 119 1483; x_wconf 87' lang='grc' dir='ltr'>μαι,</span> <span class='ocrx_word' id='word_1_201' title='bbox 136 1450 213 1484; x_wconf 78' lang='grc' dir='ltr'>φησὶ,</span> <span class='ocrx_word' id='word_1_202' title='bbox 226 1451 259 1486; x_wconf 85' lang='grc' dir='ltr'><strong>τῇ</strong></span> <span class='ocrx_word' id='word_1_203' title='bbox 277 1451 348 1478; x_wconf 86' lang='grc' dir='ltr'>κατὰ</span> <span class='ocrx_word' id='word_1_204' title='bbox 373 1451 493 1480; x_wconf 82' lang='grc' dir='ltr'>διάνοιαν</span> <span class='ocrx_word' id='word_1_205' title='bbox 508 1453 609 1486; x_wconf 81' lang='grc' dir='ltr'>πίστει,</span> <span class='ocrx_word' id='word_1_206' title='bbox 628 1454 697 1482; x_wconf 81' lang='grc' dir='ltr'>ἀλλὰ</span> <span class='ocrx_word' id='word_1_207' title='bbox 713 1455 844 1491; x_wconf 81' lang='grc' dir='ltr'>βούλομαι</span> 
     </span>
    </p>
   </div>
   <div class='ocr_carea' id='block_1_31' title="bbox 52 1497 881 1545">
    <p class='ocr_par' dir='ltr' id='par_1_31' title="bbox 52 1497 881 1545">
     <span class='ocr_line' id='line_1_31' title="bbox 52 1497 881 1545; baseline 0.011 -24"><span class='ocrx_word' id='word_1_208' title='bbox 52 1497 297 1545; x_wconf 16' lang='grc' dir='ltr'>σμμιρωνεῖνντοίς</span> <span class='ocrx_word' id='word_1_209' title='bbox 315 1497 415 1545; x_wconf 75' lang='grc' dir='ltr'>λόγοις</span> <span class='ocrx_word' id='word_1_210' title='bbox 439 1500 472 1534; x_wconf 83' lang='grc' dir='ltr'><strong>τῇ</strong></span> <span class='ocrx_word' id='word_1_211' title='bbox 502 1499 553 1534; x_wconf 85' lang='grc' dir='ltr'>τῆς</span> <span class='ocrx_word' id='word_1_212' title='bbox 577 1500 667 1536; x_wconf 82' lang='grc' dir='ltr'>ψυχῆς</span> <span class='ocrx_word' id='word_1_213' title='bbox 691 1501 843 1539; x_wconf 76' lang='grc' dir='ltr'>ἐλευθερίᾳ.</span> <span class='ocrx_word' id='word_1_214' title='bbox 859 1516 881 1545; x_wconf 78' lang='lat' dir='ltr'>c</span> 
     </span>
    </p>
   </div>
   <div class='ocr_carea' id='block_1_32' title="bbox 53 1543 841 1584">
    <p class='ocr_par' dir='ltr' id='par_1_32' title="bbox 53 1543 841 1584">
     <span class='ocr_line' id='line_1_32' title="bbox 53 1543 841 1584; baseline 0.01 -16"><span class='ocrx_word' id='word_1_215' title='bbox 53 1543 190 1570; x_wconf 74' lang='grc' dir='ltr'>Κοῦάλων</span> <span class='ocrx_word' id='word_1_216' title='bbox 204 1544 257 1579; x_wconf 83' lang='grc' dir='ltr'><strong>γὰρ</strong></span> <span class='ocrx_word' id='word_1_217' title='bbox 277 1544 324 1571; x_wconf 82' lang='grc' dir='ltr'><strong>καὶ</strong></span> <span class='ocrx_word' id='word_1_218' title='bbox 339 1545 466 1578; x_wconf 82' lang='grc' dir='ltr'>φενάκων</span> <span class='ocrx_word' id='word_1_219' title='bbox 481 1546 586 1582; x_wconf 83' lang='grc' dir='ltr'>ἀνδρῶν</span> <span class='ocrx_word' id='word_1_220' title='bbox 603 1547 684 1582; x_wconf 70' lang='grc' dir='ltr'>ἕτερα</span> <span class='ocrx_word' id='word_1_221' title='bbox 701 1549 751 1582; x_wconf 86' lang='grc' dir='ltr'>μὲν</span> <span class='ocrx_word' id='word_1_222' title='bbox 767 1550 819 1584; x_wconf 87' lang='grc' dir='ltr'>κρύ</span> <span class='ocrx_word' id='word_1_223' title='bbox 829 1566 841 1570; x_wconf 94' lang='grc'><strong>-</strong></span> 
     </span>
    </p>
   </div>
   <div class='ocr_carea' id='block_1_33' title="bbox 51 1590 843 1629">
    <p class='ocr_par' dir='ltr' id='par_1_33' title="bbox 51 1590 843 1629">
     <span class='ocr_line' id='line_1_33' title="bbox 51 1590 843 1629; baseline 0.01 -15"><span class='ocrx_word' id='word_1_224' title='bbox 51 1597 136 1615; x_wconf 85' lang='grc' dir='ltr'>πτειν</span> <span class='ocrx_word' id='word_1_225' title='bbox 156 1590 185 1616; x_wconf 83' lang='grc' dir='ltr'><strong>ἐν</strong></span> <span class='ocrx_word' id='word_1_226' title='bbox 200 1591 259 1622; x_wconf 84' lang='grc' dir='ltr'>ταῖς</span> <span class='ocrx_word' id='word_1_227' title='bbox 274 1591 365 1625; x_wconf 78' lang='grc' dir='ltr'>φρεσὶ,</span> <span class='ocrx_word' id='word_1_228' title='bbox 377 1592 508 1619; x_wconf 70' lang='grc' dir='ltr'>τάναντία</span> <span class='ocrx_word' id='word_1_229' title='bbox 524 1593 552 1619; x_wconf 82' lang='grc' dir='ltr'>δὲ</span> <span class='ocrx_word' id='word_1_230' title='bbox 568 1594 600 1628; x_wconf 86' lang='grc' dir='ltr'>τῇ</span> <span class='ocrx_word' id='word_1_231' title='bbox 615 1593 722 1629; x_wconf 83' lang='grc' dir='ltr'>γλώττῃ</span> <span class='ocrx_word' id='word_1_232' title='bbox 740 1595 843 1622; x_wconf 86' lang='grc' dir='ltr'>λαλεῖν.</span> 
     </span>
    </p>
   </div>
   <div class='ocr_carea' id='block_1_34' title="bbox 51 1635 845 1676">
    <p class='ocr_par' dir='ltr' id='par_1_34' title="bbox 51 1635 845 1676">
     <span class='ocr_line' id='line_1_34' title="bbox 51 1635 845 1676; baseline 0.009 -15"><span class='ocrx_word' id='word_1_233' title='bbox 51 1635 118 1662; x_wconf 86' lang='grc' dir='ltr'><strong>Τῶν</strong></span> <span class='ocrx_word' id='word_1_234' title='bbox 144 1636 172 1662; x_wconf 75' lang='grc' dir='ltr'>δὲ</span> <span class='ocrx_word' id='word_1_235' title='bbox 199 1637 248 1671; x_wconf 84' lang='grc' dir='ltr'>τῆς</span> <span class='ocrx_word' id='word_1_236' title='bbox 272 1638 431 1674; x_wconf 74' lang='grc' dir='ltr'>ἐλευθερίας</span> <span class='ocrx_word' id='word_1_237' title='bbox 455 1640 615 1675; x_wconf 74' lang='grc' dir='ltr'>ἀρχομένων</span> <span class='ocrx_word' id='word_1_238' title='bbox 652 1641 799 1676; x_wconf 74' lang='grc' dir='ltr'>γνώρισμα</span> <span class='ocrx_word' id='word_1_239' title='bbox 816 1643 845 1669; x_wconf 82' lang='grc' dir='ltr'>τὸ</span> 
     </span>
    </p>
   </div>
   <div class='ocr_carea' id='block_1_35' title="bbox 50 1683 846 1723">
    <p class='ocr_par' dir='ltr' id='par_1_35' title="bbox 50 1683 846 1723">
     <span class='ocr_line' id='line_1_35' title="bbox 50 1683 846 1723; baseline 0.019 -16"><span class='ocrx_word' id='word_1_240' title='bbox 50 1683 296 1717; x_wconf 77' lang='grc' dir='ltr'>παρῥησιάζεσθαι</span> <span class='ocrx_word' id='word_1_241' title='bbox 313 1685 364 1719; x_wconf 81' lang='grc' dir='ltr'>τὴν</span> <span class='ocrx_word' id='word_1_242' title='bbox 380 1685 521 1719; x_wconf 76' lang='grc' dir='ltr'>ἀλήθειαν.</span> <span class='ocrx_word' id='word_1_243' title='bbox 547 1696 556 1712; x_wconf 80' lang='grc' dir='ltr'><strong>ι</strong></span> <span class='ocrx_word' id='word_1_244' title='bbox 575 1687 668 1718; x_wconf 84' lang='grc' dir='ltr'>Ὅστις</span> <span class='ocrx_word' id='word_1_245' title='bbox 683 1688 846 1723; x_wconf 73' lang='grc' dir='ltr'>ὁμολογήσει</span> 
     </span>
    </p>
   </div>
   <div class='ocr_carea' id='block_1_36' title="bbox 49 1729 847 1770">
    <p class='ocr_par' dir='ltr' id='par_1_36' title="bbox 49 1729 847 1770">
     <span class='ocr_line' id='line_1_36' title="bbox 49 1729 847 1770; baseline 0.009 -16"><span class='ocrx_word' id='word_1_246' title='bbox 49 1729 83 1754; x_wconf 81' lang='grc' dir='ltr'><strong>ὲν</strong></span> <span class='ocrx_word' id='word_1_247' title='bbox 108 1729 173 1763; x_wconf 71' lang='grc' dir='ltr'>ἐμοὶ</span> <span class='ocrx_word' id='word_1_248' title='bbox 198 1729 353 1765; x_wconf 72' lang='grc' dir='ltr'>ἔμπροσθεν</span> <span class='ocrx_word' id='word_1_249' title='bbox 381 1732 435 1759; x_wconf 82' lang='grc' dir='ltr'><strong>τῶν</strong></span> <span class='ocrx_word' id='word_1_250' title='bbox 462 1732 625 1768; x_wconf 80' lang='grc' dir='ltr'>ἀνθρώπων.</span> <span class='ocrx_word' id='word_1_251' title='bbox 646 1743 656 1760; x_wconf 76' lang='grc' dir='ltr'><strong>ι</strong></span> <span class='ocrx_word' id='word_1_252' title='bbox 680 1734 716 1761; x_wconf 82' lang='grc' dir='ltr'><strong>Οὐ</strong></span> <span class='ocrx_word' id='word_1_253' title='bbox 733 1734 847 1770; x_wconf 80' lang='grc' dir='ltr'>δέχομαι</span> 
     </span>
    </p>
   </div>
   <div class='ocr_carea' id='block_1_37' title="bbox 49 1774 847 1815">
    <p class='ocr_par' dir='ltr' id='par_1_37' title="bbox 49 1774 847 1815">
     <span class='ocr_line' id='line_1_37' title="bbox 49 1774 847 1815; baseline 0.009 -15"><span class='ocrx_word' id='word_1_254' title='bbox 49 1774 162 1806; x_wconf 69' lang='grc' dir='ltr'>δειλοὺς</span> <span class='ocrx_word' id='word_1_255' title='bbox 177 1777 346 1810; x_wconf 81' lang='grc' dir='ltr'>στρατιώτας</span> <span class='ocrx_word' id='word_1_256' title='bbox 359 1777 409 1812; x_wconf 82' lang='grc' dir='ltr'>τὴν</span> <span class='ocrx_word' id='word_1_257' title='bbox 424 1778 463 1809; x_wconf 82' lang='grc' dir='ltr'>εἰς</span> <span class='ocrx_word' id='word_1_258' title='bbox 482 1778 535 1813; x_wconf 76' lang='grc' dir='ltr'><strong>ἐμὲ</strong></span> <span class='ocrx_word' id='word_1_259' title='bbox 555 1779 648 1806; x_wconf 82' lang='grc' dir='ltr'>πίστιν</span> <span class='ocrx_word' id='word_1_260' title='bbox 663 1779 847 1815; x_wconf 78' lang='grc' dir='ltr'>ψευδομένους</span> 
     </span>
    </p>
   </div>
   <div class='ocr_carea' id='block_1_38' title="bbox 47 1822 846 1861">
    <p class='ocr_par' dir='ltr' id='par_1_38' title="bbox 47 1822 846 1861">
     <span class='ocr_line' id='line_1_38' title="bbox 47 1822 846 1861; baseline 0.006 -14"><span class='ocrx_word' id='word_1_261' title='bbox 47 1823 113 1853; x_wconf 85' lang='grc' dir='ltr'>τοῖς</span> <span class='ocrx_word' id='word_1_262' title='bbox 130 1822 270 1858; x_wconf 70' lang='grc' dir='ltr'>ῥήμασιν’</span> <span class='ocrx_word' id='word_1_263' title='bbox 287 1824 346 1851; x_wconf 84' lang='grc' dir='ltr'>ὅσοι</span> <span class='ocrx_word' id='word_1_264' title='bbox 359 1824 475 1852; x_wconf 80' lang='grc' dir='ltr'>ποθοῦσι</span> <span class='ocrx_word' id='word_1_265' title='bbox 491 1825 546 1851; x_wconf 85' lang='grc' dir='ltr'><strong>τῶν</strong></span> <span class='ocrx_word' id='word_1_266' title='bbox 558 1825 633 1860; x_wconf 80' lang='grc' dir='ltr'>ὲμῶν</span> <span class='ocrx_word' id='word_1_267' title='bbox 651 1825 743 1860; x_wconf 86' lang='grc' dir='ltr'>γερῶν</span> <span class='ocrx_word' id='word_1_268' title='bbox 761 1835 846 1861; x_wconf 85' lang='grc' dir='ltr'>μετα-</span> 
     </span>
    </p>
   </div>
   <div class='ocr_carea' id='block_1_39' title="bbox 48 1869 846 1907">
    <p class='ocr_par' dir='ltr' id='par_1_39' title="bbox 48 1869 846 1907">
     <span class='ocr_line' id='line_1_39' title="bbox 48 1869 846 1907; baseline 0.008 -14"><span class='ocrx_word' id='word_1_269' title='bbox 48 1870 142 1903; x_wconf 73' lang='grc' dir='ltr'>σχεῖν,</span> <span class='ocrx_word' id='word_1_270' title='bbox 152 1869 293 1904; x_wconf 75' lang='grc' dir='ltr'>λαμπραῖς</span> <span class='ocrx_word' id='word_1_271' title='bbox 308 1870 467 1905; x_wconf 85' lang='grc' dir='ltr'>ὁμολογίαις</span> <span class='ocrx_word' id='word_1_272' title='bbox 480 1871 530 1907; x_wconf 83' lang='grc' dir='ltr'>τὴν</span> <span class='ocrx_word' id='word_1_273' title='bbox 545 1871 706 1898; x_wconf 82' lang='grc' dir='ltr'>δεσποτείαν</span> <span class='ocrx_word' id='word_1_274' title='bbox 717 1871 766 1907; x_wconf 78' lang='grc' dir='ltr'><strong>τὴν</strong></span> <span class='ocrx_word' id='word_1_275' title='bbox 782 1873 846 1899; x_wconf 83' lang='grc' dir='ltr'>ἐαυ-</span> 
     </span>
    </p>
   </div>
   <div class='ocr_carea' id='block_1_40' title="bbox 47 1915 846 1953">
    <p class='ocr_par' dir='ltr' id='par_1_40' title="bbox 47 1915 846 1953">
     <span class='ocr_line' id='line_1_40' title="bbox 47 1915 846 1953; baseline 0.006 -14"><span class='ocrx_word' id='word_1_276' title='bbox 47 1915 110 1940; x_wconf 81' lang='grc' dir='ltr'><strong>τῶν</strong></span> <span class='ocrx_word' id='word_1_277' title='bbox 127 1915 353 1949; x_wconf 86' lang='grc' dir='ltr'>κηρυττέτωσαν,</span> <span class='ocrx_word' id='word_1_278' title='bbox 368 1916 401 1942; x_wconf 78' lang='grc' dir='ltr'><strong>ἵν’</strong></span> <span class='ocrx_word' id='word_1_279' title='bbox 420 1916 506 1949; x_wconf 77' lang='grc' dir='ltr'>οὕτως</span> <span class='ocrx_word' id='word_1_280' title='bbox 518 1917 642 1953; x_wconf 85' lang='grc' dir='ltr'>ἀνδρεῖον</span> <span class='ocrx_word' id='word_1_281' title='bbox 660 1917 846 1953; x_wconf 80' lang='grc' dir='ltr'>ὲνδειξάμενοι</span> 
     </span>
    </p>
   </div>
   <div class='ocr_carea' id='block_1_41' title="bbox 47 1961 847 1999">
    <p class='ocr_par' dir='ltr' id='par_1_41' title="bbox 47 1961 847 1999">
     <span class='ocr_line' id='line_1_41' title="bbox 47 1961 847 1999; baseline 0.006 -13"><span class='ocrx_word' id='word_1_282' title='bbox 47 1961 105 1995; x_wconf 82' lang='grc' dir='ltr'>τῆς</span> <span class='ocrx_word' id='word_1_283' title='bbox 117 1961 265 1994; x_wconf 82' lang='grc' dir='ltr'>ὁμολογίας</span> <span class='ocrx_word' id='word_1_284' title='bbox 279 1962 309 1988; x_wconf 84' lang='grc' dir='ltr'><strong>τὺ</strong></span> <span class='ocrx_word' id='word_1_285' title='bbox 327 1963 466 1998; x_wconf 83' lang='grc' dir='ltr'>φρόνημα,</span> <span class='ocrx_word' id='word_1_286' title='bbox 486 1963 615 1999; x_wconf 80' lang='grc' dir='ltr'>λαμπρᾶς</span> <span class='ocrx_word' id='word_1_287' title='bbox 631 1964 679 1990; x_wconf 82' lang='grc' dir='ltr'>καὶ</span> <span class='ocrx_word' id='word_1_288' title='bbox 697 1963 747 1998; x_wconf 84' lang='grc' dir='ltr'>τῆς</span> <span class='ocrx_word' id='word_1_289' title='bbox 764 1964 847 1998; x_wconf 81' lang='grc' dir='ltr'>ἀμοι-</span> 
     </span>
    </p>
   </div>
   <div class='ocr_carea' id='block_1_42' title="bbox 46 2007 847 2045">
    <p class='ocr_par' dir='ltr' id='par_1_42' title="bbox 46 2007 847 2045">
     <span class='ocr_line' id='line_1_42' title="bbox 46 2007 847 2045; baseline 0.004 -12"><span class='ocrx_word' id='word_1_290' title='bbox 46 2007 106 2041; x_wconf 79' lang='grc' dir='ltr'><strong>ϐῆς</strong></span> <span class='ocrx_word' id='word_1_291' title='bbox 126 2008 296 2043; x_wconf 71' lang='grc' dir='ltr'>ἐπιτύχοιεν.</span> <span class='ocrx_word' id='word_1_292' title='bbox 316 2008 364 2041; x_wconf 87' lang='grc' dir='ltr'>Τίς</span> <span class='ocrx_word' id='word_1_293' title='bbox 385 2009 414 2036; x_wconf 86' lang='grc' dir='ltr'>δὲ</span> <span class='ocrx_word' id='word_1_294' title='bbox 430 2009 518 2044; x_wconf 65' lang='lat' dir='ltr'><strong>alim;</strong></span> <span class='ocrx_word' id='word_1_295' title='bbox 540 2019 548 2035; x_wconf 86' lang='lat' dir='ltr'><strong>t</strong></span> <span class='ocrx_word' id='word_1_296' title='bbox 575 2009 753 2045; x_wconf 88' lang='grc' dir='ltr'>Ὀμολογήσω</span> <span class='ocrx_word' id='word_1_297' title='bbox 765 2010 847 2038; x_wconf 71' lang='grc' dir='ltr'>αὑτὸν</span> 
     </span>
    </p>
   </div>
   <div class='ocr_carea' id='block_1_43' title="bbox 46 2053 847 2090">
    <p class='ocr_par' dir='ltr' id='par_1_43' title="bbox 46 2053 847 2090">
     <span class='ocr_line' id='line_1_43' title="bbox 46 2053 847 2090; baseline 0.001 -10"><span class='ocrx_word' id='word_1_298' title='bbox 46 2053 136 2087; x_wconf 73' lang='grc' dir='ltr'><strong>κάγὼ</strong></span> <span class='ocrx_word' id='word_1_299' title='bbox 155 2053 310 2088; x_wconf 70' lang='grc' dir='ltr'>ἔμπροσθεν</span> <span class='ocrx_word' id='word_1_300' title='bbox 339 2053 386 2081; x_wconf 84' lang='grc' dir='ltr'>τοῦ</span> <span class='ocrx_word' id='word_1_301' title='bbox 417 2055 524 2090; x_wconf 86' lang='grc' dir='ltr'>Πατρός</span> <span class='ocrx_word' id='word_1_302' title='bbox 555 2063 604 2090; x_wconf 88' lang='grc' dir='ltr'><strong>μου</strong></span> <span class='ocrx_word' id='word_1_303' title='bbox 635 2054 682 2081; x_wconf 78' lang='grc' dir='ltr'>τοῦ</span> <span class='ocrx_word' id='word_1_304' title='bbox 710 2056 739 2081; x_wconf 85' lang='grc' dir='ltr'><strong>ὲν</strong></span> <span class='ocrx_word' id='word_1_305' title='bbox 763 2055 847 2090; x_wconf 87' lang='grc' dir='ltr'>οὐρα-</span> 
     </span>
    </p>
   </div>
   <div class='ocr_carea' id='block_1_44' title="bbox 45 2108 154 2130">
    <p class='ocr_par' dir='ltr' id='par_1_44' title="bbox 45 2108 154 2130">
     <span class='ocr_line' id='line_1_44' title="bbox 45 2108 154 2130; baseline -0.009 -4"><span class='ocrx_word' id='word_1_306' title='bbox 45 2108 121 2130; x_wconf 84' lang='grc' dir='ltr'>νοις.</span> <span class='ocrx_word' id='word_1_307' title='bbox 144 2109 154 2125; x_wconf 71' lang='grc' dir='ltr'><strong>ι</strong></span> 
     </span>
    </p>
   </div>
   <div class='ocr_carea' id='block_1_45' title="bbox 93 2145 845 2182">
    <p class='ocr_par' dir='ltr' id='par_1_45' title="bbox 93 2145 845 2182">
     <span class='ocr_line' id='line_1_45' title="bbox 93 2145 845 2182; baseline 0.003 -10"><span class='ocrx_word' id='word_1_308' title='bbox 93 2145 179 2172; x_wconf 80' lang='grc' dir='ltr'>Ἀλλὰ</span> <span class='ocrx_word' id='word_1_309' title='bbox 196 2146 232 2181; x_wconf 80' lang='grc' dir='ltr'>μὴ</span> <span class='ocrx_word' id='word_1_310' title='bbox 247 2146 471 2182; x_wconf 82' lang='grc' dir='ltr'>παραδρᾶμωμεν</span> <span class='ocrx_word' id='word_1_311' title='bbox 483 2145 532 2182; x_wconf 84' lang='grc' dir='ltr'>τὴν</span> <span class='ocrx_word' id='word_1_312' title='bbox 546 2146 574 2172; x_wconf 69' lang='grc' dir='ltr'><strong>ἐν</strong></span> <span class='ocrx_word' id='word_1_313' title='bbox 589 2145 629 2182; x_wconf 83' lang='grc' dir='ltr'>τῷ</span> <span class='ocrx_word' id='word_1_314' title='bbox 646 2145 721 2182; x_wconf 83' lang='grc' dir='ltr'>ῥητῷ</span> <span class='ocrx_word' id='word_1_315' title='bbox 735 2146 845 2181; x_wconf 82' lang='grc' dir='ltr'>φιλοσο-</span> 
     </span>
    </p>
   </div>
   <div class='ocr_carea' id='block_1_46' title="bbox 86 2215 419 2250">
    <p class='ocr_par' dir='ltr' id='par_1_46' title="bbox 86 2215 419 2250">
     <span class='ocr_line' id='line_1_46' title="bbox 86 2215 419 2250; baseline 0 -8"><span class='ocrx_word' id='word_1_316' title='bbox 86 2216 112 2232; x_wconf 76' lang='grc'><em>³⁶</em></span> <span class='ocrx_word' id='word_1_317' title='bbox 131 2215 228 2243; x_wconf 85' lang='lat' dir='ltr'><strong>Matth.</strong></span> <span class='ocrx_word' id='word_1_318' title='bbox 245 2223 272 2247; x_wconf 83' lang='lat' dir='ltr'><strong>x,</strong></span> <span class='ocrx_word' id='word_1_319' title='bbox 292 2215 327 2243; x_wconf 74' lang='lat'><strong>52</strong></span> <span class='ocrx_word' id='word_1_320' title='bbox 341 2221 419 2250; x_wconf 82' lang='lat' dir='ltr'><strong>seqq.</strong></span> 
     </span>
    </p>
   </div>
   <div class='ocr_carea' id='block_1_47' title="bbox 733 101 995 134">
    <p class='ocr_par' dir='ltr' id='par_1_47' title="bbox 733 101 995 134">
     <span class='ocr_line' id='line_1_47' title="bbox 733 101 995 134; baseline 0.004 -1"><span class='ocrx_word' id='word_1_321' title='bbox 733 101 897 133; x_wconf 75' lang='lat' dir='ltr'><strong>HOMILIA</strong></span> <span class='ocrx_word' id='word_1_322' title='bbox 917 103 995 134; x_wconf 75' lang='lat' dir='ltr'><strong>XLI.</strong></span> 
     </span>
    </p>
   </div>
   <div class='ocr_carea' id='block_1_48' title="bbox 897 163 1684 196">
    <p class='ocr_par' dir='ltr' id='par_1_48' title="bbox 897 163 1684 196">
     <span class='ocr_line' id='line_1_48' title="bbox 897 163 1684 196; baseline 0.006 -7"><span class='ocrx_word' id='word_1_323' title='bbox 897 168 1060 190; x_wconf 79' lang='lat' dir='ltr'><strong>extremum.</strong></span> <span class='ocrx_word' id='word_1_324' title='bbox 1099 163 1211 196; x_wconf 79' lang='lat' dir='ltr'><strong>Quando</strong></span> <span class='ocrx_word' id='word_1_325' title='bbox 1239 165 1311 192; x_wconf 81' lang='lat' dir='ltr'><strong>enim</strong></span> <span class='ocrx_word' id='word_1_326' title='bbox 1341 166 1380 193; x_wconf 88' lang='lat' dir='ltr'><strong>sol</strong></span> <span class='ocrx_word' id='word_1_327' title='bbox 1410 166 1572 194; x_wconf 79' lang='lat' dir='ltr'><strong>ferventiora</strong></span> <span class='ocrx_word' id='word_1_328' title='bbox 1605 167 1684 194; x_wconf 82' lang='lat' dir='ltr'><strong>nobis</strong></span> 
     </span>
    </p>
   </div>
   <div class='ocr_carea' id='block_1_49' title="bbox 897 209 1682 246">
    <p class='ocr_par' dir='ltr' id='par_1_49' title="bbox 897 209 1682 246">
     <span class='ocr_line' id='line_1_49' title="bbox 897 209 1682 246; baseline 0.006 -11"><span class='ocrx_word' id='word_1_329' title='bbox 897 209 1031 236; x_wconf 87' lang='lat' dir='ltr'><strong>radiorum</strong></span> <span class='ocrx_word' id='word_1_330' title='bbox 1045 210 1146 243; x_wconf 84' lang='lat' dir='ltr'><strong>spicula</strong></span> <span class='ocrx_word' id='word_1_331' title='bbox 1159 210 1293 243; x_wconf 89' lang='lat' dir='ltr'><strong>immittit,</strong></span> <span class='ocrx_word' id='word_1_332' title='bbox 1302 211 1396 238; x_wconf 89' lang='lat' dir='ltr'><strong>ﬁorttm</strong></span> <span class='ocrx_word' id='word_1_333' title='bbox 1407 212 1499 245; x_wconf 87' lang='lat' dir='ltr'><strong>incipit</strong></span> <span class='ocrx_word' id='word_1_334' title='bbox 1510 212 1682 246; x_wconf 76' lang='lat' dir='ltr'><strong>pulchritudo</strong></span> 
     </span>
    </p>
   </div>
   <div class='ocr_carea' id='block_1_50' title="bbox 897 257 1678 292">
    <p class='ocr_par' dir='ltr' id='par_1_50' title="bbox 897 257 1678 292">
     <span class='ocr_line' id='line_1_50' title="bbox 897 257 1678 292; baseline 0.006 -10"><span class='ocrx_word' id='word_1_335' title='bbox 897 264 1076 290; x_wconf 85' lang='lat' dir='ltr'><strong>marcescere,</strong></span> <span class='ocrx_word' id='word_1_336' title='bbox 1092 265 1124 283; x_wconf 87' lang='lat' dir='ltr'><strong>ac</strong></span> <span class='ocrx_word' id='word_1_337' title='bbox 1136 257 1190 290; x_wconf 88' lang='lat' dir='ltr'><strong>jam</strong></span> <span class='ocrx_word' id='word_1_338' title='bbox 1206 258 1396 285; x_wconf 82' lang='lat' dir='ltr'><strong>suaveolcntes</strong></span> <span class='ocrx_word' id='word_1_339' title='bbox 1412 259 1569 292; x_wconf 71' lang='lat' dir='ltr'><strong>prtetcricre</strong></span> <span class='ocrx_word' id='word_1_340' title='bbox 1585 259 1678 287; x_wconf 85' lang='lat' dir='ltr'><strong>ﬂores:</strong></span> 
     </span>
    </p>
   </div>
   <div class='ocr_carea' id='block_1_51' title="bbox 896 300 1683 336">
    <p class='ocr_par' dir='ltr' id='par_1_51' title="bbox 896 300 1683 336">
     <span class='ocr_line' id='line_1_51' title="bbox 896 300 1683 336; baseline 0.003 -9"><span class='ocrx_word' id='word_1_341' title='bbox 896 300 943 327; x_wconf 87' lang='lat' dir='ltr'><strong>sed</strong></span> <span class='ocrx_word' id='word_1_342' title='bbox 961 307 1054 327; x_wconf 89' lang='lat' dir='ltr'><strong>eorum</strong></span> <span class='ocrx_word' id='word_1_343' title='bbox 1078 306 1248 328; x_wconf 87' lang='lat' dir='ltr'><strong>venustatem</strong></span> <span class='ocrx_word' id='word_1_344' title='bbox 1271 302 1373 336; x_wconf 79' lang='lat' dir='ltr'><strong>excipit</strong></span> <span class='ocrx_word' id='word_1_345' title='bbox 1391 302 1509 329; x_wconf 92' lang='lat' dir='ltr'><strong>Iiliorum</strong></span> <span class='ocrx_word' id='word_1_346' title='bbox 1533 302 1626 329; x_wconf 84' lang='lat' dir='ltr'><strong>decor.</strong></span> <span class='ocrx_word' id='word_1_347' title='bbox 1645 303 1683 330; x_wconf 80' lang='lat' dir='ltr'><strong>Ac</strong></span> 
     </span>
    </p>
   </div>
   <div class='ocr_carea' id='block_1_52' title="bbox 895 346 1683 383">
    <p class='ocr_par' dir='ltr' id='par_1_52' title="bbox 895 346 1683 383">
     <span class='ocr_line' id='line_1_52' title="bbox 895 346 1683 383; baseline 0.004 -11"><span class='ocrx_word' id='word_1_348' title='bbox 895 346 1002 373; x_wconf 86' lang='lat' dir='ltr'><strong>videtur</strong></span> <span class='ocrx_word' id='word_1_349' title='bbox 1021 353 1088 374; x_wconf 88' lang='lat' dir='ltr'><strong>sane</strong></span> <span class='ocrx_word' id='word_1_350' title='bbox 1114 347 1180 374; x_wconf 88' lang='lat' dir='ltr'><strong>tttihi</strong></span> <span class='ocrx_word' id='word_1_351' title='bbox 1204 348 1422 383; x_wconf 79' lang='lat' dir='ltr'><strong>evattgclicarum</strong></span> <span class='ocrx_word' id='word_1_352' title='bbox 1449 348 1595 375; x_wconf 78' lang='lat' dir='ltr'><strong>lectionum</strong></span> <span class='ocrx_word' id='word_1_353' title='bbox 1615 349 1683 376; x_wconf 76' lang='lat' dir='ltr'><strong>ordo</strong></span> 
     </span>
    </p>
   </div>
   <div class='ocr_carea' id='block_1_53' title="bbox 897 392 1684 428">
    <p class='ocr_par' dir='ltr' id='par_1_53' title="bbox 897 392 1684 428">
     <span class='ocr_line' id='line_1_53' title="bbox 897 392 1684 428; baseline 0.004 -10"><span class='ocrx_word' id='word_1_354' title='bbox 897 392 1009 427; x_wconf 87' lang='lat' dir='ltr'><strong>tempori</strong></span> <span class='ocrx_word' id='word_1_355' title='bbox 1023 393 1090 420; x_wconf 88' lang='lat' dir='ltr'><strong>satis</strong></span> <span class='ocrx_word' id='word_1_356' title='bbox 1104 394 1337 427; x_wconf 80' lang='lat' dir='ltr'><strong>aecommodatus,</strong></span> <span class='ocrx_word' id='word_1_357' title='bbox 1349 399 1376 420; x_wconf 90' lang='lat' dir='ltr'><strong>et</strong></span> <span class='ocrx_word' id='word_1_358' title='bbox 1391 398 1451 428; x_wconf 90' lang='lat' dir='ltr'><strong>apta</strong></span> <span class='ocrx_word' id='word_1_359' title='bbox 1467 394 1586 428; x_wconf 86' lang='lat' dir='ltr'><strong>quadam</strong></span> <span class='ocrx_word' id='word_1_360' title='bbox 1612 394 1684 421; x_wconf 85' lang='lat' dir='ltr'><strong>scrie</strong></span> 
     </span>
    </p>
   </div>
   <div class='ocr_carea' id='block_1_54' title="bbox 895 440 1682 474">
    <p class='ocr_par' dir='ltr' id='par_1_54' title="bbox 895 440 1682 474">
     <span class='ocr_line' id='line_1_54' title="bbox 895 440 1682 474; baseline 0.001 -9"><span class='ocrx_word' id='word_1_361' title='bbox 895 443 922 465; x_wconf 90' lang='lat' dir='ltr'><strong>et</strong></span> <span class='ocrx_word' id='word_1_362' title='bbox 938 440 1131 466; x_wconf 77' lang='lat' dir='ltr'><strong>consecutione</strong></span> <span class='ocrx_word' id='word_1_363' title='bbox 1160 441 1326 474; x_wconf 78' lang='lat' dir='ltr'><strong>temporibus</strong></span> <span class='ocrx_word' id='word_1_364' title='bbox 1350 440 1499 467; x_wconf 82' lang='lat' dir='ltr'><strong>doctrinam</strong></span> <span class='ocrx_word' id='word_1_365' title='bbox 1527 440 1682 469; x_wconf 81' lang='lat' dir='ltr'><strong>adnectere.</strong></span> 
     </span>
    </p>
   </div>
   <div class='ocr_carea' id='block_1_55' title="bbox 895 483 1684 522">
    <p class='ocr_par' dir='ltr' id='par_1_55' title="bbox 895 483 1684 522">
     <span class='ocr_line' id='line_1_55' title="bbox 895 483 1684 522; baseline 0.003 -12"><span class='ocrx_word' id='word_1_366' title='bbox 895 483 1027 512; x_wconf 88' lang='lat' dir='ltr'><strong>Nimirum</strong></span> <span class='ocrx_word' id='word_1_367' title='bbox 1044 493 1106 512; x_wconf 90' lang='lat' dir='ltr'><strong>cum</strong></span> <span class='ocrx_word' id='word_1_368' title='bbox 1135 485 1273 520; x_wconf 78' lang='lat' dir='ltr'><strong>Evangelii</strong></span> <span class='ocrx_word' id='word_1_369' title='bbox 1291 485 1405 513; x_wconf 79' lang='lat' dir='ltr'><strong>Joannis</strong></span> <span class='ocrx_word' id='word_1_370' title='bbox 1423 485 1479 522; x_wconf 87' lang='lat' dir='ltr'><strong>(6i)</strong></span> <span class='ocrx_word' id='word_1_371' title='bbox 1495 488 1528 514; x_wconf 88' lang='lat' dir='ltr'><strong>de</strong></span> <span class='ocrx_word' id='word_1_372' title='bbox 1543 487 1684 513; x_wconf 76' lang='lat' dir='ltr'><strong>divinitate</strong></span> 
     </span>
    </p>
   </div>
   <div class='ocr_carea' id='block_1_56' title="bbox 894 530 1684 568">
    <p class='ocr_par' dir='ltr' id='par_1_56' title="bbox 894 530 1684 568">
     <span class='ocr_line' id='line_1_56' title="bbox 894 530 1684 568; baseline 0.003 -11"><span class='ocrx_word' id='word_1_373' title='bbox 894 530 1030 565; x_wconf 86' lang='lat' dir='ltr'><strong>loquentis</strong></span> <span class='ocrx_word' id='word_1_374' title='bbox 1057 532 1138 559; x_wconf 80' lang='lat' dir='ltr'><strong>verba</strong></span> <span class='ocrx_word' id='word_1_375' title='bbox 1173 533 1251 567; x_wconf 89' lang='lat' dir='ltr'><strong>quasi</strong></span> <span class='ocrx_word' id='word_1_376' title='bbox 1279 533 1435 567; x_wconf 85' lang='lat' dir='ltr'><strong>spirituales</strong></span> <span class='ocrx_word' id='word_1_377' title='bbox 1465 533 1684 568; x_wconf 86' lang='lat' dir='ltr'><strong>deeerpserimus</strong></span> 
     </span>
    </p>
   </div>
   <div class='ocr_carea' id='block_1_57' title="bbox 895 577 1684 612">
    <p class='ocr_par' dir='ltr' id='par_1_57' title="bbox 895 577 1684 612">
     <span class='ocr_line' id='line_1_57' title="bbox 895 577 1684 612; baseline 0 -9"><span class='ocrx_word' id='word_1_378' title='bbox 895 583 983 610; x_wconf 84' lang='lat' dir='ltr'><strong>rosas,</strong></span> <span class='ocrx_word' id='word_1_379' title='bbox 1000 577 1080 604; x_wconf 89' lang='lat' dir='ltr'><strong>hodie</strong></span> <span class='ocrx_word' id='word_1_380' title='bbox 1102 578 1135 604; x_wconf 87' lang='lat' dir='ltr'><strong>ad</strong></span> <span class='ocrx_word' id='word_1_381' title='bbox 1155 577 1186 605; x_wconf 90' lang='lat' dir='ltr'><strong>D.</strong></span> <span class='ocrx_word' id='word_1_382' title='bbox 1203 577 1321 605; x_wconf 64' lang='lat' dir='ltr'><strong>Matthaei</strong></span> <span class='ocrx_word' id='word_1_383' title='bbox 1340 577 1425 605; x_wconf 90' lang='lat' dir='ltr'><strong>lilieta</strong></span> <span class='ocrx_word' id='word_1_384' title='bbox 1447 578 1638 612; x_wconf 82' lang='lat' dir='ltr'><strong>progredimur</strong></span> <span class='ocrx_word' id='word_1_385' title='bbox 1656 582 1684 603; x_wconf 90' lang='lat' dir='ltr'><strong>ut</strong></span> 
     </span>
    </p>
   </div>
   <div class='ocr_carea' id='block_1_58' title="bbox 895 623 1685 652">
    <p class='ocr_par' dir='ltr' id='par_1_58' title="bbox 895 623 1685 652">
     <span class='ocr_line' id='line_1_58' title="bbox 895 623 1685 652; baseline 0.003 -3"><span class='ocrx_word' id='word_1_386' title='bbox 895 623 977 649; x_wconf 86' lang='lat' dir='ltr'><strong>verba</strong></span> <span class='ocrx_word' id='word_1_387' title='bbox 1001 623 1102 650; x_wconf 84' lang='lat' dir='ltr'><strong>Christi</strong></span> <span class='ocrx_word' id='word_1_388' title='bbox 1120 625 1153 650; x_wconf 87' lang='lat' dir='ltr'><strong>ad</strong></span> <span class='ocrx_word' id='word_1_389' title='bbox 1177 624 1377 651; x_wconf 72' lang='lat' dir='ltr'><strong>rcttfessionem</strong></span> <span class='ocrx_word' id='word_1_390' title='bbox 1406 625 1447 651; x_wconf 85' lang='lat' dir='ltr'><strong>sui</strong></span> <span class='ocrx_word' id='word_1_391' title='bbox 1475 623 1592 652; x_wconf 79' lang='lat' dir='ltr'><strong>athletas</strong></span> <span class='ocrx_word' id='word_1_392' title='bbox 1619 630 1685 651; x_wconf 87' lang='lat' dir='ltr'><strong>suos</strong></span> 
     </span>
    </p>
   </div>
   <div class='ocr_carea' id='block_1_59' title="bbox 897 669 1577 706">
    <p class='ocr_par' dir='ltr' id='par_1_59' title="bbox 897 669 1577 706">
     <span class='ocr_line' id='line_1_59' title="bbox 897 669 1577 706; baseline 0.001 -10"><span class='ocrx_word' id='word_1_393' title='bbox 897 669 1031 697; x_wconf 85' lang='lat' dir='ltr'><strong>hortantis</strong></span> <span class='ocrx_word' id='word_1_394' title='bbox 1046 670 1125 705; x_wconf 88' lang='lat' dir='ltr'><strong>quasi</strong></span> <span class='ocrx_word' id='word_1_395' title='bbox 1141 671 1285 706; x_wconf 87' lang='lat' dir='ltr'><strong>purissima</strong></span> <span class='ocrx_word' id='word_1_396' title='bbox 1303 671 1358 698; x_wconf 90' lang='lat' dir='ltr'><strong>lilia</strong></span> <span class='ocrx_word' id='word_1_397' title='bbox 1374 670 1532 706; x_wconf 78' lang='lat' dir='ltr'><strong>colligamus</strong></span> <span class='ocrx_word' id='word_1_398' title='bbox 1543 670 1577 697; x_wconf 70' lang='grc' dir='ltr'><strong>πθ.</strong></span> 
     </span>
    </p>
   </div>
   <div class='ocr_carea' id='block_1_60' title="bbox 934 805 1686 842">
    <p class='ocr_par' dir='ltr' id='par_1_60' title="bbox 934 805 1686 842">
     <span class='ocr_line' id='line_1_60' title="bbox 934 805 1686 842; baseline -0.004 -7"><span class='ocrx_word' id='word_1_399' title='bbox 934 817 944 834; x_wconf 79' lang='grc' dir='ltr'><strong>ι</strong></span> <span class='ocrx_word' id='word_1_400' title='bbox 974 807 1047 835; x_wconf 77' lang='lat' dir='ltr'><strong>Dixit</strong></span> <span class='ocrx_word' id='word_1_401' title='bbox 1074 807 1231 835; x_wconf 85' lang='lat' dir='ltr'><strong>Dominus:</strong></span> <span class='ocrx_word' id='word_1_402' title='bbox 1251 806 1416 842; x_wconf 83' lang='lat' dir='ltr'><strong>Quicunque</strong></span> <span class='ocrx_word' id='word_1_403' title='bbox 1442 805 1615 833; x_wconf 75' lang='lat' dir='ltr'><strong>confitebitur</strong></span> <span class='ocrx_word' id='word_1_404' title='bbox 1642 811 1686 832; x_wconf 86' lang='lat' dir='ltr'><strong>me</strong></span> 
     </span>
    </p>
   </div>
   <div class='ocr_carea' id='block_1_61' title="bbox 895 853 1684 887">
    <p class='ocr_par' dir='ltr' id='par_1_61' title="bbox 895 853 1684 887">
     <span class='ocr_line' id='line_1_61' title="bbox 895 853 1684 887; baseline -0.003 -7"><span class='ocrx_word' id='word_1_405' title='bbox 895 861 984 880; x_wconf 88' lang='lat' dir='ltr'><strong>coram</strong></span> <span class='ocrx_word' id='word_1_406' title='bbox 1001 853 1168 886; x_wconf 88' lang='lat' dir='ltr'><strong>hominibus,</strong></span> <span class='ocrx_word' id='word_1_407' title='bbox 1201 853 1354 880; x_wconf 90' lang='lat' dir='ltr'><strong>conﬁtebor</strong></span> <span class='ocrx_word' id='word_1_408' title='bbox 1380 856 1409 880; x_wconf 79' lang='lat' dir='ltr'><strong>et.</strong></span> <span class='ocrx_word' id='word_1_409' title='bbox 1424 859 1475 887; x_wconf 85' lang='lat' dir='ltr'><strong>ego</strong></span> <span class='ocrx_word' id='word_1_410' title='bbox 1503 859 1565 880; x_wconf 92' lang='lat' dir='ltr'><strong>eum</strong></span> <span class='ocrx_word' id='word_1_411' title='bbox 1592 859 1684 878; x_wconf 88' lang='lat' dir='ltr'><strong>coram</strong></span> 
     </span>
    </p>
   </div>
   <div class='ocr_carea' id='block_1_62' title="bbox 894 897 1686 934">
    <p class='ocr_par' dir='ltr' id='par_1_62' title="bbox 894 897 1686 934">
     <span class='ocr_line' id='line_1_62' title="bbox 894 897 1686 934; baseline -0.003 -8"><span class='ocrx_word' id='word_1_412' title='bbox 894 899 974 926; x_wconf 81' lang='lat' dir='ltr'><strong>Patre</strong></span> <span class='ocrx_word' id='word_1_413' title='bbox 987 906 1058 931; x_wconf 83' lang='lat' dir='ltr'><strong>meo,</strong></span> <span class='ocrx_word' id='word_1_414' title='bbox 1073 899 1118 934; x_wconf 92' lang='lat' dir='ltr'><strong>qui</strong></span> <span class='ocrx_word' id='word_1_415' title='bbox 1134 899 1159 926; x_wconf 92' lang='lat' dir='ltr'><strong>in</strong></span> <span class='ocrx_word' id='word_1_416' title='bbox 1173 899 1250 927; x_wconf 73' lang='lat' dir='ltr'><strong>ctelis</strong></span> <span class='ocrx_word' id='word_1_417' title='bbox 1264 904 1318 927; x_wconf 82' lang='lat' dir='ltr'><strong>est.</strong></span> <span class='ocrx_word' id='word_1_418' title='bbox 1334 908 1344 925; x_wconf 76' lang='grc' dir='ltr'><strong>ι</strong></span> <span class='ocrx_word' id='word_1_419' title='bbox 1358 899 1416 927; x_wconf 78' lang='lat' dir='ltr'><strong>Rex</strong></span> <span class='ocrx_word' id='word_1_420' title='bbox 1430 898 1538 934; x_wconf 84' lang='lat' dir='ltr'><strong>quidem</strong></span> <span class='ocrx_word' id='word_1_421' title='bbox 1554 897 1686 925; x_wconf 82' lang='lat' dir='ltr'><strong>adversus</strong></span> 
     </span>
    </p>
   </div>
   <div class='ocr_carea' id='block_1_63' title="bbox 896 945 1685 980">
    <p class='ocr_par' dir='ltr' id='par_1_63' title="bbox 896 945 1685 980">
     <span class='ocr_line' id='line_1_63' title="bbox 896 945 1685 980; baseline 0 -9"><span class='ocrx_word' id='word_1_422' title='bbox 896 945 1038 972; x_wconf 83' lang='lat' dir='ltr'><strong>barbaram</strong></span> <span class='ocrx_word' id='word_1_423' title='bbox 1067 949 1173 980; x_wconf 78' lang='lat' dir='ltr'><strong>gentem</strong></span> <span class='ocrx_word' id='word_1_424' title='bbox 1206 950 1234 973; x_wconf 89' lang='lat' dir='ltr'><strong>et</strong></span> <span class='ocrx_word' id='word_1_425' title='bbox 1263 945 1474 973; x_wconf 80' lang='lat' dir='ltr'><strong>consceleratam</strong></span> <span class='ocrx_word' id='word_1_426' title='bbox 1522 950 1685 978; x_wconf 83' lang='lat' dir='ltr'><strong>comparans</strong></span> 
     </span>
    </p>
   </div>
   <div class='ocr_carea' id='block_1_64' title="bbox 896 990 1685 1026">
    <p class='ocr_par' dir='ltr' id='par_1_64' title="bbox 896 990 1685 1026">
     <span class='ocr_line' id='line_1_64' title="bbox 896 990 1685 1026; baseline -0.001 -9"><span class='ocrx_word' id='word_1_427' title='bbox 896 990 994 1018; x_wconf 90' lang='lat' dir='ltr'><strong>bellum</strong></span> <span class='ocrx_word' id='word_1_428' title='bbox 1010 991 1083 1026; x_wconf 84' lang='lat' dir='ltr'><strong>cogit</strong></span> <span class='ocrx_word' id='word_1_429' title='bbox 1111 996 1139 1018; x_wconf 90' lang='lat' dir='ltr'><strong>ct</strong></span> <span class='ocrx_word' id='word_1_430' title='bbox 1161 991 1309 1019; x_wconf 84' lang='lat' dir='ltr'><strong>conscribit</strong></span> <span class='ocrx_word' id='word_1_431' title='bbox 1330 991 1493 1022; x_wconf 83' lang='lat' dir='ltr'><strong>exercitum,</strong></span> <span class='ocrx_word' id='word_1_432' title='bbox 1506 995 1533 1017; x_wconf 90' lang='lat' dir='ltr'><strong>ct</strong></span> <span class='ocrx_word' id='word_1_433' title='bbox 1552 990 1685 1017; x_wconf 82' lang='lat' dir='ltr'><strong>tationem</strong></span> 
     </span>
    </p>
   </div>
   <div class='ocr_carea' id='block_1_65' title="bbox 895 1037 1684 1073">
    <p class='ocr_par' dir='ltr' id='par_1_65' title="bbox 895 1037 1684 1073">
     <span class='ocr_line' id='line_1_65' title="bbox 895 1037 1684 1073; baseline -0.003 -9"><span class='ocrx_word' id='word_1_434' title='bbox 895 1038 1033 1072; x_wconf 76' lang='lat' dir='ltr'><strong>pugnandi</strong></span> <span class='ocrx_word' id='word_1_435' title='bbox 1050 1038 1186 1072; x_wconf 79' lang='lat' dir='ltr'><strong>proponit,</strong></span> <span class='ocrx_word' id='word_1_436' title='bbox 1201 1043 1228 1065; x_wconf 88' lang='lat' dir='ltr'><strong>et</strong></span> <span class='ocrx_word' id='word_1_437' title='bbox 1244 1038 1356 1065; x_wconf 87' lang='lat' dir='ltr'><strong>donaria</strong></span> <span class='ocrx_word' id='word_1_438' title='bbox 1374 1038 1535 1073; x_wconf 88' lang='lat' dir='ltr'><strong>pollicetur;</strong></span> <span class='ocrx_word' id='word_1_439' title='bbox 1549 1037 1587 1064; x_wconf 86' lang='lat' dir='ltr'><strong>ita</strong></span> <span class='ocrx_word' id='word_1_440' title='bbox 1601 1037 1684 1063; x_wconf 81' lang='lat' dir='ltr'><strong>etiam</strong></span> 
     </span>
    </p>
   </div>
   <div class='ocr_carea' id='block_1_66' title="bbox 896 1080 1684 1118">
    <p class='ocr_par' dir='ltr' id='par_1_66' title="bbox 896 1080 1684 1118">
     <span class='ocr_line' id='line_1_66' title="bbox 896 1080 1684 1118; baseline -0.004 -8"><span class='ocrx_word' id='word_1_441' title='bbox 896 1083 1023 1111; x_wconf 81' lang='lat' dir='ltr'><strong>Christus</strong></span> <span class='ocrx_word' id='word_1_442' title='bbox 1037 1084 1083 1111; x_wconf 89' lang='lat' dir='ltr'><strong>Dei</strong></span> <span class='ocrx_word' id='word_1_443' title='bbox 1099 1084 1184 1111; x_wconf 88' lang='lat' dir='ltr'><strong>Filius</strong></span> <span class='ocrx_word' id='word_1_444' title='bbox 1198 1084 1255 1112; x_wconf 82' lang='lat' dir='ltr'><strong>Rex</strong></span> <span class='ocrx_word' id='word_1_445' title='bbox 1268 1084 1386 1111; x_wconf 84' lang='lat' dir='ltr'><strong>universi</strong></span> <span class='ocrx_word' id='word_1_446' title='bbox 1399 1083 1571 1118; x_wconf 78' lang='lat' dir='ltr'><strong>tyrannidem</strong></span> <span class='ocrx_word' id='word_1_447' title='bbox 1583 1080 1684 1109; x_wconf 87' lang='lat' dir='ltr'><strong>diaboli</strong></span> 
     </span>
    </p>
   </div>
   <div class='ocr_carea' id='block_1_67' title="bbox 898 1128 1684 1164">
    <p class='ocr_par' dir='ltr' id='par_1_67' title="bbox 898 1128 1684 1164">
     <span class='ocr_line' id='line_1_67' title="bbox 898 1128 1684 1164; baseline -0.004 -7"><span class='ocrx_word' id='word_1_448' title='bbox 898 1130 975 1157; x_wconf 86' lang='lat' dir='ltr'><strong>nobis</strong></span> <span class='ocrx_word' id='word_1_449' title='bbox 990 1130 1117 1158; x_wconf 77' lang='lat' dir='ltr'><strong>infestam</strong></span> <span class='ocrx_word' id='word_1_450' title='bbox 1141 1131 1232 1158; x_wconf 83' lang='lat' dir='ltr'><strong>delere</strong></span> <span class='ocrx_word' id='word_1_451' title='bbox 1247 1135 1400 1160; x_wconf 85' lang='lat' dir='ltr'><strong>maturans.</strong></span> <span class='ocrx_word' id='word_1_452' title='bbox 1416 1134 1442 1157; x_wconf 92' lang='lat' dir='ltr'><strong>et</strong></span> <span class='ocrx_word' id='word_1_453' title='bbox 1455 1129 1536 1164; x_wconf 89' lang='lat' dir='ltr'><strong>quasi</strong></span> <span class='ocrx_word' id='word_1_454' title='bbox 1551 1128 1586 1156; x_wconf 85' lang='lat' dir='ltr'><strong>ad</strong></span> <span class='ocrx_word' id='word_1_455' title='bbox 1603 1128 1684 1163; x_wconf 89' lang='lat' dir='ltr'><strong>spiri-</strong></span> 
     </span>
    </p>
   </div>
   <div class='ocr_carea' id='block_1_68' title="bbox 897 1175 1684 1212">
    <p class='ocr_par' dir='ltr' id='par_1_68' title="bbox 897 1175 1684 1212">
     <span class='ocr_line' id='line_1_68' title="bbox 897 1175 1684 1212; baseline -0.003 -10"><span class='ocrx_word' id='word_1_456' title='bbox 897 1176 969 1203; x_wconf 88' lang='lat' dir='ltr'><strong>tuale</strong></span> <span class='ocrx_word' id='word_1_457' title='bbox 984 1180 1120 1203; x_wconf 84' lang='lat' dir='ltr'><strong>certamen</strong></span> <span class='ocrx_word' id='word_1_458' title='bbox 1145 1184 1249 1210; x_wconf 81' lang='lat' dir='ltr'><strong>ungens</strong></span> <span class='ocrx_word' id='word_1_459' title='bbox 1261 1176 1318 1212; x_wconf 73' lang='grc'><strong>(62)</strong></span> <span class='ocrx_word' id='word_1_460' title='bbox 1336 1175 1419 1211; x_wconf 72' lang='grc'><strong>289</strong></span> <span class='ocrx_word' id='word_1_461' title='bbox 1429 1181 1457 1203; x_wconf 86' lang='lat' dir='ltr'><strong>et</strong></span> <span class='ocrx_word' id='word_1_462' title='bbox 1469 1176 1604 1202; x_wconf 84' lang='lat' dir='ltr'><strong>instruens</strong></span> <span class='ocrx_word' id='word_1_463' title='bbox 1614 1180 1684 1207; x_wconf 91' lang='lat' dir='ltr'><strong>quo-</strong></span> 
     </span>
    </p>
   </div>
   <div class='ocr_carea' id='block_1_69' title="bbox 898 1217 1686 1255">
    <p class='ocr_par' dir='ltr' id='par_1_69' title="bbox 898 1217 1686 1255">
     <span class='ocr_line' id='line_1_69' title="bbox 898 1217 1686 1255; baseline -0.003 -8"><span class='ocrx_word' id='word_1_464' title='bbox 898 1218 977 1248; x_wconf 79' lang='lat' dir='ltr'><strong>modo</strong></span> <span class='ocrx_word' id='word_1_465' title='bbox 989 1229 1095 1248; x_wconf 84' lang='lat' dir='ltr'><strong>manum</strong></span> <span class='ocrx_word' id='word_1_466' title='bbox 1109 1229 1170 1248; x_wconf 87' lang='lat' dir='ltr'><strong>cum</strong></span> <span class='ocrx_word' id='word_1_467' title='bbox 1186 1221 1263 1248; x_wconf 87' lang='lat' dir='ltr'><strong>hoste</strong></span> <span class='ocrx_word' id='word_1_468' title='bbox 1276 1228 1420 1248; x_wconf 87' lang='lat' dir='ltr'><strong>conserere</strong></span> <span class='ocrx_word' id='word_1_469' title='bbox 1430 1223 1565 1255; x_wconf 82' lang='lat' dir='ltr'><strong>oporteat,</strong></span> <span class='ocrx_word' id='word_1_470' title='bbox 1576 1217 1686 1246; x_wconf 83' lang='lat' dir='ltr'><strong>confes-</strong></span> 
     </span>
    </p>
   </div>
   <div class='ocr_carea' id='block_1_70' title="bbox 896 1263 1685 1302">
    <p class='ocr_par' dir='ltr' id='par_1_70' title="bbox 896 1263 1685 1302">
     <span class='ocr_line' id='line_1_70' title="bbox 896 1263 1685 1302; baseline -0.004 -9"><span class='ocrx_word' id='word_1_471' title='bbox 896 1267 981 1294; x_wconf 81' lang='lat' dir='ltr'><strong>sionis</strong></span> <span class='ocrx_word' id='word_1_472' title='bbox 992 1268 1075 1294; x_wconf 87' lang='lat' dir='ltr'><strong>artttis</strong></span> <span class='ocrx_word' id='word_1_473' title='bbox 1084 1275 1146 1294; x_wconf 82' lang='lat' dir='ltr'><strong>snas</strong></span> <span class='ocrx_word' id='word_1_474' title='bbox 1159 1268 1252 1302; x_wconf 79' lang='lat' dir='ltr'><strong>copias</strong></span> <span class='ocrx_word' id='word_1_475' title='bbox 1264 1267 1362 1299; x_wconf 84' lang='lat' dir='ltr'><strong>munit,</strong></span> <span class='ocrx_word' id='word_1_476' title='bbox 1375 1267 1487 1294; x_wconf 83' lang='lat' dir='ltr'><strong>dicens:</strong></span> <span class='ocrx_word' id='word_1_477' title='bbox 1499 1264 1610 1292; x_wconf 65' lang='lat' dir='ltr'><strong>«Omnis</strong></span> <span class='ocrx_word' id='word_1_478' title='bbox 1622 1263 1685 1298; x_wconf 86' lang='lat' dir='ltr'><strong>qui-</strong></span> 
     </span>
    </p>
   </div>
   <div class='ocr_carea' id='block_1_71' title="bbox 896 1310 1685 1354">
    <p class='ocr_par' dir='ltr' id='par_1_71' title="bbox 896 1310 1685 1354">
     <span class='ocr_line' id='line_1_71' title="bbox 896 1310 1685 1354; baseline -0.005 -14"><span class='ocrx_word' id='word_1_479' title='bbox 896 1320 1003 1348; x_wconf 89' lang='lat' dir='ltr'><strong>cunque</strong></span> <span class='ocrx_word' id='word_1_480' title='bbox 1012 1313 1184 1341; x_wconf 86' lang='lat' dir='ltr'><strong>c0nﬁtebitur</strong></span> <span class='ocrx_word' id='word_1_481' title='bbox 1196 1322 1238 1341; x_wconf 90' lang='lat' dir='ltr'><strong>tne</strong></span> <span class='ocrx_word' id='word_1_482' title='bbox 1250 1321 1343 1340; x_wconf 89' lang='lat' dir='ltr'><strong>coram</strong></span> <span class='ocrx_word' id='word_1_483' title='bbox 1357 1313 1522 1343; x_wconf 87' lang='lat' dir='ltr'><strong>hominibus.</strong></span> <span class='ocrx_word' id='word_1_484' title='bbox 1533 1310 1685 1354; x_wconf 73' lang='lat' dir='ltr'><strong>conﬁtebor</strong></span> 
     </span>
    </p>
   </div>
   <div class='ocr_carea' id='block_1_72' title="bbox 896 1357 1684 1394">
    <p class='ocr_par' dir='ltr' id='par_1_72' title="bbox 896 1357 1684 1394">
     <span class='ocr_line' id='line_1_72' title="bbox 896 1357 1684 1394; baseline -0.004 -7"><span class='ocrx_word' id='word_1_485' title='bbox 896 1363 923 1387; x_wconf 83' lang='lat' dir='ltr'><strong>et</strong></span> <span class='ocrx_word' id='word_1_486' title='bbox 938 1366 987 1394; x_wconf 82' lang='lat' dir='ltr'><strong>ego</strong></span> <span class='ocrx_word' id='word_1_487' title='bbox 1002 1367 1075 1388; x_wconf 89' lang='lat' dir='ltr'><strong>eum.</strong></span> <span class='ocrx_word' id='word_1_488' title='bbox 1091 1369 1100 1385; x_wconf 74' lang='grc' dir='ltr'><strong>ι</strong></span> <span class='ocrx_word' id='word_1_489' title='bbox 1120 1359 1178 1386; x_wconf 85' lang='lat' dir='ltr'><strong>Non</strong></span> <span class='ocrx_word' id='word_1_490' title='bbox 1189 1364 1240 1392; x_wconf 83' lang='lat' dir='ltr'><strong>sat,</strong></span> <span class='ocrx_word' id='word_1_491' title='bbox 1261 1359 1360 1394; x_wconf 90' lang='lat' dir='ltr'><strong>inquit,</strong></span> <span class='ocrx_word' id='word_1_492' title='bbox 1375 1359 1464 1387; x_wconf 80' lang='lat' dir='ltr'><strong>habeo</strong></span> <span class='ocrx_word' id='word_1_493' title='bbox 1480 1358 1577 1386; x_wconf 87' lang='lat' dir='ltr'><strong>mentis</strong></span> <span class='ocrx_word' id='word_1_494' title='bbox 1593 1357 1684 1390; x_wconf 80' lang='lat' dir='ltr'><strong>ﬁdem,</strong></span> 
     </span>
    </p>
   </div>
   <div class='ocr_carea' id='block_1_73' title="bbox 897 1402 1683 1432">
    <p class='ocr_par' dir='ltr' id='par_1_73' title="bbox 897 1402 1683 1432">
     <span class='ocr_line' id='line_1_73' title="bbox 897 1402 1683 1432; baseline -0.003 -1"><span class='ocrx_word' id='word_1_495' title='bbox 897 1405 945 1432; x_wconf 85' lang='lat' dir='ltr'><strong>sed</strong></span> <span class='ocrx_word' id='word_1_496' title='bbox 973 1405 1056 1431; x_wconf 88' lang='lat' dir='ltr'><strong>anitni</strong></span> <span class='ocrx_word' id='word_1_497' title='bbox 1085 1405 1206 1432; x_wconf 85' lang='lat' dir='ltr'><strong>libertati</strong></span> <span class='ocrx_word' id='word_1_498' title='bbox 1234 1412 1354 1432; x_wconf 86' lang='lat' dir='ltr'><strong>consona</strong></span> <span class='ocrx_word' id='word_1_499' title='bbox 1383 1404 1466 1432; x_wconf 85' lang='lat' dir='ltr'><strong>etiam</strong></span> <span class='ocrx_word' id='word_1_500' title='bbox 1499 1403 1579 1431; x_wconf 85' lang='lat' dir='ltr'><strong>verba</strong></span> <span class='ocrx_word' id='word_1_501' title='bbox 1611 1402 1683 1429; x_wconf 81' lang='lat' dir='ltr'><strong>volo.</strong></span> 
     </span>
    </p>
   </div>
   <div class='ocr_carea' id='block_1_74' title="bbox 897 1447 1684 1485">
    <p class='ocr_par' dir='ltr' id='par_1_74' title="bbox 897 1447 1684 1485">
     <span class='ocr_line' id='line_1_74' title="bbox 897 1447 1684 1485; baseline -0.005 -7"><span class='ocrx_word' id='word_1_502' title='bbox 897 1449 1066 1485; x_wconf 86' lang='lat' dir='ltr'><strong>Loquacium</strong></span> <span class='ocrx_word' id='word_1_503' title='bbox 1078 1451 1150 1478; x_wconf 79' lang='lat' dir='ltr'><strong>enim</strong></span> <span class='ocrx_word' id='word_1_504' title='bbox 1173 1456 1199 1477; x_wconf 91' lang='lat' dir='ltr'><strong>et</strong></span> <span class='ocrx_word' id='word_1_505' title='bbox 1214 1451 1391 1485; x_wconf 89' lang='lat' dir='ltr'><strong>impostorum</strong></span> <span class='ocrx_word' id='word_1_506' title='bbox 1406 1449 1547 1477; x_wconf 86' lang='lat' dir='ltr'><strong>hominum</strong></span> <span class='ocrx_word' id='word_1_507' title='bbox 1566 1453 1619 1480; x_wconf 85' lang='lat' dir='ltr'><strong>est,</strong></span> <span class='ocrx_word' id='word_1_508' title='bbox 1632 1447 1684 1474; x_wconf 87' lang='lat' dir='ltr'><strong>alia</strong></span> 
     </span>
    </p>
   </div>
   <div class='ocr_carea' id='block_1_75' title="bbox 898 1496 1684 1531">
    <p class='ocr_par' dir='ltr' id='par_1_75' title="bbox 898 1496 1684 1531">
     <span class='ocr_line' id='line_1_75' title="bbox 898 1496 1684 1531; baseline -0.005 -8"><span class='ocrx_word' id='word_1_509' title='bbox 898 1497 989 1523; x_wconf 84' lang='lat' dir='ltr'><strong>clausa</strong></span> <span class='ocrx_word' id='word_1_510' title='bbox 1010 1497 1035 1523; x_wconf 89' lang='lat' dir='ltr'><strong>in</strong></span> <span class='ocrx_word' id='word_1_511' title='bbox 1055 1502 1172 1531; x_wconf 85' lang='lat' dir='ltr'><strong>pectore.</strong></span> <span class='ocrx_word' id='word_1_512' title='bbox 1194 1497 1245 1524; x_wconf 83' lang='lat' dir='ltr'><strong>alia</strong></span> <span class='ocrx_word' id='word_1_513' title='bbox 1270 1497 1295 1524; x_wconf 92' lang='lat' dir='ltr'><strong>in</strong></span> <span class='ocrx_word' id='word_1_514' title='bbox 1322 1496 1411 1530; x_wconf 84' lang='lat' dir='ltr'><strong>lingua</strong></span> <span class='ocrx_word' id='word_1_515' title='bbox 1430 1496 1530 1523; x_wconf 86' lang='lat' dir='ltr'><strong>habere</strong></span> <span class='ocrx_word' id='word_1_516' title='bbox 1550 1498 1684 1529; x_wconf 85' lang='lat' dir='ltr'><strong>prompta.</strong></span> 
     </span>
    </p>
   </div>
   <div class='ocr_carea' id='block_1_76' title="bbox 898 1540 1687 1577">
    <p class='ocr_par' dir='ltr' id='par_1_76' title="bbox 898 1540 1687 1577">
     <span class='ocr_line' id='line_1_76' title="bbox 898 1540 1687 1577; baseline -0.003 -9"><span class='ocrx_word' id='word_1_517' title='bbox 898 1541 997 1569; x_wconf 89' lang='lat' dir='ltr'><strong>Eorum</strong></span> <span class='ocrx_word' id='word_1_518' title='bbox 1011 1546 1085 1574; x_wconf 72' lang='lat' dir='ltr'><strong>Vero.</strong></span> <span class='ocrx_word' id='word_1_519' title='bbox 1101 1543 1145 1577; x_wconf 93' lang='lat' dir='ltr'><strong>qui</strong></span> <span class='ocrx_word' id='word_1_520' title='bbox 1160 1543 1235 1570; x_wconf 90' lang='lat' dir='ltr'><strong>liberi</strong></span> <span class='ocrx_word' id='word_1_521' title='bbox 1250 1550 1310 1570; x_wconf 89' lang='lat' dir='ltr'><strong>esse</strong></span> <span class='ocrx_word' id='word_1_522' title='bbox 1324 1546 1477 1577; x_wconf 70' lang='lat' dir='ltr'><strong>cmperunt,</strong></span> <span class='ocrx_word' id='word_1_523' title='bbox 1489 1540 1561 1568; x_wconf 84' lang='lat' dir='ltr'><strong>velut</strong></span> <span class='ocrx_word' id='word_1_524' title='bbox 1581 1540 1687 1574; x_wconf 73' lang='lat' dir='ltr'><strong>insigne</strong></span> 
     </span>
    </p>
   </div>
   <div class='ocr_carea' id='block_1_77' title="bbox 897 1586 1686 1623">
    <p class='ocr_par' dir='ltr' id='par_1_77' title="bbox 897 1586 1686 1623">
     <span class='ocr_line' id='line_1_77' title="bbox 897 1586 1686 1623; baseline -0.003 -9"><span class='ocrx_word' id='word_1_525' title='bbox 897 1588 1032 1622; x_wconf 84' lang='lat' dir='ltr'><strong>quoddam</strong></span> <span class='ocrx_word' id='word_1_526' title='bbox 1047 1594 1087 1616; x_wconf 90' lang='lat' dir='ltr'><strong>est</strong></span> <span class='ocrx_word' id='word_1_527' title='bbox 1102 1589 1244 1616; x_wconf 87' lang='lat' dir='ltr'><strong>veritatem</strong></span> <span class='ocrx_word' id='word_1_528' title='bbox 1256 1588 1338 1616; x_wconf 88' lang='lat' dir='ltr'><strong>libere</strong></span> <span class='ocrx_word' id='word_1_529' title='bbox 1348 1587 1480 1623; x_wconf 84' lang='lat' dir='ltr'><strong>proﬁteri.</strong></span> <span class='ocrx_word' id='word_1_530' title='bbox 1502 1596 1512 1613; x_wconf 81' lang='grc' dir='ltr'><strong>ι</strong></span> <span class='ocrx_word' id='word_1_531' title='bbox 1527 1586 1686 1620; x_wconf 85' lang='lat' dir='ltr'><strong>Quicunque</strong></span> 
     </span>
    </p>
   </div>
   <div class='ocr_carea' id='block_1_78' title="bbox 897 1633 1687 1673">
    <p class='ocr_par' dir='ltr' id='par_1_78' title="bbox 897 1633 1687 1673">
     <span class='ocr_line' id='line_1_78' title="bbox 897 1633 1687 1673; baseline -0.004 -12"><span class='ocrx_word' id='word_1_532' title='bbox 897 1635 1072 1673; x_wconf 80' lang='lat' dir='ltr'><strong>conﬁtebitur</strong></span> <span class='ocrx_word' id='word_1_533' title='bbox 1108 1643 1150 1662; x_wconf 92' lang='lat' dir='ltr'><strong>me</strong></span> <span class='ocrx_word' id='word_1_534' title='bbox 1182 1643 1272 1663; x_wconf 89' lang='lat' dir='ltr'><strong>eoratn</strong></span> <span class='ocrx_word' id='word_1_535' title='bbox 1300 1635 1465 1663; x_wconf 82' lang='lat' dir='ltr'><strong>hominibus.</strong></span> <span class='ocrx_word' id='word_1_536' title='bbox 1483 1643 1493 1660; x_wconf 83' lang='lat' dir='ltr'><strong>I</strong></span> <span class='ocrx_word' id='word_1_537' title='bbox 1511 1633 1569 1661; x_wconf 82' lang='lat' dir='ltr'><strong>Non</strong></span> <span class='ocrx_word' id='word_1_538' title='bbox 1601 1633 1687 1666; x_wconf 86' lang='lat' dir='ltr'><strong>probo</strong></span> 
     </span>
    </p>
   </div>
   <div class='ocr_carea' id='block_1_79' title="bbox 897 1680 1686 1716">
    <p class='ocr_par' dir='ltr' id='par_1_79' title="bbox 897 1680 1686 1716">
     <span class='ocr_line' id='line_1_79' title="bbox 897 1680 1686 1716; baseline -0.003 -9"><span class='ocrx_word' id='word_1_539' title='bbox 897 1681 1070 1708; x_wconf 88' lang='lat' dir='ltr'><strong>meticulosos</strong></span> <span class='ocrx_word' id='word_1_540' title='bbox 1094 1682 1204 1714; x_wconf 84' lang='lat' dir='ltr'><strong>milites,</strong></span> <span class='ocrx_word' id='word_1_541' title='bbox 1224 1682 1358 1716; x_wconf 88' lang='lat' dir='ltr'><strong>ﬁdemque</strong></span> <span class='ocrx_word' id='word_1_542' title='bbox 1390 1680 1549 1715; x_wconf 84' lang='lat' dir='ltr'><strong>quamtnihi</strong></span> <span class='ocrx_word' id='word_1_543' title='bbox 1575 1686 1686 1707; x_wconf 83' lang='lat' dir='ltr'><strong>servare</strong></span> 
     </span>
    </p>
   </div>
   <div class='ocr_carea' id='block_1_80' title="bbox 897 1727 1687 1763">
    <p class='ocr_par' dir='ltr' id='par_1_80' title="bbox 897 1727 1687 1763">
     <span class='ocr_line' id='line_1_80' title="bbox 897 1727 1687 1763; baseline -0.004 -9"><span class='ocrx_word' id='word_1_544' title='bbox 897 1727 1007 1759; x_wconf 90' lang='lat' dir='ltr'><strong>debent,</strong></span> <span class='ocrx_word' id='word_1_545' title='bbox 1032 1728 1122 1755; x_wconf 85' lang='lat' dir='ltr'><strong>verbis</strong></span> <span class='ocrx_word' id='word_1_546' title='bbox 1145 1728 1453 1763; x_wconf 85' lang='lat' dir='ltr'><strong>prodetttes;quotquot</strong></span> <span class='ocrx_word' id='word_1_547' title='bbox 1477 1734 1597 1754; x_wconf 90' lang='lat' dir='ltr'><strong>meorum</strong></span> <span class='ocrx_word' id='word_1_548' title='bbox 1618 1733 1687 1760; x_wconf 76' lang='lat' dir='ltr'><strong>prae-</strong></span> 
     </span>
    </p>
   </div>
   <div class='ocr_carea' id='block_1_81' title="bbox 897 1771 1686 1808">
    <p class='ocr_par' dir='ltr' id='par_1_81' title="bbox 897 1771 1686 1808">
     <span class='ocr_line' id='line_1_81' title="bbox 897 1771 1686 1808; baseline -0.001 -9"><span class='ocrx_word' id='word_1_549' title='bbox 897 1774 1014 1800; x_wconf 88' lang='lat' dir='ltr'><strong>miorum</strong></span> <span class='ocrx_word' id='word_1_550' title='bbox 1028 1779 1167 1808; x_wconf 87' lang='lat' dir='ltr'><strong>compotes</strong></span> <span class='ocrx_word' id='word_1_551' title='bbox 1183 1773 1240 1800; x_wconf 91' lang='lat' dir='ltr'><strong>ﬁeri</strong></span> <span class='ocrx_word' id='word_1_552' title='bbox 1259 1773 1382 1808; x_wconf 91' lang='lat' dir='ltr'><strong>cupiunt,</strong></span> <span class='ocrx_word' id='word_1_553' title='bbox 1399 1773 1495 1800; x_wconf 88' lang='lat' dir='ltr'><strong>illustri</strong></span> <span class='ocrx_word' id='word_1_554' title='bbox 1513 1771 1686 1800; x_wconf 82' lang='lat' dir='ltr'><strong>confessione</strong></span> 
     </span>
    </p>
   </div>
   <div class='ocr_carea' id='block_1_82' title="bbox 896 1817 1686 1854">
    <p class='ocr_par' dir='ltr' id='par_1_82' title="bbox 896 1817 1686 1854">
     <span class='ocr_line' id='line_1_82' title="bbox 896 1817 1686 1854; baseline -0.001 -9"><span class='ocrx_word' id='word_1_555' title='bbox 896 1819 1039 1846; x_wconf 88' lang='lat' dir='ltr'><strong>Dominutn</strong></span> <span class='ocrx_word' id='word_1_556' title='bbox 1062 1820 1309 1854; x_wconf 59' lang='lat' dir='ltr'><strong>pradicentsuum,</strong></span> <span class='ocrx_word' id='word_1_557' title='bbox 1324 1823 1353 1846; x_wconf 95' lang='lat' dir='ltr'><strong>ut</strong></span> <span class='ocrx_word' id='word_1_558' title='bbox 1369 1819 1405 1846; x_wconf 91' lang='lat' dir='ltr'><strong>ita</strong></span> <span class='ocrx_word' id='word_1_559' title='bbox 1421 1826 1482 1846; x_wconf 87' lang='lat' dir='ltr'><strong>cum</strong></span> <span class='ocrx_word' id='word_1_560' title='bbox 1500 1817 1686 1851; x_wconf 73' lang='lat' dir='ltr'><strong>magnanimos</strong></span> 
     </span>
    </p>
   </div>
   <div class='ocr_carea' id='block_1_83' title="bbox 897 1863 1684 1900">
    <p class='ocr_par' dir='ltr' id='par_1_83' title="bbox 897 1863 1684 1900">
     <span class='ocr_line' id='line_1_83' title="bbox 897 1863 1684 1900; baseline -0.005 -8"><span class='ocrx_word' id='word_1_561' title='bbox 897 1865 923 1892; x_wconf 92' lang='lat' dir='ltr'><strong>in</strong></span> <span class='ocrx_word' id='word_1_562' title='bbox 947 1872 991 1892; x_wconf 91' lang='lat' dir='ltr'><strong>me</strong></span> <span class='ocrx_word' id='word_1_563' title='bbox 1015 1865 1166 1893; x_wconf 80' lang='lat' dir='ltr'><strong>conﬁtendo</strong></span> <span class='ocrx_word' id='word_1_564' title='bbox 1192 1866 1304 1900; x_wconf 88' lang='lat' dir='ltr'><strong>spiritus</strong></span> <span class='ocrx_word' id='word_1_565' title='bbox 1327 1865 1506 1897; x_wconf 87' lang='lat' dir='ltr'><strong>ostenderint,</strong></span> <span class='ocrx_word' id='word_1_566' title='bbox 1527 1863 1684 1898; x_wconf 66' lang='lat' dir='ltr'><strong>praeclaram</strong></span> 
     </span>
    </p>
   </div>
   <div class='ocr_carea' id='block_1_84' title="bbox 897 1909 1688 1944">
    <p class='ocr_par' dir='ltr' id='par_1_84' title="bbox 897 1909 1688 1944">
     <span class='ocr_line' id='line_1_84' title="bbox 897 1909 1688 1944; baseline -0.003 -7"><span class='ocrx_word' id='word_1_567' title='bbox 897 1910 978 1938; x_wconf 81' lang='lat' dir='ltr'><strong>etiam</strong></span> <span class='ocrx_word' id='word_1_568' title='bbox 1005 1911 1250 1939; x_wconf 89' lang='lat' dir='ltr'><strong>remunerationem</strong></span> <span class='ocrx_word' id='word_1_569' title='bbox 1272 1911 1422 1939; x_wconf 83' lang='lat' dir='ltr'><strong>obtineant.</strong></span> <span class='ocrx_word' id='word_1_570' title='bbox 1437 1910 1504 1944; x_wconf 62' lang='lat' dir='ltr'><strong>Quae</strong></span> <span class='ocrx_word' id='word_1_571' title='bbox 1528 1917 1592 1937; x_wconf 86' lang='lat' dir='ltr'><strong>vero</strong></span> <span class='ocrx_word' id='word_1_572' title='bbox 1609 1909 1688 1936; x_wconf 82' lang='lat' dir='ltr'><strong>ha-c?</strong></span> 
     </span>
    </p>
   </div>
   <div class='ocr_carea' id='block_1_85' title="bbox 900 1954 1685 1992">
    <p class='ocr_par' dir='ltr' id='par_1_85' title="bbox 900 1954 1685 1992">
     <span class='ocr_line' id='line_1_85' title="bbox 900 1954 1685 1992; baseline -0.004 -9"><span class='ocrx_word' id='word_1_573' title='bbox 900 1966 909 1983; x_wconf 78' lang='grc' dir='ltr'><strong>ι</strong></span> <span class='ocrx_word' id='word_1_574' title='bbox 933 1956 1090 1984; x_wconf 86' lang='lat' dir='ltr'><strong>Conﬁtebor</strong></span> <span class='ocrx_word' id='word_1_575' title='bbox 1102 1961 1130 1984; x_wconf 90' lang='lat' dir='ltr'><strong>et</strong></span> <span class='ocrx_word' id='word_1_576' title='bbox 1145 1964 1195 1992; x_wconf 89' lang='lat' dir='ltr'><strong>ego</strong></span> <span class='ocrx_word' id='word_1_577' title='bbox 1208 1964 1269 1984; x_wconf 91' lang='lat' dir='ltr'><strong>eum</strong></span> <span class='ocrx_word' id='word_1_578' title='bbox 1287 1963 1381 1984; x_wconf 88' lang='lat' dir='ltr'><strong>coram</strong></span> <span class='ocrx_word' id='word_1_579' title='bbox 1401 1956 1480 1983; x_wconf 83' lang='lat' dir='ltr'><strong>Patre</strong></span> <span class='ocrx_word' id='word_1_580' title='bbox 1498 1962 1558 1982; x_wconf 89' lang='lat' dir='ltr'><strong>meo</strong></span> <span class='ocrx_word' id='word_1_581' title='bbox 1570 1975 1578 1988; x_wconf 90' lang='lat'><strong>,</strong></span> <span class='ocrx_word' id='word_1_582' title='bbox 1599 1954 1643 1988; x_wconf 89' lang='lat' dir='ltr'><strong>qui</strong></span> <span class='ocrx_word' id='word_1_583' title='bbox 1659 1955 1685 1981; x_wconf 89' lang='lat' dir='ltr'><strong>in</strong></span> 
     </span>
    </p>
   </div>
   <div class='ocr_carea' id='block_1_86' title="bbox 898 2002 1071 2030">
    <p class='ocr_par' dir='ltr' id='par_1_86' title="bbox 898 2002 1071 2030">
     <span class='ocr_line' id='line_1_86' title="bbox 898 2002 1071 2030; baseline -0.012 0"><span class='ocrx_word' id='word_1_584' title='bbox 898 2002 975 2030; x_wconf 85' lang='lat' dir='ltr'><strong>ccelis</strong></span> <span class='ocrx_word' id='word_1_585' title='bbox 991 2007 1043 2030; x_wconf 88' lang='lat' dir='ltr'><strong>est.</strong></span> <span class='ocrx_word' id='word_1_586' title='bbox 1062 2012 1071 2028; x_wconf 76' lang='grc' dir='ltr'><strong>ι</strong></span> 
     </span>
    </p>
   </div>
   <div class='ocr_carea' id='block_1_87' title="bbox 938 2145 1687 2181">
    <p class='ocr_par' dir='ltr' id='par_1_87' title="bbox 938 2145 1687 2181">
     <span class='ocr_line' id='line_1_87' title="bbox 938 2145 1687 2181; baseline -0.004 -6"><span class='ocrx_word' id='word_1_587' title='bbox 938 2145 990 2175; x_wconf 88' lang='lat' dir='ltr'><strong>Sed</strong></span> <span class='ocrx_word' id='word_1_588' title='bbox 1010 2154 1045 2174; x_wconf 87' lang='lat' dir='ltr'><strong>ne</strong></span> <span class='ocrx_word' id='word_1_589' title='bbox 1062 2150 1253 2181; x_wconf 69' lang='lat' dir='ltr'><strong>prmtcreantus</strong></span> <span class='ocrx_word' id='word_1_590' title='bbox 1279 2146 1407 2173; x_wconf 89' lang='lat' dir='ltr'><strong>latentem</strong></span> <span class='ocrx_word' id='word_1_591' title='bbox 1431 2145 1457 2173; x_wconf 93' lang='lat' dir='ltr'><strong>in</strong></span> <span class='ocrx_word' id='word_1_592' title='bbox 1474 2145 1524 2174; x_wconf 87' lang='lat' dir='ltr'><strong>hoc</strong></span> <span class='ocrx_word' id='word_1_593' title='bbox 1541 2145 1615 2173; x_wconf 89' lang='lat' dir='ltr'><strong>dicto</strong></span> <span class='ocrx_word' id='word_1_594' title='bbox 1638 2145 1687 2172; x_wconf 92' lang='lat' dir='ltr'><strong>do-</strong></span> 
     </span>
    </p>
   </div>
   <div class='ocr_carea' id='block_1_88' title="bbox 673 2269 1069 2300">
    <p class='ocr_par' dir='ltr' id='par_1_88' title="bbox 673 2269 1069 2300">
     <span class='ocr_line' id='line_1_88' title="bbox 673 2269 1069 2300; baseline -0.003 0"><span class='ocrx_word' id='word_1_595' title='bbox 673 2269 833 2300; x_wconf 88' lang='lat' dir='ltr'><strong>Francisci</strong></span> <span class='ocrx_word' id='word_1_596' title='bbox 853 2269 959 2300; x_wconf 90' lang='lat' dir='ltr'><strong>Scorsi</strong></span> <span class='ocrx_word' id='word_1_597' title='bbox 975 2271 1069 2300; x_wconf 73' lang='lat' dir='ltr'><strong>notae.</strong></span> 
     </span>
    </p>
   </div>
   <div class='ocr_carea' id='block_1_89' title="bbox 86 2329 845 2366">
    <p class='ocr_par' dir='ltr' id='par_1_89' title="bbox 86 2329 845 2366">
     <span class='ocr_line' id='line_1_89' title="bbox 86 2329 845 2366; baseline 0.001 -8"><span class='ocrx_word' id='word_1_598' title='bbox 86 2331 149 2366; x_wconf 83' lang='lat'>(6|)</span> <span class='ocrx_word' id='word_1_599' title='bbox 169 2330 304 2366; x_wconf 74' lang='lat' dir='ltr'><strong>Evangelii</strong></span> <span class='ocrx_word' id='word_1_600' title='bbox 327 2329 538 2366; x_wconf 40' lang='grc' dir='ltr'>Ιρωιηίεηρυιιε</span> <span class='ocrx_word' id='word_1_601' title='bbox 563 2330 700 2366; x_wconf 85' lang='lat' dir='ltr'><strong>pertinent</strong></span> <span class='ocrx_word' id='word_1_602' title='bbox 723 2331 756 2358; x_wconf 86' lang='lat' dir='ltr'><strong>ad</strong></span> <span class='ocrx_word' id='word_1_603' title='bbox 776 2332 845 2359; x_wconf 91' lang='lat' dir='ltr'><strong>hanc</strong></span> 
     </span>
    </p>
   </div>
   <div class='ocr_carea' id='block_1_90' title="bbox 936 2329 1687 2366">
    <p class='ocr_par' dir='ltr' id='par_1_90' title="bbox 938 2329 1687 2366">
     <span class='ocr_line' id='line_1_90' title="bbox 938 2329 1687 2366; baseline 0 -9"><span class='ocrx_word' id='word_1_604' title='bbox 938 2330 1023 2361; x_wconf 82' lang='grc' dir='ltr'>αστὰς</span> <span class='ocrx_word' id='word_1_605' title='bbox 1040 2330 1188 2366; x_wconf 81' lang='lat' dir='ltr'><strong>vocabant;</strong></span> <span class='ocrx_word' id='word_1_606' title='bbox 1204 2330 1275 2357; x_wconf 87' lang='lat' dir='ltr'><strong>unde</strong></span> <span class='ocrx_word' id='word_1_607' title='bbox 1286 2333 1312 2357; x_wconf 86' lang='lat' dir='ltr'><strong>et</strong></span> <span class='ocrx_word' id='word_1_608' title='bbox 1328 2330 1548 2365; x_wconf 85' lang='grc' dir='ltr'>γυμνασιάρχης,</span> <span class='ocrx_word' id='word_1_609' title='bbox 1556 2329 1610 2366; x_wconf 83' lang='lat' dir='ltr'><strong>qui</strong></span> <span class='ocrx_word' id='word_1_610' title='bbox 1639 2329 1687 2357; x_wconf 88' lang='lat' dir='ltr'><strong>toti</strong></span> 
     </span>
    </p>
   </div>
   <div class='ocr_carea' id='block_1_91' title="bbox 42 2365 846 2398">
    <p class='ocr_par' dir='ltr' id='par_1_91' title="bbox 42 2365 846 2398">
     <span class='ocr_line' id='line_1_91' title="bbox 42 2365 846 2398; baseline -0.001 -4"><span class='ocrx_word' id='word_1_611' title='bbox 42 2365 221 2396; x_wconf 66' lang='grc' dir='ltr'>ἀκολουθίαν</span> <span class='ocrx_word' id='word_1_612' title='bbox 232 2365 436 2397; x_wconf 81' lang='lat' dir='ltr'><strong>Evangeliorum</strong></span> <span class='ocrx_word' id='word_1_613' title='bbox 451 2365 521 2393; x_wconf 84' lang='lat' dir='ltr'><strong>dicta</strong></span> <span class='ocrx_word' id='word_1_614' title='bbox 535 2370 598 2393; x_wconf 88' lang='lat' dir='ltr'><strong>sunt</strong></span> <span class='ocrx_word' id='word_1_615' title='bbox 612 2365 646 2392; x_wconf 88' lang='lat' dir='ltr'><strong>ab</strong></span> <span class='ocrx_word' id='word_1_616' title='bbox 661 2366 718 2398; x_wconf 89' lang='lat' dir='ltr'><strong>ipso</strong></span> <span class='ocrx_word' id='word_1_617' title='bbox 734 2371 846 2394; x_wconf 81' lang='lat' dir='ltr'><strong>auctore</strong></span> 
     </span>
    </p>
   </div>
   <div class='ocr_carea' id='block_1_92' title="bbox 43 2400 848 2436">
    <p class='ocr_par' dir='ltr' id='par_1_92' title="bbox 43 2400 848 2436">
     <span class='ocr_line' id='line_1_92' title="bbox 43 2400 848 2436; baseline -0.001 -7"><span class='ocrx_word' id='word_1_618' title='bbox 43 2405 132 2431; x_wconf 87' lang='lat' dir='ltr'><strong>hom.</strong></span> <span class='ocrx_word' id='word_1_619' title='bbox 153 2409 213 2435; x_wconf 64' lang='lat' dir='ltr'><strong>qum</strong></span> <span class='ocrx_word' id='word_1_620' title='bbox 235 2405 282 2436; x_wconf 79' lang='lat' dir='ltr'><strong>est</strong></span> <span class='ocrx_word' id='word_1_621' title='bbox 297 2400 393 2427; x_wconf 90' lang='lat' dir='ltr'><strong>ordine</strong></span> <span class='ocrx_word' id='word_1_622' title='bbox 412 2400 527 2435; x_wconf 87' lang='lat' dir='ltr'><strong>quinta,</strong></span> <span class='ocrx_word' id='word_1_623' title='bbox 548 2404 575 2427; x_wconf 89' lang='lat' dir='ltr'><strong>et</strong></span> <span class='ocrx_word' id='word_1_624' title='bbox 601 2401 636 2428; x_wconf 85' lang='lat' dir='ltr'><strong>ibi</strong></span> <span class='ocrx_word' id='word_1_625' title='bbox 660 2401 760 2436; x_wconf 88' lang='lat' dir='ltr'><strong>aliquid</strong></span> <span class='ocrx_word' id='word_1_626' title='bbox 791 2400 848 2429; x_wconf 80' lang='lat' dir='ltr'><strong>for-</strong></span> 
     </span>
    </p>
   </div>
   <div class='ocr_carea' id='block_1_93' title="bbox 44 2435 356 2465">
    <p class='ocr_par' dir='ltr' id='par_1_93' title="bbox 44 2435 356 2465">
     <span class='ocr_line' id='line_1_93' title="bbox 44 2435 356 2465; baseline -0.016 1"><span class='ocrx_word' id='word_1_627' title='bbox 44 2443 131 2465; x_wconf 65' lang='lat' dir='ltr'><strong>tasse</strong></span> <span class='ocrx_word' id='word_1_628' title='bbox 158 2435 356 2462; x_wconf 86' lang='lat' dir='ltr'><strong>adnotavimus.</strong></span> 
     </span>
    </p>
   </div>
   <div class='ocr_carea' id='block_1_94' title="bbox 89 2469 848 2507">
    <p class='ocr_par' dir='ltr' id='par_1_94' title="bbox 89 2469 848 2507">
     <span class='ocr_line' id='line_1_94' title="bbox 89 2469 848 2507; baseline 0 -9"><span class='ocrx_word' id='word_1_629' title='bbox 89 2471 152 2507; x_wconf 69' lang='grc' dir='ltr'><strong>(ΒΞ)</strong></span> <span class='ocrx_word' id='word_1_630' title='bbox 168 2469 402 2504; x_wconf 73' lang='lat' dir='ltr'><strong>Ungens.Sanctos</strong></span> <span class='ocrx_word' id='word_1_631' title='bbox 414 2470 537 2507; x_wconf 87' lang='lat' dir='ltr'><strong>sttpra__in</strong></span> <span class='ocrx_word' id='word_1_632' title='bbox 554 2470 657 2507; x_wconf 50' lang='lat' dir='ltr'><strong>esordii</strong></span> <span class='ocrx_word' id='word_1_633' title='bbox 669 2470 721 2497; x_wconf 90' lang='lat' dir='ltr'><strong>ﬁne</strong></span> <span class='ocrx_word' id='word_1_634' title='bbox 733 2470 848 2507; x_wconf 80' lang='lat' dir='ltr'><strong>athletas</strong></span> 
     </span>
    </p>
   </div>
   <div class='ocr_carea' id='block_1_95' title="bbox 43 2504 849 2538">
    <p class='ocr_par' dir='ltr' id='par_1_95' title="bbox 43 2504 849 2538">
     <span class='ocr_line' id='line_1_95' title="bbox 43 2504 849 2538; baseline 0 -6"><span class='ocrx_word' id='word_1_635' title='bbox 43 2504 221 2537; x_wconf 80' lang='lat' dir='ltr'><strong>vocaverat;</strong></span> <span class='ocrx_word' id='word_1_636' title='bbox 236 2513 308 2532; x_wconf 89' lang='lat' dir='ltr'><strong>nunc</strong></span> <span class='ocrx_word' id='word_1_637' title='bbox 320 2513 380 2531; x_wconf 90' lang='lat' dir='ltr'><strong>cum</strong></span> <span class='ocrx_word' id='word_1_638' title='bbox 394 2505 510 2538; x_wconf 79' lang='lat' dir='ltr'><strong>ungendi</strong></span> <span class='ocrx_word' id='word_1_639' title='bbox 524 2504 606 2532; x_wconf 88' lang='lat' dir='ltr'><strong>verbo</strong></span> <span class='ocrx_word' id='word_1_640' title='bbox 620 2506 715 2537; x_wconf 87' lang='lat' dir='ltr'><strong>utitur,</strong></span> <span class='ocrx_word' id='word_1_641' title='bbox 727 2505 849 2533; x_wconf 85' lang='lat' dir='ltr'><strong>alludere</strong></span> 
     </span>
    </p>
   </div>
   <div class='ocr_carea' id='block_1_96' title="bbox 43 2540 848 2575">
    <p class='ocr_par' dir='ltr' id='par_1_96' title="bbox 43 2540 848 2575">
     <span class='ocr_line' id='line_1_96' title="bbox 43 2540 848 2575; baseline -0.002 -7"><span class='ocrx_word' id='word_1_642' title='bbox 43 2544 166 2568; x_wconf 85' lang='lat' dir='ltr'><strong>videtur</strong></span> <span class='ocrx_word' id='word_1_643' title='bbox 179 2541 211 2566; x_wconf 88' lang='lat' dir='ltr'><strong>:td</strong></span> <span class='ocrx_word' id='word_1_644' title='bbox 227 2547 328 2567; x_wconf 89' lang='lat' dir='ltr'><strong>morem</strong></span> <span class='ocrx_word' id='word_1_645' title='bbox 343 2547 395 2573; x_wconf 90' lang='lat' dir='ltr'><strong>qtto</strong></span> <span class='ocrx_word' id='word_1_646' title='bbox 408 2540 516 2567; x_wconf 67' lang='lat' dir='ltr'><strong>athletae</strong></span> <span class='ocrx_word' id='word_1_647' title='bbox 535 2540 660 2567; x_wconf 86' lang='lat' dir='ltr'><strong>luctaturi</strong></span> <span class='ocrx_word' id='word_1_648' title='bbox 681 2540 754 2574; x_wconf 87' lang='lat' dir='ltr'><strong>prius</strong></span> <span class='ocrx_word' id='word_1_649' title='bbox 767 2547 848 2575; x_wconf 77' lang='lat' dir='ltr'><strong>unge-</strong></span> 
     </span>
    </p>
   </div>
   <div class='ocr_carea' id='block_1_97' title="bbox 43 2574 846 2608">
    <p class='ocr_par' dir='ltr' id='par_1_97' title="bbox 43 2574 846 2608">
     <span class='ocr_line' id='line_1_97' title="bbox 43 2574 846 2608; baseline -0.002 -5"><span class='ocrx_word' id='word_1_650' title='bbox 43 2578 156 2606; x_wconf 83' lang='lat' dir='ltr'><strong>bantttr</strong></span> <span class='ocrx_word' id='word_1_651' title='bbox 171 2584 178 2602; x_wconf 90' lang='lat'><strong>:</strong></span> <span class='ocrx_word' id='word_1_652' title='bbox 194 2576 265 2601; x_wconf 89' lang='lat' dir='ltr'><strong>unde</strong></span> <span class='ocrx_word' id='word_1_653' title='bbox 287 2574 414 2601; x_wconf 75' lang='grc' dir='ltr'>ἀλεῖπται</span> <span class='ocrx_word' id='word_1_654' title='bbox 429 2575 528 2606; x_wconf 78' lang='lat' dir='ltr'><strong>vocati,</strong></span> <span class='ocrx_word' id='word_1_655' title='bbox 548 2575 592 2608; x_wconf 90' lang='lat' dir='ltr'><strong>qtti</strong></span> <span class='ocrx_word' id='word_1_656' title='bbox 610 2576 643 2602; x_wconf 87' lang='lat' dir='ltr'><strong>ad</strong></span> <span class='ocrx_word' id='word_1_657' title='bbox 660 2575 686 2602; x_wconf 85' lang='lat' dir='ltr'><strong>id</strong></span> <span class='ocrx_word' id='word_1_658' title='bbox 702 2574 846 2602; x_wconf 84' lang='lat' dir='ltr'><strong>ministerii</strong></span> 
     </span>
    </p>
   </div>
   <div class='ocr_carea' id='block_1_98' title="bbox 43 2609 847 2643">
    <p class='ocr_par' dir='ltr' id='par_1_98' title="bbox 43 2609 847 2643">
     <span class='ocr_line' id='line_1_98' title="bbox 43 2609 847 2643; baseline -0.002 -5"><span class='ocrx_word' id='word_1_659' title='bbox 43 2610 157 2639; x_wconf 81' lang='lat' dir='ltr'><strong>addicti</strong></span> <span class='ocrx_word' id='word_1_660' title='bbox 184 2614 271 2642; x_wconf 86' lang='lat' dir='ltr'><strong>erant,</strong></span> <span class='ocrx_word' id='word_1_661' title='bbox 295 2617 310 2636; x_wconf 87' lang='lat' dir='ltr'><strong>a</strong></span> <span class='ocrx_word' id='word_1_662' title='bbox 334 2610 431 2643; x_wconf 90' lang='lat' dir='ltr'><strong>quibus</strong></span> <span class='ocrx_word' id='word_1_663' title='bbox 456 2609 490 2636; x_wconf 86' lang='lat' dir='ltr'><strong>M.</strong></span> <span class='ocrx_word' id='word_1_664' title='bbox 515 2609 618 2636; x_wconf 87' lang='lat' dir='ltr'><strong>Tullius</strong></span> <span class='ocrx_word' id='word_1_665' title='bbox 644 2610 847 2637; x_wconf 87' lang='lat' dir='ltr'><strong>similitudinem</strong></span> 
     </span>
    </p>
   </div>
   <div class='ocr_carea' id='block_1_99' title="bbox 42 2643 850 2682">
    <p class='ocr_par' dir='ltr' id='par_1_99' title="bbox 42 2643 850 2682">
     <span class='ocr_line' id='line_1_99' title="bbox 42 2643 850 2682; baseline -0.001 -10"><span class='ocrx_word' id='word_1_666' title='bbox 42 2647 145 2682; x_wconf 73' lang='lat' dir='ltr'><strong>petiit,</strong></span> <span class='ocrx_word' id='word_1_667' title='bbox 174 2643 258 2676; x_wconf 76' lang='lat' dir='ltr'><strong>Epist.</strong></span> <span class='ocrx_word' id='word_1_668' title='bbox 283 2644 361 2678; x_wconf 81' lang='lat' dir='ltr'><strong>fam.,</strong></span> <span class='ocrx_word' id='word_1_669' title='bbox 384 2644 431 2682; x_wconf 80' lang='lat' dir='ltr'><strong>lib.</strong></span> <span class='ocrx_word' id='word_1_670' title='bbox 447 2652 478 2682; x_wconf 91' lang='lat' dir='ltr'><strong>_t:</strong></span> <span class='ocrx_word' id='word_1_671' title='bbox 503 2643 554 2672; x_wconf 81' lang='lat' dir='ltr'><strong>Sed</strong></span> <span class='ocrx_word' id='word_1_672' title='bbox 576 2645 666 2682; x_wconf 53' lang='lat' dir='ltr'><strong>pellem</strong></span> <span class='ocrx_word' id='word_1_673' title='bbox 691 2645 850 2682; x_wconf 81' lang='lat' dir='ltr'><strong>t_wn_solum</strong></span> 
     </span>
    </p>
   </div>
   <div class='ocr_carea' id='block_1_100' title="bbox 41 2679 850 2714">
    <p class='ocr_par' dir='ltr' id='par_1_100' title="bbox 41 2679 850 2714">
     <span class='ocr_line' id='line_1_100' title="bbox 41 2679 850 2714; baseline -0.002 -7"><span class='ocrx_word' id='word_1_674' title='bbox 41 2679 154 2709; x_wconf 66' lang='lat' dir='ltr'><strong>inlutis</strong></span> <span class='ocrx_word' id='word_1_675' title='bbox 174 2687 249 2710; x_wconf 72' lang='lat' dir='ltr'><strong>mete,</strong></span> <span class='ocrx_word' id='word_1_676' title='bbox 276 2679 497 2714; x_wconf 82' lang='lat' dir='ltr'><strong>quemadmodum</strong></span> <span class='ocrx_word' id='word_1_677' title='bbox 523 2680 633 2712; x_wconf 77' lang='lat' dir='ltr'><strong>medici,</strong></span> <span class='ocrx_word' id='word_1_678' title='bbox 654 2680 698 2706; x_wconf 79' lang='lat' dir='ltr'><strong>sed</strong></span> <span class='ocrx_word' id='word_1_679' title='bbox 724 2680 801 2705; x_wconf 75' lang='lat' dir='ltr'><strong>etiam</strong></span> <span class='ocrx_word' id='word_1_680' title='bbox 822 2685 850 2706; x_wconf 85' lang='lat' dir='ltr'><strong>ut</strong></span> 
     </span>
    </p>
   </div>
   <div class='ocr_carea' id='block_1_101' title="bbox 43 2714 850 2750">
    <p class='ocr_par' dir='ltr' id='par_1_101' title="bbox 43 2714 850 2750">
     <span class='ocr_line' id='line_1_101' title="bbox 43 2714 850 2750; baseline -0.001 -7"><span class='ocrx_word' id='word_1_681' title='bbox 43 2717 147 2750; x_wconf 71' lang='lat' dir='ltr'><strong>alipta:</strong></span> <span class='ocrx_word' id='word_1_682' title='bbox 168 2714 262 2750; x_wconf 77' lang='lat' dir='ltr'><strong>uirium</strong></span> <span class='ocrx_word' id='word_1_683' title='bbox 281 2718 307 2750; x_wconf 66' lang='lat' dir='ltr'><strong>et</strong></span> <span class='ocrx_word' id='word_1_684' title='bbox 321 2714 425 2750; x_wconf 21' lang='lat' dir='ltr'><strong>rcoloris</strong></span> <span class='ocrx_word' id='word_1_685' title='bbox 444 2715 572 2741; x_wconf 77' lang='lat' dir='ltr'><strong>rationem</strong></span> <span class='ocrx_word' id='word_1_686' title='bbox 591 2715 684 2750; x_wconf 59' lang='lat' dir='ltr'><strong>habere</strong></span> <span class='ocrx_word' id='word_1_687' title='bbox 696 2714 850 2750; x_wconf 73' lang='lat' dir='ltr'><strong>uoluissent.</strong></span> 
     </span>
    </p>
   </div>
   <div class='ocr_carea' id='block_1_102' title="bbox 44 2748 850 2784">
    <p class='ocr_par' dir='ltr' id='par_1_102' title="bbox 44 2748 850 2784">
     <span class='ocr_line' id='line_1_102' title="bbox 44 2748 850 2784; baseline -0.001 -7"><span class='ocrx_word' id='word_1_688' title='bbox 44 2748 93 2778; x_wconf 55' lang='grc' dir='ltr'><strong>Εἰ</strong></span> <span class='ocrx_word' id='word_1_689' title='bbox 107 2757 167 2784; x_wconf 88' lang='lat' dir='ltr'><strong>quo</strong></span> <span class='ocrx_word' id='word_1_690' title='bbox 191 2749 250 2775; x_wconf 87' lang='lat' dir='ltr'><strong>loco</strong></span> <span class='ocrx_word' id='word_1_691' title='bbox 267 2748 378 2782; x_wconf 82' lang='lat' dir='ltr'><strong>colligas</strong></span> <span class='ocrx_word' id='word_1_692' title='bbox 396 2749 467 2782; x_wconf 90' lang='lat' dir='ltr'><strong>quod</strong></span> <span class='ocrx_word' id='word_1_693' title='bbox 483 2753 509 2776; x_wconf 89' lang='lat' dir='ltr'><strong>et</strong></span> <span class='ocrx_word' id='word_1_694' title='bbox 523 2750 626 2776; x_wconf 85' lang='lat' dir='ltr'><strong>notavit</strong></span> <span class='ocrx_word' id='word_1_695' title='bbox 641 2749 739 2776; x_wconf 82' lang='lat' dir='ltr'><strong>Paulus</strong></span> <span class='ocrx_word' id='word_1_696' title='bbox 754 2749 850 2776; x_wconf 84' lang='lat' dir='ltr'><strong>Manu-</strong></span> 
     </span>
    </p>
   </div>
   <div class='ocr_carea' id='block_1_103' title="bbox 45 2783 852 2818">
    <p class='ocr_par' dir='ltr' id='par_1_103' title="bbox 45 2783 852 2818">
     <span class='ocr_line' id='line_1_103' title="bbox 45 2783 852 2818; baseline -0.002 -6"><span class='ocrx_word' id='word_1_697' title='bbox 45 2783 125 2817; x_wconf 59' lang='lat' dir='ltr'><strong>tius;</strong></span> <span class='ocrx_word' id='word_1_698' title='bbox 143 2786 198 2811; x_wconf 88' lang='lat' dir='ltr'><strong>hoc</strong></span> <span class='ocrx_word' id='word_1_699' title='bbox 215 2790 312 2809; x_wconf 91' lang='lat' dir='ltr'><strong>nomen</strong></span> <span class='ocrx_word' id='word_1_700' title='bbox 328 2783 488 2818; x_wconf 85' lang='lat' dir='ltr'><strong>attributum</strong></span> <span class='ocrx_word' id='word_1_701' title='bbox 504 2784 641 2815; x_wconf 84' lang='lat' dir='ltr'><strong>omnibus,</strong></span> <span class='ocrx_word' id='word_1_702' title='bbox 657 2784 702 2818; x_wconf 92' lang='lat' dir='ltr'><strong>qui</strong></span> <span class='ocrx_word' id='word_1_703' title='bbox 717 2784 852 2810; x_wconf 83' lang='lat' dir='ltr'><strong>exercita-</strong></span> 
     </span>
    </p>
   </div>
   <div class='ocr_carea' id='block_1_104' title="bbox 47 2817 852 2854">
    <p class='ocr_par' dir='ltr' id='par_1_104' title="bbox 47 2817 852 2854">
     <span class='ocr_line' id='line_1_104' title="bbox 47 2817 852 2854; baseline -0.004 -6"><span class='ocrx_word' id='word_1_704' title='bbox 47 2819 183 2848; x_wconf 85' lang='lat' dir='ltr'><strong>tionibus</strong></span> <span class='ocrx_word' id='word_1_705' title='bbox 207 2817 339 2852; x_wconf 75' lang='lat' dir='ltr'><strong>gymnicis</strong></span> <span class='ocrx_word' id='word_1_706' title='bbox 362 2817 525 2846; x_wconf 80' lang='lat' dir='ltr'><strong>athletarum</strong></span> <span class='ocrx_word' id='word_1_707' title='bbox 548 2817 693 2854; x_wconf 73' lang='lat' dir='ltr'><strong>praeerant,</strong></span> <span class='ocrx_word' id='word_1_708' title='bbox 719 2825 787 2854; x_wconf 89' lang='lat' dir='ltr'><strong>quos</strong></span> <span class='ocrx_word' id='word_1_709' title='bbox 802 2827 852 2852; x_wconf 86' lang='grc' dir='ltr'>γυ-</span> 
     </span>
    </p>
   </div>
   <div class='ocr_carea' id='block_1_105' title="bbox 897 2364 1687 2402">
    <p class='ocr_par' dir='ltr' id='par_1_105' title="bbox 897 2364 1687 2402">
     <span class='ocr_line' id='line_1_105' title="bbox 897 2364 1687 2402; baseline -0.001 -10"><span class='ocrx_word' id='word_1_710' title='bbox 897 2364 1039 2402; x_wconf 72' lang='lat' dir='ltr'><strong>gymuasio</strong></span> <span class='ocrx_word' id='word_1_711' title='bbox 1055 2364 1196 2402; x_wconf 82' lang='lat' dir='ltr'><strong>praefectus</strong></span> <span class='ocrx_word' id='word_1_712' title='bbox 1210 2370 1284 2397; x_wconf 83' lang='lat' dir='ltr'><strong>erat;</strong></span> <span class='ocrx_word' id='word_1_713' title='bbox 1308 2365 1340 2402; x_wconf 84' lang='lat' dir='ltr'><strong>ad</strong></span> <span class='ocrx_word' id='word_1_714' title='bbox 1356 2365 1404 2392; x_wconf 91' lang='lat' dir='ltr'><strong>hos</strong></span> <span class='ocrx_word' id='word_1_715' title='bbox 1417 2366 1498 2391; x_wconf 89' lang='lat' dir='ltr'><strong>etiam</strong></span> <span class='ocrx_word' id='word_1_716' title='bbox 1526 2364 1687 2402; x_wconf 77' lang='lat' dir='ltr'><strong>athletarum</strong></span> 
     </span>
    </p>
   </div>
   <div class='ocr_carea' id='block_1_106' title="bbox 898 2399 1689 2434">
    <p class='ocr_par' dir='ltr' id='par_1_106' title="bbox 898 2399 1689 2434">
     <span class='ocr_line' id='line_1_106' title="bbox 898 2399 1689 2434; baseline -0.001 -7"><span class='ocrx_word' id='word_1_717' title='bbox 898 2399 991 2427; x_wconf 80' lang='lat' dir='ltr'><strong>unctio</strong></span> <span class='ocrx_word' id='word_1_718' title='bbox 1005 2401 1173 2433; x_wconf 85' lang='lat' dir='ltr'><strong>pertinebat;</strong></span> <span class='ocrx_word' id='word_1_719' title='bbox 1187 2404 1268 2433; x_wconf 85' lang='lat' dir='ltr'><strong>atque</strong></span> <span class='ocrx_word' id='word_1_720' title='bbox 1288 2401 1356 2427; x_wconf 84' lang='lat' dir='ltr'><strong>adeo</strong></span> <span class='ocrx_word' id='word_1_721' title='bbox 1371 2407 1385 2426; x_wconf 88' lang='lat' dir='ltr'><strong>a</strong></span> <span class='ocrx_word' id='word_1_722' title='bbox 1404 2405 1482 2434; x_wconf 87' lang='lat' dir='ltr'><strong>parte</strong></span> <span class='ocrx_word' id='word_1_723' title='bbox 1499 2399 1619 2427; x_wconf 89' lang='lat' dir='ltr'><strong>muneris</strong></span> <span class='ocrx_word' id='word_1_724' title='bbox 1634 2405 1689 2426; x_wconf 82' lang='lat' dir='ltr'><strong>tan-</strong></span> 
     </span>
    </p>
   </div>
   <div class='ocr_carea' id='block_1_107' title="bbox 898 2435 1689 2469">
    <p class='ocr_par' dir='ltr' id='par_1_107' title="bbox 898 2435 1689 2469">
     <span class='ocr_line' id='line_1_107' title="bbox 898 2435 1689 2469; baseline -0.001 -9"><span class='ocrx_word' id='word_1_725' title='bbox 898 2442 1011 2469; x_wconf 87' lang='lat' dir='ltr'><strong>quanta</strong></span> <span class='ocrx_word' id='word_1_726' title='bbox 1035 2435 1169 2469; x_wconf 58' lang='lat' dir='ltr'><strong>praecipua</strong></span> <span class='ocrx_word' id='word_1_727' title='bbox 1193 2435 1319 2461; x_wconf 82' lang='grc' dir='ltr'>ἀλεῖπται</span> <span class='ocrx_word' id='word_1_728' title='bbox 1346 2435 1490 2461; x_wconf 84' lang='lat' dir='ltr'><strong>nominati.</strong></span> <span class='ocrx_word' id='word_1_729' title='bbox 1515 2435 1605 2469; x_wconf 86' lang='lat' dir='ltr'><strong>Atque</strong></span> <span class='ocrx_word' id='word_1_730' title='bbox 1633 2435 1689 2462; x_wconf 69' lang='lat' dir='ltr'><strong>litet-</strong></span> 
     </span>
    </p>
   </div>
   <div class='ocr_carea' id='block_1_108' title="bbox 897 2469 1689 2504">
    <p class='ocr_par' dir='ltr' id='par_1_108' title="bbox 897 2469 1689 2504">
     <span class='ocr_line' id='line_1_108' title="bbox 897 2469 1689 2504; baseline 0.001 -7"><span class='ocrx_word' id='word_1_731' title='bbox 897 2470 985 2503; x_wconf 83' lang='lat' dir='ltr'><strong>ampla</strong></span> <span class='ocrx_word' id='word_1_732' title='bbox 1003 2470 1165 2504; x_wconf 82' lang='lat' dir='ltr'><strong>signiﬁcatio</strong></span> <span class='ocrx_word' id='word_1_733' title='bbox 1190 2469 1316 2496; x_wconf 82' lang='lat' dir='ltr'><strong>cenvcnit</strong></span> <span class='ocrx_word' id='word_1_734' title='bbox 1341 2469 1425 2496; x_wconf 75' lang='lat' dir='ltr'><strong>relato</strong></span> <span class='ocrx_word' id='word_1_735' title='bbox 1445 2470 1587 2497; x_wconf 83' lang='lat' dir='ltr'><strong>Ciceronis</strong></span> <span class='ocrx_word' id='word_1_736' title='bbox 1611 2469 1689 2498; x_wconf 88' lang='lat' dir='ltr'><strong>loco:</strong></span> 
     </span>
    </p>
   </div>
   <div class='ocr_carea' id='block_1_109' title="bbox 898 2504 1688 2538">
    <p class='ocr_par' dir='ltr' id='par_1_109' title="bbox 898 2504 1688 2538">
     <span class='ocr_line' id='line_1_109' title="bbox 898 2504 1688 2538; baseline -0.001 -7"><span class='ocrx_word' id='word_1_737' title='bbox 898 2505 987 2538; x_wconf 67' lang='lat' dir='ltr'><strong>aliptae</strong></span> <span class='ocrx_word' id='word_1_738' title='bbox 1017 2505 1089 2531; x_wconf 89' lang='lat' dir='ltr'><strong>enitn</strong></span> <span class='ocrx_word' id='word_1_739' title='bbox 1116 2504 1225 2538; x_wconf 87' lang='lat' dir='ltr'><strong>proprie</strong></span> <span class='ocrx_word' id='word_1_740' title='bbox 1253 2505 1352 2538; x_wconf 87' lang='lat' dir='ltr'><strong>sumpti</strong></span> <span class='ocrx_word' id='word_1_741' title='bbox 1372 2505 1471 2531; x_wconf 89' lang='lat' dir='ltr'><strong>virium</strong></span> <span class='ocrx_word' id='word_1_742' title='bbox 1497 2504 1604 2538; x_wconf 88' lang='lat' dir='ltr'><strong>quidem</strong></span> <span class='ocrx_word' id='word_1_743' title='bbox 1637 2513 1688 2531; x_wconf 87' lang='lat' dir='ltr'><strong>non</strong></span> 
     </span>
    </p>
   </div>
   <div class='ocr_carea' id='block_1_110' title="bbox 899 2538 1689 2574">
    <p class='ocr_par' dir='ltr' id='par_1_110' title="bbox 899 2538 1689 2574">
     <span class='ocr_line' id='line_1_110' title="bbox 899 2538 1689 2574; baseline 0.001 -9"><span class='ocrx_word' id='word_1_744' title='bbox 899 2545 989 2566; x_wconf 87' lang='lat' dir='ltr'><strong>tatncn</strong></span> <span class='ocrx_word' id='word_1_745' title='bbox 1006 2539 1104 2566; x_wconf 88' lang='lat' dir='ltr'><strong>coloris</strong></span> <span class='ocrx_word' id='word_1_746' title='bbox 1127 2539 1228 2566; x_wconf 79' lang='lat' dir='ltr'><strong>habere</strong></span> <span class='ocrx_word' id='word_1_747' title='bbox 1252 2538 1384 2566; x_wconf 85' lang='lat' dir='ltr'><strong>rationem</strong></span> <span class='ocrx_word' id='word_1_748' title='bbox 1404 2540 1527 2573; x_wconf 78' lang='lat' dir='ltr'><strong>ungendo</strong></span> <span class='ocrx_word' id='word_1_749' title='bbox 1542 2544 1664 2574; x_wconf 87' lang='lat' dir='ltr'><strong>poterant</strong></span> <span class='ocrx_word' id='word_1_750' title='bbox 1683 2550 1689 2566; x_wconf 88' lang='lat'><strong>:</strong></span> 
     </span>
    </p>
   </div>
   <div class='ocr_carea' id='block_1_111' title="bbox 896 2574 1689 2609">
    <p class='ocr_par' dir='ltr' id='par_1_111' title="bbox 896 2574 1689 2609">
     <span class='ocr_line' id='line_1_111' title="bbox 896 2574 1689 2609; baseline -0.004 -8"><span class='ocrx_word' id='word_1_751' title='bbox 896 2579 1022 2609; x_wconf 88' lang='lat' dir='ltr'><strong>poterant</strong></span> <span class='ocrx_word' id='word_1_752' title='bbox 1039 2581 1104 2601; x_wconf 69' lang='lat' dir='ltr'><strong>vero</strong></span> <span class='ocrx_word' id='word_1_753' title='bbox 1119 2574 1275 2608; x_wconf 83' lang='grc' dir='ltr'>γυμνασται</span> <span class='ocrx_word' id='word_1_754' title='bbox 1295 2574 1452 2609; x_wconf 59' lang='lat' dir='ltr'><strong>praescripta</strong></span> <span class='ocrx_word' id='word_1_755' title='bbox 1470 2575 1574 2601; x_wconf 86' lang='lat' dir='ltr'><strong>ratione</strong></span> <span class='ocrx_word' id='word_1_756' title='bbox 1592 2575 1689 2606; x_wconf 72' lang='lat' dir='ltr'><strong>victm,</strong></span> 
     </span>
    </p>
   </div>
   <div class='ocr_carea' id='block_1_112' title="bbox 898 2608 1690 2643">
    <p class='ocr_par' dir='ltr' id='par_1_112' title="bbox 898 2608 1690 2643">
     <span class='ocr_line' id='line_1_112' title="bbox 898 2608 1690 2643; baseline 0.001 -8"><span class='ocrx_word' id='word_1_757' title='bbox 898 2608 925 2636; x_wconf 81' lang='lat' dir='ltr'><strong>et</strong></span> <span class='ocrx_word' id='word_1_758' title='bbox 936 2609 1160 2636; x_wconf 77' lang='lat' dir='ltr'><strong>exercitationum</strong></span> <span class='ocrx_word' id='word_1_759' title='bbox 1172 2609 1306 2643; x_wconf 77' lang='lat' dir='ltr'><strong>corporis.</strong></span> <span class='ocrx_word' id='word_1_760' title='bbox 1319 2608 1406 2635; x_wconf 91' lang='lat' dir='ltr'><strong>Utitttr</strong></span> <span class='ocrx_word' id='word_1_761' title='bbox 1418 2610 1499 2636; x_wconf 82' lang='lat' dir='ltr'><strong>etiam</strong></span> <span class='ocrx_word' id='word_1_762' title='bbox 1515 2617 1546 2635; x_wconf 88' lang='lat' dir='ltr'><strong>eo</strong></span> <span class='ocrx_word' id='word_1_763' title='bbox 1558 2610 1690 2636; x_wconf 80' lang='lat' dir='ltr'><strong>vocabulo</strong></span> 
     </span>
    </p>
   </div>
   <div class='ocr_carea' id='block_1_113' title="bbox 900 2643 1692 2678">
    <p class='ocr_par' dir='ltr' id='par_1_113' title="bbox 900 2643 1692 2678">
     <span class='ocr_line' id='line_1_113' title="bbox 900 2643 1692 2678; baseline 0 -9"><span class='ocrx_word' id='word_1_764' title='bbox 900 2644 1026 2675; x_wconf 82' lang='lat' dir='ltr'><strong>Aristot.,</strong></span> <span class='ocrx_word' id='word_1_765' title='bbox 1050 2644 1097 2672; x_wconf 89' lang='lat' dir='ltr'><strong>lib.</strong></span> <span class='ocrx_word' id='word_1_766' title='bbox 1124 2651 1143 2670; x_wconf 92' lang='lat' dir='ltr'><strong>tt</strong></span> <span class='ocrx_word' id='word_1_767' title='bbox 1167 2643 1265 2670; x_wconf 72' lang='lat' dir='ltr'><strong>illam].</strong></span> <span class='ocrx_word' id='word_1_768' title='bbox 1292 2644 1441 2670; x_wconf 84' lang='lat' dir='ltr'><strong>Commode</strong></span> <span class='ocrx_word' id='word_1_769' title='bbox 1459 2651 1538 2678; x_wconf 86' lang='lat' dir='ltr'><strong>porro</strong></span> <span class='ocrx_word' id='word_1_770' title='bbox 1557 2644 1607 2670; x_wconf 88' lang='lat' dir='ltr'><strong>hac</strong></span> <span class='ocrx_word' id='word_1_771' title='bbox 1623 2645 1692 2670; x_wconf 86' lang='lat' dir='ltr'><strong>allu-</strong></span> 
     </span>
    </p>
   </div>
   <div class='ocr_carea' id='block_1_114' title="bbox 901 2678 1690 2713">
    <p class='ocr_par' dir='ltr' id='par_1_114' title="bbox 901 2678 1690 2713">
     <span class='ocr_line' id='line_1_114' title="bbox 901 2678 1690 2713; baseline 0.001 -9"><span class='ocrx_word' id='word_1_772' title='bbox 901 2679 976 2704; x_wconf 80' lang='lat' dir='ltr'><strong>sione</strong></span> <span class='ocrx_word' id='word_1_773' title='bbox 993 2686 1058 2705; x_wconf 81' lang='lat' dir='ltr'><strong>usus</strong></span> <span class='ocrx_word' id='word_1_774' title='bbox 1083 2684 1124 2705; x_wconf 82' lang='lat' dir='ltr'><strong>est</strong></span> <span class='ocrx_word' id='word_1_775' title='bbox 1150 2683 1243 2705; x_wconf 84' lang='lat' dir='ltr'><strong>noster</strong></span> <span class='ocrx_word' id='word_1_776' title='bbox 1265 2679 1290 2704; x_wconf 90' lang='lat' dir='ltr'><strong>in</strong></span> <span class='ocrx_word' id='word_1_777' title='bbox 1320 2685 1347 2704; x_wconf 88' lang='lat' dir='ltr'><strong>re</strong></span> <span class='ocrx_word' id='word_1_778' title='bbox 1373 2678 1400 2705; x_wconf 83' lang='lat' dir='ltr'><strong>et</strong></span> <span class='ocrx_word' id='word_1_779' title='bbox 1425 2686 1511 2713; x_wconf 81' lang='lat' dir='ltr'><strong>pugna</strong></span> <span class='ocrx_word' id='word_1_780' title='bbox 1540 2679 1690 2713; x_wconf 61' lang='lat' dir='ltr'><strong>spirituali;</strong></span> 
     </span>
    </p>
   </div>
   <div class='ocr_carea' id='block_1_115' title="bbox 901 2713 1693 2748">
    <p class='ocr_par' dir='ltr' id='par_1_115' title="bbox 901 2713 1693 2748">
     <span class='ocr_line' id='line_1_115' title="bbox 901 2713 1693 2748; baseline 0.003 -9"><span class='ocrx_word' id='word_1_781' title='bbox 901 2714 1119 2748; x_wconf 78' lang='lat' dir='ltr'><strong>quandoquidem</strong></span> <span class='ocrx_word' id='word_1_782' title='bbox 1136 2715 1221 2748; x_wconf 79' lang='lat' dir='ltr'><strong>gratia</strong></span> <span class='ocrx_word' id='word_1_783' title='bbox 1242 2714 1327 2740; x_wconf 83' lang='lat' dir='ltr'><strong>sancti</strong></span> <span class='ocrx_word' id='word_1_784' title='bbox 1351 2713 1468 2748; x_wconf 84' lang='lat' dir='ltr'><strong>Spiritus</strong></span> <span class='ocrx_word' id='word_1_785' title='bbox 1487 2721 1577 2739; x_wconf 79' lang='lat' dir='ltr'><strong>unt-tto</strong></span> <span class='ocrx_word' id='word_1_786' title='bbox 1592 2715 1693 2741; x_wconf 84' lang='lat' dir='ltr'><strong>dicitur</strong></span> 
     </span>
    </p>
   </div>
   <div class='ocr_carea' id='block_1_116' title="bbox 901 2747 1691 2781">
    <p class='ocr_par' dir='ltr' id='par_1_116' title="bbox 901 2747 1691 2781">
     <span class='ocr_line' id='line_1_116' title="bbox 901 2747 1691 2781; baseline 0.004 -7"><span class='ocrx_word' id='word_1_787' title='bbox 901 2749 910 2774; x_wconf 93' lang='lat' dir='ltr'><strong>l</strong></span> <span class='ocrx_word' id='word_1_788' title='bbox 925 2747 1014 2781; x_wconf 78' lang='lat' dir='ltr'><strong>Jo:tn.,</strong></span> <span class='ocrx_word' id='word_1_789' title='bbox 1028 2757 1052 2776; x_wconf 88' lang='lat' dir='ltr'><strong>c.</strong></span> <span class='ocrx_word' id='word_1_790' title='bbox 1070 2757 1088 2775; x_wconf 90' lang='lat' dir='ltr'><strong>ll</strong></span> <span class='ocrx_word' id='word_1_791' title='bbox 1105 2758 1112 2774; x_wconf 88' lang='lat'><strong>:</strong></span> <span class='ocrx_word' id='word_1_792' title='bbox 1129 2747 1180 2775; x_wconf 75' lang='lat' dir='ltr'><strong>Sed</strong></span> <span class='ocrx_word' id='word_1_793' title='bbox 1198 2756 1241 2775; x_wconf 77' lang='lat' dir='ltr'><strong>vos</strong></span> <span class='ocrx_word' id='word_1_794' title='bbox 1265 2747 1411 2775; x_wconf 70' lang='lat' dir='ltr'><strong>unctionem</strong></span> <span class='ocrx_word' id='word_1_795' title='bbox 1432 2749 1533 2775; x_wconf 70' lang='lat' dir='ltr'><strong>[iubetis</strong></span> <span class='ocrx_word' id='word_1_796' title='bbox 1552 2758 1567 2775; x_wconf 86' lang='grc' dir='ltr'><strong>α</strong></span> <span class='ocrx_word' id='word_1_797' title='bbox 1582 2749 1691 2777; x_wconf 75' lang='lat' dir='ltr'><strong>Sancto.</strong></span> 
     </span>
    </p>
   </div>
   <div class='ocr_carea' id='block_1_117' title="bbox 903 2783 1141 2811">
    <p class='ocr_par' dir='ltr' id='par_1_117' title="bbox 903 2783 1141 2811">
     <span class='ocr_line' id='line_1_117' title="bbox 903 2783 1141 2811; baseline 0 -1"><span class='ocrx_word' id='word_1_798' title='bbox 903 2783 935 2810; x_wconf 85' lang='lat' dir='ltr'><strong>Et</strong></span> <span class='ocrx_word' id='word_1_799' title='bbox 954 2783 1044 2811; x_wconf 90' lang='lat' dir='ltr'><strong>itidem</strong></span> <span class='ocrx_word' id='word_1_800' title='bbox 1062 2783 1141 2810; x_wconf 77' lang='lat' dir='ltr'><strong>infra.</strong></span> 
     </span>
    </p>
   </div>
  </div>
