1875 3055
17 102 72 135 9⁴Ξ

733 98 899 148 nonum
919 120 997 152 xu.

1620 125 1675 159 ’194

45 164 171 204 Πατὴρ
187 167 243 196 τῶν
259 169 491 207 σαρκωδεστέρων
506 172 520 199 ὁ
536 172 640 208 κόσμος
657 169 735 206 οὗτός
751 175 785 201 ὲσ·

936 183 1000 206 ‘ater
1014 186 1120 214 eorum,
1144 181 1190 216 qui
1214 181 1356 211 desideriis
1372 183 1464 212 carnis
1483 184 1570 220 magis
1582 183 1676 212 'deditl

16 209 109 248 -ἡτη
115 223 135 250 ρ
151 214 179 241 δὲ
190 214 296 243 τούτων
310 217 327 252 ὴ
343 217 482 253 αἴσθησις,
499 220 626 250 σύνοικος
641 217 708 247 οὖσα
723 221 770 247 τοῦ
788 222 834 248 κό-

20 266 101 290 μου
116 280 126 292 ,
142 261 190 288 καὶ
206 263 352 298 συγγενής.
367 262 437 291 Οὔτε
452 261 499 291 οὖν
512 265 559 293 τὸν
573 266 692 301 κόσμον,
708 266 771 294 οὔτε
786 267 836 302 τὴν

24 303 175 343 ῐσθητὴν
195 307 299 342 ταύτην
316 308 390 342 ζωὴν
407 309 479 345 ὑπὲρ
496 311 542 338 τὸν
560 311 626 339 Θεὸν
645 313 772 348 στέργειν
790 314 835 340 ἐν-

16 349 158 384 έχοιντο
178 353 226 385 ἂν,
242 354 312 381 ἀλλὰ
329 355 457 382 σπεύδειν
474 358 508 392 τῇ
527 359 688 393 προαιρέσει
705 359 754 394 τῆς
771 359 834 385 τού-

16 404 77 422 ων
110 399 274 432 συγγενείας
296 401 460 437 ἀποφοιτᾷν,
479 403 526 429 καὶ
548 403 608 438 μετ’
621 405 735 432 ἐκείνων
756 405 836 432 τετά-

22 440 110 487 βειι,
122 453 132 469 ι
145 444 178 471 οἶ
191 445 241 472 οὐκ
254 445 283 478 ἐξ
295 447 430 481 αἱμάτων,
441 448 501 476 οὐδὲ
513 450 545 476 ἐκ
556 449 708 486 θελήματος
720 453 832 487 σαρκὸς,

17 486 87 513 ὧδὲ
116 489 149 515 ἐκ
171 489 325 525 θελήματος
345 493 452 529 ἀνδρὸς,
471 494 530 522 ἀλλ’
543 495 576 522 ὲκ
596 496 665 523 Θεοῦ
686 486 834 533 ἐγεννήθη-

14 539 91 566 παν,
116 545 126 560 ι
145 533 188 568 οἷς
203 537 217 564 ό
233 537 336 572 Κύριος
350 538 444 574 λέγει·
463 550 473 567 ι
490 541 586 576 Ὑμεῖς
600 543 651 569 οὐκ
666 543 727 570 ἐστὲ
741 544 774 571 ἐκ
786 544 832 571 τοῦ

14 580 141 614 ιὸσμου
158 583 255 610 τούτου
267 593 275 601 ·
295 594 305 610 ι
323 586 372 620 οὐχ
388 586 429 613 ὄτι
446 587 496 614 οὐκ
512 585 582 622 ἦσαν
597 589 630 615 ἐκ
644 589 692 616 τοῦ
710 590 832 624 κόσμου,

14 628 87 655 ιλλ’
105 630 161 662 ὅτι,
181 631 227 657 τον
244 631 346 666 κόσμον
361 632 407 658 τδν
424 633 556 667 σαρκικὺν
572 634 678 669 πατέρα
687 635 828 669 φυγόντες.

13 674 57 709 τῷ
85 677 214 712 ἀληθινῷ
231 677 320 713 Πατρὶ
335 678 525 714 ᾤκειὼθησαν.
544 689 554 705 ι
572 681 628 707 Καὶ
644 681 658 706 ὁ
675 680 760 715 φιλῶν
775 681 832 708 υῑὸν

13 719 23 754 ἱ
49 721 211 757 θυγατέρα
224 723 295 757 ὑπὲρ
309 723 360 758 ἐμὲ
386 724 437 751 οὐκ
449 724 509 751 ἔστι
525 733 576 759 μου
590 722 676 758 ἄξιος.
692 735 702 752 ›
721 726 831 761 Ἐπειδὴ

13 768 23 800 ιι
57 769 145 803 πρὸς
165 769 228 800 τοὺς
247 769 347 801 παῖδας
366 769 421 797 τῶν
441 770 549 804 φύντων
569 771 671 807 στοργὴ
691 771 831 807 βιαιοτέρα

13 814 108 842 Scaea!
137 815 193 843 τῶν
213 816 318 843 παίδων
338 816 409 852 πρὸς
428 817 491 849 τοὺς
514 818 699 854 γεννήσαντας
719 827 728 836 ν
750 819 831 846 τοῦτο

887 230 962 257 sunt.
976 226 1092 254 mundus
1107 226 1151 255 hic
1165 232 1223 261 est;
1241 232 1268 256 et
1283 230 1439 257 eorumdem
1455 234 1542 258 mater
1556 235 1598 258 est
1612 238 1678 259 sen-

887 279 944 303 sus,
968 272 1013 306 qui
1031 279 1091 299 cum
1111 274 1211 301 mundo
1225 275 1451 302 Consuetudinem
1469 276 1560 308 habet,
1584 275 1675 310 eique,

886 317 1048 351 cognatione
1075 318 1189 352 quadam
1213 319 1374 353 conjunctus
1399 326 1451 348 est.
1471 320 1525 348 Nec
1544 322 1675 348 mundum

886 363 978 397 igitur,
1000 371 1049 391 nec
1064 365 1145 392 vitam
1158 365 1227 392 bane
1245 366 1403 394 sensibilem
1424 374 1506 400 supra
1525 367 1612 394 Deum
1634 369 1676 394 di-

885 408 970 443 ligere
980 409 1129 443 contingat,
1141 411 1186 437 sed
1201 411 1311 438 studere
1323 411 1412 446 potius
1429 419 1477 447 par
1488 417 1530 440 est
1543 412 1676 440 electione

885 453 1032 482 voluntatis
1052 454 1086 482 ab
1100 455 1150 482 hac
1167 457 1327 491 cognatione
1348 458 1476 485 recedere
1491 462 1518 485 et
1532 459 1675 493 aggregari

884 507 946 528 cum
965 501 1017 528 illis
1029 522 1037 534 ,
1056 510 1066 528 ι
1086 501 1137 535 Qui
1153 510 1205 529 non
1222 510 1255 530 ex
1268 503 1445 538 sanguinibus
1469 511 1556 539 neque
1573 512 1605 532 ex
1624 513 1675 531 vo-

884 545 991 572 luntate
1005 546 1107 578 carnis,
1124 553 1210 580 neque
1225 551 1253 573 et
1267 546 1407 574 voluntate
1425 547 1474 575 viri
1488 568 1495 581 ,
1509 548 1556 576 sed
1573 556 1606 576 ex
1621 548 1676 576 Deo

886 592 942 620 nati
966 596 1029 619 sunt
1050 592 1089 624 ⁹³;
1115 602 1124 619 ι
1145 593 1243 628 quibus
1272 593 1404 621 Dominus
1429 594 1518 621 dixit:
1541 603 1552 621 ι
1572 594 1626 622 Vos
1643 595 1676 622 de

885 638 937 666 hoc
957 638 1056 666 mundo
1069 647 1121 666 non
1149 639 1215 666 estis
1229 639 1264 672 “,
1278 649 1287 665 ι
1305 647 1357 666 non
1378 641 1447 675 quod
1462 648 1494 667 ex
1509 641 1607 668 nnmdo
1621 649 1673 668 non

883 689 985 716 essent,
1000 685 1046 712 sed
1062 685 1132 720 quod
1148 686 1275 712 mundum
1295 690 1422 721 tanquam
1447 691 1551 720 patrem
1577 695 1673 714 carna-

883 729 936 757 lem
956 729 1103 766 fugientes,
1131 738 1195 758 vero
1219 731 1290 759 Patri
1317 739 1347 759 se
1376 732 1588 760 astrinxerunt:
1614 742 1623 758 ι
1640 732 1674 760 Ει

882 775 927 810 qui
945 779 1018 802 amat
1030 775 1113 802 lilium
1134 781 1183 803 aut
1212 776 1293 804 filiam
1324 777 1385 812 plus
1400 785 1479 812 quam
1499 785 1550 810 me,
1569 782 1674 805 nonest

884 827 926 848 tne
945 820 1053 856 dignus.
1073 830 1082 847 ι
1101 821 1233 855 Quoniam
1246 828 1387 857 parentum
1406 831 1483 851 amor
1501 824 1527 851 in
1544 823 1612 851 ﬁlios
1625 831 1672 851 ve-

12 859 86 894 rtip
110 862 162 889 καὶ
182 862 196 888 ὁ
218 862 300 897 νόμος
323 861 455 895 δείκνυσι,
476 864 559 899 τιμᾷν
580 864 630 899 μὲν
649 865 704 896 τοῖς
722 864 752 891 τέ

931 867 1037 895 nentior
1053 867 1160 895 videtur
1173 875 1244 901 esse,
1258 876 1339 904 quam
1353 869 1469 898 filiorum
1486 870 1511 897 in
1526 875 1671 904 parentes:

12 906 94 938 τοὺς
113 907 207 940 γονεῖς
225 907 429 942 ἐντελλόμενος,
446 909 502 940 τοῖς
522 908 550 935 δὲ
570 909 764 944 γεγεννηκόσιν
781 910 832 936 οὐκ

12 952 190 980 ἐπιτάττων
204 953 239 980 τὰ
255 954 338 981 τέκνα
355 954 458 989 φιλεῖν,
473 955 512 986 ὡς
527 955 577 991 τὴν
593 955 714 990 ἄφυκτον
729 955 832 992 ταύτην

11 999 162 1034 ἀνάγκην
179 1000 272 1032 αὐτοῖς
293 1000 462 1034 ὲπιτιθείσης
477 1001 529 1036 τῆς
549 1001 668 1036 φύσεως.
686 1002 736 1029 Διὰ
752 1003 832 1029 τοῦτο

11 1045 86 1072 ἀπὸ
114 1046 283 1081 ῥᾳδιωτέρου
307 1047 460 1082 ἀρξάμενος
475 1048 578 1083 μέτεισι
593 1048 687 1075 λοιπὸν
698 1050 739 1081 εις
749 1049 780 1076 τὺ
792 1049 831 1076 δο-

11 1091 100 1118 κοῦν
114 1093 338 1128 δυσχερέστερον.
352 1094 426 1129 Πλὴν
439 1095 493 1121 οὐδ’
504 1095 620 1122 ἐνταῦθα
633 1090 722 1126 εἷπεν,
731 1096 832 1130 Ὀἁγα-

11 1139 94 1166 πῶν
108 1140 169 1166 υῑδν
180 1139 197 1174 ἢ
213 1140 363 1175 θυγατέρα,
377 1141 445 1174 ἀλλ’,
461 1151 470 1168 α
482 1142 511 1169 '0
527 1142 630 1177 φιλῶν·
649 1152 658 1169 t
675 1143 690 1170 ὁ
706 1142 761 1179 γὰρ
775 1143 830 1171 τῶν

12 1184 143 1211 τέκνων
157 1185 239 1217 πόθος
255 1186 341 1220 φιλία,
366 1187 416 1214 οὐκ
437 1188 532 1222 ἀγάπη
556 1189 641 1216 ἐστιν.
667 1189 697 1215 El
719 1189 774 1225 γὰρ
795 1186 831 1224 ἦν

12 1230 146 1266 ἀγάπη,
167 1231 395 1265 δυσαπόσπαστος
409 1231 454 1269 ἦν,
475 1233 522 1261 καὶ
542 1233 657 1269 λυθῆναι
677 1234 828 1267 ἀδύνατος”

18 1286 31 1302 ι
58 1278 100 1305 Ἣ
117 1279 173 1314 γὰρ
187 1278 282 1314 ἀγάπη
296 1279 425 1307 οὐδέποτε
440 1281 580 1314 ἐκπίπτει,
598 1291 607 1307 ι
626 1281 710 1317 φησὶν
722 1283 737 1309 6
752 1282 832 1309 Ἀπό-

66 1362 97 1378 ⁹³
110 1360 189 1389 Joan.
209 1369 228 1395 I,
245 1364 287 1391 l5.
326 1362 350 1379 ”
361 1361 440 1391 Joan.
455 1371 501 1396 xv,
520 1362 548 1391 9.

882 913 933 940 boe
949 913 1019 940 enim
1035 918 1062 941 et
1079 913 1122 941 lex
1140 915 1268 948 ostendit,
1296 923 1356 949 qum
1380 916 1443 943 ﬁliis
1470 916 1577 951 quidem
1603 923 1674 952 pra:-

881 959 945 994 eipit
966 963 994 986 ut
1008 959 1137 987 honorem
1152 960 1269 988 habeant
1287 961 1467 996 genitoribus,
1483 969 1534 989 non
1547 969 1613 989 vero
1627 969 1672 997 ge-

881 1005 1014 1033 nitoribus
1033 1011 1062 1033 nt
1077 1013 1168 1033 amere
1184 1006 1252 1034 illius
1269 1013 1479 1044 prosequantur.
1498 1009 1597 1043 quippe
1608 1016 1671 1036 eum

881 1052 953 1080 bane
982 1051 1183 1081 ineluctabilem
1210 1054 1399 1082 necessitatem
1429 1055 1485 1090 (75)
1511 1055 1672 1089 imposuerit

881 1097 934 1125 illis
949 1098 1005 1133 ipsa
1024 1102 1140 1132 natura;
1161 1100 1222 1127 ideo
1243 1108 1258 1127 a
1279 1100 1402 1128 faciliore
1423 1102 1529 1129 initium
1545 1110 1668 1132 sumens.

881 1143 916 1171 ad
939 1143 966 1171 id
991 1145 1062 1179 qttod
1086 1145 1221 1172 diﬂicilius
1236 1145 1354 1178 videtur,
1371 1137 1498 1182 igradmn
1520 1147 1597 1174 facit.
1615 1147 1670 1175 Sed

879 1197 945 1218 vero
963 1198 1049 1226 neque
1065 1191 1116 1219 hoe
1136 1192 1194 1220 loco
1211 1193 1290 1224 dixit,
1311 1192 1362 1226 Qui
1376 1194 1520 1225 charitate,
1538 1196 1596 1226 sed,
1618 1194 1669 1228 Qui

881 1243 973 1265 amore
992 1236 1076 1264 illium
1109 1238 1244 1273 filiamque
1260 1239 1443 1274 prosequitur.
1464 1239 1582 1268 Allectus
1595 1241 1669 1268 enim

881 1283 1010 1317 ﬁliorum,
1031 1291 1109 1312 amor
1130 1285 1241 1320 quidam
1261 1291 1313 1319 est,
1331 1294 1384 1313 non
1412 1286 1532 1314 eharitas
1548 1287 1604 1323 (τι)
1621 1295 1628 1314 :
1645 1287 1668 1316 si

673 1419 835 1450 Francisei
851 1420 954 1452 Scorsi
970 1423 1065 1451 notae.

21 1488 67 1510 ex
94 1479 181 1508 sacris
193 1479 350 1518 ‘Seripturis
363 1481 507 1518 accipitur,
528 1482 560 1509 ad
585 1490 680 1510 sensus
694 1483 823 1518 mystiros

23 1523 86 1544 eas
113 1515 263 1543 transferre
304 1517 441 1549 convenit,
467 1518 537 1552 quod
560 1517 594 1545 ab
617 1515 744 1545 omnibus
771 1518 820 1546 SS.

22 1539 263 1581 uanitatis};
296 1539 822 1583 (nisi:"odii"titiniéwiﬁiiiamini
835 1539 858 1571 (ἶ

23 1588 178 1618 videmus,
193 1587 218 1614 id
247 1587 398 1614 faciendum
415 1588 465 1615 hoc
478 1587 536 1614 loco
548 1588 728 1622 Theophanes
741 1590 823 1616 etiam

25 1622 172 1657 praecepit
194 1629 267 1658 cum”
286 1623 324 1648 ait
339 1631 345 1650 :
360 1623 403 1658 νοὑ
420 1622 473 1657 χρὴ
492 1623 565 1657 μόνῳ
592 1623 773 1657 προσανέχειν
786 1624 824 1658 τῷ

26 1658 210 1692 γράμματι·
242 1657 304 1684 Non
323 1657 373 1684 soli
390 1657 485 1684 litterw
507 1659 624 1685 convenit
651 1663 761 1686 utentem
778 1657 826 1686 atl-

26 1698 150 1720 vertere.
174 1693 361 1720 Attomlumlns
380 1698 421 1720 est
450 1700 516 1720 sane
547 1694 664 1727 primum
700 1694 826 1722 litterulis

28 1735 149 1757 sensus.
179 1727 274 1754 deinde
297 1727 427 1754 elevanda
457 1736 532 1755 mens
548 1729 581 1754 ad
607 1729 746 1763 mysticus.
777 1737 825 1757 seu

29 1762 205 1797 allegoricos
217 1783 224 1791 .
248 1770 294 1788 seu
324 1763 508 1798 anagogieos:
529 1764 570 1790 hae
588 1762 660 1790 enim
682 1770 746 1791 sunt
762 1773 827 1798 par-

29 1803 86 1834 tesi
118 1798 237 1834 tnystifttf
260 1798 400 1830 tlttclrintt‘,
433 1799 465 1825 de
481 1798 579 1833 quibus
596 1799 654 1834 lege
673 1801 824 1831 prmsertim

29 1833 182 1868 Alfonsnm
192 1832 378 1868 Salnteronem
387 1840 442 1860 soc.
454 1832 563 1865 nostrae,
572 1832 638 1861 tom‘.
650 1834 659 1861 Ι
672 1835 698 1860 in
714 1834 827 1868 Euang.,

33 1868 90 1902 qui
108 1861 300 1904 prolegome‘na
322 1868 463 1896 continet:
483 1861 596 1896 vide'et
620 1877 634 1896 a
655 1861 827 1904 nobisrplu’ra'

32 1903 170 1930 adnotata
189 1902 258 1929 infra
271 1905 303 1929 ad
321 1904 393 1930 ltom.
414 1904 456 1934 Η,
475 1909 532 1931 not.
552 1904 598 1931 24.

79 1938 136 1972 (75)
154 1936 353 1965 IneIuctabilem
372 1939 563 1974 nz'eessitntem.
595 1939 625 1967 S.
653 1939 768 1974 Cyrillns
802 1940 828 1966 in

33 1974 142 2002 Oseam
158 1978 235 2000 vocat
258 1974 365 2008 ἄμαχον
380 1973 578 2009 φιλοστοργίαν
591 1983 598 2006 ;
615 1973 698 2009 agens
712 1975 782 2001 enim
796 1975 830 2001 de

36 2008 136 2038 malis.
161 2016 220 2042 qua)
245 2009 271 2035 in
288 2008 468 2043 Hierosolym.
485 2008 624 2036 obsidione
640 2008 740 2036 inllieta
755 2014 829 2039 sunt.

37 2044 129 2072 ...καὶ
141 2043 344 2080 φιλοστοργίας,
359 2043 458 2080 inqut,
474 2044 583 2079 ἀμάχου
599 2045 732 2080 ῥᾳθυμεῖν
746 2044 831 2075 αὑτὰς

37 2079 247 2112 ἀναγκάζοντος
270 2078 317 2104 τοῦ
331 2078 422 2112 λιμοῦ,
447 2083 476 2106 "t
499 2080 581 2106 etiam
600 2078 723 2106 antorem
747 2080 772 2106 in
800 2080 831 2106 [i-

27 2115 96 2141 .Iios
114 2113 214 2148 alioqui
236 2113 471 2148 inexpugnabilem
498 2121 554 2149 pne
570 2114 641 2141 {anne
658 2119 832 2149 contempse-

38 2149 111 2178 rint.

79 2183 138 2218 (74)
155 2183 236 2211 Amor
252 2184 358 2218 quidam
376 2189 425 2215 est,
444 2191 495 2211 non
525 2184 654 2211 charitas.
686 2184 754 2212 Vide
773 2192 832 2218 qua:

41 2219 165 2247 diximus
181 2219 322 2251 superiore
341 2223 396 2245 not.
421 2218 465 2251 70,
479 2218 513 2246 ad
528 2220 599 2246 hanc
627 2220 712 2252 bom.,
728 2225 756 2246 et
768 2227 826 2247 not.

40 2256 70 2286 5,
101 2253 232 2289 ΙιοιῐιηΞῚ,
251 2253 349 2288 quibus
361 2254 483 2281 addenda
500 2254 588 2281 adhuc
609 2262 693 2289 pauca
714 2255 747 2281 ad
761 2262 824 2288 pne.

41 2293 152 2318 sentem
179 2287 267 2315 locum
292 2289 492 2322 explicandum.
513 2287 660 2323 Comparat
682 2287 768 2317 eum
783 2290 826 2317 hic

42 2323 227 2358 Theophanes
259 2323 386 2351 allectum
418 2323 604 2351 vehementem
631 2329 773 2359 parentum
798 2326 824 2352 in

42 2360 116 2387 ﬁlios
145 2365 205 2395 cum
229 2359 374 2392 cbaritate,
403 2364 484 2395 atque
510 2358 584 2395 illurn
614 2358 706 2395 φιλίαν
735 2365 824 2391 vocat,

44 2396 117 2422 hanc
132 2393 256 2428 ἀγάπην.
282 2395 317 2420 At
337 2401 385 2428 per
415 2394 471 2421 haec
492 2393 624 2426 nomina,‘
644 2399 672 2422 ut
691 2394 826 2428 copiosius

44 2429 216 2457 ostetnlimus
245 2429 318 2455 hom.
347 2428 391 2455 illa
416 2429 511 2461 citata,
528 2429 656 2463 intelligit
671 2430 714 2457 hie
728 2435 826 2457 auctor

45 2464 149 2498 aliquid
173 2463 200 2490 in
221 2470 324 2500 amore,
350 2463 391 2490 vel
410 2463 736 2500 amicitiaimperl'ectius,
753 2466 824 2500 quod

44 2500 156 2535 φιλίαν,
189 2502 216 2525 et
236 2497 394 2535 perfectum
419 2499 457 2535 Vin
488 2499 582 2526 eodem
609 2507 725 2534 genere,
752 2497 824 2534 quod

43 2533 156 2570 ἀγάπην
170 2533 303 2570 nominat.
317 2535 400 2570 Amor
418 2533 500 2570 igitur
515 2533 656 2570 parentum
668 2534 703 2570 Vin
725 2533 824 2562 liberos

45 2568 136 2607 potest
147 2568 252 2607 _t_lnplici
277 2569 387 2607 _ratione
408 2568 611 2607 considerari_:__
631 2569 673 2596 vel
700 2576 751 2604 qna
782 2575 825 2596 est

46 2603 180 2633 naturalis
207 2603 330 2638 quaedam
360 2604 503 2638 propensio
528 2604 553 2629 in
584 2603 684 2631 liberos
697 2603 822 2631 a’nalura

46 2640 177 2675 profecta,
217 2647 277 2675 quite
303 2639 387 2675 etiam»
421 2638 448 2665 in
488 2638 672 2667 animantibus
708 2640 823 2666 rationis

46 2673 200 2710 expertibus
229 2674 321 2704 inest,
337 2673 388 2710 _vel
416 2681 468 2707 qua
493 2678 533 2710 est
575 2674 656 2710 etiam
683 2682 697 2701 a
718 2675 823 2710 ratione

46 2707 219 2746 pra-scriptus
235 2714 273 2746 _e_t
295 2707 436 2746 ordinatus
452 2709 574 2746 :pri_mns
595 2709 649 2746 _ille_
675 2716 737 2746 per”
751 2709 823 2746 hunc

47 2743 186 2773 auctorem
204 2743 278 2777 φιλία
303 2751 388 2775 amor,
410 2743 453 2770 hic
466 2743 561 2777 ἀγάπη
575 2743 692 2771 charitas
713 2744 821 2776 dicitttr,

46 2789 131 2814 eaque
157 2779 382 2814 δυσαπόσπαστος
409 2779 456 2814 καὶ
481 2777 595 2812 λυθῆναι
613 2779 823 2813 ἀδύνατος,ψιςιξ

47 2813 150 2844 ει-ίίίωξι
173 2814 285 2840 distrahi
302 2813 448 2840 acdissolvi
473 2820 525 2840 non
536 2814 629 2846 possit.
650 2814 734 2840 Amor
747 2814 821 2841 enim

49 2853 92 2880 ille
121 2848 254 2876 naturalis
271 2852 360 2883 potest
378 2848 562 2875 vehementius
577 2847 654 2880 ferri,
675 2856 756 2883 quam
774 2857 822 2883 par

877 1487 928 1514 est,
952 1487 978 1510 et
1002 1482 1133 1517 impedire
1156 1482 1310 1517 quominus,
1335 1482 1378 1511 vel
1407 1482 1454 1511 Del
1469 1481 1605 1514 mandata.
1624 1485 1667 1510 vel

877 1518 960 1545 etiam
992 1518 1104 1545 consilia
1123 1526 1291 1553 sequamur:
1310 1522 1392 1553 atque
1411 1523 1523 1545 eatenus
1538 1518 1668 1545 divellcn-

875 1553 966 1589 dust‘t
989 1553 1167 1585 abjiciendus,
1192 1559 1219 1579 nt
1235 1554 1361 1581 asanclis
1380 1554 1445 1580 viris
1461 1558 1488 1581 et
1500 1553 1666 1589 martyribus

876 1587 1028 1621 perfectmn
1054 1589 1187 1615 videmus.
1204 1589 1238 1615 At
1259 1597 1324 1616 vero
1343 1589 1399 1619 ille.
1418 1590 1464 1623 qni
1490 1587 1668 1622 juxta‘ratio-

877 1624 919 1650 nis
941 1625 1127 1656 pra'scriptum
1154 1629 1206 1654 est,
1226 1629 1254 1650 et
1274 1625 1415 1655 honestus,
1431 1625 1530 1658 quique
1544 1624 1588 1650 Dei
1610 1632 1664 1651 non

878 1664 1011 1693 repugnat
1023 1659 1164 1693 obsequio,
1177 1660 1345 1689 retinentius.
1355 1666 1404 1686 nec
1415 1667 1532 1693 unquam
1545 1660 1666 1686 eximen-

877 1694 940 1724 dus,
967 1694 1037 1726 quod
1066 1701 1099 1720 ex
1122 1694 1221 1725 (triplici
1243 1694 1452 1727 Evangeliornm
1469 1694 1666 1727 loeointelligi-

879 1733 942 1755 tur:
967 1729 1018 1762 Qui
1043 1733 1118 1755 amat
1138 1729 1208 1762 ﬁlios
1240 1734 1287 1756 aut
1303 1730 1374 1763 ﬁlias
1387 1729 1444 1762 plus
1463 1737 1542 1764 quant
1555 1737 1595 1756 me
1615 1738 1666 1757 nar;

877 1768 916 1799 est
932 1771 971 1790 me
999 1764 1114 1798 dignus;
1135 1770 1158 1790 et
1186 1765 1232 1799 qui
1259 1769 1331 1792 amat
1355 1770 1456 1798 patrem
1484 1770 1529 1791 aut
1554 1769 1664 1790 matrem

878 1798 1024 1833 plusquam
1036 1807 1085 1829 me.
1095 1807 1146 1825 non
1163 1798 1199 1826 est
1215 1807 1254 1826 me
1266 1800 1358 1833 dignus
1369 1799 1473 1833 (Matth.
1487 1807 1513 1830 x,
1526 1799 1587 1832 57):
1600 1807 1661 1826 cum

879 1837 970 1860 tamen
995 1833 1032 1869 in_
1047 1834 1178 1869 Deralogo
1193 1834 1366 1868 praecipiatur
1382 1834 1469 1861 amari
1498 1839 1526 1861 et
1546 1835 1596 1861 coli
1614 1842 1662 1868 pa-

880 1872 982 1896 rentes.
1020 1867 1110 1901 Atque
1146 1867 1333 1904 hujuscemodi
1374 1876 1494 1897 amorem
1522 1867 1663 1897 hunestmn

879 1904 1042 1937 gravissimo
1067 1905 1176 1932 nomine
1199 1904 1360 1931 cbaritatem
1389 1904 1504 1938 appellat
1519 1905 1600 1931 etiam
1615 1904 1664 1932 Ci-

880 1945 954 1971 cero,
979 1939 1015 1964 De
1034 1939 1162 1972 amicitia,
1195 1939 1240 1965 ubi
1265 1939 1332 1966 duos
1354 1947 1460 1966 amores
1492 1947 1664 1973 comparans.

881 1980 950 2006 quos
971 1974 1157 2004 distinximus,
1180 1974 1219 2001 sic
1236 1974 1274 2000 ait
1292 1983 1298 2000 :
1322 1974 1399 2006 Quod
1416 1974 1521 2008 quidem
1533 1974 1609 2007 quale
1628 1975 1664 2001 sit

880 2009 960 2035 etiam
976 2008 1003 2035 in
1029 2009 1116 2035 bestiis
1126 2009 1284 2042 quibusdam
1299 2009 1473 2036 animaduerti
1488 2014 1592 2042 potest;
1606 2017 1663 2044 qua

881 2050 913 2070 ea:
928 2051 955 2079 se
973 2048 1047 2070 natos
1078 2044 1116 2070 ita
1132 2049 1223 2070 amant
1241 2045 1275 2070 ad
1294 2045 1427 2079 quoddam
1443 2049 1554 2075 tempus,
1578 2051 1601 2071 et
1631 2045 1663 2070 ab

881 2078 919 2105 eis
942 2078 979 2105 ita
995 2083 1128 2109 amantur,
1152 2084 1179 2105 ut
1203 2079 1281 2112 facile
1296 2087 1386 2106 eorum
1414 2083 1540 2112 appareat
1560 2087 1663 2111 sensus,

881 2114 951 2148 quod
974 2113 1001 2140 in
1025 2114 1130 2140 homine
1152 2113 1235 2141 multo
1259 2119 1295 2140 est
1316 2114 1482 2145 evidentius;
1507 2115 1621 2148 primum
1632 2123 1664 2141 ex

883 2157 913 2175 ea
936 2149 1076 2180 c/taritate,
1101 2157 1159 2183 qua:
1173 2154 1210 2176 est
1231 2149 1299 2175 inter
1316 2153 1392 2176 natos
1413 2154 1438 2176 et
1457 2155 1588 2183 parentes,
1606 2158 1664 2181 qua

884 2183 984 2215 dirimi,
1009 2184 1060 2210 nisi
1090 2184 1238 2210 detestabili
1272 2183 1368 2211 scelere
1398 2192 1448 2210 non
1477 2189 1571 2218 potest.
1602 2184 1664 2212 llalc

885 2218 991 2249 Cicero,
1017 2226 1048 2245 ex
1082 2226 1137 2253 quo
1163 2219 1239 2246 vides
1259 2226 1379 2245 amorem
1395 2220 1486 2246 vocari
1514 2219 1663 2246 bestiarum

882 2253 908 2280 in
927 2253 998 2281 fetus
1024 2261 1098 2284 suos.
1114 2261 1194 2288 quem
1218 2255 1327 2288 quidem
1344 2253 1507 2280 eharitatent
1523 2261 1602 2280 nemo
1619 2262 1662 2281 re-

878 2293 923 2316 cte
943 2289 1097 2323 appellarit,
1127 2295 1209 2323 atque
1230 2290 1279 2316 hoc
1297 2289 1377 2316 modo
1405 2289 1547 2323 distinguit
1569 2289 1663 2322 φιλίαν

877 2327 905 2350 et
922 2324 1034 2358 ἀγάπην
1058 2324 1102 2351 hic
1116 2329 1220 2351 auctor.
1238 2324 1315 2357 Quod
1332 2331 1413 2358 porro
1430 2324 1522 2351 subdit
1538 2331 1570 2351 ex
1587 2325 1661 2357 Apo-

877 2359 959 2389 stolo.
989 2360 1022 2385 ad
1042 2359 1049 2385 Ι
1066 2358 1129 2386 Cor.
1157 2367 1226 2387 xtu:
1250 2358 1374 2387 Charitas
1395 2367 1527 2393 nunquam
1552 2360 1661 2389 excidit.

878 2398 966 2427 potest
981 2394 1072 2420 itidem
1084 2394 1284 2421 aecommodari
1298 2395 1331 2420 ad
1342 2401 1401 2420 eam
1411 2395 1570 2421 ebaritatem
1583 2396 1662 2421 modo

876 2429 1058 2463 explicatam:
1079 2430 1139 2456 talis
1159 2430 1231 2456 enim
1253 2436 1286 2457 ea
1304 2433 1344 2456 est
1366 2434 1395 2456 ut
1412 2436 1561 2462 nunquam,
1576 2437 1662 2462 quau-

878 2468 934 2490 tum
958 2467 999 2491 est
1013 2471 1047 2491 ex
1071 2469 1168 2491 natura
1190 2472 1251 2495 sua,
1268 2463 1355 2490 amitti
1386 2464 1427 2490 vel
1442 2464 1522 2490 eximi
1540 2464 1602 2498 jure
1616 2465 1662 2490 de-

879 2498 955 2526 beat:
976 2499 1016 2526 sic
1028 2499 1101 2525 enim
1119 2499 1200 2525 etiam
1222 2499 1293 2526 hunc
1303 2499 1423 2532 Apostoli
1445 2499 1534 2525 locum
1545 2499 1662 2532 explicul

875 2539 988 2568 sanctus
1015 2534 1192 2568 Augustinus,
1210 2533 1256 2561 lib.
1276 2533 1312 2560 De
1332 2539 1428 2560 natura
1443 2539 1466 2560 et
1481 2533 1583 2568 gratia.
1600 2542 1660 2567 cap.

876 2567 921 2598 14.
936 2573 963 2595 et
987 2567 1082 2595 omnes
1096 2569 1276 2595 communiter
1292 2569 1457 2596 intellectum
1482 2567 1514 2594 de
1526 2568 1662 2596 ebaritatc

875 2604 1073 2636 supernatnrali
1091 2612 1098 2629 ε
1118 2603 1198 2630 talem
1213 2604 1340 2630 nimirum
1369 2611 1429 2630 eam
1449 2611 1520 2636 esse,
1538 2608 1662 2637 utquan-

875 2642 932 2672 tum
959 2643 1001 2664 est
1016 2645 1047 2664 ex
1066 2642 1161 2664 natura
1185 2646 1234 2665 sua
1249 2645 1388 2672 nunquam
1405 2638 1522 2670 excidat,
1554 2638 1617 2665 licot
1634 2639 1659 2664 in

874 2671 925 2699 hac
949 2673 1002 2699 vita
1028 2673 1113 2706 possit
1127 2681 1158 2699 ex
1177 2671 1325 2700 voluntatis
1349 2672 1475 2700 libertate
1502 2673 1658 2706 rejici,cum

876 2711 965 2734 tamen
988 2715 1050 2741 spes
1064 2712 1091 2734 et
1110 2707 1177 2735 ﬂdes
1193 2715 1225 2734 ex
1254 2712 1348 2734 natura
1380 2715 1427 2734 sna
1454 2708 1592 2734 abolendae
1604 2708 1658 2735 sint

875 2741 900 2768 in
915 2742 999 2769 altera
1018 2743 1087 2769 vita:
1109 2743 1181 2769 unde
1196 2747 1398 2777 consequenter
1424 2742 1461 2769 ait
1476 2742 1656 2776 Theophanes

873 2776 906 2803 de
920 2777 1054 2804 charitate
1080 2777 1124 2804 illa
1153 2776 1368 2812 honesta,’quze
1394 2777 1475 2804 eximi
1501 2782 1574 2804 recte
1602 2785 1655 2804 non

873 2817 971 2845 potest.
996 2819 1049 2839 non
1061 2820 1121 2840 esse
1148 2816 1309 2847 praeceptum
1334 2820 1348 2839 ιι
1369 2812 1496 2844 Domino,
1514 2817 1543 2839 ut
1557 2812 1657 2839 evella-

874 2851 928 2880 tur,
957 2847 1003 2875 sed
1019 2848 1109 2882 potius
1138 2855 1258 2875 amorem
1280 2847 1353 2875 illum
1378 2848 1500 2882 priorem
1519 2848 1654 2876 immode-
