1875 3055
196 95 250 128 795
796 95 1046 127 THEOPHANIS
1065 95 1237 127 CERAMEI
1788 98 1841 129 796

196 155 269 182 enim
289 153 411 182 charitas
435 156 527 187 esset,
543 153 657 182 distrahi
671 160 703 181 ac
725 152 836 182 dissolvi
853 161 905 182 non
921 162 976 189 pos-

1078 154 1128 187 ιλος
1140 162 1148 170 ·
1164 154 1220 182 οὐδ’
1232 154 1265 182 ἂν
1281 155 1296 181 ὁ
1312 154 1407 190 Σωτὴρ
1425 153 1582 190 ἐνομοθέτει
1601 154 1731 185 ἀδύνατα
1746 162 1756 170 '
1779 165 1791 181 ε
1816 157 1844 183 El

197 205 239 228 set
255 207 263 226 :
281 208 290 226 ι
306 199 434 228 Charitas
450 201 522 228 enim
541 207 679 235 nunquam
699 199 810 234 excidit,
831 209 841 227 ι
861 200 899 227 ait
917 200 976 236 Apo

1078 210 1080 216 ·
1094 201 1204 237 ἔρχεται
1218 201 1289 237 πρός
1303 209 1347 236 με,
1362 201 1460 235 λέγων,
1474 202 1523 229 καὶ
1535 202 1565 229 οὗ
1582 203 1660 237 μισεῖ
1671 201 1723 228 τὸν
1737 203 1845 237 πατέρα

200 245 286 274 stolus
300 245 335 278 ",
350 252 438 280 neque
453 253 517 273 vero
532 253 591 280 qua:
605 245 664 272 ﬁeri
685 253 737 272 non
753 250 878 280 possunt,
895 245 976 274 Domi

1078 246 1123 273 τοῦ
1140 246 1188 274 καὶ
1203 246 1252 282 τὴν
1269 247 1388 282 μητέρα.
1405 247 1436 274 οὐ
1452 247 1564 274 δύναταί
1583 256 1638 282 μου
1656 245 1735 274 εἶναι
1754 249 1845 283 μαθη-

199 300 249 319 nus
263 292 371 326 jubert-t
386 299 393 318 :
412 301 421 317 ι
437 291 465 318 Si
489 291 562 326 quis,
583 291 681 326 inquit,
697 293 771 318 venit
786 291 818 318 ad
834 298 877 318 me
889 296 916 318 et
935 299 976 319 nm

1078 301 1098 324 :.
1123 301 1133 318 ι
1158 292 1227 319 Ἀλλ’
1243 293 1260 328 ἡ
1280 292 1356 327 φιλία
1376 293 1489 327 ἀγάπης
1509 293 1560 328 μὲν
1580 294 1657 320 ἐστιν
1678 293 1760 328 ἀρχὴ
1773 315 1781 325 ,
1804 296 1844 320 ml

197 338 256 365 odit
280 343 385 373 patrem
412 346 489 365 suum
526 343 573 364 aut
596 343 709 364 matrem
726 344 814 371 suam,
833 345 885 365 non
902 343 991 373 palest

200 391 275 412 meus
302 391 364 411 esse
388 383 548 418 discipulus.
569 393 579 410 ι
598 383 651 410 Sed
670 391 746 411 amor
762 383 903 411 charitatis
928 384 987 418 qui-

199 430 261 456 dem
279 429 499 456 inchoamenlum
517 433 558 456 est
580 429 715 464 quoddam
742 433 770 456 et
796 430 873 464 quasi
890 429 988 456 funda-

201 478 321 501 mentum
332 482 339 500 :
350 475 470 502 charitas
492 483 557 503 vero
567 475 696 510 appellari
710 483 881 511 nequaquam
894 478 990 509 potest.

197 519 289 553 Quare
313 521 422 555 negotio
445 520 546 555 aliquo,
572 526 599 549 et
622 522 773 556 cupiditate
788 521 993 548 vehementiore

200 565 325 593 trahente
336 573 457 594 amorem
476 566 544 594 solvi
559 567 702 602 contingit.
724 567 776 594 Sed
795 566 874 601 juxta
889 573 992 601 anago-

197 611 287 646 gicum
306 619 427 645 sensumI
445 620 494 647 per
512 612 597 640 ﬁlium
617 617 644 640 et
661 612 743 639 ﬁliam
764 611 876 647 intelligi
902 612 990 647 possit

1038 335 1095 364 οἷον
1108 338 1211 372 κρηπίς
1222 346 1230 353 ·
1244 338 1339 372 ἀγάπη
1353 337 1382 364 δὲ
1396 338 1447 364 οὐκ
1460 338 1493 365 ἂν
1506 338 1622 372 λέγοιτο.
1635 339 1727 365 Ὅθεν
1740 338 1771 368 δὲ
1787 338 1843 365 λύε-

1041 383 1104 410 σθαι
1118 383 1220 417 ταύτην
1236 383 1380 418 συμϐαίνει
1407 384 1568 419 πράγματός
1582 393 1671 417 τινος,
1689 385 1709 419 ἢ
1729 384 1833 418 σφτιδρο

1041 428 1121 464 τέρου
1137 429 1221 456 πόθου
1237 429 1410 463 ὑφέλκοντος.
1428 430 1508 457 Κατὰ
1522 430 1550 456 δὲ
1563 430 1608 457 τὸν
1622 430 1676 465 τῆς
1691 431 1845 464 ἀναγωγῆς

1041 475 1120 509 λόγον
1142 476 1229 502 νοοῖτο
1243 475 1277 502 ἂν
1292 475 1348 506 uio;
1363 475 1380 510 ἢ
1396 475 1520 511 θυγάτηρ
1545 476 1581 503 τὰ
1606 477 1639 502 ὲκ
1653 474 1706 502 τοῦ
1733 475 1845 510 θυμοει-

1039 521 1101 553 δοῦς
1126 522 1173 548 καὶ
1184 521 1232 548 τοῦ
1245 521 1446 557 ἐπιθυμητικοῦ
1462 522 1564 558 μέρους
1575 522 1626 557 τῆς
1639 522 1740 557 ψυχῆς
1751 523 1845 549 τικτό-

1042 575 1113 603 μενα
1126 567 1216 602 φαῦλα
1229 569 1400 603 γεννήματα.
1412 568 1506 595 Ταῦτα
1517 569 1584 602 γοῦν
1594 569 1646 603 τῆς
1656 568 1710 596 τοῦ
1723 568 1846 603 Χριστοῦ

1040 614 1151 648 ἀγάπης
1166 615 1197 641 οὗ
1213 615 1267 650 χρὴ
1284 615 1433 650 προτιμᾷν.

198 665 259 691 quae
273 664 306 685 ex
325 659 531 693 concupiscibili
556 663 583 687 et
597 659 726 687 irascibili
741 659 839 686 animae
870 665 948 694 parte
979 659 1086 687 soboles
1120 661 1189 688 mala
1205 661 1390 695 progignitur;
1410 665 1438 688 et
1471 661 1527 689 haec
1545 668 1611 689 sane
1625 661 1739 691 Christi
1755 661 1844 689 chari-

200 705 248 732 tati
264 705 431 740 praeferenda
449 714 502 734 non
516 710 592 734 est”

240 760 251 778 ι
267 752 301 780 Et
314 753 360 787 qui
377 760 429 780 non
451 753 522 781 tollit
538 760 649 782 crucem
673 761 762 786 suam,
783 758 812 781 et
832 753 907 781 venit
931 756 992 788 post

200 804 255 830 me,
272 805 323 825 non
338 802 381 825 est
398 805 441 826 me
455 798 561 833 dignus.
581 807 591 824 ι
606 798 676 832 Quid
699 798 736 826 sit
757 805 866 825 crucem
883 796 988 830 tollere,

199 843 300 878 quidve
324 843 463 871 Christum
489 844 578 879 sequi,
596 844 658 872 alibi
675 851 691 871 a
706 843 787 879 293
804 844 882 871 nobis
904 842 989 871 fusius

200 889 345 917 dissertum
363 895 415 916 est.
433 888 511 917 Nunc
527 897 592 917 vero
613 894 717 917 tantum
739 890 839 917 dixisse
862 889 898 916 sit
923 889 992 916 satis

199 942 310 963 crucem
324 935 453 970 appellari
475 935 655 963 voluntariam
674 936 765 964 carnis
788 935 993 970 appetitionem,

200 986 229 1008 et
246 986 362 1009 mortem
393 981 494 1009 Christi
520 989 602 1009 causa
626 987 795 1017 susceptam;
812 981 890 1017 sequi
926 988 993 1009 vero

201 1026 292 1062 ipsum
305 1034 366 1055 esse
382 1027 445 1055 vita
469 1027 621 1061 rationem,
637 1035 717 1063 quam
739 1027 797 1063 ipse
811 1027 897 1055 factus
912 1027 994 1055 homo

201 1072 229 1099 in
243 1077 314 1101 terra
333 1073 431 1107 tenuit,
450 1079 583 1109 quantum
599 1073 640 1101 ias
654 1078 697 1101 est
711 1073 814 1101 homini
828 1072 944 1100 imitari.

240 1224 252 1242 ‹
275 1215 456 1250 Respondens
473 1218 564 1242 autem
584 1213 682 1242 Petrus
707 1213 777 1241 dixit
795 1213 821 1241 ei
843 1221 852 1240 :
870 1211 993 1246 Domine,

204 1269 270 1290 ecce
286 1269 335 1290 nos
358 1261 517 1296 reliquimus
540 1260 652 1293 omnia,
676 1263 702 1287 et
726 1259 813 1288 secuti
833 1266 926 1286 sumus
943 1262 968 1285 te
984 1266 1008 1291 :_

202 1308 269 1344 quid
284 1315 351 1343 ergo
373 1308 427 1336 erit
441 1307 542 1335 nobis?
561 1315 571 1333 ›
597 1306 648 1334 Hic
671 1305 753 1340 aliqui
779 1305 852 1332 inani
876 1304 993 1339 quodam

207 1349 319 1389 impetu~
349 1353 460 1380 ductum
495 1355 639 1379 autumant
678 1349 874 1384 discipulorum
913 1355 995 1383 cory-

203 1401 311 1436 phaeum
326 1398 402 1434 (75).
420 1403 449 1426 ιιι
464 1398 515 1425 hoc
538 1398 642 1425 diceret
654 1416 662 1428 .
690 1396 881 1424 scurrilitatem
905 1394 995 1429 potius

207 1445 365 1481 quamdam,
381 1451 462 1478 quant
480 1443 624 1471 veritatem
648 1446 796 1470 sectantes.
824 1441 906 1468 Aiunt
922 1441 993 1468 enim

206 1498 276 1518 vana
300 1488 483 1517 ostentatione
504 1488 624 1522 iactasse
653 1488 762 1516 Petrum
795 1488 939 1522 reliquisse
965 1494 994 1515 se

1081 763 1092 780 ι
1117 754 1173 780 Καὶ
1194 753 1224 785 ὂς
1245 753 1276 780 οὒ
1299 753 1436 788 λαμϐάνει
1456 753 1502 780 τὸν
1524 754 1642 790 σταυρὸν
1665 755 1759 782 αὑτοῦ
1772 776 1781 788 ,
1804 752 1847 783 κςιῖ

1042 799 1186 827 ἀκολουθεῖ
1201 800 1290 826 ὀπίσω
1309 808 1377 834 μου,
1393 799 1442 826 οὐκ
1457 799 1516 826 ἐστι
1532 809 1582 835 μου
1597 800 1686 834 ἄξιος.
1711 810 1722 827 ι
1745 801 1782 828 Τί
1801 803 1847 836 μέν

1005 862 1027 891 Β
1042 845 1101 872 ἐστι
1118 845 1148 873 τὸ
1167 845 1259 872 λαϐεῖν
1275 845 1322 872 τὸν
1342 845 1469 880 σταυρὸν.
1488 845 1537 872 καὶ
1555 846 1582 872 τί
1600 847 1630 872 τὸ
1653 846 1847 882 ἀκολουθῆπαι

1042 891 1164 927 Χριστῷ,
1179 892 1208 917 ἂν
1223 891 1314 922 ἄλλοις
1328 891 1395 926 ἡμῖν
1410 890 1578 926 πλατύτερον
1592 891 1708 928 είρηται
1732 900 1741 906 ·
1756 894 1809 919 νῦν
1823 894 1847 920 r32

1043 935 1170 964 τοσοῦτον
1184 935 1259 963 ἔστιν
1272 937 1371 968 είπείν,
1383 935 1420 968 ὡς
1436 937 1553 972 σταυρὸν
1567 937 1617 972 μὲν
1629 937 1711 971 λέγει
1727 938 1790 964 τῶν
1802 941 1847 974 τῆς

1044 981 1145 1016 σαρκὸς
1166 981 1328 1016 θελημάτων
1344 981 1395 1017 τὴν
1413 981 1538 1008 ἑκούσιον
1555 982 1715 1018 νέκρωσιν,
1734 985 1786 1010 καὶ
1803 985 1846 1010 τὸν

1043 1029 1114 1064 ὑπὲρ
1128 1028 1211 1055 αὐτοῦ
1226 1028 1340 1056 θάνατον
1351 1036 1358 1044 ·
1372 1029 1403 1055 τὸ
1414 1028 1443 1055 δὲ
1456 1028 1639 1065 ἀκολουθῆσαι
1656 1029 1739 1065 αὐτῷ
1752 1030 1786 1057 τὸ
1800 1031 1846 1066 τὴν

1043 1075 1149 1103 ἐκείνου
1171 1075 1320 1108 πολιτείαν,
1343 1075 1382 1107 ὡς
1403 1075 1518 1102 δυνατὸν
1538 1075 1691 1112 ἀνθρώπῳ,
1719 1076 1848 1112 μιμήσα-

1045 1122 1118 1154 σθαι,
1139 1121 1170 1154 ὃς
1191 1121 1387 1149 ἐπολιτεύσατο
1407 1122 1455 1149 ἐπὶ
1475 1122 1526 1158 τῆς
1547 1122 1600 1157 γῆς
1621 1122 1781 1157 γενόμενος
1804 1123 1846 1149 ἄν·

1045 1167 1169 1204 θρωπος.

1082 1223 1093 1241 ί
1113 1213 1288 1249 ’Δποκριθεὶς
1301 1214 1351 1241 δὲὸ
1364 1214 1469 1249 Πέτρος
1481 1222 1558 1240 ειπεν
1573 1213 1660 1250 αὗτῷσ
1673 1213 1783 1249 Κύριε,
1794 1215 1843 1241 ίδοὺ

1044 1261 1125 1296 ἡμεῖς
1137 1261 1283 1296 ἀφήκαμεν
1299 1261 1400 1291 πάντα,
1415 1261 1462 1287 καὶ
1477 1259 1709 1296 ἠκολουθήσαμέν
1742 1269 1797 1290 σοι,
1816 1261 1840 1286 τί

1044 1307 1099 1342 ἄρα
1114 1305 1192 1332 ἔσται
1205 1307 1290 1341 ἠμῖν;
1313 1315 1322 1332 ι
1332 1305 1466 1333 Ἐνταῦοά
1481 1314 1554 1338 τινες
1569 1305 1674 1339 πολλὴν
1687 1305 1746 1340 τὴν
1762 1314 1843 1331 καταο

1045 1351 1133 1387 φορὰν
1149 1352 1196 1378 τοῦ
1210 1350 1542 1386 κορυφαίουὲποιήσαντο,
1554 1350 1730 1386 εὐτραπελίᾳ
1763 1350 1843 1376 πλέον

1045 1396 1194 1433 ἢάληθείᾳ
1209 1397 1414 1431 οτοιχήσαντες.
1443 1397 1513 1423 Φασὶ
1541 1395 1606 1431 γὰρ,
1639 1395 1679 1428 ὡς
1713 1396 1807 1431 μάτην
1832 1396 1844 1422 6

1046 1443 1150 1478 Πέτρος
1163 1442 1343 1477 κομπολογεῖ,
1359 1442 1397 1474 ὡς
1417 1442 1497 1477 ἀφεὶς
1511 1441 1612 1474 πάντα,
1645 1442 1694 1468 καὶ
1728 1441 1843 1468 ἀκολου-

1047 1487 1261 1523 θήσαςΧριστῷ.
1275 1488 1309 1514 Τί
1323 1488 1378 1523 γὰρ
1401 1488 1449 1514 καὶ
1482 1487 1630 1522 κατέλειψε
1659 1487 1752 1523 πένης
1783 1496 1843 1522 τυγ-

204 1537 313 1569 omnia,
328 1541 355 1564 et
367 1541 490 1564 secutum
506 1544 567 1564 esse
582 1535 719 1564 Christum
733 1543 741 1568 ;
757 1535 821 1570 qttid
838 1535 912 1562 enim
927 1534 975 1562 reli

1078 1542 1145 1565 ινων,
1160 1533 1208 1561 καὶ
1225 1533 1318 1565 ἁλιεύς
1334 1542 1341 1566 ;
1359 1533 1458 1566 ἁλιέως
1477 1533 1505 1560 δὲ
1520 1533 1563 1565 τίς
1581 1533 1616 1560 ἃν
1629 1534 1675 1568 εἴη
1708 1535 1841 1560 πενέστε-

207 1584 285 1619 quit,
301 1583 347 1618 qui
372 1590 477 1618 pauper
500 1587 526 1611 et
553 1583 674 1618 piscator
697 1582 773 1609 erat?
790 1581 856 1614 Quis
875 1589 938 1609 vero
953 1581 995 1616 pi-

205 1637 314 1659 scatore
326 1630 492 1665 pauperior?
508 1630 558 1656 nisi
579 1629 641 1664 quis
658 1629 726 1657 forte
748 1629 838 1656 lacera
865 1627 995 1656 obtendat

207 1679 277 1706 retia
290 1698 298 1711 ,
315 1686 375 1711 qua:
401 1675 570 1705 resarciebat
586 1675 609 1703 is
621 1695 628 1707 ,
645 1674 691 1710 qui
715 1674 785 1701 unde
809 1678 917 1708 pararet
941 1673 994 1700 alia

204 1731 260 1750 non
273 1723 390 1751 habebat
404 1732 412 1756 ;
425 1723 485 1750 haec
496 1721 579 1756 aliqui
594 1720 720 1748 dixerunt
731 1719 873 1747 veritatem
889 1718 1000 1746 minime

209 1769 396 1797 attendentes.
406 1767 557 1804 Oportebat
582 1766 656 1794 enim
668 1765 843 1793 considerare
858 1764 883 1792 in
897 1764 999 1792 retibus

191 1806 286 1852 ipsis,
297 1821 324 1844 et
338 1815 410 1849 navi,
422 1822 480 1849 qua:
496 1812 765 1848 reliquit,omnes‘illi
776 1811 878 1846 positas
892 1811 998 1838 tuendae

207 1865 271 1890 vitae
292 1862 424 1889 rationes.
440 1860 473 1888 Et
488 1866 554 1887 sane
569 1859 673 1894 exigua:
689 1865 765 1893 opes,
777 1864 852 1891 teque
865 1865 896 1884 ac
906 1856 998 1884 multae

206 1908 290 1935 animi
324 1906 451 1935 aﬂ‘ectum
482 1906 510 1933 in
539 1904 706 1940 pauperibus
731 1902 860 1930 retinent.
888 1901 941 1928 Sed
972 1905 999 1928 et

205 1952 400 1988 discipulornnt
431 1951 477 1979 alii
505 1949 635 1986 pecunias
656 1948 737 1976 etiam
754 1950 997 1982 contempserunt:

205 1998 347 2026 Mattheus
362 1997 433 2025 enim
458 1996 539 2024 simul
555 2002 587 2023 ac
612 1993 749 2022 Christum
765 1992 840 2027 sequi
868 1992 999 2024 decrevit,

212 2052 244 2071 ex
266 2044 369 2072 telonio
384 2050 500 2079 surgens
518 2050 570 2069 non
587 2041 664 2068 lucra
680 2040 760 2067 modo
774 2039 893 2073 reliquit,
910 2039 957 2065 scd
972 2042 1000 2065 et

209 2088 332 2122 pericula
350 2087 471 2122 neglexit
493 2086 563 2122 ('76),
584 2093 645 2121 qua:
662 2092 676 2111 a
697 2084 866 2118 publicorum
883 2083 1000 2118 vectiga-

241 2154 265 2172 ’⁸
279 2155 287 2182 l
303 2153 367 2182 Cor.
385 2161 436 2188 xtt,
452 2153 479 2182 8.

1050 1588 1096 1615 ρος
1111 1588 1119 1612 ;
1134 1579 1158 1606 εί
1176 1580 1212 1615 μή
1225 1588 1266 1609 τις
1291 1579 1358 1615 φαίη
1384 1579 1419 1606 τὰ
1443 1579 1613 1615 διερρωγότα
1645 1579 1703 1606 τῶν
1728 1579 1841 1606 δικτύων

1048 1626 1176 1661 τεμάχια,
1203 1625 1220 1652 ἃ
1242 1625 1274 1660 δὴ
1299 1625 1497 1660 συνέρῤαπτεν.
1527 1625 1565 1656 ὡς
1594 1625 1633 1661 μὴ
1651 1625 1725 1660 ἔχων
1764 1626 1842 1653 πόθεν

1049 1672 1194 1706 πορίσαιτο
1221 1672 1315 1706 ἕτερα.
1340 1671 1434 1697 Ταῦτα
1469 1669 1546 1697 εἶπόν
1570 1680 1643 1702 τινες
1666 1671 1791 1705 τάληθὲς
1816 1674 1842 1698 οῦ

1049 1717 1295 1752 περισκεψάμενοι.
1324 1717 1422 1752 Ἐχρῆν
1438 1718 1490 1752 γὰρ
1502 1717 1630 1751 συνιδεῖν,
1646 1718 1685 1749 ὡς
1714 1717 1789 1745 αὐτὰ
1813 1720 1842 1745 τὰ

1047 1764 1144 1791 δίκτυα
1170 1764 1219 1791 καὶ
1234 1763 1265 1791 τὸ
1273 1764 1376 1796 πλοῖον,
1388 1763 1406 1790 ἃ
1420 1764 1451 1798 δὴ
1466 1763 1611 1796 κατέλιπε,
1628 1763 1708 1790 πᾶσα.
1724 1761 1761 1799 ἦν
1773 1763 1842 1799 αὑτῷ

1047 1810 1094 1837 τοῦ
1111 1809 1170 1845 βίου
1185 1810 1315 1845 ἀφορμή·
1330 1809 1379 1836 καὶ
1393 1809 1426 1836 τὰ
1438 1809 1517 1843 ὀλίγα
1533 1808 1599 1843 γοῦν
1608 1808 1664 1835 τῶν
1686 1810 1841 1844 χρημάτων

1047 1855 1097 1889 τὴν
1112 1855 1173 1890 ἴσην
1187 1856 1244 1886 τοῖς
1255 1855 1366 1886 πολλοῖς
1379 1855 1569 1890 προσπάθειαν
1591 1855 1621 1881 ὲν
1637 1855 1697 1886 τοῖς
1727 1855 1842 1890 πένησιν

1048 1899 1167 1936 ἔχουσιν.
1196 1900 1288 1926 Ἄλλοι
1315 1900 1345 1927 δὲ
1368 1900 1423 1927 τῶν
1453 1900 1584 1935 μαθητῶν
1616 1900 1666 1927 καὶ
1691 1901 1841 1935 χρημάτων

1049 1945 1202 1980 ὑπερόπται
1215 1946 1356 1980 γεγόνασι.
1371 1946 1513 1977 Ματθαῖος
1529 1945 1582 1981 γὰρ
1597 1945 1657 1980 ἅμα
1670 1945 1712 1981 τῷ
1728 1946 1839 1973 ἀκολου-

1049 1991 1130 2026 Θῆσαι
1143 1991 1190 2017 τοῦ
1205 1991 1334 2018 τελωνίου
1364 1991 1516 2023 ἐξαναστὰς
1533 1992 1564 2017 οὐ
1584 1992 1618 2018 τὰ
1643 1991 1734 2026 κέρδη
1766 1993 1839 2026 μόνον

1048 2037 1208 2066 κατέλιπεν,
1227 2037 1357 2064 ἀλλὰκαὶ
1385 2038 1438 2064 τῶν
1472 2037 1604 2064 κινδύνων
1635 2038 1796 2073 ὑπερεῖδεν.
1818 2037 1839 2063 οἱ

1048 2083 1243 2110 ἐπακολουθεῖν
1254 2083 1332 2119 αὐτῷ
1346 2083 1458 2119 ἔμελλον
1482 2084 1558 2118 παρὰ
1576 2083 1630 2111 τῶν
1661 2084 1839 2111 εἰσπραττόν-

833 2195 995 2227 Francisci
1011 2194 1116 2226 Scorsi
1135 2196 1230 2225 notas.

208 2269 308 2295 ratum,
327 2270 389 2291 cum
403 2263 459 2290 ait:
489 2262 519 2290 Si
534 2263 593 2297 quis
617 2263 685 2290 venit
702 2261 737 2289 ad
752 2270 803 2294 me,
815 2266 843 2289 et
862 2269 914 2287 non
936 2259 991 2286 odit
1009 2261 1032 2289 ι)
1047 2257 1181 2297 diliicilius
1195 2257 1233 2297 ind.
1257 2260 1338 2291 atque
1353 2255 1426 2297 haud
1444 2263 1568 2297 scto‘Lan
1579 2257 1798 2290 consequentius
1814 2258 1835 2297 in

206 2304 308 2334 patrem
333 2307 420 2334 suum,
442 2303 488 2334 aut
510 2302 622 2334 matrent
637 2306 729 2334 suum:
747 2305 798 2323 non
822 2301 905 2334 potest
919 2303 992 2334 meus

207 2331 262 2362 esse
287 2332 432 2367 discipulus
448 2332 524 2366 (Luc.
541 2341 597 2363 xtv.
612 2333 669 2363 26).
697 2332 788 2367 Neque
803 2332 883 2359 enim.
897 2331 996 2362 inquit,

207 2369 277 2404 quod
298 2368 355 2403 fieri
374 2376 427 2404 non
445 2368 623 2404 poteslritton
649 2373 734 2401 potest
756 2371 845 2393 autent
873 2373 921 2404 ex‘
939 2372 989 2404 usu

208 2398 347 2432 communi
373 2398 511 2437 loquendi,
538 2398 608 2429 idem
637 2398 689 2431 est.
720 2405 801 2437 atque
827 2408 879 2437 non
906 2398 996 2434 debet)

208 2439 360 2473 praeciperet
388 2435 524 2464 Dominus.
544 2437 655 2464 Demntn
676 2436 799 2473 adiungit
813 2435 907 2473 φιλίαν
924 2442 998 2473 a_mo-

209 2469 266 2500 rem
288 2469 349 2500 esse
367 2473 588 2499 inchoamenlum
618 2469 810 2507 quoddam,7et
830 2470 908 2507 quasi
934 2469 994 2507 fun-

209 2509 365 2534 damentum
397 2507 538 2534 charitatis
565 2507 616 2541 τῆς
628 2503 754 2541 ἆγάπης.
779 2505 918 2541 nimirum,
933 2503 995 2538 quia

209 2550 287 2569 amor
310 2542 354 2569 ille
382 2542 513 2569 naturalis
540 2546 568 2569 et
594 2539 775 2575 imperfectus
800 2539 893 2574 perﬁci
909 2542 998 2573 potest

208 2582 235 2604 et
263 2577 343 2612 dirigi
372 2585 386 2603 a
413 2577 528 2605 ratione.
555 2581 585 2603 ut
602 2577 723 2604 charitas
743 2576 804 2612 _ﬁat
827 2579 855 2612 et
877 2575 996 2612 dicatur.

209 2613 298 2647 Atque
315 2608 446 2647 hactenus
471 2611 535 2638 mihi
568 2612 662 2639 videor
685 2619 721 2638 ex
743 2610 793 2647 hac
822 2608 998 2647 distinctione

209 2643 311 2674 amoris
328 2645 458 2673 naturalis
473 2652 500 2673 et
516 2647 625 2673 humani
641 2647 711 2673 inter
735 2644 829 2678 φιλίαν
842 2648 868 2670 et
883 2643 998 2677 ἀγάπην

209 2685 402 2716 congruenter,
423 2685 454 2716 et
478 2687 660 2716 consentanee
683 2680 854 2714 explicuisse
882 2684 992 2716 omnem

211 2712 282 2742 hunc
298 2720 414 2742 tractum
447 2715 576 2747 homilim,
590 2721 617 2743 et
652 2712 773 2749 singulas
797 2712 995 2749 propositiones

211 2758 280 2784 quas
295 2750 378 2778 habet
391 2750 463 2776 circa
482 2746 574 2784 φιλίαν
590 2746 718 2782 αγηονεηῖ,
734 2753 761 2776 et
774 2746 888 2784 ἀγάπην
904 2746 994 2772 citari-

213 2783 291 2811 suum
302 2792 318 2819 ;7
326 2793 386 2811 nam
399 2784 420 2811 si
433 2784 495 2818 quis
510 2785 575 2811 velit
588 2793 620 2812 ea
636 2784 772 2819 explicare
789 2783 822 2809 de
835 2783 893 2816 ipso
905 2787 997 2819 amore

214 2818 343 2852 naturali,
361 2815 517 2853 comparato
531 2819 566 2846 ad
576 2815 738 2848 charitatem
748 2815 996 2853 supernaturalem,

1048 2292 1176 2320 untnibus
1200 2292 1290 2318 facere
1312 2291 1397 2325 possit
1413 2299 1420 2317 :
1438 2291 1548 2318 remitto
1562 2295 1653 2318 tamen
1682 2298 1764 2318 suum
1783 2292 1836 2318 cni-

1046 2328 1242 2363 qnejudicium
1257 2330 1283 2352 et
1296 2326 1514 2363 explicationem,
1535 2326 1557 2353 si
1573 2326 1636 2360 quis
1665 2328 1757 2361 magis
1787 2327 1838 2353 idn—

1049 2361 1126 2390 tieam
1140 2366 1310 2389 commentus
1326 2361 1418 2387 fuerit.

1083 2397 1139 2431 (75)
1161 2396 1361 2428 Discipuloruut
1391 2395 1572 2430 coryphaeum.
1606 2394 1734 2431 Adjttnge
1769 2396 1834 2422 hunc

1049 2429 1140 2459 locum
1169 2432 1203 2459 iis
1240 2439 1300 2465 qua:
1328 2429 1783 2465 diximusadversusilm‘reticos
1813 2437 1835 2455 (ιι

1052 2467 1245 2529 E-hisn'tatégos
1260 2465 1370 2493 Graecos
1387 2465 1420 2492 de
1438 2465 1557 2500 primatu
1574 2464 1604 2491 S.
1617 2464 1695 2491 Petri
1717 2465 1751 2492 ad
1766 2465 1832 2492 hom.

1083 2522 1091 2529 .
1108 2509 1143 2528 no
1157 2521 1164 2528 .
1218 2520 1226 2527 .

1045 2502 1091 2529 5'7.
1108 2506 1164 2528 nol.
1181 2502 1226 2529 68.

1082 2522 1247 2572 ﬁliiﬁlii:
1276 2535 1396 2572 pericula
1410 2534 1546 2572 _neglexit.
1569 2534 1653 2572 _l_den1
1684 2533 1832 2572 observavit

1045 2569 1188 2606 Ch‘rysosl.
1203 2572 1282 2606 rhum.
1300 2571 1325 2596 in
1339 2570 1395 2606 hoc
1410 2569 1517 2606 Evang._
1531 2578 1537 2596 :
1558 2569 1725 2606 νΜαιιΙιωιιε,
1744 2569 1831 2603 inquit.

1046 2607 1078 2632 ab
1095 2604 1150 2640 ipso
1173 2605 1269 2632 telonio
1293 2605 1419 2640 surrexit,
1446 2609 1471 2630 et
1490 2604 1633 2640 Christum
1660 2610 1765 2630 secutus
1791 2610 1831 2634 est,

1047 2638 1197 2667 non'solum
1220 2640 1301 2667 lucris
1322 2639 1429 2670 relictis,
1450 2638 1494 2665 sed
1513 2639 1592 2665 etiam
1621 2640 1779 2672 contemptis
1796 2647 1833 2672 ρε-

1048 2676 1151 2708 riculis,
1168 2683 1226 2709 qua:
1243 2675 1290 2701 eia
1310 2674 1470 2708 magistratu
1490 2673 1672 2709 imminebant,
1697 2676 1766 2708 quod
1790 2675 1832 2709 int-

1048 2707 1289 2745 perfectas‘ilelom'i
1307 2707 1424 2735 ratione:
1440 2709 1609 2745 reliquisset.
1640 2707 1718 2734 Idem
1738 2714 1764 2735 et
1790 2707 1830 2734 Xi-

1066 2743 1168 2772 hilinus
1180 2744 1255 2772 Patr.
1273 2744 1416 2771 Constant.
1439 2743 1465 2769 in
1485 2743 1561 2770 hom.
1588 2749 1650 2777 quae
1669 2747 1760 2770 exstat
1773 2747 1828 2770 toto.

1067 2753 1168 2772 1111111118
1180 2753 1255 2772 ratr.
1273 2753 1416 2771 ιιοιιειθηι.
1440 2753 1465 2769 HI
1485 2753 1499 2769 ll

1048 2753 1070 2807 11
1087 2780 1120 2807 de
1137 2788 1225 2812 cruce,
1243 2779 1312 2814 apud
1327 2777 1499 2806 Gretserum.
