1875 3055
20 115 76 149 ’19⁵1

721 117 886 148 HOMILIA
904 119 984 151 XLI.

1601 121 1657 155 ’198

17 177 126 205 τωντά
139 175 267 211 δημόσια.
298 176 406 208 Ἀλλως
432 184 463 204 τε
485 176 517 204 οὗ
550 177 703 213 χρημάτων
736 177 811 212 μόνοι

904 186 936 206 ιιι]
954 179 1126 207 exactoribus
1142 180 1179 208 illi
1205 180 1392 209 imminebant.
1416 181 1549 209 Prmterea
1571 182 1655 207 etiam

18 224 141 258 ἀφέντες
158 224 182 250 oi
198 223 331 259 μαθηταὶ,
350 224 420 251 ἀλλὰ
436 224 485 251 καὶ
500 225 601 260 σαρκὸς
632 225 741 262 ἡδονὰς,
770 227 818 253 καὶ

19 270 188 304 συγγενείας
203 270 374 305 σωματικὰς,
390 271 438 298 καὶ
451 271 580 305 συνήθεις
606 271 754 307 ἑταιρείας,
771 272 818 299 καὶ

20 316 79 350 βίου
94 314 155 349 ἔθη,
170 315 219 341 καὶ
234 316 283 342 ὅσα
298 316 445 351 μαχόμενά
457 318 516 343 ἐστι
530 317 599 352 πρὸς
625 317 674 353 τὴν
695 317 742 344 τοῦ
764 318 817 345 Εὑ-

19 361 155 395 αγγελίου
172 361 330 396 ἀκρίϐειαν.
348 361 428 388 Οὕτω
443 361 510 396 γοῦν
530 363 660 395 Ἰάκωϐος
679 363 728 391 καὶ
760 364 818 390 Ἰω-

18 407 302 441 άννηςςὰκοὺσαντες,
319 417 328 433 ι
340 407 529 435 Ἀκολουθεῖτέ
543 418 600 444 μοι,
615 418 624 435 ι
635 409 666 436 οὐ
677 409 708 436 τὺ
723 409 816 437 πλοῖον

22 453 118 488 μόνον,
136 453 182 480 καὶ
195 453 213 480 ἃ
231 454 398 489 κατήρτιζον
413 455 520 487 δίκτυα,
541 455 611 482 ἀλλά
637 457 685 483 καὶ
701 456 746 483 τὸν
763 465 815 484 πα-

19 498 89 533 τέρα
102 499 248 526 Ζεϐεδαῖον
268 500 496 528 καταλελοίπασι.
506 501 613 534 Παῦλος
627 502 656 529 δὲ
673 505 742 538 πρὸς
759 503 815 535 τοῖς

20 545 113 576 ἄλλοις
134 546 202 572 πᾶσι
219 546 267 572 καὶ
280 546 351 573 αὐτὰ
365 545 400 573 τὰ
414 547 460 574 τοῦ
471 547 557 583 νόμον
581 549 814 584 παραγγέλματα,

20 589 60 622 οἷς
87 591 211 627 ἀρχῆθεν
242 592 389 628 συνέζησε,
405 593 451 621 διὰ
475 594 595 630 Χριστὸν
610 595 734 631 ἡγήσατο
747 596 815 623 σκύ‹

19 636 33 661 C
37 637 100 665 αλα.

57 730 66 747 t
91 721 126 749 '0
139 722 168 749 δὲ
190 723 295 759 Ἰησοῦς
308 723 386 752 εἴπεν
403 727 495 758 αὐτοῖς
507 735 514 742 ·
552 728 650 763 Ὑμεῖς
661 728 686 755 οἱ
700 728 815 756 ἀκολουο

21 767 158 801 θήσαντές
173 777 219 804 μοι
236 771 267 796 ἐν
282 772 315 807 τῇ
346 772 555 809 παλιγγενεσία,
587 775 651 801 ὅταν
682 775 782 811 καθίσῃ
801 776 815 802 6

21 812 83 844 Υἱὸς
98 813 148 840 τοῦ
164 814 310 850 ἀνθρώπου
324 817 370 843 ἐπὶ
390 817 487 852 θρόνου
513 819 594 855 δόξης
617 819 712 853 αὐτοῦ,
737 820 814 846 καθί-

22 858 101 885 σεσθε
119 859 168 885 καὶ
186 847 267 894 ὑμίεῖς
277 860 324 887 ὲπὶ
334 847 440 889 δώδεκα
453 847 735 900 θρόνου-ςμκρίνοντες
762 866 813 897 τὰς
828 847 851 876 Β

20 902 126 930 δώδεκα
142 904 230 938 φυλὰς
240 905 288 932 τοῦ
312 907 432 943 Ἰσραήλ.
452 917 462 933 r
504 909 613 945 Ἐπειδὴ
642 911 719 945 κοινῇ
744 910 813 937 πᾶσι

21 949 75 980 τοῖς
90 949 228 985 μαθηταῖς
244 951 392 987 διελέγετο,
405 954 490 989 συνῆν
504 955 533 982 δὲ
549 955 656 988 τούτοις
667 957 714 983 καὶ
725 957 738 984 6
748 956 812 983 x15»

21 994 171 1028 πτίστατος
186 998 322 1034 μαθητὴς,
341 999 385 1027 διὰ
399 1000 479 1028 τοῦτο
491 1002 540 1028 οὐκ
552 1000 629 1029 εἶπεν
646 1012 655 1029 t
686 1004 718 1029 Ol
747 1004 812 1030 ἀκο-

9 1041 181 1074 ,λονθοῦντές
197 1052 253 1079 μοι,
273 1054 282 1071 ι
296 1045 355 1073 ἀλλ’
373 1048 406 1074 οι
417 1047 687 1082 ἀκολουθήσαντές
696 1058 757 1084 μοι,
786 1050 811 1077 οἱ

21 1087 50 1114 τὸ
59 1088 221 1116 ἀκολουθεῖν
246 1091 328 1128 μέχρι
341 1093 436 1124 τέλους
452 1095 633 1130 τηρήσαντες.
649 1096 727 1131 ᾞδει
743 1096 810 1130 γὰρ,

22 1132 89 1167 ᾔδει,
105 1133 143 1165 ὠς
160 1134 176 1161 6
197 1135 300 1168 Ἰούδας
314 1137 412 1172 μικρὸν
424 1138 486 1166 ὅσον
499 1139 580 1173 ἀφεὶς
594 1140 624 1166 τὸ
652 1141 811 1168 ἀκολουθεῖν

22 1179 69 1214 τὴν
85 1180 214 1208 ἐναντίαν
228 1183 409 1218 τραπήσεται,
425 1186 472 1213 καὶ
487 1185 521 1212 δι’
541 1183 579 1213 ὧν
594 1187 720 1222 φανερῶς
733 1190 811 1223 ποιή-

23 1233 63 1252 σιι
79 1229 200 1262 σημανεί
212 1230 263 1264 τῆς
273 1230 363 1266 ψυχῆς
386 1234 436 1267 τήν
464 1233 651 1268 ἐναντιότητα.
685 1233 729 1266 Ὠς
756 1234 810 1269 γὰρ

23 1271 134 1306 φιλῆσαι
149 1273 268 1308 ἡοίλησε
286 1275 334 1302 τοῦ
357 1277 519 1304 διδασκάλου
545 1278 576 1305 τὸ
597 1279 753 1314 πρόσωπον,
780 1280 811 1306 τὸ

23 1317 180 1346 ἀκολουθεῖν
199 1320 369 1358 ἀπηνήνατο.
388 1322 418 1350 '0
433 1324 487 1359 γὰρ
503 1324 534 1351 τὸ
563 1326 710 1360 πρόσωπον
725 1326 811 1360 φιλῶν

23 1364 70 1390 οὐκ
83 1365 240 1398 ἀκολουθεῖ,
257 1368 315 1394 ἀλλ’
331 1369 542 1409 ἀντιπρόσωπον
557 1371 676 1399 ἵσταται.
699 1372 731 1398 '0
744 1372 811 1407 γοῦν

24 1410 174 1446 πεποίηκεν
185 1412 334 1448 αἰσθητῶς,
349 1415 428 1442 τοῦτο
461 1416 580 1443 πέπονθε
609 1417 723 1452 νοητῶς,
749 1419 811 1445 ἀντὶ

23 1456 69 1483 τοῦ
85 1458 245 1487 ἀκολουθεῖν
261 1461 300 1495 τῷ
314 1461 467 1498 διδασκάλῳ
486 1463 531 1490 διὰ
559 1464 702 1499 μιμήσεως
731 1465 812 1491 ἐναν-

869 229 921 249 ηοη
937 224 1068 258 pecunias
1075 225 1155 251 modo
1169 224 1296 259 discipuli
1310 225 1496 259 repudiarunt,
1511 225 1558 251 sed
1573 225 1656 252 etiam

868 269 959 296 carnis
975 269 1125 303 voluptates
1141 274 1167 296 et
1182 271 1369 305 cognationes,
1383 276 1410 297 ct
1426 271 1573 298 amirorum
1590 279 1656 296 cott-

867 315 1038 348 suetudines,
1053 319 1078 343 et
1098 316 1159 342 vitae
1172 324 1228 343 suae
1246 323 1345 349 mores,
1361 321 1388 343 et
1400 320 1531 351 quotquot
1544 324 1655 343 summa!

868 361 1029 394 perlectioni
1064 362 1225 396 evangelica!
1259 362 1453 397 repugnabant.
1483 362 1529 389 Sic
1557 362 1656 396 quippe

867 405 984 435 Jacohus
1013 412 1040 435 et
1057 407 1186 441 Joannes,
1212 409 1256 435 ubi
1281 409 1425 436 audierunt
1450 416 1541 446 vocem
1571 408 1656 441 illam,

872 461 882 478 ι
905 452 1057 487 Sequimini
1076 461 1119 480 n:e
1132 454 1166 487 ",
1185 463 1194 479 ι
1213 461 1267 480 non
1282 454 1370 480 navim
1394 454 1484 486 modo,
1501 458 1527 480 et
1539 461 1598 489 qum
1615 462 1657 481 re-

872 499 1001 526 ﬁciebant
1027 500 1119 531 retia,
1149 500 1241 527 sedet
1261 495 1365 534 patrem
1393 498 1553 526 Zebedteum
1578 500 1656 526 dese-

867 549 991 573 ruerunt.
1010 545 1110 572 Paulus
1125 552 1187 572 vero
1200 549 1298 580 prreter
1313 544 1362 571 alia
1375 544 1478 577 omnia,
1488 544 1560 579 ipsas
1574 545 1655 572 etiam
1710 542 1716 551 '

871 589 938 625 legis
955 584 1171 622 observationes,
1187 590 1285 625 quibus
1305 597 1319 616 a
1342 589 1486 624 principio,
1504 597 1536 615 ac
1554 597 1601 624 per
1616 595 1657 616 to-

868 639 922 662 tam
941 635 1069 670 deinceps
1084 639 1244 662 assueverat
1270 634 1353 661 vitam
1367 653 1375 665 ,
1392 639 1503 669 propter
1516 633 1656 662 Christum

867 681 1016 708 arbitratus
1034 686 1076 708 est
1099 686 1218 708 stereOra
1235 680 1269 708 ’⁷.

904 735 914 752 ‹
926 725 1006 754 Iesus
1024 731 1114 754 autem
1135 727 1202 754 dixit
1221 726 1273 754 illis
1290 726 1355 754 :Vos
1372 725 1416 760 qui
1431 725 1517 753 secuti
1534 724 1599 752 estis
1612 731 1657 752 me

866 771 892 798 in
905 772 1118 805 regeneratione,
1133 779 1195 799 cum
1211 772 1313 799 sederit
1322 771 1531 799 Filiushomiuis
1547 771 1572 797 iu
1588 770 1655 798 sedc

866 816 1019 850 maiestatis
1040 825 1107 850 suae,
1132 817 1261 844 sedebitis
1286 821 1313 844 et
1339 825 1387 845 vos
1401 824 1483 851 super
1496 817 1575 844 sedes
1587 817 1654 843 duo-

865 863 950 891 decim
963 863 1117 898 judicantes
1128 864 1268 892 duodecim
1281 864 1367 891 tribus
1382 862 1474 890 Israel.
1491 872 1500 888 ι
1518 863 1652 896 Quoniam

864 917 926 937 eum
943 909 1070 936 omnibus
1086 908 1227 943 discipulis
1241 908 1423 936 communiter
1435 914 1588 934 sermonem
1606 908 1654 934 ha-

863 955 957 988 bebat,
970 959 1082 989 eratque
1098 962 1157 982 cum
1169 954 1221 981 illis
1240 962 1292 981 una
1307 953 1495 981 l'uraeissimus
1510 953 1554 979 ille
1570 952 1654 979 disci-

863 1001 941 1037 pulus
955 1021 963 1034 ,
980 1001 1040 1029 ideo
1056 1009 1109 1028 non
1130 1001 1232 1028 dixitoi
1249 1000 1460 1031 ἀκολουθοῦντές
1491 1008 1537 1034 με.
1550 999 1596 1033 qui
1610 1007 1653 1026 se-

862 1047 974 1082 quimini
982 1055 1033 1079 me,
1043 1047 1091 1074 sed
1100 1047 1125 1074 οἱ
1135 1047 1370 1082 ἀκολουθήσαντες
1381 1047 1426 1082 qui
1436 1047 1462 1072 in
1473 1053 1513 1072 me
1523 1045 1653 1080 sequendo

863 1093 946 1130 296.
960 1093 1188 1128 ρεηευεταυετὶιίε
1205 1093 1273 1128 (77).
1295 1093 1405 1121 Sciebat
1425 1092 1508 1122 enim,
1531 1091 1652 1125 profeclo

863 1141 968 1168 sciebat
992 1140 1112 1168 futurum
1131 1145 1158 1167 ut
1175 1140 1259 1168 Judas
1283 1139 1364 1174 paulo
1385 1143 1446 1174 post
1468 1145 1484 1165 a
1512 1138 1652 1172 sequendo

862 1187 1025 1218 desisteret,
1047 1192 1074 1214 et
1089 1187 1257 1215 contrariam
1285 1186 1366 1213 iniret
1394 1187 1485 1218 viam,
1508 1189 1536 1213 et
1552 1191 1601 1219 per
1626 1184 1652 1210 td

861 1233 932 1267 quod
949 1232 1038 1268 palam
1055 1236 1182 1267 gesturus
1193 1236 1270 1264 erat,
1293 1238 1420 1258 aversum
1436 1231 1557 1258 animum
1572 1237 1651 1256 suum

861 1280 1040 1314 signiﬁcaret.
1067 1280 1125 1313 Qua
1161 1280 1233 1306 enim
1258 1278 1380 1314 Magistri
1407 1278 1503 1305 faciem
1533 1277 1653 1305 osculari

861 1326 958 1358 voluit,
977 1326 1054 1360 sequi
1070 1326 1219 1353 recusavit.
1240 1324 1292 1358 Qui
1308 1324 1380 1352 enim
1395 1323 1518 1351 osculum
1532 1323 1573 1350 ori
1589 1321 1652 1355 fert,

862 1380 915 1400 non
936 1380 1008 1407 pone
1024 1372 1161 1407 sequitur,
1174 1371 1221 1399 sed
1239 1375 1334 1398 contra
1349 1369 1446 1397 faciem
1462 1369 1562 1396 adstat.
1575 1367 1652 1401 Quod

862 1417 946 1451 igitur
967 1424 1050 1452 opere
1076 1417 1136 1452 ipso
1161 1415 1287 1443 sensibus
1313 1419 1420 1450 patente
1445 1413 1582 1449 patravit,
1601 1412 1653 1440 hoc

861 1464 944 1491 etiam
961 1463 1036 1490 intus
1057 1462 1084 1490 in
1108 1462 1199 1489 animo
1214 1461 1312 1489 fecisse
1337 1460 1509 1494 intelligitur,
1522 1458 1651 1486 nimirum

24 1504 129 1537 τιωθεὶς
143 1505 189 1533 διὰ
201 1506 252 1541 τῆς
272 1509 451 1544 φαυλότητος.
484 1510 529 1536 Διὸ
553 1511 601 1537 καὶ
634 1511 684 1546 τῆς
711 1511 810 1546 διπλῆς

914 1517 964 1544 per
988 1508 1162 1544 iniquitatem
1189 1507 1363 1535 adversarius
1385 1505 1501 1533 Domino
1522 1503 1653 1535 evaserit,

25 1550 95 1585 ζωῆς
109 1552 288 1589 ἀπεστερήθη
302 1554 404 1591 ἀγχόνῃ
431 1555 612 1591 ἀποφθαρεὶς,
625 1557 673 1584 καὶ
685 1557 809 1590 εἰκότωςο

28 1605 36 1621 ι
56 1597 152 1630 Οὐδεὶς
163 1599 217 1634 γὰρ
234 1600 373 1635 δψεταιτδ
399 1602 546 1637 πρόσωπον
570 1602 618 1630 τοῦ
648 1602 727 1636 Θεοῦ,
762 1605 810 1632 καὶ

25 1642 146 1678 ζήσεται,
169 1654 178 1670 ι
196 1645 288 1678 καθὼς
298 1647 336 1682 τῷ
347 1648 461 1674 Μωῦσεῖ
473 1649 692 1684 κεχρημάτισται
710 1657 718 1664 ·
732 1659 810 1677 τουτ-

25 1688 106 1722 έστιν,
121 1691 219 1723 Οὐδεὶς
235 1693 412 1725 ἐναντιωθεὶς
425 1694 464 1730 τῷ
475 1694 536 1730 Θεῷ
550 1695 600 1731 τὴν
615 1695 703 1730 ἀληθῆ
732 1696 810 1731 ζήσει

25 1733 104 1770 ζωὴν,
117 1736 176 1763 ἀλλ’
188 1737 202 1763 6
217 1738 288 1764 κατὰ
300 1739 368 1766 Μωῦ
377 1739 420 1766 aia
430 1740 465 1766 τὰ
473 1740 585 1768 οπίσθια
601 1740 718 1775 βλέπων,
727 1742 811 1777 ήγονν

26 1781 188 1816 ἀκολουθῶν.
207 1792 217 1810 ‹
229 1784 323 1820 Ὑμεῖς
335 1785 393 1817 οὖν,
423 1786 515 1821 φησὶν,
541 1787 566 1814 οἱ
577 1786 811 1822 ἀκολουθήσαντές

29 1835 81 1860 μοι,
99 1836 107 1853 ι
123 1828 173 1855 καὶ
186 1828 235 1864 τὴν
258 1829 330 1864 ἐμὴν
345 1830 496 1862 πολιτείαν,
525 1831 563 1863 ὡς
581 1831 695 1867 ἐφικτὸν
725 1840 812 1867 μιμη-

30 1874 152 1909 σάμενοι,
164 1875 245 1902 τοῦτο
271 1877 302 1903 τὸ
327 1876 412 1912 γέρας
444 1878 594 1913 κομίσεσθε
621 1879 651 1906 ιν
674 1880 707 1914 τῇ
732 1880 810 1915 κοινῇ

26 1918 184 1952 ἀναστάσει,
201 1921 236 1957 ἢν
256 1922 473 1956 παλιγγενεσίαν
502 1924 643 1956 ἐκάλεσεν,
668 1925 704 1956 ὡς
732 1923 812 1956 αὖθις

26 1965 216 1999 ἀναγεννῶσαν
231 1968 318 2002 ἡμᾶς,
335 1968 382 1995 καὶ
395 1970 436 2000 εἰς
450 1970 481 1996 τὸ
492 1970 610 2006 ἀρχαῖον
625 1971 811 2006 μετάγουσαν,

26 2010 141 2046 ὁπηνίκα
159 2013 174 2040 6
190 2012 254 2045 Υίδς
267 2014 313 2041 τοῦ
331 2014 478 2050 ἀνθρώπου
502 2015 605 2052 καθίσῃ
627 2017 677 2043 οὐκ
693 2017 723 2044 ὲν
736 2017 813 2044 εὐτε-

26 2056 82 2093 λείᾳ
96 2060 143 2086 καὶ
159 2060 283 2095 σχήματι
296 2060 430 2096 ταπεινῷ,
453 2060 547 2093 καθὼς
561 2062 659 2096 ὁρᾶται
681 2063 741 2094 νῦν,
753 2061 812 2089 ἀλλ’

30 2103 57 2130 ὲν
71 2105 214 2142 ἀπροσίτῳ
225 2107 288 2143 δόξῃ
304 2108 352 2134 καὶ
363 2107 454 2143 θεϊκῇ,
471 2108 612 2135 καθιεῖσθε
623 2108 672 2138 καὶ
686 2108 766 2144 ὑμεῖς
782 2108 813 2135 ιν

30 2150 300 2190 ίσαρίθμοιςᾼθρόνοις
325 2153 375 2185 τὰς
405 2153 607 2189 Ἰσραηλιτικέις
636 2154 723 2189 φυλὰς
752 2154 813 2190 κρίο

862 1557 907 1591 qui
923 1563 971 1590 per
986 1555 1168 1583 imitationem
1184 1554 1259 1581 illum
1280 1553 1355 1588 sequi
1380 1552 1508 1580 debebat.
1532 1550 1611 1579 Unde
1626 1555 1654 1577 et

865 1603 964 1638 laqueo
977 1606 1135 1637 peremptus
1154 1601 1287 1636 duplicem
1304 1599 1389 1626 vitam
1416 1598 1526 1630 amisit,
1549 1601 1576 1625 et
1594 1604 1653 1624 me-

862 1649 916 1677 rito
931 1648 1039 1682 quidem
1057 1655 1106 1676 suo
1129 1657 1135 1675 :
1153 1657 1163 1674 ‹
1181 1646 1266 1674 Nemo
1277 1646 1349 1674 enim
1364 1645 1460 1672 faciem
1479 1644 1524 1671 Dei
1540 1643 1651 1675 videbit,

862 1700 890 1724 et
904 1695 987 1729 vivet,
1008 1705 1017 1721 ι
1033 1695 1110 1729 juxta
1125 1693 1265 1723 oraculum
1281 1692 1366 1727 Moysi
1379 1693 1471 1719 datum
1485 1691 1520 1723 ",
1532 1691 1584 1718 hoc
1600 1694 1651 1721 est,

861 1741 947 1769 Nemo
964 1741 1010 1775 qui
1035 1745 1131 1769 contra
1163 1740 1247 1768 Deum
1275 1739 1385 1771 adstat,
1411 1745 1504 1766 veram
1524 1738 1596 1765 vivet
1611 1737 1653 1764 vi-

863 1791 917 1814 tam
929 1807 937 1818 ,
956 1787 1005 1815 sed
1017 1786 1064 1821 qui
1078 1786 1156 1821 juxta
1169 1785 1288 1821 Moysem
1310 1785 1461 1820 posteriora
1479 1784 1553 1811 videt
1566 1803 1574 1815 ,
1601 1783 1652 1810 hoc

862 1837 905 1862 est
921 1832 1065 1867 sequitur:
1085 1841 1095 1858 ‹
1115 1831 1170 1860 Vos
1187 1831 1282 1867 igitur,
1295 1831 1397 1867 inquit,
1413 1831 1461 1866 qui
1476 1830 1561 1858 secuti
1577 1830 1654 1856 eritis

863 1885 907 1906 me
919 1898 927 1911 ,
948 1885 959 1904 ι
978 1882 1006 1905 et
1018 1878 1080 1905 vitae
1097 1884 1165 1904 mea;
1185 1877 1317 1904 rationem
1330 1896 1339 1910 ,
1362 1880 1493 1912 quantum
1521 1874 1652 1909 consequi

862 1931 912 1960 pro
940 1923 1070 1951 facultate
1094 1922 1219 1957 poteritis
1232 1942 1240 1955 ,
1256 1922 1353 1950 imitati
1367 1942 1375 1955 ,
1394 1922 1535 1957 praemium
1560 1920 1655 1948 feretis

863 1969 891 1998 in
910 1969 1032 1998 omnium
1044 1969 1185 1996 hominum
1206 1968 1427 2001 resurrectione,
1441 1974 1522 2002 quam
1539 1973 1653 2001 regene-

863 2015 998 2043 rationem
1023 2014 1150 2050 appellat,
1167 2018 1263 2049 utpote
1286 2021 1346 2048 quze
1369 2021 1418 2041 nos
1434 2013 1523 2040 denuo
1548 2012 1651 2047 gignat.

863 2067 891 2090 et
909 2062 937 2090 in
951 2061 1092 2096 antiquum
1122 2061 1248 2088 restituat
1274 2065 1391 2094 statum,
1421 2059 1530 2094 quando
1552 2057 1652 2086 sederit

864 2108 949 2135 Filius
966 2106 1100 2140 hominis,
1117 2114 1171 2134 non
1195 2107 1221 2134 in
1238 2105 1345 2141 vulgari
1371 2110 1398 2133 et
1410 2105 1506 2133 humili
1527 2105 1578 2132 hoc
1605 2103 1653 2132 ha-

864 2153 934 2186 bitu,
949 2153 976 2180 in
995 2160 1049 2189 quo
1069 2160 1142 2180 nunc
1156 2157 1287 2187 apparet,
1301 2152 1349 2179 sed
1371 2152 1397 2179 in
1414 2151 1555 2186 majestate
1575 2150 1652 2177 inac-

28 2185 124 2229 vovreg:
137 2185 225 2225 Tudri.
239 2199 267 2225 δὲ
281 2199 316 2226 τὰ
325 2200 395 2235 ῥητά
410 2185 509 2235 διπλῆν
524 2185 614 2227 ὠδίνει
623 2185 673 2236 τήν
683 2185 811 2237 ζήτησιν·

904 2207 941 2227 ssa
971 2185 1053 2234 atque
1074 2185 1199 2230 divina,
1218 2198 1348 2226 sedebitis
1368 2185 1464 2231 etvos
1488 2196 1653 2224 lsraeliticas

30 2242 90 2276 μίαν
105 2244 166 2278 μὲν,
178 2245 203 2272 εἰ
219 2246 249 2272 ἐν
259 2247 292 2281 τῇ
310 2245 426 2282 δευτέρᾳ
442 2246 579 2282 παρουσίᾳ
602 2246 725 2282 Χριστοῦ
741 2247 811 2274 me.

29 2288 94 2315 ῖεταί
113 2297 154 2321 τις
169 2290 264 2326 ἔτερος
285 2291 345 2326 μετ’
374 2291 462 2318 αὐτοῦ
477 2300 485 2307 ·
507 2291 605 2327 ἑτέραν
620 2291 659 2324 δὲ,
682 2291 741 2324 πῶς
757 2294 810 2328 τῆς

30 2335 141 2370 κρίσεως
150 2336 276 2371 δοθείσης
289 2337 328 2372 τῷ
339 2337 398 2373 Υἱῷ
413 2338 490 2372 παρὰ
501 2337 548 2365 τοῦ
568 2339 689 2374 Πατρδς,
700 2339 730 2365 ὲν
753 2339 811 2370 τοῖς

27 2380 183 2415 ἀποστόλοις
192 2383 222 2409 τὸ
230 2383 334 2417 κρίνειν
352 2383 570 2419 μετατεθήσεται
589 2393 597 2417 ;
615 2393 625 2411 ι
645 2384 675 2411 '0
689 2384 743 2420 γὰρ
757 2385 812 2412 Πα-

30 2429 76 2462 τὴρ
91 2429 178 2465 κρίνει
189 2429 297 2463 οΰδένα,
312 2431 399 2466 φησὶν
415 2431 430 2457 6
444 2431 555 2468 Σωτὴρ,
569 2431 639 2458 ἀλλὰ
652 2431 702 2466 τὴν
716 2431 811 2466 κρίσιν

869 2245 958 2273 tribus
983 2244 1124 2272 duodecim
1149 2243 1304 2279 iudicantes
1337 2243 1364 2270 in
1395 2243 1507 2270 totidem
1536 2240 1651 2269 thronis.

866 2291 1004 2325 Duplicem
1024 2297 1105 2325 porro
1119 2289 1176 2317 haec
1195 2289 1277 2317 verba
1299 2289 1497 2317 dubitationem
1523 2287 1651 2322 pariunt:

865 2338 978 2365 alteram
1019 2337 1148 2371 quidem,
1185 2340 1277 2364 utrum
1317 2336 1344 2364 iu
1387 2335 1506 2364 secundo
1536 2333 1652 2361 adventu

864 2383 966 2411 Christi
994 2383 1031 2411 sit
1057 2391 1183 2411 sessurus
1207 2390 1268 2411 cum
1293 2383 1339 2410 illo
1362 2383 1498 2418 quispiam
1515 2389 1522 2415 ;
1537 2380 1651 2408 alteram

864 2437 942 2464 vero,
959 2430 1095 2465 quomodo
1119 2437 1181 2458 cum
1202 2430 1334 2465 judicium
1360 2436 1377 2458 ι
1400 2429 1480 2457 Patre
1499 2429 1592 2457 datum
1618 2425 1653 2453 sit

63 2505 84 2521 "
95 2505 190 2534 Matth.
209 2513 246 2539 tv,
262 2506 308 2534 22.
349 2507 372 2524 "
388 2506 506 2543 Philipp.
523 2515 570 2541 ut,
589 2508 617 2536 8.
656 2508 680 2525 "‘
696 2508 783 2536 Exod.
814 2515 901 2535 xxxut
914 2527 922 2540 ,
939 2507 986 2535 20.

653 2575 816 2606 Francisci
831 2574 936 2606 Scorsi
950 2577 1046 2606 noue.

65 2633 184 2670 (77)ραί
198 2634 225 2661 in
245 2642 286 2662 me
307 2635 438 2670 sequendo
455 2637 692 2669 perseveraverttis.
722 2635 808 2669 Httius

33 2669 164 2696 sententia:
179 2670 219 2696 vis
234 2669 346 2697 elicitur
357 2671 391 2698 ab
405 2676 517 2698 auctore
530 2679 545 2698 a
561 2671 655 2698 ϐιωεο
667 2671 691 2698 oi
700 2671 814 2697 ἀκολου-

35 2701 158 2742 βήσαντες
177 2705 248 2740 quod
263 2709 391 2742 tempus
403 2710 445 2733 est
458 2706 585 2741 ἀόριστον
598 2711 625 2733 et
639 2713 687 2740 pro
701 2712 814 2740 prreter-

35 2740 165 2775 itousaepe
200 2740 333 2775 sumitur:
360 2741 482 2774 adeoque
499 2749 513 2767 a
542 2746 634 2769 nostro
665 2742 812 2775 interprete

862 2643 903 2663 me
920 2637 1048 2670 sequendo
1070 2635 1308 2670 perseveraverilis.
1329 2634 1378 2662 Hic
1394 2635 1481 2670 etiam
1506 2635 1650 2664 adverten-

865 2671 928 2697 dum
943 2668 983 2697 est
997 2668 1100 2704 partem
1123 2671 1203 2704 hujus
1215 2670 1364 2704 Evangelii,
1384 2672 1454 2704 quod
1470 2668 1649 2705 Theophanes

863 2706 974 2740 exponit
999 2713 1046 2738 per
1070 2706 1140 2732 hanc
1171 2705 1338 2733 Dominicam
1353 2713 1414 2733 esse
1437 2706 1648 2740 desumptamcx

862 2739 923 2774 cap.
941 2748 998 2771 xu.
1017 2739 1046 2767 S.
1078 2740 1208 2772 Matthaai,
1224 2748 1273 2767 nec
1295 2741 1434 2768 cohaerere
1448 2748 1509 2767 cum
1525 2739 1648 2775 superio-

36 2773 163 2800 redditum
188 2780 241 2806 est,
268 2774 320 2806 Qui
343 2773 521 2803 secuti’estis
543 2784 604 2808 me;
640 2776 685 2804 sed
719 2773 811 2803 reddit
860 2773 949 2805 ribus.
971 2782 1032 2807 quae
1048 2781 1110 2802 sunt
1137 2776 1208 2809 apud
1232 2775 1319 2809 ipsum
1345 2776 1441 2803 Matth.
1467 2783 1526 2809 cap.
1540 2773 1568 2807 x,
1600 2776 1647 2804 sed

36 2809 227 2845 accommodate
248 2814 348 2845 potest,
366 2810 419 2842 Qui
439 2811 521 2837 seculi
540 2811 644 2845 [mritis
667 2820 718 2842 me,
736 2811 808 2844 quod
859 2809 945 2837 Graeci
970 2809 1108 2845 Evangelii
1131 2809 1262 2838 lectiones
1285 2811 1385 2844 quibus
1399 2811 1425 2838 in
1441 2810 1557 2845 liturgiis
1570 2816 1648 2838 utun-

36 2847 83 2868 nos
97 2843 206 2876 maioris
225 2843 415 2878 explicationis
442 2847 529 2880 gratia
540 2843 667 2874 diximus
706 2843 759 2879 Qui
779 2847 808 2873 in
859 2851 903 2873 tur
925 2852 958 2873 ex
978 2843 1062 2872 variis
1083 2845 1245 2880 quandoque
1260 2843 1396 2881 ﬁgmentis
1422 2843 1604 2881 componunt.
