1875 3055
199 79 252 112 799

804 77 1049 109 THEOPHANIS
1069 76 1240 108 CERAMEI

1795 77 1804 104 Ξ
1812 78 1839 106 lgO

199 134 288 166 Filio,
304 133 331 161 in
345 133 482 168 apostolos
509 123 707 161 transferenda
725 133 761 162 sit
782 133 923 169 iudicandi
938 141 986 169 po-

1092 143 1129 161 tav
1143 134 1243 161 δέδωκε
1254 133 1292 169 τῷ
1307 133 1375 169 Υίῷ.
1391 133 1484 168 Φαμὲν
1499 133 1547 160 οὖν
1574 132 1792 169 στοχαζόμενοι

200 185 298 208 testas.
314 180 435 207 Dicimus
450 180 532 214 igitur
546 187 579 207 ex
594 179 652 215 ipsa
669 179 807 216 Evangelii
819 180 943 207 doctrina
962 180 989 207 id

200 226 359 261 colligentes
372 245 379 258 ,
395 227 531 252 neminem
555 226 582 252 in
601 224 705 259 judicio
729 233 790 252 cum
807 225 915 253 Christo
933 232 990 253 ses-

202 279 308 299 sttrum.
324 272 412 306 Atque
438 271 488 298 hoc
512 271 539 298 in
563 271 619 305 ipsa
645 271 799 298 narratione
819 278 910 298 eorum
932 277 991 305 quae

202 316 298 351 judicii
315 321 436 351 tempore
453 315 575 343 faclenda
597 321 670 347 sunt,
688 317 859 344 ostenditur:
881 325 890 341 ι
909 315 991 350 Sepav

205 362 276 390 rabit
291 363 375 395 enim,
391 362 488 396 inquit,
503 363 535 388 ab
550 362 677 395 invicem,
692 366 718 389 et
735 365 835 389 statuet
851 369 915 389 oves
929 362 991 396 qui-

205 407 267 433 dem
286 414 300 433 a
317 407 437 439 dextris,
465 407 555 434 haedos
576 411 667 434 autem
691 414 706 433 a
726 406 844 434 sinistris
867 407 900 433 ".
926 406 992 440 Quis

205 460 272 479 vero
297 460 358 479 cum
385 453 542 480 statuendas
568 453 660 479 audiat
684 460 769 485 oves,
790 452 879 479 sedem
903 457 994 479 mente

206 496 360 531 concipiat?
376 497 422 524 scd
438 497 516 524 sedes
538 501 565 524 et
580 497 665 524 sessio
681 496 736 533 (78)
763 497 895 531 promissa
911 496 993 523 disci-

209 541 281 575 pulis
303 542 502 576 prmeellentem
531 543 674 577 quemdam
694 542 822 569 honorem
847 541 995 577 symbolice

207 590 328 625 signant.
345 588 396 616 Per
409 595 442 615 ea
456 588 579 620 scilicet,
600 595 660 621 qua:
674 588 743 622 apud
772 595 822 614 nos
845 587 994 614 honoriﬁca

209 640 293 666 sunt,
318 633 460 660 consuevit
484 633 573 660 divina
593 633 733 666 Scriptura
759 640 817 667 quae
836 640 916 666 supra
934 639 994 665 nos,

211 687 324 714 qumque
337 679 426 706 futura
446 682 521 711 sunt,
537 682 741 712 representare.
758 677 833 710 Quod
850 684 913 703 vero
925 676 996 711 judi-

211 729 321 751 caturos
335 724 382 756 ait,
402 730 456 750 non
478 722 615 758 signiﬁcat
633 730 679 750 eos
693 723 797 749 laturos
810 729 870 749 esse
884 726 995 749 senten-

215 769 279 796 tiam
296 768 371 803 (79),
398 768 446 794 sed
462 768 539 802 quasi
557 768 795 795 condemnaturos.
821 767 926 795 Etenim
944 767 994 802 ipsi

213 821 274 841 cum
292 814 373 840 etiam
390 813 515 840 homines
528 817 632 845 essent,
649 820 681 841 eo
696 813 788 846 gloriae
803 818 995 847 pervenerunt,

213 863 243 886 ut
258 859 326 886 lucis
353 857 435 893 295
459 862 602 885 consortes
626 857 845 892 appellarentur:
869 858 905 885 illi
932 866 996 885 vero

216 905 311 932 oculos
328 904 411 930 animi
433 908 529 938 sponte
553 903 708 931 claudentes
727 903 903 938 intelligibilis
926 903 997 931 Solis

211 949 303 976 radios
323 950 448 982 excipere
463 948 617 975 noluerunt.
646 948 795 976 Familiare
821 956 901 983 porro
925 949 999 976 Scri-

211 1000 298 1030 ptura:
312 994 504 1030 est,judicium
518 1002 566 1029 pro
579 995 804 1022 condemnatione
817 1002 918 1030 ponere
928 1016 935 1028 ,
951 999 996 1022 ut:

219 1049 230 1066 ι
253 1040 342 1068 Nolite
359 1041 493 1074 judicare,
510 1045 538 1067 ut
558 1047 612 1067 non
635 1040 793 1074 judicemini
811 1041 818 1056 ‘
842 1049 851 1066 ι
870 1045 919 1068 et:
939 1050 949 1066 ι
970 1040 999 1069 Si

210 1093 259 1113 nos
275 1087 348 1121 ipsos
361 1085 580 1121 dijudiearemus,
595 1094 647 1113 non
660 1086 754 1120 utique
764 1085 959 1119 iudicaremur,
971 1087 996 1112 ἰ

209 1136 256 1159 et:
276 1140 286 1158 t
304 1131 331 1158 ln
350 1139 403 1167 quo
418 1131 519 1166 judicio
535 1132 732 1167 judicaveritis,
744 1130 932 1165 judicabimini
947 1133 967 1159 ³.
986 1141 996 1158 ι

212 1176 270 1205 Illis
297 1177 369 1205 enim
402 1177 429 1204 in
461 1177 528 1204 locis
554 1177 710 1204 ostenditur
738 1177 959 1204 condemnandos
983 1185 998 1204 a

211 1223 265 1250 Deo
277 1244 285 1256 ,
299 1223 345 1258 qui
362 1223 601 1252 condemnaverint
614 1228 795 1257 pcccatorem.

255 1278 264 1296 ι
288 1269 321 1296 Ει
336 1269 491 1304 quicunque
510 1269 653 1304 reliquerit
675 1270 806 1303 domum,
830 1274 875 1296 aut
890 1269 1000 1302 fratres,

213 1320 260 1343 aut
279 1323 399 1349 sorores,
414 1320 461 1343 aut
477 1320 594 1350 patrem,
614 1319 660 1343 attt
673 1320 801 1348 matrem,
818 1320 865 1342 aut
877 1323 1000 1348 uxorem,

217 1363 266 1387 aut
283 1360 363 1391 ﬁlios,
380 1364 426 1387 aut
441 1368 535 1394 agrum
552 1365 663 1395 propter
676 1367 772 1387 nomen
789 1368 888 1393 meum,
906 1367 1001 1388 centu-

215 1405 288 1439 plum
318 1404 455 1439 accipiet,
482 1409 509 1432 et
535 1405 618 1432 vitam
649 1411 777 1432 aeternam
811 1405 996 1440 possidebit.)
1015 1425 1036 1454 c

216 1450 367 1478 Considera
396 1450 461 1477 mihi
479 1469 487 1484 ,
514 1455 541 1478 et
555 1450 690 1478 admirare
714 1451 837 1478 ordinem
871 1450 1001 1478 doctrinae

214 1496 388 1529 evangelicae.
418 1495 498 1528 Quasi
519 1496 594 1524 enim
609 1503 658 1531 per
680 1496 780 1524 scalam
796 1503 847 1523 nos
871 1496 1004 1523 manudu-

215 1547 282 1568 cens
308 1541 342 1567 ab
360 1541 534 1569 interioribus
550 1541 641 1569 evehit
653 1541 687 1568 ad
711 1541 851 1575 superiora
864 1549 878 1574 ;'
888 1548 935 1568 seu
954 1548 1003 1575 po-

216 1590 286 1621 tius,
302 1594 332 1616 ut
345 1590 390 1624 qui
407 1590 446 1617 rei
471 1590 599 1617 militaris
620 1596 756 1625 praecepta
780 1591 912 1621 tradunt,
929 1590 1005 1624 prius

216 1634 326 1668 quidem
357 1635 477 1670 succingi
495 1636 638 1670 aptarique
655 1636 706 1663 sibi
729 1643 804 1663 arma
816 1657 823 1668 ,
842 1637 944 1663 tirOues
957 1636 1005 1662 do-

218 1684 303 1708 cent:
319 1681 415 1708 deimle
442 1681 467 1708 in
488 1681 520 1708 iis
548 1682 695 1709 tractandis
723 1682 859 1709 concinne
877 1682 1000 1715 moveri,

219 1726 329 1753 dextere
352 1727 511 1761 agiliterque
546 1728 655 1755 vibrare
678 1727 837 1762 cuspidem,
851 1732 877 1754 et
891 1734 1001 1761 scopum

216 1771 283 1797 scite
311 1770 393 1799 ferire
411 1781 418 1798 :
437 1779 468 1799 ac
493 1777 630 1807 postremo
657 1773 830 1808 pmmiorum
855 1773 1003 1806 cupiditate

217 1815 325 1844 illectos
340 1817 422 1844 vitam
449 1818 531 1845 etiam
549 1818 634 1852 ipsam
651 1819 864 1853 parvipendere,
883 1823 908 1846 et
922 1826 1004 1854 genev

251 1899 274 1914 "
287 1898 382 1926 Matth.
398 1907 464 1932 xxv,
480 1900 507 1927 5.
546 1900 554 1916 ¹
579 1900 673 1928 Matth.
693 1909 718 1927 vr
747 1909 775 1932 ι,
802 1901 827 1928 ‘l.

867 1900 903 1927 ¹Ι
931 1901 992 1928 Cor.
1018 1902 1138 1933 xxt,5l.

1040 180 1133 207 αὐτῶν
1145 179 1199 206 τῶν
1216 179 1413 213 εὐαγγελικῶν,
1428 179 1467 211 ὼς
1483 179 1571 211 οὐδεὶς
1598 179 1754 206 καοιείται
1772 178 1801 203 ἐν
1815 181 1841 212 τῇ

1040 226 1131 260 κρίσει
1143 225 1212 260 μετὰ
1228 224 1274 251 τοῦ
1290 224 1422 260 Χριστοῦ.
1441 225 1496 252 Καὶ
1507 224 1589 251 τοῦτο
1600 226 1630 251 ὲν
1646 224 1691 259 τῷ
1709 224 1791 249 κατὰ
1800 224 1841 258 τῂλ

1041 271 1132 307 κρίσιν
1147 270 1284 297 δέδεικται
1303 270 1466 305 διηγήματι.
1487 280 1496 296 ι
1519 271 1646 306 Ἀφοριεῖ
1656 270 1733 304 γὰρ,
1749 272 1842 303 φηςιν,

1041 317 1089 344 ἀπ’
1103 316 1238 351 ἀλλήλων,
1255 317 1303 344 καὶ
1318 317 1412 352 στήσει
1422 317 1456 343 τὰ
1473 316 1522 352 μὲν
1532 317 1664 351 πρόὸατα.
1679 316 1718 342 ὲκ
1736 315 1842 347 δεξιῷ-ι,

1042 362 1076 390 τὰ
1092 362 1121 389 δὲ
1135 362 1268 398 ὲρίφιαὲξ
1293 362 1454 397 εὐωνύμων.
1473 372 1482 388 ι
1513 361 1562 393 Τίς
1590 362 1619 388 δὲ
1654 360 1778 388 ἀκούων
1809 360 1845 389 τὺ,

1046 419 1055 436 ι
1076 409 1170 445 στήσει
1201 409 1281 441 αὐτὰ,
1299 418 1308 435 ι
1335 409 1473 444 καθέδραν
1501 409 1707 444 ὑπονοήσειεν;
1744 405 1807 432 ἀλλ’
1826 407 1847 431 si

1044 455 1146 490 θρόνοι,
1160 455 1207 481 καὶ
1221 456 1238 490 ἡ
1254 456 1282 480 ὲν
1301 454 1408 486 τούτοις
1435 453 1583 489 ὲνίδρυσις,
1602 454 1637 489 ἣν
1653 454 1718 484 τοῖς
1751 459 1848 485 φοιτη-

1044 503 1105 532 ταῖς
1120 501 1330 535 ὲπαγγέλλεται,
1347 499 1572 536 ὑπερὸαλλούσης
1585 499 1674 534 τιμῆς
1689 499 1763 525 ἑστι
1781 496 1850 529 σύμ.-

1046 546 1133 572 6ολον.
1156 546 1204 573 Ἐκ
1220 546 1275 572 τῶν
1300 546 1366 580 παρ’
1382 546 1449 580 ἡμῖν
1480 545 1535 580 γὰρ
1559 545 1661 580 τιμίων
1693 542 1806 571 εἴωθεν
1836 544 1850 577 ἡ

1046 591 1140 627 Γραφὴ
1151 593 1185 618 τὰ
1203 591 1273 626 ὑπὲρ
1291 592 1365 626 ἡμᾶς
1390 591 1436 618 καὶ
1460 590 1495 617 τὰ
1522 589 1656 624 μέλλοντα
1688 589 1850 623 emptam-1v.

1046 637 1118 664 Τὺδὲ
1136 646 1145 662 ι
1161 637 1309 672 Κρίνοντες
1330 646 1339 662 ι
1354 637 1384 663 οὺ
1410 636 1485 670 δηλοῖ
1511 635 1542 662 τὺ
1566 635 1766 666 Δικάσαντες,

1046 684 1127 710 οἱονεὶ
1141 683 1368 718 Κατακρίνοντες.
1394 682 1554 717 ’Ἄνθρωποι
1577 681 1632 716 γὰρ
1652 680 1853 715 τυγχάνοντες

1049 730 1094 756 καὶ
1105 729 1193 761 αὐτοὶ,
1223 730 1263 760 είς
1297 728 1433 763 τοσαύτην
1452 727 1662 762 ὲπεφθάκεισαν
1691 726 1787 758 δόξαν
1813 725 1853 752 τοῦ

1049 775 1137 810 φωτὸς
1153 775 1250 801 ὀπαδοὶ
1267 774 1491 810 χρηματίσαντες
1506 782 1513 789 ·
1528 774 1629 800 ἐκεῖνοι
1655 773 1688 799 δὲ
1711 772 1854 807 μύσαντες

1048 819 1137 845 ἑκοντὶ
1149 819 1211 849 τοὺς
1226 818 1384 853 ὀφθαλμοὺς
1398 818 1448 852 τῆς
1455 817 1556 853 ψυχῆς,
1573 819 1625 844 οὐκ
1641 816 1854 852 ἠϐουλήθησαν

1048 863 1096 890 τοῦ
1112 864 1208 899 νοητοῦ
1223 863 1318 890 Ἠλίου
1337 863 1385 895 τὰς
1397 864 1510 895 ἀκτῖνας
1531 862 1727 895 εἰσδέξασθαι.
1760 862 1853 896 Τετρι-

1050 918 1114 936 πται
1126 909 1153 936 δὲ
1168 910 1197 935 ὲν
1211 910 1243 944 τῇ
1258 909 1306 944 τῆς
1314 909 1426 944 Γραφῆς
1439 908 1571 944 συνηθείᾳ
1594 909 1694 944 κρίσιν
1723 908 1854 941 λέγεςθαι

1049 955 1098 991 τὴν
1108 956 1280 990 κατάκρισιν,
1295 955 1333 987 ὡς
1346 955 1393 982 16'
1410 965 1419 982 ι
1435 955 1480 992 Μὴ
1493 955 1614 991 κρίνετε,
1640 956 1690 982 ἵνα
1721 955 1766 990 μὴ
1800 963 1853 988 κρι-

1052 1000 1117 1034 οῆτε
1130 1007 1136 1014 ·
1155 1009 1164 1024 ι
1181 999 1241 1026 καί·
1259 1008 1268 1025 ‹
1287 999 1317 1025 Ei
1332 1000 1432 1030 αὐτοὺς
1443 999 1602 1034 ἐκρίνομεν,
1621 999 1677 1025 οὐκ
1691 998 1729 1025 ἂν
1743 997 1853 1031 ἐκρινό-

1054 1045 1123 1080 μεθα
1134 1053 1141 1060 '
1159 1055 1167 1071 ι
1178 1044 1242 1072 καί·
1258 1053 1267 1070 ι
1282 1045 1327 1071 Ἐν
1338 1041 1359 1079 ᾦ
1374 1045 1491 1079 κρίματι
1508 1044 1627 1079 κρίνετε,
1642 1042 1850 1079 κριθήσεσθε.»

1054 1092 1173 1118 Κὰκεῖσε
1190 1091 1245 1126 γὰρ
1257 1090 1304 1126 τὴν
1318 1092 1349 1117 ὲκ
1365 1090 1412 1116 τοῦ
1439 1090 1507 1117 Θεοῦ
1529 1091 1650 1125 ἐνέφηνε
1678 1089 1853 1124 κατάκρισιν

1056 1137 1088 1164 ὲκ
1103 1137 1150 1164 τοῦ
1161 1137 1338 1172 κατακρίνειν
1356 1136 1401 1164 τὸν
1417 1136 1625 1171 ἁμαρτάνοντα.

1092 1279 1101 1296 ι
1121 1269 1177 1297 Kal.
1186 1269 1215 1301 ὅς
1230 1277 1273 1301 τις
1288 1269 1394 1304 ἀφῆκεν
1408 1269 1507 1301 οἰκίας,
1526 1269 1542 1304 ἦ
1558 1268 1710 1304 ἀδελφοὺς,
1735 1270 1753 1305 ἢ
1776 1269 1846 1295 ἀδελ-

1053 1315 1118 1349 φὰς,
1132 1316 1275 1351 ἢπατὲρα,
1296 1316 1312 1351 ἢ
1341 1316 1458 1351 μητέρα,
1472 1315 1488 1350 ἢ
1505 1316 1634 1349 γυναῖκα,
1674 1316 1691 1350 ἢ
1726 1316 1847 1350 τέκνα,ἦ

1054 1361 1139 1396 ἀγρὸν
1156 1361 1252 1387 ἕνεκεν
1267 1360 1312 1387 τοῦ
1323 1360 1456 1395 ὀνόματός
1477 1369 1539 1396 μου,
1573 1361 1849 1387 ἑκατονταπλασίονα

1052 1407 1178 1442 λήψεται,
1196 1406 1245 1434 καὶ
1263 1407 1335 1441 ζωὴν
1350 1407 1459 1433 αἰώνιον
1478 1407 1696 1442 κληρονομήσει.
1721 1417 1732 1433 ι
1754 1407 1850 1433 Σκόπει

1056 1460 1102 1487 μοι
1117 1452 1168 1486 τῆς
1197 1452 1382 1486 εὐαγγελικῆς
1410 1452 1583 1483 διδασκαλίας
1613 1452 1665 1487 τὴν
1689 1452 1789 1484 τάξιν,
1811 1454 1850 1478 72‘:

1054 1497 1319 1533 θαύμασον.’ῗΩσπερ
1341 1497 1395 1532 γὰρ
1412 1497 1454 1524 διὰ
1467 1496 1600 1532 κλίμακος
1613 1498 1690 1532 ἡμᾶς
1714 1506 1849 1532 χειραγω-

1054 1544 1099 1577 γεῖ
1108 1543 1163 1569 ἀπὸ
1178 1542 1233 1569 τῶν
1250 1543 1473 1578 χθαμαλωτέρων
1488 1543 1527 1574 είς
1540 1543 1570 1568 τὸ
1594 1542 1666 1578 ὕψος
1680 1543 1830 1576 ἀνάγουσι
1843 1552 1847 1558 ·

1056 1589 1197 1624 μᾶλλονδὲ
1211 1588 1337 1623 καθάπερ
1367 1589 1391 1614 oi
1421 1589 1456 1615 τὰ
1485 1589 1604 1615 τακτικὰ
1635 1588 1849 1618 ὲκπαιδεῦοντε;

1056 1634 1165 1668 πρῶτον
1198 1634 1248 1669 μὲν
1287 1634 1446 1666 ὁπλίζεσθαι
1475 1634 1540 1665 τοὺς
1565 1634 1642 1665 νέους
1673 1634 1849 1660 διδάσκουσιν

1054 1680 1189 1712 εὐζώνως,
1207 1680 1304 1706 ἔπειτα
1329 1680 1461 1715 φέρεσθαι
1490 1681 1558 1715 πρὸς
1583 1682 1634 1715 τὴν
1656 1680 1778 1715 κίνησιν
1803 1681 1850 1706 τῶν

1054 1727 1144 1753 ὅπλων
1158 1726 1313 1762 εὐρύθμως,
1324 1727 1499 1758 τινάσσοντες
1509 1727 1557 1762 τὴν
1572 1726 1678 1761 αίχμὴν
1714 1727 1785 1753 λίαν
1811 1728 1848 1752 εὑ-

1057 1773 1193 1808 στρόφως,
1211 1773 1257 1799 καὶ
1273 1773 1342 1800 κατὰ
1359 1774 1460 1799 σκοπὸν
1478 1773 1586 1808 βάλλειν
1616 1773 1762 1807 εὐστόχως
1783 1782 1789 1788 ·
1810 1774 1850 1799 καὶ

1056 1819 1131 1850 τέλος
1145 1819 1178 1854 τῇ
1190 1819 1244 1845 τῶν
1259 1818 1384 1845 ἐπάθλων
1395 1818 1525 1853 ἐπιθυμίᾳ
1540 1819 1586 1845 καὶ
1607 1818 1696 1853 αὐτῆς
1715 1819 1849 1853 ἀλογῆςιι

1176 1902 1186 1917 ¹
1205 1901 1299 1928 Matth.
1318 1910 1372 1933 vtt,
1390 1901 1418 1928 ἓ.

845 1969 1006 2000 Francisci
1021 1970 1123 2001 Scorsi
1142 1973 1236 2000 notua.

255 2044 312 2079 ('18)
329 2043 409 2071 Sedes
425 2050 449 2079 et
466 2044 560 2074 sessio,
578 2048 630 2070 etc.
660 2042 745 2079 Habet
772 2043 823 2069 hoc
855 2043 925 2070 idem
954 2043 1000 2070 hic

218 2079 300 2107 Pater
326 2080 398 2106 hom.
419 2078 464 2109 25,
495 2079 527 2104 ad
554 2086 635 2112 quam
664 2078 721 2112 lege
736 2078 806 2111 quod
834 2078 999 2106 notavimus.

256 2113 311 2150 (τερ)
328 2113 440 2150 Laturot
456 2121 512 2140 esse
526 2115 692 2150 sententiain.
709 2113 858 2150 Explicatio
874 2114 952 2139 allata
968 2113 1001 2140 ab

220 2146 272 2177 hoc
287 2149 367 2176 Patre
392 2149 425 2175 ad
443 2149 608 2182 propositam
625 2149 658 2174 ab
678 2149 736 2182 ipso
750 2146 949 2181 quaestionem,
966 2156 999 2174 an
1018 2146 1039 2173 D

221 2185 247 2212 iri
263 2190 389 2218 supremo
403 2183 504 2217 judicio
517 2190 610 2209 omnes
625 2183 704 2209 simul
718 2190 778 2209 Clllll
791 2182 900 2218 Christo
912 2182 999 2209 sancti

221 2217 445 2251 sintjudicaturi,
459 2218 555 2244 ntelius
573 2217 733 2251 intelligitur
758 2224 789 2243 ex
825 2217 1002 2244 distinctione

220 2254 376 2281 Grtccorum
394 2253 536 2280 verborum
553 2252 656 2287 κρίνειν
673 2257 700 2279 et
721 2253 920 2286 κατακρίνειν,
943 2259 1002 2286 quae

220 2297 270 2316 nos
296 2293 431 2323 utcunque
448 2287 610 2323 reddidimus
623 2287 757 2321 judicare,
773 2292 799 2313 et
808 2287 1002 2323 condemnare;

221 2331 254 2351 ac
272 2321 394 2357 primum‘
412 2322 518 2356 quidem
542 2322 630 2356 signat
656 2329 784 2349 exercere
798 2321 939 2356 judicium,
955 2329 1001 2348 seu

220 2358 293 2385 ferre
307 2359 490 2390 sententiam;
520 2358 667 2383 secundum
694 2357 836 2392 sntl'ragari
861 2357 1003 2392 sententia:

224 2393 300 2424 latae,
318 2400 366 2419 seu
383 2392 456 2419 illam
470 2391 641 2426 approbare:
660 2392 775 2426 primum
791 2393 829 2418 ait
841 2398 901 2418 esse
919 2391 997 2418 Chri-

223 2428 258 2454 sti
273 2434 401 2461 tanquam
419 2426 530 2461 legitimi
547 2430 574 2453 et
590 2426 837 2459 supremiJudicis:
853 2427 1002 2452 secundum

223 2467 391 2494 sanctorum,
409 2463 454 2496 qui
482 2462 684 2494 comparatione
703 2462 742 2488 sui
756 2461 823 2487 alios
837 2461 1004 2496 dignosresse

222 2502 341 2524 mternos
371 2495 503 2531 supplicio
534 2496 739 2527 existimabunt,
779 2497 899 2529 adeoque
931 2495 1005 2529 juste

224 2532 395 2559 damnatosa
420 2531 538 2563 Christo,
570 2531 786 2565 quandoquidem
814 2531 906 2557 eadem
940 2537 1001 2556 cum

224 2571 295 2593 esset
311 2567 430 2593 omnium
457 2565 587 2596 conditio,
601 2566 750 2598 eademque
766 2565 792 2592 in
820 2565 1004 2598 omnilmspo-

225 2606 310 2628 testas
333 2607 361 2628 et
377 2601 488 2628 libertas
513 2601 546 2627 ad
569 2600 748 2628 obediendum
766 2601 864 2627 divinae
886 2600 946 2632 legi,
972 2607 1004 2626 ea

225 2636 311 2663 sancti
340 2636 463 2663 homines
491 2634 570 2667 bene,
589 2635 703 2669 improbi
731 2635 800 2662 male
817 2635 857 2661 ttsi
881 2634 1003 2660 fuerint:

226 2671 262 2697 ita
290 2670 402 2702 Suarez,
422 2675 487 2698 tom.
512 2669 543 2702 ll,
561 2670 586 2696 in
602 2674 672 2704 part.
695 2677 736 2702 ιιι,
760 2670 790 2697 S.
817 2669 914 2696 Thom.
928 2669 1006 2703 cujus

227 2706 284 2732 hnc
296 2706 377 2732 Verba
396 2713 451 2732 rem
464 2712 571 2732 omnem
581 2704 747 2737 expediunt:
760 2705 856 2731 Munus
865 2704 1006 2738 judicaudt'

227 2748 278 2766 non
293 2740 449 2766 attribuitur
479 2740 576 2766 sanctis
603 2747 663 2765 cum
692 2747 724 2765 ea
750 2740 920 2774 proprietate,
947 2747 1005 2773 qua:

227 2775 342 2802 Christo.
366 2774 493 2802 Judicare
521 2774 590 2801 enim
618 2778 728 2809 (atque
757 2775 808 2802 hoc
828 2779 869 2802 est
881 2774 1004 2807 δικάσαι,

1055 2047 1082 2069 et.
1107 2042 1210 2076 κρίνειν
1231 2049 1299 2075 aput.
1341 2041 1520 2076 neophanem)
1537 2041 1643 2076 proprie
1671 2041 1741 2068 dicit
1765 2048 1847 2069 actum

1052 2078 1258 2111 juriadictionis,
1288 2081 1312 2103 et
1335 2077 1480 2109 superioris
1507 2077 1646 2110 potestatis
1661 2085 1672 2109 ;
1686 2077 1749 2104 hanc
1765 2083 1847 2104 autem

1051 2113 1205 2146 jurisdictio
1232 2119 1291 2146 qua:
1313 2112 1347 2137 att
1377 2111 1501 2138 ultimum
1525 2112 1660 2146 judicium
1695 2112 1847 2139 animarum

1055 2147 1103 2174 soli
1122 2147 1227 2173 Christo
1251 2147 1443 2173 communicata
1466 2151 1514 2173 est.
1538 2146 1684 2180 Proprium
1695 2155 1764 2181 ergo
1777 2149 1847 2181 judi-

1052 2183 1133 2212 cium,
1150 2186 1279 2207 uinctum
1296 2181 1489 2214 iurisdictionis
1505 2181 1649 2215 signiﬁcat,
1671 2181 1726 2208 soli
1747 2182 1846 2208 Christo

1053 2217 1181 2245 convenit.
1194 2224 1276 2250 neque
1291 2215 1339 2242 ulli
1351 2221 1506 2242 sanctorum
1517 2216 1747 2244 communicatur.
1763 2218 1853 2243 Atlri-‘

1053 2252 1143 2278 buitur
1168 2259 1230 2284 ergo
1253 2251 1350 2277 sanctis
1376 2251 1424 2277 Ιιοι·
1445 2251 1581 2286 judicium
1597 2250 1684 2277 solum
1700 2254 1847 2278 secundum

1052 2286 1196 2321 quamdam
1223 2286 1457 2321 participatione»:
1491 2286 1605 2321 alicujus
1645 2286 1773 2318 honoris,
1816 2287 1846 2312 ττι

1054 2321 1165 2346 actionis
1193 2320 1227 2345 ad
1246 2320 1379 2354 judicium
1407 2321 1571 2352 pertinentis.
1588 2320 1627 2346 Ac
1655 2321 1749 2353 primo
1779 2323 1846 2347 t'a/de

1053 2355 1204 2389 improprie,
1221 2363 1252 2380 ac
1265 2355 1440 2389 metaphorice
1457 2355 1543 2382 solum
1568 2356 1776 2387 comparatione
1786 2365 1847 2390 qua-

1054 2391 1128 2420 dum,
1161 2397 1213 2423 qua
1231 2390 1296 2421 justi
1312 2389 1438 2416 dicuntur
1449 2391 1573 2423 judicare
1594 2394 1764 2423 peccatotu.
1792 2400 1846 2424 quia

1055 2426 1109 2451 suis
1123 2425 1202 2456 [acus
1229 2430 1252 2450 et
1281 2425 1333 2451 vita
1347 2425 1487 2451 ostendunt
1500 2425 1560 2451 illa:
1586 2432 1641 2450 esse
1651 2431 1733 2456 pwna
1746 2427 1844 2459 dignos,

1054 2459 1117 2494 quia
1144 2458 1244 2485 similia
1260 2460 1366 2493 operari
1386 2463 1538 2492 potuerunt,
1563 2464 1588 2486 et
1605 2458 1801 2494 neglexerunt.
1818 2460 1843 2485 Et

1055 2493 1080 2520 in
1095 2494 1162 2520 hunc
1174 2494 1228 2527 fere
1243 2494 1349 2519 modum
1358 2499 1490 2528 exponunt
1514 2494 1571 2520 (om
1599 2493 1752 2528 Scriptura:
1777 2496 1843 2520 multi

1055 2530 1168 2556 Patres:
1185 2528 1340 2563 Ilieronym.
1359 2535 1384 2555 et
1397 2529 1496 2555 clarius
1514 2529 1650 2563 Chrysa“.
1669 2530 1745 2555 hom.
1756 2530 1801 2559 46,
1824 2531 1842 2554 in

1056 2564 1174 2595 Mattlt.;
1200 2562 1300 2589 Auctor
1327 2564 1486 2596 imperfecti,
1515 2562 1586 2589 Itoni.
1611 2563 1646 2589 55
1677 2563 1705 2589 ἰη
1731 2563 1842 2593 Matth.;

1058 2598 1200 2633 Tlteophyl.
1217 2597 1314 2633 Matt/1.
1332 2606 1394 2631 xtx;
1415 2598 1540 2633 Euthym.
1559 2605 1619 2631 cap.
1636 2599 1670 2625 £0
1687 2599 1715 2624 in
1734 2598 1842 2628 Matllt.;

1058 2634 1155 2660 Tlteod.
1180 2633 1190 2659 ι
1213 2633 1246 2658 ad
1261 2632 1322 2660 Cor.
1346 2641 1381 2660 vr.
1408 2632 1463 2659 Nec
1482 2634 1600 2659 dissentit
1614 2634 1734 2667 August.
1749 2633 1795 2659 lib.
1817 2640 1842 2658 ﬂ

1058 2669 1095 2695 De
1109 2669 1183 2703 civit.
1210 2669 1300 2702 Atque
1327 2668 1368 2695 Itis
1398 2668 1562 2703 suﬁ‘ragatur
1585 2674 1680 2694 noster
1698 2668 1745 2694 hic
1763 2668 1842 2695 Patvr,

1058 2704 1127 2730 duos
1150 2702 1219 2729 alios
1255 2704 1358 2734 modos,
1388 2702 1491 2737 quibus
1512 2703 1676 2729 attribuitur
1703 2702 1838 2735 juttieandi

1060 2746 1168 2770 munus,
1186 2741 1213 2763 ct
1227 2737 1333 2770 quidem
1349 2739 1433 2770 magis
1449 2738 1568 2772 proprie,
1586 2737 1660 2771 leges
1677 2737 1752 2772 apud
1768 2739 1842 2772 ipsum

1059 2775 1152 2801 eodem
1174 2773 1244 2805 loco,
1263 2779 1289 2799 et
1312 2772 1477 2805 Cornelium,
1493 2779 1520 2800 et
1533 2772 1709 2799 Jauscnium.
