1875 3055
205 159 259 192 807

245 227 254 243 1
280 215 309 243 Si
335 214 431 243 oculus
453 217 517 240 tuus
540 211 621 239 fuerit
647 211 776 246 simplex,
792 216 878 239 totum
902 215 1001 244 corpus
1015 206 1039 237 Δ

208 268 284 291 tuutn
305 261 424 289 lucidum
448 259 511 286 erit.
529 267 539 284 ι
560 257 593 284 Et
609 257 706 284 merito
725 266 732 284 :
753 265 815 284 nam
834 257 856 284 si
872 255 943 284 oculi
963 254 1000 282 tui

208 313 283 337 recta
309 307 403 334 vident
426 304 503 339 iuxta
526 303 629 330 dictum
656 302 793 336 Sapientis
819 302 892 338 (86),
914 305 1000 328 totum

208 360 307 387 corpus
337 358 369 378 ea
397 357 457 384 qua:
487 353 593 376 natura:
619 351 662 374 est
683 354 822 382 congrua,
844 345 1003 381 operatione

210 396 395 426 illustratur“.
429 393 505 421 Hanc
539 392 743 428 simplicitatem
778 391 898 419 habebat
930 389 1002 418 beati

211 443 322 471 Davidis
340 441 445 469 oculus.
460 439 564 468 Idcirco
582 445 644 466 cum
662 437 718 465 Deo
735 437 850 473 loquens
868 436 976 464 diccbat
993 443 1001 462 :

213 499 223 517 ε
238 489 363 521 Domine,
375 495 427 515 non
443 491 484 514 est
496 485 642 514 exaltatum
657 491 706 511 cor
719 491 825 516 meum,
839 490 926 518 neque
941 481 1003 510 elati

210 541 273 564 sunt
295 534 366 561 oculi
393 533 444 560 mei
454 533 475 559 ³.
497 542 507 558 )
533 531 567 558 Ει
591 531 718 566 quoniam
741 530 858 558 elatione
879 530 954 556 visus
979 527 1005 555 ei

211 582 337 613 carebat.
351 585 379 608 et
401 580 427 607 iu
450 579 508 607 solo
530 579 601 606 bono
624 582 784 612 occupatus,
802 580 887 603 totum
906 581 1005 608 corpus

212 629 272 663 ejus
289 627 408 655 lucidum
426 629 484 653 erat
498 625 525 652 in
544 624 617 652 nulla
633 631 663 651 re
677 623 828 651 offendens.
843 621 911 648 Nam
929 620 1006 648 audi-

213 679 258 701 tus
272 674 380 708 quidem
397 672 425 698 in
441 670 609 703 excipiendis
626 669 727 696 divinis
743 667 824 695 rebus
841 671 901 694 erat
917 665 1009 692 intend

213 725 274 752 tus;
300 719 336 746 ait
360 717 432 745 enim
461 726 467 743 :
495 725 505 742 ‹
533 716 648 743 Audiam
672 714 736 750 quid
760 713 887 748 loquatur
911 711 938 739 in
964 717 1007 737 me

215 765 346 793 Dominus
372 763 489 791 Dens”.
507 771 518 789 ι
544 762 675 789 Gustatus
698 767 763 788 vero
788 766 837 794 pro
859 757 932 786 omni
954 756 1008 784 alia

215 811 376 844 dulcedine,
401 816 461 844 quae
491 800 617 836 homines
646 807 729 834 animi
758 802 1009 841 perturbationibus

214 857 348 886 obnoxios
379 854 550 890 permulcere
583 854 670 886 solet,
703 852 803 880 divinis
836 848 1009 879 sermOuibus

215 883 403 932 delectabatur
420 911 427 931 :
448 911 457 928 ι
474 901 565 935 Quam-
577 883 669 928 dulcia.
681 899 802 926 faucibus
817 897 885 924 meis
901 895 1008 930 eloquia
1025 883 1046 911 Β

217 951 280 977 tua!
297 956 377 985 super
398 948 451 975 mel
472 947 512 975 ori
528 946 628 974 meo”.
649 955 659 973 ›
671 945 764 973 Manus
772 951 837 972 vero
845 943 958 970 tollebat
975 941 1008 969 ad

217 996 302 1023 Deum
328 1003 336 1022 :
364 1004 373 1020 ι
401 993 523 1022 Elevatio
546 999 674 1020 manuum
700 997 823 1018 mearum
844 987 1009 1017 sacriﬁcium

215 1041 403 1076 vespertinum
415 1041 447 1066 ".
469 1048 478 1065 ι
508 1038 595 1065 Pedes
619 1045 672 1064 nou
696 1037 819 1071 oblique,
834 1039 861 1063 et
882 1034 1011 1062 indecore

217 1089 408 1120 movebantur,
430 1087 477 1114 sed
504 1084 603 1112 ﬁducia
627 1084 653 1111 in
679 1083 764 1111 Deum
789 1081 891 1109 sutlulti
915 1085 1009 1113 erant;

217 1135 278 1162 ideo
291 1134 398 1162 dicebat
412 1141 419 1160 :
440 1142 450 1158 ‹
466 1132 517 1160 Pes
534 1137 610 1158 meus
626 1130 703 1158 stetit
717 1130 742 1156 in
759 1127 914 1161 directo“;
932 1136 942 1153 ι
961 1129 988 1153 et
1002 1133 1009 1152 :

220 1189 230 1206 ι
255 1180 379 1208 Statuisti
404 1185 486 1212 super
508 1181 614 1212 petram
635 1175 716 1210 pedes
739 1182 826 1208 meos,
843 1177 870 1200 et
887 1171 1011 1200 direxisti

218 1233 328 1263 gressus
347 1225 464 1253 meos“.
485 1233 494 1250 ι
512 1224 608 1252 Omnia
627 1222 710 1250 dit-iui
725 1220 802 1248 Vatis
823 1219 943 1248 membra
964 1225 1012 1254 per

217 1273 289 1302 oculi
303 1271 505 1307 simplicitatem
521 1270 548 1297 in
564 1269 654 1297 divino
669 1268 768 1296 timore
783 1266 962 1294 inhaerebant.

259 1329 270 1346 ε
299 1319 328 1347 Si
351 1324 442 1345 autent
467 1316 562 1344 oculus
586 1320 647 1342 tuus
672 1314 754 1342 luerit
776 1320 908 1347 nequam,
926 1315 1011 1338 totum

219 1373 320 1402 corpus
339 1370 414 1391 tuum
435 1363 608 1391 tenebrosum
627 1361 690 1388 erit;
712 1368 722 1385 ι
745 1359 849 1387 Ordine
865 1357 1013 1392 procedere

220 1413 310 1440 oratio
328 1418 380 1438 non
396 1409 515 1436 videtur.
533 1407 601 1435 Nam
619 1406 710 1433 verbis
729 1405 782 1432 illis
806 1413 812 1431 :
838 1413 848 1429 ε
870 1403 898 1430 Si
918 1403 1014 1430 oculus

223 1465 285 1486 tuus
303 1457 385 1485 fuerit
406 1456 537 1490 simplex,
557 1463 566 1480 ι
586 1451 802 1488 subiungendum
818 1449 969 1481 videbatur,
984 1447 1013 1476 Si

222 1510 311 1532 autem
327 1503 423 1530 oculus
438 1507 499 1529 tuus
513 1500 592 1527 fuerit
610 1498 790 1533 compositus;
807 1495 924 1529 simplici
939 1495 1011 1522 enim

223 1549 403 1589 compositum
430 1546 586 1583 opponitur.
612 1545 665 1573 Sed
692 1551 726 1572 ne
750 1542 832 1578 299
855 1546 1014 1578 putaremus

224 1604 318 1624 vocem
341 1587 433 1626 illam,
450 1593 583 1628 simplex,
601 1592 634 1618 de
660 1589 731 1617 oculi
757 1593 894 1617 structura
919 1587 1017 1615 dictam

225 1643 322 1674 fuisse,
339 1641 386 1668 sed
401 1641 435 1668 de
450 1638 567 1666 naturali
584 1636 752 1672 operatione,
767 1640 796 1661 ut
810 1633 896 1661 oratio
912 1638 1019 1667 quoque

225 1693 318 1717 nostra
333 1685 542 1718 demonstravit,
560 1689 702 1720 propterea
718 1681 809 1709 subdit
825 1689 832 1707 :
853 1688 863 1706 ι
882 1678 912 1706 Si
929 1683 1018 1705 autem

225 1735 321 1763 oculus
335 1739 396 1762 tuus
412 1733 495 1760 luerit
510 1737 639 1766 nequam,
656 1738 665 1755 ι
687 1733 715 1756 ut
730 1735 778 1764 per
793 1727 819 1754 id
836 1726 908 1761 quod
925 1731 1021 1752 conse-

227 1782 336 1817 quitur,
358 1779 546 1807 ratiocinando
572 1776 706 1811 intelligas
731 1775 757 1802 id
780 1773 851 1808 quod
873 1771 1019 1807 praecedit;

228 1815 292 1863 quia
309 1825 437 1860 nequitiae
455 1824 563 1851 bonitas
580 1822 671 1857 potius
687 1818 846 1855 opponitur.
862 1817 952 1851 Atque
970 1815 1021 1842 hoc

228 1878 281 1906 est,
295 1873 367 1908 quod
383 1878 432 1907 per
446 1868 648 1904 simplicitatem
664 1866 843 1902 signiﬁcatur.

267 1929 277 1946 ι
293 1919 321 1947 Si
336 1922 426 1946 autem
440 1915 534 1944 oculus
549 1919 609 1942 tuus
622 1913 704 1941 fuerit
718 1917 847 1946 nequam,
862 1912 947 1935 totum
962 1914 1022 1934 cor-

229 1973 280 2001 pus
298 1970 372 1993 tuum
389 1961 565 1990 tenebrosum
582 1959 651 1992 erit;
671 1968 681 1985 ι
702 1964 765 1985 nam
792 1955 887 1983 oculus
905 1960 1021 1988 nequam

232 2019 261 2040 et
280 2011 379 2043 elatus,
390 2008 521 2037 omittens
543 2005 665 2034 contueri
686 2012 717 2032 ea
739 2009 855 2038 quorum
873 2001 961 2029 factus
981 2002 1024 2026 est

232 2065 326 2090 causa,
342 2055 500 2091 passionum
518 2053 693 2080 incitamenta
711 2048 907 2084 circumSpicit.
923 2047 1024 2080 Quam-

232 2106 326 2132 obrem
355 2106 441 2130 totum
467 2106 566 2133 corpus
590 2097 663 2124 velut
688 2096 715 2123 in
745 2094 863 2122 tenebris
888 2092 1023 2124 ambulat,

232 2151 318 2180 oculis
340 2147 544 2177 caecutientibus
566 2150 671 2172 errans.
684 2141 828 2170 Curiosum
853 2141 925 2166 buuc
945 2144 1024 2173 aspe-

233 2203 307 2224 ctum
321 2194 453 2223 Dominus
468 2198 598 2220 coercens
614 2187 744 2224 prtecepit
763 2196 770 2214 :
792 2195 801 2212 ι
819 2185 879 2213 Non
897 2184 1025 2220 concupi-

814 147 1062 186 THEOPHANIS
1081 145 1178 176 CERA
1185 145 1256 175 MEI

1091 215 1100 230 ε
1121 203 1186 230 Ἐὰν
1196 204 1209 229 ό
1225 202 1364 238 ὀφθαλμός
1378 211 1424 229 σου
1438 202 1540 234 ἁπλοῦς
1553 200 1582 240 ᾖ,
1591 202 1653 229 ὅλον
1664 201 1698 228 τδ
1716 201 1853 236 aiataiat”

1052 250 1185 287 φωτεινόν
1199 249 1304 276 ἔσται.)
1318 249 1373 275 Καὶ
1388 249 1461 284 μάλα
1472 249 1595 280 εἰκότως·
1606 249 1630 274 εἰ
1647 248 1704 282 γὰρ
1711 247 1738 273 οἱ
1755 247 1854 281 ὀφθαλ-

1054 297 1099 333 μοί
1117 305 1164 323 σου
1188 295 1248 322 λεῖα
1274 294 1420 331 βλέπουσι,
1441 295 1512 322 κατὰ
1539 303 1585 321 τον
1609 295 1727 320 εἰπόντα
1763 294 1854 326 cupiit,

1055 343 1111 370 πᾶν
1122 342 1153 368 τὺ
1165 341 1246 376 σῶμα
1261 342 1294 376 τῇ
1312 340 1383 367 κατὰ
1408 339 1490 374 φύσιν
1516 339 1644 374 ἐνεργείᾳ
1665 338 1857 371 καταφωτὶζε-

1054 398 1112 417 ται.
1138 387 1250 423 Ταύτην
1271 384 1328 422 εἶχε
1350 386 1401 421 τὴν
1423 386 1565 421 ἁπλότητα
1593 385 1607 411 ὁ
1635 384 1684 412 τοῦ
1716 383 1857 419 μακαρίον

1055 435 1139 462 Δασὶδ
1160 433 1319 470 ὀφθαλμός·
1349 433 1390 460 διὸ
1415 433 1464 460 καὶ
1490 432 1568 467 ἔλεγε
1595 432 1666 467 πρὸς
1692 431 1742 457 τὸν
1773 430 1858 456 Θεόν·

1058 491 1067 508 t
1088 481 1188 517 Κύριε,
1203 481 1253 515 οὐχ
1268 478 1365 514 ὑψώθη
1380 481 1397 515 ή
1411 479 1513 515 καρδία
1530 487 1592 514 μου,
1606 478 1667 504 οὐδὲ
1699 476 1860 511 ἐμετεωρί-

1056 528 1160 563 σθησαν
1171 528 1196 554 ol
1207 526 1345 562 ὀφθαλμοί
1356 534 1421 562 μου.
1436 536 1446 551 ι
1461 525 1517 552 Καὶ
1530 525 1626 561 ἐπειδὴ
1644 523 1860 560 άμετεώριστον

1057 572 1115 608 εἶχε
1130 573 1180 607 τὴν
1193 573 1290 606 ὅρασιν
1305 571 1375 606 πρὸς
1390 572 1471 606 μόνον
1483 570 1725 606 ἀπησχολημένην
1740 569 1777 594 τὸ
1798 569 1860 601 ἀτα-

1057 619 1115 651 θὺν,
1135 619 1209 645 ἅπαν
1225 617 1309 644 αὑτοῦ
1322 617 1352 643 τὸ
1373 617 1454 652 σῶμα
1468 617 1602 651 φωτεινόν
1621 616 1652 642 τὸ
1675 614 1859 651 προσκόπτοῆ

1057 666 1086 692 ἐν
1103 665 1199 701 μηδενί
1212 673 1219 680 ο
1236 665 1253 700 ἡ
1263 665 1313 700 μὲν
1326 664 1381 700 γὰρ
1405 664 1474 699 ἀκοὴ
1502 663 1682 699 ἀπησχόλητο
1715 662 1794 697 πρὸς
1815 662 1859 696 τὴν

1058 712 1134 740 θείαν
1146 711 1283 738 ἐνώτισιψ
1303 720 1312 737 ι
1334 710 1501 745 ’Ᾱκούσομαι
1518 710 1583 745 γὰρ,
1602 710 1682 744 φησὶ,
1700 708 1729 734 τί
1746 707 1858 742 λαλήσει

1059 759 1088 785 ὲν
1107 758 1171 793 ἐμοὶ
1188 758 1293 794 Κύριος
1308 758 1322 784 ό
1342 757 1419 789 Θεός.
1436 767 1445 782 ι
1467 756 1501 783 Ἦ
1521 757 1550 783 δὲ
1565 756 1671 790 γεῦσις,
1700 755 1766 782 ἀντ’
1779 754 1859 788 ἄλλης

1059 805 1230 840 γλυκύτητος
1253 804 1406 840 ἡδυνούσης
1434 804 1500 835 τοὺς
1516 803 1663 838 ἐμπαθεῖς,
1679 803 1741 833 τοῖς
1773 801 1859 834 λόγοις

1059 852 1108 879 τοῦ
1125 851 1194 878 Θεοῦ
1204 851 1355 886 ὲφηδύνετο
1366 858 1374 866 ⁸
1393 859 1403 876 ι
1427 850 1472 880 Ὠς
1495 849 1599 884 γλυκέα
1612 848 1652 884 τῷ
1663 848 1793 883 λάρυγγί
1815 856 1859 881 μου

1062 898 1096 924 τὰ
1108 897 1188 931 λόγιά
1208 905 1256 924 σου
1271 898 1277 924 l
1293 897 1364 932 ὑπὲρ
1388 896 1449 932 μέλι
1463 896 1503 931 τῷ
1528 894 1645 931 στόματί
1679 903 1746 930 μου.
1769 903 1780 920 ι
1810 893 1859 924 Τὰς

1063 946 1156 980 χεῖρας
1167 943 1240 979 εἶχεν
1253 943 1442 979 ἐπαιρομένας
1453 943 1494 974 εἰς
1509 942 1576 968 Θεόν
1586 948 1594 956 ⁵
1613 950 1623 967 ί
1644 941 1797 975 Ἔπαρσις
1810 939 1858 964 τῶν

1063 990 1164 1026 χειρῶν
1177 998 1229 1026 μου
1244 990 1324 1016 θυσία
1341 990 1486 1025 ἐσπερινή.
1507 998 1516 1015 ι
1534 989 1565 1015 Ol
1581 988 1664 1020 πόδες
1679 987 1711 1014 οὑ
1744 985 1859 1015 σκολιῶς

1064 1035 1216 1070 ἐκινοῦντο,
1231 1037 1279 1063 καὶ
1291 1036 1437 1071 ἀπρεπῶς,
1452 1035 1510 1062 ἀλλ’
1524 1034 1718 1070 ἐνηρεισμένοι
1734 1033 1809 1067 πρὸς
1816 1031 1860 1065 τὴν

1065 1083 1105 1114 είς
1125 1082 1192 1108 Θεὸν
1209 1079 1282 1118 ἦσαν
1298 1081 1465 1117 πεποίθησιν
1477 1089 1486 1097 ·
1500 1081 1541 1108 διὸ
1553 1081 1663 1115 ἐλεγενι
1697 1089 1706 1105 ε
1735 1079 1770 1105 Ὀ
1798 1077 1861 1108 ποῦς

1067 1138 1118 1166 μου
1130 1130 1195 1165 ἔστη
1207 1130 1236 1157 ὲν
1247 1129 1377 1164 εὐθύτητι
1388 1137 1396 1145 ·
1415 1139 1423 1156 ι
1435 1129 1499 1156 καί’
1517 1129 1673 1163 «Ἔστησας
1686 1127 1734 1153 ἐπὶ
1759 1126 1859 1160 πέτρα-ι

1065 1178 1128 1208 τοὺς
1141 1177 1226 1209 πόδας
1238 1185 1301 1212 μου,
1317 1177 1365 1204 καὶ
1376 1176 1547 1207 κατεύθυνας
1559 1175 1594 1202 τά
1606 1174 1772 1209 διοσημιτά
1783 1182 1857 1207 μου.)

1067 1224 1162 1251 Πάντα
1175 1223 1209 1250 τὰ
1224 1223 1271 1250 τοῦ
1287 1223 1361 1250 θείου
1372 1223 1516 1258 Προφήτου
1533 1222 1600 1258 μέλη
1608 1223 1641 1257 τῇ
1655 1221 1704 1248 τοῦ
1715 1219 1857 1254 ὀφθαλμοῦ

1067 1270 1200 1305 ἁπλότητι
1219 1270 1287 1305 πρὺς
1300 1270 1346 1296 τὸν
1358 1269 1431 1296 θεῖον
1443 1269 1526 1304 φόϐον
1538 1269 1690 1304 ἐνίσχοντο.

1107 1325 1116 1342 ‹
1145 1315 1209 1342 Ἐὰν
1219 1315 1248 1342 δὲ
1270 1317 1283 1342 ό
1300 1315 1439 1350 ὀφθαλμός
1464 1323 1511 1342 σου
1539 1315 1658 1350 πονηρὸς
1683 1312 1713 1350 ᾖ,
1742 1313 1804 1340 ὅλον
1832 1313 1858 1339 τὶ

1069 1361 1150 1396 σῶμά
1174 1370 1222 1388 σου
1239 1361 1377 1388 σκοτεινὸν
1389 1361 1478 1388 ἔσται.
1493 1369 1503 1387 ›
1522 1361 1601 1387 Δοκεῖ
1617 1360 1656 1395 μὴ
1683 1359 1758 1386 κατὰ
1788 1359 1859 1391 τάξιν

1067 1408 1081 1433 ό
1094 1407 1174 1441 λόγος
1190 1407 1387 1442 προέρχεσθαι.
1410 1407 1482 1442 Πρὸς
1510 1406 1565 1442 γὰρ
1583 1405 1615 1432 τό
1630 1413 1637 1421 '
1657 1414 1667 1432 ‹
1699 1406 1768 1432 Ἐὰν
1785 1405 1799 1431 ό
1817 1405 1861 1438 όςρ

1069 1453 1174 1488 θαλμός
1190 1462 1238 1479 σου
1255 1453 1358 1484 ἁπλοῦς
1376 1450 1406 1489 ᾗ,
1427 1463 1436 1480 ι
1455 1453 1541 1488 ἐχρῆν
1558 1453 1720 1486 ἐπενεγκεῖν
1731 1461 1739 1468 ·
1773 1451 1836 1478 Ἐὰν
1850 1452 1859 1476 ἑ

1068 1496 1208 1531 ὀφθαλμός
1223 1505 1272 1523 σου
1289 1495 1446 1533 σύνθετοςῇ
1461 1498 1519 1532 ’τῷ
1534 1497 1590 1532 γὰρ
1620 1497 1703 1532 ἁπλῷ
1716 1496 1750 1522 τὸ
1769 1496 1860 1522 σύνθε-

1069 1551 1116 1569 τον
1129 1542 1293 1570 ἀντίκειται.
1312 1541 1385 1569 Ἀλλ’
1399 1543 1443 1570 ίνα
1458 1543 1496 1578 μὴ
1511 1543 1578 1578 περὶ
1588 1542 1639 1577 τῆς
1653 1541 1701 1568 τοῦ
1718 1540 1858 1576 ὀφθαλμοί

1071 1589 1248 1623 κατασκευῆς
1265 1589 1394 1624 εἰρῆσθαι
1424 1589 1569 1624 νοήσωμεν
1593 1588 1624 1615 τὸ
1648 1587 1767 1619 ἁπλοῦν,
1796 1587 1859 1614 ἀλλὰ

1070 1636 1135 1672 περὶ
1146 1636 1197 1670 τῆς
1226 1635 1298 1661 κατὰ
1325 1635 1406 1670 φύσιν
1427 1635 1580 1671 ἐνεργείας,
1616 1635 1654 1666 ὡς
1685 1635 1762 1662 καὶὸ
1786 1634 1859 1667 λόγος

1070 1680 1196 1713 ἀπέδειξε
1209 1689 1216 1696 ·
1228 1680 1273 1707 διὰ
1285 1679 1365 1706 τοῦτο
1382 1680 1512 1715 ἐπιφέρει
1526 1688 1533 1695 ·
1553 1689 1562 1706 t
1590 1680 1653 1706 Ἐάν
1685 1679 1714 1706 δὲ
1727 1680 1743 1706 ὁ
1763 1680 1859 1714 ὀφθαλ-

1072 1727 1122 1762 μός
1136 1735 1184 1754 σου
1200 1726 1320 1761 πονηρὸς
1361 1734 1368 1741 ·
1384 1735 1393 1751 ι
1416 1727 1461 1753 ἵνα
1474 1726 1520 1753 διὰ
1533 1725 1581 1752 τοῦ
1598 1725 1734 1760 ἑπομένου
1765 1727 1859 1761 νοήσῃς

1070 1774 1100 1800 τὸ
1115 1773 1333 1809 προηγούμενον,
1352 1772 1582 1808 συλλογισάμενος
1594 1772 1636 1799 ὅτι
1649 1772 1689 1807 τῷ
1705 1771 1822 1807 πονηρῷ
1838 1773 1860 1796 τί

1071 1819 1175 1854 ἀγαθὸν
1193 1819 1295 1854 μᾶλλον
1313 1819 1486 1845 ἀντίκειται·
1504 1818 1644 1845 καὶτοῦ-τό
1669 1819 1730 1845 ἐστι
1762 1819 1794 1844 τὸ
1824 1818 1860 1844 διὰ

1071 1867 1121 1901 τῆς
1138 1865 1290 1900 ἁπλότητος
1304 1864 1520 1900 σημαινόμενον.

1111 1920 1120 1937 ι
1141 1911 1205 1937 Ἐὰν
1220 1910 1247 1937 δὲ
1264 1911 1278 1937 ό
1288 1910 1428 1945 ὀφθαλμός
1444 1919 1491 1937 σου
1503 1907 1656 1946 πονηρδςῇ,
1669 1909 1731 1936 ὅλον
1743 1909 1776 1936 τὸ
1787 1909 1859 1943 σῶμα

1074 1965 1120 1983 σου
1141 1956 1281 1983 σκοτεινὸν
1295 1957 1372 1982 ἕσται
1388 1965 1394 1973 ·
1416 1965 1425 1982 t
1444 1956 1520 1991 ὁγὰρ
1535 1955 1803 1991 πονηρδςόφθαλμδς
1821 1956 1859 1980 xz‘:

1075 2002 1223 2038 μετέωρος,
1236 2002 1317 2037 ἀφεὶς
1331 2003 1424 2029 ἐκεῖνα
1435 2002 1627 2037 περισκοπεῖν,
1643 1998 1682 2027 ὧν
1705 2000 1790 2028 ἓνεκα
1819 2001 1859 2033 τέ-

1074 2056 1149 2082 γονε,
1167 2047 1314 2082 περιαθρεῑ
1327 2048 1360 2073 τὰ
1374 2047 1430 2073 τῶν
1447 2046 1542 2073 παθῶν
1571 2045 1789 2080 ὑπεκκαύματα.
1823 2046 1859 2071 Διὸ

1074 2093 1123 2120 καὶ
1138 2093 1211 2119 ἅπαν
1226 2092 1256 2118 τὺ
1281 2093 1361 2127 σῶμα
1377 2091 1415 2123 ὡς
1432 2093 1461 2118 ἐν
1480 2092 1573 2118 σκότει
1595 2090 1758 2126 πορεύεται,
1771 2093 1804 2125 τῇ
1816 2091 1858 2116 τε.

1076 2141 1210 2176 ὀμμάτων
1221 2139 1391 2174 ἁμὸ).υωπίςι
1405 2137 1664 2173 περιπλανώμενον.
1681 2136 1796 2171 Ταύτην
1820 2137 1859 2170 τήν

1078 2187 1225 2222 περίεργον
1265 2185 1331 2212 θέαν
1367 2184 1539 2212 ἀναστέλλων
1560 2184 1575 2210 ὁ
1603 2183 1670 2215 Θεὸς
1693 2183 1859 2210 ἐνετείλατο·

233 2249 292 2269 sces
316 2246 429 2267 uxorem
453 2235 572 2272 proximi
598 2234 653 2267 tui,
668 2237 696 2260 et
717 2232 846 2260 universa
872 2237 931 2266 quae
955 2229 1006 2257 illiu

1106 2233 1164 2259 Οὐκ
1181 2232 1365 2267 ἐπιθυμήσεις
1377 2232 1427 2266 τὴν
1443 2231 1563 2265 γυναῖκα
1579 2229 1626 2256 τού
1657 2229 1776 2263 πλησίου
1811 2238 1858 2257 om.

234 2287 340 2316 sunt".
361 2295 371 2312 ι
400 2284 499 2312 P05tea
521 2288 587 2309 vero
612 2279 720 2308 curiose
745 2277 886 2305 mulierem
911 2276 1027 2309 intueri,

235 2331 401 2360 adulterium
419 2336 480 2357 esse
496 2327 581 2359 dixit,
598 2325 718 2353 radicem
737 2322 873 2358 passionis
889 2321 1028 2356 spinarum

235 2381 353 2408 feracem
381 2376 500 2405 evellcns
525 2373 601 2409 (87),
617 2378 652 2400 ex
678 2377 733 2406 qua
757 2368 888 2396 nimirum
915 2371 986 2394 terra
1013 2373 1027 2394 ο

235 2425 370 2463 principio
394 2423 487 2459 spinas
509 2420 587 2448 nobis
609 2417 749 2454 produxit,
767 2422 868 2451 pravus
889 2414 960 2442 enim
984 2413 1029 2440 ille

236 2459 336 2509 plautas
351 2472 515 2503 conspectus
530 2465 630 2493 malam
645 2463 723 2491 nobis
737 2469 828 2490 escam
841 2460 940 2488 emisit.
954 2459 1029 2493 Quo-

238 2506 310 2547 niam
326 2524 402 2550 vero,
416 2520 447 2542 ut
461 2512 556 2549 optimi
572 2511 673 2547 quique
687 2509 768 2538 ﬂores
784 2507 906 2544 pulchris
922 2506 1028 2534 extrin-

236 2571 318 2592 secus
331 2562 403 2589 l'oliis
418 2560 604 2590 involvuntur,
619 2557 656 2584 ita
668 2562 753 2583 sacrte
768 2553 917 2587 Scriptura:
932 2558 1028 2579 sensus

272 2632 284 2649 ⁸
296 2632 376 2659 Prov.
388 2637 424 2660 tv.
435 2628 481 2656 25.
520 2627 530 2643 ⁹
542 2625 615 2653 Psal.
628 2632 710 2656 cxxx,
722 2624 761 2660 Ιχ
770 2658 778 2660 4
788 2620 895 2660 “fsal.
908 2620 1058 2660 LXXXIV’L9,

239 2668 284 2696 η.
296 2656 305 2659 “
319 2656 345 2682 ii
358 2656 430 2693 γε,Ὰῇ
443 2671 537 2695 χχχιχ,
548 2663 575 2689 5.
615 2662 636 2678 ’⁸
649 2660 735 2687 Exod.
747 2658 793 2691 ‘20,
806 2657 855 2690 i7;
874 2657 949 2683 Deut.
963 2663 989 2688 ν,
1000 2656 1045 2683 21.

1077 2279 1140 2306 οὐδὲ
1152 2279 1204 2305 ὅσα
1219 2277 1339 2312 ὑπάρχει
1351 2277 1438 2312 αὐτῷ.
1459 2285 1469 2302 t
1488 2276 1623 2311 ’Υστερον
1641 2274 1670 2301 δὲ
1685 2274 1735 2301 καὶ
1747 2275 1858 2309 μοιχεία,

1079 2323 1207 2358 ὠνόμασε
1221 2322 1254 2356 ,τὸ
1270 2322 1427 2358 περιέργως
1443 2322 1563 2355 γυναῖκα
1579 2320 1654 2352 ίδείν,
1673 2319 1725 2354 τὴν
1751 2320 1860 2353 dte-xviri;-

1077 2367 1161 2403 φόρον
1172 2367 1251 2403 ῥίζαν
1267 2366 1315 2392 τοῦ
1332 2366 1436 2396 πάθους
1453 2364 1578 2397 ἐκσπῶν,
1592 2363 1622 2396 ἐξ
1636 2361 1670 2399 ἧς
1698 2364 1768 2398 ἡμῖν
1781 2363 1859 2398 ἀρχῆ-

1077 2414 1125 2441 θεν
1142 2414 1159 2448 ή
1172 2413 1207 2447 γῆ
1222 2411 1272 2444 τὰς
1289 2411 1411 2443 ἀκάνθας
1431 2411 1583 2445 ἐϐλάστησε
1610 2417 1618 2425 ·
1646 2409 1664 2444 ὴ
1685 2409 1742 2444 γὰρ
1764 2409 1859 2443 πονηρὰ

1079 2459 1127 2486 τοῦ
1143 2458 1226 2493 φυτοῦ
1239 2457 1288 2484 θέα.
1302 2457 1351 2493 τὴν
1372 2456 1460 2492 κακὴν
1483 2457 1551 2492 ἡμῖν
1571 2455 1726 2491 ἐϐλάστησε
1756 2455 1857 2490 βρῶσιν.

1088 2505 1211 2540 Ἐπειδὴ,
1226 2503 1322 2539 ὥσπερ
1335 2504 1389 2530 τῶν
1411 2503 1517 2530 ἀνθέων
1535 2501 1570 2529 τὰ
1598 2501 1733 2529 κάλλιστα
1762 2501 1857 2536 ὡραίοις

1083 2551 1184 2585 ἔξωθεν
1197 2550 1308 2585 φύλλοις
1329 2549 1575 2586 περιχλαινίζεται,
1592 2548 1665 2576 οὕτω
1678 2548 1714 2576 τὰ
1725 2549 1776 2583 τῆς
1791 2548 1856 2580 ἁτέις

1098 2619 1119 2635 ¹¹
1131 2618 1204 2648 Psal.
1217 2626 1312 2651 cxvnt,
1326 2617 1389 2646 105.
1428 2618 1449 2635 ¹²
1460 2617 1532 2646 Psal.
1545 2624 1607 2651 οη,
1620 2617 1649 2645 2.
1690 2618 1712 2634 “
1722 2616 1792 2645 Psal.
1805 2625 1854 2647 ut.

869 2713 1031 2746 Francisci
1049 2711 1154 2744 Scorsi
1170 2714 1265 2742 notas.

277 2785 332 2821 (86)
355 2783 440 2810 Juxta
462 2783 561 2821 dictum
589 2779 732 2821 sapientis:
758 2776 1030 2821 Pt'overltiorttttr‘t—est

242 2809 344 2848 dictum
357 2809 422 2851 cap.
438 2825 474 2844 tv.
493 2815 561 2842 LXX
580 2809 633 2841 :Ot'
649 2813 784 2851 ὀφθαλμοί
796 2820 841 2838 σου
854 2811 922 2851 ὀρθὰ
933 2809 1031 2851 βλεπέ-

243 2861 335 2880 τωσαν
344 2860 350 2866 ·
361 2847 435 2877 ἰα’δέ
447 2851 572 2884 ϐλεφαρά
583 2858 630 2875 σου
641 2849 742 2875 νευέτω
756 2847 902 2874 δίκαια.Αι
917 2850 1007 2884 uestra
1022 2853 1029 2872 ε

247 2887 323 2915 Oculi
339 2886 376 2913 lui
393 2891 463 2912 recta
478 2881 592 2918 videam,
615 2890 638 2910 ιιι
657 2884 786 2917 paIpcbrw
809 2890 861 2908 tute
881 2881 1029 2914 pra‘rcdaut

1083 2781 1186 2808 grrssus
1203 2776 1271 2808 t_t_tos.

1123 2809 1178 2842 (87)
1204 2806 1336 2833 Evelleus.
1363 2805 1392 2832 ln
1420 2805 1706 2842 Exempltl’anorm.
1734 2808 1853 2835 seribealis

1085 2841 1215 2905 zilithro
1230 2842 1352 2875 ἐκσπῶν,
1365 2843 1435 2877 quod
1449 2847 1491 2869 est
1506 2842 1534 2869 in
1548 2841 1649 2875 γεω,
1665 2849 1802 2870 exaratum
1812 2848 1854 2870 em

1100 2887 1199 2904 κςτων.

1100 2887 1199 2904 unum.
