1875 3055
19 174 74 207 813

700 173 864 202 IlOMlLlA
885 172 977 202 XLII.

1597 173 1652 207 ειι

19 232 188 262 λωτίσαντες
200 230 231 257 τὸ
245 229 334 265 νόημα
346 230 386 262 εἰς
394 230 524 265 Χριστὸν,
534 229 604 256 κατὰ
617 229 665 265 τὴν
681 230 727 256 τοῦ
736 230 818 256 ’Λπο-

913 228 1099 263 captivitatem
1125 227 1278 262 redigentes
1298 235 1408 256 sensum
1438 228 1465 256 in
1492 230 1653 266 obsequium

21 278 114 307 στόλου
130 277 306 312 παραίνεσιν.
321 276 426 311 Λύχνος
441 276 495 311 γὰρ
507 275 588 311 ἡμῶν
599 276 646 302 καὶ
670 275 811 310 όφοαλμδς

19 324 102 355 αὑτός
115 325 191 350 ἐστιν
207 324 221 350 ὁ
240 322 370 358 Χριστός.
398 321 504 357 Λύχνος
518 322 573 357 γὰρ
601 321 811 355 ὲτυμολογείται

20 370 96 404 παρὰ
115 369 147 395 τὸ
163 368 238 396 λύειν
263 369 293 394 τὸ
323 367 416 402 νύχος,
431 368 517 403 ἢγουν
543 368 574 394 τὺ
591 367 697 398 σκότος.
717 366 765 398 Τίς
781 366 810 392 δέ

20 418 94 442 ἐστιν
110 415 206 450 ἕτερος
220 415 234 441 6
252 414 302 448 τῆς
323 413 463 449 ἁμαρτίας
486 413 572 445 λύσας
599 413 648 447 τὴν
680 413 812 446 ζόῆςωσιν,

20 462 68 489 καὶ
81 462 112 488 τὸ
127 462 185 496 φῶς
197 462 248 496 τῆς
263 460 393 495 γνώσεως
419 460 617 496 χαρισάμενος,
645 459 702 486 ἀλλ’
718 460 734 495 ἢ
764 459 814 486 αύ-

21 508 65 539 τὺς
81 507 96 533 6
112 507 199 534 εἰπών
213 516 219 523 ·
239 516 249 532 ε
272 506 346 541 Ἐγώ
368 507 427 541 είμι
446 506 476 533 τὸ
501 506 559 540 φῶς
586 505 634 532 τοῦ
658 505 782 540 κόσμου;
800 513 809 530 ι

21 554 107 585 Λὺτὺς
133 553 187 589 γάρ
216 554 291 580 ἐστιν
314 553 353 584 ὡς
381 552 493 587 ἀληθῶς
520 552 552 578 τὸ
577 551 646 587 φῶς,
663 551 678 578 ὃ
699 551 814 586 φωτίζει

21 600 112 626 πάντα
145 599 291 634 ἄνθρωπον
313 598 532 634 ὲρχόμενον;είς
563 598 610 625 τὸν
640 598 743 634 κόσμον
759 597 815 624 τῶν

21 644 141 679 ἀρετῶν.
155 645 216 675 Πῶς
231 645 260 671 δὲ
284 641 362 676 οὗτος
379 644 520 679 ὀφθαλμός
554 645 614 671 ἔστι
638 645 686 671 καὶ
719 644 815 679 λύχνος

21 691 171 726 ἡμέτερος,
185 690 199 716 6
221 690 300 725 λόγος
310 691 392 722 δείξει
419 691 599 725 σαφέστερον.
620 691 746 725 Reguli)
764 690 816 717 τοῦ

23 745 37 762 τ
43 736 80 768 ἧς
87 737 274 769 Ἐκκλησίας
280 736 476 770 πληρώματος
485 737 567 767 αὐτός
574 737 648 762 ἐστιν
657 736 671 762 6
679 737 815 770 Χριστός·

22 781 94 808 οὕτω
109 782 163 817 γὰρ
176 783 190 809 6
205 783 293 818 μέγας
304 782 408 814 Παυλός
419 791 502 817 φησιν
512 790 518 796 ·
537 791 546 808 ι
568 782 668 816 Ἡμεῖς
685 783 714 809 δὲ
730 782 817 817 σῶμα

22 826 119 854 αὐτοῦ
130 846 136 857 ,
154 826 203 852 καὶ
224 827 293 861 μέλη
306 827 338 853 ὲκ
367 827 493 862 μέρους»
507 827 628 863 κεφαλῆς
643 828 670 854 δὲ
685 829 821 863 16x96“-

23 880 87 898 στον
107 872 289 908 αἰσθητήριον
302 873 317 899 6
336 872 490 908 ὀφθαλμός.
504 873 613 922 Ὠσπερ
638 871 684 900 οὖν
712 874 818 908 κεφαλή
833 891 858 922 Β

25 918 113 950 ἐστιν,
131 917 204 945 οὕτω
214 918 270 953 ἄρα
283 919 333 946 καὶ
349 919 502 955 ὀφθαλμὸς,
523 920 568 954 ὑφ’
584 917 614 947 οὗ
627 920 658 947 τὺ
669 921 725 947 πᾶν
739 920 819 956 σῶμα

23 965 71 999 τῆς
83 961 254 1000 Ἐκκλησίας
272 966 434 1000 φωτίζεται.
452 967 522 993 Λίαν
546 967 576 992 δὲ
602 967 788 1002 παρεμφερὴς
805 968 819 994 ὁ

23 1008 122 1044 λύχνος
137 1010 188 1043 τῆς
202 1009 250 1036 τοῦ
264 1010 351 1044 Λόγου
368 1010 544 1045 σαρκώσεως.
563 1011 643 1038 Κατὰ
657 1011 739 1046 φύσιν
766 1013 821 1048 γὰρ

24 1054 91 1086 Θεὸς
112 1054 256 1090 ὑπάρχων,
275 1056 323 1082 καὶ
337 1055 407 1092 σὰρξ
423 1056 482 1083 κατ’
492 1057 651 1092 οἰκονομίαν
662 1058 819 1092 γενόμενος,

24 1098 68 1127 οἷα
86 1101 121 1136 δὴ
140 1103 197 1136 φῶς
209 1101 270 1129 κατ’
278 1103 376 1130 οὐσίαν
396 1104 616 1139 ἀπεριγράπτως
631 1103 670 1139 τῷ
685 1106 734 1140 τῆς
751 1113 821 1140 σαρ-

25 1147 72 1178 κὸς
88 1147 221 1182 ὀστράκῳ
241 1147 370 1184 καθάπερ
382 1148 472 1185 λύχνῳ
497 1149 542 1176 διὰ
563 1149 649 1184 μέσης
673 1149 764 1186 ψυχῆς
784 1151 822 1182 ὡς

25 1193 70 1220 διὰ
87 1193 250 1229 θρυαλλίδος
278 1194 309 1220 τὸ
334 1194 391 1230 πῦρ
422 1195 534 1228 ἐνωοὲν,
554 1195 602 1222 τοῦ
629 1196 744 1228 σκότους
770 1197 822 1231 τῆς

26 1239 142 1273 ἀγνοίας
169 1239 247 1276 ὤφθη
277 1240 419 1276 λυτήριον.
437 1241 493 1268 Καὶ
523 1241 591 1276 γοῦν
617 1242 664 1268 καὶ
680 1243 694 1269 6
718 1242 823 1278 Κύριος

25 1285 99 1312 οὕτω
113 1285 197 1322 φησιν
210 1295 217 1302 ·
241 1295 251 1312 ‹
269 1286 367 1319 οὐδεὶς
390 1284 463 1322 ἅψας
473 1287 572 1323 λύχνον
589 1288 724 1316 καλύπτει
739 1289 823 1316 αὑτὸν

27 1332 146 1359 σκεύει·
168 1341 178 1358 ι
199 1332 357 1366 τουτέστιν,
377 1333 473 1366 Οὐδεὶς
500 1335 529 1361 ὲν
543 1335 634 1370 ἐαυτῷ
658 1335 704 1361 τὸν
736 1335 824 1370 Λόγον

27 1377 206 1412 κτησάμενος
221 1377 266 1404 διὰ
280 1378 412 1411 πίστεως,
440 1376 485 1406 οἷα
514 1379 612 1415 λύχνον
641 1379 824 1416 δᾳδουχοῦντα

26 1423 73 1450 τὸν
90 1423 169 1458 νοῦν,
187 1423 320 1451 καλύπτει
339 1424 422 1452 αὑτὸν
434 1425 474 1460 τῷ
488 1426 574 1461 χοῖκῷ
599 1427 766 1462 φρονήματι,
786 1427 825 1459 ὼς

28 1470 217 1505 ἀνενέργητον
232 1470 280 1497 τοῦ
291 1470 414 1498 τοιούτου
427 1471 525 1507 λύχνου
541 1472 571 1498 τὸ
583 1473 641 1507 φῶς
660 1473 823 1506 φαίνεσθαι·

28 1517 59 1543 ob
73 1518 108 1552 τῇ
125 1517 214 1544 αὑτοῦ
232 1517 325 1553 φύσει,
340 1517 410 1544 ἀλλὰ
426 1519 461 1554 τῇ
486 1519 611 1554 ῥᾳθυμίᾳ
630 1518 677 1545 τοῦ
704 1519 823 1555 ἔχοντος.

865 275 980 307 Christi,
1003 279 1033 301 ut
1058 275 1183 302 hortatur
1207 274 1354 309 Apostolus
1371 274 1405 302 “.
1435 275 1558 304 Lucerna
1580 277 1654 304 enim

865 318 984 347 nobis’et
994 320 1088 348 oculus
1104 321 1160 355 ipse
1167 325 1208 348 est
1227 320 1362 348 Christus.
1372 321 1440 348 Nam
1453 322 1591 350 lucernam
1599 323 1657 359 (91)

867 365 954 392 Graeci
980 365 1089 400 λύχνον,
1106 366 1235 400 lychnum
1254 367 1402 401 appellant,
1419 368 1490 403 quod
1513 369 1601 396 solvat
1614 373 1656 396 te-

868 412 988 438 nebras:
1020 412 1081 447 quis
1096 418 1187 439 autem
1207 412 1276 440 alius
1299 413 1443 448 caliginem
1468 414 1572 448 peccati
1599 414 1656 442 dis-

867 458 963 490 cussit.
998 465 1030 484 ac
1053 457 1218 492 cognitionis
1243 457 1334 485 lumen
1359 459 1517 486 hominibus
1540 459 1656 494 largitus

868 507 920 535 est,
947 503 999 529 nisi
1025 503 1048 530 is
1062 503 1107 538 qui
1126 503 1212 530 dixit:
1231 512 1240 529 ‹
1261 502 1318 538 Ego
1332 511 1392 531 sum
1410 504 1455 531 lux
1472 505 1564 532 mundi
1583 505 1606 521 "
1618 505 1629 531 ?
1643 514 1653 531 ι

869 548 930 583 ipse
955 549 1028 576 enim
1057 556 1122 576 vere
1149 554 1191 576 est.
1221 549 1280 584 lux,
1308 557 1367 585 quae
1393 551 1528 578 illuminat
1546 559 1658 580 omnem

869 594 1006 620 hominem
1028 594 1181 621 venientem
1197 595 1222 622 in
1244 596 1373 623 mundum
1389 596 1412 612 “
1430 597 1560 624 vlrtutum
1588 597 1657 633 (92)-

869 639 1010 671 Quomodo
1048 647 1113 667 vero
1136 633 1184 668 hic
1206 641 1287 668 simul
1312 642 1348 670 sit
1371 642 1467 669 oculus
1495 647 1523 670 et
1548 643 1658 671 lucerna

869 689 975 716 nostra,
1000 685 1107 717 planius
1122 686 1209 714 oratio
1233 687 1443 715 demonstrabit.
1478 688 1563 724 Caput
1574 689 1660 723 pleni-

871 730 970 757 tudinis
998 731 1122 758 Ecclesia
1141 737 1183 759 cst
1201 733 1258 767 ipse
1281 732 1400 761 Christus
1417 733 1460 766 “;
1483 734 1520 761 ita
1537 735 1609 762 enim
1621 736 1661 763 ait

873 783 987 811 magnus
1016 777 1154 810 apostolus
1183 778 1282 806 Paulus
1311 787 1318 805 :
1353 779 1409 806 Nos
1443 787 1508 807 vero
1528 801 1535 812 ,
1567 789 1661 816 corpus

871 822 956 856 ipsius
977 831 986 848 ι
1003 823 1036 855 π,
1048 829 1073 851 et
1095 833 1104 850 ι
1124 823 1245 852 Membra
1263 824 1296 852 de
1312 827 1433 854 membro
1445 826 1478 853 “.
1497 836 1507 852 ι
1526 826 1662 855 Praestan-

873 868 1009 895 tissimum
1027 874 1117 897 autem
1144 870 1279 898 sentiendi
1297 871 1506 899 instrumentum
1527 873 1555 900 in
1572 873 1662 908 capito

871 914 967 941 oculus
995 919 1046 942 est.
1062 914 1120 948 Qua
1137 915 1220 948 igitur
1247 916 1354 944 ratione
1365 922 1406 944 est
1418 923 1511 952 caput,
1524 926 1557 946 ea
1577 920 1661 946 etiam

871 960 965 987 oculus
990 965 1032 988 est
1050 982 1057 994 ,
1088 968 1103 988 a
1132 969 1186 996 quo
1211 966 1295 989 totum
1316 970 1416 997 corpus
1442 963 1574 992 Ecclesia:
1599 964 1660 992 illu-

871 1010 984 1033 s'ratnr.
1011 1006 1096 1033 l‘orro
1108 1011 1196 1034 autem
1213 1008 1292 1035 valde
1301 1009 1465 1037 assimilatur
1479 1009 1662 1038 lncarnationi

873 1049 955 1077 Verbi
981 1051 1101 1080 lucerna.
1137 1052 1216 1086 Nam,
1246 1061 1306 1081 cum
1339 1053 1457 1082 Verbum
1487 1061 1586 1083 natura
1626 1057 1663 1085 sit

876 1095 956 1129 Deus,
976 1101 1003 1123 ct
1027 1104 1075 1131 per
1090 1098 1320 1132 dispensationem
1349 1107 1414 1127 caro
1437 1100 1537 1128 factum
1560 1103 1607 1134 sit,
1622 1103 1663 1129 uti

874 1142 964 1169 lumen
976 1143 1124 1171 secundum
1138 1145 1319 1172 substantiam
1340 1146 1573 1183 incircumscripte
1588 1153 1664 1177 testa!

873 1187 966 1214 carnis
980 1189 1056 1222 quasi
1077 1188 1193 1217 lucernae
1217 1191 1305 1218 media
1320 1192 1422 1225 anima,
1446 1196 1475 1219 ut
1497 1201 1545 1228 per
1560 1194 1666 1230 ellych-

876 1235 950 1263 nium
974 1236 1043 1270 ignis
1065 1238 1171 1265 uuitum
1200 1239 1326 1273 apparuit
1351 1239 1478 1267 tenebras
1502 1240 1664 1274 ignorantia:

876 1283 1068 1316 discussurus;
1085 1288 1112 1310 et
1129 1289 1205 1311 certe
1231 1284 1361 1312 Dominus
1387 1285 1427 1313 sic
1455 1287 1512 1313 ait:
1536 1296 1546 1313 ‹
1577 1287 1666 1316 Nemo

875 1328 1014 1357 lucernam
1035 1330 1185 1358 accendens
1199 1330 1287 1365 operit
1313 1339 1373 1358 eam
1391 1340 1456 1360 vase
1469 1333 1491 1348 "
1505 1341 1513 1366 ;
1529 1343 1539 1359 ι
1557 1334 1583 1362 id
1612 1339 1667 1369 est.

875 1374 960 1402 Nemo
980 1374 1099 1403 Verbum
1115 1376 1142 1403 iit
1155 1383 1185 1404 se
1200 1377 1260 1411 ipso
1283 1385 1332 1412 per
1349 1378 1429 1406 [idem
1447 1380 1591 1415 possidens
1606 1384 1667 1409 tan-

875 1429 956 1455 quam
972 1421 1111 1449 lucernam
1140 1423 1224 1450 menti
1251 1424 1442 1458 praelucentem
1460 1429 1570 1454 terrena
1593 1426 1664 1455 illud

876 1466 1041 1501 cogitatione
1069 1467 1211 1502 contegit;
1242 1469 1278 1496 ita
1311 1474 1341 1496 ut
1367 1470 1458 1498 ltnuen
1484 1471 1596 1506 hujusce
1623 1473 1667 1501 lu-

878 1521 968 1541 cernae
988 1514 1105 1542 otiOsum
1130 1515 1264 1550 videatur,
1290 1524 1342 1544 non
1365 1523 1462 1553 suapte
1479 1524 1587 1552 natura.
1617 1523 1668 1549 sed

31 1564 136 1590 Τοῦτον
149 1564 197 1591 τὸν
214 1564 325 1600 λύχνον,
340 1564 413 1599 φημὶ¹
427 1564 460 1599 δὴ
475 1565 521 1592 τὸν
538 1565 653 1600 Κύριον,
668 1566 683 1592 6
696 1566 744 1593 τοῦ
760 1575 825 1602 προ-

915 1567 950 1593 IS,
985 1561 1031 1594 qni
1057 1560 1122 1587 illud
1146 1561 1268 1589 continet
1305 1563 1479 1599 negligentia.
1510 1565 1667 1595 Lucernam

30 1610 119 1644 φήτου
147 1610 285 1646 Ζαχαρίου
315 1610 519 1644 προϐλεπτικὺς
544 1611 686 1646 ὀφθαλμὸς
697 1611 735 1642 ὠς
752 1613 823 1647 λαμ-

30 1656 127 1683 πάδιον
140 1655 274 1682 ἐθεάσατο
287 1664 294 1672 ·
310 1665 319 1682 ι
346 1656 437 1691 Ἐὡρα
462 1657 517 1691 γὰρ
530 1677 537 1689 ,
549 1657 627 1692 φησὶ,
646 1657 693 1683 καὶ
710 1657 764 1684 ἰδοὺ
774 1658 822 1684 λυ-

30 1701 92 1736 χνία
107 1703 209 1737 χρυσῆ,
227 1702 275 1729 καὶ
290 1702 445 1737 λαμπάδιον
459 1703 554 1729 ἐπάνω
565 1703 652 1739 αὐτῆς
662 1712 670 1720 ο
685 1713 694 1730 ι
712 1704 756 1732 διὰ
771 1705 822 1740 μὲν

30 1748 78 1783 τῆς
119 1748 233 1784 λυχνίας
249 1748 300 1784 τὴν
325 1749 494 1782 Ἐκκλησίαν
522 1749 691 1785 δηλῶν,[διὰ
714 1751 743 1777 δὲ
775 1750 822 1778 τοῦ

30 1794 188 1829 λαμπαδίου
204 1795 250 1821 τὸν
266 1794 446 1830 σαρκωθέντα
471 1795 560 1830 δηλῶν
580 1795 658 1825 Θεόν.
676 1795 754 1823 Οὕτω
768 1796 823 1832 γὰρ

31 1839 77 1865 καὶ
93 1839 141 1866 διὰ
165 1839 277 1866 Ἦσαῖου
306 1840 390 1874 φησὶν
405 1841 419 1866 6
431 1839 500 1870 Θεὸς
515 1840 563 1867 καὶ
581 1840 678 1876 Πατήρ
696 1847 703 1855 ·
724 1851 734 1867 «
749 1841 824 1873 “Εξε‹

30 1885 158 1912 λεύσεται
171 1885 209 1918 ὡς
224 1886 281 1921 φῶς
296 1887 311 1921 ή
329 1885 490 1922 δικαιοσύνη
503 1895 555 1922 μου
567 1907 574 1919 ,
596 1887 626 1913 τὸ
641 1887 669 1914 δὲ
688 1888 823 1923 σωτήριόν

33 1939 84 1965 μου
105 1931 145 1963 ὡς
175 1931 288 1966 λαμπὰς
318 1931 500 1966 καυθήσεται.
521 1941 532 1958 ι
552 1933 630 1959 Ἐπεὶ
655 1933 683 1959 δὲ
710 1934 727 1968 ἡ
742 1934 824 1968 φύσις

31 1977 112 2012 ἡμῶν
132 1977 188 2003 τῶν
205 1977 339 2005 ἐναντίων
358 1977 420 2004 ἐστὶ
435 1977 561 2013 δεκτικὴ,
576 1978 624 2005 ἐὰν
652 1979 702 2013 μὲν
715 1978 823 2014 ἔχωμεν

31 2023 60 2048 ὲν
79 2022 190 2054 ἑαυτοῖς
202 2022 248 2048 τὸν
262 2022 330 2049 Θεὸν
343 2022 443 2057 Λόγον,
459 2023 497 2054 ὼς
518 2023 616 2059 λύχνον
639 2023 823 2059 δᾳδουχοῦντα

32 2069 62 2094 τὸ
78 2068 108 2094 ὲν
140 2068 207 2103 ἡμῖν
230 2069 335 2104 νοερὸν,
365 2069 562 2104 φωτιζόμεθα·
579 2069 604 2095 εί
630 2069 660 2096 δὲ
690 2069 822 2105 ῥᾳθύμως

33 2113 159 2148 βιοῦντες
177 2114 228 2149 τὴν
253 2115 450 2144 ἐναντίαν.καὶ
475 2114 582 2152 ζοφώδη
606 2116 721 2151 δύναμιν
737 2117 824 2143 είσδε-

32 2160 156 2195 ξώμεθα,
187 2161 221 2196 τῇ
250 2159 378 2196 ἐπιμιξίᾳ
399 2160 448 2187 τοῦ
474 2161 604 2196 ἄρχοντος
629 2162 677 2188 τοῦ
710 2162 824 2195 σκότους

33 2206 80 2233 καὶ⁵
93 2207 178 2242 ἡμεῖς
198 2206 396 2242 μελαινόμεοα,
415 2215 425 2233 t
439 2207 477 2238 ὡς
489 2207 660 2243 σκηνώματα
674 2209 770 2245 Κηδάρ
781 2218 788 2224 ·
810 2219 819 2236 ι

34 2253 106 2280 κατὰ
120 2252 171 2288 τὴν
183 2253 213 2280 ὲν
225 2252 264 2287 τῷ
276 2252 398 2288 ’ᾼσματι
409 2252 521 2290 νύμφην
541 2254 681 2288 γινόμενοι
693 2274 700 2286 ,
715 2254 823 2290 ἔχοντες

33 2298 62 2324 τὺ
75 2297 171 2334 αἶσχος
189 2299 364 2327 ἐπείσακτον.

66 2396 141 2423 Ἀλλ’
152 2397 209 2433 ὁρῶ
227 2397 273 2425 τὸν
298 2398 438 2432 βέλτιστον
460 2399 568 2426 ἐκεῖνον
595 2398 721 2426 διάκονον
748 2399 825 2436 ὕπνῳ

36 2442 207 2478 βαρούμενον
219 2451 227 2460 ·
240 2443 284 2478 ἐφ’
302 2444 400 2476 ικανὰς
428 2444 483 2480 γὰρ
502 2445 578 2480 ὥρας
595 2445 766 2480 ἐπιτηρήσας
783 2443 824 2473 εἴ·

35 2488 78 2516 δον
93 2489 134 2521 ὼς
151 2489 268 2526 κάτοχον
279 2491 509 2527 κραδαινόμενον,
526 2492 574 2518 καὶ
589 2491 620 2518 τὸ
629 2491 740 2526 βλέμμα
754 2493 825 2527 χαῦ-

880 1605 963 1639 hanc,
992 1606 1148 1640 Dominum,
1167 1607 1288 1643 inquam,
1302 1610 1446 1645 perspicax
1469 1612 1540 1640 vatis
1565 1612 1670 1641 Zacha—

878 1652 926 1679 riae
951 1652 1048 1680 oculos
1075 1652 1141 1680 vidit
1160 1657 1288 1688 tanquam
1312 1655 1485 1690 lampadem;
1503 1657 1542 1684 ait
1567 1659 1667 1686 enim:

880 1710 890 1727 ι
908 1700 966 1728 Vidi
987 1705 1014 1728 et
1043 1708 1108 1728 ecce
1131 1702 1325 1730 candelabrum
1361 1711 1485 1737 aureum,
1508 1711 1536 1733 et
1562 1707 1668 1742 lampas

878 1755 960 1782 super
979 1747 1046 1774 illud
1063 1747 1123 1776 ⁸ο.»
1149 1747 1202 1776 Per
1230 1749 1422 1778 candelabrum
1454 1751 1602 1780 Ecelesiam
1630 1755 1670 1782 si-

879 1801 978 1828 gnans,
1007 1800 1055 1827 per
1090 1793 1241 1828 lampadem
1270 1802 1336 1822 vero
1372 1796 1543 1825 inearnatum
1571 1799 1669 1828 Deum.

881 1839 928 1867 Sic
949 1839 1022 1866 enim
1039 1838 1121 1865 etiam
1137 1846 1186 1874 per
1200 1839 1298 1867 Isaiam
1310 1840 1380 1869 Deus
1393 1846 1420 1870 et
1434 1842 1516 1871 Pater
1530 1844 1669 1880 loquitur:

881 1893 890 1910 ι
907 1884 1067 1919 Egredietur
1099 1889 1130 1912 ut
1147 1885 1250 1912 'lumen
1281 1885 1387 1920 iustitia
1414 1896 1485 1922 mea,
1500 1894 1527 1917 et
1544 1890 1670 1920 Salutare

877 1930 958 1965 302
983 1939 1071 1959 meum
1090 1933 1161 1960 sicut
1191 1932 1295 1967 lampas
1321 1934 1429 1962 ardebit
1445 1935 1478 1963 ".
1499 1945 1509 1962 ι
1535 1938 1669 1970 Quoniam

879 1983 944 2003 vero
971 1977 1173 2004 contrariorum
1201 1977 1336 2011 rcceptrix
1369 1983 1413 2005 est
1438 1984 1534 2008 natura
1564 1987 1670 2015 nostra,

877 2022 1011 2056 siquidem
1036 2022 1063 2049 in
1096 2022 1175 2050 nobis
1190 2022 1349 2051 habebimus
1374 2023 1461 2051 Deum
1477 2024 1605 2060 Verbum,
1622 2029 1670 2063 qui

878 2069 955 2103 quasi
973 2069 1084 2096 lucerna
1112 2069 1195 2096 menti
1225 2073 1324 2096 nostra:
1351 2070 1507 2104 praeluceat,
1532 2072 1670 2101 illumina-

878 2115 987 2142 bimnr:
1017 2115 1058 2142 sin
1083 2123 1149 2144 vero
1175 2115 1288 2151 ignaviae
1314 2116 1409 2150 dediti,
1437 2119 1603 2146 contrariam
1635 2128 1670 2148 ac

878 2166 1080 2192 tenebricosam
1097 2166 1151 2192 vim
1178 2164 1366 2197 admittemus.
1385 2173 1437 2193 nos
1469 2174 1577 2202 quoque
1591 2169 1668 2204 prin-

877 2212 945 2245 cipis
969 2210 1142 2238 tenebrarum
1170 2212 1368 2239 consuetudine
1393 2212 1589 2247 nigrescemns,
1609 2223 1618 2240 ι
1639 2220 1670 2242 ιιι

879 2257 1052 2284 tabernacula
1063 2257 1150 2284 Cedar
1168 2256 1190 2272 "
1205 2265 1212 2283 :
1229 2266 1239 2283 ι
1256 2257 1483 2291 quemadmodum
1502 2267 1600 2294 sponsa
1610 2261 1668 2295 illa,

877 2306 912 2334 de
932 2313 983 2340 qua
1000 2305 1027 2333 in
1040 2306 1156 2333 Cantico
1173 2306 1275 2333 mentio
1290 2306 1415 2340 habetur,
1430 2308 1606 2336 adventitiam
1620 2310 1670 2338 foe-

877 2353 989 2380 ditatem
1003 2351 1146 2379 babentes.
1484 2382 1486 2384 _

913 2400 967 2427 Sed
987 2400 1066 2427 video
1083 2399 1215 2434 optimum
1237 2399 1313 2426 illum
1342 2400 1486 2428 diaconum
1503 2410 1598 2431 somno
1610 2412 1670 2439 gra-

876 2451 986 2478 vatum;
1022 2453 1086 2473 nam
1116 2453 1178 2473 cum
1201 2446 1246 2473 diu
1275 2445 1351 2474 illum
1373 2447 1561 2476 observassetn
1577 2470 1584 2482 ,
1611 2451 1671 2478 vid-

878 2493 1039 2523 titubantem
1057 2492 1134 2526 quasi
1161 2491 1292 2520 comitiali
1310 2493 1408 2521 morbo
1430 2500 1598 2530 coneptum,
1628 2497 1668 2524 rei

70 2569 93 2584 “
109 2568 212 2610 ligor.
227 2576 255 2601 ι,
269 2568 296 2597 5.
311 2569 359 2610 ﬂ“
373 2570 453 2610 ,ἶσοι-ε.
464 2579 524 2610 vui,
538 2572 582 2599 12.
621 2573 644 2610 '7'
660 2572 739 2610 Joan.
754 2571 775 2604 Ι,
793 2571 820 2599 9.

913 2572 1011 2610 Ephes.
1026 2580 1064 2606 tv,
1076 2573 1122 2610 15.
1180 2574 1203 2590 "’
1221 2573 1323 2610 Ephes.
1340 2581 1368 2607 ν,
1385 2574 1430 2602 50.
1481 2574 1504 2591 ’⁸
1519 2573 1602 2602 lCor.
1619 2585 1668 2610 xu,

35 2602 80 2630 27.
117 2605 142 2621 ’³
155 2603 213 2632 Luc
223 2611 285 2638 vtu,
307 2605 352 2632 16.
391 2606 414 2622 ³⁸
428 2602 545 2635 Zachar.
570 2615 607 2641 tv,
621 2609 648 2635 4.
687 2609 708 2624 ¹¹
722 2602 775 2635 Ιειιζ
792 2615 825 2635 Lx

932 2602 963 2624 ’⁸³
983 2602 1063 2636 Cant:
1078 2608 1100 2641 Ι,
1114 2602 1151 2642 ⁷5.

652 2666 813 2698 Francisci
834 2667 941 2700 Scorsi
958 2670 1053 2697 noun.

73 2723 219 2762 (971)7Nom
238 2733 382 2762 .ucernau.
399 2725 487 2762 Etym.
500 2733 573 2762 mag.
593 2727 698 2762 Λύχνος
716 2728 827 2761 λέγεται

37 2761 236 2796 παρὰέτδλύειν
246 2761 276 2787 τὺ
286 2761 377 2796 νύχος,
389 2761 461 2788 τοῦτ’
476 2762 534 2788 ἐστι
547 2761 578 2788 τὸ
594 2761 698 2793 σκότος.
714 2763 827 2789 Iisdem-

38 2803 90 2829 que
109 2795 286 2831 verbisﬂdicit
301 2795 348 2824 καὶ
365 2796 524 2831 ἑτυμολογεῖ
540 2797 619 2824 Pater
632 2798 676 2825 hic
693 2798 826 2825 sermonis

40 2831 80 2856 ειιί
96 2831 165 2858 bene
181 2831 285 2858 doctus.
582 2839 585 2842 '

75 2865 131 2898 (92)
147 2865 179 2892 In
192 2866 319 2892 mundum
333 2867 474 2893 virtutum.
491 2867 545 2894 lloe
565 2873 605 2894 ost
621 2867 646 2894 in
662 2868 824 2894 laboriosam

40 2900 168 2928 virtutum
190 2902 425 2934 exercitationem,
450 2909 508 2936 qua:
533 2904 558 2930 in
582 2903 633 2930 huc
655 2903 753 2930 mundo
778 2911 825 2929 seu

877 2728 929 2755 vita
947 2733 1080 2759 versatur.
1097 2735 1149 2762 quo
1167 2727 1293 2763 loquendi
1309 2720 1389 2756 modo
1406 2737 1470 2756 usus
1483 2735 1523 2757 est
1537 2730 1556 2757 S
1580 2730 1667 2759 Maxi.

877 2770 938 2789 mus
956 2767 1069 2798 martyr,
1085 2767 1115 2790 ut
1137 2764 1290 2790 monuimus
1314 2771 1394 2798 supra
1416 2765 1487 2790 hom.
1508 2765 1554 2793 25.
1576 2772 1603 2793 et
1618 2775 1666 2794 co-

877 2799 978 2831 piosius
999 2799 1213 2834 reXplanahimus
1246 2805 1309 2834 cum
1344 2800 1402 2832 ipso
1435 2798 1599 2834 Theophane
1632 2802 1666 2828 ad

876 2834 951 2873 hom.
974 2833 1020 2872 tit,
1046 2834 1089 2860 ubi
1111 2839 1138 2861 et
1160 2834 1216 2868 ipse
1232 2833 1402 2861 enucleatius
1419 2835 1444 2862 id
1466 2833 1553 2868 docet,
1572 2843 1598 2864 et
1618 2845 1666 2864 nos

877 2877 903 2894 III
924 2873 994 2895 notls
