1875 3055
228 88 281 119 819

831 88 1076 118 THEOPHANIS
1093 87 1261 118 CERAMEI

1795 89 1840 120 83‘)

228 149 339 171 necesse
354 142 413 177 estﬁ;
426 142 531 171 videtur
551 150 617 172 vero
630 143 712 171 etiam
729 144 818 171 anima
831 146 917 179 magis
938 145 1012 172 oble-

1082 143 1185 178 toytévou
1206 143 1261 178 γὰρ
1284 142 1331 169 τοῦ
1353 141 1478 178 σώματος
1498 143 1607 178 ἀνάγκη
1625 143 1671 170 καὶ
1691 142 1740 178 τὴν
1761 143 1840 178 ψυχὴν

227 188 315 221 etari,
339 195 421 223 quam
445 195 562 224 corpus,
585 189 657 224 quod
687 190 806 217 nutritur
829 195 857 217 et
880 191 1014 223 vestitur;

226 236 369 266 prepterea
394 232 460 260 dicit
484 241 492 259 :
521 241 531 259 ι
549 232 654 261 Anima:
679 239 776 262 vestra:
802 235 868 269 quid
900 235 1012 262 mandu-

227 278 304 306 cetis.
324 287 335 304 ι

266 333 276 350 r
294 323 430 359 Respieite
446 325 565 354 volatilia
587 326 662 360 coeli,
684 327 813 361 quoniam
836 334 888 353 non
909 330 1014 358 seruut,

227 377 317 404 neque
331 374 451 398 metunt:
468 376 495 399 et
507 371 586 400 Pater
598 377 687 400 vester
698 372 817 400 eteleslis
833 372 920 407 pascit
933 372 988 400 illa.
1003 381 1013 398 ›

228 417 265 445 Ut
280 418 429 453 corrigeret
443 418 552 446 timidos
567 419 612 454 qui
627 419 683 446 Deo
698 426 753 446 non
770 418 919 452 conﬁdunt,
933 425 1016 453 seque

226 462 302 490 inani
318 463 410 491 labore
424 464 583 497 coniiciunt,
602 464 637 492 ab
654 464 744 492 avium
764 464 884 492 minimis
901 464 1017 499 sumpsit

225 508 391 542 exemplum,
408 513 438 535 ut
464 509 537 544 quod
560 513 658 536 natura
691 516 814 544 passeres
837 509 948 542 habent,
966 509 1017 536 hoe

227 561 277 581 nos
291 554 431 582 voluntate
455 556 612 583 habeamus.
629 555 698 582 Nam
718 556 761 583 cui
779 555 846 582 viles
867 555 1016 590 passerculi

224 605 299 626 cum
315 603 388 631 sunt,
401 599 423 627 is
439 605 563 635 quantae,
577 600 621 628 dic
635 600 712 632 mihi,
727 608 800 628 cura:
814 601 952 636 propriam
967 602 1016 628 ha-

225 643 301 672 bebit
324 645 492 681 imaginem?
512 645 617 681 Quique
637 646 673 674 ob
692 653 753 673 eattt
777 650 863 673 totum
886 647 1016 674 mundum

224 689 274 717 tibi
288 690 426 724 produxit,
440 699 494 726 quo
509 696 587 726 pacto
609 697 661 720 tuae
685 691 816 727 indigebit
840 692 912 727 opis,
940 696 970 720 ut
984 699 1016 719 ea

224 743 286 770 quae
297 738 450 765 necessaria
462 742 535 770 sunt,
561 738 609 766 tibi
627 738 780 773 suppeditet
793 737 896 774 iquam
909 740 1016 766 tandem

224 782 356 809 adhibent
370 782 538 818 diligentiam
563 784 718 810 animantes
742 783 855 811 rationis
878 788 1013 819 expertes,

224 831 255 854 ut
268 828 330 855 vitae
351 827 478 856 alimenta
502 829 619 863 parent?
639 837 765 864 quasnam
788 833 852 857 sunt
875 837 1013 864 passerum

225 873 309 899 arva‘l
334 881 395 907 qua
431 874 530 901 horrea
556 874 785 902 corvorum?Vis
812 876 906 903 audire
932 876 1015 904 unde-

225 926 286 946 nam
300 919 381 955 305
398 920 487 948 vietus
501 920 670 953 ministretur
682 921 756 948 illis?
771 920 842 948 Audi
858 921 990 955 psalmum
1007 931 1014 950 :

228 974 238 990 ε
255 963 306 998 Qui
331 965 378 991 dat
395 964 527 1000 jumentis
546 972 636 993 eseam
653 966 786 1002 ipsorum,
809 971 836 994 et
849 967 931 1002 pullis
953 976 1016 996 cor-

224 1017 319 1037 vorum
336 1010 528 1039 invocantibus
541 1019 604 1038 eum
618 1012 652 1039 “.
671 1021 681 1038 ι
700 1012 819 1040 Dicimus
835 1019 925 1040 autem
938 1014 1015 1041 volu-

225 1062 287 1083 cres
312 1055 367 1083 Deo
383 1063 455 1084 curae
470 1064 542 1090 esse,
558 1058 660 1093 quippe
675 1066 737 1086 cum
754 1059 799 1086 det
814 1059 867 1087 illis
882 1061 1015 1095 cognitio-

224 1109 307 1136 nem,
339 1103 411 1130 unde
438 1103 489 1131 sibi
515 1104 605 1132 cibum
634 1110 766 1139 quaerant.
794 1104 907 1133 Videtur
933 1107 1013 1134 etiam

223 1147 355 1176 Dominus
381 1157 429 1184 per
458 1149 516 1177 hate
545 1150 624 1178 nobis
647 1153 673 1178 in
700 1151 858 1178 memoriam
888 1160 1015 1181 revocare

224 1193 359 1221 rationem
376 1195 438 1223 vita:
459 1203 539 1230 quam
562 1196 670 1230 generis
687 1199 772 1225 nostri
795 1198 932 1233 principes
950 1200 1013 1226 olim

224 1239 252 1266 in
269 1240 394 1274 paradiso
407 1242 534 1275 agebant,
558 1243 632 1270 omni
659 1250 727 1270 cura
749 1243 861 1271 liberam
886 1249 913 1271 et
926 1246 1014 1272 omnis

224 1285 369 1313 varietatis
383 1291 533 1321 expertem.
549 1288 710 1316 Venustiore
725 1297 788 1317 vero
801 1298 881 1318 sensu
892 1290 1014 1318 volatilia

223 1330 285 1357 coeli
310 1330 423 1366 intelligi
452 1339 564 1367 possunt
579 1334 595 1361 ii
612 1334 657 1369 qtti
680 1342 727 1370 per
742 1335 803 1363 vita:
817 1336 1012 1371 integritatem,

224 1380 343 1402 mentem
361 1376 460 1404 habent
483 1378 510 1405 iu
532 1378 601 1406 cmlo
614 1379 741 1412 deﬁxam,
758 1384 786 1407 et
801 1381 908 1408 virtutis
923 1382 1012 1409 suble-

224 1424 322 1448 vantur
337 1421 405 1456 alis;
431 1423 477 1456 qui
502 1430 589 1457 neque
614 1424 750 1452 seminant
768 1426 794 1452 in
818 1433 910 1458 carne,
927 1435 1013 1461 neqtte

1066 188 1276 223 διαζεύγνυσθαι
1292 197 1300 205 ·
1327 189 1401 216 δοκεῖ
1424 189 1454 215 δὲ
1479 189 1527 215 καὶ
1546 189 1709 224 συνήδεσθαι
1733 190 1750 224 ή
1775 189 1839 224 ψυχὴ

1068 236 1170 270 μᾶλλον
1185 236 1365 271 τρεφομένου,
1383 235 1400 270 ἢ
1414 235 1575 270 ἐνδυομένου
1588 242 1594 249 ⁸
1610 235 1654 261 διὰ
1669 235 1747 262 τοῦτό
1761 244 1820 271 φησι
1833 244 1839 251 ·

1071 289 1080 305 ι
1098 280 1137 314 Τῇ
1151 280 1223 316 ψυχῇ
1243 280 1319 315 ὑμῶν
1335 280 1362 306 τί
1377 280 1492 315 φάγητε.
1510 289 1520 306 ι

1110 337 1119 353 ε
1145 326 1315 361 Ἐμὸλέψατε
1333 326 1418 357 είςτὰ
1433 326 1545 353 πετεινὰ
1560 325 1607 352 τοῦ
1620 325 1747 361 ούρανοῦ,
1762 326 1799 352 ὅτι
1817 327 1843 352 οὔ

1068 373 1238 407 σπείρουσιν,
1259 372 1321 398 οὐδὲ
1339 371 1502 406 θερίζουσιν,
1522 372 1568 398 καὶ
1590 372 1605 398 ὁ
1625 371 1720 406 Πατὴρ
1736 372 1808 406 ὑμῶν
1833 373 1844 397 ὁ

1067 420 1192 455 οὐράνιος
1204 418 1300 454 τρέφει
1314 418 1395 446 αὑτά.
1414 427 1423 444 ι
1444 418 1586 444 Παιδεύων
1598 417 1661 448 τοὺς
1677 418 1846 452 ολιγσζιύχως

1068 464 1264 496 ἀπιστοῦντας,
1292 464 1340 491 καὶ
1359 464 1471 499 μόχθοις
1496 463 1611 494 εἰκαίοις
1632 464 1744 494 ἑαυτοὺς
1767 473 1846 490 κατα-

1068 510 1228 545 τρύχοντας,
1247 511 1281 537 τὰ
1304 510 1435 536 ἐλάττονα
1453 509 1509 536 τῶν
1524 509 1656 536 πετεινῶν
1676 509 1785 544 sane“
1812 512 1847 540 si;

1069 556 1255 591 παράδειγμα,
1273 554 1307 582 ἵν’
1322 555 1391 590 ὅπερ
1412 555 1469 590 ἔχει
1486 555 1520 582 τὰ
1540 554 1669 590 στρουθία
1686 555 1718 581 ἐκ
1736 555 1849 589 ψύσεως,

1066 600 1154 628 ταῦτα
1168 601 1251 636 ἡμεῖς
1266 600 1376 636 σχῶμεν
1393 601 1427 626 ὲκ
1443 601 1642 635 προαιρέσεως.
1663 599 1692 626 '0
1710 601 1762 635 γὰρ
1780 601 1851 626 εὐτε-

1066 646 1121 673 λῶν
1149 645 1298 681 στρουθίων
1321 646 1482 681 κηδόμενος,
1513 646 1600 681 πόσην
1627 646 1661 672 ἃν
1689 645 1778 677 εἴποις
1803 646 1852 680 τῆς

1069 691 1137 723 ἰδίας
1162 691 1266 723 εἰκόνος
1284 691 1414 727 φροντίδα
1432 692 1592 727 ποιήσηται,
1610 692 1680 726 ὑπὲρ
1696 690 1730 727 ἦς
1754 692 1853 726 κόσμον

1067 737 1126 764 ὅλον
1144 745 1186 764 σοι
1203 736 1366 773 παρασχὼν,
1380 737 1439 768 πῶς
1460 736 1536 763 ἔσται
1552 737 1602 771 σῆς
1627 737 1769 772 ἐνεργείας
1793 738 1853 763 ἑπι-

1067 783 1139 819 δεὴς,
1166 783 1237 809 ὥστε
1263 782 1298 810 τὰ
1316 783 1367 817 τῆς
1390 782 1486 818 χρείας
1508 791 1549 809 σοι
1573 783 1748 818 παρασχεῖνς
1775 782 1852 808 ποίαν

1065 829 1202 864 εἰσφέρειν
1219 828 1320 864 σπουδὴ
1334 829 1351 864 ή
1371 828 1425 855 τῶν
1442 828 1547 863 ἀλόγων
1570 828 1651 862 φύσις
1688 828 1850 863 ποριζομένη

1064 876 1098 902 τὰ
1117 875 1165 910 τῆς
1182 875 1254 910 ζωῆς
1268 883 1275 908 ;
1288 875 1367 901 Ποῖαι
1383 875 1438 901 τῶν
1464 873 1615 909 στρουθίων
1628 874 1743 909 ἄρουραι
1757 882 1764 906 ;
1780 874 1853 899 Ποίιι

1064 921 1119 947 τῶν
1133 921 1259 955 κοράκων
1277 921 1433 955 ἀποθῆκαι;
1447 919 1542 947 Βούλει
1555 919 1650 956 μαθεῖν
1663 919 1749 956 [ὅθεν]
1764 919 1855 950 αὐτοῖς

1065 967 1081 1002 ὴ
1096 966 1143 993 τοῦ
1161 967 1211 1002 ζῇν
1227 967 1360 1002 χορηγία;
1379 967 1513 993 ’Λκουσον
1526 966 1573 992 τοῦ
1583 965 1691 1001 ψαλμοῦ
1704 973 1712 981 ι
1727 975 1736 991 ‹
1754 965 1855 990 Διδᾶντι

1065 1013 1121 1044 τοῖς
1137 1013 1248 1048 κτήνεσι
1262 1013 1377 1048 τροφὴν,
1393 1013 1441 1039 καὶ
1459 1013 1516 1044 τοῖς
1530 1012 1652 1043 νεοσσοῖς
1665 1011 1720 1038 τῶν
1731 1011 1856 1046 κοράκων

1065 1059 1121 1089 τοῖς
1145 1058 1373 1093 ἐπικαλουμένοις
1398 1058 1490 1085 αὐτόν.
1510 1067 1520 1084 ι
1539 1057 1633 1092 Φαμὲν
1658 1057 1686 1083 δὲ
1716 1057 1762 1083 τὸν
1791 1057 1856 1082 Θεὶν

1065 1104 1195 1139 κήδεσθαι
1206 1104 1261 1130 τῶν
1278 1104 1399 1138 πτηνῶν,
1414 1104 1452 1135 ὡς
1466 1103 1644 1138 παρασχόντα
1663 1102 1771 1133 τούτοις
1786 1102 1856 1135 γνῶ-

1067 1158 1121 1183 σιν,
1137 1150 1199 1177 ὃθεν
1229 1149 1411 1185 μαστεύσαιεν
1436 1150 1486 1184 τὴν
1509 1149 1624 1184 τροφήν.
1646 1148 1739 1175 Ἔοικε
1768 1148 1797 1174 δὲ
1813 1148 1855 1174 διὰ

1065 1195 1168 1222 τούτων
1183 1196 1406 1231 ἀναμιμνήσκειν
1422 1196 1496 1230 ἡμᾶς
1511 1195 1561 1230 τῆς
1574 1194 1604 1220 ὲν
1615 1194 1778 1229 παραδείσῳ
1796 1194 1856 1220 δια-

1065 1241 1169 1274 γωγῆς,
1196 1241 1226 1267 ὲν
1292 1240 1342 1276 τὴν
1365 1240 1514 1274 ἀκήδεστον
1543 1239 1617 1274 ζωὴν
1644 1239 1691 1266 καὶ
1713 1239 1857 1266 ἀποίκιλον

1065 1282 1138 1320 εἰχον
1172 1286 1196 1312 οῑ
1224 1285 1343 1321 ἀρχηγοὶ
1361 1286 1410 1312 τοῦ
1435 1285 1532 1320 γένους
1560 1284 1649 1320 ἡμῶν.
1677 1284 1856 1319 Κομψὰτερον

1064 1330 1086 1356 δ’
1097 1331 1229 1357 ὲννοοῖντο
1243 1330 1276 1357 ἂν
1291 1331 1325 1357 τὰ
1339 1330 1450 1358 πετεινὰ
1461 1331 1508 1357 τοῦ
1523 1330 1640 1366 ούρανοῦ
1656 1330 1680 1356 οἰ
1708 1331 1753 1356 διὰ
1770 1331 1857 1357 καθα-

1066 1375 1168 1411 ρότητα
1192 1375 1250 1411 βίου
1273 1377 1314 1407 εἰς
1333 1376 1448 1411 οὐρανὸν
1465 1376 1496 1402 τὸ
1513 1377 1642 1411 φρόνημα
1664 1375 1789 1411 ἔχοντες,
1810 1377 1856 1402 καὶ

1063 1422 1120 1453 τοῖς
1148 1421 1198 1456 τῆς
1227 1421 1328 1456 ἀρετῆς
1353 1422 1464 1456 πτεροῖς
1491 1420 1712 1456 κουφιζόμενοι·
1735 1421 1763 1447 οῖ
1794 1421 1857 1446 οὗτε

224 1469 331 1492 metunt
358 1468 572 1502 corruptionem.
603 1478 613 1495 ι
641 1469 706 1505 Qui]
729 1472 801 1498 enim
831 1472 948 1499 seminat
985 1473 1010 1499 in

1083 1465 1225 1501 πείρουσιν
1240 1467 1280 1498 εἰς
1293 1467 1343 1501 τὴν
1371 1466 1473 1500 σάρκα,
1498 1465 1561 1492 οὕτε
1586 1465 1724 1501 θερίζουσι
1738 1465 1857 1500 φθοράν·

223 1518 315 1544 carne,
333 1512 421 1548 inquit
435 1513 592 1549 Apostolus,
613 1516 646 1543 de
663 1524 746 1544 carne
765 1522 848 1545 metet
862 1518 1013 1552 corruptio-

222 1564 285 1584 nem
300 1557 340 1586 “.
358 1568 368 1585 ι
387 1574 423 1580 -
440 1569 450 1586 r
466 1560 560 1596 Neque
575 1566 742 1597 congregant
759 1562 786 1589 in
814 1562 923 1596 horrea,
942 1573 951 1590 ι
967 1564 1011 1591 ubi

222 1611 314 1639 aerugo
335 1610 363 1633 et
389 1606 460 1634 tinea
477 1613 652 1642 generantur.
677 1613 705 1636 et
729 1609 773 1636 ubi
790 1608 865 1637 fures
880 1615 907 1637 et
936 1618 1013 1645 gras-

222 1655 328 1678 satores
342 1651 482 1687 ell'odiunt,
497 1661 566 1688 quos
582 1653 661 1682 Pater
674 1654 795 1682 caelestis
817 1662 886 1688 pane
907 1656 1011 1683 caelesti

224 1698 319 1730 nutrit,
336 1697 388 1726 hoc
403 1704 444 1726 est
463 1700 546 1728 verbo
562 1700 619 1728 oris
637 1700 691 1728 sui.

261 1799 270 1815 ι
287 1790 353 1824 Quis
362 1791 434 1818 enim
449 1797 567 1820 vestrum
581 1798 670 1828 potest
691 1794 810 1830 adjicere
825 1795 859 1823 ad
876 1799 1010 1824 staturam

220 1844 298 1863 suam
326 1837 447 1864 cubitum
466 1839 571 1866 unum?
587 1848 597 1865 ι
617 1839 765 1867 Considera
782 1841 943 1875 evangelicae
964 1850 1010 1869 sa-

220 1882 328 1916 pientiae
366 1884 592 1918 amplitudinem,
624 1891 725 1920 quanta
764 1887 837 1914 brevi
875 1888 1010 1916 sententia

218 1928 468 1963 comprehenderit.
495 1930 542 1958 liis
558 1932 631 1958 enim
655 1932 745 1959 verbis
767 1937 875 1960 coercet
897 1940 943 1960 eos
964 1934 1008 1968 qui

218 1978 266 2007 per
280 1974 443 2008 cupiditates
464 1983 494 2002 se
513 1977 546 2003 ad
566 1976 656 2003 inania
677 1977 839 2010 cll‘undunt;
862 1982 889 2005 et
911 1978 1009 2005 intem-

216 2021 351 2054 pestivam
370 2021 728 2057 sollicitudinem‘prohibet
743 2032 750 2050 :
766 2028 793 2050 et
817 2023 942 2051 fortassis
958 2024 1008 2052 ltoc
1024 2053 1028 2057 ,

216 2065 274 2092 vult
297 2066 452 2101 signiﬁcare
476 2068 559 2095 Mosis
576 2068 747 2103 ‘legislatoris
768 2069 882 2103 :rnigma
900 2077 908 2097 :
930 2079 939 2095 ‹
957 2069 1007 2103 Qui

217 2112 337 2140 ambulat
350 2121 431 2148 super
447 2121 552 2146 manus,
573 2114 728 2142 immundus
741 2120 793 2147 est,
809 2121 835 2141 et
850 2115 895 2149 qui
909 2115 1007 2142 multos

1066 1520 1077 1537 ‹
1101 1511 1129 1539 '0
1150 1511 1205 1547 γὰρ
1230 1511 1360 1548 σπείρων,
1377 1513 1471 1548 φησὶν,
1489 1512 1529 1544 εἰς
1544 1511 1596 1547 τὴν
1623 1512 1714 1547 σάρκα
1749 1513 1783 1538 ἐκ
1809 1514 1859 1547 τῆς

1063 1558 1165 1594 σαρκὸς
1187 1558 1291 1593 θερίσει
1311 1558 1414 1594 φθοράν
1430 1566 1437 1574 ”
1461 1567 1523 1584 ι-ί
1539 1559 1602 1585 οὔτε
1635 1558 1806 1592 συνάγουσιν
1822 1560 1858 1590 εἰς

1062 1604 1217 1640 ἀποθήκας,
1232 1613 1242 1630 ι
1269 1605 1336 1631 ὅπου
1359 1605 1410 1639 σὴς
1434 1605 1482 1632 καὶ
1503 1605 1606 1640 βρῶσις
1625 1605 1794 1638 ἑντίκτεται,
1813 1606 1858 1632 καὶ

1061 1651 1128 1677 ὅπου
1148 1651 1264 1679 κλέπται
1277 1652 1324 1678 καὶ
1335 1651 1435 1688 λῃσταὶ
1448 1652 1648 1687 διορύσσουσιν,
1665 1652 1713 1684 οὓς
1728 1653 1744 1679 ὁ
1762 1653 1858 1687 Πατὴρ

1061 1698 1075 1724 ὁ
1087 1697 1213 1732 οὐράνιος
1227 1697 1267 1732 τῷ
1288 1697 1407 1734 οὐρανίῳ
1420 1697 1560 1733 διατρέφει
1589 1697 1677 1733 ἄρτῳ,
1694 1697 1735 1731 τῷ
1752 1698 1859 1733 ῥήματι

1046 1743 1182 1779 “δηλονότι
1199 1744 1246 1771 τοῦ
1262 1744 1397 1778 στόματος
1413 1745 1507 1772 αὑτοῦ.

1099 1799 1109 1816 ε
1127 1791 1176 1822 Τίς
1196 1791 1252 1826 γὰρ
1276 1792 1305 1824 ἐξ
1330 1792 1408 1826 ὑμῶν
1436 1791 1549 1818 δύναται
1564 1791 1724 1827 προσθεῖναι
1743 1791 1795 1817 ἐπὶ
1813 1792 1858 1826 τὴν

1061 1836 1172 1871 ἡλικίαν
1185 1837 1269 1864 αὑτοῦ
1287 1837 1378 1872 πῆχυν
1393 1837 1441 1863 ἕνα
1457 1845 1464 1870 ;
1483 1846 1492 1862 ›
1511 1836 1611 1863 Σκόπει
1632 1837 1684 1871 τῆς
1706 1837 1859 1871 εὐαγγελι-

1060 1883 1112 1917 κῆς
1127 1882 1224 1917 σοφίας
1239 1883 1269 1909 τὸ
1284 1882 1396 1915 πλάτος,
1409 1883 1460 1909 ὅσα
1474 1883 1491 1918 ἡ
1509 1883 1623 1918 βραχεῖα
1636 1882 1714 1917 φωνὴ
1728 1883 1862 1917 περιέλα-

1060 1928 1117 1955 ϐεν.
1141 1928 1285 1964 Ἀπείργει
1300 1929 1355 1964 γὰρ
1367 1928 1412 1955 διὰ
1425 1928 1528 1955 τούτων
1543 1929 1606 1959 τοὺς
1619 1929 1679 1959 ταῖς
1692 1928 1861 1962 ἐπιθυμίαις

1059 1975 1252 2010 διαχεομένους
1268 1975 1314 2001 ἐπὶ
1331 1975 1366 2002 τὰ
1384 1975 1498 2010 μάταια,
1515 1974 1563 2001 καὶ
1579 1973 1682 2000 κωλύει
1705 1973 1759 2009 τὴν
1775 1974 1859 2001 ἄκαι-

1061 2028 1107 2054 ρον
1124 2019 1274 2054 μέριμναν,
1294 2019 1342 2046 καὶ
1358 2019 1428 2054 τάχα
1443 2019 1523 2045 τοῦτο
1539 2018 1664 2054 βούλεται
1686 2018 1793 2053 δηλοῦν
1813 2019 1860 2044 τοῦ

1059 2064 1204 2099 νομοθέτου
1228 2064 1352 2096 Μωσέως
1380 2064 1411 2091 τὸ
1435 2064 1550 2099 αἴνιγμα
1565 2073 1571 2079 ’
1593 2074 1602 2090 ι
1623 2065 1672 2095 '0;
1703 2064 1860 2099 πορεύεται

1059 2111 1105 2136 ἐπὶ
1120 2110 1220 2146 χειρῶν
1231 2130 1238 2143 ,
1261 2110 1414 2145 ἀκάθαρτος
1426 2130 1433 2142 ,
1450 2111 1498 2137 καὶ
1519 2110 1547 2142 ὃς
1563 2110 1735 2145 πολυπληθεῖ
1756 2111 1840 2136 ποσὶν
1851 2131 1858 2142 ,

217 2156 299 2184 habet
323 2158 406 2193 pedes
429 2158 584 2185 immundus
598 2159 631 2186 ⁸⁸.
649 2169 657 2184 ι
688 2159 738 2186 Per
755 2160 871 2194 primum
894 2161 1001 2196 quidem

1082 2156 1234 2192 céOaptog.)
1253 2157 1302 2183 Διὰ
1320 2157 1368 2190 μὲν
1376 2155 1423 2182 τοῦ
1439 2156 1548 2191 πρώτου
1561 2155 1672 2191 ᾐνίξατο
1686 2155 1734 2182 τὸν
1753 2157 1785 2182 ὲν
1798 2158 1861 2187 ταῖς

215 2201 332 2229 obscure
360 2203 521 2231 lnnuiteum
536 2205 581 2239 qui
605 2205 631 2231 in
649 2205 766 2239 propriis
789 2206 913 2234 manibus
928 2213 1002 2241 spem

215 2248 279 2275 vitae
292 2249 451 2276 collocatam
466 2251 565 2284 habet;
584 2251 683 2279 multos
700 2259 764 2279 vero
780 2252 860 2286 pedes
874 2259 935 2279 eum
957 2253 1004 2280 ha-

215 2294 281 2321 bere
296 2295 372 2327 dixit,
387 2295 432 2330 qui
452 2303 495 2323 res
522 2298 695 2331 persequitur
717 2297 852 2332 corporis,
869 2303 896 2325 et
912 2298 939 2325 iu
954 2306 1002 2325 su-

214 2342 393 2375 pervacaneis
406 2343 485 2370 rebus
502 2350 563 2370 sese
589 2347 720 2371 macerat.
745 2342 897 2378 Utrumque
921 2344 1004 2379 igitur

215 2386 360 2421 appellavit
387 2388 566 2420 iuuuumlum.
597 2394 625 2417 et
654 2391 761 2418 merito.
792 2391 897 2418 Natura
930 2392 1002 2419 enim

214 2435 312 2467 qumrit
339 2443 438 2470 partem
455 2440 482 2463 et
504 2437 707 2469 vestimentum,
726 2444 786 2471 quae
811 2438 952 2472 suppleaut
977 2439 1002 2465 id

215 2479 287 2511 quod
313 2480 419 2514 corpori
448 2480 547 2513 deest,
576 2481 649 2515 quod
676 2486 703 2509 et
731 2481 817 2510 Jacob
841 2483 1002 2516 precabatur

215 2525 309 2552 dicens
326 2534 333 2554 :
354 2536 363 2552 ι
380 2525 407 2554 Si
428 2527 579 2561 respexerit
597 2527 666 2555 Deus
685 2518 771 2563 patris
787 2529 850 2561 mei,
874 2534 901 2555 et
919 2529 1000 2556 dede-

216 2570 252 2598 rit
266 2571 329 2598 mihi
347 2579 443 2606 partem
459 2578 486 2600 et
501 2573 692 2600 vestimentum
709 2574 740 2601 δε.
759 2583 768 2600 ι
802 2574 840 2601 lta
858 2575 939 2601 etiam
955 2576 1002 2601 ad-

217 2622 308 2644 mouet
323 2625 372 2644 uos
383 2618 408 2644 in
426 2619 548 2646 oratione
565 2619 700 2652 Salvator,
719 2628 752 2647 ne
766 2620 824 2654 plus
837 2621 871 2647 de
888 2621 1004 2648 terrenis

216 2664 296 2690 rebus
322 2669 454 2698 petamus,
473 2673 553 2700 (piam
574 2671 602 2693 ut
622 2674 717 2701 panem
741 2666 928 2699 quotidianum
945 2666 1001 2702 (95)

1060 2202 1139 2234 ἰδίαις
1151 2203 1244 2238 χερσὶν
1258 2202 1355 2237 ἔχοντα
1365 2202 1415 2236 τὴν
1427 2201 1522 2229 ἐλπίδα
1532 2201 1580 2228 τοῦ
1591 2201 1651 2236 ζῇν·
1663 2202 1861 2237 πολυπληθεῖν

1057 2249 1085 2275 δὲ
1095 2247 1155 2275 εἷπε
1165 2249 1228 2275 ποσὶ
1241 2248 1287 2275 τὸν
1301 2249 1380 2283 πέριξ
1389 2248 1443 2275 τῶν
1452 2248 1617 2282 σωματικῶν
1625 2249 1859 2283 περιερχόμενο-ιν

1058 2295 1105 2321 καὶ
1114 2295 1317 2331 κατατρύχοντα
1336 2294 1431 2321 ἑαυτὸν
1452 2295 1482 2321 ὲν
1491 2295 1547 2325 τοῖς
1557 2295 1706 2330 περιττοῖς.
1715 2295 1860 2330 ’Ᾱμςςοτέ-

1057 2350 1121 2376 ρους
1131 2339 1177 2368 οὖν
1187 2341 1359 2375 ἀκαθάρτους
1367 2341 1491 2373 ἐκάλεσε,
1502 2341 1549 2367 καὶ
1561 2340 1673 2372 εἰκότως
1681 2342 1714 2376 ·ή
1728 2342 1789 2376 γὰρ
1806 2342 1860 2374 ερύ-

1055 2397 1096 2420 σις
1103 2388 1183 2422 ἄρτον
1192 2388 1268 2423 ζητεῖ
1275 2388 1321 2414 καὶ
1332 2388 1438 2422 ἱμάτιον
1446 2387 1655 2422 ἀναπληροῦντα
1663 2387 1694 2413 τὸ
1703 2387 1801 2413 ἐνδέον
1811 2386 1860 2413 τοῦ

1054 2434 1190 2469 σώματος,
1200 2434 1214 2460 ὃ
1224 2434 1271 2460 καὶ
1295 2433 1391 2460 Ἰακὼὸ
1404 2433 1540 2468 ὲπηύχετο
1550 2433 1638 2466 λέγων
1647 2441 1655 2448 ’
1677 2441 1686 2458 r
1706 2433 1777 2460 Ἐὰν
1795 2434 1861 2459 ἑπι-

1053 2479 1138 2514 6λέψῃ
1148 2480 1162 2506 ὁ
1172 2479 1237 2510 Θεὸς
1250 2478 1296 2505 τοῦ
1309 2478 1411 2513 πατρός
1425 2487 1487 2513 μου,
1500 2479 1547 2504 καὶ
1556 2478 1612 2513 δῴη
1628 2487 1672 2513 μοι
1682 2477 1780 2513 ἄρτον,
1810 2478 1859 2504 καὶ

1057 2526 1177 2561 ἰμάτιον.
1199 2525 1278 2552 Οὕτω
1297 2526 1345 2552 καὶ
1361 2526 1391 2552 ἐν
1405 2526 1438 2560 τῇ
1455 2525 1595 2559 προσευχῇ
1613 2525 1748 2558 παραινεί
1762 2524 1777 2549 ὁ
1800 2525 1861 2550 Σω-

1051 2573 1110 2608 ιτὴρ
1148 2572 1186 2607 μὴ
1216 2572 1297 2598 πλέον
1321 2571 1450 2606 εὔχεσθαι
1474 2571 1529 2597 τῶν
1551 2571 1598 2597 τοῦ
1616 2571 1736 2605 κόσμου,
1758 2571 1776 2606 ἢ
1812 2571 1859 2596 τὸν

1055 2618 1194 2644 ἐπιούσιον
1215 2619 1298 2653 ἄρτον
1310 2617 1404 2644 λαὸεῖν
1420 2625 1428 2632 ·
1443 2617 1474 2643 οὺ
1488 2617 1608 2652 τρυφὴν,
1625 2616 1674 2643 καὶ
1691 2616 1745 2651 τὴν
1761 2617 1858 2642 ποικί-

1055 2668 1104 2702 λην
1115 2667 1170 2693 τῶν
1190 2667 1330 2703 μαγείρων
1344 2665 1447 2702 χλιδὴν,
1462 2665 1516 2692 οὐδ’
1531 2665 1655 2697 εὐανθεῖς
1671 2665 1853 2700 ἁλουργίδας.

250 2722 273 2737 ⁸³
289 2722 360 2749 Psal.
378 2730 467 2756 euri,
483 2725 511 2752 9.
551 2725 574 2741 δί’
599 2725 686 2753 Galat.
709 2733 744 2757 vr,
761 2724 787 2752 8.
826 2725 847 2740 ⁸⁸
863 2724 949 2752 Levit.
968 2733 1006 2758 xl,
1022 2726 1068 2760 ‘27,
1084 2727 1128 2754 4‘2.
1165 2727 1189 2743 ⁸⁸
1205 2727 1273 2754 Gen.
1289 2733 1384 2764 XXVIII,
1401 2725 1446 2752 ΞΟ.

838 2774 998 2805 Francisci
1015 2774 1119 2805 Scorsi
1138 2778 1231 2805 notae.

253 2818 306 2852 (95)
327 2820 627 2856 l’auemquotidiamun.
647 2824 742 2853 Vocem
773 2825 1013 2860 ‘amo-Jsrov,quam
1035 2827 1078 2855 hic
1092 2827 1171 2855 habet
1193 2832 1281 2855 noster
1301 2828 1336 2855 ita
1353 2827 1431 2854 rertit
1452 2831 1545 2854 auctor
1562 2825 1650 2855 Gloss.
1677 2827 1777 2855 Escur.
1810 2827 1857 2853 τὸν
