  <div class='ocr_page' id='page_1' title='image "/cluster/home/n/w/nwhite01/storage/ocr_20150623/132/njp.32101077773081/453.png"; bbox 0 0 1875 3055; ppageno 0'>
   <div class='ocr_carea' id='block_1_1' title="bbox 178 124 229 154">
    <p class='ocr_par' dir='ltr' id='par_1_1' title="bbox 178 124 229 154">
     <span class='ocr_line' id='line_1_1' title="bbox 178 124 229 154; baseline 0 0"><span class='ocrx_word' id='word_1_1' title='bbox 178 124 229 154; x_wconf 76' lang='lat'><strong>821</strong></span> 
     </span>
    </p>
   </div>
   <div class='ocr_carea' id='block_1_2' title="bbox 763 117 1200 149">
    <p class='ocr_par' dir='ltr' id='par_1_2' title="bbox 763 117 1200 149">
     <span class='ocr_line' id='line_1_2' title="bbox 763 117 1200 149; baseline -0.002 0"><span class='ocrx_word' id='word_1_2' title='bbox 763 117 1010 149; x_wconf 78' lang='lat' dir='ltr'><strong>TIIEOPHANIS</strong></span> <span class='ocrx_word' id='word_1_3' title='bbox 1029 117 1200 149; x_wconf 81' lang='lat' dir='ltr'><strong>CERAMEI</strong></span> 
     </span>
    </p>
   </div>
   <div class='ocr_carea' id='block_1_3' title="bbox 1756 118 1807 150">
    <p class='ocr_par' dir='ltr' id='par_1_3' title="bbox 1756 118 1807 150">
     <span class='ocr_line' id='line_1_3' title="bbox 1756 118 1807 150; baseline 0 0"><span class='ocrx_word' id='word_1_4' title='bbox 1756 118 1807 150; x_wconf 74' lang='lat'><strong>898</strong></span> 
     </span>
    </p>
   </div>
   <div class='ocr_carea' id='block_1_4' title="bbox 177 171 967 210">
    <p class='ocr_par' dir='ltr' id='par_1_4' title="bbox 177 171 962 209">
     <span class='ocr_line' id='line_1_4' title="bbox 177 171 962 209; baseline -0.008 -5"><span class='ocrx_word' id='word_1_5' title='bbox 177 177 262 204; x_wconf 85' lang='lat' dir='ltr'><strong>tiores</strong></span> <span class='ocrx_word' id='word_1_6' title='bbox 275 174 347 203; x_wconf 91' lang='lat' dir='ltr'><strong>enim</strong></span> <span class='ocrx_word' id='word_1_7' title='bbox 372 173 617 209; x_wconf 80' lang='lat' dir='ltr'><strong>propensioresque</strong></span> <span class='ocrx_word' id='word_1_8' title='bbox 632 173 665 200; x_wconf 90' lang='lat' dir='ltr'><strong>ad</strong></span> <span class='ocrx_word' id='word_1_9' title='bbox 679 172 842 200; x_wconf 84' lang='lat' dir='ltr'><strong>credendum</strong></span> <span class='ocrx_word' id='word_1_10' title='bbox 851 171 962 199; x_wconf 83' lang='lat' dir='ltr'><strong>Christo</strong></span> 
     </span>
    </p>
   </div>
   <div class='ocr_carea' id='block_1_5' title="bbox 1050 171 1804 210">
    <p class='ocr_par' dir='ltr' id='par_1_5' title="bbox 1051 172 1804 210">
     <span class='ocr_line' id='line_1_5' title="bbox 1051 172 1804 210; baseline 0.003 -11"><span class='ocrx_word' id='word_1_11' title='bbox 1051 182 1066 199; x_wconf 92' lang='grc' dir='ltr'>ν</span> <span class='ocrx_word' id='word_1_12' title='bbox 1074 173 1160 200; x_wconf 76' lang='grc' dir='ltr'>ἐθνῶν</span> <span class='ocrx_word' id='word_1_13' title='bbox 1170 173 1289 204; x_wconf 78' lang='grc' dir='ltr'><strong>πίστεως</strong></span> <span class='ocrx_word' id='word_1_14' title='bbox 1297 172 1418 209; x_wconf 84' lang='grc' dir='ltr'><strong>ἑλέγχων</strong></span> <span class='ocrx_word' id='word_1_15' title='bbox 1427 173 1610 210; x_wconf 77' lang='grc' dir='ltr'><strong>ἁριδηλότατα</strong></span> <span class='ocrx_word' id='word_1_16' title='bbox 1619 182 1626 189; x_wconf 84' lang='grc'>·</span> <span class='ocrx_word' id='word_1_17' title='bbox 1637 173 1804 210; x_wconf 70' lang='grc' dir='ltr'><strong>ἑτοιμότερα</strong></span> 
     </span>
    </p>
   </div>
   <div class='ocr_carea' id='block_1_6' title="bbox 177 216 980 257">
    <p class='ocr_par' dir='ltr' id='par_1_6' title="bbox 177 216 980 257">
     <span class='ocr_line' id='line_1_6' title="bbox 177 216 980 257; baseline -0.01 -6"><span class='ocrx_word' id='word_1_18' title='bbox 177 227 241 251; x_wconf 83' lang='lat' dir='ltr'><strong>sunt</strong></span> <span class='ocrx_word' id='word_1_19' title='bbox 251 226 356 257; x_wconf 77' lang='lat' dir='ltr'><strong>gentes.</strong></span> <span class='ocrx_word' id='word_1_20' title='bbox 373 220 439 248; x_wconf 87' lang='lat' dir='ltr'><strong>Vide</strong></span> <span class='ocrx_word' id='word_1_21' title='bbox 453 219 526 248; x_wconf 88' lang='lat' dir='ltr'><strong>enim</strong></span> <span class='ocrx_word' id='word_1_22' title='bbox 547 219 586 247; x_wconf 91' lang='lat' dir='ltr'><strong>uti</strong></span> <span class='ocrx_word' id='word_1_23' title='bbox 603 227 636 246; x_wconf 80' lang='lat' dir='ltr'><strong>ex</strong></span> <span class='ocrx_word' id='word_1_24' title='bbox 653 219 784 246; x_wconf 89' lang='lat' dir='ltr'><strong>diametro</strong></span> <span class='ocrx_word' id='word_1_25' title='bbox 805 216 959 246; x_wconf 73' lang='lat' dir='ltr'><strong>Judmorum</strong></span> <span class='ocrx_word' id='word_1_26' title='bbox 972 243 980 252; x_wconf 75' lang='lat'><em>_</em></span> 
     </span>
    </p>
   </div>
   <div class='ocr_carea' id='block_1_7' title="bbox 175 262 960 301">
    <p class='ocr_par' dir='ltr' id='par_1_7' title="bbox 175 262 960 301">
     <span class='ocr_line' id='line_1_7' title="bbox 175 262 960 301; baseline -0.008 -5"><span class='ocrx_word' id='word_1_27' title='bbox 175 267 357 300; x_wconf 82' lang='lat' dir='ltr'><strong>contumacia,</strong></span> <span class='ocrx_word' id='word_1_28' title='bbox 382 271 411 294; x_wconf 83' lang='lat' dir='ltr'><strong>et</strong></span> <span class='ocrx_word' id='word_1_29' title='bbox 431 266 554 301; x_wconf 76' lang='lat' dir='ltr'><strong>gentium</strong></span> <span class='ocrx_word' id='word_1_30' title='bbox 578 265 764 300; x_wconf 84' lang='lat' dir='ltr'><strong>promptitudo</strong></span> <span class='ocrx_word' id='word_1_31' title='bbox 787 264 899 290; x_wconf 79' lang='lat' dir='ltr'><strong>distorti.</strong></span> <span class='ocrx_word' id='word_1_32' title='bbox 920 262 960 290; x_wconf 89' lang='lat' dir='ltr'><strong>llii</strong></span> 
     </span>
    </p>
   </div>
   <div class='ocr_carea' id='block_1_8' title="bbox 177 310 962 349">
    <p class='ocr_par' dir='ltr' id='par_1_8' title="bbox 177 310 962 349">
     <span class='ocr_line' id='line_1_8' title="bbox 177 310 962 349; baseline -0.009 -7"><span class='ocrx_word' id='word_1_33' title='bbox 177 322 276 349; x_wconf 85' lang='lat' dir='ltr'><strong>nempe</strong></span> <span class='ocrx_word' id='word_1_34' title='bbox 292 314 334 341; x_wconf 86' lang='lat' dir='ltr'><strong>vel</strong></span> <span class='ocrx_word' id='word_1_35' title='bbox 354 312 524 341; x_wconf 92' lang='lat' dir='ltr'><strong>contumeliis</strong></span> <span class='ocrx_word' id='word_1_36' title='bbox 539 311 663 340; x_wconf 87' lang='lat' dir='ltr'><strong>insectati</strong></span> <span class='ocrx_word' id='word_1_37' title='bbox 680 316 742 338; x_wconf 85' lang='lat' dir='ltr'><strong>sunt</strong></span> <span class='ocrx_word' id='word_1_38' title='bbox 755 310 908 342; x_wconf 85' lang='lat' dir='ltr'><strong>Christum;</strong></span> <span class='ocrx_word' id='word_1_39' title='bbox 933 313 962 336; x_wconf 87' lang='lat' dir='ltr'><strong>at</strong></span> 
     </span>
    </p>
   </div>
   <div class='ocr_carea' id='block_1_9' title="bbox 139 354 961 396">
    <p class='ocr_par' dir='ltr' id='par_1_9' title="bbox 139 354 961 396">
     <span class='ocr_line' id='line_1_9' title="bbox 139 354 961 396; baseline -0.01 -7"><span class='ocrx_word' id='word_1_40' title='bbox 139 383 146 390; x_wconf 77' lang='lat'><strong>.</strong></span> <span class='ocrx_word' id='word_1_41' title='bbox 176 360 385 396; x_wconf 75' lang='lat' dir='ltr'><strong>Syropbmnissa</strong></span> <span class='ocrx_word' id='word_1_42' title='bbox 403 358 512 394; x_wconf 78' lang='lat' dir='ltr'><strong>gentilis</strong></span> <span class='ocrx_word' id='word_1_43' title='bbox 528 365 590 385; x_wconf 91' lang='lat' dir='ltr'><strong>cum</strong></span> <span class='ocrx_word' id='word_1_44' title='bbox 608 363 690 390; x_wconf 79' lang='lat' dir='ltr'><strong>esset,</strong></span> <span class='ocrx_word' id='word_1_45' title='bbox 712 356 848 390; x_wconf 89' lang='lat' dir='ltr'><strong>indignam</strong></span> <span class='ocrx_word' id='word_1_46' title='bbox 874 354 961 389; x_wconf 85' lang='lat' dir='ltr'><strong>gratia</strong></span> 
     </span>
    </p>
   </div>
   <div class='ocr_carea' id='block_1_10' title="bbox 177 406 962 439">
    <p class='ocr_par' dir='ltr' id='par_1_10' title="bbox 177 406 962 439">
     <span class='ocr_line' id='line_1_10' title="bbox 177 406 962 439; baseline -0.009 -4"><span class='ocrx_word' id='word_1_47' title='bbox 177 415 207 435; x_wconf 87' lang='lat' dir='ltr'><strong>se</strong></span> <span class='ocrx_word' id='word_1_48' title='bbox 223 407 340 439; x_wconf 87' lang='lat' dir='ltr'><strong>vocavit,</strong></span> <span class='ocrx_word' id='word_1_49' title='bbox 361 411 388 434; x_wconf 79' lang='lat' dir='ltr'><strong>et</strong></span> <span class='ocrx_word' id='word_1_50' title='bbox 404 407 443 434; x_wconf 90' lang='lat' dir='ltr'><strong>uti</strong></span> <span class='ocrx_word' id='word_1_51' title='bbox 469 406 496 433; x_wconf 91' lang='lat' dir='ltr'><strong>in</strong></span> <span class='ocrx_word' id='word_1_52' title='bbox 519 406 669 433; x_wconf 80' lang='lat' dir='ltr'><strong>catulorum</strong></span> <span class='ocrx_word' id='word_1_53' title='bbox 700 411 812 430; x_wconf 90' lang='lat' dir='ltr'><strong>numero</strong></span> <span class='ocrx_word' id='word_1_54' title='bbox 837 409 962 430; x_wconf 83' lang='lat' dir='ltr'><strong>recense-</strong></span> 
     </span>
    </p>
   </div>
   <div class='ocr_carea' id='block_1_11' title="bbox 177 448 962 488">
    <p class='ocr_par' dir='ltr' id='par_1_11' title="bbox 177 448 962 488">
     <span class='ocr_line' id='line_1_11' title="bbox 177 448 962 488; baseline -0.009 -7"><span class='ocrx_word' id='word_1_55' title='bbox 177 458 262 486; x_wconf 89' lang='lat' dir='ltr'><strong>retur,</strong></span> <span class='ocrx_word' id='word_1_56' title='bbox 279 460 312 481; x_wconf 38' lang='lat' dir='ltr'><strong>et:</strong></span> <span class='ocrx_word' id='word_1_57' title='bbox 331 452 466 488; x_wconf 85' lang='lat' dir='ltr'><strong>particeps</strong></span> <span class='ocrx_word' id='word_1_58' title='bbox 492 451 569 479; x_wconf 76' lang='lat' dir='ltr'><strong>ﬁeret</strong></span> <span class='ocrx_word' id='word_1_59' title='bbox 593 451 724 478; x_wconf 84' lang='lat' dir='ltr'><strong>micarum</strong></span> <span class='ocrx_word' id='word_1_60' title='bbox 748 456 781 476; x_wconf 82' lang='lat' dir='ltr'><strong>ex</strong></span> <span class='ocrx_word' id='word_1_61' title='bbox 804 448 962 476; x_wconf 71' lang='lat' dir='ltr'><strong>Iudaeorum</strong></span> 
     </span>
    </p>
   </div>
   <div class='ocr_carea' id='block_1_12' title="bbox 177 494 963 531">
    <p class='ocr_par' dir='ltr' id='par_1_12' title="bbox 177 494 963 531">
     <span class='ocr_line' id='line_1_12' title="bbox 177 494 963 531; baseline -0.008 -5"><span class='ocrx_word' id='word_1_62' title='bbox 177 507 270 527; x_wconf 87' lang='lat' dir='ltr'><strong>mensa</strong></span> <span class='ocrx_word' id='word_1_63' title='bbox 284 498 436 526; x_wconf 84' lang='lat' dir='ltr'><strong>cadentium</strong></span> <span class='ocrx_word' id='word_1_64' title='bbox 451 497 615 529; x_wconf 84' lang='lat' dir='ltr'><strong>obsecravit,</strong></span> <span class='ocrx_word' id='word_1_65' title='bbox 631 504 710 531; x_wconf 90' lang='lat' dir='ltr'><strong>quam</strong></span> <span class='ocrx_word' id='word_1_66' title='bbox 728 500 817 522; x_wconf 77' lang='lat' dir='ltr'><strong>tamen</strong></span> <span class='ocrx_word' id='word_1_67' title='bbox 830 494 867 521; x_wconf 92' lang='lat' dir='ltr'><strong>illi</strong></span> <span class='ocrx_word' id='word_1_68' title='bbox 884 502 963 528; x_wconf 89' lang='lat' dir='ltr'><strong>repu-</strong></span> 
     </span>
    </p>
   </div>
   <div class='ocr_carea' id='block_1_13' title="bbox 181 540 962 576">
    <p class='ocr_par' dir='ltr' id='par_1_13' title="bbox 181 540 962 576">
     <span class='ocr_line' id='line_1_13' title="bbox 181 540 962 576; baseline -0.009 -4"><span class='ocrx_word' id='word_1_69' title='bbox 181 545 339 573; x_wconf 86' lang='lat' dir='ltr'><strong>diabant&quot;.</strong></span> <span class='ocrx_word' id='word_1_70' title='bbox 350 542 383 571; x_wconf 87' lang='lat' dir='ltr'><strong>Et</strong></span> <span class='ocrx_word' id='word_1_71' title='bbox 394 543 541 571; x_wconf 84' lang='lat' dir='ltr'><strong>lticitidem</strong></span> <span class='ocrx_word' id='word_1_72' title='bbox 560 543 683 570; x_wconf 86' lang='lat' dir='ltr'><strong>centurio</strong></span> <span class='ocrx_word' id='word_1_73' title='bbox 701 541 839 576; x_wconf 84' lang='lat' dir='ltr'><strong>indignum</strong></span> <span class='ocrx_word' id='word_1_74' title='bbox 850 540 962 567; x_wconf 86' lang='lat' dir='ltr'><strong>omnino</strong></span> 
     </span>
    </p>
   </div>
   <div class='ocr_carea' id='block_1_14' title="bbox 179 587 960 626">
    <p class='ocr_par' dir='ltr' id='par_1_14' title="bbox 179 587 960 626">
     <span class='ocr_line' id='line_1_14' title="bbox 179 587 960 626; baseline -0.006 -8"><span class='ocrx_word' id='word_1_75' title='bbox 179 599 209 619; x_wconf 88' lang='lat' dir='ltr'><strong>se</strong></span> <span class='ocrx_word' id='word_1_76' title='bbox 219 591 332 626; x_wconf 83' lang='lat' dir='ltr'><strong>judicat,</strong></span> <span class='ocrx_word' id='word_1_77' title='bbox 347 591 393 626; x_wconf 90' lang='lat' dir='ltr'><strong>qui</strong></span> <span class='ocrx_word' id='word_1_78' title='bbox 407 589 553 617; x_wconf 88' lang='lat' dir='ltr'><strong>Dominum</strong></span> <span class='ocrx_word' id='word_1_79' title='bbox 567 589 618 616; x_wconf 90' lang='lat' dir='ltr'><strong>sub</strong></span> <span class='ocrx_word' id='word_1_80' title='bbox 632 592 734 616; x_wconf 83' lang='lat' dir='ltr'><strong>tectqu</strong></span> <span class='ocrx_word' id='word_1_81' title='bbox 748 587 860 622; x_wconf 84' lang='lat' dir='ltr'><strong>recipiat</strong></span> <span class='ocrx_word' id='word_1_82' title='bbox 872 594 960 614; x_wconf 90' lang='lat' dir='ltr'><strong>suum.</strong></span> 
     </span>
    </p>
   </div>
   <div class='ocr_carea' id='block_1_15' title="bbox 178 633 964 672">
    <p class='ocr_par' dir='ltr' id='par_1_15' title="bbox 178 633 964 672">
     <span class='ocr_line' id='line_1_15' title="bbox 178 633 964 672; baseline -0.009 -7"><span class='ocrx_word' id='word_1_83' title='bbox 178 638 350 672; x_wconf 86' lang='lat' dir='ltr'><strong>Quapropter</strong></span> <span class='ocrx_word' id='word_1_84' title='bbox 363 642 390 664; x_wconf 88' lang='lat' dir='ltr'><strong>et</strong></span> <span class='ocrx_word' id='word_1_85' title='bbox 405 636 443 664; x_wconf 88' lang='lat' dir='ltr'><strong>illi</strong></span> <span class='ocrx_word' id='word_1_86' title='bbox 466 635 664 663; x_wconf 82' lang='lat' dir='ltr'><strong>incredulitatis</strong></span> <span class='ocrx_word' id='word_1_87' title='bbox 681 642 736 661; x_wconf 78' lang='lat' dir='ltr'><strong>sua:</strong></span> <span class='ocrx_word' id='word_1_88' title='bbox 753 633 862 668; x_wconf 70' lang='lat' dir='ltr'><strong>prazmia</strong></span> <span class='ocrx_word' id='word_1_89' title='bbox 888 639 964 659; x_wconf 88' lang='lat' dir='ltr'><strong>rece-</strong></span> 
     </span>
    </p>
   </div>
   <div class='ocr_carea' id='block_1_16' title="bbox 177 678 964 719">
    <p class='ocr_par' dir='ltr' id='par_1_16' title="bbox 177 678 964 719">
     <span class='ocr_line' id='line_1_16' title="bbox 177 678 964 719; baseline -0.009 -8"><span class='ocrx_word' id='word_1_90' title='bbox 177 687 292 719; x_wconf 87' lang='lat' dir='ltr'><strong>perunt;</strong></span> <span class='ocrx_word' id='word_1_91' title='bbox 317 687 345 710; x_wconf 85' lang='lat' dir='ltr'><strong>et</strong></span> <span class='ocrx_word' id='word_1_92' title='bbox 360 683 388 710; x_wconf 89' lang='lat' dir='ltr'><strong>hi</strong></span> <span class='ocrx_word' id='word_1_93' title='bbox 407 682 521 717; x_wconf 77' lang='lat' dir='ltr'><strong>gratiam</strong></span> <span class='ocrx_word' id='word_1_94' title='bbox 545 681 729 712; x_wconf 83' lang='lat' dir='ltr'><strong>lucratisunt,</strong></span> <span class='ocrx_word' id='word_1_95' title='bbox 752 678 893 714; x_wconf 86' lang='lat' dir='ltr'><strong>justiticati</strong></span> <span class='ocrx_word' id='word_1_96' title='bbox 916 685 964 712; x_wconf 91' lang='lat' dir='ltr'><strong>per</strong></span> 
     </span>
    </p>
   </div>
   <div class='ocr_carea' id='block_1_17' title="bbox 180 724 967 757">
    <p class='ocr_par' dir='ltr' id='par_1_17' title="bbox 180 724 967 757">
     <span class='ocr_line' id='line_1_17' title="bbox 180 724 967 757; baseline -0.008 0"><span class='ocrx_word' id='word_1_97' title='bbox 180 729 272 757; x_wconf 85' lang='lat' dir='ltr'><strong>ﬁdem.</strong></span> <span class='ocrx_word' id='word_1_98' title='bbox 297 728 350 756; x_wconf 89' lang='lat' dir='ltr'><strong>Sed</strong></span> <span class='ocrx_word' id='word_1_99' title='bbox 372 728 446 756; x_wconf 89' lang='lat' dir='ltr'><strong>enim</strong></span> <span class='ocrx_word' id='word_1_100' title='bbox 465 727 651 756; x_wconf 83' lang='lat' dir='ltr'><strong>narrationem</strong></span> <span class='ocrx_word' id='word_1_101' title='bbox 668 733 764 754; x_wconf 83' lang='lat' dir='ltr'><strong>rursus</strong></span> <span class='ocrx_word' id='word_1_102' title='bbox 777 725 812 752; x_wconf 82' lang='lat' dir='ltr'><strong>ab</strong></span> <span class='ocrx_word' id='word_1_103' title='bbox 826 724 904 752; x_wconf 90' lang='lat' dir='ltr'><strong>initio</strong></span> <span class='ocrx_word' id='word_1_104' title='bbox 923 731 967 751; x_wconf 89' lang='lat' dir='ltr'><strong>rc-</strong></span> 
     </span>
    </p>
   </div>
   <div class='ocr_carea' id='block_1_18' title="bbox 177 778 312 809">
    <p class='ocr_par' dir='ltr' id='par_1_18' title="bbox 177 778 312 809">
     <span class='ocr_line' id='line_1_18' title="bbox 177 778 312 809; baseline -0.007 -7"><span class='ocrx_word' id='word_1_105' title='bbox 177 778 312 809; x_wconf 87' lang='lat' dir='ltr'><strong>petamus.</strong></span> 
     </span>
    </p>
   </div>
   <div class='ocr_carea' id='block_1_19' title="bbox 1011 219 1804 257">
    <p class='ocr_par' dir='ltr' id='par_1_19' title="bbox 1011 219 1804 257">
     <span class='ocr_line' id='line_1_19' title="bbox 1011 219 1804 257; baseline 0 -11"><span class='ocrx_word' id='word_1_106' title='bbox 1011 220 1065 254; x_wconf 85' lang='grc' dir='ltr'><strong>γάρ</strong></span> <span class='ocrx_word' id='word_1_107' title='bbox 1079 219 1139 252; x_wconf 86' lang='grc' dir='ltr'><strong>πῶς</strong></span> <span class='ocrx_word' id='word_1_108' title='bbox 1152 221 1205 247; x_wconf 81' lang='grc' dir='ltr'><strong>εισι</strong></span> <span class='ocrx_word' id='word_1_109' title='bbox 1219 220 1253 247; x_wconf 82' lang='grc' dir='ltr'><strong>τὰ</strong></span> <span class='ocrx_word' id='word_1_110' title='bbox 1269 221 1346 256; x_wconf 75' lang='grc' dir='ltr'>ἐονη,</span> <span class='ocrx_word' id='word_1_111' title='bbox 1361 221 1409 248; x_wconf 85' lang='grc' dir='ltr'><strong>καὶ</strong></span> <span class='ocrx_word' id='word_1_112' title='bbox 1425 221 1573 248; x_wconf 83' lang='grc' dir='ltr'><strong>νενευκότα</strong></span> <span class='ocrx_word' id='word_1_113' title='bbox 1589 222 1660 248; x_wconf 79' lang='grc' dir='ltr'><strong>πολὺ</strong></span> <span class='ocrx_word' id='word_1_114' title='bbox 1681 221 1755 257; x_wconf 76' lang='grc' dir='ltr'><strong>πρὸς</strong></span> <span class='ocrx_word' id='word_1_115' title='bbox 1776 222 1804 247; x_wconf 63' lang='grc' dir='ltr'><strong>τὶ</strong></span> 
     </span>
    </p>
   </div>
   <div class='ocr_carea' id='block_1_20' title="bbox 1011 265 1804 302">
    <p class='ocr_par' dir='ltr' id='par_1_20' title="bbox 1011 265 1804 302">
     <span class='ocr_line' id='line_1_20' title="bbox 1011 265 1804 302; baseline 0.003 -11"><span class='ocrx_word' id='word_1_116' title='bbox 1011 265 1157 292; x_wconf 81' lang='grc' dir='ltr'><strong>πιστεῦσαι</strong></span> <span class='ocrx_word' id='word_1_117' title='bbox 1184 266 1306 302; x_wconf 83' lang='grc' dir='ltr'><strong>Χριστῷ.</strong></span> <span class='ocrx_word' id='word_1_118' title='bbox 1336 267 1408 301; x_wconf 83' lang='grc' dir='ltr'><strong>Ὅρα</strong></span> <span class='ocrx_word' id='word_1_119' title='bbox 1423 267 1479 302; x_wconf 85' lang='grc' dir='ltr'><strong>γὰρ</strong></span> <span class='ocrx_word' id='word_1_120' title='bbox 1500 267 1532 294; x_wconf 81' lang='grc' dir='ltr'><strong>τὸ</strong></span> <span class='ocrx_word' id='word_1_121' title='bbox 1559 267 1630 294; x_wconf 83' lang='grc' dir='ltr'><strong>κατὰ</strong></span> <span class='ocrx_word' id='word_1_122' title='bbox 1652 267 1804 302; x_wconf 75' lang='grc' dir='ltr'><strong>διάμετρον</strong></span> 
     </span>
    </p>
   </div>
   <div class='ocr_carea' id='block_1_21' title="bbox 1010 308 1803 347">
    <p class='ocr_par' dir='ltr' id='par_1_21' title="bbox 1010 308 1803 347">
     <span class='ocr_line' id='line_1_21' title="bbox 1010 308 1803 347; baseline 0.004 -11"><span class='ocrx_word' id='word_1_123' title='bbox 1010 310 1101 336; x_wconf 82' lang='grc' dir='ltr'><strong>ἄνισον</strong></span> <span class='ocrx_word' id='word_1_124' title='bbox 1120 311 1169 345; x_wconf 85' lang='grc' dir='ltr'><strong>τῆς</strong></span> <span class='ocrx_word' id='word_1_125' title='bbox 1195 311 1250 338; x_wconf 87' lang='grc' dir='ltr'><strong>τῶν</strong></span> <span class='ocrx_word' id='word_1_126' title='bbox 1270 311 1406 339; x_wconf 79' lang='grc' dir='ltr'><strong>Ἰουδαίων</strong></span> <span class='ocrx_word' id='word_1_127' title='bbox 1427 312 1580 345; x_wconf 79' lang='grc' dir='ltr'><strong>ἀπειθείας,</strong></span> <span class='ocrx_word' id='word_1_128' title='bbox 1609 308 1723 347; x_wconf 76' lang='grc' dir='ltr'><strong>καὶτῆς</strong></span> <span class='ocrx_word' id='word_1_129' title='bbox 1748 313 1803 339; x_wconf 77' lang='grc' dir='ltr'><strong>τῶν</strong></span> 
     </span>
    </p>
   </div>
   <div class='ocr_carea' id='block_1_22' title="bbox 1011 355 1805 391">
    <p class='ocr_par' dir='ltr' id='par_1_22' title="bbox 1011 355 1805 391">
     <span class='ocr_line' id='line_1_22' title="bbox 1011 355 1805 391; baseline 0.001 -11"><span class='ocrx_word' id='word_1_130' title='bbox 1011 355 1096 381; x_wconf 72' lang='grc' dir='ltr'><strong>ἐθνῶν</strong></span> <span class='ocrx_word' id='word_1_131' title='bbox 1120 355 1306 390; x_wconf 79' lang='grc' dir='ltr'><strong>ἑτοιμότητος.</strong></span> <span class='ocrx_word' id='word_1_132' title='bbox 1331 355 1364 382; x_wconf 71' lang='lat' dir='ltr'><strong>Ol</strong></span> <span class='ocrx_word' id='word_1_133' title='bbox 1388 356 1437 391; x_wconf 80' lang='grc' dir='ltr'><strong>μὲν</strong></span> <span class='ocrx_word' id='word_1_134' title='bbox 1461 355 1516 391; x_wconf 84' lang='grc' dir='ltr'><strong>γὰρ</strong></span> <span class='ocrx_word' id='word_1_135' title='bbox 1535 357 1583 382; x_wconf 79' lang='grc' dir='ltr'><strong>καὶ</strong></span> <span class='ocrx_word' id='word_1_136' title='bbox 1613 355 1674 391; x_wconf 77' lang='grc' dir='ltr'><strong>μεθ’</strong></span> <span class='ocrx_word' id='word_1_137' title='bbox 1695 355 1805 390; x_wconf 74' lang='grc' dir='ltr'><strong>ὕϐρεων</strong></span> 
     </span>
    </p>
   </div>
   <div class='ocr_carea' id='block_1_23' title="bbox 1012 401 1805 437">
    <p class='ocr_par' dir='ltr' id='par_1_23' title="bbox 1012 401 1805 437">
     <span class='ocr_line' id='line_1_23' title="bbox 1012 401 1805 437; baseline 0.003 -11"><span class='ocrx_word' id='word_1_138' title='bbox 1012 401 1094 426; x_wconf 73' lang='grc' dir='ltr'><strong>αὑτὸν</strong></span> <span class='ocrx_word' id='word_1_139' title='bbox 1118 401 1294 427; x_wconf 75' lang='grc' dir='ltr'>ἀπεδίωκον·</span> <span class='ocrx_word' id='word_1_140' title='bbox 1312 403 1329 437; x_wconf 82' lang='grc' dir='ltr'>ἡ</span> <span class='ocrx_word' id='word_1_141' title='bbox 1348 402 1377 434; x_wconf 80' lang='grc' dir='ltr'>ἐξ</span> <span class='ocrx_word' id='word_1_142' title='bbox 1402 401 1488 429; x_wconf 81' lang='grc' dir='ltr'>ἐθνῶν</span> <span class='ocrx_word' id='word_1_143' title='bbox 1518 401 1546 428; x_wconf 83' lang='grc' dir='ltr'><strong>δὲ</strong></span> <span class='ocrx_word' id='word_1_144' title='bbox 1573 402 1805 437; x_wconf 74' lang='grc' dir='ltr'><strong>Συροφοινίκισσα</strong></span> 
     </span>
    </p>
   </div>
   <div class='ocr_carea' id='block_1_24' title="bbox 1012 447 1805 484">
    <p class='ocr_par' dir='ltr' id='par_1_24' title="bbox 1012 447 1805 484">
     <span class='ocr_line' id='line_1_24' title="bbox 1012 447 1805 484; baseline 0.001 -11"><span class='ocrx_word' id='word_1_145' title='bbox 1012 447 1125 479; x_wconf 79' lang='grc' dir='ltr'>ἀναξίαν</span> <span class='ocrx_word' id='word_1_146' title='bbox 1155 448 1249 474; x_wconf 73' lang='grc' dir='ltr'><strong>ἐκάλει</strong></span> <span class='ocrx_word' id='word_1_147' title='bbox 1275 449 1377 482; x_wconf 77' lang='grc' dir='ltr'><strong>ἑαυτὴν</strong></span> <span class='ocrx_word' id='word_1_148' title='bbox 1405 448 1456 483; x_wconf 83' lang='grc' dir='ltr'><strong>τῆς</strong></span> <span class='ocrx_word' id='word_1_149' title='bbox 1471 448 1593 483; x_wconf 83' lang='grc' dir='ltr'><strong>χάριτος,</strong></span> <span class='ocrx_word' id='word_1_150' title='bbox 1608 449 1656 475; x_wconf 75' lang='grc' dir='ltr'><strong>καὶ</strong></span> <span class='ocrx_word' id='word_1_151' title='bbox 1669 449 1699 475; x_wconf 85' lang='grc' dir='ltr'>ἑν</span> <span class='ocrx_word' id='word_1_152' title='bbox 1720 448 1805 484; x_wconf 68' lang='grc' dir='ltr'>μοίρᾳ.</span> 
     </span>
    </p>
   </div>
   <div class='ocr_carea' id='block_1_25' title="bbox 1013 493 1806 531">
    <p class='ocr_par' dir='ltr' id='par_1_25' title="bbox 1013 493 1806 531">
     <span class='ocr_line' id='line_1_25' title="bbox 1013 493 1806 531; baseline 0.004 -12"><span class='ocrx_word' id='word_1_153' title='bbox 1013 493 1151 529; x_wconf 78' lang='grc' dir='ltr'>κυναρίων</span> <span class='ocrx_word' id='word_1_154' title='bbox 1169 494 1323 528; x_wconf 81' lang='grc' dir='ltr'><strong>παρεκάλει</strong></span> <span class='ocrx_word' id='word_1_155' title='bbox 1338 494 1469 529; x_wconf 77' lang='grc' dir='ltr'><strong>τετάχθαι</strong></span> <span class='ocrx_word' id='word_1_156' title='bbox 1481 495 1528 521; x_wconf 74' lang='grc' dir='ltr'>καὶ</span> <span class='ocrx_word' id='word_1_157' title='bbox 1540 497 1688 530; x_wconf 73' lang='grc' dir='ltr'><strong>μετασχεῖν</strong></span> <span class='ocrx_word' id='word_1_158' title='bbox 1699 495 1806 531; x_wconf 77' lang='grc' dir='ltr'>ψιχίων</span> 
     </span>
    </p>
   </div>
   <div class='ocr_carea' id='block_1_26' title="bbox 1012 540 1806 578">
    <p class='ocr_par' dir='ltr' id='par_1_26' title="bbox 1012 540 1806 578">
     <span class='ocr_line' id='line_1_26' title="bbox 1012 540 1806 578; baseline 0.005 -13"><span class='ocrx_word' id='word_1_159' title='bbox 1012 540 1045 566; x_wconf 77' lang='grc' dir='ltr'>ὲκ</span> <span class='ocrx_word' id='word_1_160' title='bbox 1057 540 1107 574; x_wconf 72' lang='grc' dir='ltr'><strong>τῆς</strong></span> <span class='ocrx_word' id='word_1_161' title='bbox 1121 540 1262 576; x_wconf 73' lang='grc' dir='ltr'><strong>τραπέζης</strong></span> <span class='ocrx_word' id='word_1_162' title='bbox 1277 541 1330 567; x_wconf 81' lang='grc' dir='ltr'><strong>τῶν</strong></span> <span class='ocrx_word' id='word_1_163' title='bbox 1345 541 1493 576; x_wconf 82' lang='grc' dir='ltr'>Ἰουδαίων,</span> <span class='ocrx_word' id='word_1_164' title='bbox 1508 540 1542 578; x_wconf 83' lang='grc' dir='ltr'><strong>ἦς</strong></span> <span class='ocrx_word' id='word_1_165' title='bbox 1567 543 1668 570; x_wconf 76' lang='grc' dir='ltr'><strong>ἐκεῖνοι</strong></span> <span class='ocrx_word' id='word_1_166' title='bbox 1698 553 1806 571; x_wconf 85' lang='grc' dir='ltr'><strong>παντε-</strong></span> 
     </span>
    </p>
   </div>
   <div class='ocr_carea' id='block_1_27' title="bbox 1013 585 1805 626">
    <p class='ocr_par' dir='ltr' id='par_1_27' title="bbox 1013 585 1805 626">
     <span class='ocr_line' id='line_1_27' title="bbox 1013 585 1805 626; baseline 0.008 -14"><span class='ocrx_word' id='word_1_167' title='bbox 1013 585 1067 617; x_wconf 84' lang='grc' dir='ltr'><strong>λῶς</strong></span> <span class='ocrx_word' id='word_1_168' title='bbox 1098 586 1284 622; x_wconf 76' lang='grc' dir='ltr'><strong>ἀπηνήναντο.</strong></span> <span class='ocrx_word' id='word_1_169' title='bbox 1310 588 1366 615; x_wconf 84' lang='grc' dir='ltr'><strong>Καὶ</strong></span> <span class='ocrx_word' id='word_1_170' title='bbox 1393 585 1474 621; x_wconf 73' lang='grc' dir='ltr'><strong>οὗτος</strong></span> <span class='ocrx_word' id='word_1_171' title='bbox 1498 589 1527 616; x_wconf 83' lang='grc' dir='ltr'><strong>δὲ</strong></span> <span class='ocrx_word' id='word_1_172' title='bbox 1560 591 1574 616; x_wconf 85' lang='grc' dir='ltr'><strong><em>ὸ</em></strong></span> <span class='ocrx_word' id='word_1_173' title='bbox 1598 591 1805 626; x_wconf 73' lang='grc' dir='ltr'><strong>ἑκατόνταρχος</strong></span> 
     </span>
    </p>
   </div>
   <div class='ocr_carea' id='block_1_28' title="bbox 1014 632 1807 672">
    <p class='ocr_par' dir='ltr' id='par_1_28' title="bbox 1014 632 1807 672">
     <span class='ocr_line' id='line_1_28' title="bbox 1014 632 1807 672; baseline 0.009 -14"><span class='ocrx_word' id='word_1_174' title='bbox 1014 632 1156 665; x_wconf 78' lang='grc' dir='ltr'><strong>παντελῶς</strong></span> <span class='ocrx_word' id='word_1_175' title='bbox 1167 634 1264 661; x_wconf 83' lang='grc' dir='ltr'><strong>ἑαυτὸν</strong></span> <span class='ocrx_word' id='word_1_176' title='bbox 1280 634 1370 670; x_wconf 85' lang='grc' dir='ltr'>κρίνει</span> <span class='ocrx_word' id='word_1_177' title='bbox 1395 636 1506 669; x_wconf 79' lang='grc' dir='ltr'><strong>ἀνάξιον</strong></span> <span class='ocrx_word' id='word_1_178' title='bbox 1525 636 1572 663; x_wconf 76' lang='grc' dir='ltr'><strong>τοῦ</strong></span> <span class='ocrx_word' id='word_1_179' title='bbox 1599 638 1652 664; x_wconf 82' lang='grc' dir='ltr'><strong>ὑπὸ</strong></span> <span class='ocrx_word' id='word_1_180' title='bbox 1675 637 1729 672; x_wconf 77' lang='grc' dir='ltr'><strong>τὴν</strong></span> <span class='ocrx_word' id='word_1_181' title='bbox 1746 638 1807 664; x_wconf 75' lang='grc' dir='ltr'><strong>στέ-</strong></span> 
     </span>
    </p>
   </div>
   <div class='ocr_carea' id='block_1_29' title="bbox 1013 681 1806 718">
    <p class='ocr_par' dir='ltr' id='par_1_29' title="bbox 1013 681 1806 718">
     <span class='ocr_line' id='line_1_29' title="bbox 1013 681 1806 718; baseline 0.008 -12"><span class='ocrx_word' id='word_1_182' title='bbox 1013 689 1066 715; x_wconf 87' lang='grc' dir='ltr'><strong>γην</strong></span> <span class='ocrx_word' id='word_1_183' title='bbox 1082 681 1164 707; x_wconf 82' lang='grc' dir='ltr'><strong>αὐτοῦ</strong></span> <span class='ocrx_word' id='word_1_184' title='bbox 1190 681 1236 708; x_wconf 80' lang='grc' dir='ltr'><strong>τὸν</strong></span> <span class='ocrx_word' id='word_1_185' title='bbox 1264 682 1369 718; x_wconf 83' lang='grc' dir='ltr'>Κύριον</span> <span class='ocrx_word' id='word_1_186' title='bbox 1385 683 1579 716; x_wconf 78' lang='grc' dir='ltr'><strong>ὐποδέξασθαι.</strong></span> <span class='ocrx_word' id='word_1_187' title='bbox 1595 685 1646 711; x_wconf 79' lang='grc' dir='ltr'><strong>Διὰ</strong></span> <span class='ocrx_word' id='word_1_188' title='bbox 1655 684 1740 711; x_wconf 74' lang='grc' dir='ltr'><strong>τοῦτο</strong></span> <span class='ocrx_word' id='word_1_189' title='bbox 1754 685 1806 711; x_wconf 76' lang='grc' dir='ltr'><strong>κᾶ-</strong></span> 
     </span>
    </p>
   </div>
   <div class='ocr_carea' id='block_1_30' title="bbox 1014 727 1807 766">
    <p class='ocr_par' dir='ltr' id='par_1_30' title="bbox 1014 727 1807 766">
     <span class='ocr_line' id='line_1_30' title="bbox 1014 727 1807 766; baseline 0.008 -14"><span class='ocrx_word' id='word_1_190' title='bbox 1014 727 1098 753; x_wconf 87' lang='grc' dir='ltr'><strong>κεῖνοι</strong></span> <span class='ocrx_word' id='word_1_191' title='bbox 1115 727 1167 761; x_wconf 84' lang='grc' dir='ltr'><strong>τῆς</strong></span> <span class='ocrx_word' id='word_1_192' title='bbox 1180 727 1310 760; x_wconf 80' lang='grc' dir='ltr'><strong>ἀπιστίας</strong></span> <span class='ocrx_word' id='word_1_193' title='bbox 1329 728 1481 764; x_wconf 73' lang='grc' dir='ltr'><strong>ἑδρέψαντο</strong></span> <span class='ocrx_word' id='word_1_194' title='bbox 1496 730 1532 757; x_wconf 84' lang='grc' dir='ltr'><strong>τὰ</strong></span> <span class='ocrx_word' id='word_1_195' title='bbox 1545 730 1685 766; x_wconf 76' lang='grc' dir='ltr'>ἐπίχειρα,</span> <span class='ocrx_word' id='word_1_196' title='bbox 1695 732 1747 758; x_wconf 80' lang='grc' dir='ltr'>καὶ</span> <span class='ocrx_word' id='word_1_197' title='bbox 1761 731 1807 758; x_wconf 75' lang='grc' dir='ltr'><strong>οὗ·</strong></span> 
     </span>
    </p>
   </div>
   <div class='ocr_carea' id='block_1_31' title="bbox 1013 771 1801 808">
    <p class='ocr_par' dir='ltr' id='par_1_31' title="bbox 1013 771 1801 808">
     <span class='ocr_line' id='line_1_31' title="bbox 1013 771 1801 808; baseline 0.009 -12"><span class='ocrx_word' id='word_1_198' title='bbox 1013 779 1055 797; x_wconf 82' lang='grc' dir='ltr'><strong>τοι</strong></span> <span class='ocrx_word' id='word_1_199' title='bbox 1067 772 1116 805; x_wconf 80' lang='grc' dir='ltr'><strong>τῆς</strong></span> <span class='ocrx_word' id='word_1_200' title='bbox 1125 771 1235 807; x_wconf 80' lang='grc' dir='ltr'><strong>χάριτος</strong></span> <span class='ocrx_word' id='word_1_201' title='bbox 1245 772 1401 806; x_wconf 79' lang='grc' dir='ltr'><strong>ἀπώναντο,</strong></span> <span class='ocrx_word' id='word_1_202' title='bbox 1417 774 1612 807; x_wconf 80' lang='grc' dir='ltr'><strong>δικαιωθέντες</strong></span> <span class='ocrx_word' id='word_1_203' title='bbox 1619 776 1652 802; x_wconf 83' lang='grc' dir='ltr'>ὲκ</span> <span class='ocrx_word' id='word_1_204' title='bbox 1664 776 1801 808; x_wconf 83' lang='grc' dir='ltr'><strong>πίστεως.</strong></span> 
     </span>
    </p>
   </div>
   <div class='ocr_carea' id='block_1_32' title="bbox 1015 815 1808 858">
    <p class='ocr_par' dir='ltr' id='par_1_32' title="bbox 1015 815 1808 858">
     <span class='ocr_line' id='line_1_32' title="bbox 1015 815 1808 858; baseline 0.011 -17"><span class='ocrx_word' id='word_1_205' title='bbox 1015 815 1100 842; x_wconf 80' lang='grc' dir='ltr'><strong>Ἀλλὰ</strong></span> <span class='ocrx_word' id='word_1_206' title='bbox 1124 817 1171 843; x_wconf 83' lang='grc' dir='ltr'><strong>τοῦ</strong></span> <span class='ocrx_word' id='word_1_207' title='bbox 1198 817 1370 854; x_wconf 82' lang='grc' dir='ltr'><strong>διηγήματος</strong></span> <span class='ocrx_word' id='word_1_208' title='bbox 1407 818 1487 852; x_wconf 82' lang='grc' dir='ltr'><strong>αὖθις</strong></span> <span class='ocrx_word' id='word_1_209' title='bbox 1507 821 1556 857; x_wconf 74' lang='grc' dir='ltr'><strong>τὴν</strong></span> <span class='ocrx_word' id='word_1_210' title='bbox 1585 821 1674 858; x_wconf 78' lang='grc' dir='ltr'><strong>ἀρχὴν</strong></span> <span class='ocrx_word' id='word_1_211' title='bbox 1699 823 1808 850; x_wconf 69' lang='grc' dir='ltr'><strong>ἀπολα-</strong></span> 
     </span>
    </p>
   </div>
   <div class='ocr_carea' id='block_1_33' title="bbox 979 851 1120 896">
    <p class='ocr_par' dir='ltr' id='par_1_33' title="bbox 979 851 1120 896">
     <span class='ocr_line' id='line_1_33' title="bbox 979 851 1120 896; baseline 0 -8"><span class='ocrx_word' id='word_1_212' title='bbox 979 851 1000 879; x_wconf 74' lang='lat' dir='ltr'><strong>B</strong></span> <span class='ocrx_word' id='word_1_213' title='bbox 1015 861 1120 896; x_wconf 80' lang='grc' dir='ltr'><strong>6ωμεν.</strong></span> 
     </span>
    </p>
   </div>
   <div class='ocr_carea' id='block_1_34' title="bbox 213 906 964 944">
    <p class='ocr_par' dir='ltr' id='par_1_34' title="bbox 213 906 964 944">
     <span class='ocr_line' id='line_1_34' title="bbox 213 906 964 944; baseline -0.011 -4"><span class='ocrx_word' id='word_1_214' title='bbox 213 912 244 940; x_wconf 88' lang='lat' dir='ltr'><strong>ln</strong></span> <span class='ocrx_word' id='word_1_215' title='bbox 258 912 304 940; x_wconf 91' lang='lat' dir='ltr'><strong>illo</strong></span> <span class='ocrx_word' id='word_1_216' title='bbox 319 916 450 944; x_wconf 82' lang='lat' dir='ltr'><strong>tempore,</strong></span> <span class='ocrx_word' id='word_1_217' title='bbox 468 919 478 936; x_wconf 78' lang='grc' dir='ltr'><strong>ι</strong></span> <span class='ocrx_word' id='word_1_218' title='bbox 496 910 564 938; x_wconf 88' lang='lat' dir='ltr'><strong>Cum</strong></span> <span class='ocrx_word' id='word_1_219' title='bbox 587 909 727 936; x_wconf 85' lang='lat' dir='ltr'><strong>introisset</strong></span> <span class='ocrx_word' id='word_1_220' title='bbox 748 907 826 936; x_wconf 75' lang='lat' dir='ltr'><strong>Iesus</strong></span> <span class='ocrx_word' id='word_1_221' title='bbox 840 906 964 940; x_wconf 88' lang='lat' dir='ltr'><strong>Caphar-</strong></span> 
     </span>
    </p>
   </div>
   <div class='ocr_carea' id='block_1_35' title="bbox 178 954 966 990">
    <p class='ocr_par' dir='ltr' id='par_1_35' title="bbox 178 954 966 990">
     <span class='ocr_line' id='line_1_35' title="bbox 178 954 966 990; baseline -0.011 -5"><span class='ocrx_word' id='word_1_222' title='bbox 178 965 273 990; x_wconf 86' lang='lat' dir='ltr'><strong>naum,</strong></span> <span class='ocrx_word' id='word_1_223' title='bbox 292 957 408 984; x_wconf 88' lang='lat' dir='ltr'><strong>accessit</strong></span> <span class='ocrx_word' id='word_1_224' title='bbox 424 956 459 983; x_wconf 85' lang='lat' dir='ltr'><strong>ad</strong></span> <span class='ocrx_word' id='word_1_225' title='bbox 485 963 546 983; x_wconf 90' lang='lat' dir='ltr'><strong>eum</strong></span> <span class='ocrx_word' id='word_1_226' title='bbox 571 954 694 982; x_wconf 88' lang='lat' dir='ltr'><strong>centurio</strong></span> <span class='ocrx_word' id='word_1_227' title='bbox 717 959 814 987; x_wconf 77' lang='lat' dir='ltr'><strong>rogans</strong></span> <span class='ocrx_word' id='word_1_228' title='bbox 839 958 917 982; x_wconf 84' lang='lat' dir='ltr'><strong>eum,</strong></span> <span class='ocrx_word' id='word_1_229' title='bbox 938 955 966 977; x_wconf 89' lang='lat' dir='ltr'><strong>ct</strong></span> 
     </span>
    </p>
   </div>
   <div class='ocr_carea' id='block_1_36' title="bbox 179 997 965 1032">
    <p class='ocr_par' dir='ltr' id='par_1_36' title="bbox 179 997 965 1032">
     <span class='ocr_line' id='line_1_36' title="bbox 179 997 965 1032; baseline -0.013 0"><span class='ocrx_word' id='word_1_230' title='bbox 179 1004 285 1032; x_wconf 86' lang='lat' dir='ltr'><strong>dicens.</strong></span> <span class='ocrx_word' id='word_1_231' title='bbox 305 1012 314 1028; x_wconf 78' lang='grc' dir='ltr'><strong>ι</strong></span> <span class='ocrx_word' id='word_1_232' title='bbox 334 1003 406 1030; x_wconf 80' lang='lat' dir='ltr'><strong>Sane</strong></span> <span class='ocrx_word' id='word_1_233' title='bbox 423 1001 531 1029; x_wconf 87' lang='lat' dir='ltr'><strong>divinus</strong></span> <span class='ocrx_word' id='word_1_234' title='bbox 546 999 632 1027; x_wconf 90' lang='lat' dir='ltr'><strong>Lucas</strong></span> <span class='ocrx_word' id='word_1_235' title='bbox 654 1000 705 1026; x_wconf 92' lang='lat' dir='ltr'><strong>hoe</strong></span> <span class='ocrx_word' id='word_1_236' title='bbox 721 997 880 1025; x_wconf 88' lang='lat' dir='ltr'><strong>miraculum</strong></span> <span class='ocrx_word' id='word_1_237' title='bbox 901 1004 965 1024; x_wconf 88' lang='lat' dir='ltr'><strong>nar-</strong></span> 
     </span>
    </p>
   </div>
   <div class='ocr_carea' id='block_1_37' title="bbox 178 1045 966 1084">
    <p class='ocr_par' dir='ltr' id='par_1_37' title="bbox 178 1045 966 1084">
     <span class='ocr_line' id='line_1_37' title="bbox 178 1045 966 1084; baseline -0.01 -7"><span class='ocrx_word' id='word_1_238' title='bbox 178 1057 245 1078; x_wconf 86' lang='lat' dir='ltr'><strong>rans</strong></span> <span class='ocrx_word' id='word_1_239' title='bbox 261 1056 313 1076; x_wconf 93' lang='lat' dir='ltr'><strong>non</strong></span> <span class='ocrx_word' id='word_1_240' title='bbox 329 1049 417 1084; x_wconf 83' lang='lat' dir='ltr'><strong>ipsius</strong></span> <span class='ocrx_word' id='word_1_241' title='bbox 435 1047 602 1075; x_wconf 81' lang='lat' dir='ltr'><strong>centurionis</strong></span> <span class='ocrx_word' id='word_1_242' title='bbox 627 1045 734 1073; x_wconf 78' lang='lat' dir='ltr'><strong>venisse</strong></span> <span class='ocrx_word' id='word_1_243' title='bbox 754 1051 917 1079; x_wconf 84' lang='lat' dir='ltr'><strong>personam,</strong></span> <span class='ocrx_word' id='word_1_244' title='bbox 938 1046 966 1069; x_wconf 90' lang='lat' dir='ltr'><strong>et</strong></span> 
     </span>
    </p>
   </div>
   <div class='ocr_carea' id='block_1_38' title="bbox 178 1089 966 1131">
    <p class='ocr_par' dir='ltr' id='par_1_38' title="bbox 178 1089 966 1131">
     <span class='ocr_line' id='line_1_38' title="bbox 178 1089 966 1131; baseline -0.01 -8"><span class='ocrx_word' id='word_1_245' title='bbox 178 1095 261 1131; x_wconf 78' lang='lat'><strong>309</strong></span> <span class='ocrx_word' id='word_1_246' title='bbox 275 1102 324 1130; x_wconf 92' lang='lat' dir='ltr'><strong>per</strong></span> <span class='ocrx_word' id='word_1_247' title='bbox 338 1102 369 1122; x_wconf 90' lang='lat' dir='ltr'><strong>se</strong></span> <span class='ocrx_word' id='word_1_248' title='bbox 384 1094 495 1129; x_wconf 82' lang='lat' dir='ltr'><strong>petiisse</strong></span> <span class='ocrx_word' id='word_1_249' title='bbox 511 1092 589 1124; x_wconf 87' lang='lat' dir='ltr'><strong>dicit,</strong></span> <span class='ocrx_word' id='word_1_250' title='bbox 610 1092 656 1119; x_wconf 85' lang='lat' dir='ltr'><strong>sed</strong></span> <span class='ocrx_word' id='word_1_251' title='bbox 676 1089 829 1118; x_wconf 78' lang='lat' dir='ltr'><strong>Judaeorum</strong></span> <span class='ocrx_word' id='word_1_252' title='bbox 844 1089 966 1117; x_wconf 86' lang='lat' dir='ltr'><strong>seniores</strong></span> 
     </span>
    </p>
   </div>
   <div class='ocr_carea' id='block_1_39' title="bbox 180 1135 966 1176">
    <p class='ocr_par' dir='ltr' id='par_1_39' title="bbox 180 1135 966 1176">
     <span class='ocr_line' id='line_1_39' title="bbox 180 1135 966 1176; baseline -0.006 -8"><span class='ocrx_word' id='word_1_253' title='bbox 180 1145 305 1176; x_wconf 78' lang='lat' dir='ltr'><strong>rogatum</strong></span> <span class='ocrx_word' id='word_1_254' title='bbox 323 1140 355 1167; x_wconf 93' lang='lat' dir='ltr'><strong>de</strong></span> <span class='ocrx_word' id='word_1_255' title='bbox 371 1141 420 1167; x_wconf 89' lang='lat' dir='ltr'><strong>hac</strong></span> <span class='ocrx_word' id='word_1_256' title='bbox 435 1147 465 1166; x_wconf 92' lang='lat' dir='ltr'><strong>re</strong></span> <span class='ocrx_word' id='word_1_257' title='bbox 481 1138 624 1166; x_wconf 88' lang='lat' dir='ltr'><strong>Dominum</strong></span> <span class='ocrx_word' id='word_1_258' title='bbox 644 1137 787 1172; x_wconf 79' lang='lat' dir='ltr'><strong>allegasse.</strong></span> <span class='ocrx_word' id='word_1_259' title='bbox 815 1136 868 1164; x_wconf 87' lang='lat' dir='ltr'><strong>Sed</strong></span> <span class='ocrx_word' id='word_1_260' title='bbox 893 1135 966 1163; x_wconf 82' lang='lat' dir='ltr'><strong>nulla</strong></span> 
     </span>
    </p>
   </div>
   <div class='ocr_carea' id='block_1_40' title="bbox 180 1182 965 1216">
    <p class='ocr_par' dir='ltr' id='par_1_40' title="bbox 180 1182 965 1216">
     <span class='ocr_line' id='line_1_40' title="bbox 180 1182 965 1216; baseline -0.008 -2"><span class='ocrx_word' id='word_1_261' title='bbox 180 1186 227 1214; x_wconf 81' lang='lat' dir='ltr'><strong>hic</strong></span> <span class='ocrx_word' id='word_1_262' title='bbox 239 1185 372 1213; x_wconf 80' lang='lat' dir='ltr'><strong>dissensio</strong></span> <span class='ocrx_word' id='word_1_263' title='bbox 389 1186 479 1213; x_wconf 86' lang='lat' dir='ltr'><strong>inesse</strong></span> <span class='ocrx_word' id='word_1_264' title='bbox 494 1183 629 1211; x_wconf 82' lang='lat' dir='ltr'><strong>videbitur</strong></span> <span class='ocrx_word' id='word_1_265' title='bbox 644 1183 676 1210; x_wconf 92' lang='lat' dir='ltr'><strong>iis</strong></span> <span class='ocrx_word' id='word_1_266' title='bbox 692 1182 736 1216; x_wconf 89' lang='lat' dir='ltr'><strong>qui</strong></span> <span class='ocrx_word' id='word_1_267' title='bbox 755 1182 863 1210; x_wconf 82' lang='lat' dir='ltr'><strong>sincero</strong></span> <span class='ocrx_word' id='word_1_268' title='bbox 874 1182 965 1209; x_wconf 88' lang='lat' dir='ltr'><strong>animo</strong></span> 
     </span>
    </p>
   </div>
   <div class='ocr_carea' id='block_1_41' title="bbox 179 1228 964 1267">
    <p class='ocr_par' dir='ltr' id='par_1_41' title="bbox 179 1228 964 1267">
     <span class='ocr_line' id='line_1_41' title="bbox 179 1228 964 1267; baseline -0.008 -7"><span class='ocrx_word' id='word_1_269' title='bbox 179 1232 233 1260; x_wconf 84' lang='lat' dir='ltr'><strong>hoc</strong></span> <span class='ocrx_word' id='word_1_270' title='bbox 245 1236 383 1267; x_wconf 89' lang='lat' dir='ltr'><strong>reputant.</strong></span> <span class='ocrx_word' id='word_1_271' title='bbox 393 1231 462 1258; x_wconf 90' lang='lat' dir='ltr'><strong>Nam</strong></span> <span class='ocrx_word' id='word_1_272' title='bbox 478 1230 524 1265; x_wconf 90' lang='lat' dir='ltr'><strong>qui</strong></span> <span class='ocrx_word' id='word_1_273' title='bbox 539 1229 616 1257; x_wconf 90' lang='lat' dir='ltr'><strong>missi</strong></span> <span class='ocrx_word' id='word_1_274' title='bbox 631 1229 664 1256; x_wconf 86' lang='lat' dir='ltr'><strong>ab</strong></span> <span class='ocrx_word' id='word_1_275' title='bbox 677 1228 723 1256; x_wconf 94' lang='lat' dir='ltr'><strong>illo</strong></span> <span class='ocrx_word' id='word_1_276' title='bbox 735 1233 810 1261; x_wconf 87' lang='lat' dir='ltr'><strong>sunt,</strong></span> <span class='ocrx_word' id='word_1_277' title='bbox 823 1235 964 1262; x_wconf 88' lang='lat' dir='ltr'><strong>personam</strong></span> 
     </span>
    </p>
   </div>
   <div class='ocr_carea' id='block_1_42' title="bbox 180 1272 966 1312">
    <p class='ocr_par' dir='ltr' id='par_1_42' title="bbox 180 1272 966 1312">
     <span class='ocr_line' id='line_1_42' title="bbox 180 1272 966 1312; baseline -0.008 -7"><span class='ocrx_word' id='word_1_278' title='bbox 180 1277 314 1306; x_wconf 89' lang='lat' dir='ltr'><strong>mittentis</strong></span> <span class='ocrx_word' id='word_1_279' title='bbox 339 1281 436 1312; x_wconf 80' lang='lat' dir='ltr'><strong>gerunt</strong></span> <span class='ocrx_word' id='word_1_280' title='bbox 450 1275 500 1310; x_wconf 85' lang='lat'><strong>(5),</strong></span> <span class='ocrx_word' id='word_1_281' title='bbox 524 1278 552 1302; x_wconf 89' lang='lat' dir='ltr'><strong>et</strong></span> <span class='ocrx_word' id='word_1_282' title='bbox 574 1281 622 1309; x_wconf 87' lang='lat' dir='ltr'><strong>pro</strong></span> <span class='ocrx_word' id='word_1_283' title='bbox 641 1273 687 1301; x_wconf 91' lang='lat' dir='ltr'><strong>illo</strong></span> <span class='ocrx_word' id='word_1_284' title='bbox 711 1274 831 1300; x_wconf 87' lang='lat' dir='ltr'><strong>adsunt:</strong></span> <span class='ocrx_word' id='word_1_285' title='bbox 847 1280 897 1300; x_wconf 89' lang='lat' dir='ltr'><strong>nec</strong></span> <span class='ocrx_word' id='word_1_286' title='bbox 912 1272 966 1300; x_wconf 89' lang='lat' dir='ltr'><strong>ulla</strong></span> 
     </span>
    </p>
   </div>
   <div class='ocr_carea' id='block_1_43' title="bbox 179 1317 967 1357">
    <p class='ocr_par' dir='ltr' id='par_1_43' title="bbox 179 1317 967 1357">
     <span class='ocr_line' id='line_1_43' title="bbox 179 1317 967 1357; baseline -0.009 -6"><span class='ocrx_word' id='word_1_287' title='bbox 179 1322 326 1351; x_wconf 81' lang='lat' dir='ltr'><strong>cavillandi</strong></span> <span class='ocrx_word' id='word_1_288' title='bbox 353 1321 458 1357; x_wconf 80' lang='lat' dir='ltr'><strong>cupidis</strong></span> <span class='ocrx_word' id='word_1_289' title='bbox 481 1320 545 1348; x_wconf 86' lang='lat' dir='ltr'><strong>hinc</strong></span> <span class='ocrx_word' id='word_1_290' title='bbox 571 1326 636 1347; x_wconf 84' lang='lat' dir='ltr'><strong>ansa</strong></span> <span class='ocrx_word' id='word_1_291' title='bbox 660 1319 806 1354; x_wconf 71' lang='lat' dir='ltr'><strong>praebetur,</strong></span> <span class='ocrx_word' id='word_1_292' title='bbox 831 1317 902 1352; x_wconf 90' lang='lat' dir='ltr'><strong>quod</strong></span> <span class='ocrx_word' id='word_1_293' title='bbox 922 1317 967 1345; x_wconf 82' lang='lat' dir='ltr'><strong>ltie</strong></span> 
     </span>
    </p>
   </div>
   <div class='ocr_carea' id='block_1_44' title="bbox 179 1363 966 1405">
    <p class='ocr_par' dir='ltr' id='par_1_44' title="bbox 179 1363 966 1405">
     <span class='ocr_line' id='line_1_44' title="bbox 179 1363 966 1405; baseline -0.01 -8"><span class='ocrx_word' id='word_1_294' title='bbox 179 1369 289 1405; x_wconf 87' lang='lat' dir='ltr'><strong>quidem</strong></span> <span class='ocrx_word' id='word_1_295' title='bbox 306 1368 394 1404; x_wconf 87' lang='lat' dir='ltr'><strong>ipsum</strong></span> <span class='ocrx_word' id='word_1_296' title='bbox 422 1367 530 1395; x_wconf 85' lang='lat' dir='ltr'><strong>venisse</strong></span> <span class='ocrx_word' id='word_1_297' title='bbox 553 1366 740 1394; x_wconf 86' lang='lat' dir='ltr'><strong>centurionem</strong></span> <span class='ocrx_word' id='word_1_298' title='bbox 765 1364 852 1396; x_wconf 84' lang='lat' dir='ltr'><strong>dicit.</strong></span> <span class='ocrx_word' id='word_1_299' title='bbox 879 1363 966 1390; x_wconf 88' lang='lat' dir='ltr'><strong>Lucas</strong></span> 
     </span>
    </p>
   </div>
   <div class='ocr_carea' id='block_1_45' title="bbox 180 1409 966 1447">
    <p class='ocr_par' dir='ltr' id='par_1_45' title="bbox 180 1409 966 1447">
     <span class='ocr_line' id='line_1_45' title="bbox 180 1409 966 1447; baseline -0.006 -6"><span class='ocrx_word' id='word_1_300' title='bbox 180 1421 248 1442; x_wconf 84' lang='lat' dir='ltr'><strong>vero</strong></span> <span class='ocrx_word' id='word_1_301' title='bbox 263 1413 331 1441; x_wconf 84' lang='lat' dir='ltr'><strong>alios</strong></span> <span class='ocrx_word' id='word_1_302' title='bbox 354 1413 437 1440; x_wconf 74' lang='lat' dir='ltr'><strong>fuisse</strong></span> <span class='ocrx_word' id='word_1_303' title='bbox 459 1412 598 1447; x_wconf 84' lang='lat' dir='ltr'><strong>petitionis</strong></span> <span class='ocrx_word' id='word_1_304' title='bbox 613 1411 791 1438; x_wconf 86' lang='lat' dir='ltr'><strong>administros</strong></span> <span class='ocrx_word' id='word_1_305' title='bbox 805 1419 812 1438; x_wconf 89' lang='lat'><strong>:</strong></span> <span class='ocrx_word' id='word_1_306' title='bbox 827 1410 878 1437; x_wconf 86' lang='lat' dir='ltr'><strong>hoc</strong></span> <span class='ocrx_word' id='word_1_307' title='bbox 893 1409 966 1437; x_wconf 90' lang='lat' dir='ltr'><strong>enim</strong></span> 
     </span>
    </p>
   </div>
   <div class='ocr_carea' id='block_1_46' title="bbox 180 1455 966 1491">
    <p class='ocr_par' dir='ltr' id='par_1_46' title="bbox 180 1455 966 1491">
     <span class='ocr_line' id='line_1_46' title="bbox 180 1455 966 1491; baseline -0.005 -5"><span class='ocrx_word' id='word_1_308' title='bbox 180 1465 253 1486; x_wconf 78' lang='lat' dir='ltr'><strong>curae</strong></span> <span class='ocrx_word' id='word_1_309' title='bbox 266 1463 326 1486; x_wconf 88' lang='lat' dir='ltr'><strong>erat</strong></span> <span class='ocrx_word' id='word_1_310' title='bbox 341 1457 526 1491; x_wconf 84' lang='lat' dir='ltr'><strong>evangelistis,</strong></span> <span class='ocrx_word' id='word_1_311' title='bbox 548 1456 671 1484; x_wconf 87' lang='lat' dir='ltr'><strong>miraculi</strong></span> <span class='ocrx_word' id='word_1_312' title='bbox 685 1456 828 1483; x_wconf 85' lang='lat' dir='ltr'><strong>veritatem</strong></span> <span class='ocrx_word' id='word_1_313' title='bbox 845 1455 966 1483; x_wconf 89' lang='lat' dir='ltr'><strong>studiose</strong></span> 
     </span>
    </p>
   </div>
   <div class='ocr_carea' id='block_1_47' title="bbox 1050 908 1810 947">
    <p class='ocr_par' dir='ltr' id='par_1_47' title="bbox 1050 908 1810 947">
     <span class='ocr_line' id='line_1_47' title="bbox 1050 908 1810 947; baseline 0.005 -13"><span class='ocrx_word' id='word_1_314' title='bbox 1050 908 1095 942; x_wconf 84' lang='grc' dir='ltr'><strong>Τῷ</strong></span> <span class='ocrx_word' id='word_1_315' title='bbox 1104 908 1194 943; x_wconf 82' lang='grc' dir='ltr'>καιρῷ</span> <span class='ocrx_word' id='word_1_316' title='bbox 1210 909 1318 944; x_wconf 78' lang='grc' dir='ltr'><strong>ἐκείνῳ,</strong></span> <span class='ocrx_word' id='word_1_317' title='bbox 1333 919 1343 936; x_wconf 86' lang='grc'><strong>‹</strong></span> <span class='ocrx_word' id='word_1_318' title='bbox 1360 910 1517 937; x_wconf 70' lang='grc' dir='ltr'><strong>Εἰσελθόντι</strong></span> <span class='ocrx_word' id='word_1_319' title='bbox 1533 911 1573 946; x_wconf 84' lang='grc' dir='ltr'><strong>τῷ</strong></span> <span class='ocrx_word' id='word_1_320' title='bbox 1584 911 1673 947; x_wconf 87' lang='grc' dir='ltr'><strong>Ἰησοῦ</strong></span> <span class='ocrx_word' id='word_1_321' title='bbox 1691 912 1736 944; x_wconf 86' lang='grc' dir='ltr'><strong>εις</strong></span> <span class='ocrx_word' id='word_1_322' title='bbox 1752 912 1810 938; x_wconf 79' lang='grc' dir='ltr'><strong>Κα-</strong></span> 
     </span>
    </p>
   </div>
   <div class='ocr_carea' id='block_1_48' title="bbox 1015 955 1810 992">
    <p class='ocr_par' dir='ltr' id='par_1_48' title="bbox 1015 955 1810 992">
     <span class='ocr_line' id='line_1_48' title="bbox 1015 955 1810 992; baseline 0.005 -13"><span class='ocrx_word' id='word_1_323' title='bbox 1015 955 1168 989; x_wconf 78' lang='grc' dir='ltr'><strong>περναοὺμ,</strong></span> <span class='ocrx_word' id='word_1_324' title='bbox 1186 955 1344 990; x_wconf 80' lang='grc' dir='ltr'><strong>προσῆλθεν</strong></span> <span class='ocrx_word' id='word_1_325' title='bbox 1361 956 1437 990; x_wconf 88' lang='grc' dir='ltr'><strong>αὐτῷ</strong></span> <span class='ocrx_word' id='word_1_326' title='bbox 1457 956 1659 992; x_wconf 77' lang='grc' dir='ltr'><strong>ἑκατόνταρχος</strong></span> <span class='ocrx_word' id='word_1_327' title='bbox 1675 965 1810 992; x_wconf 81' lang='grc' dir='ltr'><strong>παρακα-</strong></span> 
     </span>
    </p>
   </div>
   <div class='ocr_carea' id='block_1_49' title="bbox 1014 999 1810 1038">
    <p class='ocr_par' dir='ltr' id='par_1_49' title="bbox 1014 999 1810 1038">
     <span class='ocr_line' id='line_1_49' title="bbox 1014 999 1810 1038; baseline 0.005 -13"><span class='ocrx_word' id='word_1_328' title='bbox 1014 999 1068 1026; x_wconf 86' lang='grc' dir='ltr'>λῶν</span> <span class='ocrx_word' id='word_1_329' title='bbox 1085 1000 1177 1032; x_wconf 84' lang='grc' dir='ltr'><strong>αὑτὺν,</strong></span> <span class='ocrx_word' id='word_1_330' title='bbox 1195 1002 1243 1027; x_wconf 78' lang='grc' dir='ltr'>καὶ</span> <span class='ocrx_word' id='word_1_331' title='bbox 1256 1001 1358 1034; x_wconf 79' lang='grc' dir='ltr'><strong>λέγων.</strong></span> <span class='ocrx_word' id='word_1_332' title='bbox 1376 1010 1386 1027; x_wconf 72' lang='grc' dir='ltr'><strong>ι</strong></span> <span class='ocrx_word' id='word_1_333' title='bbox 1407 1002 1440 1028; x_wconf 88' lang='lat'>&#39;0</span> <span class='ocrx_word' id='word_1_334' title='bbox 1457 1001 1508 1037; x_wconf 85' lang='grc' dir='ltr'><strong>μὲν</strong></span> <span class='ocrx_word' id='word_1_335' title='bbox 1529 1002 1661 1038; x_wconf 86' lang='grc' dir='ltr'><strong>θεηγόρος</strong></span> <span class='ocrx_word' id='word_1_336' title='bbox 1683 1004 1810 1035; x_wconf 77' lang='grc' dir='ltr'><strong>Λουκᾶς,</strong></span> 
     </span>
    </p>
   </div>
   <div class='ocr_carea' id='block_1_50' title="bbox 1014 1046 1811 1084">
    <p class='ocr_par' dir='ltr' id='par_1_50' title="bbox 1014 1046 1811 1084">
     <span class='ocr_line' id='line_1_50' title="bbox 1014 1046 1811 1084; baseline 0.004 -13"><span class='ocrx_word' id='word_1_337' title='bbox 1014 1046 1090 1072; x_wconf 82' lang='grc' dir='ltr'><strong>τουτὶ</strong></span> <span class='ocrx_word' id='word_1_338' title='bbox 1100 1046 1131 1072; x_wconf 78' lang='grc' dir='ltr'><strong>τὸ</strong></span> <span class='ocrx_word' id='word_1_339' title='bbox 1146 1047 1298 1081; x_wconf 74' lang='grc' dir='ltr'><strong>παράδοξον</strong></span> <span class='ocrx_word' id='word_1_340' title='bbox 1321 1048 1525 1083; x_wconf 75' lang='grc' dir='ltr'><strong>ἀφηγούμενος,</strong></span> <span class='ocrx_word' id='word_1_341' title='bbox 1547 1049 1598 1074; x_wconf 85' lang='grc' dir='ltr'><strong>οὐκ</strong></span> <span class='ocrx_word' id='word_1_342' title='bbox 1624 1049 1811 1084; x_wconf 79' lang='grc' dir='ltr'><strong>αὑτοπροσώ-</strong></span> 
     </span>
    </p>
   </div>
   <div class='ocr_carea' id='block_1_51' title="bbox 1015 1092 1811 1130">
    <p class='ocr_par' dir='ltr' id='par_1_51' title="bbox 1015 1092 1811 1130">
     <span class='ocr_line' id='line_1_51' title="bbox 1015 1092 1811 1130; baseline 0.004 -12"><span class='ocrx_word' id='word_1_343' title='bbox 1015 1101 1074 1124; x_wconf 83' lang='grc' dir='ltr'>πως</span> <span class='ocrx_word' id='word_1_344' title='bbox 1090 1092 1179 1119; x_wconf 78' lang='grc' dir='ltr'><strong>ἐλθεῖν</strong></span> <span class='ocrx_word' id='word_1_345' title='bbox 1190 1093 1267 1127; x_wconf 83' lang='grc' dir='ltr'><strong>λέγει</strong></span> <span class='ocrx_word' id='word_1_346' title='bbox 1277 1093 1322 1120; x_wconf 76' lang='grc' dir='ltr'><strong>τὸν</strong></span> <span class='ocrx_word' id='word_1_347' title='bbox 1334 1094 1548 1130; x_wconf 81' lang='grc' dir='ltr'><strong>ἑκατόνταρχον,</strong></span> <span class='ocrx_word' id='word_1_348' title='bbox 1559 1094 1608 1121; x_wconf 71' lang='grc' dir='ltr'>καὶ</span> <span class='ocrx_word' id='word_1_349' title='bbox 1623 1096 1745 1130; x_wconf 72' lang='grc' dir='ltr'><strong>ποιῆσαι</strong></span> <span class='ocrx_word' id='word_1_350' title='bbox 1760 1095 1811 1130; x_wconf 80' lang='grc' dir='ltr'><strong>τὴν</strong></span> 
     </span>
    </p>
   </div>
   <div class='ocr_carea' id='block_1_52' title="bbox 1016 1138 1811 1176">
    <p class='ocr_par' dir='ltr' id='par_1_52' title="bbox 1016 1138 1811 1176">
     <span class='ocr_line' id='line_1_52' title="bbox 1016 1138 1811 1176; baseline 0.003 -11"><span class='ocrx_word' id='word_1_351' title='bbox 1016 1138 1136 1174; x_wconf 76' lang='grc' dir='ltr'><strong>αἴτησιν,</strong></span> <span class='ocrx_word' id='word_1_352' title='bbox 1154 1139 1222 1166; x_wconf 83' lang='grc' dir='ltr'><strong>ἀλλὰ</strong></span> <span class='ocrx_word' id='word_1_353' title='bbox 1237 1139 1442 1176; x_wconf 76' lang='grc' dir='ltr'><strong>πρεσϐυτέρους</strong></span> <span class='ocrx_word' id='word_1_354' title='bbox 1468 1140 1524 1168; x_wconf 86' lang='grc' dir='ltr'><strong>τῶν</strong></span> <span class='ocrx_word' id='word_1_355' title='bbox 1542 1141 1680 1168; x_wconf 82' lang='grc' dir='ltr'>Ἰουδαίων</span> <span class='ocrx_word' id='word_1_356' title='bbox 1703 1141 1811 1168; x_wconf 72' lang='grc' dir='ltr'><strong>ἐπαπο-</strong></span> 
     </span>
    </p>
   </div>
   <div class='ocr_carea' id='block_1_53' title="bbox 1016 1185 1810 1223">
    <p class='ocr_par' dir='ltr' id='par_1_53' title="bbox 1016 1185 1810 1223">
     <span class='ocr_line' id='line_1_53' title="bbox 1016 1185 1810 1223; baseline 0.003 -12"><span class='ocrx_word' id='word_1_357' title='bbox 1016 1185 1119 1211; x_wconf 83' lang='grc' dir='ltr'><strong>στεῖλαι</strong></span> <span class='ocrx_word' id='word_1_358' title='bbox 1140 1185 1377 1221; x_wconf 77' lang='grc' dir='ltr'><strong>,ἀντιϐολήσοντας</strong></span> <span class='ocrx_word' id='word_1_359' title='bbox 1404 1187 1471 1222; x_wconf 80' lang='grc' dir='ltr'><strong>περὶ</strong></span> <span class='ocrx_word' id='word_1_360' title='bbox 1496 1185 1594 1213; x_wconf 80' lang='grc' dir='ltr'><strong>τούτου</strong></span> <span class='ocrx_word' id='word_1_361' title='bbox 1615 1187 1663 1214; x_wconf 82' lang='grc' dir='ltr'><strong>τὸν</strong></span> <span class='ocrx_word' id='word_1_362' title='bbox 1690 1187 1810 1223; x_wconf 80' lang='grc' dir='ltr'><strong>Κύριον.</strong></span> 
     </span>
    </p>
   </div>
   <div class='ocr_carea' id='block_1_54' title="bbox 1016 1230 1808 1267">
    <p class='ocr_par' dir='ltr' id='par_1_54' title="bbox 1016 1230 1808 1267">
     <span class='ocr_line' id='line_1_54' title="bbox 1016 1230 1808 1267; baseline 0.004 -10"><span class='ocrx_word' id='word_1_363' title='bbox 1016 1230 1088 1257; x_wconf 81' lang='grc' dir='ltr'><strong>Ἀλλ’</strong></span> <span class='ocrx_word' id='word_1_364' title='bbox 1101 1231 1231 1266; x_wconf 80' lang='grc' dir='ltr'><strong>οὐδεμίαν</strong></span> <span class='ocrx_word' id='word_1_365' title='bbox 1259 1231 1408 1267; x_wconf 84' lang='grc' dir='ltr'>διαφωνίαν</span> <span class='ocrx_word' id='word_1_366' title='bbox 1431 1231 1553 1259; x_wconf 83' lang='grc' dir='ltr'><strong>δείκνυσι</strong></span> <span class='ocrx_word' id='word_1_367' title='bbox 1571 1231 1652 1260; x_wconf 76' lang='grc' dir='ltr'><strong>τοῦτο</strong></span> <span class='ocrx_word' id='word_1_368' title='bbox 1681 1234 1744 1264; x_wconf 82' lang='grc' dir='ltr'><strong>τοῖς</strong></span> <span class='ocrx_word' id='word_1_369' title='bbox 1764 1234 1808 1260; x_wconf 66' lang='grc' dir='ltr'><strong>εὖ·</strong></span> 
     </span>
    </p>
   </div>
   <div class='ocr_carea' id='block_1_55' title="bbox 1015 1277 1813 1314">
    <p class='ocr_par' dir='ltr' id='par_1_55' title="bbox 1015 1277 1813 1314">
     <span class='ocr_line' id='line_1_55' title="bbox 1015 1277 1813 1314; baseline 0.005 -11"><span class='ocrx_word' id='word_1_370' title='bbox 1015 1277 1163 1311; x_wconf 83' lang='grc' dir='ltr'>γνωμόνως</span> <span class='ocrx_word' id='word_1_371' title='bbox 1178 1277 1344 1313; x_wconf 78' lang='grc' dir='ltr'><strong>προσέχουσι</strong></span> <span class='ocrx_word' id='word_1_372' title='bbox 1357 1286 1365 1294; x_wconf 94' lang='grc'><strong>·</strong></span> <span class='ocrx_word' id='word_1_373' title='bbox 1382 1279 1439 1305; x_wconf 80' lang='grc' dir='ltr'><strong>Καὶ</strong></span> <span class='ocrx_word' id='word_1_374' title='bbox 1464 1278 1519 1314; x_wconf 83' lang='grc' dir='ltr'><strong>γὰρ</strong></span> <span class='ocrx_word' id='word_1_375' title='bbox 1538 1279 1585 1306; x_wconf 81' lang='grc' dir='ltr'>καὶ</span> <span class='ocrx_word' id='word_1_376' title='bbox 1599 1280 1624 1306; x_wconf 78' lang='grc' dir='ltr'><strong>οι</strong></span> <span class='ocrx_word' id='word_1_377' title='bbox 1640 1279 1697 1306; x_wconf 74' lang='grc' dir='ltr'><strong>ὑπὸ</strong></span> <span class='ocrx_word' id='word_1_378' title='bbox 1707 1280 1813 1308; x_wconf 82' lang='grc' dir='ltr'><strong>τούτου</strong></span> 
     </span>
    </p>
   </div>
   <div class='ocr_carea' id='block_1_56' title="bbox 1016 1323 1813 1360">
    <p class='ocr_par' dir='ltr' id='par_1_56' title="bbox 1016 1323 1813 1360">
     <span class='ocr_line' id='line_1_56' title="bbox 1016 1323 1813 1360; baseline 0.006 -11"><span class='ocrx_word' id='word_1_379' title='bbox 1016 1323 1246 1358; x_wconf 84' lang='grc' dir='ltr'><strong>ἀποστελλόμενοι</strong></span> <span class='ocrx_word' id='word_1_380' title='bbox 1272 1325 1313 1355; x_wconf 82' lang='grc' dir='ltr'><strong>εἰς</strong></span> <span class='ocrx_word' id='word_1_381' title='bbox 1338 1325 1487 1359; x_wconf 84' lang='grc' dir='ltr'>πρόσωπον</span> <span class='ocrx_word' id='word_1_382' title='bbox 1518 1325 1566 1352; x_wconf 87' lang='grc' dir='ltr'><strong>τοῦ</strong></span> <span class='ocrx_word' id='word_1_383' title='bbox 1591 1325 1813 1360; x_wconf 70' lang='grc' dir='ltr'><strong>ἀποστείλαντος</strong></span> 
     </span>
    </p>
   </div>
   <div class='ocr_carea' id='block_1_57' title="bbox 1017 1367 1814 1404">
    <p class='ocr_par' dir='ltr' id='par_1_57' title="bbox 1017 1367 1814 1404">
     <span class='ocr_line' id='line_1_57' title="bbox 1017 1367 1814 1404; baseline 0.006 -11"><span class='ocrx_word' id='word_1_384' title='bbox 1017 1367 1141 1402; x_wconf 83' lang='grc' dir='ltr'><strong>πάρεισι,</strong></span> <span class='ocrx_word' id='word_1_385' title='bbox 1161 1367 1210 1394; x_wconf 78' lang='grc' dir='ltr'><strong>καὶ</strong></span> <span class='ocrx_word' id='word_1_386' title='bbox 1226 1368 1346 1403; x_wconf 84' lang='grc' dir='ltr'><strong>μηδεμία</strong></span> <span class='ocrx_word' id='word_1_387' title='bbox 1358 1368 1429 1404; x_wconf 77' lang='grc' dir='ltr'><strong>λαϐὴ</strong></span> <span class='ocrx_word' id='word_1_388' title='bbox 1438 1369 1495 1400; x_wconf 87' lang='grc' dir='ltr'><strong>τοῖς</strong></span> <span class='ocrx_word' id='word_1_389' title='bbox 1509 1368 1668 1404; x_wconf 78' lang='grc' dir='ltr'><strong>φιλοψόγοις</strong></span> <span class='ocrx_word' id='word_1_390' title='bbox 1681 1370 1814 1398; x_wconf 81' lang='grc' dir='ltr'><strong>ἑντεῦθεν</strong></span> 
     </span>
    </p>
   </div>
   <div class='ocr_carea' id='block_1_58' title="bbox 1017 1412 1815 1451">
    <p class='ocr_par' dir='ltr' id='par_1_58' title="bbox 1017 1412 1815 1451">
     <span class='ocr_line' id='line_1_58' title="bbox 1017 1412 1815 1451; baseline 0.005 -13"><span class='ocrx_word' id='word_1_391' title='bbox 1017 1414 1100 1448; x_wconf 85' lang='grc' dir='ltr'>φανῇ,</span> <span class='ocrx_word' id='word_1_392' title='bbox 1115 1413 1155 1439; x_wconf 79' lang='grc' dir='ltr'><strong>ὅτι</strong></span> <span class='ocrx_word' id='word_1_393' title='bbox 1169 1414 1183 1439; x_wconf 81' lang='grc' dir='ltr'>ὁ</span> <span class='ocrx_word' id='word_1_394' title='bbox 1199 1413 1249 1447; x_wconf 83' lang='grc' dir='ltr'><strong>μὲν</strong></span> <span class='ocrx_word' id='word_1_395' title='bbox 1261 1413 1342 1439; x_wconf 78' lang='grc' dir='ltr'><strong>αὐτόν</strong></span> <span class='ocrx_word' id='word_1_396' title='bbox 1356 1421 1423 1448; x_wconf 89' lang='grc' dir='ltr'><strong>φησι</strong></span> <span class='ocrx_word' id='word_1_397' title='bbox 1436 1412 1484 1440; x_wconf 82' lang='grc' dir='ltr'><strong>τὸν</strong></span> <span class='ocrx_word' id='word_1_398' title='bbox 1501 1413 1710 1450; x_wconf 74' lang='grc' dir='ltr'><strong>ἑκακόνταρχον</strong></span> <span class='ocrx_word' id='word_1_399' title='bbox 1724 1423 1815 1451; x_wconf 84' lang='grc' dir='ltr'><strong>προσ-</strong></span> 
     </span>
    </p>
   </div>
   <div class='ocr_carea' id='block_1_59' title="bbox 1017 1458 1815 1496">
    <p class='ocr_par' dir='ltr' id='par_1_59' title="bbox 1017 1458 1815 1496">
     <span class='ocr_line' id='line_1_59' title="bbox 1017 1458 1815 1496; baseline 0.004 -12"><span class='ocrx_word' id='word_1_400' title='bbox 1017 1458 1116 1492; x_wconf 70' lang='grc' dir='ltr'><strong>ελοεῖν,</strong></span> <span class='ocrx_word' id='word_1_401' title='bbox 1136 1458 1297 1490; x_wconf 56' lang='grc' dir='ltr'><strong>Λουκᾶς.δὲ</strong></span> <span class='ocrx_word' id='word_1_402' title='bbox 1309 1459 1405 1491; x_wconf 81' lang='grc' dir='ltr'><strong>ἄλλους</strong></span> <span class='ocrx_word' id='word_1_403' title='bbox 1424 1459 1553 1493; x_wconf 81' lang='grc' dir='ltr'><strong>γενέσθαι</strong></span> <span class='ocrx_word' id='word_1_404' title='bbox 1582 1459 1750 1495; x_wconf 80' lang='grc' dir='ltr'>ὑπουργοὺς</span> <span class='ocrx_word' id='word_1_405' title='bbox 1764 1462 1815 1496; x_wconf 84' lang='grc' dir='ltr'><strong>τῆς</strong></span> 
     </span>
    </p>
   </div>
   <div class='ocr_carea' id='block_1_60' title="bbox 181 1501 967 1551">
    <p class='ocr_par' dir='ltr' id='par_1_60' title="bbox 181 1501 965 1538">
     <span class='ocr_line' id='line_1_60' title="bbox 181 1501 965 1538; baseline -0.005 -6"><span class='ocrx_word' id='word_1_406' title='bbox 181 1512 314 1538; x_wconf 84' lang='lat' dir='ltr'><strong>narrare;</strong></span> <span class='ocrx_word' id='word_1_407' title='bbox 331 1506 362 1532; x_wconf 90' lang='lat' dir='ltr'><strong>de</strong></span> <span class='ocrx_word' id='word_1_408' title='bbox 379 1505 413 1531; x_wconf 86' lang='lat' dir='ltr'><strong>iis</strong></span> <span class='ocrx_word' id='word_1_409' title='bbox 428 1511 493 1531; x_wconf 86' lang='lat' dir='ltr'><strong>vero</strong></span> <span class='ocrx_word' id='word_1_410' title='bbox 505 1510 565 1537; x_wconf 66' lang='lat' dir='ltr'><strong>quae</strong></span> <span class='ocrx_word' id='word_1_411' title='bbox 576 1502 736 1533; x_wconf 68' lang='lat' dir='ltr'><strong>miraculum</strong></span> <span class='ocrx_word' id='word_1_412' title='bbox 750 1501 965 1535; x_wconf 74' lang='lat' dir='ltr'><strong>praecessissent,</strong></span> 
     </span>
    </p>
   </div>
   <div class='ocr_carea' id='block_1_61' title="bbox 1050 1501 1816 1551">
    <p class='ocr_par' dir='ltr' id='par_1_61' title="bbox 1050 1504 1816 1551">
     <span class='ocr_line' id='line_1_61' title="bbox 1050 1504 1816 1551; baseline 0.005 -21"><span class='ocrx_word' id='word_1_413' title='bbox 1050 1504 1163 1539; x_wconf 80' lang='grc' dir='ltr'><strong>τήσεως.</strong></span> <span class='ocrx_word' id='word_1_414' title='bbox 1175 1505 1212 1551; x_wconf 54' lang='lat' dir='ltr'><strong>T32</strong></span> <span class='ocrx_word' id='word_1_415' title='bbox 1228 1504 1282 1540; x_wconf 86' lang='grc' dir='ltr'><strong>γὰρ</strong></span> <span class='ocrx_word' id='word_1_416' title='bbox 1299 1505 1357 1537; x_wconf 81' lang='grc' dir='ltr'><strong>τοῖς</strong></span> <span class='ocrx_word' id='word_1_417' title='bbox 1382 1505 1592 1539; x_wconf 80' lang='grc' dir='ltr'><strong>εὐαγγελισταῖς</strong></span> <span class='ocrx_word' id='word_1_418' title='bbox 1619 1507 1816 1542; x_wconf 74' lang='grc' dir='ltr'><strong>σπουδαζόμε-</strong></span> 
     </span>
    </p>
   </div>
   <div class='ocr_carea' id='block_1_62' title="bbox 183 1547 967 1587">
    <p class='ocr_par' dir='ltr' id='par_1_62' title="bbox 183 1547 967 1583">
     <span class='ocr_line' id='line_1_62' title="bbox 183 1547 967 1583; baseline -0.003 -5"><span class='ocrx_word' id='word_1_419' title='bbox 183 1559 239 1580; x_wconf 84' lang='grc' dir='ltr'><strong>ηοη</strong></span> <span class='ocrx_word' id='word_1_420' title='bbox 255 1551 336 1578; x_wconf 86' lang='lat' dir='ltr'><strong>nimis</strong></span> <span class='ocrx_word' id='word_1_421' title='bbox 351 1550 487 1581; x_wconf 80' lang='lat' dir='ltr'><strong>subtiliter:</strong></span> <span class='ocrx_word' id='word_1_422' title='bbox 498 1554 562 1577; x_wconf 87' lang='lat' dir='ltr'><strong>sunt</strong></span> <span class='ocrx_word' id='word_1_423' title='bbox 579 1549 724 1583; x_wconf 82' lang='lat' dir='ltr'><strong>persecuti.</strong></span> <span class='ocrx_word' id='word_1_424' title='bbox 742 1547 814 1575; x_wconf 88' lang='lat' dir='ltr'><strong>Nihil</strong></span> <span class='ocrx_word' id='word_1_425' title='bbox 828 1555 891 1575; x_wconf 79' lang='lat' dir='ltr'><strong>Vero</strong></span> <span class='ocrx_word' id='word_1_426' title='bbox 907 1556 967 1582; x_wconf 91' lang='lat' dir='ltr'><strong>pro—</strong></span> 
     </span>
    </p>
   </div>
   <div class='ocr_carea' id='block_1_63' title="bbox 1050 1547 1815 1587">
    <p class='ocr_par' dir='ltr' id='par_1_63' title="bbox 1050 1547 1815 1587">
     <span class='ocr_line' id='line_1_63' title="bbox 1050 1547 1815 1587; baseline 0.005 -11"><span class='ocrx_word' id='word_1_427' title='bbox 1050 1559 1062 1576; x_wconf 87' lang='grc' dir='ltr'>ν</span> <span class='ocrx_word' id='word_1_428' title='bbox 1088 1550 1168 1576; x_wconf 80' lang='grc' dir='ltr'><strong>τοῠτο</strong></span> <span class='ocrx_word' id='word_1_429' title='bbox 1191 1547 1236 1586; x_wconf 80' lang='grc' dir='ltr'><strong>ἦν,</strong></span> <span class='ocrx_word' id='word_1_430' title='bbox 1264 1551 1295 1577; x_wconf 82' lang='grc' dir='ltr'><strong>τὸ</strong></span> <span class='ocrx_word' id='word_1_431' title='bbox 1312 1551 1471 1587; x_wconf 82' lang='grc' dir='ltr'><strong>φιλαληοῶς</strong></span> <span class='ocrx_word' id='word_1_432' title='bbox 1491 1552 1522 1578; x_wconf 86' lang='grc' dir='ltr'><strong>τδ</strong></span> <span class='ocrx_word' id='word_1_433' title='bbox 1537 1551 1630 1587; x_wconf 81' lang='grc' dir='ltr'><strong>θαῦμα</strong></span> <span class='ocrx_word' id='word_1_434' title='bbox 1643 1553 1750 1585; x_wconf 81' lang='grc' dir='ltr'><strong>εῐπεῒν,</strong></span> <span class='ocrx_word' id='word_1_435' title='bbox 1764 1553 1815 1580; x_wconf 77' lang='grc' dir='ltr'><strong>οὐκ</strong></span> 
     </span>
    </p>
   </div>
   <div class='ocr_carea' id='block_1_64' title="bbox 181 1594 966 1632">
    <p class='ocr_par' dir='ltr' id='par_1_64' title="bbox 181 1594 966 1632">
     <span class='ocr_line' id='line_1_64' title="bbox 181 1594 966 1632; baseline -0.004 -8"><span class='ocrx_word' id='word_1_436' title='bbox 181 1597 268 1630; x_wconf 78' lang='lat' dir='ltr'><strong>hibet,</strong></span> <span class='ocrx_word' id='word_1_437' title='bbox 283 1597 430 1632; x_wconf 85' lang='lat' dir='ltr'><strong>quominus</strong></span> <span class='ocrx_word' id='word_1_438' title='bbox 445 1600 593 1630; x_wconf 85' lang='lat' dir='ltr'><strong>utrumque</strong></span> <span class='ocrx_word' id='word_1_439' title='bbox 608 1595 758 1630; x_wconf 80' lang='lat' dir='ltr'><strong>contigisse</strong></span> <span class='ocrx_word' id='word_1_440' title='bbox 771 1594 966 1629; x_wconf 72' lang='lat' dir='ltr'><strong>intelligamus.</strong></span> 
     </span>
    </p>
   </div>
   <div class='ocr_carea' id='block_1_65' title="bbox 180 1639 967 1669">
    <p class='ocr_par' dir='ltr' id='par_1_65' title="bbox 180 1639 967 1669">
     <span class='ocr_line' id='line_1_65' title="bbox 180 1639 967 1669; baseline -0.004 0"><span class='ocrx_word' id='word_1_441' title='bbox 180 1641 365 1669; x_wconf 79' lang='lat' dir='ltr'><strong>Existimabat</strong></span> <span class='ocrx_word' id='word_1_442' title='bbox 378 1641 450 1669; x_wconf 89' lang='lat' dir='ltr'><strong>enim</strong></span> <span class='ocrx_word' id='word_1_443' title='bbox 466 1641 591 1669; x_wconf 86' lang='lat' dir='ltr'><strong>centurio</strong></span> <span class='ocrx_word' id='word_1_444' title='bbox 610 1640 645 1667; x_wconf 91' lang='lat' dir='ltr'><strong>ob</strong></span> <span class='ocrx_word' id='word_1_445' title='bbox 666 1640 845 1667; x_wconf 79' lang='lat' dir='ltr'><strong>reverentiam</strong></span> <span class='ocrx_word' id='word_1_446' title='bbox 865 1639 967 1667; x_wconf 88' lang='lat' dir='ltr'><strong>Christi</strong></span> 
     </span>
    </p>
   </div>
   <div class='ocr_carea' id='block_1_66' title="bbox 180 1686 966 1722">
    <p class='ocr_par' dir='ltr' id='par_1_66' title="bbox 180 1686 966 1722">
     <span class='ocr_line' id='line_1_66' title="bbox 180 1686 966 1722; baseline -0.004 -7"><span class='ocrx_word' id='word_1_447' title='bbox 180 1687 252 1720; x_wconf 77' lang='lat' dir='ltr'><strong>fore.</strong></span> <span class='ocrx_word' id='word_1_448' title='bbox 278 1692 309 1714; x_wconf 88' lang='lat' dir='ltr'><strong>ut</strong></span> <span class='ocrx_word' id='word_1_449' title='bbox 334 1687 356 1714; x_wconf 90' lang='lat' dir='ltr'><strong>is</strong></span> <span class='ocrx_word' id='word_1_450' title='bbox 381 1694 430 1714; x_wconf 88' lang='lat' dir='ltr'><strong>sua</strong></span> <span class='ocrx_word' id='word_1_451' title='bbox 451 1687 587 1722; x_wconf 85' lang='lat' dir='ltr'><strong>postulata</strong></span> <span class='ocrx_word' id='word_1_452' title='bbox 616 1687 759 1721; x_wconf 81' lang='lat' dir='ltr'><strong>rejiceret,</strong></span> <span class='ocrx_word' id='word_1_453' title='bbox 784 1686 883 1721; x_wconf 86' lang='lat' dir='ltr'><strong>quippe</strong></span> <span class='ocrx_word' id='word_1_454' title='bbox 907 1694 966 1712; x_wconf 89' lang='lat' dir='ltr'><strong>cum</strong></span> 
     </span>
    </p>
   </div>
   <div class='ocr_carea' id='block_1_67' title="bbox 180 1733 968 1770">
    <p class='ocr_par' dir='ltr' id='par_1_67' title="bbox 180 1733 968 1770">
     <span class='ocr_line' id='line_1_67' title="bbox 180 1733 968 1770; baseline -0.003 -8"><span class='ocrx_word' id='word_1_455' title='bbox 180 1734 291 1770; x_wconf 80' lang='lat' dir='ltr'><strong>gentilis</strong></span> <span class='ocrx_word' id='word_1_456' title='bbox 318 1737 433 1762; x_wconf 87' lang='lat' dir='ltr'><strong>essetet</strong></span> <span class='ocrx_word' id='word_1_457' title='bbox 460 1733 623 1768; x_wconf 78' lang='lat' dir='ltr'><strong>alienigena.</strong></span> <span class='ocrx_word' id='word_1_458' title='bbox 641 1733 764 1760; x_wconf 87' lang='lat' dir='ltr'><strong>Decrevit</strong></span> <span class='ocrx_word' id='word_1_459' title='bbox 788 1733 871 1767; x_wconf 77' lang='lat' dir='ltr'><strong>igitur</strong></span> <span class='ocrx_word' id='word_1_460' title='bbox 893 1733 968 1768; x_wconf 91' lang='lat' dir='ltr'><strong>prius</strong></span> 
     </span>
    </p>
   </div>
   <div class='ocr_carea' id='block_1_68' title="bbox 181 1778 969 1815">
    <p class='ocr_par' dir='ltr' id='par_1_68' title="bbox 181 1778 969 1815">
     <span class='ocr_line' id='line_1_68' title="bbox 181 1778 969 1815; baseline -0.004 -7"><span class='ocrx_word' id='word_1_461' title='bbox 181 1781 297 1809; x_wconf 88' lang='lat' dir='ltr'><strong>seorsim</strong></span> <span class='ocrx_word' id='word_1_462' title='bbox 312 1780 417 1815; x_wconf 77' lang='lat' dir='ltr'><strong>legatos</strong></span> <span class='ocrx_word' id='word_1_463' title='bbox 431 1780 560 1812; x_wconf 86' lang='lat' dir='ltr'><strong>mittere;</strong></span> <span class='ocrx_word' id='word_1_464' title='bbox 586 1784 615 1806; x_wconf 87' lang='lat' dir='ltr'><strong>ut</strong></span> <span class='ocrx_word' id='word_1_465' title='bbox 631 1786 695 1806; x_wconf 88' lang='lat' dir='ltr'><strong>vero</strong></span> <span class='ocrx_word' id='word_1_466' title='bbox 715 1778 841 1814; x_wconf 86' lang='lat' dir='ltr'><strong>promissi</strong></span> <span class='ocrx_word' id='word_1_467' title='bbox 856 1778 969 1806; x_wconf 82' lang='lat' dir='ltr'><strong>facilita-</strong></span> 
     </span>
    </p>
   </div>
   <div class='ocr_carea' id='block_1_69' title="bbox 181 1825 968 1860">
    <p class='ocr_par' dir='ltr' id='par_1_69' title="bbox 181 1825 968 1860">
     <span class='ocr_line' id='line_1_69' title="bbox 181 1825 968 1860; baseline -0.003 -7"><span class='ocrx_word' id='word_1_468' title='bbox 181 1830 238 1854; x_wconf 86' lang='lat' dir='ltr'><strong>tem</strong></span> <span class='ocrx_word' id='word_1_469' title='bbox 251 1826 366 1858; x_wconf 79' lang='lat' dir='ltr'><strong>audivit,</strong></span> <span class='ocrx_word' id='word_1_470' title='bbox 377 1830 404 1853; x_wconf 89' lang='lat' dir='ltr'><strong>et</strong></span> <span class='ocrx_word' id='word_1_471' title='bbox 420 1826 477 1860; x_wconf 87' lang='lat' dir='ltr'><strong>ipse</strong></span> <span class='ocrx_word' id='word_1_472' title='bbox 493 1825 653 1853; x_wconf 89' lang='lat' dir='ltr'><strong>conlirmato</strong></span> <span class='ocrx_word' id='word_1_473' title='bbox 667 1825 758 1852; x_wconf 86' lang='lat' dir='ltr'><strong>animo</strong></span> <span class='ocrx_word' id='word_1_474' title='bbox 771 1825 895 1852; x_wconf 80' lang='lat' dir='ltr'><strong>accessit.</strong></span> <span class='ocrx_word' id='word_1_475' title='bbox 908 1825 968 1852; x_wconf 79' lang='lat' dir='ltr'><strong>Jam</strong></span> 
     </span>
    </p>
   </div>
   <div class='ocr_carea' id='block_1_70' title="bbox 181 1870 970 1907">
    <p class='ocr_par' dir='ltr' id='par_1_70' title="bbox 181 1870 970 1907">
     <span class='ocr_line' id='line_1_70' title="bbox 181 1870 970 1907; baseline -0.001 -7"><span class='ocrx_word' id='word_1_476' title='bbox 181 1872 264 1907; x_wconf 78' lang='lat' dir='ltr'><strong>igitur</strong></span> <span class='ocrx_word' id='word_1_477' title='bbox 275 1872 498 1900; x_wconf 83' lang='lat' dir='ltr'><strong>Resurrectionis</strong></span> <span class='ocrx_word' id='word_1_478' title='bbox 513 1871 643 1906; x_wconf 70' lang='lat' dir='ltr'><strong>prmludia</strong></span> <span class='ocrx_word' id='word_1_479' title='bbox 659 1870 783 1898; x_wconf 72' lang='lat' dir='ltr'><strong>Salvator</strong></span> <span class='ocrx_word' id='word_1_480' title='bbox 799 1871 928 1906; x_wconf 88' lang='lat' dir='ltr'><strong>inceptat,</strong></span> <span class='ocrx_word' id='word_1_481' title='bbox 943 1875 970 1899; x_wconf 86' lang='lat' dir='ltr'><strong>et</strong></span> 
     </span>
    </p>
   </div>
   <div class='ocr_carea' id='block_1_71' title="bbox 183 1917 968 1953">
    <p class='ocr_par' dir='ltr' id='par_1_71' title="bbox 183 1917 968 1953">
     <span class='ocr_line' id='line_1_71' title="bbox 183 1917 968 1953; baseline -0.003 -7"><span class='ocrx_word' id='word_1_482' title='bbox 183 1918 306 1946; x_wconf 86' lang='lat' dir='ltr'><strong>membra</strong></span> <span class='ocrx_word' id='word_1_483' title='bbox 331 1922 477 1953; x_wconf 84' lang='lat' dir='ltr'><strong>partesque</strong></span> <span class='ocrx_word' id='word_1_484' title='bbox 499 1917 570 1944; x_wconf 88' lang='lat' dir='ltr'><strong>tnale</strong></span> <span class='ocrx_word' id='word_1_485' title='bbox 595 1917 705 1944; x_wconf 70' lang='lat' dir='ltr'><strong>allectus</strong></span> <span class='ocrx_word' id='word_1_486' title='bbox 727 1917 858 1952; x_wconf 81' lang='lat' dir='ltr'><strong>principio</strong></span> <span class='ocrx_word' id='word_1_487' title='bbox 882 1922 968 1945; x_wconf 80' lang='lat' dir='ltr'><strong>curat.</strong></span> 
     </span>
    </p>
   </div>
   <div class='ocr_carea' id='block_1_72' title="bbox 181 1962 969 2000">
    <p class='ocr_par' dir='ltr' id='par_1_72' title="bbox 181 1962 969 2000">
     <span class='ocr_line' id='line_1_72' title="bbox 181 1962 969 2000; baseline -0.001 -8"><span class='ocrx_word' id='word_1_488' title='bbox 181 1964 217 1992; x_wconf 85' lang='lat' dir='ltr'><strong>Et</strong></span> <span class='ocrx_word' id='word_1_489' title='bbox 231 1962 360 2000; x_wconf 87' lang='lat' dir='ltr'><strong>quoniam</strong></span> <span class='ocrx_word' id='word_1_490' title='bbox 376 1964 403 1992; x_wconf 89' lang='lat' dir='ltr'><strong>in</strong></span> <span class='ocrx_word' id='word_1_491' title='bbox 426 1971 529 1992; x_wconf 83' lang='lat' dir='ltr'><strong>marem</strong></span> <span class='ocrx_word' id='word_1_492' title='bbox 546 1968 574 1991; x_wconf 86' lang='lat' dir='ltr'><strong>et</strong></span> <span class='ocrx_word' id='word_1_493' title='bbox 593 1963 720 1991; x_wconf 80' lang='lat' dir='ltr'><strong>feminam</strong></span> <span class='ocrx_word' id='word_1_494' title='bbox 740 1963 856 1991; x_wconf 90' lang='lat' dir='ltr'><strong>hominis</strong></span> <span class='ocrx_word' id='word_1_495' title='bbox 874 1969 969 1991; x_wconf 88' lang='lat' dir='ltr'><strong>natura</strong></span> 
     </span>
    </p>
   </div>
   <div class='ocr_carea' id='block_1_73' title="bbox 182 2000 970 2046">
    <p class='ocr_par' dir='ltr' id='par_1_73' title="bbox 182 2000 970 2046">
     <span class='ocr_line' id='line_1_73' title="bbox 182 2000 970 2046; baseline -0.001 -8"><span class='ocrx_word' id='word_1_496' title='bbox 182 2010 271 2038; x_wconf 86' lang='lat' dir='ltr'><strong>divisa</strong></span> <span class='ocrx_word' id='word_1_497' title='bbox 293 2014 348 2043; x_wconf 82' lang='lat' dir='ltr'><strong>est,</strong></span> <span class='ocrx_word' id='word_1_498' title='bbox 362 2010 473 2045; x_wconf 87' lang='lat' dir='ltr'><strong>utrique</strong></span> <span class='ocrx_word' id='word_1_499' title='bbox 488 2010 580 2046; x_wconf 78' lang='lat' dir='ltr'><strong>generi</strong></span> <span class='ocrx_word' id='word_1_500' title='bbox 596 2000 802 2037; x_wconf 76' lang='lat' dir='ltr'><strong>beneficentiam</strong></span> <span class='ocrx_word' id='word_1_501' title='bbox 825 2009 899 2044; x_wconf 78' lang='lat' dir='ltr'><strong>large</strong></span> <span class='ocrx_word' id='word_1_502' title='bbox 917 2010 970 2037; x_wconf 85' lang='lat' dir='ltr'><strong>itu-</strong></span> 
     </span>
    </p>
   </div>
   <div class='ocr_carea' id='block_1_74' title="bbox 180 2055 970 2092">
    <p class='ocr_par' dir='ltr' id='par_1_74' title="bbox 180 2055 970 2092">
     <span class='ocr_line' id='line_1_74' title="bbox 180 2055 970 2092; baseline -0.003 -8"><span class='ocrx_word' id='word_1_503' title='bbox 180 2057 309 2092; x_wconf 75' lang='lat' dir='ltr'><strong>pertitur.</strong></span> <span class='ocrx_word' id='word_1_504' title='bbox 332 2056 421 2084; x_wconf 81' lang='lat' dir='ltr'><strong>Ambo</strong></span> <span class='ocrx_word' id='word_1_505' title='bbox 436 2056 580 2091; x_wconf 86' lang='lat' dir='ltr'><strong>siquidem,</strong></span> <span class='ocrx_word' id='word_1_506' title='bbox 606 2060 632 2083; x_wconf 94' lang='lat' dir='ltr'><strong>et</strong></span> <span class='ocrx_word' id='word_1_507' title='bbox 647 2057 689 2083; x_wconf 90' lang='lat' dir='ltr'><strong>vir</strong></span> <span class='ocrx_word' id='word_1_508' title='bbox 705 2060 732 2083; x_wconf 91' lang='lat' dir='ltr'><strong>et</strong></span> <span class='ocrx_word' id='word_1_509' title='bbox 745 2055 844 2083; x_wconf 87' lang='lat' dir='ltr'><strong>mulier</strong></span> <span class='ocrx_word' id='word_1_510' title='bbox 867 2063 883 2083; x_wconf 88' lang='lat' dir='ltr'><strong>a</strong></span> <span class='ocrx_word' id='word_1_511' title='bbox 899 2064 970 2090; x_wconf 70' lang='lat' dir='ltr'><strong>prm-</strong></span> 
     </span>
    </p>
   </div>
   <div class='ocr_carea' id='block_1_75' title="bbox 1017 1594 1818 1633">
    <p class='ocr_par' dir='ltr' id='par_1_75' title="bbox 1017 1594 1818 1633">
     <span class='ocr_line' id='line_1_75' title="bbox 1017 1594 1818 1633; baseline 0.004 -11"><span class='ocrx_word' id='word_1_512' title='bbox 1017 1594 1259 1630; x_wconf 66' lang='grc' dir='ltr'><strong>ἀκριϐοἲογεϊσοαι</strong></span> <span class='ocrx_word' id='word_1_513' title='bbox 1278 1596 1342 1631; x_wconf 84' lang='grc' dir='ltr'><strong>περὶ</strong></span> <span class='ocrx_word' id='word_1_514' title='bbox 1357 1596 1410 1623; x_wconf 86' lang='grc' dir='ltr'><strong>τῶν</strong></span> <span class='ocrx_word' id='word_1_515' title='bbox 1426 1597 1669 1632; x_wconf 77' lang='grc' dir='ltr'><strong>προηγησαμένων</strong></span> <span class='ocrx_word' id='word_1_516' title='bbox 1684 1598 1726 1633; x_wconf 82' lang='grc' dir='ltr'><strong>τῷ</strong></span> <span class='ocrx_word' id='word_1_517' title='bbox 1745 1597 1818 1625; x_wconf 68' lang='lat'><strong>0.16-</strong></span> 
     </span>
    </p>
   </div>
   <div class='ocr_carea' id='block_1_76' title="bbox 1019 1641 1817 1680">
    <p class='ocr_par' dir='ltr' id='par_1_76' title="bbox 1019 1641 1817 1680">
     <span class='ocr_line' id='line_1_76' title="bbox 1019 1641 1817 1680; baseline 0.006 -13"><span class='ocrx_word' id='word_1_518' title='bbox 1019 1649 1096 1680; x_wconf 79' lang='grc' dir='ltr'>ματι.</span> <span class='ocrx_word' id='word_1_519' title='bbox 1114 1641 1199 1668; x_wconf 81' lang='grc' dir='ltr'>Οὐδὲν</span> <span class='ocrx_word' id='word_1_520' title='bbox 1213 1641 1242 1668; x_wconf 77' lang='grc' dir='ltr'><strong>δὲ</strong></span> <span class='ocrx_word' id='word_1_521' title='bbox 1257 1641 1287 1668; x_wconf 80' lang='grc' dir='ltr'><strong>τὸ</strong></span> <span class='ocrx_word' id='word_1_522' title='bbox 1301 1641 1406 1669; x_wconf 84' lang='grc' dir='ltr'>κωλύον</span> <span class='ocrx_word' id='word_1_523' title='bbox 1418 1643 1499 1675; x_wconf 82' lang='grc' dir='ltr'><strong>νοεῖν,</strong></span> <span class='ocrx_word' id='word_1_524' title='bbox 1517 1644 1565 1670; x_wconf 73' lang='grc' dir='ltr'>καὶ</span> <span class='ocrx_word' id='word_1_525' title='bbox 1589 1644 1735 1679; x_wconf 79' lang='grc' dir='ltr'><strong>συμϐῆναι</strong></span> <span class='ocrx_word' id='word_1_526' title='bbox 1760 1646 1817 1680; x_wconf 75' lang='grc' dir='ltr'><strong>ἀμ-</strong></span> 
     </span>
    </p>
   </div>
   <div class='ocr_carea' id='block_1_77' title="bbox 1019 1686 1818 1725">
    <p class='ocr_par' dir='ltr' id='par_1_77' title="bbox 1019 1686 1818 1725">
     <span class='ocr_line' id='line_1_77' title="bbox 1019 1686 1818 1725; baseline 0.005 -12"><span class='ocrx_word' id='word_1_527' title='bbox 1019 1686 1226 1722; x_wconf 79' lang='grc' dir='ltr'><strong>φότερα.ᾯετο</strong></span> <span class='ocrx_word' id='word_1_528' title='bbox 1255 1687 1309 1723; x_wconf 88' lang='grc' dir='ltr'><strong>γὰρ</strong></span> <span class='ocrx_word' id='word_1_529' title='bbox 1339 1688 1385 1714; x_wconf 84' lang='grc' dir='ltr'><strong>ὑπ’</strong></span> <span class='ocrx_word' id='word_1_530' title='bbox 1403 1688 1550 1720; x_wconf 70' lang='grc' dir='ltr'><strong>εὐλαϐείας</strong></span> <span class='ocrx_word' id='word_1_531' title='bbox 1575 1688 1590 1715; x_wconf 77' lang='grc' dir='ltr'><strong>ὁ</strong></span> <span class='ocrx_word' id='word_1_532' title='bbox 1606 1689 1818 1725; x_wconf 76' lang='grc' dir='ltr'><strong>ἑκατόνταρχος</strong></span> 
     </span>
    </p>
   </div>
   <div class='ocr_carea' id='block_1_78' title="bbox 1019 1733 1818 1770">
    <p class='ocr_par' dir='ltr' id='par_1_78' title="bbox 1019 1733 1818 1770">
     <span class='ocr_line' id='line_1_78' title="bbox 1019 1733 1818 1770; baseline 0.004 -11"><span class='ocrx_word' id='word_1_533' title='bbox 1019 1734 1075 1766; x_wconf 88' lang='grc' dir='ltr'><strong>ὡς,</strong></span> <span class='ocrx_word' id='word_1_534' title='bbox 1092 1733 1201 1760; x_wconf 82' lang='grc' dir='ltr'>ὲονικοῠ</span> <span class='ocrx_word' id='word_1_535' title='bbox 1233 1735 1415 1769; x_wconf 77' lang='grc' dir='ltr'><strong>τυγχάνοντος</strong></span> <span class='ocrx_word' id='word_1_536' title='bbox 1446 1734 1530 1761; x_wconf 78' lang='grc' dir='ltr'><strong>αὑτοῦ</strong></span> <span class='ocrx_word' id='word_1_537' title='bbox 1557 1736 1606 1762; x_wconf 74' lang='grc' dir='ltr'><strong>καὶ</strong></span> <span class='ocrx_word' id='word_1_538' title='bbox 1633 1735 1818 1770; x_wconf 82' lang='grc' dir='ltr'><strong>ἀλλογενοῦς,</strong></span> 
     </span>
    </p>
   </div>
   <div class='ocr_carea' id='block_1_79' title="bbox 1020 1778 1820 1814">
    <p class='ocr_par' dir='ltr' id='par_1_79' title="bbox 1020 1778 1820 1814">
     <span class='ocr_line' id='line_1_79' title="bbox 1020 1778 1820 1814; baseline 0.004 -9"><span class='ocrx_word' id='word_1_539' title='bbox 1020 1779 1228 1814; x_wconf 81' lang='grc' dir='ltr'><strong>παρακούσεται</strong></span> <span class='ocrx_word' id='word_1_540' title='bbox 1257 1778 1307 1813; x_wconf 89' lang='grc' dir='ltr'><strong>τὴν</strong></span> <span class='ocrx_word' id='word_1_541' title='bbox 1338 1779 1448 1814; x_wconf 79' lang='grc' dir='ltr'><strong>αἴτησιν</strong></span> <span class='ocrx_word' id='word_1_542' title='bbox 1475 1780 1490 1806; x_wconf 82' lang='grc' dir='ltr'><strong><em>ὁ</em></strong></span> <span class='ocrx_word' id='word_1_543' title='bbox 1506 1780 1635 1814; x_wconf 84' lang='grc' dir='ltr'><strong>Χριστός.</strong></span> <span class='ocrx_word' id='word_1_544' title='bbox 1652 1781 1748 1814; x_wconf 86' lang='grc' dir='ltr'>Ἔγνω</span> <span class='ocrx_word' id='word_1_545' title='bbox 1767 1779 1820 1808; x_wconf 83' lang='grc' dir='ltr'><strong>οὖν</strong></span> 
     </span>
    </p>
   </div>
   <div class='ocr_carea' id='block_1_80' title="bbox 1021 1823 1820 1861">
    <p class='ocr_par' dir='ltr' id='par_1_80' title="bbox 1021 1823 1820 1861">
     <span class='ocr_line' id='line_1_80' title="bbox 1021 1823 1820 1861; baseline 0.004 -11"><span class='ocrx_word' id='word_1_546' title='bbox 1021 1824 1073 1860; x_wconf 79' lang='grc' dir='ltr'><strong>ίδὲᾳ</strong></span> <span class='ocrx_word' id='word_1_547' title='bbox 1099 1823 1324 1860; x_wconf 73' lang='grc' dir='ltr'><strong>πρεσϐεύσασθαι</strong></span> <span class='ocrx_word' id='word_1_548' title='bbox 1346 1825 1488 1860; x_wconf 83' lang='grc' dir='ltr'><strong>πρότερον.</strong></span> <span class='ocrx_word' id='word_1_549' title='bbox 1509 1825 1555 1857; x_wconf 84' lang='grc' dir='ltr'><strong>Ὦς</strong></span> <span class='ocrx_word' id='word_1_550' title='bbox 1575 1825 1604 1852; x_wconf 81' lang='grc' dir='ltr'><strong>δὲ</strong></span> <span class='ocrx_word' id='word_1_551' title='bbox 1629 1826 1734 1861; x_wconf 69' lang='grc' dir='ltr'><strong>ἢκουσε</strong></span> <span class='ocrx_word' id='word_1_552' title='bbox 1761 1827 1820 1861; x_wconf 69' lang='grc' dir='ltr'><strong>τῆς</strong></span> 
     </span>
    </p>
   </div>
   <div class='ocr_carea' id='block_1_81' title="bbox 1019 1870 1817 1906">
    <p class='ocr_par' dir='ltr' id='par_1_81' title="bbox 1019 1870 1817 1906">
     <span class='ocr_line' id='line_1_81' title="bbox 1019 1870 1817 1906; baseline 0.003 -9"><span class='ocrx_word' id='word_1_553' title='bbox 1019 1871 1186 1905; x_wconf 76' lang='grc' dir='ltr'><strong>ἐπαγγελίας</strong></span> <span class='ocrx_word' id='word_1_554' title='bbox 1194 1871 1223 1897; x_wconf 81' lang='grc' dir='ltr'><strong>τὸ</strong></span> <span class='ocrx_word' id='word_1_555' title='bbox 1239 1870 1393 1906; x_wconf 77' lang='grc' dir='ltr'>πρόθυμον,</span> <span class='ocrx_word' id='word_1_556' title='bbox 1403 1871 1546 1906; x_wconf 79' lang='grc' dir='ltr'><strong>θαρσήσας</strong></span> <span class='ocrx_word' id='word_1_557' title='bbox 1562 1871 1632 1897; x_wconf 82' lang='grc' dir='ltr'><strong>ῐεται</strong></span> <span class='ocrx_word' id='word_1_558' title='bbox 1646 1871 1696 1898; x_wconf 75' lang='grc' dir='ltr'><strong>καὶ</strong></span> <span class='ocrx_word' id='word_1_559' title='bbox 1716 1873 1817 1905; x_wconf 76' lang='grc' dir='ltr'><strong>αὐτός.</strong></span> 
     </span>
    </p>
   </div>
   <div class='ocr_carea' id='block_1_82' title="bbox 1022 1917 1819 1955">
    <p class='ocr_par' dir='ltr' id='par_1_82' title="bbox 1022 1917 1819 1955">
     <span class='ocr_line' id='line_1_82' title="bbox 1022 1917 1819 1955; baseline 0.004 -12"><span class='ocrx_word' id='word_1_560' title='bbox 1022 1917 1094 1952; x_wconf 86' lang='grc' dir='ltr'><strong>Ἤδη</strong></span> <span class='ocrx_word' id='word_1_561' title='bbox 1107 1917 1156 1953; x_wconf 85' lang='grc' dir='ltr'><strong>μὲν</strong></span> <span class='ocrx_word' id='word_1_562' title='bbox 1170 1917 1218 1944; x_wconf 81' lang='grc' dir='ltr'><strong>οὖν</strong></span> <span class='ocrx_word' id='word_1_563' title='bbox 1229 1918 1280 1952; x_wconf 83' lang='grc' dir='ltr'><strong>τῆς</strong></span> <span class='ocrx_word' id='word_1_564' title='bbox 1296 1917 1474 1948; x_wconf 83' lang='grc' dir='ltr'><strong>ἀναστάσεως</strong></span> <span class='ocrx_word' id='word_1_565' title='bbox 1488 1919 1643 1953; x_wconf 76' lang='grc' dir='ltr'>προοιμίων</span> <span class='ocrx_word' id='word_1_566' title='bbox 1654 1919 1819 1955; x_wconf 78' lang='grc' dir='ltr'><strong>ἀπάρχεται</strong></span> 
     </span>
    </p>
   </div>
   <div class='ocr_carea' id='block_1_83' title="bbox 1020 1963 1819 2001">
    <p class='ocr_par' dir='ltr' id='par_1_83' title="bbox 1020 1963 1819 2001">
     <span class='ocr_line' id='line_1_83' title="bbox 1020 1963 1819 2001; baseline 0.004 -11"><span class='ocrx_word' id='word_1_567' title='bbox 1020 1963 1034 1990; x_wconf 86' lang='grc' dir='ltr'>ὁ</span> <span class='ocrx_word' id='word_1_568' title='bbox 1046 1964 1153 1998; x_wconf 85' lang='grc' dir='ltr'><strong>Σωτὴρ,</strong></span> <span class='ocrx_word' id='word_1_569' title='bbox 1169 1964 1216 1990; x_wconf 79' lang='grc' dir='ltr'><strong>καὶ</strong></span> <span class='ocrx_word' id='word_1_570' title='bbox 1231 1964 1315 1999; x_wconf 79' lang='grc' dir='ltr'><strong>μέλη,</strong></span> <span class='ocrx_word' id='word_1_571' title='bbox 1332 1964 1379 1990; x_wconf 74' lang='grc' dir='ltr'>καὶ</span> <span class='ocrx_word' id='word_1_572' title='bbox 1394 1964 1465 1999; x_wconf 81' lang='grc' dir='ltr'><strong>μέρη</strong></span> <span class='ocrx_word' id='word_1_573' title='bbox 1480 1965 1666 1999; x_wconf 77' lang='grc' dir='ltr'><strong>κεκακωμένα</strong></span> <span class='ocrx_word' id='word_1_574' title='bbox 1676 1965 1819 2001; x_wconf 78' lang='grc' dir='ltr'><strong>πρότερον</strong></span> 
     </span>
    </p>
   </div>
   <div class='ocr_carea' id='block_1_84' title="bbox 1023 2009 1819 2048">
    <p class='ocr_par' dir='ltr' id='par_1_84' title="bbox 1023 2009 1819 2048">
     <span class='ocr_line' id='line_1_84' title="bbox 1023 2009 1819 2048; baseline 0.003 -12"><span class='ocrx_word' id='word_1_575' title='bbox 1023 2010 1128 2037; x_wconf 78' lang='grc' dir='ltr'><strong>ἰάσατο.</strong></span> <span class='ocrx_word' id='word_1_576' title='bbox 1145 2009 1259 2046; x_wconf 81' lang='grc' dir='ltr'><strong>Ἐπειδὴ</strong></span> <span class='ocrx_word' id='word_1_577' title='bbox 1272 2009 1301 2037; x_wconf 78' lang='grc' dir='ltr'><strong>δὲ</strong></span> <span class='ocrx_word' id='word_1_578' title='bbox 1313 2010 1367 2037; x_wconf 78' lang='grc' dir='ltr'><strong>τῶν</strong></span> <span class='ocrx_word' id='word_1_579' title='bbox 1379 2010 1534 2046; x_wconf 80' lang='grc' dir='ltr'><strong>ἀνθρώπων</strong></span> <span class='ocrx_word' id='word_1_580' title='bbox 1544 2012 1560 2045; x_wconf 82' lang='grc' dir='ltr'>ἡ</span> <span class='ocrx_word' id='word_1_581' title='bbox 1573 2011 1656 2046; x_wconf 74' lang='grc' dir='ltr'><strong>φύσις</strong></span> <span class='ocrx_word' id='word_1_582' title='bbox 1669 2012 1712 2043; x_wconf 81' lang='grc' dir='ltr'><strong>εἰς</strong></span> <span class='ocrx_word' id='word_1_583' title='bbox 1729 2012 1819 2048; x_wconf 75' lang='grc' dir='ltr'><strong>ἇρῥεν</strong></span> 
     </span>
    </p>
   </div>
   <div class='ocr_carea' id='block_1_85' title="bbox 1021 2056 1818 2095">
    <p class='ocr_par' dir='ltr' id='par_1_85' title="bbox 1021 2056 1818 2095">
     <span class='ocr_line' id='line_1_85' title="bbox 1021 2056 1818 2095; baseline 0.003 -12"><span class='ocrx_word' id='word_1_584' title='bbox 1021 2057 1071 2084; x_wconf 78' lang='grc' dir='ltr'>καὶ</span> <span class='ocrx_word' id='word_1_585' title='bbox 1084 2056 1151 2091; x_wconf 80' lang='grc' dir='ltr'><strong>θῆλυ</strong></span> <span class='ocrx_word' id='word_1_586' title='bbox 1169 2056 1348 2091; x_wconf 82' lang='grc' dir='ltr'><strong>μεμέρισται,</strong></span> <span class='ocrx_word' id='word_1_587' title='bbox 1365 2056 1516 2092; x_wconf 85' lang='grc' dir='ltr'><strong>ἀμφοτέρῳ</strong></span> <span class='ocrx_word' id='word_1_588' title='bbox 1531 2057 1570 2091; x_wconf 78' lang='grc' dir='ltr'><strong>τῷ</strong></span> <span class='ocrx_word' id='word_1_589' title='bbox 1584 2057 1660 2091; x_wconf 77' lang='grc' dir='ltr'><strong>γένει</strong></span> <span class='ocrx_word' id='word_1_590' title='bbox 1672 2059 1725 2094; x_wconf 80' lang='grc' dir='ltr'><strong>τὴν</strong></span> <span class='ocrx_word' id='word_1_591' title='bbox 1737 2059 1818 2095; x_wconf 87' lang='grc' dir='ltr'><strong>εὐερ-</strong></span> 
     </span>
    </p>
   </div>
   <div class='ocr_carea' id='block_1_86' title="bbox 182 2102 967 2140">
    <p class='ocr_par' dir='ltr' id='par_1_86' title="bbox 182 2102 967 2138">
     <span class='ocr_line' id='line_1_86' title="bbox 182 2102 967 2138; baseline -0.001 -7"><span class='ocrx_word' id='word_1_592' title='bbox 182 2107 262 2138; x_wconf 87' lang='lat' dir='ltr'><strong>cepto</strong></span> <span class='ocrx_word' id='word_1_593' title='bbox 280 2103 463 2135; x_wconf 86' lang='lat' dir='ltr'><strong>desciverunt,</strong></span> <span class='ocrx_word' id='word_1_594' title='bbox 487 2103 566 2130; x_wconf 87' lang='lat' dir='ltr'><strong>ambo</strong></span> <span class='ocrx_word' id='word_1_595' title='bbox 581 2109 646 2130; x_wconf 88' lang='lat' dir='ltr'><strong>vero</strong></span> <span class='ocrx_word' id='word_1_596' title='bbox 667 2102 750 2130; x_wconf 88' lang='lat' dir='ltr'><strong>etiam</strong></span> <span class='ocrx_word' id='word_1_597' title='bbox 775 2102 967 2136; x_wconf 79' lang='lat' dir='ltr'><strong>benignitatem</strong></span> 
     </span>
    </p>
   </div>
   <div class='ocr_carea' id='block_1_87' title="bbox 1050 2102 1818 2140">
    <p class='ocr_par' dir='ltr' id='par_1_87' title="bbox 1050 2102 1818 2140">
     <span class='ocr_line' id='line_1_87' title="bbox 1050 2102 1818 2140; baseline 0.005 -12"><span class='ocrx_word' id='word_1_598' title='bbox 1050 2103 1119 2130; x_wconf 81' lang='grc' dir='ltr'><strong>;σίαν</strong></span> <span class='ocrx_word' id='word_1_599' title='bbox 1143 2102 1301 2138; x_wconf 78' lang='grc' dir='ltr'><strong>χαρίζεται.</strong></span> <span class='ocrx_word' id='word_1_600' title='bbox 1321 2103 1425 2137; x_wconf 77' lang='grc' dir='ltr'>’Λμφω</span> <span class='ocrx_word' id='word_1_601' title='bbox 1452 2103 1503 2138; x_wconf 81' lang='grc' dir='ltr'><strong>μὲν</strong></span> <span class='ocrx_word' id='word_1_602' title='bbox 1528 2103 1584 2138; x_wconf 83' lang='grc' dir='ltr'><strong>γὰρ</strong></span> <span class='ocrx_word' id='word_1_603' title='bbox 1612 2103 1662 2130; x_wconf 74' lang='grc' dir='ltr'>καὶ</span> <span class='ocrx_word' id='word_1_604' title='bbox 1675 2105 1749 2140; x_wconf 81' lang='grc' dir='ltr'><strong>ἀνὴρ</strong></span> <span class='ocrx_word' id='word_1_605' title='bbox 1769 2106 1818 2132; x_wconf 83' lang='grc' dir='ltr'><strong>καὶ</strong></span> 
     </span>
    </p>
   </div>
   <div class='ocr_carea' id='block_1_88' title="bbox 182 2147 967 2186">
    <p class='ocr_par' dir='ltr' id='par_1_88' title="bbox 182 2147 967 2183">
     <span class='ocr_line' id='line_1_88' title="bbox 182 2147 967 2183; baseline 0 -8"><span class='ocrx_word' id='word_1_606' title='bbox 182 2152 248 2175; x_wconf 80' lang='lat' dir='ltr'><strong>sunt</strong></span> <span class='ocrx_word' id='word_1_607' title='bbox 270 2148 422 2177; x_wconf 86' lang='lat' dir='ltr'><strong>consecuti.</strong></span> <span class='ocrx_word' id='word_1_608' title='bbox 438 2147 472 2176; x_wconf 89' lang='lat' dir='ltr'><strong>Et</strong></span> <span class='ocrx_word' id='word_1_609' title='bbox 488 2152 565 2176; x_wconf 86' lang='lat' dir='ltr'><strong>sanat</strong></span> <span class='ocrx_word' id='word_1_610' title='bbox 584 2147 691 2183; x_wconf 86' lang='lat' dir='ltr'><strong>quidem</strong></span> <span class='ocrx_word' id='word_1_611' title='bbox 707 2155 782 2180; x_wconf 85' lang='lat' dir='ltr'><strong>eum,</strong></span> <span class='ocrx_word' id='word_1_612' title='bbox 800 2147 878 2183; x_wconf 82' lang='lat' dir='ltr'><strong>cujus</strong></span> <span class='ocrx_word' id='word_1_613' title='bbox 894 2153 967 2176; x_wconf 88' lang='lat' dir='ltr'><strong>erant</strong></span> 
     </span>
    </p>
   </div>
   <div class='ocr_carea' id='block_1_89' title="bbox 1050 2147 1818 2186">
    <p class='ocr_par' dir='ltr' id='par_1_89' title="bbox 1050 2148 1818 2186">
     <span class='ocr_line' id='line_1_89' title="bbox 1050 2148 1818 2186; baseline 0.005 -12"><span class='ocrx_word' id='word_1_614' title='bbox 1050 2149 1093 2183; x_wconf 73' lang='grc' dir='ltr'><strong>Νὴ</strong></span> <span class='ocrx_word' id='word_1_615' title='bbox 1107 2149 1155 2184; x_wconf 85' lang='grc' dir='ltr'><strong>τῆς</strong></span> <span class='ocrx_word' id='word_1_616' title='bbox 1166 2148 1279 2184; x_wconf 74' lang='grc' dir='ltr'><strong>ἐντολῆς</strong></span> <span class='ocrx_word' id='word_1_617' title='bbox 1292 2148 1518 2181; x_wconf 80' lang='grc' dir='ltr'><strong>ἑκπεπτώκατον,</strong></span> <span class='ocrx_word' id='word_1_618' title='bbox 1535 2149 1620 2185; x_wconf 79' lang='grc' dir='ltr'>ἄμφω</span> <span class='ocrx_word' id='word_1_619' title='bbox 1643 2150 1673 2176; x_wconf 81' lang='grc' dir='ltr'>δὲ</span> <span class='ocrx_word' id='word_1_620' title='bbox 1697 2151 1748 2178; x_wconf 81' lang='grc' dir='ltr'><strong>καὶ</strong></span> <span class='ocrx_word' id='word_1_621' title='bbox 1766 2151 1818 2186; x_wconf 81' lang='grc' dir='ltr'><strong>τῆς</strong></span> 
     </span>
    </p>
   </div>
   <div class='ocr_carea' id='block_1_90' title="bbox 183 2187 967 2232">
    <p class='ocr_par' dir='ltr' id='par_1_90' title="bbox 183 2194 967 2231">
     <span class='ocr_line' id='line_1_90' title="bbox 183 2194 967 2231; baseline 0.001 -10"><span class='ocrx_word' id='word_1_622' title='bbox 183 2194 258 2222; x_wconf 80' lang='lat' dir='ltr'><strong>nervi</strong></span> <span class='ocrx_word' id='word_1_623' title='bbox 273 2195 390 2228; x_wconf 82' lang='lat' dir='ltr'><strong>remissi,</strong></span> <span class='ocrx_word' id='word_1_624' title='bbox 405 2195 572 2231; x_wconf 73' lang='lat' dir='ltr'><strong>etlcompago</strong></span> <span class='ocrx_word' id='word_1_625' title='bbox 584 2196 707 2230; x_wconf 89' lang='lat' dir='ltr'><strong>corporis</strong></span> <span class='ocrx_word' id='word_1_626' title='bbox 721 2194 853 2222; x_wconf 86' lang='lat' dir='ltr'><strong>dissoluta</strong></span> <span class='ocrx_word' id='word_1_627' title='bbox 864 2195 903 2228; x_wconf 76' lang='lat'><strong>“;</strong></span> <span class='ocrx_word' id='word_1_628' title='bbox 923 2196 967 2222; x_wconf 92' lang='lat' dir='ltr'><strong>sed</strong></span> 
     </span>
    </p>
   </div>
   <div class='ocr_carea' id='block_1_91' title="bbox 1050 2187 1817 2232">
    <p class='ocr_par' dir='ltr' id='par_1_91' title="bbox 1050 2193 1817 2232">
     <span class='ocr_line' id='line_1_91' title="bbox 1050 2193 1817 2232; baseline 0.005 -13"><span class='ocrx_word' id='word_1_629' title='bbox 1050 2194 1186 2230; x_wconf 70' lang='grc' dir='ltr'><strong>»εργεσίας</strong></span> <span class='ocrx_word' id='word_1_630' title='bbox 1200 2193 1360 2229; x_wconf 86' lang='grc' dir='ltr'><strong>τετύχατον.</strong></span> <span class='ocrx_word' id='word_1_631' title='bbox 1374 2194 1430 2221; x_wconf 75' lang='grc' dir='ltr'><strong>Καὶ</strong></span> <span class='ocrx_word' id='word_1_632' title='bbox 1444 2194 1592 2230; x_wconf 84' lang='grc' dir='ltr'><strong>θεραπεύει</strong></span> <span class='ocrx_word' id='word_1_633' title='bbox 1605 2196 1652 2223; x_wconf 77' lang='grc' dir='ltr'><strong>τὸν</strong></span> <span class='ocrx_word' id='word_1_634' title='bbox 1678 2197 1817 2232; x_wconf 80' lang='grc' dir='ltr'><strong>παρειμέ-</strong></span> 
     </span>
    </p>
   </div>
   <div class='ocr_carea' id='block_1_92' title="bbox 182 2240 967 2276">
    <p class='ocr_par' dir='ltr' id='par_1_92' title="bbox 182 2241 967 2276">
     <span class='ocr_line' id='line_1_92' title="bbox 182 2241 967 2276; baseline 0 -7"><span class='ocrx_word' id='word_1_635' title='bbox 182 2241 342 2270; x_wconf 88' lang='lat' dir='ltr'><strong>inclinatam</strong></span> <span class='ocrx_word' id='word_1_636' title='bbox 372 2242 510 2269; x_wconf 86' lang='lat' dir='ltr'><strong>mulierem</strong></span> <span class='ocrx_word' id='word_1_637' title='bbox 528 2246 556 2269; x_wconf 90' lang='lat' dir='ltr'><strong>et</strong></span> <span class='ocrx_word' id='word_1_638' title='bbox 572 2245 727 2276; x_wconf 72' lang='lat' dir='ltr'><strong>vergentem</strong></span> <span class='ocrx_word' id='word_1_639' title='bbox 750 2241 776 2268; x_wconf 91' lang='lat' dir='ltr'><strong>in</strong></span> <span class='ocrx_word' id='word_1_640' title='bbox 796 2245 895 2268; x_wconf 89' lang='lat' dir='ltr'><strong>terram</strong></span> <span class='ocrx_word' id='word_1_641' title='bbox 911 2241 967 2269; x_wconf 82' lang='lat' dir='ltr'><strong>sine</strong></span> 
     </span>
    </p>
   </div>
   <div class='ocr_carea' id='block_1_93' title="bbox 1050 2240 1817 2276">
    <p class='ocr_par' dir='ltr' id='par_1_93' title="bbox 1050 2240 1817 2276">
     <span class='ocr_line' id='line_1_93' title="bbox 1050 2240 1817 2276; baseline 0.004 -10"><span class='ocrx_word' id='word_1_642' title='bbox 1050 2249 1069 2267; x_wconf 85' lang='grc' dir='ltr'><strong>ιν</strong></span> <span class='ocrx_word' id='word_1_643' title='bbox 1083 2241 1118 2267; x_wconf 80' lang='grc' dir='ltr'><strong>τὰ</strong></span> <span class='ocrx_word' id='word_1_644' title='bbox 1134 2240 1229 2275; x_wconf 83' lang='grc' dir='ltr'>νεῦρα,</span> <span class='ocrx_word' id='word_1_645' title='bbox 1245 2240 1293 2266; x_wconf 78' lang='grc' dir='ltr'><strong>καὶ</strong></span> <span class='ocrx_word' id='word_1_646' title='bbox 1307 2240 1455 2275; x_wconf 77' lang='grc' dir='ltr'><strong>λελυμένον</strong></span> <span class='ocrx_word' id='word_1_647' title='bbox 1477 2241 1527 2272; x_wconf 75' lang='grc' dir='ltr'><strong>τὰς</strong></span> <span class='ocrx_word' id='word_1_648' title='bbox 1543 2241 1682 2276; x_wconf 82' lang='grc' dir='ltr'><strong>ἁρμονίας</strong></span> <span class='ocrx_word' id='word_1_649' title='bbox 1693 2242 1744 2269; x_wconf 84' lang='grc' dir='ltr'><strong>τοῦ</strong></span> <span class='ocrx_word' id='word_1_650' title='bbox 1762 2242 1817 2269; x_wconf 82' lang='grc' dir='ltr'><strong>σώ-</strong></span> 
     </span>
    </p>
   </div>
   <div class='ocr_carea' id='block_1_94' title="bbox 183 2286 967 2324">
    <p class='ocr_par' dir='ltr' id='par_1_94' title="bbox 183 2286 967 2322">
     <span class='ocr_line' id='line_1_94' title="bbox 183 2286 967 2322; baseline -0.001 -8"><span class='ocrx_word' id='word_1_651' title='bbox 183 2295 248 2315; x_wconf 86' lang='lat' dir='ltr'><strong>eura</strong></span> <span class='ocrx_word' id='word_1_652' title='bbox 264 2295 316 2315; x_wconf 93' lang='lat' dir='ltr'><strong>non</strong></span> <span class='ocrx_word' id='word_1_653' title='bbox 327 2287 538 2322; x_wconf 78' lang='lat' dir='ltr'><strong>praetermittit&quot;</strong></span> <span class='ocrx_word' id='word_1_654' title='bbox 554 2295 561 2314; x_wconf 89' lang='lat'><strong>:</strong></span> <span class='ocrx_word' id='word_1_655' title='bbox 576 2286 676 2314; x_wconf 91' lang='lat' dir='ltr'><strong>multos</strong></span> <span class='ocrx_word' id='word_1_656' title='bbox 689 2294 704 2314; x_wconf 92' lang='lat' dir='ltr'><strong>a</strong></span> <span class='ocrx_word' id='word_1_657' title='bbox 718 2287 870 2314; x_wconf 69' lang='lat' dir='ltr'><strong>daemonum</strong></span> <span class='ocrx_word' id='word_1_658' title='bbox 883 2286 967 2321; x_wconf 87' lang='lat' dir='ltr'><strong>agita-</strong></span> 
     </span>
    </p>
   </div>
   <div class='ocr_carea' id='block_1_95' title="bbox 1050 2286 1816 2324">
    <p class='ocr_par' dir='ltr' id='par_1_95' title="bbox 1050 2286 1816 2324">
     <span class='ocr_line' id='line_1_95' title="bbox 1050 2286 1816 2324; baseline 0.004 -12"><span class='ocrx_word' id='word_1_659' title='bbox 1050 2295 1110 2318; x_wconf 80' lang='grc' dir='ltr'><strong>ατος</strong></span> <span class='ocrx_word' id='word_1_660' title='bbox 1126 2294 1134 2302; x_wconf 72' lang='grc' dir='ltr'><strong><em>ο</em></strong></span> <span class='ocrx_word' id='word_1_661' title='bbox 1148 2286 1206 2313; x_wconf 76' lang='grc' dir='ltr'><strong>ἀλλ’</strong></span> <span class='ocrx_word' id='word_1_662' title='bbox 1221 2286 1283 2313; x_wconf 81' lang='grc' dir='ltr'><strong>οὐδὲ</strong></span> <span class='ocrx_word' id='word_1_663' title='bbox 1298 2286 1348 2321; x_wconf 84' lang='grc' dir='ltr'><strong>τὴν</strong></span> <span class='ocrx_word' id='word_1_664' title='bbox 1369 2287 1529 2314; x_wconf 86' lang='grc' dir='ltr'>νενευκυῖαν</span> <span class='ocrx_word' id='word_1_665' title='bbox 1556 2288 1597 2318; x_wconf 85' lang='grc' dir='ltr'><strong>εις</strong></span> <span class='ocrx_word' id='word_1_666' title='bbox 1612 2288 1666 2322; x_wconf 83' lang='grc' dir='ltr'><strong>γῆν</strong></span> <span class='ocrx_word' id='word_1_667' title='bbox 1681 2288 1732 2314; x_wconf 80' lang='grc' dir='ltr'><strong>καὶ</strong></span> <span class='ocrx_word' id='word_1_668' title='bbox 1751 2297 1816 2324; x_wconf 86' lang='grc' dir='ltr'><strong>συγ-</strong></span> 
     </span>
    </p>
   </div>
   <div class='ocr_carea' id='block_1_96' title="bbox 184 2331 967 2369">
    <p class='ocr_par' dir='ltr' id='par_1_96' title="bbox 184 2331 967 2368">
     <span class='ocr_line' id='line_1_96' title="bbox 184 2331 967 2368; baseline -0.003 -7"><span class='ocrx_word' id='word_1_669' title='bbox 184 2334 256 2361; x_wconf 86' lang='lat' dir='ltr'><strong>tione</strong></span> <span class='ocrx_word' id='word_1_670' title='bbox 269 2332 439 2365; x_wconf 89' lang='lat' dir='ltr'><strong>liberavit&quot;,</strong></span> <span class='ocrx_word' id='word_1_671' title='bbox 454 2333 501 2360; x_wconf 87' lang='lat' dir='ltr'><strong>sed</strong></span> <span class='ocrx_word' id='word_1_672' title='bbox 510 2337 537 2360; x_wconf 88' lang='lat' dir='ltr'><strong>et</strong></span> <span class='ocrx_word' id='word_1_673' title='bbox 548 2331 708 2368; x_wconf 60' lang='lat' dir='ltr'><strong>Chananaem</strong></span> <span class='ocrx_word' id='word_1_674' title='bbox 721 2332 831 2360; x_wconf 85' lang='lat' dir='ltr'><strong>ﬁliolam</strong></span> <span class='ocrx_word' id='word_1_675' title='bbox 845 2337 967 2359; x_wconf 68' lang='lat' dir='ltr'><strong>vvxalam</strong></span> 
     </span>
    </p>
   </div>
   <div class='ocr_carea' id='block_1_97' title="bbox 1050 2331 1816 2369">
    <p class='ocr_par' dir='ltr' id='par_1_97' title="bbox 1050 2332 1816 2369">
     <span class='ocr_line' id='line_1_97' title="bbox 1050 2332 1816 2369; baseline 0.004 -11"><span class='ocrx_word' id='word_1_676' title='bbox 1050 2332 1182 2360; x_wconf 70' lang='lat' dir='ltr'><strong>Smoucav</strong></span> <span class='ocrx_word' id='word_1_677' title='bbox 1197 2333 1303 2368; x_wconf 82' lang='grc' dir='ltr'>ἀφῆκεν</span> <span class='ocrx_word' id='word_1_678' title='bbox 1316 2333 1480 2368; x_wconf 83' lang='grc' dir='ltr'><strong>ἀνήκεστον.</strong></span> <span class='ocrx_word' id='word_1_679' title='bbox 1506 2332 1561 2359; x_wconf 81' lang='grc' dir='ltr'><strong>Τοῦ</strong></span> <span class='ocrx_word' id='word_1_680' title='bbox 1578 2333 1768 2369; x_wconf 78' lang='grc' dir='ltr'>κορυϐαντιᾷν</span> <span class='ocrx_word' id='word_1_681' title='bbox 1787 2336 1816 2362; x_wconf 74' lang='grc' dir='ltr'>ἐκ</span> 
     </span>
    </p>
   </div>
   <div class='ocr_carea' id='block_1_98' title="bbox 182 2378 967 2415">
    <p class='ocr_par' dir='ltr' id='par_1_98' title="bbox 182 2378 967 2413">
     <span class='ocr_line' id='line_1_98' title="bbox 182 2378 967 2413; baseline -0.003 -6"><span class='ocrx_word' id='word_1_682' title='bbox 182 2388 198 2407; x_wconf 88' lang='lat' dir='ltr'><strong>a</strong></span> <span class='ocrx_word' id='word_1_683' title='bbox 223 2379 390 2407; x_wconf 67' lang='lat' dir='ltr'><strong>daamoriibus</strong></span> <span class='ocrx_word' id='word_1_684' title='bbox 417 2379 528 2406; x_wconf 86' lang='lat' dir='ltr'><strong>sanitati</strong></span> <span class='ocrx_word' id='word_1_685' title='bbox 558 2379 727 2413; x_wconf 81' lang='lat' dir='ltr'><strong>restituit&quot;;</strong></span> <span class='ocrx_word' id='word_1_686' title='bbox 750 2378 911 2407; x_wconf 70' lang='lat' dir='ltr'><strong>Zaechmmn</strong></span> <span class='ocrx_word' id='word_1_687' title='bbox 937 2386 967 2406; x_wconf 73' lang='lat' dir='ltr'><strong>ex</strong></span> 
     </span>
    </p>
   </div>
   <div class='ocr_carea' id='block_1_99' title="bbox 1050 2378 1816 2415">
    <p class='ocr_par' dir='ltr' id='par_1_99' title="bbox 1050 2379 1816 2415">
     <span class='ocr_line' id='line_1_99' title="bbox 1050 2379 1816 2415; baseline 0.001 -9"><span class='ocrx_word' id='word_1_688' title='bbox 1050 2379 1163 2414; x_wconf 83' lang='grc' dir='ltr'>ιιμόνων</span> <span class='ocrx_word' id='word_1_689' title='bbox 1181 2379 1328 2411; x_wconf 81' lang='grc' dir='ltr'><strong>πλείστους</strong></span> <span class='ocrx_word' id='word_1_690' title='bbox 1352 2379 1530 2406; x_wconf 85' lang='grc' dir='ltr'><strong>ἀπέσπασεν·</strong></span> <span class='ocrx_word' id='word_1_691' title='bbox 1544 2379 1613 2405; x_wconf 82' lang='grc' dir='ltr'><strong>ἀλλὰ</strong></span> <span class='ocrx_word' id='word_1_692' title='bbox 1639 2380 1688 2406; x_wconf 75' lang='grc' dir='ltr'>καὶ</span> <span class='ocrx_word' id='word_1_693' title='bbox 1715 2380 1748 2407; x_wconf 74' lang='grc' dir='ltr'><strong>τὸ</strong></span> <span class='ocrx_word' id='word_1_694' title='bbox 1769 2381 1816 2415; x_wconf 75' lang='grc' dir='ltr'><strong>τῆς</strong></span> 
     </span>
    </p>
   </div>
   <div class='ocr_carea' id='block_1_100' title="bbox 182 2424 967 2460">
    <p class='ocr_par' dir='ltr' id='par_1_100' title="bbox 182 2424 967 2460">
     <span class='ocr_line' id='line_1_100' title="bbox 182 2424 967 2460; baseline -0.001 -7"><span class='ocrx_word' id='word_1_695' title='bbox 182 2424 292 2460; x_wconf 74' lang='lat' dir='ltr'><strong>iniustis</strong></span> <span class='ocrx_word' id='word_1_696' title='bbox 306 2425 435 2460; x_wconf 89' lang='lat' dir='ltr'><strong>operibus</strong></span> <span class='ocrx_word' id='word_1_697' title='bbox 449 2425 477 2452; x_wconf 93' lang='lat' dir='ltr'><strong>in</strong></span> <span class='ocrx_word' id='word_1_698' title='bbox 499 2425 639 2460; x_wconf 77' lang='lat' dir='ltr'><strong>exigendis</strong></span> <span class='ocrx_word' id='word_1_699' title='bbox 661 2425 840 2460; x_wconf 80' lang='lat' dir='ltr'><strong>vectigalibus</strong></span> <span class='ocrx_word' id='word_1_700' title='bbox 855 2424 967 2460; x_wconf 77' lang='lat' dir='ltr'><strong>patratis</strong></span> 
     </span>
    </p>
   </div>
   <div class='ocr_carea' id='block_1_101' title="bbox 1050 2424 1816 2460">
    <p class='ocr_par' dir='ltr' id='par_1_101' title="bbox 1052 2424 1816 2460">
     <span class='ocr_line' id='line_1_101' title="bbox 1052 2424 1816 2460; baseline 0.003 -9"><span class='ocrx_word' id='word_1_701' title='bbox 1052 2425 1185 2456; x_wconf 83' lang='grc' dir='ltr'>αναναίας</span> <span class='ocrx_word' id='word_1_702' title='bbox 1201 2424 1349 2459; x_wconf 81' lang='grc' dir='ltr'><strong>θυγάτριον</strong></span> <span class='ocrx_word' id='word_1_703' title='bbox 1362 2424 1413 2451; x_wconf 64' lang='grc' dir='ltr'><strong>ὑπὸ</strong></span> <span class='ocrx_word' id='word_1_704' title='bbox 1427 2424 1562 2459; x_wconf 84' lang='grc' dir='ltr'>δαιμόνων</span> <span class='ocrx_word' id='word_1_705' title='bbox 1575 2424 1745 2460; x_wconf 80' lang='grc' dir='ltr'><strong>ὀχλούμενον</strong></span> <span class='ocrx_word' id='word_1_706' title='bbox 1760 2427 1816 2453; x_wconf 62' lang='lat'><strong>£05-</strong></span> 
     </span>
    </p>
   </div>
   <div class='ocr_carea' id='block_1_102' title="bbox 183 2470 967 2508">
    <p class='ocr_par' dir='ltr' id='par_1_102' title="bbox 183 2471 967 2508">
     <span class='ocr_line' id='line_1_102' title="bbox 183 2471 967 2508; baseline -0.004 -8"><span class='ocrx_word' id='word_1_707' title='bbox 183 2471 322 2508; x_wconf 77' lang='lat' dir='ltr'><strong>eripuit“,</strong></span> <span class='ocrx_word' id='word_1_708' title='bbox 334 2472 381 2500; x_wconf 90' lang='lat' dir='ltr'><strong>sed</strong></span> <span class='ocrx_word' id='word_1_709' title='bbox 391 2477 418 2499; x_wconf 88' lang='lat' dir='ltr'><strong>et</strong></span> <span class='ocrx_word' id='word_1_710' title='bbox 429 2471 614 2500; x_wconf 85' lang='lat' dir='ltr'><strong>lascivientem</strong></span> <span class='ocrx_word' id='word_1_711' title='bbox 626 2472 798 2499; x_wconf 86' lang='lat' dir='ltr'><strong>meretricem</strong></span> <span class='ocrx_word' id='word_1_712' title='bbox 817 2478 850 2498; x_wconf 84' lang='lat' dir='ltr'><strong>ex</strong></span> <span class='ocrx_word' id='word_1_713' title='bbox 874 2471 967 2498; x_wconf 81' lang='lat' dir='ltr'><strong>fcetorc</strong></span> 
     </span>
    </p>
   </div>
   <div class='ocr_carea' id='block_1_103' title="bbox 1050 2470 1816 2508">
    <p class='ocr_par' dir='ltr' id='par_1_103' title="bbox 1050 2470 1816 2505">
     <span class='ocr_line' id='line_1_103' title="bbox 1050 2470 1816 2505; baseline 0.004 -7"><span class='ocrx_word' id='word_1_714' title='bbox 1050 2472 1149 2498; x_wconf 68' lang='lat' dir='ltr'><strong>’zzeuas</strong></span> <span class='ocrx_word' id='word_1_715' title='bbox 1159 2479 1167 2486; x_wconf 75' lang='grc' dir='ltr'><strong>θ</strong></span> <span class='ocrx_word' id='word_1_716' title='bbox 1184 2471 1229 2497; x_wconf 81' lang='grc' dir='ltr'><strong>τὸν</strong></span> <span class='ocrx_word' id='word_1_717' title='bbox 1242 2471 1379 2505; x_wconf 86' lang='grc' dir='ltr'>Ζακχαίον</span> <span class='ocrx_word' id='word_1_718' title='bbox 1391 2470 1447 2497; x_wconf 86' lang='grc' dir='ltr'><strong>τῶν</strong></span> <span class='ocrx_word' id='word_1_719' title='bbox 1458 2472 1490 2497; x_wconf 86' lang='grc' dir='ltr'>ἑκ</span> <span class='ocrx_word' id='word_1_720' title='bbox 1500 2470 1548 2497; x_wconf 81' lang='grc' dir='ltr'><strong>τοῦ</strong></span> <span class='ocrx_word' id='word_1_721' title='bbox 1561 2471 1692 2498; x_wconf 81' lang='grc' dir='ltr'><strong>τελωνεῖν</strong></span> <span class='ocrx_word' id='word_1_722' title='bbox 1702 2473 1816 2501; x_wconf 80' lang='grc' dir='ltr'><strong>ἀδικιῶν</strong></span> 
     </span>
    </p>
   </div>
   <div class='ocr_carea' id='block_1_104' title="bbox 224 2527 967 2595">
    <p class='ocr_par' dir='ltr' id='par_1_104' title="bbox 224 2529 967 2595">
     <span class='ocr_line' id='line_1_104' title="bbox 229 2529 967 2564; baseline -0.004 -5"><span class='ocrx_word' id='word_1_723' title='bbox 229 2532 242 2548; x_wconf 85' lang='grc'><strong><em>⁵</em></strong></span> <span class='ocrx_word' id='word_1_724' title='bbox 260 2531 357 2559; x_wconf 81' lang='lat' dir='ltr'><strong>Matth.</strong></span> <span class='ocrx_word' id='word_1_725' title='bbox 392 2539 436 2564; x_wconf 79' lang='lat' dir='ltr'><strong>xv,</strong></span> <span class='ocrx_word' id='word_1_726' title='bbox 466 2530 512 2559; x_wconf 73' lang='lat'><strong>26.</strong></span> <span class='ocrx_word' id='word_1_727' title='bbox 550 2531 574 2548; x_wconf 80' lang='lat'>“</span> <span class='ocrx_word' id='word_1_728' title='bbox 592 2531 689 2560; x_wconf 81' lang='lat' dir='ltr'><strong>Matth.</strong></span> <span class='ocrx_word' id='word_1_729' title='bbox 708 2538 753 2563; x_wconf 75' lang='grc' dir='ltr'><strong>ιι,</strong></span> <span class='ocrx_word' id='word_1_730' title='bbox 771 2530 785 2557; x_wconf 85' lang='grc'><strong>1</strong></span> <span class='ocrx_word' id='word_1_731' title='bbox 806 2537 883 2564; x_wconf 79' lang='lat' dir='ltr'><strong>sequ.</strong></span> <span class='ocrx_word' id='word_1_732' title='bbox 921 2529 944 2546; x_wconf 86' lang='lat'><strong>&quot;</strong></span> <span class='ocrx_word' id='word_1_733' title='bbox 963 2529 967 2556; x_wconf 90' lang='lat' dir='ltr'><strong>i</strong></span> 
     </span>
     <span class='ocr_line' id='line_1_105' title="bbox 224 2566 411 2595; baseline -0.005 0"><span class='ocrx_word' id='word_1_734' title='bbox 224 2566 291 2595; x_wconf 89' lang='lat' dir='ltr'><strong>Luc.</strong></span> <span class='ocrx_word' id='word_1_735' title='bbox 308 2575 365 2595; x_wconf 76' lang='lat' dir='ltr'><strong>xu.</strong></span> <span class='ocrx_word' id='word_1_736' title='bbox 384 2567 411 2594; x_wconf 75' lang='grc'><strong>2.</strong></span> 
     </span>
    </p>
   </div>
   <div class='ocr_carea' id='block_1_105' title="bbox 1050 2527 1815 2595">
    <p class='ocr_par' dir='ltr' id='par_1_105' title="bbox 1052 2527 1815 2562">
     <span class='ocr_line' id='line_1_106' title="bbox 1052 2527 1815 2562; baseline -0.001 -6"><span class='ocrx_word' id='word_1_737' title='bbox 1052 2537 1112 2561; x_wconf 78' lang='lat' dir='ltr'><strong>xm,</strong></span> <span class='ocrx_word' id='word_1_738' title='bbox 1133 2530 1175 2556; x_wconf 81' lang='grc'><strong>11.</strong></span> <span class='ocrx_word' id='word_1_739' title='bbox 1213 2528 1236 2545; x_wconf 80' lang='grc'><strong>⁸⁸</strong></span> <span class='ocrx_word' id='word_1_740' title='bbox 1255 2528 1322 2556; x_wconf 89' lang='lat' dir='ltr'><strong>Luc.</strong></span> <span class='ocrx_word' id='word_1_741' title='bbox 1351 2536 1408 2561; x_wconf 87' lang='lat' dir='ltr'><strong>vnt,</strong></span> <span class='ocrx_word' id='word_1_742' title='bbox 1442 2527 1488 2556; x_wconf 80' lang='grc'><strong>27.</strong></span> <span class='ocrx_word' id='word_1_743' title='bbox 1525 2528 1548 2544; x_wconf 83' lang='grc'><strong><em>⁵⁸</em></strong></span> <span class='ocrx_word' id='word_1_744' title='bbox 1567 2527 1664 2556; x_wconf 82' lang='lat' dir='ltr'><strong>Matth.</strong></span> <span class='ocrx_word' id='word_1_745' title='bbox 1699 2537 1746 2562; x_wconf 74' lang='lat' dir='ltr'><strong>xv,</strong></span> <span class='ocrx_word' id='word_1_746' title='bbox 1773 2529 1815 2558; x_wconf 71' lang='lat'><strong>29.</strong></span> 
     </span>
    </p>
   </div>
   <div class='ocr_carea' id='block_1_106' title="bbox 283 2575 411 2601">
    <p class='ocr_par' dir='ltr' id='par_1_106' title="bbox 283 2575 411 2601">
     <span class='ocr_line' id='line_1_107' title="bbox 283 2575 411 2601; baseline -0.008 -6"><span class='ocrx_word' id='word_1_747' title='bbox 283 2586 291 2595; x_wconf 87' lang='lat'><strong>.</strong></span> <span class='ocrx_word' id='word_1_748' title='bbox 308 2575 365 2601; x_wconf 81' lang='lat' dir='ltr'><strong>tm,</strong></span> <span class='ocrx_word' id='word_1_749' title='bbox 384 2575 411 2594; x_wconf 68' lang='grc' dir='ltr'><strong>τ.</strong></span> 
     </span>
    </p>
   </div>
   <div class='ocr_carea' id='block_1_107' title="bbox 798 2601 1190 2632">
    <p class='ocr_par' dir='ltr' id='par_1_107' title="bbox 798 2601 1190 2632">
     <span class='ocr_line' id='line_1_108' title="bbox 798 2601 1190 2632; baseline -0.005 0"><span class='ocrx_word' id='word_1_750' title='bbox 798 2601 956 2632; x_wconf 83' lang='lat' dir='ltr'><strong>Francisei</strong></span> <span class='ocrx_word' id='word_1_751' title='bbox 973 2601 1076 2631; x_wconf 88' lang='lat' dir='ltr'><strong>Scorsi</strong></span> <span class='ocrx_word' id='word_1_752' title='bbox 1094 2603 1190 2631; x_wconf 68' lang='lat' dir='ltr'><strong>notua.</strong></span> 
     </span>
    </p>
   </div>
   <div class='ocr_carea' id='block_1_108' title="bbox 1021 2658 1816 2696">
    <p class='ocr_par' dir='ltr' id='par_1_108' title="bbox 1021 2658 1816 2696">
     <span class='ocr_line' id='line_1_109' title="bbox 1021 2658 1816 2696; baseline 0 -8"><span class='ocrx_word' id='word_1_753' title='bbox 1021 2661 1168 2696; x_wconf 80' lang='lat' dir='ltr'><strong>Tlreepliyl.</strong></span> <span class='ocrx_word' id='word_1_754' title='bbox 1187 2665 1213 2687; x_wconf 90' lang='lat' dir='ltr'><strong>et</strong></span> <span class='ocrx_word' id='word_1_755' title='bbox 1243 2659 1324 2696; x_wconf 69' lang='lat' dir='ltr'><strong>Emit.</strong></span> <span class='ocrx_word' id='word_1_756' title='bbox 1343 2658 1410 2696; x_wconf 72' lang='lat' dir='ltr'><strong>Vide</strong></span> <span class='ocrx_word' id='word_1_757' title='bbox 1439 2664 1580 2696; x_wconf 63' lang='lat' dir='ltr'><strong>prmterea,</strong></span> <span class='ocrx_word' id='word_1_758' title='bbox 1597 2667 1657 2696; x_wconf 57' lang='lat' dir='ltr'><strong>quia;</strong></span> <span class='ocrx_word' id='word_1_759' title='bbox 1673 2661 1816 2688; x_wconf 78' lang='lat' dir='ltr'><strong>adnotavi-</strong></span> 
     </span>
    </p>
   </div>
   <div class='ocr_carea' id='block_1_109' title="bbox 1021 2694 1816 2726">
    <p class='ocr_par' dir='ltr' id='par_1_109' title="bbox 1021 2694 1816 2726">
     <span class='ocr_line' id='line_1_110' title="bbox 1021 2694 1816 2726; baseline 0.003 -4"><span class='ocrx_word' id='word_1_760' title='bbox 1021 2704 1081 2722; x_wconf 81' lang='lat' dir='ltr'><strong>mus</strong></span> <span class='ocrx_word' id='word_1_761' title='bbox 1097 2694 1170 2722; x_wconf 69' lang='lat' dir='ltr'><strong>lroin.</strong></span> <span class='ocrx_word' id='word_1_762' title='bbox 1197 2696 1244 2726; x_wconf 66' lang='grc'><strong>24,</strong></span> <span class='ocrx_word' id='word_1_763' title='bbox 1276 2695 1320 2721; x_wconf 88' lang='lat' dir='ltr'><strong>ubi</strong></span> <span class='ocrx_word' id='word_1_764' title='bbox 1348 2695 1441 2721; x_wconf 86' lang='lat' dir='ltr'><strong>eodem</strong></span> <span class='ocrx_word' id='word_1_765' title='bbox 1468 2694 1547 2720; x_wconf 88' lang='lat' dir='ltr'><strong>modo</strong></span> <span class='ocrx_word' id='word_1_766' title='bbox 1561 2695 1727 2722; x_wconf 78' lang='lat' dir='ltr'><strong>conciliatur</strong></span> <span class='ocrx_word' id='word_1_767' title='bbox 1744 2697 1816 2724; x_wconf 87' lang='lat' dir='ltr'><strong>locus</strong></span> 
     </span>
    </p>
   </div>
   <div class='ocr_carea' id='block_1_110' title="bbox 1021 2729 1814 2766">
    <p class='ocr_par' dir='ltr' id='par_1_110' title="bbox 1021 2729 1814 2766">
     <span class='ocr_line' id='line_1_111' title="bbox 1021 2729 1814 2766; baseline 0 -8"><span class='ocrx_word' id='word_1_768' title='bbox 1021 2731 1117 2758; x_wconf 85' lang='lat' dir='ltr'><strong>Matth.</strong></span> <span class='ocrx_word' id='word_1_769' title='bbox 1141 2732 1174 2757; x_wconf 86' lang='lat' dir='ltr'><strong>de</strong></span> <span class='ocrx_word' id='word_1_770' title='bbox 1199 2730 1325 2766; x_wconf 84' lang='lat' dir='ltr'><strong>petitione</strong></span> <span class='ocrx_word' id='word_1_771' title='bbox 1342 2729 1446 2766; x_wconf 64' lang='lat' dir='ltr'><strong>lactea</strong></span> <span class='ocrx_word' id='word_1_772' title='bbox 1480 2729 1582 2756; x_wconf 85' lang='lat' dir='ltr'><strong>duobus</strong></span> <span class='ocrx_word' id='word_1_773' title='bbox 1598 2730 1660 2757; x_wconf 84' lang='lat' dir='ltr'><strong>ﬁliis</strong></span> <span class='ocrx_word' id='word_1_774' title='bbox 1675 2730 1814 2763; x_wconf 74' lang='lat' dir='ltr'><strong>Zebedrci,</strong></span> 
     </span>
    </p>
   </div>
   <div class='ocr_carea' id='block_1_111' title="bbox 1022 2764 1815 2829">
    <p class='ocr_par' dir='ltr' id='par_1_111' title="bbox 1022 2764 1815 2829">
     <span class='ocr_line' id='line_1_112' title="bbox 1022 2764 1815 2829; baseline 0.003 -38"><span class='ocrx_word' id='word_1_775' title='bbox 1022 2774 1119 2829; x_wconf 45' lang='lat' dir='ltr'><strong>qlla’llll“</strong></span> <span class='ocrx_word' id='word_1_776' title='bbox 1134 2764 1205 2793; x_wconf 76' lang='lat' dir='ltr'><strong>alius</strong></span> <span class='ocrx_word' id='word_1_777' title='bbox 1241 2766 1275 2793; x_wconf 83' lang='lat' dir='ltr'><strong>ab</strong></span> <span class='ocrx_word' id='word_1_778' title='bbox 1300 2764 1376 2800; x_wconf 86' lang='lat' dir='ltr'><strong>ipsis,</strong></span> <span class='ocrx_word' id='word_1_779' title='bbox 1399 2764 1467 2792; x_wconf 88' lang='lat' dir='ltr'><strong>alius</strong></span> <span class='ocrx_word' id='word_1_780' title='bbox 1500 2770 1514 2791; x_wconf 86' lang='lat' dir='ltr'><strong>a</strong></span> <span class='ocrx_word' id='word_1_781' title='bbox 1538 2769 1624 2792; x_wconf 85' lang='lat' dir='ltr'><strong>matre</strong></span> <span class='ocrx_word' id='word_1_782' title='bbox 1650 2767 1815 2800; x_wconf 86' lang='lat' dir='ltr'><strong>propositam</strong></span> 
     </span>
     <span class='ocr_line' id='line_1_113' title="bbox 1022 2809 1130 2829; baseline 0 -1"><span class='ocrx_word' id='word_1_783' title='bbox 1022 2809 1077 2829; x_wconf 85' lang='lat' dir='ltr'><strong>scrt</strong></span> <span class='ocrx_word' id='word_1_784' title='bbox 1100 2809 1105 2828; x_wconf 83' lang='grc' dir='ltr'><strong>ι</strong></span> <span class='ocrx_word' id='word_1_785' title='bbox 1123 2822 1130 2829; x_wconf 93' lang='grc'>.</span> 
     </span>
    </p>
   </div>
   <div class='ocr_carea' id='block_1_112' title="bbox 1022 2801 1130 2829">
    <p class='ocr_par' dir='ltr' id='par_1_112' title="bbox 1022 2801 1130 2829">
     <span class='ocr_line' id='line_1_114' title="bbox 1022 2801 1130 2829; baseline 0 -1"><span class='ocrx_word' id='word_1_786' title='bbox 1022 2801 1130 2829; x_wconf 86' lang='lat' dir='ltr'><strong>scribit.</strong></span> 
     </span>
    </p>
   </div>
   <div class='ocr_carea' id='block_1_113' title="bbox 220 2663 970 2701">
    <p class='ocr_par' dir='ltr' id='par_1_113' title="bbox 220 2663 970 2701">
     <span class='ocr_line' id='line_1_115' title="bbox 220 2663 970 2701; baseline -0.005 -9"><span class='ocrx_word' id='word_1_787' title='bbox 220 2664 268 2701; x_wconf 68' lang='grc' dir='ltr'><strong>(ὅ)</strong></span> <span class='ocrx_word' id='word_1_788' title='bbox 280 2664 570 2701; x_wconf 25' lang='grc' dir='ltr'><strong>Ρεηοιιςιγηληιίιιεηιίι</strong></span> <span class='ocrx_word' id='word_1_789' title='bbox 584 2669 697 2701; x_wconf 79' lang='lat' dir='ltr'><strong>_gerunt.</strong></span> <span class='ocrx_word' id='word_1_790' title='bbox 717 2663 779 2701; x_wconf 65' lang='lat' dir='ltr'><strong>Hice</strong></span> <span class='ocrx_word' id='word_1_791' title='bbox 792 2663 880 2701; x_wconf 84' lang='lat' dir='ltr'><strong>prima</strong></span> <span class='ocrx_word' id='word_1_792' title='bbox 902 2663 970 2701; x_wconf 81' lang='lat' dir='ltr'><strong>ratio</strong></span> 
     </span>
    </p>
   </div>
   <div class='ocr_carea' id='block_1_114' title="bbox 183 2699 971 2732">
    <p class='ocr_par' dir='ltr' id='par_1_114' title="bbox 183 2699 971 2732">
     <span class='ocr_line' id='line_1_116' title="bbox 183 2699 971 2732; baseline -0.006 -3"><span class='ocrx_word' id='word_1_793' title='bbox 183 2699 345 2729; x_wconf 84' lang='lat' dir='ltr'><strong>conciliandi</strong></span> <span class='ocrx_word' id='word_1_794' title='bbox 365 2699 517 2727; x_wconf 68' lang='lat' dir='ltr'><strong>Matthaaum</strong></span> <span class='ocrx_word' id='word_1_795' title='bbox 533 2704 560 2726; x_wconf 91' lang='lat' dir='ltr'><strong>et</strong></span> <span class='ocrx_word' id='word_1_796' title='bbox 584 2699 701 2731; x_wconf 84' lang='lat' dir='ltr'><strong>Lucam,</strong></span> <span class='ocrx_word' id='word_1_797' title='bbox 723 2699 767 2732; x_wconf 92' lang='lat' dir='ltr'><strong>qui</strong></span> <span class='ocrx_word' id='word_1_798' title='bbox 792 2699 818 2724; x_wconf 93' lang='lat' dir='ltr'><strong>in</strong></span> <span class='ocrx_word' id='word_1_799' title='bbox 835 2699 971 2724; x_wconf 76' lang='lat' dir='ltr'><strong>narrando</strong></span> 
     </span>
    </p>
   </div>
   <div class='ocr_carea' id='block_1_115' title="bbox 185 2732 969 2763">
    <p class='ocr_par' dir='ltr' id='par_1_115' title="bbox 185 2732 969 2763">
     <span class='ocr_line' id='line_1_117' title="bbox 185 2732 969 2763; baseline -0.005 -1"><span class='ocrx_word' id='word_1_800' title='bbox 185 2734 352 2763; x_wconf 88' lang='lat' dir='ltr'><strong>centurionis</strong></span> <span class='ocrx_word' id='word_1_801' title='bbox 385 2734 515 2762; x_wconf 83' lang='lat' dir='ltr'><strong>miraculo</strong></span> <span class='ocrx_word' id='word_1_802' title='bbox 547 2734 654 2762; x_wconf 85' lang='lat' dir='ltr'><strong>diil&#39;erre</strong></span> <span class='ocrx_word' id='word_1_803' title='bbox 693 2734 829 2762; x_wconf 83' lang='lat' dir='ltr'><strong>videntur.</strong></span> <span class='ocrx_word' id='word_1_804' title='bbox 876 2738 918 2759; x_wconf 76' lang='lat' dir='ltr'><strong>est</strong></span> <span class='ocrx_word' id='word_1_805' title='bbox 940 2732 969 2759; x_wconf 88' lang='lat' dir='ltr'><strong>S.</strong></span> 
     </span>
    </p>
   </div>
   <div class='ocr_carea' id='block_1_116' title="bbox 186 2767 972 2804">
    <p class='ocr_par' dir='ltr' id='par_1_116' title="bbox 186 2767 972 2804">
     <span class='ocr_line' id='line_1_118' title="bbox 186 2767 972 2804; baseline -0.006 -7"><span class='ocrx_word' id='word_1_806' title='bbox 186 2770 341 2804; x_wconf 81' lang='lat' dir='ltr'><strong>Augustin.,</strong></span> <span class='ocrx_word' id='word_1_807' title='bbox 358 2770 446 2801; x_wconf 69' lang='lat' dir='ltr'><strong>Betim,</strong></span> <span class='ocrx_word' id='word_1_808' title='bbox 463 2769 567 2796; x_wconf 82' lang='lat' dir='ltr'><strong>Leontii</strong></span> <span class='ocrx_word' id='word_1_809' title='bbox 585 2770 652 2802; x_wconf 89' lang='lat' dir='ltr'><strong>apud</strong></span> <span class='ocrx_word' id='word_1_810' title='bbox 667 2773 791 2795; x_wconf 72' lang='lat' dir='ltr'><strong>nostrum</strong></span> <span class='ocrx_word' id='word_1_811' title='bbox 809 2767 886 2794; x_wconf 81' lang='lat' dir='ltr'><strong>Joan.</strong></span> <span class='ocrx_word' id='word_1_812' title='bbox 905 2767 972 2793; x_wconf 80' lang='lat' dir='ltr'><strong>Mal-</strong></span> 
     </span>
    </p>
   </div>
   <div class='ocr_carea' id='block_1_117' title="bbox 187 2803 973 2838">
    <p class='ocr_par' dir='ltr' id='par_1_117' title="bbox 187 2803 973 2838">
     <span class='ocr_line' id='line_1_119' title="bbox 187 2803 973 2838; baseline -0.003 -8"><span class='ocrx_word' id='word_1_813' title='bbox 187 2803 291 2837; x_wconf 76' lang='lat' dir='ltr'><strong>dotiat.,</strong></span> <span class='ocrx_word' id='word_1_814' title='bbox 313 2806 358 2838; x_wconf 92' lang='lat' dir='ltr'><strong>qui</strong></span> <span class='ocrx_word' id='word_1_815' title='bbox 386 2812 446 2832; x_wconf 84' lang='lat' dir='ltr'><strong>eam</strong></span> <span class='ocrx_word' id='word_1_816' title='bbox 461 2804 605 2838; x_wconf 81' lang='lat' dir='ltr'><strong>&#39;scquitur.</strong></span> <span class='ocrx_word' id='word_1_817' title='bbox 636 2804 725 2831; x_wconf 84' lang='lat' dir='ltr'><strong>Altera</strong></span> <span class='ocrx_word' id='word_1_818' title='bbox 743 2803 914 2838; x_wconf 83' lang='lat' dir='ltr'><strong>quametiam</strong></span> <span class='ocrx_word' id='word_1_819' title='bbox 928 2809 973 2829; x_wconf 86' lang='lat' dir='ltr'><strong>se-</strong></span> 
     </span>
    </p>
   </div>
   <div class='ocr_carea' id='block_1_118' title="bbox 190 2838 972 2873">
    <p class='ocr_par' dir='ltr' id='par_1_118' title="bbox 190 2838 972 2873">
     <span class='ocr_line' id='line_1_120' title="bbox 190 2838 972 2873; baseline -0.003 -9"><span class='ocrx_word' id='word_1_820' title='bbox 190 2839 278 2866; x_wconf 69' lang='lat' dir='ltr'><strong>cundo</strong></span> <span class='ocrx_word' id='word_1_821' title='bbox 305 2839 363 2867; x_wconf 88' lang='lat' dir='ltr'><strong>loco</strong></span> <span class='ocrx_word' id='word_1_822' title='bbox 390 2839 510 2873; x_wconf 78' lang='lat' dir='ltr'><strong>adjungit</strong></span> <span class='ocrx_word' id='word_1_823' title='bbox 533 2839 576 2866; x_wconf 88' lang='lat' dir='ltr'><strong>hic</strong></span> <span class='ocrx_word' id='word_1_824' title='bbox 596 2839 675 2866; x_wconf 81' lang='lat' dir='ltr'><strong>Pater</strong></span> <span class='ocrx_word' id='word_1_825' title='bbox 707 2843 748 2866; x_wconf 88' lang='lat' dir='ltr'><strong>est</strong></span> <span class='ocrx_word' id='word_1_826' title='bbox 772 2838 800 2864; x_wconf 88' lang='lat' dir='ltr'><strong>S.</strong></span> <span class='ocrx_word' id='word_1_827' title='bbox 820 2838 972 2871; x_wconf 80' lang='lat' dir='ltr'><strong>Chrysost.,</strong></span> 
     </span>
    </p>
   </div>
  </div>
