1875 3055
11 108 70 141 829

714 109 882 141 IIOMILIA
901 102 1019 143 XLtv.‘

1598 114 1654 148 830

12 168 213 203 ἠλευθέρωσεν
229 175 236 184 ·
251 167 321 195 ἀλλὰ
334 167 381 195 καὶ
395 168 445 204 τὴν
458 169 606 204 μαχλῶσαν
632 169 735 204 πόρνην
764 169 810 204 τῆς

914 172 1045 205 dibusque
1062 172 1166 206 peccati
1184 171 1309 207 purgavit
1321 171 1361 206 ⁶¹¹;
1384 171 1477 200 Simon
1497 173 1654 203 Pharisazus

12 213 160 246 δυσώδους
188 214 329 249 ἁμαρτίας
360 215 491 250 ἐκάθηρε.
509 216 600 250 Σίμων
622 216 636 242 6
666 216 812 249 Φαρισαῖος

14 259 102 286 κειλεῖ
115 260 162 286 τὸν
178 259 283 295 Κύριον
295 260 336 291 εἰς
349 261 472 287 ἑστίασιν
483 268 490 276 ·
505 261 574 287 ἀλλὰ
587 261 632 287 καὶ
641 260 741 294 Μάρθα
750 261 811 286 τοῦ-

14 313 65 331 τον
81 306 125 335 εἰς
147 305 193 332 τὸν
208 304 285 332 οίκον
314 306 401 341 αὐτῆς
429 306 590 340 ὑπεδέξατο.
608 307 744 333 Ἀλθαίνει
768 306 815 334 τὸν

14 349 66 375 τοῦ
84 350 290 386 ἑκατοντάρχου
304 352 390 378 παῖδα
402 352 563 384 ἀπαλλάξας
578 353 661 380 αὐτὸν
675 352 722 379 τοῦ
734 353 815 387 νοσή-

17 404 111 430 ματος
133 404 139 411 ·
153 396 222 422 ἀλλὰ
239 398 287 423 καὶ
307 398 347 434 τῷ
363 399 474 433 πυρετῷ
497 399 667 434 ἐπιτιμήσας
692 398 816 433 σφοδρῶς

3 442 70 476 -τὴν
89 442 228 477 πενθερὰν
243 443 368 477 Σίμωνος
383 444 521 479 φλέγοντι,
536 445 674 480 τοσαύτην
701 446 816 480 ἐποίησε

15 487 67 513 τοῦ
91 488 180 514 κακοῦ
208 489 258 524 τὴν
284 489 460 526 ἀπαλλαγὴν,
479 491 517 522 ὡς
547 491 616 526 πρὸς
637 491 667 518 τὸ
683 491 815 518 διακονεῖν

17 533 180 568 ἐπιρρῶσαι
205 534 255 570 τὴν
278 535 329 571 ἤδη
358 536 591 572 προσδοκωμένην
619 537 815 572 τεθνὴξασοαι.

19 580 106 613 Ὀψει
122 581 149 607 δὲ
166 581 247 608 αὐτὸν
276 582 429 609 ἁνιστῶντα
455 583 505 618 μὲν
537 583 691 619 τεθνηκότα
703 585 751 611 καὶ
770 584 817 611 τὸν

17 625 72 659 τῆς
87 626 180 662 χήρας
215 628 285 659 υἱὸν,
304 628 373 655 ἀλλὰ
403 629 497 656 καὶτὸ
519 629 635 665 Ἰαείρου
656 629 816 665 θυγάτριον.

17 671 78 697 Καὶ
98 673 232 708 μαθητῶν
246 674 321 709 αὒτῷ
340 675 469 709 ἐφείπετο
486 675 590 708 θίασος,
606 675 676 702 ἀλλὰ
691 676 739 702 καὶ
763 685 817 711 μα-

18 717 138 752 θήτριαι
157 719 334 755 διηκόνησαν,
350 721 497 748 ἀπόστολοι
518 722 660 756 γεγονυῖαι
686 722 735 757 τῆς
750 722 817 748 ἁνα-

18 764 160 796 στάσεως.
181 765 264 801 ὀρᾷς
282 766 330 792 τοῦ
359 767 452 794 κοινοῦ
466 768 605 795 Δεσπότου
627 767 674 794 καὶ
696 768 817 795 πλάστου

16 810 66 836 καὶ
81 811 135 843 τὰς
148 812 309 847 εὐεργεσίας
324 814 436 847 κοινάς;
451 815 561 850 Ἐπειδὴ
572 815 626 850 γὰρ
641 815 816 851 ἀπηρυθρία-

18 864 72 883 σαν
90 857 122 888 ἐς
137 858 264 885 τοσοῦτόν
279 867 362 891 τινες.
379 860 417 892 ὡς
439 860 477 895 μὴ
494 861 597 896 κυρίως
608 861 752 896 ἄνθρωπον
766 861 816 898 τὴν

18 904 146 936 γυναῖκα
162 905 262 937 εἰπεῖν,
278 905 348 933 ἀλλὰ
366 906 450 942 μέρος
467 907 614 943 ἀνθρώπου
634 907 672 940 ὡς
687 908 817 935 πλασθεί-

19 958 72 976 σαν
102 951 136 977 ἐκ
159 952 207 986 τῆς
227 952 353 987 πλευρᾶς
379 953 426 980 τοῦ
458 954 566 989 ἀνδρὸς,
582 955 756 990 ἐπιστομίζει
773 955 818 982 διὰ

18 996 130 1023 τούτων
146 997 196 1028 τὰς
210 998 263 1024 τῶν
290 999 455 1034 κατηγόρων
471 1000 605 1033 γλωσςῶν
632 1001 817 1036 ἀχαλινώτους

18 1042 126 1077 ὁρμὰς,
145 1043 256 1075 δεικνὺς
274 1045 313 1076 ὡς
331 1046 434 1080 ἀρετῆς
451 1046 498 1073 καὶ
514 1047 612 1078 κακίας
624 1048 724 1082 ἐπίσης
741 1048 818 1074 αὺτο-

18 1089 158 1123 κρατορεῖ
171 1090 218 1115 καὶ
237 1089 306 1124 ἀνὴρ
330 1090 378 1117 καὶ
395 1091 476 1126 γυνή.
493 1091 575 1118 Ἀλλὰ
600 1092 687 1118 ταῦτα
709 1092 818 1127 εἴρηται

19 1133 98 1159 κατὰ
126 1135 262 1170 πάροδον·
294 1136 364 1163 αὐτὰ
387 1137 415 1163 δὲ
442 1137 476 1164 τὰ
508 1138 568 1174 ἱερὰ
601 1138 818 1175 ὲπαναλάϐωμεν

18 1177 115 1212 λόγια.

62 1234 73 1250 ί
92 1226 192 1261 Κύριε,
209 1228 223 1253 ὀ
244 1229 310 1260 παῖς
328 1237 380 1262 μου
394 1229 525 1265 βέϐληται
543 1231 572 1256 ἐν
587 1232 619 1267 τῇ
634 1231 708 1267 οἰκίᾳ
727 1241 819 1267 παρα-

21 1271 150 1305 λυτικὸς,
164 1273 258 1305 δεινῶς
271 1275 495 1310 βασανιζόμενος.
515 1286 524 1302 ι
546 1277 641 1312 Ἀθρει
653 1278 685 1313 δή
705 1287 764 1310 πως
790 1280 820 1306 ἐν

22 1318 125 1350 αὐταῖς
139 1316 173 1354 ἦν
188 1318 234 1346 τοῦ
249 1320 366 1346 θανάτου
376 1321 492 1357 δυσμαῖς
505 1331 512 1337 ·
530 1322 661 1362 ἐϐέϐλητο
673 1325 727 1359 γὰρ
742 1325 772 1351 ἐν
786 1326 819 1360 τῇ

23 1364 116 1399 οἰκίᾳ,
133 1364 172 1396 ὡς
188 1366 256 1400 μηδὲ
281 1365 412 1393 δύνασθαι
429 1367 510 1393 αὑτὸν
538 1368 654 1402 ἀγαγεῖν
679 1369 747 1404 πρὸς
773 1372 820 1396 τὸν

24 1410 146 1446 Κύριον.
164 1411 460 1448 Ἐκφαντικὼτεροντδὲ
478 1416 491 1441 ὁ
507 1414 714 1449 Λουκᾶςςζτοῦτο
730 1416 818 1450 δηλοῖ,

26 1456 175 1491 προσθεὶς,
192 1458 230 1490 ὡς
242 1458 339 1493 ἔμελλε
355 1459 494 1495 τελευτᾷν.
511 1459 591 1492 Τινὲς
619 1461 650 1487 δέ
668 1470 761 1496 φασιν,
782 1462 821 1494 ὼς

24 1502 71 1529 διὰ
87 1503 172 1531 τοῦτο
192 1505 255 1531 οὐδὲ
282 1507 461 1541 προσήγαγον
479 1506 560 1534 αὑτὸν
591 1507 724 1543 φέροντες
739 1510 767 1535 ὲν
780 1509 820 1544 τῷ

26 1549 178 1585 σκίμποδι,
193 1551 231 1583 ὡς
245 1551 279 1578 ἂν
295 1552 332 1588 μὴ
359 1552 511 1588 τελευτήσῃ
544 1553 706 1588 φερόμενος,
736 1563 821 1589 προσ-

25 1596 145 1630 δόκιμος
160 1595 198 1622 ὥν
210 1596 261 1632 ἤδη
274 1597 458 1632 τεθνήξασθαι
471 1607 479 1616 ⁸
493 1599 557 1634 ἐμοὶ
576 1599 604 1625 δὲ
627 1599 711 1633 δοκεῖ,
728 1600 766 1633 ὡς
790 1602 821 1628 οὐ

26 1641 192 1676 διὰταύτην
205 1642 255 1677 τὴν
282 1643 374 1670 αἰτίαν
401 1643 484 1670 αὑτὸν
510 1644 560 1671 οὐκ
589 1645 736 1679 ἐκόμισαν,
764 1646 822 1673 ἀλλ’

28 1688 208 1714 ὲπέπειστοό
222 1689 432 1725 ἑκατόνταρχος,
450 1690 488 1722 ὡς
508 1691 621 1719 δύναται
647 1693 695 1719 καὶ
717 1693 823 1719 ἀπόντα

28 1734 206 1769 θεραπεῦσαι
232 1735 279 1761 τὸν
307 1735 422 1770 Κύριον.
447 1737 504 1764 Καὶ
528 1737 609 1763 τοῦτο
649 1738 768 1774 φανερὸν
794 1739 824 1771 ἐξ

27 1775 67 1806 ὧν
91 1779 206 1814 ἔλεγεν·
223 1789 232 1806 ι
261 1781 329 1808 Εἰπὲ
354 1781 444 1817 λόγον,
468 1782 517 1809 καὶ
541 1783 686 1818 ἰαθήσεται
714 1785 729 1811 ὁ
755 1786 822 1817 παῖς

29 1834 98 1861 μου.
119 1835 129 1851 )

69 1881 80 1898 ε
100 1872 184 1907 Λέγει
199 1873 274 1908 αὺτῷ
286 1874 300 1900 ὁ
315 1873 421 1909 Ἰησοῦς
433 1883 440 1890 ·
454 1875 526 1910 Ἐγὼ
550 1876 636 1903 ἐλθὼν
661 1877 825 1912 θεραπεύσω

29 1918 128 1945 αὐτόν.
154 1927 163 1944 ι
183 1919 233 1946 Διὰ
243 1919 270 1946 τί
283 1919 355 1946 οὓτω
368 1921 469 1957 ῥᾳδίως
486 1923 637 1958 ὑπήκουσε,
654 1925 701 1950 καὶ
713 1924 762 1960 τὴν
779 1925 825 1951 οε-

35 1965 162 2000 ραπείαν
178 1965 260 1997 εὐθὺς
276 1967 414 2002 ἐπήγαγε,
431 1968 521 1996 καίτοι
537 1971 587 1997 οὐκ
617 1970 720 2003 εἰωθὼς
733 1972 762 1998 ὲν
778 1971 827 1999 ἄλ-

28 2009 91 2042 λοις
113 2010 195 2037 τοῦτο
220 2012 318 2045 ποιεῖν;
345 2012 391 2048 Τῷ
412 2022 443 2039 τε
462 2013 516 2049 γὰρ
536 2015 620 2049 πατρὶ
637 2017 703 2050 περὶ
720 2015 768 2042 τοῦ
783 2025 827 2043 σε-

29 2055 234 2090 ληνιαζομένου
251 2056 346 2088 παιδὸς
357 2058 563 2092 γονυπετοῦντι,
580 2059 626 2085 καὶ
640 2059 765 2094 ζητοῦντι
777 2060 826 2095 τὴν

30 2101 187 2138 θεραπείαν
200 2102 246 2129 τοῦ
267 2104 419 2138 πάσχοντος
433 2104 596 2139 ἐπιπλήττει
619 2105 763 2140 πρότερον,
778 2115 826 2140 γε-

29 2147 98 2174 νεὰν
127 2146 243 2174 ἄπιστον
268 2148 315 2175 καὶ
342 2149 565 2185 διεστραμμένης)
587 2150 682 2178 εἰπών.
712 2152 766 2178 Καὶ
792 2153 826 2187 τῇ

867 216 1009 243 Dominum
1026 217 1058 242 ad
1073 216 1227 247 convivium
1242 220 1339 246 vocat,
1356 217 1402 243 sed
1418 221 1444 243 et
1462 218 1532 245 hunc
1549 217 1652 245 Martha

866 263 892 288 in
903 262 1012 288 domum
1025 269 1102 289 suam
1117 261 1267 296 recepit";
1284 266 1364 288 sanat
1376 263 1545 290 centurionis
1560 263 1657 296 ﬁlium,

868 315 984 341 cumque
1000 315 1014 334 τι
1031 308 1126 335 morbo
1142 308 1268 335 vcndicat
1278 307 1312 339 ⁸³,
1331 307 1377 334 sed
1391 311 1418 334 et
1431 308 1573 342 increpans
1586 309 1655 335 febri

868 354 987 381 Simonis
1017 361 1125 381 socrum
1150 354 1326 381 vehementer
1351 354 1460 385 urenti,
1495 358 1549 380 tam
1573 355 1658 382 tinum

866 403 987 430 restituit
1004 402 1162 435 valetudini,
1190 408 1218 430 ut
1242 403 1275 429 ad
1298 402 1505 429 ministrantium
1528 410 1559 429 ea
1586 404 1657 431 vires

866 449 996 481 haberet,
1016 457 1075 483 qua:
1099 455 1212 476 mortem
1235 448 1289 482 jam
1314 449 1488 482 exspectabat
1512 449 1657 476 imminen-

868 500 922 523 tem
935 495 970 524 ⁸⁸.
986 496 1097 524 Videbis
1121 496 1202 523 etiam
1224 495 1299 522 illttm
1322 500 1348 522 et
1374 495 1545 522 demortuum
1571 496 1657 523 vidua:

868 543 971 576 tilium,
998 548 1025 570 ct
1049 542 1114 569 Jairi
1139 542 1254 577 puellam
1282 542 1315 568 ad
1331 542 1413 568 vitam
1435 548 1563 569 revocare
1577 541 1610 568 ³⁸.
1626 543 1656 569 Et

868 589 977 622 quidem
995 588 1160 622 sequebatur
1175 587 1249 614 illum
1262 594 1340 614 sacer
1350 586 1544 621 discipulorum
1558 593 1658 619 caelus,

868 635 915 662 sed
928 639 955 661 et
970 634 1163 661 ministrabant
1178 633 1316 666 mulieres,
1332 633 1433 659 nuntiae
1449 634 1658 660 resurrectionis

869 680 1010 708 institutae.
1040 679 1122 707 Vides
1150 679 1302 707 communis
1333 678 1439 706 Domini
1469 682 1497 705 et
1532 678 1659 706 etlictoris

870 727 1011 760 utriusque
1021 734 1101 754 sexus
1111 725 1293 753 communiter
1305 725 1388 752 etiam
1395 725 1542 759 praestitam
1551 725 1659 759 utrique

869 771 1096 799 beneﬁcentiam?
1111 770 1193 806 310
1203 769 1336 803 Quoniam
1350 770 1423 797 enim
1438 776 1471 796 eo
1487 769 1659 804 impudentiae

870 817 954 852 aliqui
969 821 1171 852 processerunt,
1189 821 1217 844 ut
1233 817 1374 843 mulierem
1393 824 1446 843 non
1465 823 1525 842 esse
1548 815 1659 850 proprie

832 853 853 881 Β
869 863 1006 890 hominem
1026 864 1158 896 dicerent,
1178 863 1224 890 sed
1250 862 1369 890 hominis
1389 867 1505 896 partem,
1521 866 1612 896 utpote
1627 867 1661 888 ex

867 909 919 936 viri
938 909 1023 937 latere
1037 908 1144 942 ﬁctam;
1164 908 1284 936 refrenat
1301 916 1349 943 per
1369 907 1427 935 hac
1444 908 1575 935 Dominus
1602 915 1660 934 ma-

868 955 1017 983 ledicorum
1044 954 1167 988 linguas,
1196 959 1222 981 ct
1251 953 1397 981 eilrenatos
1423 960 1514 981 eorum
1543 953 1662 986 impetus

868 993 988 1034 coercet,
1003 1001 1151 1029 ostendens
1165 1001 1292 1028 virtutem
1310 1008 1342 1027 ac
1355 1000 1448 1027 vitium
1465 1007 1541 1034 neque
1558 999 1584 1026 in
1610 999 1660 1026 viri

869 1056 901 1075 ac
914 1048 1036 1076 mulieris
1059 1047 1174 1075 arbitrio
1198 1055 1230 1074 ac.
1261 1051 1394 1082 potestate
1415 1046 1501 1080 posita
1522 1053 1593 1073 esse.
1608 1045 1662 1073 Sed

870 1095 928 1122 haec
943 1093 1033 1121 obiter
1052 1094 1124 1121 dicta
1143 1098 1225 1127 sunt;
1245 1092 1302 1128 jam
1321 1100 1397 1120 sacra
1414 1092 1472 1127 ipsa
1489 1092 1570 1119 verba
1587 1100 1663 1120 resu-

869 1148 986 1168 mutnus.

909 1238 918 1255 ι
941 1228 1067 1260 Domine,
1083 1235 1151 1262 puer
1165 1235 1241 1255 meus
1255 1227 1328 1262 jacet
1343 1226 1370 1254 in
1385 1226 1466 1254 domo
1483 1225 1661 1262 paralyticus,

871 1281 899 1304 et
913 1276 983 1304 male
996 1280 1149 1310 torquetur.
1168 1283 1178 1300 ι
1195 1274 1311 1301 Adverte
1327 1273 1400 1308 quod
1416 1274 1450 1300 ad
1467 1273 1554 1307 ipsutn
1567 1273 1662 1301 mortis

871 1322 999 1357 vergebat
1011 1328 1151 1348 occasum.
1164 1319 1277 1347 Jacebat
1292 1319 1365 1347 enim
1383 1319 1411 1346 itt
1428 1318 1509 1346 domo
1526 1323 1579 1346 tam
1593 1318 1663 1346 male

872 1368 995 1400 allectus,
1020 1372 1051 1395 ut
1073 1367 1108 1395 ad
1124 1366 1268 1394 Dominum
1297 1365 1394 1393 adduci
1411 1372 1465 1392 non
1481 1369 1584 1399 posset.
1605 1363 1662 1392 Ex-

872 1415 993 1451 pressius
1009 1417 1098 1441 autent
1115 1413 1166 1440 hoc
1181 1412 1272 1440 Lucas
1285 1411 1406 1440 ostendit
1417 1411 1577 1446 adiungens,
1590 1411 1662 1445 quod

873 1467 933 1490 erat
953 1462 1100 1489 moriturus
1115 1461 1147 1486 “.
1163 1460 1252 1494 Aliqui
1269 1466 1352 1494 porro
1368 1458 1472 1492 dicunt,
1489 1465 1520 1484 ea
1535 1458 1568 1488 de
1581 1464 1662 1484 causa

874 1509 901 1536 in
918 1508 1031 1544 grabato
1049 1514 1102 1534 uolt
1122 1505 1208 1532 fuisse
1219 1505 1405 1540 deportatum,
1422 1510 1456 1536 ne
1471 1503 1577 1530 scilicet
1591 1503 1663 1529 inter

873 1554 1014 1582 ferendum
1041 1552 1124 1579 vitatu
1150 1551 1260 1583 ﬁniret,
1298 1556 1359 1577 cum
1395 1554 1448 1576 tam
1477 1552 1550 1576 esset
1581 1547 1662 1575 morti

873 1599 990 1627 vicinus.
1017 1597 1083 1624 Mihi
1110 1603 1175 1624 vero
1201 1603 1254 1623 non
1278 1602 1309 1622 ea
1337 1601 1418 1622 causa
1447 1601 1500 1621 non
1530 1593 1662 1620 adductus

874 1645 958 1673 fuisse
974 1644 1091 1675 videtur,
1109 1643 1156 1669 sed
1174 1642 1245 1676 quod
1261 1640 1409 1668 conﬁderet
1424 1638 1549 1666 centurio
1564 1638 1664 1664 absen-

875 1695 927 1718 tem
949 1690 1031 1717 etiam
1058 1697 1073 1716 a
1095 1689 1208 1715 Domino
1225 1694 1304 1722 posse
1330 1686 1433 1713 sanari.
1453 1684 1530 1717 Quod
1549 1691 1582 1711 ex
1598 1683 1664 1718 ipsis

874 1735 932 1770 ejus
957 1735 1047 1762 verbis
1067 1733 1238 1769 perspicuum
1266 1733 1295 1760 ﬁt
1310 1741 1318 1760 :
1336 1741 1345 1758 ‹
1363 1732 1410 1759 Dic
1434 1732 1528 1763 verbo,
1545 1734 1574 1758 et
1586 1737 1665 1758 sana-

875 1781 949 1809 bitur
965 1787 1031 1815 puer
1047 1787 1134 1806 meus.
1156 1788 1166 1805 ι

915 1883 924 1900 ι
941 1872 1013 1900 Dicit
1028 1871 1052 1897 ei
1068 1869 1146 1897 Jesus
1163 1877 1170 1896 :
1188 1869 1243 1903 Ego
1259 1867 1376 1899 veniam,
1394 1871 1421 1894 et
1437 1865 1538 1893 curabo
1559 1872 1632 1892 ettm.
1652 1873 1662 1890 I

875 1919 965 1952 Quare
977 1922 1029 1944 tam
1042 1916 1121 1944 facile
1133 1915 1253 1947 exaudit,
1270 1918 1298 1941 et
1312 1918 1365 1940 tam
1380 1913 1470 1940 subito
1483 1911 1666 1939 valetudinem

877 1965 999 1996 confert,
1028 1969 1090 1989 cum
1116 1961 1143 1988 in
1160 1959 1222 1987 aliis
1237 1967 1290 1987 non
1314 1959 1351 1986 ita
1371 1957 1463 1985 facere
1485 1954 1666 1984 consuesset?

877 2010 983 2038 Etenim
999 2007 1110 2036 lunatici
1129 2007 1174 2033 ﬁlii
1190 2010 1330 2041 parentem
1354 2004 1388 2031 ad
1411 2010 1498 2038 genua
1523 2002 1666 2037 prociden-

879 2063 944 2089 tcm,
962 2061 990 2083 ct
1011 2055 1082 2082 male
1106 2053 1195 2080 allecti
1217 2050 1397 2079 valetudinem
1420 2049 1609 2077 obsecrautem
1628 2047 1668 2074 in-

878 2106 972 2138 crepat
1003 2101 1098 2135 prius,
1128 2098 1330 2133 generationem
1358 2093 1524 2122 incredulattt
1545 2098 1573 2120 et
1596 2099 1666 2133 pcr-

878 2155 1096 2178 versamzvocans
1109 2145 1141 2172 ³⁷.
1158 2145 1191 2172 Ει
1205 2144 1367 2171 (Ξιιαιιειιεοω
1383 2148 1478 2176 magno
1492 2148 1553 2167 cum
1570 2139 1667 2166 atl'eelu

31 2194 181 2229 Χαναναία
206 2194 369 2230 περιπαθῶς
390 2195 569 2231 ἀντιϐολοὺσῃ
590 2198 654 2232 περὶ
671 2199 720 2233 τῆς
741 2198 810 2232 ουγα

915 2204 931 2223 o
957 2195 1011 2222 ﬁlia
1037 2191 1228 2227 supplicanti:
1247 2198 1256 2216 ‹
1275 2188 1335 2216 Νοιι
1360 2192 1412 2220 est,
1440 2187 1542 2221 inquit,
1566 2185 1666 2213 bonum

30 2242 99 2277 τρὸς
113 2249 121 2256 ·
140 2250 149 2266 ι
169 2241 226 2267 Οὐκ
255 2240 371 2274 ἔξεστιν,
397 2239 470 2274 εἶπε,
486 2241 579 2268 λαϐεῖν
608 2243 654 2270 τὸν
672 2243 753 2278 ἄρτον
774 2244 829 2271 ἀπὸ

31 2288 90 2316 τῶν
103 2287 221 2319 τέκνων,
235 2288 282 2314 καὶ
295 2287 389 2314 δοῦναι
407 2289 463 2319 τοῖς
477 2289 627 2325 κυναρίοις.
651 2298 661 2314 ι
685 2290 729 2316 Ἐν
743 2290 770 2316 δὲ
789 2291 829 2326 τῷ

34 2333 155 2368 παρόντι
169 2333 237 2367 ὁμοῦ
251 2341 281 2359 τε
292 2333 420 2369 ἤκουσεν,
432 2334 473 2361 ὅτι
485 2343 495 2359 (
516 2334 544 2361 '0
556 2335 621 2366 παῖς
635 2343 686 2370 μου
697 2335 828 2370 βέϐληται

33 2382 64 2407 ὲν
79 2382 115 2416 τῇ
131 2380 206 2415 οἰκίᾳ
225 2379 420 2415 παραλυτικὸς,
439 2389 449 2407 ι
466 2381 514 2408 καὶ
530 2381 599 2416 πρὸς
609 2381 659 2415 τὴν
678 2381 828 2417 θεραπείαν

33 2427 193 2461 ἐπείγεται.
210 2427 261 2452 Διὰ
275 2426 319 2459 τί;
336 2426 475 2462 Ἐπειδὴὸ
491 2427 542 2458 τὰς
569 2427 683 2463 καρδίας
706 2428 828 2462 ἐρευνῶν

34 2473 87 2500 καὶ
114 2472 213 2507 μέχρις
239 2472 350 2499 ἐννοιῶν
374 2473 465 2508 ψυχῆς
485 2473 686 2508 ὲξικνούμενος,
707 2474 766 2510 ᾔδει
780 2475 829 2501 τοῦ

35 2518 242 2554 ἑκατοντάρχου
254 2519 304 2554 τὴν
314 2519 404 2545 πίστιν
416 2519 501 2555 ὁπόπη
516 2528 558 2551 τις
570 2517 614 2555 ἧν.
623 2520 679 2556 Τὴν
691 2520 772 2556 χάριν
782 2519 830 2548 οὖν

36 2564 110 2600 πρὸς
126 2564 177 2599 τὴν
192 2564 285 2591 πίστιν
306 2565 413 2600 μετρεῖ,
432 2566 480 2591 καὶ
489 2565 539 2600 τὴν
565 2565 638 2593 ἴασιν
654 2566 828 2601 ὑπισχνεῖται

877 2230 988 2270 sume-re
1014 2247 1110 2275 panem
1138 2238 1273 2268 ﬁliorum,
1290 2241 1318 2263 et
1340 2235 1405 2263 dare
1428 2234 1541 2261 canibus
1552 2232 1584 2259 ⁸⁸.
1605 2240 1614 2257 ι
1637 2230 1666 2258 In

878 2287 1003 2323 prmsenti
1015 2293 1080 2314 vero
1093 2284 1213 2313 simulac
1228 2283 1324 2315 audiit,
1340 2281 1411 2317 quod
1425 2290 1447 2311 ,ι
1461 2281 1530 2307 Puer
1541 2286 1616 2306 meus
1629 2277 1667 2313 (6)

875 2334 950 2369 jacet
973 2333 999 2360 in
1023 2333 1103 2359 domo
1127 2330 1307 2365 paralyticus,
1326 2338 1336 2354 ι
1358 2327 1542 2354 valetudinem
1569 2324 1668 2351 alIerre

879 2378 1036 2408 maturavit.
1057 2375 1265 2411 Quamobrem?
1278 2375 1348 2408 Quia
1371 2373 1501 2401 nimirum
1522 2371 1567 2406 qui
1585 2370 1668 2398 corda

879 2431 1030 2460 scrutatur,
1052 2431 1080 2453 et
1106 2424 1230 2461 pervadit
1251 2422 1335 2450 animi
1360 2428 1476 2454 sensus,
1502 2421 1669 2454 cognoverat

880 2479 979 2509 quanta
995 2471 1164 2500 centuriatus
1185 2470 1252 2498 ﬁdes
1271 2473 1355 2497 esset.
1371 2468 1492 2495 Gratiam
1511 2466 1592 2501 igitur
1616 2464 1669 2492 ﬁde

880 2520 1008 2552 metitur,
1028 2523 1055 2546 et
1075 2518 1243 2546 curationem
1267 2516 1358 2543 subito
1389 2514 1532 2549 pollicetur
1551 2520 1559 2539 :
1576 2515 1605 2538 ut
1630 2510 1667 2538 ita

879 2568 963 2595 etiam
987 2565 1094 2601 gentilis
1121 2563 1240 2591 hominis
1266 2562 1374 2589 fervens
1398 2560 1484 2595 pietas
1504 2558 1604 2587 Iudaeis
1621 2564 1666 2585 se-

75 2634 98 2649 "
119 2632 198 2669 Joan.
220 2641 256 2666 tv,
276 2633 293 2660 Ἰ
312 2640 391 2668 seqq.
428 2634 451 2650 θ’
469 2633 537 2662 Luc.
559 2643 607 2667 vu,
628 2635 679 2668 56;
703 2644 730 2669 ιι,
753 2637 810 2664 59-λ

933 2636 1028 2664 Matth.
1053 2643 1112 2667 VIII,
1134 2635 1178 2662 15.
1217 2634 1240 2650 ⁸⁵
1261 2631 1450 2669 Luc._tv,}'58,
1471 2631 1516 2659 59.
1555 2630 1578 2646 ⁸⁸
1598 2629 1664 2658 Luc.

34 2677 97 2703 vn,
119 2668 151 2696 il
173 2677 262 2704 seqq;
282 2677 342 2703 vnt,
365 2670 399 2697 49
423 2677 500 2704 seqq.
540 2671 563 2686 θ’
582 2671 649 2699 Luc.
669 2679 723 2704 vn,
744 2671 771 2698 εὶ.

811 2673 833 2688 ⁸⁷
853 2672 919 2700 Luc.
940 2680 959 2704 ι,
983 2672 1028 2699 Μ.

1068 2671 1090 2687 ⁶⁸
1111 2670 1206 2697 lllattb.
1227 2677 1295 2701 xui,
1318 2667 1363 2695 26.

662 2738 822 2769 Francisvi
840 2737 946 2769 Scorsi
958 2740 1052 2768 notae.

57 2827 63 2831 ,
78 2798 118 2833 (6)
148 2797 224 2831 Quod
243 2807 308 2832 puer
333 2807 415 2827 meus.
442 2799 578 2833 Abruptus
594 2799 638 2826 hic
650 2807 744 2827 sensus
756 2800 781 2826 in
796 2799 826 2826 C.

38 2835 173 2863 Panorm.
193 2834 379 2862 deﬁcientibus
393 2840 454 2870 post
472 2834 599 2870 βέϐληται
611 2835 652 2863 his
663 2836 692 2862 ἐν
704 2836 736 2862 τῆ
756 2834 828 2861 οἰκία

883 2798 1081 2834 παραλυτικὸς,
1106 2797 1162 2834 aut
1190 2797 1259 2832 πρὸς
1277 2795 1328 2832 τὴν
1341 2792 1491 2831 θεραπείαν
1515 2794 1666 2829 ἐπείγεται,

882 2833 941 2866 qua:
953 2834 1002 2868 legi
1020 2834 1045 2861 iu
1062 2833 1131 2860 Gull.
