1875 3055
251 146 304 186 835

857 153 1106 185 THEOPHANIS
1127 153 1295 184 CERAMEI
1806 155 1839 188 836

252 213 374 239 ducatur.
393 209 460 237 Cum
475 209 525 236 hoc
539 208 619 243 igitur
635 208 671 236 ita
687 215 716 234 se.
729 208 840 240 habeat,
858 209 879 235 si
893 209 953 243 quis
969 210 1042 236 hunc

1096 209 1258 244 γενομένης,
1283 207 1333 242 τὴν
1361 207 1463 243 ἀρετὴν
1491 206 1712 241 ἀντεισάγεσθαι.
1732 207 1839 238 Τούτουξέ

253 256 442 285 centurionem
463 255 570 282 studeat
586 254 719 286 aemulari,
734 254 806 281 dicet
822 254 897 287 huic,
915 254 997 287 Vade,
1014 261 1041 281 et

1092 254 1180 286 οὕτως
1209 254 1329 289 ἔχοντος,
1352 252 1436 287 εἴπερ
1463 261 1506 283 τις
1521 251 1610 278 ὲθέλει
1623 252 1671 278 τὸν
1683 253 1840 290 ἑκατόνταρχον

251 303 335 330 vadit.
353 302 447 335 Qualis
464 300 526 328 hic?
544 301 580 327 De
602 308 656 334 quo
681 300 808 327 nimirum
826 299 968 334 discipulis
992 300 1042 326 Do-

1096 301 1185 327 τοῦτον
1197 299 1307 335 ζηλοῦν,
1316 300 1374 334 ἐρεῖ
1381 299 1468 331 τούτῳ
1483 306 1490 313 '
1500 298 1714 334 Πορεύθητι,καὶ
1722 300 1841 333 πορεύεται,

255 349 345 376 minus
359 348 427 375 dixit
444 357 451 374 :
472 357 480 373 ι
500 348 599 374 Dieetis
611 347 673 373 huic
685 347 780 378 monti,
793 345 910 379 Tollere,
926 351 952 373 et
964 346 1042 373 tolle-

252 400 295 421 tur
306 395 339 427 ",
351 404 360 420 I
371 394 481 429 signans
493 390 642 420 lunaticum
655 393 719 420 illud
735 391 896 420 dauuonium
911 392 978 428 (10).
987 392 1042 419 lloc

252 448 316 468 vero
329 440 497 472 diseedente,
524 438 666 466 advocabit
683 446 737 466 non
757 438 881 465 eumdem
899 445 975 471 sane,
994 437 1041 465 sed

252 494 314 513 eum
334 486 380 520 qui
398 485 449 513 sibi
462 489 592 520 acceptus
609 492 641 512 ac
659 484 776 512 dilectus
787 488 837 511 est.
853 483 1042 511 Exlerminato

251 533 323 560 enim
338 532 396 559 vitii
413 531 566 563 defensore.
584 529 828 563 succeditjuslitiae
844 535 1041 564 propugnator,

252 579 365 612 indutus
395 579 535 605 thoracem
558 577 681 612 justitiam,
696 581 723 603 et
739 576 816 611 galea
833 576 931 603 salutis
945 581 970 602 et
984 576 1040 611 gla-

252 624 296 651 dio
309 624 425 657 Spiritus
439 628 572 650 armatus.
597 622 675 649 Tunc
691 629 879 660 vero_corpus,
897 622 967 656 quod
986 630 1043 648 ser-

251 669 317 695 vitio
330 668 410 703 313
424 668 523 695 factum
537 672 589 700 est,
603 672 732 698 mentem,
745 671 774 694 ut
787 667 923 694 dominam
938 667 1044 694 timebit

252 722 348 746 suam,
381 718 408 741 et
435 713 554 741 debitum
582 712 721 748 praestabit
747 713 923 745 famulatum,
940 717 969 740 ut
990 720 1042 738 non

253 761 368 796 amplius
397 761 488 789 carnis
514 760 628 788 all‘eclus
649 760 757 795 spiritui
773 760 945 788 adversetur.
971 759 1043 786 Fieri

254 808 353 842 quippe
387 815 442 835 non
469 812 568 841 potest,
591 811 622 834 ut
647 807 786 834 contrario
807 806 893 834 milite
910 811 1045 842 praesente

254 861 353 887 corpus
366 853 473 880 obediat
485 852 662 880 moderamini
688 853 814 880 rationis.
833 852 924 886 Quare
938 856 966 879 et
981 859 1042 885 nos,

254 899 365 932 fratres,
384 899 446 926 dum
474 899 647 927 centuriones
671 906 777 931 suums,
806 899 856 925 hoc
880 903 921 926 est
946 898 1045 926 multos

253 945 356 972 malitia
371 945 558 980 praecedimus,
570 949 598 972 ct
607 945 718 978 Caesari,
734 945 784 972 hoc
796 948 836 972 est
848 944 956 972 diabolo
968 953 1046 972 mutt-

254 991 279 1018 di
298 991 423 1025 principi,
433 991 591 1026 mancipati,
600 991 732 1026 siquidem
746 990 906 1018 laudabilem
919 991 1045 1019 timorem

254 1035 345 1070 adepti
377 1043 483 1068 sumus,
510 1043 570 1062 cum
599 1036 753 1064 reverentia
780 1036 899 1064 cmlestis
916 1036 1046 1064 doctrina:

253 1081 366 1116 gratiam
385 1081 578 1116 suscipiamus,
594 1086 624 1108 ut
645 1081 690 1116 qui
720 1081 793 1116 digni
812 1089 865 1110 non
892 1082 978 1109 simus
999 1082 1045 1117 qui

253 1134 312 1154 eam
329 1127 505 1161 accipiamus.
523 1127 551 1155 Si
567 1135 632 1154 vero
650 1127 716 1155 tales
739 1128 917 1160 evaserimus,
935 1133 964 1156 ut
984 1137 1046 1163 pos-

253 1172 339 1200 simus
350 1173 532 1208 cogitationes
545 1181 559 1200 a
575 1173 652 1200 malis
663 1173 835 1208 passiouibus
847 1179 923 1201 ortas
936 1175 1045 1209 ejicere.

252 1223 280 1245 et
300 1226 393 1245 earum
415 1219 475 1246 loco
489 1219 603 1247 virtutes
620 1219 647 1246 in
663 1220 783 1246 animum
808 1220 1001 1254 iutromittere,
1019 1226 1046 1248 et

251 1269 350 1297 corpus
366 1263 399 1289 ad
415 1270 474 1290 eam
497 1271 556 1297 quae
574 1264 724 1290 secundum
752 1263 835 1290 Deum
853 1268 912 1296 est,
939 1265 1045 1291 vivendi

251 1307 385 1335 rationem
415 1309 550 1344 subigere,
575 1313 639 1336 tunc
657 1308 740 1336 etiam
757 1313 879 1336 nostrum
899 1310 1046 1343 unusquis-

252 1361 306 1388 que
321 1354 420 1389 poterit
434 1356 564 1383 audacter
575 1357 685 1383 dicere:
701 1355 794 1383 Habeo
809 1356 859 1383 sub
877 1364 919 1384 me
933 1357 1044 1389 milites,

252 1403 280 1427 et
294 1400 355 1427 dico
366 1401 391 1428 ei
408 1401 454 1435 qui
483 1401 571 1429 malus
582 1405 634 1434 est,
650 1400 737 1434 Vade,
750 1407 778 1429 et
789 1402 882 1436 vadit;
898 1408 925 1430 et
938 1403 974 1435 ei,
998 1403 1044 1438 qui

252 1444 349 1478 bonus,
372 1444 452 1480 Veni,
468 1447 597 1480 etvenit;
619 1451 646 1474 et
666 1447 774 1482 corpori
791 1455 863 1480 meo,
890 1447 972 1476 Emee
987 1450 1045 1476 vir-

253 1490 320 1518 tutis
336 1498 414 1526 opus,
441 1497 468 1520 et
493 1491 558 1520 facit
572 1493 600 1520 in
622 1493 733 1521 Christo
762 1493 828 1521 Jesu
855 1493 969 1522 Domino
993 1502 1044 1522 no-

1093 347 1166 382 Ποίῳ
1179 347 1267 381 τούτῳ
1281 354 1289 378 ;
1304 345 1370 381 Περὶ
1387 343 1417 372 οὗ
1432 345 1489 376 τοῖς
1500 344 1634 379 μαθηταῖς
1644 343 1719 371 εἶπεν
1732 346 1749 371 6-
1758 347 1842 382 Κύριιςι

1095 402 1104 419 ι
1128 393 1233 427 Ἔρεττε
1244 392 1283 427 τῷ
1295 392 1354 427 ὄρει
1365 391 1453 426 τούτῳ
1464 398 1471 405 ·
1486 391 1615 425 Ἀρθητι,
1630 391 1679 417 καὶ
1693 391 1843 426 egoquam,»

1091 440 1201 471 δεικνὺς
1230 439 1260 465 τὸ
1286 438 1429 473 σεληναῖον
1452 437 1542 463 έκεῖνο
1554 437 1708 471 δαιμόνιον.
1732 438 1844 466 Τούτουᾶ

1093 486 1326 520 ὑποχωρήσαντος
1341 482 1525 519 προσκαλέσει
1539 483 1569 509 ού
1586 482 1632 509 τὸν
1649 483 1738 515 αὑτὸν,
1753 483 1808 511 ἀλλὰ
1817 485 1847 511 τὸν

1093 531 1274 566 καταθύμιον.
1296 529 1527 564 Ἀποδιωχθέντος
1553 529 1608 564 γὰρ
1635 529 1684 555 τοῦ
1710 529 1756 563 τῆς
1776 530 1846 561 κακίας

1094 577 1253 612 συμμάχου,
1266 576 1473 611 ἀντεισὲρχεται
1488 576 1502 601 ὁ
1511 576 1561 610 τῆς
1569 574 1743 610 δικαιοσύνης
1755 576 1848 611 ὁπλίτης,

1093 623 1268 657 ἐνδεδυμένος
1284 623 1331 649 τὸν
1356 623 1471 658 θώρακα
1503 623 1553 655 τῆς
1577 622 1759 656 δικαιοσύνης,
1772 623 1849 655 mitti

1094 669 1314 704 περικεφαλαίαν
1341 668 1389 696 τοῦ
1418 670 1567 705 σωτηρίου,
1593 670 1642 696 καὶ
1662 668 1712 695 τοῦ
1725 668 1850 703 Πνεύματις

1093 715 1143 751 τὴν
1157 715 1307 751 μάχαιραν.
1329 716 1385 742 Καὶ
1399 716 1461 742 τότε
1475 716 1599 750 φοϐεῖται
1611 715 1658 742 τὸν
1681 714 1770 750 κύριον
1793 715 1850 740 αὑτιῦ

1094 762 1140 788 τὸν
1164 761 1226 788 νοῦν
1241 763 1255 788 ό
1281 762 1376 794 δοῦλος
1390 763 1421 788 τὸ
1454 761 1546 797 σῶμα,
1564 762 1612 788 καὶ
1639 761 1690 797 τὴν
1723 760 1851 796 πρέπουσιν

1096 808 1250 843 ὑπηρεσίαν
1267 810 1350 842 ποιεῖ,
1366 808 1404 840 ὡς
1419 809 1518 844 μηκέτι
1530 809 1560 834 τὺ
1571 808 1701 843 φρόνημα
1719 808 1765 841 τῆς
1780 808 1850 842 σαρκὸς

1096 854 1238 890 ἀνταίρειν
1249 853 1288 889 τῷ
1301 854 1451 889 πνεύματι.
1476 853 1620 881 Ἀδύνατον
1637 854 1694 888 γὰρ
1710 853 1754 879 τοῦ
1762 853 1851 879 ἐναντίω

1098 900 1268 935 στρατιώτου
1296 901 1432 937 παρόντος
1444 901 1568 927 ὑπείκειν
1578 900 1608 927 τδ
1623 900 1705 934 σῶμα
1716 899 1752 934 τῷ
1765 899 1852 934 σὼφμη

1096 946 1230 982 λογισμῷ.
1245 947 1291 974 Διὸ
1305 947 1338 983 δὴ
1354 947 1401 973 καὶ
1418 948 1509 982 ἡμεῖς,
1524 946 1646 981 ἀδελφοὶ,
1659 946 1716 977 ἕως
1727 945 1800 979 ἐσμὲν
1811 946 1853 971 ἑκα-

1095 991 1249 1027 τόνταρχοι,
1268 992 1409 1019 τουτέστιν
1423 993 1463 1024 είς
1479 992 1579 1019 κακίαν
1605 991 1724 1023 πολλοὺς
1749 991 1852 1026 ὑπερϐάλ-

1096 1038 1200 1070 λοντες,
1226 1039 1273 1064 καὶ
1299 1038 1463 1073 δουλεύομεν
1493 1037 1668 1073 Καίσαριτῷ
1684 1038 1853 1073 κοσμοιράτιξι

1096 1084 1224 1120 διαϐόλῳ,
1239 1085 1292 1111 κᾶν
1306 1086 1356 1119 τὴν
1368 1085 1569 1120 ἐπαινουμένην
1591 1084 1698 1111 δειλίαν
1710 1083 1853 1118 κτησώμεθα,

1097 1131 1268 1165 αἰδεσθῶμεν
1286 1131 1336 1167 τὴν
1352 1132 1433 1166 χάριν
1456 1131 1505 1167 τῆς
1521 1131 1663 1165 θεολογίας
1695 1130 1853 1164 ὑποδέξασθαι,

1096 1177 1135 1209 ὡς
1151 1178 1200 1212 οὺχ
1216 1177 1304 1204 ἱκανοὶ
1319 1177 1423 1213 ταύτην
1445 1177 1538 1204 λαϐεῖν
1550 1186 1558 1194 ·
1575 1179 1599 1204 εἰ
1620 1178 1649 1204 δὲ
1662 1177 1779 1204 τοιοῦτοι
1795 1177 1853 1211 γενοῐι

1099 1223 1180 1258 μεθα,
1206 1223 1244 1254 ὡς
1269 1223 1403 1250 δύνασθαι
1435 1224 1499 1255 τοὺς
1515 1223 1564 1259 μὲν
1588 1223 1728 1258 ἐμπαθεῖς
1742 1223 1853 1257 λογισμοὶς

1097 1271 1286 1305 ἀποπέμπειν,
1298 1270 1346 1301 τὰς
1360 1270 1382 1296 δ’
1395 1270 1498 1305 ἀρετὰς
1521 1269 1700 1304 ἀντεισάγειν
1713 1271 1741 1295 ὲν
1759 1271 1787 1304 τῇ
1801 1269 1853 1302 tiam},

1097 1317 1146 1344 καὶ
1159 1317 1190 1343 τὺ
1205 1317 1286 1352 σῶμα
1306 1319 1338 1352 τῇ
1353 1317 1425 1344 κατὰ
1441 1317 1509 1344 Θεὸν
1542 1317 1670 1352 πολιτείᾳ
1697 1316 1853 1350 δουλαγωγεῐν,

1096 1363 1157 1389 τότε
1174 1363 1221 1389 καὶ
1233 1362 1312 1398 ἡμῶν
1328 1363 1444 1394 ἕκαστος
1461 1362 1573 1389 δύναται
1589 1362 1772 1397 ϐαρῤούντως
1788 1362 1853 1389 simia

1098 1410 1174 1444 Ἕχω
1182 1409 1228 1436 ὑπ’
1242 1410 1362 1446 ἐμαυτὸν
1370 1409 1551 1445 στρατιώτας,
1566 1409 1612 1436 καὶ
1626 1409 1704 1443 λὲγῳ
1714 1409 1754 1443 τῷ
1764 1407 1853 1442 πονηρᾷ

1096 1455 1260 1492 Πορεύθητι,
1278 1456 1326 1482 καὶ
1343 1455 1511 1490 πορεύεται·
1528 1456 1574 1481 καὶ
1590 1455 1630 1489 τῷ
1639 1454 1744 1489 ἀγαθῷ
1755 1463 1763 1470 ο
1779 1454 1853 1489 Ἐρχιιη

1098 1502 1145 1529 καὶ
1158 1502 1270 1537 ἔρχεται
1284 1509 1291 1517 ·
1311 1501 1359 1528 καὶ
1375 1501 1414 1536 τῷ
1430 1501 1537 1535 σώματι
1552 1510 1602 1536 μου
1614 1509 1620 1516 ·
1635 1502 1762 1536 Ποίησον
1776 1500 1818 1535 τὴν
1832 1500 1853 1531 Tit

253 1542 324 1570 stro,
339 1538 381 1566 cui
404 1538 489 1572 gloria
511 1544 538 1566 et
558 1538 700 1574 imperium
715 1539 742 1567 in
758 1539 856 1568 saecula
872 1540 1042 1568 saeculorum.

1097 1550 1199 1585 ἀρετῆς
1234 1548 1379 1584 ἐργασίαν,
1397 1548 1446 1574 καὶ
1474 1549 1546 1574 ποιεῖ
1569 1548 1598 1574 ὲν
1614 1548 1734 1583 Χριστῷ
1758 1545 1853 1581 ’1ησοῦτή

251 1583 350 1610 Amen.

529 1696 670 1724 llOMlLlA
705 1697 783 1727 XLV.

406 1741 442 1768 De
458 1742 536 1769 diuite
548 1743 725 1778 interrogante
741 1744 893 1773 Dominum.

288 1787 363 1820 Quod
393 1788 418 1814 in
436 1789 581 1822 unguentis
598 1794 703 1817 e‘rosa
732 1795 759 1818 et
789 1791 906 1818 aliorum
931 1800 1044 1820 suaveo—

253 1832 364 1859 lentium
379 1833 472 1860 llorum
488 1834 684 1868 compositione
694 1836 812 1863 conditis
826 1837 952 1864 accidere
964 1837 1041 1871 solet,

254 1884 283 1905 ut
309 1879 331 1906 si
360 1879 511 1907 lurluribus
536 1887 584 1907 seu
611 1881 744 1909 columbis
764 1882 959 1910 admoveantur
974 1883 1042 1918 (Η),

252 1925 420 1952 robustiores
438 1933 484 1953 eas
501 1925 620 1954 ciliciant
634 1948 643 1960 ,
661 1928 782 1956 vultures
801 1934 890 1956 autem
906 1929 961 1966 (12)
980 1938 1042 1957 car-

252 1969 342 1996 nivori
374 1977 468 1997 eorum
496 1976 622 1998 contactu
653 1972 745 1999 statim
774 1972 982 2007 labefactentur,
1011 1982 1044 2002 eo

252 2014 347 2048 quod,
374 2019 444 2041 tctro
472 2014 549 2042 odori
579 2016 801 2051 corruptionique
828 2024 920 2045 eorum
947 2023 1043 2046 natura

253 2069 373 2098 assueta,
406 2065 477 2099 quod
503 2066 571 2093 bene
595 2066 650 2093 olet
667 2072 830 2095 aversantur
853 2076 885 2095 ac
910 2068 1041 2104 fugiunt:

253 2109 343 2136 simile
361 2110 489 2144 quiddam
508 2111 626 2137 sermoni
647 2117 740 2139 nostro
755 2113 898 2148 contingit,
909 2114 954 2148 qui
969 2121 1044 2141 com-

254 2156 373 2182 muniter
389 2155 421 2182 ad
449 2163 544 2183 omnes
569 2156 682 2189 effusus,
702 2165 756 2184 non
785 2158 855 2186 idem
872 2159 899 2186 in
916 2159 1044 2187 omnibus

1097 1596 1193 1630 Κυρίῳ
1207 1596 1296 1631 ἡμῶν,
1313 1591 1335 1629 ᾧ
1348 1596 1364 1630 ἡ
1379 1595 1443 1627 δόξα
1460 1595 1507 1621 καὶ
1520 1594 1549 1620 τὸ
1562 1594 1667 1630 κράτος
1683 1595 1727 1626 είς
1743 1593 1802 1625 τοὺς
1821 1592 1853 1618 aii

1097 1651 1145 1675 νας
1159 1643 1213 1669 τῶν
1228 1642 1343 1669 αἰώνων.
1365 1642 1464 1676 Ἀμήν.

1394 1693 1518 1721 ΟΜΙΛΙΑ
1531 1693 1588 1720 ME'

1096 1741 1166 1775 Περὶ
1193 1741 1246 1768 τοῦ
1267 1741 1476 1775 ἐρωτήσαντος
1501 1740 1657 1768 πλουσίου
1685 1741 1745 1766 τὸν
1769 1738 1853 1772 Ἰησίῖπ

1132 1785 1195 1814 υῗόν
1203 1797 1228 1814 τι
1240 1781 1401 1823 συμϐαίνειν
1411 1786 1489 1813 εῐωθε
1499 1787 1563 1820 περὶ
1573 1787 1606 1813 τὰ
1621 1786 1699 1822 μύρα
1709 1787 1746 1813 τὰ
1754 1786 1833 1812 ἐκτῶν
1841 1784 1853 1818 ii

1095 1835 1148 1861 δων
1163 1833 1307 1868 γινόμενα,
1322 1832 1370 1859 καὶ
1383 1834 1432 1868 τῆς
1441 1833 1495 1859 τῶι
1509 1832 1653 1868 ἡδυπνόων
1672 1833 1783 1858 ἀνθέων
1800 1834 1853 1856 sviti

1096 1888 1184 1913 σεως·
1202 1880 1290 1907 ταῦτα
1319 1880 1373 1916 γὰρ
1401 1880 1426 1906 εί
1460 1880 1510 1913 μὲν
1523 1879 1686 1915 τρυγόσινῆ
1717 1876 1853 1913 περιστερεῖ

1095 1926 1228 1962 προτεθῇ,
1246 1925 1466 1961 ρωμαλεωτέρας
1486 1925 1536 1951 αὐτ
1545 1925 1576 1956 ὰς
1603 1925 1812 1959 ἀπεργάζεται,
1825 1921 1853 1947 oi?

1096 1973 1257 2009 νεκροϐόροι
1284 1971 1371 2006 γῦπες
1385 1973 1418 2007 τῇ
1438 1971 1610 2008 προσψαύσει
1634 1971 1686 1997 τοῦ
1707 1971 1795 2006 μύρου
1814 1969 1853 1994 sit

1094 2018 1314 2054 διαφθείρονται·
1332 2017 1400 2053 πρὸς
1412 2018 1466 2053 γὰρ
1481 2017 1512 2044 τὸ
1535 2018 1654 2048 δυσῶδες
1678 2017 1732 2043 καὶ
1755 2013 1853 2048 διεφθιῇ

1095 2066 1112 2100 ἡ
1130 2065 1213 2100 φύσις
1229 2064 1320 2090 αὐτῶν
1340 2064 1447 2096 οἰκείως
1462 2064 1563 2098 ἔχουσα
1583 2063 1760 2098 μυσάττεται
1781 2061 1809 2087 τὸ
1824 2058 1853 2085 ad

1095 2111 1151 2143 δες,
1167 2110 1214 2137 καὶ
1229 2110 1434 2145 ἀποστρέφεται
1450 2117 1457 2124 ·
1477 2109 1597 2135 τοιοῦτόν
1609 2117 1635 2135 τι
1649 2110 1701 2135 καὶ
1719 2108 1786 2142 περὶ
1799 2104 1851 2131 τὶνξ

1095 2156 1262 2184 δασκαλικὺν
1276 2156 1356 2190 λόγον
1367 2156 1484 2190 γίνεται,
1497 2155 1527 2187 ὃς
1539 2156 1616 2190 κοινῇ
1643 2156 1717 2181 πᾶσι
1742 2152 1853 2189 προχεόμῑ

251 2209 401 2238 operatur:
418 2206 465 2232 sed
481 2210 614 2240 quotquot
624 2205 665 2232 vel
683 2211 820 2234 turturum
834 2208 1043 2241 continentiam,

1097 2213 1143 2236 νος
1154 2204 1185 2231 οὐ
1204 2203 1303 2230 ταύτὸν
1328 2203 1357 2230 ὲν
1384 2204 1468 2230 πᾶσιν
1499 2201 1648 2238 ἐργάζεται
1662 2210 1669 2216 ·
1686 2201 1750 2228 ἀλλ’
1765 2201 1819 2226 Boot
1838 2195 1853 2231 μί

251 2249 295 2277 vel
315 2249 504 2277 columbarum
524 2251 726 2286 simplicitatem
748 2253 856 2286 habent,
873 2254 890 2280 ii
907 2254 982 2281 suavi
997 2253 1044 2279 do-

249 2296 344 2322 ctrinae
357 2296 439 2322 odore
456 2297 623 2330 nutriuntur,
641 2302 668 2325 et
689 2298 787 2326 anima:
801 2299 953 2333 percipiunt
964 2298 1038 2326 utili-

288 2381 310 2396 -ιι
329 2377 422 2406 Matth.
443 2378 565 2408 “11,19.

1097 2250 1147 2286 τὴν
1160 2250 1214 2277 τῶν
1227 2250 1367 2286 τρυγόνων
1383 2249 1474 2285 ἔχουσι
1487 2249 1680 2284 σωφροσύνην,
1700 2249 1719 2284 ἢ
1742 2247 1796 2274 τῶν

1096 2297 1201 2332 στερῶν
1216 2297 1265 2332 τὴν
1281 2295 1479 2331 ἁχεραιότητα,
1498 2291 1571 2322 οὗτοι
1587 2296 1621 2330 τῇ
1645 2294 1754 2329 εὐωδὶᾳ
1777 2292 1824 2326 τῆς
1844 2288 1853 2313 δ

876 2424 1037 2455 Fruucisei
1052 2423 1157 2455 Scorsi
1177 2425 1270 2453 nolm.

287 2491 342 2525 (10)
369 2489 483 2523 Signum
513 2489 738 2525 lunaticuutillud
757 2488 1046 2525 (ίσῑηιοηὶιιῃιρ-ιλΙίνιιιίίι

252 2522 365 2553 ιιιὶῚΗιιιι
380 2525 475 2551 Matth.
491 2533 550 2559 cap.
564 2532 618 2551 xui
633 2533 638 2550 :
652 2524 747 2551 Diceu’s
759 2524 818 2549 Ιιιιὶι-
827 2524 919 2555 manli,
932 2522 1043 2554 Tollere,

252 2566 280 2588 et
299 2561 414 2590 tolletur.
443 2561 512 2594 quod
534 2561 647 2594 mystico
675 2560 806 2594 sensuide
826 2561 946 2594 daemone
956 2563 1044 2591 potest

251 2595 374 2629 intelligi.
388 2593 457 2628 Lugii
468 2603 526 2629 qum
538 2593 655 2622 diximus
669 2595 739 2620 lium.
816 2598 871 2629 not.
885 2593 930 2620 56.

286 2627 349 2664 (Hi
361 2627 517 2656 Turturibus
547 2637 591 2655 seu
609 2629 746 2655 columbis.
760 2628 816 2655 Mos
836 2627 887 2654 fttit
903 2627 1042 2655 veteribus

253 2663 393 2692 Columbus
414 2665 542 2692 odoribus
570 2665 741 2698 perfundere,
763 2672 794 2689 eo
811 2664 951 2695 nimirum,
969 2663 1040 2697 quod

251 2700 285 2727 iis
303 2700 509 2735 gaudeot;rhiuc
525 2700 567 2735 illa
598 2700 694 2735 Anacr.
714 2701 746 2725 ad
765 2698 916 2725 columbam
932 2705 939 2724 :

431 2734 570 2768 Ἐρασμίη
585 2734 693 2764 πέλεια,

428 2769 526 2800 Πόθεν,
546 2769 628 2795 πόθεν
645 2769 776 2800 πέτασαι,

431 2803 516 2829 Πόθεν
537 2804 573 2837 μύ
579 2811 632 2837 ρων
644 2803 779 2830 τοσούτων

438 2837 496 2862 Ἐπ’
513 2839 543 2871 ἠέ
549 2846 595 2871 ρος
616 2838 714 2864 θέουσα

435 2871 532 2903 ΙΙνέεις
546 2880 574 2897 τε
591 2874 637 2898 καὶ
649 2873 798 2907 ψεκάζεικ

1276 2484 1402 2512 Αιηιιὸιίὶι
1418 2483 1551 2515 columba,

1274 2520 1358 2551 Unde,
1375 2521 1443 2546 unde
1455 2520 1550 2553 pergis,
1563 2524 1609 2545 aut
1623 2520 1696 2554 quo?

1271 2555 1318 2582 Tal
1331 2557 1399 2581 unde
1415 2562 1484 2580 nunc
1503 2555 1596 2580 odores

1273 2590 1331 2616 ΙΙιιε
1344 2589 1468 2615 adrolans
1483 2596 1528 2621 per
1539 2597 1621 2616 auras

1269 2626 1409 2660 Spimaque
1421 2625 1572 2658 dvpluisque
1594 2626 1607 2652 2

1127 2686 1183 2721 (12)
1201 2686 1325 2712 Vultures
1352 2690 1450 2721 autem.
1463 2719 1467 2721 Δ
1479 2683 1540 2721 Non
1565 2685 1645 2721 modo
1661 2685 1829 2714 labefactari,
1850 2690 1853 2706 ι

1092 2719 1135 2749 hic
1159 2719 1261 2752 uoster,
1289 2721 1333 2747 sed
1352 2720 1433 2746 etiam
1463 2719 1579 2745 interimi
1596 2720 1724 2747 vultures
1750 2724 1851 2753 unguem

1091 2765 1107 2784 e
1137 2764 1197 2783 rosa
1226 2755 1356 2782 confertis
1384 2754 1518 2781 delihutos
1545 2754 1627 2780 tradit
1651 2755 1814 2782 Eustathius
1831 2754 1853 2777 At

1094 2792 1176 2818 tioch.
1203 2791 1229 2817 iu
1256 2791 1409 2817 Comment.
1441 2789 1467 2815 in
1486 2788 1614 2815 llexacm.
1651 2797 1737 2822 quem
1767 2791 1794 2816 in
1808 2790 1853 2815 lut‘r

1093 2827 1177 2853 edidit
1207 2825 1261 2852 Leo
1286 2823 1504 2851 Allatiuszti’atai
1514 2824 1554 2854 δὲ,
1580 2825 1678 2858 inquit,
1697 2825 1749 2852 τὸν
1772 2823 1853 2859 γῦπλτ

1096 2862 1188 2897 ῥόδινα
1206 2869 1280 2895 μυρα
1295 2859 1441 2895 χρισθέντα
1454 2859 1646 2894 ἀποθνήσκειν.
