1875 3055
48 217 205 250 δασκαλίας
234 217 398 254 τρεφόμενοι
421 218 471 254 τὴν
485 218 607 254 ψυχικὴν
618 218 758 254 τρυγῶσιν
774 218 848 253 ὠφέ-

47 265 129 291 λειαν
142 273 149 280 ·
169 265 228 291 Batti
256 264 285 291 δὲ
313 267 345 300 τῇ
366 265 480 292 δυσώδει
495 266 542 292 τοῦ
562 264 662 298 φθόνου
678 264 727 299 τὴν
740 264 846 291 ἑαυτῶν

47 311 135 345 φύσιν
167 310 335 346 διέφθειραν,
354 307 430 338 οὗτοι
451 310 579 346 καθάπερ
595 310 695 345 γῦπες,
710 309 728 345 ἢ
743 310 845 336 κάνθα-

49 365 96 391 ροι
125 356 346 392 ἀποστρέφονται
373 356 405 383 τὸ
433 357 482 392 τῆς
505 356 682 388 διδασκαλίας
705 355 844 391 θυμίαμα.

53 403 140 430 Ἀλλὰ
151 403 220 438 πρὶς
235 403 261 429 τί
275 403 384 438 βλέπων
396 403 559 438 ἐχρησάμην
567 403 605 438 τῷ
619 402 822 438 παραδείγματι
837 412 844 433 :

56 449 228 484 Ἐπειδήπερ
245 449 261 484 ή
278 449 341 485 χθὲς
358 450 427 485 ἡμῖν
439 449 574 484 γενομένη
595 450 673 485 κοινῇ
690 449 759 484 πρὸς
775 450 846 476 πάν-

46 503 101 526 τας
119 495 266 529 ὲπίπληξις
295 496 352 527 τοῖς
374 495 425 530 μὲν
453 495 628 530 εὐαισθήτοις
655 495 702 522 καὶ
723 495 844 530 σώφροσι

45 542 164 576 γέγονεν
181 542 394 577 ἐπανόρθωσις·
412 540 453 573 οἷς
471 541 500 568 δὲ
521 542 662 576 διεφθορὸς
683 540 718 578 ἦν
737 542 767 569 το
779 540 844 577 ἦθος

46 588 100 614 καὶ
115 588 292 622 ἀδιόρθωτον,
312 584 388 614 οὗτοι
414 588 464 623 οὐχ
478 588 553 619 ὅπως
568 588 619 614 οὐκ
630 587 843 624 ὲϐελτιὼθησαν,

45 635 121 661 ἀλλὰ
145 636 193 662 καὶ
211 635 278 671 πρὸς
300 634 442 661 ἀναίδειαν
469 635 611 668 ἐξέκλιναν
628 635 752 670 μείζονα.
772 634 843 662 Ἀλλ’

46 681 167 707 ἐκείνων
196 681 246 716 μὲν
260 680 310 716 τὴν
323 680 401 707 νόσον
415 680 592 716 δριμυτέροις
621 680 780 716 φαρμάκοις
795 681 844 707 σὺν

46 726 112 761 θεῷ
128 726 297 761 ἀκεσόμεῡα,
312 727 360 753 καὶ
392 726 624 762 στυπτικωτέροις
648 727 801 762 ἑπιτιμίαις
816 726 844 754 τὸ

46 771 214 807 ἁπηλγηκδς
238 772 331 799 αὐτῶν
355 773 397 804 είς
414 772 592 808 συναίσθησιν
616 773 728 808 ἄξομεν.
748 773 844 808 Ὑμεῖς

45 817 77 843 δὲ
96 818 155 844 ὅσοι
172 818 285 853 νήφοντι
300 818 425 854 λογισμῷ
441 819 472 845 τὸ
491 818 560 853 λῷον
572 819 764 853 ἐπιλεξάμενοι
775 819 844 855 πρὸς

45 863 100 898 τὴν
119 863 228 897 σύναξιν
245 864 456 901 ἅδραμὴκατε,
471 864 526 892 τῶν
551 865 738 899 εὖαγγελικῶν
754 865 842 900 λόγων

45 909 198 937 ἀκούσατε.

84 956 132 991 Τῷ
146 957 236 992 καιρῷ
254 957 365 993 ἐκείνῳ,
385 967 394 984 ι
415 957 578 993 Ἄνθρωπός
594 966 638 990 τις
651 958 788 994 προσῆλθε
803 958 843 994 τῷ

52 1000 145 1035 Ἰησοῦ
173 1002 332 1036 γονυπετῶν
360 1003 453 1036 αὑτὸν,
481 1004 529 1030 καλ¹
561 1004 671 1038 λέγων·
691 1004 843 1031 Διδάσκαλε

43 1047 146 1080 ἀγαθὲ,
158 1047 184 1074 τί
214 1048 332 1084 ποιήσας
354 1048 427 1085 ζωὴν
455 1049 565 1077 αἰώνιον
590 1051 806 1086 κληρονομήσω;
830 1059 840 1077 ι

49 1093 83 1120 Ὀ
99 1093 196 1128 παρὼν
204 1094 358 1130 ἄνθρωπος,
378 1095 527 1130 κρυψίνους
550 1096 682 1131 ὑπάρχων
698 1096 778 1132 ἀνὴρ,
795 1097 843 1123 καὶ

42 1139 98 1171 τὰς
118 1140 237 1174 ὑφάλους
252 1140 356 1176 πέτρας
373 1141 554 1176 μιμούμενος,
571 1142 622 1169 οὐκ
638 1142 728 1178 ἀγαθῇ
743 1141 841 1178 γνώμῃ

42 1186 233 1221 προσέρχεται
261 1187 463 1221 φιλοπευστῶν,
495 1187 553 1214 ἀλλ’
576 1188 700 1223 οἰόμενος
731 1188 842 1222 ἐλέγξαι

42 1231 93 1258 τὸν
113 1231 226 1268 Κύριον,
243 1232 281 1264 ὡς
306 1233 438 1260 τάναντία
465 1233 505 1269 τῷ
537 1233 612 1269 νόμῳ
640 1235 840 1269 πραττόμενον.

43 1278 180 1314 Πρόσεισι
208 1278 274 1313 γοῦν
291 1279 465 1315 ὐποκριτικῷ
491 1274 626 1315 σχήματι,
643 1280 715 1315 λόγῳ
733 1279 841 1307 θωπευ-

40 1324 119 1360 τικῷ
136 1324 238 1360 αίμύλα
252 1326 400 1358 κωτίλλων,
425 1326 473 1353 καὶ
502 1326 648 1361 φενακίσαι
669 1326 841 1362 πειρώμενος

42 1370 93 1397 τὸν
112 1369 257 1406 ἀλάθητον.
277 1380 286 1397 ι
305 1371 457 1398 Διδάσκαλε
474 1372 572 1407 ἀγαθέ.
594 1381 604 1397 ι
635 1372 718 1408 Ὁρᾷς
734 1372 765 1398 τὸ
791 1373 841 1408 τῆς

42 1416 222 1452 ὑποκρίσεως
249 1417 416 1453 δηλητήριον
444 1418 483 1454 τῷ
500 1419 550 1453 τῆς
574 1418 719 1450 κολακείας
751 1418 840 1454 μέλιτι

43 1464 265 1500 κεραννύμενον.
283 1465 340 1492 Καὶ
352 1466 423 1501 τάχα
437 1467 517 1492 τοῦτο
528 1463 563 1501 ἦν
577 1465 591 1492 ὃ
614 1465 696 1492 Δαὸὶδ
723 1465 841 1500 ἔψαλλεν

43 1511 76 1537 ὲν
92 1510 214 1546 ψαλμοῖς
225 1511 258 1538 ἐκ
275 1512 428 1547 προσώπου
443 1511 564 1547 Χριστοῦ
577 1518 585 1526 ·
609 1521 619 1538 ι
648 1512 726 1546 Ἐμοὶ
740 1512 789 1548 μὲν
800 1513 840 1539 εί-

742 161 907 192 ΠΟΜῙΙΑΙΛ
928 162 1015 193 XLV.

1637 165 1690 197 833

865 221 886 248 Α
903 222 986 245 tatem
1003 226 1010 245 :
1028 221 1161 253 quotquot
1179 225 1243 245 vero
1267 225 1343 246 suam
1360 218 1480 254 ipsorum
1507 225 1633 249 naturam
1647 222 1691 250 in-

900 264 978 291 vidia:
1003 263 1187 299 gravcolcntia
1211 270 1412 299 corruperunt,
1437 265 1465 292 hi
1497 267 1632 294 vulturum
1658 275 1690 296 ae

897 309 1091 336 scarabeorum
1108 315 1183 336 more
1201 314 1365 336 aversantur
1381 310 1529 345 thymiama
1547 311 1689 340 doctrinai.

898 354 1033 387 Quorsum
1060 361 1126 382 vero
1150 355 1203 382 hoe
1229 359 1334 390 spectat
1353 355 1519 390 exemplum,
1543 365 1598 392 quo
1623 366 1690 386 usus

897 399 978 426 sum?
995 399 1065 432 Quia
1095 399 1200 427 scilicet
1216 407 1275 434 quae
1305 400 1436 428 hesterno
1452 401 1495 428 die
1513 408 1528 428 a
1551 402 1630 430 nobis
1644 411 1690 430 ea-

897 443 1007 479 stigatio
1024 443 1150 471 omnibus
1175 445 1330 478 promiscuae
1346 445 1417 472 facta
1435 450 1488 478 est,
1511 447 1690 481 prudentibus

895 488 979 524 314
1011 489 1120 524 quidem
1152 494 1281 524 recteque
1313 490 1493 518 sentientibus
1523 492 1690 520 correctioni

896 534 964 566 fuit;
981 542 1098 569 quorum
1114 541 1180 562 vero
1191 535 1330 570 depravati
1346 540 1408 562 sunt
1424 543 1523 569 mores,
1536 544 1567 564 ac
1579 537 1690 564 ditiicile

896 580 994 615 corrigi
1013 585 1137 615 possunt,
1155 581 1173 608 ii
1193 581 1220 608 in
1236 581 1366 616 majorem
1387 582 1468 609 etiam
1493 583 1689 617 impudentiam

895 630 1051 665 devenere,
1079 632 1177 659 nedum
1208 639 1320 660 evasere
1343 633 1481 661 meliores.
1510 634 1611 661 Verum
1639 642 1690 662 nos

895 684 991 704 eorum
1017 679 1113 705 morbo
1138 678 1286 705 acrioribus
1314 679 1521 706 medicamentis
1547 678 1615 715 (l3),
1632 679 1690 708 Deo

892 721 1024 757 juvante,
1059 722 1240 757 medebimur,
1266 727 1294 751 et
1318 724 1575 758 reprehensionibus
1600 725 1690 760 magis

895 769 1013 796 austeris
1025 769 1182 796 eorumdcm
1201 773 1352 803 stuporem,
1369 773 1398 797 ut.
1425 770 1528 797 sentire
1541 769 1688 805 aliquando

896 816 1017 848 valeant,
1031 815 1220 843 excitabimus.
1238 815 1292 843 Vos
1306 823 1369 843 vero
1383 816 1428 851 qui
1443 816 1550 843 saniore
1562 816 1687 849 consilio,

896 861 966 894 quod
991 861 1087 889 melius
1101 867 1153 894 est,
1175 861 1304 896 eligentes
1326 862 1359 888 ad
1373 862 1498 897 synaxim
1510 862 1689 890 concurristis

858 894 880 924 Β
895 906 963 943 (l4),
977 907 1162 942 evangelicum
1181 915 1336 934 sermonem
1352 908 1443 935 audite
1451 908 1484 934 ".

929 951 958 978 ln
970 951 1015 978 illo
1025 959 1145 986 tempore
1158 961 1165 980 :
1180 961 1188 977 ι
1200 951 1286 980 Homo
1297 952 1406 987 quidam
1419 952 1535 980 accessit
1547 954 1580 981 ad
1594 952 1688 981 Iesum

894 997 1079 1032 genuﬂectens
1098 1002 1162 1025 ante
1184 1005 1257 1032 eum,
1275 1003 1301 1026 et
1317 998 1411 1026 dicens
1427 1008 1435 1026 ε
1453 998 1582 1034 Magister
1605 1000 1687 1032 bone,

894 1042 957 1076 quid
981 1042 1085 1070 faciens
1107 1043 1191 1070 vitam
1217 1047 1345 1071 aeternam
1371 1043 1538 1078 possidcbo?
1558 1053 1568 1070 ι
1599 1043 1688 1071 Homo

894 1087 945 1115 iste
966 1092 1092 1116 versutus
1116 1088 1185 1124 (l5),
1214 1095 1246 1116 ac
1270 1089 1415 1117 simulator
1441 1096 1502 1117 cum
1516 1094 1600 1122 esset,
1617 1097 1685 1117 saxa

894 1134 946 1161 sub
959 1134 1037 1169 aquis
1053 1135 1165 1162 latentia
1191 1135 1324 1168 iinitatuz,
1346 1143 1399 1163 non
1416 1136 1525 1164 sincero
1546 1136 1637 1163 animo
1652 1137 1687 1163 ad

894 1179 1117 1214 interrogandum
1135 1180 1254 1213 accedit,
1269 1181 1318 1208 sed
1335 1187 1450 1214 sperans
1468 1181 1526 1208 tore
1545 1186 1574 1208 ut
1593 1182 1686 1208 Domi-

894 1234 957 1253 num
973 1226 1160 1261 deprehendat
1169 1227 1247 1260 quasi
1259 1227 1395 1254 contraria
1408 1226 1459 1261 legi
1473 1227 1686 1262 prmcipientem.

892 1272 1005 1300 Accedit
1032 1279 1096 1307 ergo
1123 1272 1249 1300 simulato
1267 1272 1324 1300 oris
1351 1273 1456 1306 habitu,
1484 1273 1581 1300 blando
1605 1277 1633 1301 et
1652 1274 1688 1302 ad

892 1317 1103 1344 assentationem
1130 1318 1282 1352 composito
1309 1323 1437 1345 sermone
1480 1319 1612 1352 garriens,
1652 1326 1687 1347 ac

892 1363 1018 1398 decipere
1035 1367 1145 1391 tentaus
1159 1370 1232 1396 eum,
1243 1370 1323 1398 quem
1339 1363 1405 1390 nihil
1418 1363 1487 1390 fallit
1503 1373 1510 1391 :
1532 1373 1542 1389 ι
1560 1364 1688 1397 Magister

892 1409 974 1436 bone.
995 1418 1005 1435 ι
1031 1408 1115 1436 Vides
1147 1408 1331 1436 simulationis
1363 1415 1496 1436 venenum
1523 1409 1688 1437 adulationis

891 1455 972 1484 melle
987 1460 1166 1490 temperatum
1181 1464 1189 1489 ;
1205 1460 1234 1483 et
1251 1455 1376 1483 fortassis
1390 1456 1442 1484 hoc
1455 1460 1508 1490 est,
1520 1457 1589 1491 quod
1600 1456 1686 1486 David

891 1501 920 1529 in
935 1501 1050 1530 Psalmis
1064 1501 1164 1529 cecinit
1174 1501 1202 1528 in
1217 1508 1331 1537 persona
1345 1501 1460 1530 Christi:
1475 1512 1485 1529 ι
1499 1502 1564 1531 Mihi
1577 1503 1686 1537 quidem

43 1545 284 1592 p‘quxdndkouv,
299 1545 350 1584 ’καὶ
363 1557 408 1585 ἐπ’
419 1545 505 1593 ὀργὴν
518 1558 611 1590 δόλους
620 1545 812 1592 διελογίζοντο.
826 1569 836 1585 ι

927 1546 1005 1573 citica
1021 1545 1214 1579 loquebantur,
1239 1552 1267 1573 et
1293 1546 1320 1574 in
1344 1547 1384 1574 ira
1400 1547 1477 1575 dolos
1489 1548 1657 1582 cogitabant.
1672 1558 1684 1575 ι

41 1589 119 1629 ⁵Λλλ“
135 1589 342 1638 ἧμδροταιὲτῆς
367 1589 488 1637 ὲλπίὲοςξ
502 1604 549 1630 καὶ
576 1589 735 1639 συνελήφθη⁷
749 1605 778 1631 ὲν
804 1605 837 1642 τῇ

927 1597 992 1618 trum
1005 1590 1048 1617 ille
1061 1597 1110 1625 spe
1123 1598 1170 1618 sua
1182 1591 1329 1625 aberravit,
1350 1596 1378 1619 et
1392 1596 1488 1626 captus
1502 1592 1578 1620 estin
1590 1593 1687 1628 laqueo

42 1648 156 1682 παγίδι,
173 1648 206 1684 ἥν
232 1648 362 1684 ἔκρυψεν.
387 1648 415 1676 '0
446 1648 500 1684 γὰρ
514 1648 579 1684 ἄχρι
595 1649 642 1676 καὶ
664 1649 771 1684 μυελῶν
789 1650 839 1686 ἐμ-

42 1694 170 1721 6ατεύων
180 1693 284 1729 ψυχῆς,
301 1694 431 1728 ἐπιγνοὺς
446 1694 476 1721 τὸ
488 1694 607 1720 ὓπουλον
619 1694 704 1721 αὐτοῦ
717 1695 767 1730 τῆς
780 1696 838 1722 δια-

43 1740 135 1772 νοίας.
153 1740 199 1767 καὶ
216 1740 319 1774 ὕφαλον
331 1748 338 1755 ·
356 1749 365 1766 ι
384 1739 417 1766 Τί
431 1748 465 1774 με
481 1739 582 1774 λέγεις,
608 1741 702 1775 φησὶν,
716 1741 838 1776 ἀγαθόν;

42 1784 137 1816 οὐδεὶς
164 1783 268 1818 ἀγαθὸς
292 1784 317 1811 εί
343 1785 380 1819 μὴ
405 1781 446 1815 εἷς
464 1784 478 1810 ὁ
495 1783 572 1815 Εὶεάς.
589 1793 598 1809 ι
624 1783 694 1810 Ἀλλ’
722 1784 838 1811 ἐνταῦθα

41 1830 131 1857 πάλιν
161 1830 326 1865 ἐπιφύονται
350 1830 375 1856 οε
393 1830 441 1856 τοῦ
457 1829 578 1864 πονηροῦ
594 1829 727 1864 μαθηταὶ,
744 1830 768 1856 οἱ
783 1830 839 1857 τῶν

42 1876 127 1903 θείων
140 1876 230 1910 λόγων
241 1877 442 1911 τεμμαχισταὶ,
452 1876 477 1902 ot
489 1876 543 1902 τῶν
552 1876 684 1911 ῥημάτων
695 1875 838 1911 θηρευταὶ,

41 1923 67 1949 οξ
83 1923 136 1957 τῆς
153 1921 271 1956 ἀληθοῦς
289 1921 418 1955 γνώσεως
433 1921 572 1956 ὐῦρισταὶ,
586 1921 611 1947 oi
631 1921 678 1948 τὸν
705 1920 839 1956 μονογενῆ

41 1968 92 1995 τοῦ
114 1967 183 1994 Θεοῦ
199 1967 264 1994 Υἱδν
279 1967 334 1994 τῶν
345 1967 396 2001 τῆς
411 1967 531 2001 φυσικῆς
546 1966 717 2001 ἅγαθότητος
740 1975 841 2002 πατρι-

42 2012 103 2039 κῶν
121 2012 219 2039 θώκων
230 2013 290 2042 ταῖς
303 2011 394 2038 αὐτῶν
405 2011 622 2046 ἀθυροστομίαις
631 2010 840 2046 ἐπιχειροῦντες

43 2058 166 2090 ὀίπτειν,
182 2057 349 2092 φάσκοντες·
371 2057 459 2088 Αὐτὸς
479 2058 493 2084 ὁ
515 2056 620 2092 Ἰησοῦς
643 2056 781 2083 ἀπείπατο
800 2054 838 2082 εί-

80 2136 106 2152 ⁷²
121 2135 306 2169 Mattli.,xv1x,
323 2136 356 2164 l6
371 2143 462 2171 seqq.,
481 2135 565 2162 Marc.
581 2142 610 2168 x,
622 2134 654 2162 l7
667 2142 757 2170 seqq.;
772 2133 840 2162 Luc.

892 1643 972 1670 quem
988 1635 1141 1663 abscondit.
1163 1636 1215 1669 Qui
1230 1643 1296 1664 vero
1317 1643 1404 1672 usque
1415 1637 1447 1664 ad
1466 1637 1535 1665 imas
1552 1638 1686 1667 medullas

892 1681 1017 1716 pervadit
1047 1682 1191 1710 hominum
1217 1687 1332 1716 mentes,
1358 1683 1550 1718 cogitationem
1567 1684 1686 1713 hominis

892 1731 993 1755 tectam
1029 1727 1244 1762 insidiosamque
1267 1728 1415 1764 dispiciens
1431 1737 1438 1755 :
1456 1737 1465 1755 ι
1482 1729 1552 1762 Quid
1567 1736 1620 1763 me,
1645 1730 1687 1758 in-

892 1778 961 1812 quit,
981 1785 1064 1806 vocas
1079 1778 1201 1806 bonum?
1214 1785 1294 1806 nemo
1309 1778 1398 1806 bonus
1411 1779 1463 1807 nisi
1481 1779 1554 1807 solus
1574 1778 1683 1807 Deus.)

893 1823 948 1852 Sed
963 1823 1008 1852 hic
1022 1831 1117 1852 rursus
1135 1824 1234 1852 diaboli
1253 1824 1377 1859 discipuli
1399 1826 1543 1858 exsistunt,
1572 1826 1617 1861 qui
1641 1827 1685 1853 di-

892 1872 955 1899 vina
986 1873 1069 1899 verba
1096 1871 1246 1900 dilacerare
1271 1872 1374 1906 solent,
1404 1878 1549 1901 venatores
1575 1880 1684 1906 vocum,

892 1918 941 1945 sed
965 1925 1035 1945 verae
1053 1918 1241 1953 intelligentia
1261 1925 1355 1947 osores
1368 1927 1376 1952 ;
1391 1919 1437 1955 qui
1453 1921 1621 1955 unigenitum
1638 1921 1686 1948 Dei

894 1964 992 1991 Filium
1007 1971 1021 1990 a
1037 1968 1148 1998 paterna
1162 1964 1292 1992 naturalis
1303 1964 1433 1992 bonitatis
1450 1965 1514 1993 sede
1529 1965 1684 2000 importuna

895 2018 944 2038 sua
971 2010 1134 2046 loquacitate
1159 2010 1306 2038 deturbare
1329 2016 1474 2044 conantur,
1501 2018 1532 2039 ac
1559 2011 1681 2039 dicunt:

892 2055 972 2084 Jesus
988 2056 1046 2092 ipse
1060 2056 1145 2083 Deum
1159 2063 1188 2083 se
1202 2063 1264 2084 esse
1277 2057 1397 2092 negavit,
1417 2064 1480 2085 eum
1496 2057 1685 2094 repehenderit

857 2140 936 2167 xviii,
947 2133 981 2161 l6
992 2140 1070 2169 seqq.
1107 2133 1131 2150 "
1143 2132 1215 2162 Psal.
1234 2141 1326 2168 xxxrv,
1343 2133 1390 2162 20.

662 2193 826 2225 Francisci
841 2193 945 2224 Scorsi
964 2196 1059 2225 notua.

80 2258 140 2293 (15)
151 2257 303 2284 Λενίονίὺιιε
323 2257 529 2284 medicamentis.
545 2256 614 2293 Hinc
629 2261 721 2291 aperte
733 2256 838 2290 colligis
852 2257 878 2287 D
892 2246 1099 2293 Cuncit'sque_in
1120 2256 1215 2293 synazi
1246 2256 1375 2293 fratribus
1403 2261 1566 2293 congregatis
1591 2260 1685 2285 tandm

45 2292 127 2328 hujus
150 2299 291 2328 auctorem
324 2293 450 2324 homilize,
487 2296 514 2318 et
538 2292 693 2326 episcopum
711 2299 787 2328 esse,
812 2296 840 2318 et

43 2326 189 2356 censorem
214 2327 302 2362 populi
328 2327 368 2354 sui
395 2334 539 2360 severum;
564 2334 579 2354 a
605 2334 658 2361 quo
685 2327 757 2354 enim
781 2326 838 2354 hinc

43 2363 266 2390 comminationis
287 2362 364 2396 plena
388 2362 469 2390 verba
479 2363 575 2395 iactari
590 2362 616 2388 in
631 2361 757 2394 populum
771 2368 836 2394 pos-

43 2403 118 2430 sent,
145 2398 196 2424 nisi
223 2397 257 2424 ab
273 2397 389 2424 habente
409 2397 595 2423 auctoritatem
609 2401 637 2424 et
649 2397 735 2424 zelum
750 2395 840 2430 gregis

44 2434 86 2461 sui
100 2433 112 2459 ἲ
131 2431 196 2459 Vide
209 2432 327 2459 Promm.
347 2432 415 2466 Isag.
430 2430 476 2463 Ill,
498 2431 511 2466 §
524 2431 550 2459 9.

80 2468 142 2503 (M)
162 2467 203 2493 Ad
225 2465 550 2503 synaxintrcdncurrtitis.
580 2466 620 2503 Ita
648 2465 735 2499 verti,
768 2467 840 2500 quod

44 2501 142 2530 Graeca
160 2509 210 2528 vox
235 2501 345 2534 σύναξις
359 2502 499 2529 latinitatis
523 2501 586 2535 jure
598 2502 695 2528 donata
712 2502 744 2527 ad
761 2509 838 2528 usnui

42 2538 100 2572 jam
117 2537 331 2565 ecclesiasticum
351 2538 471 2564 traducta
500 2538 546 2568 sit;
567 2536 715 2570 potuissem
733 2537 841 2562 nomine

45 2580 116 2607 puro
128 2577 192 2607 puto
225 2572 331 2603 Latino,
349 2572 495 2604 collectam,
516 2577 682 2607 conventum,
698 2579 840 2605 congrega-

45 2605 145 2634 ἱὶυιιεὴι
158 2607 286 2639 reddere;
298 2607 353 2634 haec
362 2608 434 2634 enim
445 2606 554 2638 σύναξις
569 2605 638 2633 valet
647 2614 661 2632 a
680 2607 761 2633 verbo
773 2615 836 2632 συν‹

43 2643 117 2676 ἀγω,
125 2643 151 2670 id
159 2642 281 2669 absolute
291 2643 436 2676 sarpeapud
446 2649 540 2669 sacros
547 2641 692 2675 scriptores
701 2641 836 2676 signiﬁcat

44 2678 152 2712 plebem
181 2684 219 2704 rei
246 2685 331 2704 sacra:
348 2684 429 2704 causa
451 2677 481 2712 in
504 2677 781 2712 ecclesiaiucogere,
809 2680 836 2702 ct

45 2711 183 2739 interdum
205 2713 286 2738 etiam
304 2713 336 2738 ad
348 2711 563 2738 communionem
592 2711 753 2742 admittere;
769 2711 841 2745 quod

44 2747 152 2774 notavit
174 2746 279 2778 Billins,
300 2747 346 2773 lib.
366 2754 384 2773 It
401 2746 508 2774 Olueni.
533 2754 602 2773 aacr.
617 2745 682 2773 Inde
700 2745 841 2773 celebrita-

45 2788 99 2809 tein
117 2789 165 2808 seu
194 2782 374 2815 frequentiam
399 2782 489 2816 populi
505 2782 538 2808 ad
551 2781 712 2816 sumendam
734 2780 841 2807 Eucha-

45 2818 152 2844 ristiani
170 2821 244 2843 recte
252 2817 377 2850 synaxim
387 2815 509 2843 absolute
522 2816 634 2843 dixeris.
646 2815 838 2842 Monaehorunt

46 2859 155 2886 quoque
180 2856 329 2878 conventus
359 2851 393 2878 ad
406 2853 549 2886 orandum,
559 2852 617 2886 sive
628 2852 661 2877 ad
673 2850 838 2886 celebranda

47 2885 175 2922 mysteria
203 2886 316 2921 synaxis
338 2886 420 2920 dicta,
436 2885 572 2920 Cassian.,
588 2885 634 2913 lib.
651 2892 692 2920 iv,
705 2893 764 2920 cap.
784 2885 837 2921 ltir:

891 2296 1037 2324 prostratus
1054 2290 1082 2319 in
1099 2290 1196 2319 teriam
1221 2292 1321 2318 veniam
1345 2290 1506 2326 postulabit;
1522 2293 1603 2319 donec
1619 2301 1683 2320 ora-

890 2327 990 2353 tinuum
1001 2327 1151 2354 solemnitas
1159 2332 1363 2354 consummatur.

926 2361 983 2396 (15)
1021 2361 1108 2388 Homo
1147 2363 1194 2389 iste
1218 2367 1348 2389 versutus.
1378 2361 1489 2389 Videtur
1524 2362 1682 2391 existimare

891 2395 1071 2431 Theophanes
1087 2398 1158 2424 hunc
1173 2398 1282 2424 divitem
1297 2398 1330 2425 de
1358 2405 1412 2432 quo
1429 2397 1526 2424 Matth.
1546 2405 1607 2432 cap.
1635 2406 1683 2426 ιιι

889 2431 955 2467 agit,
969 2432 1095 2466 quodque
1122 2432 1164 2459 hic
1177 2432 1336 2467 explicatur,
1362 2431 1486 2460 eumdem
1509 2431 1588 2464 esse;
1601 2437 1684 2467 atque

890 2465 966 2492 illum
979 2465 1070 2502 ’legis’r
1080 2465 1220 2501 peritum.‘
1234 2467 1268 2495 de
1283 2465 1338 2502 quo
1357 2466 1442 2495 Lucas
1460 2474 1521 2502 cap.
1543 2474 1621 2500 xvnl,
1635 2465 1682 2502 qui

890 2501 1006 2536 accessit
1016 2502 1048 2528 ad
1059 2501 1150 2529 Jesum
1163 2507 1269 2530 tentans
1282 2501 1359 2535 eum;
1376 2501 1500 2536 adeoque
1512 2501 1681 2530 diciteodém

890 2535 991 2569 duplici
1009 2537 1101 2563 anitno
1133 2536 1265 2572 vafroque
1289 2537 1394 2572 adiisse
1407 2537 1566 2569 Dominum;
1582 2538 1608 2564 in
1627 2545 1682 2572 qua

889 2571 1016 2606 opinione
1039 2577 1080 2599 est
1091 2572 1172 2598 etiam
1197 2574 1225 2600 S.
1246 2571 1368 2603 llieron.,
1385 2571 1413 2599 S.
1438 2571 1563 2601 Ambros.
1577 2571 1603 2598 in
1618 2571 1680 2606 cap.

890 2613 966 2642 {vni
988 2605 1084 2639 Luca);
1110 2611 1138 2634 et
1166 2607 1259 2642 Cyrill.
1290 2607 1421 2642 Alexand.
1444 2606 1491 2642 lib.
1512 2614 1530 2633 ll
1544 2606 1632 2640 Tlm.,
1651 2605 1680 2634 et

891 2639 1024 2675 Epiphan.
1061 2642 1088 2667 in
1120 2639 1264 2668 Αηεᾰγαιο.
1300 2641 1398 2668 Verum
1433 2641 1515 2668 etiam
1544 2643 1681 2669 contraria

889 2676 982 2711 opinio
996 2680 1037 2702 est
1053 2675 1155 2711 Basilii,
1172 2677 1311 2711 Cbrysost.
1333 2681 1360 2703 et
1381 2675 1520 2710 Euthym.,
1537 2677 1682 2711 multisque

894 2710 1058 2744 conjecturis
1086 2710 1253 2739 ltlaldonatus
1283 2716 1375 2738 noster
1392 2711 1510 2737 ostendit
1524 2711 1595 2737 hunc
1609 2710 1677 2739 divi-

895 2749 948 2771 tem
964 2752 1016 2772 non
1035 2746 1153 2774 tentandi
1168 2746 1281 2779 Christi,
1302 2746 1349 2774 sed
1366 2746 1471 2772 dicendi
1485 2752 1567 2772 causa
1588 2753 1681 2774 acces-

892 2780 971 2812 sisse,
995 2780 1041 2806 sed
1066 2782 1115 2807 hoc
1145 2780 1293 2815 dijudicare
1320 2787 1372 2807 non
1399 2785 1441 2807 est
1470 2780 1549 2814 hujus
1576 2781 1627 2808 loci
1644 2783 1678 2809 ad

892 2821 971 2848 quem
987 2815 1053 2842 satis
1069 2815 1118 2842 fuit
1135 2815 1255 2843 indicare
1276 2821 1413 2848 auctores,
1431 2822 1491 2842 cum
1509 2815 1682 2849 quibuscon-

892 2850 974 2886 sentit
992 2849 1036 2886 hic
1052 2849 1168 2886 ANoster,
1181 2856 1211 2878 ut
1226 2850 1340 2879 aliorum
1355 2857 1489 2879 consensu
1504 2850 1562 2886 ejus
1573 2859 1682 2886 quoque

891 2884 983 2918 opinio
995 2883 1147 2914 fulciretur.
