1875 3055
51 127 103 159 841

752 127 916 157 HOMILIA
937 127 1023 158 XLV.

1633 127 1684 158 8i2

54 196 105 218 νας
118 187 237 214 ἑκάστου
257 187 400 222 ὀνόματος.
424 186 503 213 Ἀλλὰ
523 187 601 213 τοῦτο
630 186 680 222 μὲν
709 186 773 218 ἴσως
798 195 843 212 πε-

937 192 1024 215 atuor,
1051 192 1076 213 et
1096 187 1234 221 octoginta
1253 187 1279 213 iu
1305 194 1466 221 unoquoque
1493 188 1613 216 nmnine.
1630 187 1683 214 Scit

55 233 243 269 ριεργὸτερον,
260 234 328 268 Φέρε
345 233 377 268 δὴ
400 233 448 260 καὶ
475 233 524 268 τὴν
551 233 615 267 ἑξῆς
639 232 712 265 λέξιν
732 233 821 266 σκοπή
838 250 842 251 ν

54 289 161 315 σωμεν.

94 335 104 351 ‹
128 326 213 360 Λέγει
229 325 306 360 αὐτῷ
323 327 337 352 6
353 325 460 361 Ἰησοῦς
475 334 481 340 ⁸
492 325 548 356 Τὰς
567 325 676 356 ἐντολὰς
695 323 768 356 οἶδας
779 333 786 357 ;
798 324 844 360 Μὴ

56 371 219 408 μοιχεύσῃς,
237 372 275 406 μὴ
291 372 437 407 φονεύσῃς,
454 374 491 407 μὴ
504 373 617 406 κλέψῃς,
637 373 673 407 μὴ
689 372 844 407 ψευδομαμ

53 419 193 454 τυρήσῃς.
213 428 222 444 ι
249 419 277 444 ’ὓ
305 418 355 453 μὲν
381 418 450 453 ᾤετο
474 418 557 453 ἄλλην
582 418 642 444 τινὰ
670 417 844 444 διδασκαλίαν

54 464 185 495 ἀκοῦσαι,
205 464 243 495 ὡς
259 464 292 491 ἂν
310 464 359 500 ἔχῃ
368 465 531 498 κατηγορεῖν
542 473 549 479 ·
559 464 609 490 ὁδε
622 464 727 499 Σωτὴρ,
744 464 844 498 καίπερ

55 509 207 544 δυνάμενος
223 511 298 544 ὅμως
315 510 448 536 ἐκκλίνων
457 509 540 536 αὐτοῦ
556 510 605 541 τὰς
619 510 715 542 λαϐὰς,
733 511 782 545 τὴν
798 509 844 536 τοῦ

54 557 200 588 Μωῦσέως
227 556 374 592 προτίθησι
400 556 510 592 χρῆσιν.
539 556 598 591 Χρὴ
618 556 711 590 μέντοι
733 557 845 583 κάκεῖνο

56 603 183 634 σκοπεῖν,
204 601 261 633 πῶς
275 602 305 627 οὑ
320 602 410 632 πάσας
427 601 503 635 λέγει
517 601 567 632 τὰς
578 601 701 632 ἐντολὰς,
715 601 783 627 ἀλλὰ
796 602 845 632 τὰς

55 646 171 680 πρώτας
181 646 369 680 παραδραμὼν
383 646 438 672 τῶν
447 646 510 678 ἑξῆς
523 647 776 681 ἐμνημόνευσεν.”Λ
782 655 844 682 ρχε-

55 700 103 718 ται
121 692 169 724 μὲν
183 691 237 727 γὰρ
254 693 270 727 ἡ
286 693 332 718 τοῦ
349 693 432 726 νόμου
449 691 600 726 Δεκά).ογος
615 699 622 707 ·
641 701 650 717 ι
678 693 845 727 Ἀγαπήσεις

56 737 162 773 Κύριον
173 738 217 764 τὸν
229 738 296 764 Θεόν
307 747 364 770 σου,
380 739 481 764 καὶτὸν
491 738 605 773 πλησίον
619 746 665 764 σου
674 737 710 769 ὡς
718 739 823 765 ἑαυτόν.
832 749 841 764 ι

63 784 179 818 Ἐφεξῆς
194 785 346 819 ἀποτρέπει
361 785 444 816 σέὸας
462 784 610 819 ἀπονέμειν
628 784 742 815 ὀθνείοις
759 784 840 816 θεοῖς.

59 839 69 855 ι
90 831 149 856 Οὐκ
172 831 279 857 ἔσονται
296 831 361 866 γὰρ.
382 831 460 865 φησὶ,
483 830 540 857 θεοὶ
553 830 653 866 ἕτεροι.
673 839 683 856 ι
711 829 777 857 Εἶτα
794 839 844 864 φυ-

56 875 168 903 λάττειν
184 877 233 909 τὴν
248 857 361 910 ἡμέραν
376 857 423 902 {ac}
443 857 583 903 έαὸϐάτου
598 857 750 911 νομοθετεῖ.
774 857 843 901 Ἀλλ’
860 857 882 886 Β

56 921 191 956 ὁΣωτὴρ,
208 921 296 948 ταῦτα
320 921 414 956 μεθεὶς
434 921 502 956 πρὸς
527 922 559 948 τὰ
583 921 727 947 τελευταῖα
749 922 843 956 χωρεῖ.

56 967 111 993 Διὰ
124 968 150 993 τί
162 975 169 1000 ;
183 967 294 1001 Ἐπειδὴ
306 967 374 1001 πρὸς
390 967 535 998 Ἰουδαίους
548 967 741 1002 διαλεγόμενος
752 975 846 1000 περιτ-

55 1013 105 1040 τὸν
119 1015 242 1048 ἡγήσατο
252 1014 350 1040 εἰπεῖν·
369 1022 378 1040 ι
390 1014 557 1050 ’Δγαπήσεις
571 1014 673 1048 Κύριον
688 1014 734 1040 τὸν
749 1014 842 1045 Θεὸν,ι

56 1060 107 1086 καί
119 1069 126 1076 ⁸
139 1069 149 1086 ι
168 1061 225 1087 Οὐκ
244 1060 352 1087 ἔσονταί
370 1069 411 1087 σοι
429 1060 485 1087 θεοὶ
500 1061 599 1096 ἕτεροι.
619 1070 628 1086 ι
648 1060 732 1087 Τοῦτο
747 1060 801 1095 γὰρ
813 1058 846 1095 ἦν

55 1105 142 1140 δῆθεν
160 1105 373 1140 πεφυλαγμένον
390 1105 467 1140 αὐτῷ
479 1112 485 1120 ·
504 1106 534 1131 τὸ
553 1105 581 1132 δέ
599 1112 606 1119 ⁸
630 1114 638 1130 ι
656 1105 777 1131 Φύλαττε
797 1103 846 1138 τὴν

55 1152 168 1186 ἡμέραν
185 1151 232 1178 τοῦ
260 1151 410 1183 Σαϐϐάτου,
429 1160 440 1177 ι
456 1153 643 1187 παρατρέχει,
660 1151 697 1183 ὼς
721 1151 845 1186 ἀκερδές.

54 1197 215 1231 Καταλέγει
230 1196 252 1223 δ’
263 1197 357 1223 ὲκεῑνα
369 1197 414 1231 ὑφ’
431 1194 468 1223 ὧν
487 1198 504 1232 ή
528 1197 610 1231 φύσις
625 1196 680 1223 τῶν
693 1196 846 1232 ἀνθρώπων

55 1243 194 1278 ἡττᾶσθαι
214 1242 348 1277 πέφυκεν,
362 1243 400 1275 ὡς
413 1243 459 1269 ἐπὶ
479 1243 557 1270 πολύ.
574 1243 655 1270 Μάλα
667 1243 695 1269 δὲ
709 1243 846 1278 ἁρμοδίως

53 1289 108 1324 τὴν
126 1290 249 1324 μοιχείαν
259 1289 299 1325 τῷ
313 1290 385 1325 φόνῳ
400 1289 517 1325 συνῆψεν
529 1291 545 1324 ἡ
559 1288 775 1324 ὲντολή.Ὤσπερ
791 1290 845 1324 γὰρ

53 1337 68 1363 ὸ
105 1336 285 1368 ἀποκτιννὺς,
308 1336 357 1371 τὴν
378 1336 468 1372 ψυχὴν
499 1337 612 1372 χωρίζει
634 1336 680 1363 τοῦ
706 1336 844 1371 σώματος,

54 1382 146 1414 οὕτως
171 1383 196 1408 οἱ
220 1383 318 1417 γάμων
342 1383 492 1418 ἀλλοτρίων
515 1383 678 1418 δηλήμονες,
701 1384 748 1409 καὶ
771 1383 846 1418 διαρ-

55 1429 160 1463 ρῆκται
179 1429 228 1463 τῆς
244 1429 396 1464 ἀρμοστίας
410 1430 455 1456 τοῦ
474 1429 532 1464 βίου
550 1429 600 1464 τῆς
616 1429 684 1464 πρὸς
701 1428 746 1455 τὸν
761 1429 846 1464 ἄνδρα

56 1474 210 1509 συναφείας
225 1475 372 1510 χωρίζουσι
387 1476 436 1510 τῆς
447 1475 577 1510 γυναικὸς
587 1476 637 1511 τὴν
652 1475 782 1507 διάθεσιν,
798 1476 845 1502 κα)¹

897 234 949 260 hoc
964 233 1078 261 fortasse
1092 233 1246 266 Clll'itblllS,
1263 237 1290 260 et
1315 238 1393 260 extra
1409 241 1465 260 rem
1480 234 1564 261 videri
1581 234 1677 269 possit.

895 278 951 313 Age
967 286 1030 312 ergo
1045 278 1187 312 sequentia
1205 278 1420 306 consideremus.

937 325 1021 351 «Dicit
1035 325 1057 351 ei
1071 324 1169 352 Jesus:
1188 324 1313 351 Mandata
1332 324 1488 352 nasti?l\‘on
1507 325 1683 358 adulterabis,

897 380 950 399 non
979 372 1096 404 occides,
1116 378 1168 398 nou
1194 371 1294 398 furtum
1313 371 1407 404 facies,
1427 379 1480 398 non
1496 371 1568 398 dires
1586 371 1682 398 falsum

898 417 1092 445 testimonium.
1111 426 1121 443 ι
1139 417 1185 444 llic
1213 417 1321 452 quidem
1354 417 1517 451 opinabatur
1539 418 1682 452 quamdam

897 463 976 490 aliaat
1001 471 1031 490 se
1056 468 1230 498 accepturum
1259 463 1424 496 doctrinam,
1438 469 1466 491 ut
1482 464 1603 496 haberet,
1618 464 1684 498 quid

896 514 990 536 contra
1014 509 1088 536 illum
1112 513 1300 543 arguerctzat
1328 509 1453 536 Salvator
1477 511 1600 543 quaunis
1629 510 1681 536 alia

896 554 1003 581 ratione
1019 558 1108 588 posset
1124 553 1182 588 ejus
1202 553 1315 581 insidias
1332 554 1479 585 declinare.
1497 553 1579 581 Mo~is
1595 555 1680 588 legem

897 601 1032 634 proponit.
1047 600 1113 627 Illud
1125 601 1206 627 etiam
1221 600 1396 627 considerare
1413 607 1461 634 par
1475 606 1586 635 esl,qua
1603 609 1682 628 eausa

896 654 948 673 nou
962 646 1052 672 oumia
1064 645 1189 672 tnandata
1206 648 1358 677 recenseat,
1369 646 1414 673 sed
1431 646 1565 680 prioribus
1576 647 1685 674 omissis

896 692 1045 726 posteriora
1063 691 1149 719 solum
1167 692 1399 719 commemorarit.
1425 691 1494 719 Hinc
1512 692 1583 719 enim
1601 692 1684 727 316

897 738 978 765 Mosis
989 738 1151 773 Decalogum
1165 738 1278 772 incipit:
1295 747 1303 764 ι
1322 738 1421 773 Diliges
1439 739 1581 765 Domintun
1598 739 1681 766 Deum

898 789 984 816 tuutu,
994 788 1020 811 et
1029 785 1180 818 proximum
1189 784 1260 812 sicut
1271 789 1296 811 te
1305 785 1441 818 ipsum"n
1453 785 1550 812 deinde
1558 785 1610 812 diis
1620 785 1684 811 alit--

897 831 940 858 nis
952 830 1140 858 lribuicultum
1151 835 1222 858 vetat
1236 839 1243 856 :
1258 830 1329 857 (Non
1340 836 1429 864 crtmt,
1440 831 1543 864 ait,tibi
1553 831 1596 858 alii
1606 829 1641 858 dii
1656 839 1681 864 μ

898 882 953 903 tum
969 878 1038 904 diem
1055 877 1167 904 Sabbati
1182 877 1302 912 praecipit
1317 877 1473 904 observare.
1492 877 1542 904 Sed
1560 877 1686 904 Salvator

897 923 940 950 his
957 924 1103 958 pratteritis
1119 924 1151 950 ad
1167 924 1317 958 posteriora
1336 923 1519 958 progreditur.
1534 923 1602 956 Quid
1627 924 1686 950 ita?

897 969 1028 1003 Quoniam
1055 977 1116 996 cum
1139 968 1240 997 Judzeis
1264 969 1370 1004 agebat,
1386 977 1580 1003 supervacuum
1609 969 1685 995 duxit

897 1016 1009 1042 dicere:
1031 1025 1039 1041 ι
1066 1015 1166 1050 Diliges
1198 1016 1338 1042 Dominum
1372 1015 1456 1042 Deum
1488 1021 1581 1049 tuum;
1601 1024 1610 1041 ι
1636 1020 1683 1041 et:

901 1070 909 1087 ι
934 1061 991 1089 Νοιι
1017 1066 1097 1088 erunt
1129 1062 1174 1089 tibi
1202 1062 1238 1089 dii
1265 1062 1356 1089 aiieui.
1378 1062 1458 1089 nHoc
1489 1062 1560 1089 enim
1591 1063 1624 1088 ab
1652 1070 1685 1089 eo

898 1108 1021 1134 videlicet
1033 1108 1247 1135 observabatur:
1263 1107 1327 1134 illud
1345 1115 1409 1134 vero
1423 1115 1431 1135 :
1446 1116 1455 1133 ι
1475 1107 1550 1134 Diem
1571 1106 1683 1134 Saltbati

897 1154 1013 1185 custodi,
1032 1162 1041 1178 ι
1061 1153 1244 1188 prretermittit
1264 1157 1391 1188 tanquam
1419 1153 1513 1181 inutile
1538 1153 1604 1189 (l8).
1631 1153 1685 1180 Sed

896 1199 968 1226 enim
983 1199 1025 1226 illa
1044 1202 1176 1232 recenset,
1188 1206 1203 1225 a
1220 1199 1316 1233 quibus
1337 1199 1476 1225 hominum
1491 1204 1586 1225 natura
1603 1205 1687 1232 supe-

897 1245 951 1271 rari
978 1243 1048 1271 solet
1074 1249 1106 1270 ut
1125 1245 1282 1278 plurimum.
1299 1243 1383 1272 Valde
1409 1251 1490 1278 porro
1515 1251 1685 1279 consequens

898 1290 956 1322 fuit,
971 1294 1000 1316 ut.
1013 1290 1158 1316 homicidio
1172 1289 1379 1317 fornicationem
1392 1289 1449 1324 (19)
1462 1289 1504 1316 lex
1515 1289 1682 1323 adjungcrct:

896 1336 975 1363 sicuti
1002 1335 1073 1362 cnim
1091 1336 1136 1370 qui
1154 1328 1235 1362 alium
1253 1335 1362 1369 perimit
1385 1335 1504 1362 animam
1522 1335 1653 1369 disjungit
1670 1343 1684 1360 ιι

897 1388 1022 1415 corpore,
1052 1381 1093 1408 sic
1121 1381 1166 1416 qui
1199 1380 1300 1408 violant
1321 1385 1394 1408 toros
1421 1381 1536 1413 alienos,
1565 1385 1593 1407 ct
1623 1381 1684 1407 vita:

898 1427 1022 1454 humanae
1038 1427 1211 1454 concordiatn
1230 1427 1374 1460 dirimunt,
1391 1426 1511 1453 mulieris
1526 1426 1653 1453 affectum
1668 1436 1683 1454 a

897 1473 946 1500 viri
963 1473 1156 1508 conjunctione
1171 1473 1318 1508 sejungunt
1330 1482 1337 1500 :
1347 1477 1374 1500 et
1385 1480 1452 1507 quos
1464 1473 1604 1507 conjunxit
1616 1472 1686 1499 Deus

56 1521 109 1552 οὓς
123 1522 229 1556 ἦνωσεν
242 1523 256 1548 6
270 1522 335 1553 Θεὸς
348 1522 389 1553 εἰς
407 1522 497 1557 σάρκα
521 1522 596 1557 μίαν,
626 1522 738 1554 τούτους
759 1523 776 1557 ὴ
794 1522 843 1557 μά-

940 1526 1050 1547 carnem
1064 1527 1156 1552 unam,
1174 1519 1223 1547 hos
1248 1519 1354 1554 gladius
1383 1519 1507 1546 adulterii
1535 1520 1631 1547 dividit
1657 1520 1684 1546 in

55 1577 144 1606 γαιρα
155 1568 206 1602 τῆς
221 1568 346 1604 μοιχείας
357 1569 453 1604 τέμνει
469 1569 613 1604 δικάσασα.
644 1579 653 1595 ι
671 1569 716 1604 Μὴ
731 1568 844 1605 κλέψῃς,

57 1614 100 1650 μὴ
112 1615 387 1650 ψευδομαρτυρήσῃς.
402 1625 412 1641 ι
427 1615 517 1642 Δεινδν
530 1615 579 1651 μὲν
595 1617 642 1642 καὶ
656 1616 686 1642 τδ
713 1616 797 1651 συλᾷν
810 1616 847 1642 τὰ

54 1661 201 1696 ἀλλότρια,
236 1661 379 1688 πάνδεινον
408 1661 436 1687 δὲ
469 1662 516 1688 καὶ
544 1662 575 1688 τὸ
605 1661 846 1697 ψευδομαρτυρίαν

58 1707 198 1733 συνθεῖναι
210 1707 282 1733 κατά
294 1715 376 1739 τινος,
394 1708 441 1734 καὶ
463 1707 636 1742 συκοφάντην
655 1708 783 1742 ὀφθῆναι,
799 1709 846 1734 καὶ

54 1753 107 1780 τοῦ
134 1754 250 1787 ἀρχαίου
275 1755 409 1788 μιμητήν.
438 1753 470 1779 'ﬂ
487 1753 542 1788 γὰρ
567 1755 737 1788 συκοφαντία
762 1754 845 1788 ἄνδρα

55 1800 195 1830 ταπεινοῖ,
209 1798 245 1830 ὥς
259 1807 300 1830 τις
314 1798 366 1833 ἔφη
380 1800 471 1833 σοφός.
488 1800 525 1825 Οὺ
547 1800 657 1834 μακρὰν
676 1799 724 1826 τοῦ
742 1800 846 1834 φονέως

54 1847 70 1871 6
86 1845 261 1880 συκοφάντης
274 1845 344 1872 ἐστι.
357 1845 406 1872 Διὰ
422 1845 501 1872 τοῦτο
528 1845 574 1872 καὶ
585 1847 599 1872 6
625 1845 707 1872 Δαῦὶδ
728 1846 776 1880 τῆς
791 1845 846 1872 τῶν

55 1890 213 1925 ἀνθρώπων
250 1891 433 1925 συκοφαντίας
473 1891 646 1926 λυτρωθῆναι
685 1893 843 1926 ἐπεύχεται.

62 1935 184 1970 Ἐφεξῆς
208 1936 236 1962 δὲ
258 1936 353 1970 τίθησι
379 1937 429 1972 τὴν
453 1937 495 1968 εἰς
519 1937 583 1968 τοὺς
602 1937 732 1968 τεκόντας
751 1938 843 1972 τιμήν*

59 1991 69 2007 ι
95 1982 170 2016 Τίμα
185 1982 231 2008 τὸν
245 1982 355 2017 πατέρα
371 1991 429 2014 σου.
443 1983 491 2009 καὶ
504 1983 553 2017 τὴν
570 1984 677 2019 μητέρα
690 1992 747 2010 σου.
766 1993 774 2008 ι
789 1983 847 2010 Οὐκ

55 2026 150 2060 εἶπεν,
172 2028 290 2062 Ἀγάπα,
313 2027 391 2060 ἀλλὰ,
417 2029 490 2062 Τίμα
503 2037 509 2044 ·
523 2029 573 2055 Διὰ
594 2028 637 2061 τίς
665 2028 774 2063 Ἐπειδὴ
795 2030 845 2064 τὴν

56 2073 130 2108 πρὸς
142 2074 203 2104 τοὺς
220 2073 324 2107 φύντας
339 2074 480 2110 στοργὴνὴ
493 2074 573 2109 φύσις
583 2075 651 2110 αὑτὴ
658 2075 729 2101 οὕτω
740 2075 844 2101 τέθεικε

56 2118 196 2155 ρατδαίαν
224 2120 271 2146 καὶ
299 2121 425 2156 ἰσχυρὰν,
455 2121 491 2153 ὡς
521 2121 568 2148 καὶ
593 2122 622 2147 ἐν
650 2123 707 2152 τοῖς
735 2121 845 2155 ἀλόγοις

895 1567 949 1594 duo
962 1567 1108 1593 distractos
1123 1575 1129 1592 :
1151 1575 1160 1592 ι
1179 1565 1238 1593 Non
1256 1565 1400 1599 furaberis,
1415 1573 1468 1592 non
1491 1565 1585 1593 falsum
1608 1566 1684 1593 testi-

895 1612 1015 1639 monium
1044 1612 1135 1644 dices;
1154 1621 1163 1637 ι
1192 1619 1273 1646 grave
1301 1612 1409 1645 quidem
1437 1616 1479 1639 est
1507 1611 1592 1638 furari
1625 1619 1681 1639 rem

895 1660 1023 1694 alienam,
1041 1660 1233 1695 gravissimum
1247 1667 1311 1688 vero
1326 1659 1422 1687 falsum
1441 1660 1624 1687 testimonium
1655 1660 1681 1686 iu

895 1706 1010 1734 alterum
1045 1708 1232 1738 concinnare.
1264 1707 1385 1742 adeoque
1413 1708 1517 1741 antiqui
1548 1707 1684 1742 serpentis

897 1754 1061 1781 imitatorem
1080 1753 1149 1780 fieri.
1165 1753 1306 1780 Calumnia
1322 1754 1421 1788 quippe
1437 1753 1523 1779 virum
1541 1753 1642 1788 dejicit,
1655 1759 1683 1780 et

896 1798 991 1833 afﬂigit
1001 1799 1033 1829 ⁷⁵³,
1046 1798 1193 1833 utquidam
1208 1798 1316 1833 sapiens
1330 1799 1397 1825 dixit
1414 1798 1480 1833 (20).
1500 1797 1554 1825 Nec
1569 1799 1681 1825 multum

896 1845 977 1872 distat
995 1844 1030 1871 ab
1047 1845 1180 1872 homicida
1208 1845 1397 1877 calutuniator,
1413 1845 1473 1871 ideo
1492 1845 1573 1872 etiam
1601 1845 1684 1871 David

895 1892 929 1918 ab
940 1891 1077 1918 bomtnum
1088 1891 1230 1918 calumniis
1242 1895 1312 1922 orat.
1324 1896 1352 1918 ut
1366 1891 1539 1918 liberetur".
1549 1890 1684 1923 Deinceps

896 1945 960 1964 vero
991 1940 1122 1964 honorem
1156 1937 1181 1963 in
1207 1941 1331 1971 parentes
1363 1937 1499 1970 apponit:
1533 1945 1543 1961 ‹
1574 1935 1683 1962 Honora

897 1989 1002 2018 patrem
1033 1988 1120 2015 tuutu,
1148 1989 1174 2009 et
1209 1987 1321 2009 matrem
1353 1988 1464 2009 tuam.»
1495 1981 1551 2008 Non
1584 1981 1681 2008 dixit:

895 2028 991 2062 Dilige,
1015 2029 1063 2055 sed
1092 2037 1100 2053 ι
1116 2027 1222 2054 llouora
1242 2028 1314 2062 (21);
1332 2026 1532 2060 Quamobrem?
1549 2026 1683 2059 Quoniam

897 2083 1015 2102 amorem
1034 2076 1060 2102 iu
1079 2076 1216 2111 genitores
1234 2081 1287 2102 tam
1313 2075 1512 2106 vehementem,
1528 2080 1559 2100 ac
1585 2074 1683 2100 fortem

897 2123 1010 2150 inseruit
1034 2123 1091 2157 ipsa
1119 2127 1225 2156 natura,
1255 2127 1284 2150 ut
1307 2123 1334 2149 iu
1362 2121 1546 2149 animantibus
1571 2120 1683 2148 rationis

95 2200 121 2216 ⁷⁷
135 2199 211 2227 Deut.
226 2207 263 2232 vt,
283 2200 309 2227 5.
348 2200 371 2216 "'
387 2200 474 2228 Ecclc.
491 2199 517 2232 7,
534 2201 560 2227 8.
599 2201 620 2216 ⁷⁹
641 2201 709 2228 Psal.
732 2209 826 2232 cxvtu,
848 2201 908 2228 121.

677 2266 835 2296 Francisci
855 2266 957 2297 Scorsi
975 2269 1068 2298 notae.

97 2327 154 2362 (18)
182 2327 316 2361 Tanquam
342 2329 447 2356 inutile.
479 2328 537 2356 Jam
564 2329 626 2356 inde
652 2337 712 2356 cum
726 2329 849 2358 Christus
866 2332 889 2361 D

55 2371 160 2390 novam
185 2363 268 2396 legem
292 2365 485 2398 promulgarel,
511 2364 611 2391 aboleri
632 2365 712 2391 etiam
737 2364 846 2393 Judaica

57 2397 172 2424 Sal-tiati
190 2399 342 2424 observatio
354 2397 516 2431 Incipiebat;
530 2404 611 2433 atque
624 2399 694 2431 ideo,
705 2399 742 2425 ait
760 2399 848 2427 Theo-

56 2434 176 2467 phanes,
197 2434 367 2466 praetermisit
387 2434 511 2461 Christus
526 2443 558 2461 et:
578 2433 711 2467 Decalogo
736 2435 846 2462 Sabbati

56 2467 302 2494 sanetiticatioaem
316 2473 443 2502 tanquam
462 2470 594 2496 inutilem.
616 2468 749 2495 Prteterca
766 2470 845 2496 etiam

55 2506 120 2528 erat.
153 2502 253 2528 inutilis
281 2510 313 2529 eo
347 2504 436 2535 modo,
463 2511 517 2538 quo
535 2512 548 2530 a
562 2503 659 2530 .Inda-is
674 2505 751 2530 ﬁebat
766 2506 846 2531 ulmis

55 2541 258 2574 superstitiose,
282 2540 391 2574 etctutu
421 2539 507 2565 solum
543 2544 663 2565 externo.
695 2538 760 2566 Vide
787 2547 847 2574 qua:

56 2574 178 2598 duillius
192 2573 224 2598 ad
238 2572 311 2598 hom.
329 2572 372 2599 1'2.

96 2605 154 2641 (19)
181 2605 213 2632 Ut
239 2607 380 2633 homicidio
409 2607 619 2639 fornicationem.
646 2607 846 2636 Incollectione

57 2648 194 2667 canonum
226 2643 295 2679 apud
323 2641 432 2679 Leontel.
463 2643 500 2669 De
519 2643 581 2677 jure
607 2642 772 2670 Graeco-Lat.
795 2644 845 2679 legi

57 2683 193 2702 canouem
223 2684 248 2702 vt
272 2676 374 2709 Basilii,
393 2685 446 2712 quo
461 2682 553 2704 eodem
577 2678 634 2705 loco
662 2678 743 2705 habet
764 2676 846 2705 homi-

57 2713 137 2737 cidas
158 2712 345 2747 et_‘adttltet'os
364 2721 370 2738 :
394 2713 486 2743 Φονεῖς
502 2714 587 2746 inquit
602 2713 648 2739 καὶ
672 2715 762 2747 μοιχοὶ
775 2714 846 2739 κατὰ

57 2746 107 2771 τὸν
136 2745 217 2771 αὑτὸν
240 2747 463 2779 ἐπιτιμάσῦωταν
499 2745 600 2774 τύέεον·
631 2745 788 2780 lloittiéidw,
822 2753 846 2775 et

57 2781 219 2806 adutteriud
241 2782 356 2817 eamdem
369 2782 482 2815 formam
493 2784 650 2815 puniuntur;
667 2784 690 2809 id
712 2792 765 2817 quo
782 2791 848 2810 σου·

58 2817 183 2841 lirmaret
204 2818 274 2850 piam
306 2815 477 2850 'l'heophams
490 2820 650 2845 sententiam
668 2815 848 2845 huc-breviter

58 2850 163 2884 placuit
180 2849 286 2877 aﬂ‘errc.

221 2898 359 2929 PATROL.
383 2897 442 2929 GR.
463 2899 617 2930 CXXXII.

938 2331 994 2366 (20)
1012 2323 1046 2358 Ut
1065 2333 1171 2366 quidam
1183 2332 1287 2366 sapiens
1298 2332 1375 2359 dixit.
1395 2331 1584 2358 Ecclosiastem
1598 2331 1685 2358 innuit

900 2369 957 2402 qui
969 2375 1034 2402 rcap.
1063 2375 1099 2394 vu
1115 2377 1121 2393 :
1141 2367 1172 2394 'H
1185 2368 1350 2402 συκοφαντία
1362 2367 1505 2401 περιφέρει
1532 2366 1623 2402 σοφὴν,
1635 2366 1684 2391 καὶ

897 2401 1026 2437 απολλύει
1054 2403 1104 2436 τὴν
1139 2401 1263 2437 καρδίαν(
1289 2403 1430 2436 εὐγενείας
1467 2401 1559 2427 αὑτοῦ.
1587 2401 1684 2427 Nosler

896 2436 1030 2470 interpres
1048 2446 1054 2463 :
1072 2436 1212 2464 Calumnia
1239 2437 1377 2464 conturbat
1406 2437 1559 2468 sapientem,
1589 2442 1684 2470 etper-

896 2471 933 2496 dit
965 2472 1045 2497 robur
1075 2472 1159 2498 illus.
1189 2473 1272 2504 Cujus
1298 2473 1348 2499 loci
1383 2480 1491 2499 sensum
1519 2471 1607 2504 modo,
1630 2479 1682 2498 nou

901 2507 980 2532 verba
995 2515 1049 2539 ipsa
1069 2508 1171 2541 integra
1183 2508 1338 2540 'l‘heophan.
1354 2507 1444 2534 retuli.

936 2541 992 2575 (‘21)
1008 2541 1060 2567 Sed
1079 2540 1188 2568 honora.
1203 2541 1349 2568 Cousuevit
1366 2542 1407 2568 hic
1420 2546 1515 2567 auctor
1535 2540 1684 2574 superiori-

900 2575 950 2602 bus
976 2577 1144 2602 sermonibus
1169 2578 1334 2610 distiugucre
1348 2576 1377 2602 τὺ
1400 2577 1509 2610 ἀγαπᾷν
1532 2582 1559 2602 ct
1573 2577 1683 2610 ἀγάπην

899 2610 1007 2645 diligere
1021 2617 1047 2636 et
1065 2611 1238 2640 dilectionem.
1258 2620 1272 2637 ιι
1289 2612 1376 2645 φιλεῖν
1391 2616 1418 2638 et
1433 2611 1510 2645 φιλίςι⁴
1539 2613 1574 2637 ab
1593 2619 1683 2637 nutare

900 2649 926 2672 et
937 2646 1065 2678 amicitia,
1080 2647 1129 2672 hoe
1144 2647 1214 2672 enim
1226 2647 1410 2679 imperfectum
1431 2647 1504 2680 quid,
1520 2650 1548 2673 et
1565 2645 1684 2680 vulgare,

899 2685 925 2716 et
943 2682 1073 2712 naturale,
1089 2681 1153 2707 illud
1168 2682 1326 2714 perfectum.
1341 2686 1368 2706 et
1383 2682 1492 2716 gravius
1507 2687 1535 2707 ιιι
1546 2680 1683 2716 copiosius

899 2714 1095 2748 disputavimus
1124 2717 1156 2742 ad
1181 2716 1320 2742 homiliam
1348 2714 1396 2746 57.
1415 2721 1524 2748 not.,et
1542 2715 1681 2742 homiliaut

899 2749 945 2780 41,
970 2754 1025 2776 not.
1057 2759 1114 2784 quae
1147 2751 1244 2776 recole.
1268 2751 1320 2777 Sed
1350 2753 1422 2778 enim
1448 2752 1489 2777 hic
1510 2751 1540 2776 τὸ
1571 2751 1682 2785 ἀγαπᾷν

901 2792 950 2819 pro
967 2786 1090 2819 στέργειν
1107 2793 1154 2812 seu
1170 2785 1256 2819 φιλεῖν
1272 2785 1377 2812 videtur
1388 2786 1526 2819 accipere:
1541 2793 1591 2812 nan
1612 2793 1684 2811 sem-

901 2827 950 2853 pcr
977 2824 1071 2860 eodem
1090 2827 1182 2847 tenore
1197 2821 1278 2848 vctba
1305 2826 1476 2856 usurpautur,
1496 2822 1543 2848 sed
1562 2829 1610 2855 pro
1625 2821 1684 2847 loco

902 2861 928 2882 οι
948 2863 976 2882 rc
991 2861 1139 2883 \‘ut'tuutur.
1370 2869 1377 2875 ·

1483 2902 1522 2931 27
