1875 3055
180 124 232 155 863

784 124 1031 154 THEOPHANIS
1050 124 1222 156 CERAMEI

1780 119 1831 151 86$

181 181 285 212 uarius.
305 187 420 214 quorum
438 184 552 214 uterque
581 186 711 206 muneras
728 179 750 206 si
765 179 921 213 'componat

1089 190 1098 207 ι
1122 181 1290 208 δυοκαίδεκα
1307 180 1424 215 γίνεται.
1437 178 1560 211 Εἰκότως
1572 178 1598 205 οἱ
1612 177 1661 204 τοῦ
1676 176 1829 212 κηρύγμα-

181 226 378 254 duodenarium
395 226 488 259 efﬁcit,
508 225 606 253 merito
624 225 826 260 prmdicationis
838 225 972 260 coryphrei

182 275 294 302 totidem
312 274 448 302 numerati
479 279 551 301 sunt.
581 274 645 306 Qua:
669 273 720 300 alia
737 277 868 308 praeterea
890 280 974 300 causa

181 321 262 356 hujus
283 321 386 347 numeri
410 320 525 348 subest?
548 319 684 346 Nimirum
700 320 762 354 quia
778 320 866 346 omnis
881 327 974 346 eorum

182 368 317 400 doctrina,
329 367 521 401 theologicam,
534 366 697 398 naturalem,
707 364 892 398 moralemque
901 372 976 392 com-

182 413 319 446 plectitur.
334 411 380 438 lla'.
394 419 459 438 vero
476 410 632 437 duodenarii
649 410 754 437 numeri
777 410 893 437 circuitu
908 417 975 436 con-

185 459 316 485 tinentur.
333 457 414 484 Trina
431 457 503 484 enim
523 455 655 490 theologia
676 459 789 491 propter
814 455 973 490 mysterium

183 505 346 537 Trinitatis;
376 503 500 539 quinaria
530 510 594 529 vero
625 503 758 529 naturalis
784 507 896 536 propter
924 502 977 528 ele-

184 554 286 579 menta.
301 552 328 574 et
356 548 470 574 formam
496 547 522 574 in
552 547 643 581 specie
665 547 888 577 ronstituentem;
908 554 977 582 qua-

184 596 304 621 ternaria
334 602 401 622 vero
417 594 527 622 moralis
546 599 658 629 propter
682 594 825 628 generales
848 595 975 626 virtutes,

184 650 244 676 quae
264 649 330 669 sane
352 641 377 668 in
398 648 481 668 unum
497 645 590 668 coacta
612 641 751 668 duodecim
774 640 903 667 cilicium.
920 641 976 673 Qua

189 696 271 722 porro
284 688 318 714 de
330 695 424 718 causa,
446 687 491 722 qui
509 687 542 715 ad
559 687 649 714 mundi
663 687 745 714 totius
761 687 875 713 salutem
893 686 976 718 venit,

186 735 231 769 Qui
245 742 352 762 omnem
370 734 517 761 humanam
533 738 654 760 naturam
671 741 719 767 per
731 740 837 764 massae,
854 732 935 767 327
952 733 977 759 id

185 784 237 810 est.
261 780 350 807 carnis
365 787 421 806 suae
436 779 571 813 primitias
597 778 652 813 (47)
675 778 726 804 sibi
746 778 936 810 circumdedit,
952 778 978 804 in

188 833 239 859 qua
255 825 293 852 uti
307 830 399 859 partes
415 825 496 852 totius
513 825 638 851 humanae
659 824 746 858 gentis
765 823 864 854 Judaei,
883 824 978 850 Sama-

187 873 257 904 ritze.
284 872 425 906 Graecique
449 872 670 905 continebantur,
687 872 756 898 intra
781 871 854 899 solos
877 871 978 899 .ludarze
997 853 1016 880 Β

188 919 257 944 lines
281 918 500 952 pmdicationem
532 918 736 945 circumscribit
769 918 891 945 dicens:
923 918 980 945 (1η

189 963 259 990 viam
286 964 405 999 gentium
428 971 462 991 ne
477 964 617 990 abieritis?
635 973 644 989 ι
666 964 791 990 Fortasse
806 964 868 998 quia
884 963 984 991 Jutlaeis

191 1010 308 1044 primum
347 1011 489 1045 oportebat
517 1010 691 1044 Evangelium
720 1010 870 1044 praedicari.
916 1010 984 1043 Ipsis

191 1057 262 1083 enim
278 1064 292 1083 a
312 1057 444 1092 principio
457 1057 591 1091 promissa
605 1057 667 1083 data
689 1056 812 1088 fuerant,
830 1061 856 1083 et
870 1064 901 1083 ex
919 1056 984 1091 ipsis

192 1103 342 1130 secundum
363 1110 472 1130 carnem
495 1109 575 1130 natus
590 1109 631 1131 est
647 1103 782 1130 Christus.
798 1102 847 1130 Ubi
869 1110 934 1130 vero
958 1103 983 1130 in

192 1155 279 1188 ipsum
296 1154 324 1182 hi
338 1154 497 1183 debacchati
512 1160 587 1188 sunt,
606 1161 759 1189 quaerentes
784 1157 902 1182 animam
924 1155 985 1189 ejus

193 1201 291 1228 mortis
318 1201 423 1235 laqueis
442 1202 647 1229 circumducere
659 1222 666 1234 ,
687 1202 724 1228 uti
742 1202 807 1228 viles
822 1206 849 1229 et
871 1202 925 1228 Deo
941 1203 983 1228 inv

192 1246 243 1273 visi
270 1246 381 1281 rt-jecti,
407 1252 434 1274 et
451 1255 465 1273 a
491 1247 538 1274 Dei
565 1246 750 1274 familiaritate
768 1247 883 1281 sejuneti
900 1253 981 1278 sunt;

193 1291 219 1318 in
249 1297 343 1326 gentes
355 1299 419 1318 vero
445 1292 540 1319 salutis
560 1299 642 1326 opera
658 1292 754 1319 collata
773 1297 824 1319 est.
846 1292 980 1319 Praeterea

193 1338 275 1365 etiam
299 1346 352 1364 non
377 1338 502 1372 prohibet
528 1337 677 1370 Dominus,
696 1338 839 1372 quominus
862 1338 986 1373 discipuli

193 1383 318 1417 gentibus
343 1384 518 1418 Evangelium
538 1383 721 1418 promulgent.
748 1384 891 1417 Quomodo
914 1385 986 1412 enim

193 1429 219 1455 id
238 1432 326 1461 vetet,
351 1429 396 1464 qui
422 1430 543 1456 orantium
561 1429 713 1456 communis
737 1434 780 1456 est
794 1430 921 1457 conditor
933 1450 941 1462 ,
959 1435 986 1458 et

193 1476 314 1502 omnium
332 1483 425 1503 curam
443 1476 522 1511 gerit,
549 1477 594 1512 qui
613 1477 681 1503 dixit
702 1485 710 1504 :
736 1486 745 1503 ι
765 1477 864 1504 Doccte
889 1485 987 1505 omnes

195 1521 338 1555 gentes”?
355 1531 364 1547 ι
381 1521 434 1555 Qui
446 1528 473 1549 et
488 1531 549 1549 eum
562 1523 707 1551 meretrice
719 1523 890 1550 Samaritana
902 1524 986 1551 collo-
1000 1537 1023 1567 ο

194 1571 273 1592 culus
285 1572 336 1599 est,
361 1572 389 1594 et
409 1568 478 1602 apud
493 1569 564 1602 ipsos
580 1569 766 1596 Samaritauos
791 1570 891 1597 mansit
918 1571 986 1598 duos

195 1612 253 1639 dies
266 1612 307 1639 “?
338 1613 383 1647 qui
413 1614 598 1641 centurionem
615 1615 655 1648 ’⁷,
687 1621 715 1643 et
744 1616 984 1652 Syrophrenissam

196 1658 356 1692 gentiles",
377 1664 404 1686 et
425 1660 552 1695 indignos
570 1661 612 1689 sui
631 1669 686 1689 non
702 1663 817 1696 repulit?
832 1662 889 1689 Non
906 1663 989 1697 igitur

196 1704 293 1732 dooere
317 1711 423 1740 gentes,
446 1707 492 1734 sed
513 1714 607 1734 eormn
632 1708 736 1742 ingredi
751 1709 840 1740 viam,
866 1714 893 1735 et
905 1716 987 1743 opera

198 1751 287 1779 facere
305 1753 439 1787 prohibet.
469 1753 590 1780 Observa
611 1758 701 1781 autem
720 1755 858 1788 quomodo
875 1755 907 1781 de
923 1762 989 1789 gen-

197 1797 270 1824 tibus
296 1798 411 1833 loquens
425 1798 494 1825 viam
513 1799 613 1826 dixerit
632 1808 639 1826 :
661 1810 669 1825 ι
687 1799 714 1826 lu
732 1800 802 1827 viam
816 1801 936 1835 gentium
957 1809 990 1828 ne

199 1843 322 1870 abieritis
338 1852 345 1870 :
364 1853 373 1869 ›
390 1845 518 1879 quoniam
538 1850 633 1880 gentes
657 1853 753 1873 omnes
778 1851 854 1873 extra
882 1847 988 1874 vivendi

198 1888 269 1914 viam
284 1895 298 1915 a
311 1889 380 1924 lege,
395 1894 422 1917 et
436 1891 572 1924 prophetis
585 1895 762 1918 monstratam
775 1892 912 1923 errabant,
925 1900 990 1918 eva-

199 1939 293 1968 gantes
309 1935 381 1962 circa
395 1936 466 1963 illuni
482 1936 562 1963 latam
579 1945 610 1964 ac
626 1939 785 1972 spatiosam,
805 1946 884 1972 qualn
899 1939 992 1965 deam—

199 1981 295 2008 bulare
311 1981 457 2016 discipulos
477 1987 548 2010 vetat
565 1983 696 2011 Dominus
708 1984 801 2012 dicens
816 1992 822 2010 :
845 1994 854 2010 ‹
876 1984 904 2011 1η
921 1985 990 2010 viam

201 2027 323 2060 gentium
349 2035 381 2054 ne
394 2028 525 2056 abicritis.
544 2037 553 2054 ι
574 2028 602 2055 ln
622 2029 673 2056 hac
687 2036 761 2061 vero,
774 2029 818 2064 qui
832 2036 884 2056 non
900 2029 992 2056 consi-

199 2072 243 2097 stit
257 2092 265 2105 ,
293 2080 325 2099 ac
341 2079 499 2108 permanet,
515 2081 578 2101 eum
602 2074 711 2102 beatum
726 2076 857 2111 praedicat
882 2075 966 2102 David
982 2084 989 2102 :

203 2127 212 2143 ι
232 2119 329 2146 Beatus
352 2120 398 2152 qui
414 2119 439 2146 in
454 2121 496 2147 via
516 2126 690 2155 peccatorum
711 2129 764 2149 non
780 2122 901 2149 stetit”.
921 2131 930 2147 ι
951 2121 992 2148 ΑΙ)

200 2164 254 2191 hac
268 2165 308 2191 via
325 2165 483 2198 deﬂectere,
501 2175 548 2201 per
560 2172 660 2194 rectam
677 2175 742 2195 vero
766 2168 913 2202 procedere
937 2167 991 2193 Do~

1025 237 1071 260 τος
1085 229 1231 264 κορυφαῖοι
1247 227 1377 254 τοσοῦτον
1400 226 1561 261 ἐτύγχανον.
1582 225 1645 251 Ἔτι
1673 224 1725 250 καὶ
1745 223 1791 249 διὰ
1806 223 1831 249 τί

1026 275 1178 310 ἐτύγχανον
1190 274 1294 301 δώδεκα
1305 282 1314 307 ;
1326 273 1439 308 Ἐπειδὴ
1453 273 1468 307 ἡ
1487 273 1562 299 πᾶσα
1574 270 1683 298 τούτων
1694 269 1833 296 διδασκα-

1025 321 1072 348 λία
1083 321 1253 356 θεολογικῆς,
1265 322 1310 347 κα“.
1323 321 1452 355 φυσικῆς,
1475 320 1522 346 καὶ
1542 319 1645 353 ὴθικῆς
1664 317 1835 351 φιλοσοφίας

1026 367 1061 404 ἦν
1089 368 1265 404 περιεκτική.
1287 367 1381 394 Ταῦτα
1401 366 1429 393 δὲ
1462 365 1501 400 τῷ
1530 365 1678 399 δωδεκάτῳ
1711 363 1832 398 ἀριθμῷ

1030 415 1199 451 περιέχεται.
1225 414 1362 450 Τριαδικὴ
1384 413 1438 449 γὰρ
1457 414 1474 448 ή
1502 412 1628 445 θεολογία
1655 411 1704 437 διὰ
1727 411 1764 436 τὺ
1787 411 1836 443 τῆς

1029 462 1146 497 Τριάδος
1174 462 1336 497 μυστήριον.
1368 458 1519 493 πενταδικὴ
1547 458 1575 484 δὲ
1604 459 1621 492 ὴ
1646 456 1758 491 φυσικὴ
1792 457 1837 482 διέι

1027 508 1061 535 τὰ
1086 508 1217 542 στοιχεῖα,
1241 506 1288 533 καλ¹
1304 505 1335 532 τὸ
1357 504 1426 532 εἶδος
1438 505 1469 531 τὺ
1485 504 1573 530 ταῦτα
1592 502 1765 535 εἰδοποιοῦν,
1789 511 1838 528 τε·

1028 554 1144 589 τραδικὴ
1178 553 1207 579 δὲ
1237 553 1254 587 ἡ
1284 551 1369 587 ἠθικὴ
1396 550 1441 577 διὰ
1467 549 1517 581 τὰς
1556 548 1672 583 γενικὰς
1713 548 1836 583 ἀρετᾶς,

1029 600 1100 635 ἅπερ
1115 599 1247 634 ἐνούμενα
1268 598 1388 632 γίνονται
1409 597 1524 624 δώδεκα.
1552 595 1635 622 Ἀλλὰ
1662 596 1742 626 τίνος
1772 594 1837 621 ἓνε-

1029 654 1077 672 κεν
1101 646 1115 672 6
1145 645 1193 671 ἐπὶ
1223 645 1347 679 σωτηρίᾳ
1382 645 1485 676 παντὸς
1517 644 1565 671 τοῦ
1605 645 1713 678 κόσμου
1739 651 1837 676 παρα-

1029 693 1192 728 γενόμενος,
1222 692 1237 718 ι
1259 692 1350 718 πᾶσαν
1381 691 1430 725 τὴν
1457 690 1634 726 ἀνθρωπίνην
1670 689 1760 723 φύσιν
1791 687 1837 716 διὰ

1029 739 1080 772 τῆς
1109 738 1239 773 ἀπαρχῆς
1269 737 1316 763 τοῦ
1350 736 1514 772 φυράματος
1538 735 1738 770 περιθέμενος,
1766 731 1835 770 ἐνῇ

1031 784 1133 815 παντὸς
1149 782 1182 819 ἦν
1200 784 1295 815 ἔθνους
1308 782 1337 808 τὸ
1358 783 1442 818 μέρος
1454 782 1595 814 Ἰουδαίου,
1619 782 1666 808 καὶ
1689 781 1835 815 Σαμαρεί-

1031 838 1088 859 του,
1105 829 1154 855 καὶ
1168 828 1311 860 Ἕλληνος,
1324 829 1364 859 είς
1377 827 1475 862 μόνους
1498 827 1648 857 Ἰουδαίους
1674 825 1836 860 περιορίζει

1033 875 1064 901 τδ
1077 874 1209 909 κήρυγμα
1224 874 1311 908 λέγων
1324 882 1331 889 ·
1344 883 1354 899 ‹
1374 874 1419 905 Εἰς
1431 874 1489 900 ὁδὸν
1498 873 1585 900 ἐθνῶν
1598 873 1636 908 μὴ
1649 871 1797 905 ἀπέλθητε
1811 880 1834 902 ιι

1034 921 1111 956 Τάχα
1128 921 1169 947 ὅτι
1187 921 1243 952 τοῖς
1266 919 1404 951 Ἰουδαίοις
1430 921 1483 946 ἔδει
1501 920 1636 955 πρότερον
1654 918 1840 953 κηρυχθῆναι

1033 967 1064 994 τὸ
1077 967 1258 1002 Εὐαγγὲλιον.
1276 967 1348 1002 Πρὸς
1364 966 1463 997 αὐτοὺς
1478 967 1533 1001 γὰρ
1546 967 1574 993 αί
1593 965 1730 992 ἀνέκαθεν
1747 966 1840 996 ἑπαγ-

1034 1014 1135 1048 γελίαι,
1148 1015 1196 1040 καὶ
1212 1014 1240 1046 ἐξ
1256 1013 1347 1040 αὐτῶν
1365 1013 1394 1039 τὺ
1409 1013 1480 1039 κατὰ
1494 1012 1587 1047 σάρκα
1602 1011 1740 1046 Χριστος.
1766 1009 1838 1035 Ἀλλ’

1036 1061 1131 1094 ἐπειδὴ
1142 1057 1216 1087 οὗτοι
1233 1060 1501 1094 ὲπεπαρῳνήκεισαν
1518 1059 1558 1089 εἰς
1581 1057 1677 1089 αὑτὸν,
1691 1057 1840 1091 ζητήσαν-

1035 1113 1080 1135 τες
1106 1105 1188 1131 αὑτοῦ
1224 1104 1273 1140 τὴν
1300 1104 1400 1139 ψυχὴν,
1427 1105 1484 1134 τοῖς
1505 1103 1552 1129 τοῦ
1574 1102 1695 1129 θανάτου
1725 1102 1840 1137 βρόχοις

1037 1151 1209 1186 περιὸαλεῖν,
1237 1150 1384 1184 γεγόνασιν
1410 1148 1570 1183 ἀπόϐλητοι.
1596 1149 1643 1174 καὶ
1660 1147 1839 1179 θεοστυγεῖς,

1036 1197 1147 1230 καὶτῆς
1164 1199 1233 1231 προς
1254 1197 1320 1223 Θεὸν
1335 1196 1465 1227 ἐξέπεσον
1478 1195 1660 1228 οἰκειότητος,
1691 1193 1840 1228 ἑνηργήθη

1037 1242 1093 1277 δὲὴ
1115 1241 1241 1276 σωτηρία
1259 1242 1315 1272 τοῖς
1335 1240 1453 1267 ἔθνεσιν.
1476 1240 1580 1271 ’Λλλως
1599 1248 1629 1265 τε
1639 1240 1692 1266 οὐκ
1704 1239 1841 1273 ἁπεεργει

1037 1289 1100 1319 τοὺς
1117 1288 1244 1323 μαθητὰς
1262 1287 1411 1322 κηρύττειν
1435 1288 1491 1318 τοῖς
1521 1286 1611 1312 ἔθνεσι
1631 1294 1637 1301 ·
1669 1286 1732 1317 πῶς
1750 1286 1806 1321 γὰρ
1827 1287 1841 1312 6

1038 1335 1126 1366 κοινὸς
1134 1334 1258 1369 πλάστης
1270 1334 1318 1360 καὶ
1328 1333 1456 1369 κηδεμὼν
1466 1333 1479 1358 6
1491 1332 1576 1359 εἰπών
1590 1340 1597 1348 ·
1609 1343 1618 1358 ι
1630 1332 1838 1367 Μαθητεύσιτε

1039 1381 1128 1408 πάντα
1146 1381 1180 1406 τὰ
1195 1380 1278 1414 ἕθνη;
1294 1389 1302 1405 ι
1326 1381 1339 1405 6
1359 1379 1406 1405 καὶ
1423 1379 1510 1414 πόρνῃ
1525 1378 1678 1413 διαλεχθεὶς
1697 1378 1839 1413 Σαμαρεί-

1039 1428 1102 1460 τιδι,
1121 1428 1168 1454 καὶ
1183 1426 1313 1461 αύτοῐςδὴ
1331 1426 1519 1461 Σαμαρείταις
1531 1425 1676 1459 ἐπιμείνας
1693 1425 1744 1451 ἐπὶ
1768 1425 1839 1459 ἡμέ-

1041 1482 1100 1508 ραις
1115 1473 1191 1499 δυσίν
1207 1481 1214 1504 ;
1232 1474 1246 1498 6
1258 1471 1303 1498 τὸν
1313 1472 1524 1506 ἑκατόνταρχον,
1537 1471 1586 1497 καὶ
1600 1471 1650 1506 τὴν
1676 1470 1842 1505 Συροφοινξ-

1040 1529 1150 1552 κίσσαν,
1169 1518 1294 1549 ὲθνικοὺς
1314 1517 1406 1550 δντας,
1427 1518 1476 1544 καὶ
1494 1518 1639 1552 δεομένους
1656 1517 1709 1543 οὐκ
1723 1517 1843 1543 ἀπωσα-

1043 1575 1134 1603 μενος.
1151 1566 1209 1594 Οὐκ
1226 1566 1273 1593 οὖν
1286 1565 1387 1593 κωλύει
1405 1565 1576 1600 μαθητεῦσαι
1594 1565 1630 1590 τὰ
1661 1563 1741 1598 ἔθνη,
1770 1564 1842 1589 ἀλλᾶ

1041 1615 1090 1649 τὴν
1107 1613 1222 1640 ἐκείνων
1238 1613 1356 1639 στείϐειν
1371 1612 1440 1644 ὁδὸν,
1463 1612 1510 1638 καὶ
1533 1611 1581 1642 τὰς
1599 1610 1693 1637 αὐτῶν
1721 1610 1843 1644 πράξεις

1041 1660 1173 1696 πληροῦν.
1186 1660 1256 1694 Ὅρα
1268 1657 1296 1685 δὲ
1311 1659 1386 1690 ὅπως
1404 1659 1452 1684 ἐπὶ
1478 1658 1526 1693 μὲν
1546 1657 1600 1684 τῶν
1615 1657 1703 1683 ὲθνῶν
1728 1657 1842 1682 τέθεικε

1041 1709 1091 1743 τὴν
1108 1709 1183 1735 ὁδόν·
1199 1718 1208 1734 ι
1228 1708 1275 1739 Ei;
1289 1707 1347 1734 ὁδὸν
1361 1707 1447 1733 ἐθνῶν
1475 1706 1512 1742 μὴ
1530 1705 1669 1740 ἀπέλθητε
1684 1713 1692 1720 θ
1708 1714 1717 1730 ι
1743 1703 1842 1738 ἐπειδὴ

1041 1758 1076 1783 τὰ
1093 1755 1157 1790 ἔθνη
1177 1755 1267 1782 πάντα
1283 1755 1334 1789 τῆς
1359 1753 1408 1780 τοῦ
1425 1753 1508 1787 νόμου
1528 1753 1576 1778 καὶ
1602 1752 1657 1778 τῶν
1686 1751 1842 1786 προφητῶν

1042 1801 1181 1831 πολιτείας
1209 1800 1261 1833 ἔξω
1286 1799 1414 1834 διήγοντο
1441 1797 1677 1833 ἀναστρεφόμενοι
1710 1795 1781 1831 περὶ
1792 1795 1842 1829 τὴν

1043 1848 1174 1874 πλατεῖαν
1190 1846 1261 1878 ὁδὸν,
1280 1846 1327 1872 καί
1342 1844 1512 1880 εὐρύχωρον,
1523 1844 1556 1879 ἢν
1573 1843 1768 1878 περιπατῆσαι
1778 1842 1843 1872 τοὶς

1045 1893 1169 1928 μαθητὰς
1185 1891 1315 1926 ἀπείργει
1339 1891 1353 1917 6
1386 1890 1489 1925 Κύριος
1524 1889 1611 1923 λέγων
1627 1897 1634 1904 ·
1651 1898 1661 1914 ι
1699 1888 1751 1920 Εἰς
1782 1888 1844 1914 ὁδὸν

1044 1939 1130 1966 ἐθνῶν
1148 1938 1186 1973 μὴ
1200 1936 1348 1971 ἀπέλθητε.
1370 1946 1379 1962 ι
1396 1937 1452 1962 Καὶ
1470 1937 1498 1962 ὲν
1513 1935 1599 1970 ταύτῃ
1616 1935 1650 1970 τῇ
1670 1933 1724 1967 ὁδῷ
1742 1933 1788 1959 τὸν
1806 1933 1843 1967 μὴ

1044 1985 1236 2020 ὲνιδρυνθέντα
1261 1984 1305 2010 διὰ
1331 1985 1381 2018 τῆς
1407 1982 1538 2013 στάσεως.
1564 1980 1712 2016 μακαρίζει
1738 1980 1843 2006 A3655-

1047 2042 1056 2058 ι
1073 2031 1228 2066 Μακάριος,
1245 2030 1274 2061 ὃς
1298 2030 1326 2056 ὲν
1357 2029 1409 2064 ὁδῷ
1438 2027 1610 2063 ἁμαρτωλῶν
1641 2027 1692 2052 οὐκ
1726 2026 1807 2059 ἔστη.
1832 2035 1840 2050 ι

1045 2078 1155 2109 Ταύτην
1170 2077 1220 2111 τὴν
1242 2076 1302 2102 ὁδον
1320 2075 1457 2102 ἐκκλίνειν
1474 2073 1632 2109 παρεγγυᾷ,
1646 2072 1694 2098 καὶ
1710 2073 1842 2106 προιὲιιι

1044 2124 1088 2151 διὰ
1106 2123 1155 2158 τῆς
1170 2122 1278 2154 εὐθείας
1296 2121 1356 2148 ὀδοῦ
1366 2130 1372 2136 '
1384 2121 1434 2148 οὐκ
1445 2121 1552 2155 ἀγνοεῖς
1559 2119 1592 2151 δ’,
1607 2116 1696 2153 οἶμαι,
1707 2118 1760 2152 τὴν
1771 2118 1843 2150 ὁδὸν,

1045 2171 1079 2197 δι’
1093 2168 1123 2206 ἧς
1139 2170 1163 2196 οἱ
1178 2169 1300 2205 μαθηταὶ
1313 2167 1472 2194 κελεύονται
1485 2166 1641 2201 εὐδρομεῖν,
1653 2164 1751 2199 μαθὼν
1767 2166 1843 2197 παρὰ

202 2212 291 2238 minus
311 2211 404 2244 jubet;
427 2219 477 2239 nec
498 2219 562 2240 vero
578 2221 649 2245 eam,
663 2214 770 2247 opinor,
783 2214 892 2248 ignoras
909 2213 942 2240 vi:

1107 2216 1248 2245 εἰπόντος·
1266 2225 1275 2240 ι
1303 2214 1375 2247 Ἐγώ
1401 2214 1459 2248 είμι
1489 2213 1505 2248 ἡ
1532 2212 1601 2244 ὁδός.
1622 2221 1631 2238 ι
1657 2212 1720 2237 Ἐπὶ
1748 2212 1841 2245 μέντοι

201 2268 249 2294 per
269 2269 349 2295 quam
374 2261 444 2288 bene
472 2269 583 2289 currere
609 2262 732 2297 discipuli
755 2262 905 2297 jubentur,
931 2269 991 2289 cum

202 2307 362 2341 Cogitaveris
379 2308 414 2335 ab
434 2316 465 2335 eo
482 2309 527 2342 qui
543 2309 632 2335 dixit:
650 2317 659 2334 ι
676 2308 732 2343 Ego
748 2316 806 2335 sum
820 2309 862 2335 via
874 2308 910 2335 ¹.»
928 2308 994 2334 Cum

203 2362 267 2381 vero
279 2356 312 2382 de
329 2355 509 2383 Samaritanis
525 2357 655 2391 loquitur.
673 2364 726 2384 non
742 2357 802 2390 VltP,
817 2356 864 2384 sed
881 2357 998 2383 civitatis

202 2404 333 2430 vocabulo
351 2405 435 2432 utitur
448 2404 543 2433 dicens
559 2414 565 2432 :
587 2415 596 2431 ι
609 2405 640 2432 Ει
654 2405 679 2432 in
696 2406 832 2432 civitatem
850 2405 999 2432 Samarita-

204 2458 310 2482 norum,
337 2458 371 2478 ue
396 2451 574 2479 iutraveritis.
592 2462 602 2478 ›
630 2452 734 2480 Etenim
752 2459 785 2479 ex
799 2450 917 2478 Mosaica
941 2451 998 2484 lege

204 2496 236 2520 ad
253 2494 408 2523 Judarorum
425 2498 589 2525 accedebant
611 2505 701 2525 mores
718 2498 789 2533 (48);
806 2501 833 2524 et
851 2497 919 2524 hanc
937 2496 1000 2523 reli-

240 2578 262 2593 ¹⁸³
274 2575 368 2604 Matth.
385 2584 480 2609 xxvtn,
502 2576 545 2603 l9.
583 2576 606 2592 ⁹⁸
623 2575 701 2604 Joan.
719 2583 755 2610 Iv,
771 2576 797 2607 l,
813 2575 858 2603 40.
896 2575 919 2591 ⁸⁷
956 2574 980 2601 Μ

431 2585 480 2609 un,
502 2576 545 2603 l9.
583 2576 606 2592 ⁹⁸
623 2575 701 2604 Joan.
719 2583 755 2610 Iv,
771 2576 797 2607 l,
813 2575 858 2603 40.
896 2575 919 2591 ⁸⁷
956 2574 1052 2602 Matth.
1067 2581 1123 2607 vnt,
1145 2573 1171 2601 6.

206 2620 262 2645 xiv,
281 2612 322 2639 16.

1047 2263 1102 2290 τῶν
1115 2262 1295 2297 Σαμαρειτῶν
1304 2262 1353 2296 οὐχ
1364 2261 1433 2293 ὁδὸν,
1450 2260 1520 2287 ἀλλὰ
1535 2259 1615 2286 πόλιν
1641 2259 1738 2292 φηςι-ἰν,
1754 2258 1842 2288 οὕτως

1047 2309 1147 2337 εἰπών·
1170 2318 1179 2335 ι
1199 2309 1254 2335 Καὶ
1269 2309 1310 2339 είς
1326 2308 1403 2334 πόλιν
1415 2306 1653 2341 Σαμαρειτῶννμὴ
1667 2305 1836 2338 εἰσέλθητε.»

1045 2354 1138 2383 Ἦσαν
1153 2355 1208 2390 γὰρ
1221 2356 1252 2381 ὲκ
1267 2355 1321 2381 τῶν
1334 2354 1491 2381 Μωσαῖκῶν
1503 2354 1595 2388 νόμων
1611 2354 1667 2384 τοῖς
1683 2352 1837 2382 Ἰουδαϊκοῖς

1047 2402 1121 2429 ἔθεσι
1137 2402 1352 2436 πλησιάσαντες,
1371 2403 1419 2427 καὶ
1430 2398 1474 2426 οἷα
1491 2400 1570 2426 πόλιν
1595 2399 1762 2433 οἰκήσαντες
1789 2398 1835 2432 τὴν

1048 2448 1203 2476 εὐσέϐειαν.
1227 2447 1337 2481 Ἐπειδὴ
1354 2447 1383 2473 δὲ
1397 2446 1427 2478 ἐξ
1444 2445 1577 2481 ἡμισείας
1593 2445 1748 2479 ἐτύγχανον
1763 2444 1837 2469 εὐσε-

1049 2495 1107 2527 ϐεῖς
1118 2504 1125 2511 ·
1141 2494 1244 2528 ἔτιγὰρ
1260 2493 1300 2528 τῷ
1319 2494 1377 2529 ὄρει
1397 2493 1599 2529 προσεκύνουν,
1614 2492 1644 2519 ὲν
1658 2489 1682 2525 ᾧ
1699 2491 1733 2517 τὰ
1744 2490 1839 2518 εἴδωλα

1211 2573 1234 2590 ³⁸
1251 2573 1347 2600 Matth.
1366 2580 1410 2603 xv,
1430 2571 1476 2598 22.
1496 2571 1518 2587 '9
1531 2569 1602 2597 Psal.
1626 2577 1647 2601 t,
1669 2570 1696 2597 ί.
1738 2570 1744 2585 ¹
1761 2568 1836 2597 Joan.

824 2656 984 2688 Francisci
1003 2657 1106 2687 Scorsi
1125 2660 1209 2686 uolm

243 2722 297 2758 (i7)
311 2721 361 2748 Per
373 2721 503 2756 primitias
513 2721 724 2758 massthtblidi
740 2720 893 2756 explicandi
915 2726 996 2746 causa

208 2759 233 2785 id
244 2756 294 2789 est,
309 2758 397 2783 carnis
408 2764 473 2786 sum.
487 2757 556 2790 quod
568 2757 594 2782 in
608 2756 702 2782 Graeco
711 2764 763 2782 non
772 2760 813 2782 est
824 2762 996 2788 expressum,

211 2799 237 2818 ut
255 2800 352 2819 sensus
371 2791 490 2818 auctoris
506 2791 623 2822 facilius,
639 2797 666 2817 et
681 2792 768 2825 primo
787 2790 886 2816 trientis
900 2791 995 2815 obtutu

210 2827 388 2859 acciperetur.
419 2826 518 2852 Eodem
542 2825 624 2852 modo
651 2826 755 2852 locutos
783 2825 882 2850 multos
900 2825 995 2851 Patres

211 2861 279 2892 legi:
296 2859 377 2893 (ἶνες.
406 2860 563 2892 Thanmat.,
580 2860 735 2894 Cbrysost,,
766 2860 907 2892 Albanas,
929 2867 997 2893 quos

1052 2718 1149 2745 adduxi
1177 2717 1212 2744 ad
1241 2717 1315 2744 hom.
1338 2717 1382 2748 58,
1410 2721 1469 2745 nol.
1483 2714 1551 2742 Vide
1576 2714 1661 2743 etiam
1691 2715 1768 2742 hom.
1796 2716 1837 2748 39,

1080 2762 1085 2776 l

1052 2757 1199 2823 n"(l~lS)Ad
1226 2787 1383 2815 Judmorum
1413 2787 1568 2814 accedebant
1593 2793 1692 2823 mores.
1728 2786 1837 2823 Instituti

1051 2821 1138 2851 enim"
1153 2823 1261 2850 fuerant
1272 2831 1286 2850 a
1307 2823 1448 2850 sacerdote
1465 2822 1597 2854 Israelita,
1623 2821 1670 2855 qui
1681 2829 1716 2848 ex
1732 2822 1839 2855 captivis

1050 2860 1083 2887 ad
1101 2859 1276 2888 instruendus
1294 2866 1377 2886 novos
1390 2858 1521 2886 Samarize
1541 2857 1653 2885 colonos
1669 2856 1736 2886 illuc
1758 2865 1772 2884 a
1784 2856 1839 2884 Sal-
