1875 3055
40 146 98 179 865

719 144 884 174 HOMILIA
903 144 1023 175 XLVII.

1616 143 1672 176 866

41 204 220 241 Lxexptitparo
237 212 243 218 ·
261 204 307 230 καὶ
333 202 397 237 γοῦν
419 211 485 237 φησι
503 202 566 237 περὶ
577 201 668 229 αὐτῶν
684 203 700 237 ἡ
717 201 812 236 Γραφή
823 207 830 215 ·

924 209 989 228 ιηειιι
1000 200 1080 228 veluti
1093 201 1227 229 civitatem
1238 201 1381 235 quamdam
1391 202 1524 229 colebant.
1537 201 1671 234 Quoniam

44 260 54 275 ε
74 251 208 285 Ἔμειναν
222 248 363 280 ποιοῦντες
374 248 420 274 τὸν
435 248 516 283 νόμον
532 248 577 273 τοῦ
593 247 670 277 Θεοῦ,
689 246 735 272 καὶ
750 254 833 280 προσ-

44 295 197 325 κυνοῦντες
224 294 280 324 τοῖς
295 293 416 324 εἰδώλοις
433 301 439 307 ·
462 293 551 318 νοοῖτο
579 292 612 318 ἂν
639 292 715 322 πόλις
738 292 832 325 Σαμα-

44 341 147 375 ρειτῶν
164 341 179 373 ἠ
194 340 222 371 ἐξ
237 338 369 373 ἡμισείας
391 338 530 370 εὐσέϐεια,
549 335 583 373 ἧς
613 338 741 371 ἐπιϐῆναι
770 336 833 368 τοὺς

45 385 173 420 μαθητὰς
187 385 328 418 ἀπότομον
345 385 465 410 ποιεῖται
479 385 492 410 ὀ
518 383 629 418 Κύριο·.
655 392 663 407 ι
682 382 832 417 Πορεύεσθε

42 430 185 464 δὲμᾶλλον
211 429 280 461 πρὸς
300 428 335 454 τὰ
359 428 484 463 πρόὂατα
516 427 549 454 τὰ
572 427 731 454 ἀπολωλότα
758 427 833 453 οἴκου

50 476 177 511 Ἰσραήλ·
198 485 207 502 ›
230 475 354 511 πρόϐατα
376 475 456 501 καλεῖ
479 475 524 501 τὸν
548 473 745 510 Ἰσραηλιτικὺν
770 472 834 499 λαδν

43 523 90 549 διά
109 531 138 548 τε
151 523 181 548 τὸ
192 522 323 554 καθαρὸν,
339 521 425 547 καὶτὸ
439 521 505 547 εἵσω
530 521 579 554 τῆς
608 520 722 555 νομικῆς
749 519 834 553 αὐλῆς

43 567 196 599 κλείεσθαι,
211 568 258 593 καὶ
272 567 451 602 σημειοῦσθαι
469 567 507 601 τῷ
534 567 583 601 τῆς
609 565 760 600 περιτομῆς
786 573 834 600 ση-

46 614 129 649 μείῳ,
146 615 192 640 καὶ
209 615 263 644 τοῖς
272 613 327 640 τῶν
342 613 491 649 προφητῶν
506 611 722 647 περιθάλπεσθαι
733 611 833 644 λόγοις,

44 660 84 691 ὡς
113 662 146 686 ὲκ
180 659 234 685 τῶν
259 659 341 694 ἐρίων
374 659 531 694 Θρέμματα,
562 658 675 692 πλείστῃ
701 658 762 693 ὅσῃ,
787 656 836 684 καὶ

43 705 203 739 ἀμφιλαφεί
225 704 454 732 καταπιαίνεσθαι
480 705 513 740 τῇ
550 704 605 730 τῶν
632 703 712 730 θείων
737 703 836 737 λογίων

43 751 116 785 νομῇ
131 758 137 765 ·
154 751 201 776 καὶ
216 752 229 776 ὁ
241 750 348 784 ψαλμὸς
374 749 403 775 δὲ
428 749 500 775 οὕτω
514 749 597 784 φησίν
610 756 616 763 ·
637 757 646 774 ι
672 748 833 783 Ὠδήγησας,

43 796 84 826 ὡς
101 795 228 830 πρόϐατα
243 795 288 823 τὸν
304 795 369 822 λαόν
384 804 430 821 σου
447 803 455 810 ·
477 804 487 821 i
502 795 550 821 καὶ
565 793 696 828 Ἰεζεκιὴλ
720 793 748 820 δὲ
764 802 835 828 προ-

44 841 140 872 ϐάτοις
159 842 264 873 εἰκάζει
276 841 339 873 τοὺς
353 841 383 873 ἐξ
398 840 518 875 Ἰσραὴλ,
550 842 579 867 ὲν
600 837 640 870 οἷς
663 839 718 866 τῶν
741 839 835 874 ἱερέων

44 887 223 914 καθάπτεται
235 887 350 921 φάσκων
361 895 368 902 ·
385 897 394 913 ‹
408 887 478 914 Τάδε
493 887 568 920 λέγει
582 887 685 921 Κύριος
698 894 705 901 ·
721 886 786 919 Οὐχὶ
802 886 835 912 τὰ

44 932 175 967 πρόϐατά
190 941 241 968 μου
254 933 402 968 βόσκουσιν
417 934 442 959 οι
458 933 587 968 ποιμένες
597 940 604 947 ’
622 931 667 958 διὰ
679 931 759 958 τοῦτο
780 930 835 957 ἰδοὺ

44 979 195 1014 ἐκζητήσω
207 979 241 1006 τὰ
254 979 379 1015 πρόϐατά
389 988 440 1015 μου
454 981 486 1006 ὲκ
513 979 567 1006 τῶν
584 979 686 1014 χειρῶν
704 978 804 1004 αὐτῶν.
822 986 833 1003 ι

44 1024 144 1052 Ταῦτα
156 1026 188 1060 δὴ
204 1024 251 1052 οὖν
265 1027 299 1053 τὰ
307 1027 433 1061 πρόϐατα
446 1026 517 1053 κατὰ
533 1026 636 1060 πολλὴν
652 1024 772 1061 ἐρημίαν
783 1024 837 1051 τῶν

42 1072 250 1106 ποιμαινόντων
267 1073 431 1108 ὀρειάλωτα,
445 1073 492 1099 καὶ
511 1073 671 1099 ἀπολωλότα
687 1073 836 1106 γεγόνασιν

44 1117 100 1150 ἔξω
113 1118 163 1152 τῆς
178 1118 233 1144 τῶν
252 1119 368 1146 ὲντολῶν
383 1119 502 1154 μάνδρας
519 1118 764 1154 περιπλανώμενα,
785 1118 838 1150 ἕως

45 1173 56 1189 1
87 1163 117 1190 '0
133 1164 236 1198 ποιμὴν
253 1164 266 1190 ὁ
282 1163 375 1196 καλὸς,
392 1165 406 1191 ὁ
421 1164 471 1199 τὴν
481 1164 571 1200 ψυχὴν
585 1164 668 1190 αὐτοῦ
685 1163 748 1194 δοὺς
765 1163 836 1197 ὑπὲρ

44 1209 104 1236 τῶν
116 1210 272 1245 προϐάτων,
293 1219 302 1236 ι
323 1211 390 1244 πρὸς
409 1210 459 1242 τὰς
488 1209 649 1244 ζωηφόρους
673 1209 722 1236 τοῦ
749 1209 838 1243 Εὐαγ-

44 1255 140 1288 γελῐου
168 1256 254 1290 νομὰς
281 1255 368 1282 ταῦτα
404 1256 552 1290 συνήγαγε.
585 1255 642 1281 Οὐκ
671 1253 732 1281 εἷπε
750 1255 778 1281 δὲ
797 1255 837 1281 ὅτι

44 1302 217 1338 Πορεύθητε,
233 1302 307 1337 ὤραν
321 1302 427 1333 ἐπιθεὶς
437 1301 475 1336 τῷ
486 1301 667 1336 βαπτίσματι,
679 1301 747 1328 ἀλλὰ
762 1303 837 1336 Πορ-

42 1348 166 1375 εύεσθε·
181 1348 224 1374 διὰ
239 1348 288 1382 τῆς
301 1347 492 1382 παρατατικῆς
503 1347 641 1382 σημασίας
655 1347 704 1382 τὴν
716 1347 838 1382 ἀεικίνη-

43 1402 94 1419 τον
109 1393 223 1427 πορείαν
236 1393 311 1427 δηλοῖ
323 1393 371 1419 ἆτε
387 1393 435 1419 τοῦ
455 1392 635 1426 εὐαγγελικοῦ
657 1392 736 1426 λόγου
756 1393 837 1427 μέχρι

46 1439 152 1469 παντὸς
162 1439 393 1474 ὲπεκτεινομένου
405 1447 446 1471 τε,
461 1439 508 1465 καὶ
541 1438 758 1473 προκόπτοντος,
788 1438 836 1465 καὶ

46 1486 147 1512 στάσιν
160 1485 212 1520 τῆς
233 1485 347 1519 πορείας
362 1485 413 1512 οὐκ
424 1486 543 1520 ἔχοντος.

89 1540 99 1557 ι
121 1532 305 1568 Πορευόμενοι
321 1532 349 1558 δὲ
361 1531 514 1566 κηρύσσετε
534 1530 673 1565 λέγοντες·
703 1530 836 1565 Ἤγγικεν
849 1536 871 1566 C

43 1579 63 1613 ἡ
84 1578 208 1612 βασιλεία
222 1579 276 1604 τῶν
286 1579 418 1613 οὐρανῶν.
439 1588 448 1604 ι
463 1578 591 1604 Βασιλεία
609 1577 792 1614 τῶνούρανῶν
820 1579 836 1613 ἡ

45 1624 95 1650 διὰ
117 1623 236 1654 πίστεώς
252 1625 311 1650 ὲστι
336 1625 417 1658 χάρις
434 1623 490 1650 τῶν
504 1624 658 1658 ἀνεφίκτων
686 1623 733 1650 τοῦ
755 1624 838 1658 νόμου

48 1669 304 1704 παρατηρημάτων
317 1668 498 1704 ἐλευθεροῦσα
513 1669 560 1694 τὸν
576 1669 729 1703 ἄνθρωπον,
738 1669 785 1695 καὶ
804 1670 837 1702 τῇ

47 1715 225 1749 πνευματικῇ
240 1713 362 1749 υἱοθεσίᾳ
379 1714 490 1748 πολίτην
505 1714 619 1740 ποιοῦσα
633 1713 688 1740 τῶν
705 1714 733 1740 οὐ
740 1713 838 1748 ρανῶν.

46 1760 182 1786 Βασιλεία
209 1760 238 1786 δὲ
253 1759 352 1794 μᾶλλον
366 1759 489 1794 οὐρανῶν
500 1760 581 1790 αὑτός
595 1761 669 1785 ἐστιν
680 1759 693 1785 ὁ
709 1759 837 1794 Χριστὸς,

43 1804 61 1830 ὸ
71 1805 118 1831 διὰ
129 1805 228 1840 σαρκὸς
237 1805 348 1838 ἐγγίσας
361 1806 427 1840 ἡμῖν
440 1806 495 1836 τοῖς
509 1804 617 1839 μακρὰν
629 1804 711 1831 αὑτοῦ
723 1804 839 1838 γενομέ-

45 1860 105 1882 νοις
116 1851 160 1877 διὰ
178 1851 345 1886 φαυλότητα.
362 1851 576 1882 «Ἀσοεντιῦντας
599 1851 776 1887 θεραπεύετε,
793 1851 839 1877 λε-

45 1897 138 1933 προὺς
154 1897 328 1933 καθαρίζετε,
345 1899 472 1932 δαιμόνια
488 1898 662 1924 ἐκϐάλλετε.)
684 1898 732 1924 Διά
741 1899 768 1924 τί
782 1897 838 1924 ἀπὸ

44 1944 105 1970 τῶν
117 1943 304 1970 ἀσθενούντων
317 1943 449 1970 διέστειλε
464 1944 525 1976 τοὺς
538 1943 656 1979 λεπρούς
668 1951 675 1976 ;
698 1944 770 1978 ’Ἄρα
782 1943 836 1977 γὰρ

111 2025 145 2052 ιν
165 2025 231 2059 Reg.
248 2032 314 2056 imi,
326 2024 371 2052 Μ.
410 2025 420 2040 ⁸
434 2024 506 2053 Psal.
522 2033 578 2059 im,
592 2024 638 2051 21.

677 2024 688 2040 ⁸
698 2024 798 2051 Ezecli.
819 2029 911 2055 xxxtv,
926 2023 968 2049 Η.

883 256 947 275 vero
962 256 1015 274 non
1029 249 1102 274 omni
1117 255 1150 275 ex
1175 252 1250 281 parte
1267 249 1392 282 pietatem
1407 249 1561 281 servabam,
1583 249 1671 276 adhuc

883 294 954 320 enim
969 293 997 320 iii
1016 298 1107 320 monte
1118 294 1276 325 adorabaiit,
1290 293 1317 320 in
1336 301 1389 328 quo
1401 294 1592 322 occulebantur
1610 296 1672 323 ido-

885 339 926 372 la;
946 341 978 366 de
1001 339 1066 374 ipsis
1082 340 1152 366 enim
1169 340 1306 374 Scriptura
1331 339 1417 366 dicit:
1437 349 1446 365 ‹
1462 340 1618 367 Maiiserunt
1643 341 1670 367 iii

885 385 942 420 lcge
958 386 1002 413 Dei
1014 406 1021 416 ,
1038 391 1063 413 et
1081 386 1255 413 nihilominus
1279 385 1348 412 idola
1373 386 1578 414 adoraverant'.
1596 396 1605 412 ι
1622 386 1674 413 Per

884 431 1020 458 civitatein
1030 432 1261 459 Samaritanorum
1280 430 1336 465 (49)
1361 431 1403 458 hic
1417 431 1572 458 dimidiatus
1587 432 1675 459 cultus

884 482 974 510 posset
991 478 1112 512 intelligi,
1125 485 1173 511 per
1183 484 1261 509 quem
1276 476 1359 511 328
1370 477 1503 509 incedere,
1519 477 1594 504 brevi
1608 485 1673 504 usus

885 523 1042 556 compendio
1071 523 1200 550 Dominus
1227 528 1298 549 vetat
1328 532 1334 550 :
1360 532 1369 547 ι
1386 522 1438 549 Sed
1465 523 1552 556 potius
1576 523 1612 550 ite
1640 523 1674 549 ad

887 576 970 600 oves,
997 576 1056 603 quae
1079 569 1216 604 perierunt.
1236 568 1332 595 domus
1347 568 1447 601 lsrael;
1482 578 1490 594 i
1513 576 1576 595 oves
1597 573 1675 596 vocat

885 616 1062 643 Israeliticuiii
1083 617 1219 651 populum,
1237 624 1269 642 eo
1284 617 1354 650 quod
1370 616 1449 642 veluti
1471 616 1599 643 mundum
1617 616 1669 643 ani-

886 661 958 694 inal,
986 665 1012 688 et
1039 662 1108 688 intra
1132 661 1222 688 caulas
1249 661 1373 690 Mosaica‘.
1391 661 1456 696 lrgis
1471 663 1630 694 conclusus,
1648 666 1676 689 et

886 705 1101 733 circunicisionis
1115 706 1240 740 stigmate
1255 706 1376 740 signatus
1391 710 1473 739 esset,
1488 711 1515 733 et
1529 707 1675 741 propheta-

886 759 945 778 rum
957 751 1277 778 sermonibusidentideiii
1289 751 1328 778 uti
1340 758 1436 785 pecora
1447 752 1589 779 velleribus
1602 751 1675 779 iove-

885 802 989 830 rentur,
999 802 1025 823 et
1035 797 1161 831 plurimo,
1171 802 1197 823 et
1206 797 1312 824 abunde
1321 801 1478 831 suppetente
1488 798 1562 824 verbi
1571 797 1616 824 Dei
1627 806 1675 831 pa-
1707 832 1711 834 _

886 843 948 870 bulo
957 842 1161 877 saginarentur:
1171 843 1260 876 dequo
1274 842 1354 870 etiam
1367 842 1470 870 Psaltes
1481 844 1520 870 sic
1529 843 1582 870 ait:
1599 852 1608 869 ι
1621 843 1659 870 De
1670 860 1675 865 ρ

887 888 985 914 duxisti
994 888 1066 914 sicut
1077 894 1142 913 oves
1151 887 1277 922 populum
1291 892 1365 914 tuum
1375 888 1396 914 ³.
1413 896 1422 913 ι
1436 888 1465 914 ΕΙ
1478 896 1539 915 vero
1552 889 1675 916 Ezechiel

887 933 980 960 ovibus
986 937 1124 966 comparat
1134 933 1307 960 lsraeliticam
1317 933 1447 966 sobolem,
1456 942 1509 968 quo
1519 934 1576 961 loco
1584 942 1675 962 sacer-

887 979 963 1006 dotes
977 979 1143 1012 perstringit,
1153 978 1264 1005 dicens:
1281 987 1289 1004 ι
1302 977 1364 1005 Haec
1375 979 1440 1006 dicit
1450 979 1596 1006 Dominus:
1614 979 1674 1006 Non

887 1024 1001 1058 amplius
1008 1031 1073 1051 oves
1084 1031 1157 1050 ineas
1165 1028 1281 1058 pascunt
1290 1030 1421 1058 pastores.
1432 1024 1496 1052 [deo
1505 1032 1568 1052 ecce
1580 1027 1676 1060 exqui-

888 1076 945 1096 ram
960 1076 1024 1097 oves
1040 1077 1113 1096 meas
1123 1069 1155 1096 de
1168 1069 1291 1096 manilius
1300 1076 1393 1096 eorum
1404 1070 1424 1096 ⁵.
1441 1079 1450 1095 ι
1465 1070 1509 1097 Ha:
1522 1071 1602 1104 igitur
1611 1078 1675 1098 oves

887 1118 1024 1147 pastorum
1036 1114 1135 1148 inopia,
1143 1121 1174 1140 ac
1185 1113 1248 1140 \‘itio
1257 1113 1370 1141 deserta:
1381 1122 1428 1148 per
1437 1119 1541 1142 montes
1549 1115 1676 1149 palabun-

889 1161 940 1192 (ιω,
949 1167 981 1187 ac
996 1160 1106 1194 perditae
1119 1166 1196 1186 extra
1208 1165 1404 1195 praeceptorum
1418 1166 1492 1195 septa
1501 1161 1674 1194 oberrabant,

889 1206 985 1238 donec,
999 1205 1103 1233 «Bonus
1117 1211 1220 1241 pastor,
1232 1206 1278 1240 qui
1290 1207 1407 1233 animam
1418 1214 1493 1234 suam
1509 1208 1610 1242 datpro
1618 1207 1676 1234 ovi-

889 1251 1002 1278 bussuis
1012 1251 1032 1283 ',
1048 1259 1058 1276 i
1075 1258 1122 1278 eas
1137 1251 1169 1276 ad
1189 1251 1280 1278 vitalia
1291 1251 1429 1286 Evangelii
1447 1259 1545 1286 pascua
1557 1252 1673 1279 reduxit.

889 1297 945 1324 Non
956 1297 1021 1324 dixit
1031 1304 1105 1328 vero,
1116 1296 1193 1324 Ibitis
1202 1296 1352 1331 (50),qiiasi
1367 1303 1471 1331 tempus
1481 1305 1561 1324 iiiiiiiii
1570 1297 1674 1331 baptis-

889 1343 953 1369 mati
977 1347 1114 1374 statuens;
1126 1343 1172 1369 sed
1187 1341 1238 1373 Ile,
1253 1350 1301 1376 per
1317 1342 1541 1376 signiﬁcationem
1558 1343 1677 1370 extensi—

889 1395 947 1414 vaiii
959 1387 1014 1422 (51)
1024 1391 1180 1422 perpetuum
1190 1387 1244 1414 iter
1252 1387 1407 1419 ostendens,
1418 1388 1516 1421 quippe
1525 1395 1585 1414 cum
1594 1395 1676 1414 evan-

889 1433 990 1466 gelicus
998 1440 1086 1460 sermo
1096 1433 1122 1460 iii
1135 1433 1288 1460 universum
1301 1435 1394 1461 ortieni
1405 1434 1439 1460 sit
1450 1433 1637 1468 proferendus,
1649 1440 1676 1462 ct

889 1479 924 1506 ita
941 1486 1144 1513 progressurus,
1162 1484 1190 1505 ut
1209 1486 1347 1513 nunquam
1361 1486 1376 1505 a
1392 1487 1441 1506 suo
1451 1487 1533 1506 cursu
1552 1479 1674 1507 desistat.

925 1533 934 1550 ι
952 1523 1054 1551 Euiites
1068 1530 1156 1551 autem
1178 1525 1322 1559 praedicate
1337 1526 1469 1556 dicentes,
1485 1525 1548 1558 quia
1572 1525 1677 1559 Appro-

890 1571 1030 1606 pinquavit
1056 1578 1167 1605 regnum
1189 1571 1329 1598 caelorum.
1357 1579 1367 1596 ι
1396 1571 1516 1605 Regnum
1545 1571 1676 1598 cmloruiii

889 1619 976 1652 gratia
989 1623 1040 1649 est,
1064 1625 1123 1652 quae
1136 1625 1182 1651 per
1199 1618 1277 1644 ﬁdem
1291 1618 1380 1649 datur,
1398 1625 1412 1644 a
1429 1617 1496 1651 legis
1510 1617 1678 1645 observatio-

890 1671 980 1702 nibus,
1005 1678 1064 1704 qua:
1078 1669 1179 1697 servari
1195 1677 1247 1697 non
1265 1674 1378 1704 possunt
1395 1669 1531 1696 hominem
1545 1669 1675 1703 liberans,

890 1723 1005 1749 eumque
1034 1715 1167 1749 spirituali
1193 1716 1336 1749 adoptione
1363 1715 1391 1742 in
1418 1716 1478 1743 mali
1509 1716 1595 1743 civem
1612 1717 1677 1742 ado-

892 1766 970 1794 ptans
990 1769 996 1787 :
1013 1769 1060 1788 seu
1077 1761 1166 1795 potius
1182 1768 1294 1795 regnum
1311 1762 1441 1788 caelorum
1459 1766 1500 1788 est
1520 1762 1576 1795 ipse
1597 1760 1677 1788 Chri-

891 1810 961 1838 stus,
974 1807 1018 1840 qui
1034 1814 1082 1840 per
1096 1813 1204 1833 carnem
1225 1807 1301 1834 nobis
1313 1807 1538 1842 appropinquant
1551 1815 1599 1841 per
1613 1814 1676 1841 pec-

892 1857 981 1879 catum
1010 1853 1044 1879 ab
1070 1852 1116 1878 illo
1141 1852 1219 1886 longe
1244 1853 1367 1880 semotis.
1401 1861 1411 1878 ι
1431 1851 1556 1880 liiﬁrmos
1571 1856 1676 1884 curate.

892 1899 1013 1933 leprosos
1034 1900 1181 1932 niundate,
1207 1900 1343 1927 daemones
1370 1899 1470 1935 ejicite.
1495 1910 1504 1926 ι
1525 1900 1595 1933 Quid
1623 1905 1676 1932 est,

890 1943 961 1978 quod
979 1943 1013 1970 ab
1029 1943 1144 1970 inﬁrmis
1161 1944 1283 1978 leprosos
1300 1944 1436 1980 seiunxit?
1458 1952 1523 1971 num
1541 1946 1612 1972 enini
1635 1944 1678 1972 iu-

1006 2024 1017 2040 '
1033 2021 1109 2050 Joaii.
1127 2030 1155 2056 ι,
1177 2023 1220 2052 ll.

665 2090 828 2122 Francisci
845 2091 950 2121 Scorst
966 2095 1058 2122 nota).

48 2161 196 2183 iiiaiiasare
223 2153 323 2180 missus
339 2153 435 2184 fuerat,
453 2157 482 2179 ut
497 2152 612 2179 habetur
628 2151 660 2179 lV
672 2152 738 2187 Reg.
766 2160 828 2186 cap.

47 2199 95 2219 XVI
110 2199 119 2218 ζ
139 2195 166 2217 et
182 2189 215 2216 ab
233 2189 284 2216 hoc
298 2193 407 2214 auctore
421 2187 498 2214 l’atius
523 2191 564 2214 est
577 2188 727 2221 expositum
755 2187 828 2214 hom.

47 2227 83 2252 de
100 2225 229 2252 Samarit.
248 2231 308 2258 quae
330 2228 371 2250 est
390 2222 425 2249 58
451 2222 546 2249 ordine
575 2230 582 2248 :

48 2266 139 2288 llOlﬂS.

87 2295 144 2330 (49)
159 2295 213 2321 Per
223 2293 353 2320 ciuitatem
367 2292 609 2330 Senioritanoriiiii.
627 2291 695 2324 Quid
709 2296 751 2330 est
767 2292 834 2319 reli-

52 2326 162 2365 gionem
200 2334 327 2365 tanquam
361 2328 497 2365 civitatein
528 2326 728 2365 colere,_q_uo_d
752 2334 833 2365 supra

48 2361 142 2397 dixit,
160 2369 188 2391 et
200 2363 244 2398 qui
273 2363 390 2390 civitatis
410 2361 590 2398 appellatione
617 2361 836 2398 diuiidiaiusille

48 2396 142 2427 cultus
168 2396 241 2425 recte
261 2398 345 2431 possit
366 2396 499 2430 intelligi?
515 2396 680 2431 inconcinna
699 2396 835 2422 videbitur

50 2436 169 2462 fortasse
195 2430 352 2463 similitudo,
372 2432 422 2458 nisi
449 2431 481 2457 ad
512 2430 716 2457 Similitudinem
740 2438 834 2457 voeuiii

49 2471 161 2496 animus
191 2469 361 2499 advertatur,
378 2474 436 2499 qua:
466 2466 491 2492 in
512 2465 608 2492 Latino
634 2466 762 2492 idiuuiate
792 2473 835 2491 Vix

49 2504 168 2531 exsistit.
183 2503 218 2529 Ea
236 2507 277 2529 est
289 2503 358 2528 inter
369 2502 445 2527 πόλιν
456 2509 514 2534 qua:
532 2501 625 2526 civitas
635 2519 643 2532 ,
654 2505 681 2526 et
696 2500 835 2526 πολιτείαν

51 2547 114 2574 qua:
141 2538 213 2565 inter
237 2537 342 2563 vivendi
368 2537 498 2563 rationein
513 2543 567 2574 non
587 2535 834 2574 built-allil‘ln'l‘llotll),

52 2568 102 2602 sed
117 2575 198 2601 etiam
211 2579 316 2599 saeraiu
330 2577 357 2598 et
372 2573 520 2597 secundum
536 2571 629 2596 Deum.
647 2569 722 2596 Unde
736 2568 769 2596 D.
786 2569 837 2594 Ba-

52 2610 142 2638 silius.
170 2608 254 2642 Epist.
280 2607 313 2633 ad
329 2606 441 2642 Gri-ger.
460 2606 515 2642 ενγοἱ
545 2606 596 2638 βίοι
610 2604 664 2642 τῷν
692 2604 836 2642 μακαρίων

51 2643 160 2678 ἀνδρῶν
190 2639 245 2669 οἷον
260 2641 363 2671 εἰκόνες
379 2639 585 2678 τινὲίὲἕμψυχοι
608 2640 656 2678 τῇς
681 2640 752 2676 κατὰ
769 2639 835 2678 Θεὸν

52 2674 195 2708 πολίτείας
232 2677 408 2710 πρόκεινται-
442 2675 583 2700 Beuturum
618 2674 752 2700 hominum
777 2674 836 2700 vita:

53 2719 179 2746 tanquam
199 2713 339 2738 simulacri:
353 2710 474 2746 quwdunt
489 2716 607 2735 aitiiimla
623 2715 760 2746 proposita
773 2713 835 2746 θ-ᾳηι

54 2743 114 2776 vita;
140 2750 172 2772 μά
188 2755 304 2773 normam
320 2743 432 2772 diciiium
458 2744 597 2770 institutio.
622 2745 658 2770 Ita
683 2745 762 2769 vortit
784 2743 836 2769 Bu-

54 2785 138 2809 iiirzus.
163 2783 194 2808 Et,
214 2784 242 2808 υ.
269 2781 380 2810 Paulus,
406 2781 439 2805 ad
461 2779 576 2812 Philipp.
594 2786 645 2805 tit:
668 2778 763 2812 Ἰιμὼν
781 2786 835 2812 γαρ

54 2818 84 2842 τὸ
100 2817 253 2851 πολίτευμα
278 2818 304 2841 ἐν
329 2815 453 2850 οὐρανοῖς
468 2814 587 2851 ύπαρχει
601 2823 608 2830 ·
638 2812 736 2851 Nostra
747 2818 834 2851 autem

53 2848 221 2879 conversatio
245 2853 273 2879 iii
290 2848 426 2877 cmlis‘est.
443 2849 571 2883 Adeoque
596 2857 647 2876 iiou
666 2849 756 2882 inepte
785 2848 834 2882 τὴν

884 2153 1023 2180 πολιτείαν
1041 2161 1087 2180 seti
1104 2153 1256 2187 πολίτευμα
1271 2152 1480 2185 Samaritarum,
1496 2153 1546 2181 hoc
1561 2160 1600 2181 est
1611 2163 1676 2182 cou-

888 2189 1069 2215 versaiiuueiii
1091 2196 1195 2220 eorum,
1214 2196 1260 2214 seti
1278 2189 1384 2214 vivendi
1411 2191 1542 2214 rationem
1563 2195 1589 2216 ct
1616 2191 1675 2217 cul-

613 2209 645 2249 ad
666 2230 747 2257 quam
772 2209 872 2248 videD
888 2227 944 2249 tuin
968 2223 1046 2249 πόλιν
1074 2209 1210 2250 civitatein
1241 2223 1284 2249 Iiic
1310 2229 1404 2249 auctor
1432 2223 1560 2257 appellat.
1581 2209 1673 2252 'Pohrurlo

887 2257 967 2284 etiam
984 2258 1081 2284 civitas
1106 2258 1199 2284 Latine
1230 2266 1282 2284 non
1310 2258 1415 2288 domos,
1440 2263 1467 2284 et
1488 2259 1599 2290 moenia,
1627 2261 1674 2286 sed

889 2292 976 2329 ipS‘illl
1006 2294 1199 2329 i'ciiipublicaiii
1218 2293 1374 2326 victumque
1395 2299 1565 2320 c0iiiii'iuueiii
1584 2295 1675 2329 populi

887 2328 1031 2361 signiﬁcat,
1048 2330 1118 2361 quod
1135 2328 1211 2359 vulgo
1227 2333 1317 2353 iiotuiii
1333 2332 1384 2355 est.

924 2362 981 2396 (50)
1001 2361 1061 2388 Non
1086 2363 1153 2388 dixit
1172 2370 1240 2393 vero,
1257 2362 1352 2388 Ibitis.
1385 2361 1421 2388 lla
1436 2362 1537 2388 reddidi
1554 2365 1625 2397 quod
1639 2364 1675 2391 ita

886 2395 1013 2422 videatur
1034 2398 1142 2432 exigere
1157 2404 1254 2423 sensus
1283 2398 1412 2424 auctoris.
1437 2395 1571 2424 Oliservai
1598 2399 1670 2426 enim

886 2432 962 2457 verbi
976 2431 1096 2462 modum,
1119 2437 1145 2458 et
1170 2437 1284 2465 leiiipus,
1310 2437 1383 2458 iitex
1402 2433 1575 2466 sequi-litibus
1591 2438 1674 2465 patet.

891 2466 965 2501 Unde
992 2468 1115 2498 suspicor
1146 2467 1288 2501 legendum
1315 2467 1511 2501 πορευοήσετε,
1539 2473 1566 2494 et
1586 2469 1674 2496 facilis

887 2500 939 2526 fuit
962 2501 1051 2534 lapsus
1070 2502 1149 2527 unius
1177 2500 1286 2534 Syllaba:
1300 2500 1477 2528 ἱιιιιίιπιιιοιιιει).
1509 2501 1566 2527 Noli
1582 2507 1673 2530 tamen

888 2535 957 2562 volui
985 2537 1144 2570 seriptui‘aiii
1165 2542 1282 2567 mutare,
1299 2537 1343 2562 sed
1371 2542 1464 2563 notare
1479 2537 1673 2570 suspicionem,

891 2571 1040 2604 iiraisertiiii
1066 2571 1128 2604 quia
1152 2571 1196 2597 hic
1220 2570 1295 2597 locus
1324 2571 1468 2597 destitutus
1494 2577 1535 2597 est
1561 2572 1621 2598 cod.
1643 2573 1672 2600 S.

888 2606 988 2632 auxilio
1011 2614 1017 2632 :
1047 2613 1099 2632 nou
1128 2606 1199 2639 quod
1220 2613 1252 2631 eo
1280 2613 1399 2637 careant,
1423 2606 1469 2632 sed
1497 2607 1612 2640 quodin
1641 2614 1674 2634 eo

888 2642 970 2676 inulta
1000 2642 1120 2676 di‘slllllL
1139 2641 1266 2666 iiiiiiiruin
1301 2641 1334 2666 al)
1359 2641 1412 2667 illis
1437 2643 1524 2667 verbis
1553 2642 1674 2676 ἡμέραις

886 2674 973 2707 δυσὶν,
1000 2683 1085 2709 usque
1109 2675 1165 2701 fere
1191 2676 1224 2701 ad
1251 2682 1409 2709 praesentem
1426 2677 1526 2707 locum,
1549 2674 1598 2702 ατε
1613 2674 1672 2703 ’τοῦ

887 2709 1066 2743 εὑαγγελιχοῦ
1087 2711 1180 2742 λόγου.

923 2745 977 2779 (51)
997 2744 1049 2771 Per
1072 2745 1293 2779 signi/irationem
1326 2746 1496 2772 cxtciiaivaiii.
1527 2745 1595 2777 Quid
1623 2746 1673 2773 sibi

887 2781 951 2806 velit
980 2781 1036 2806 huic
1059 2781 1198 2806 citciisiva
1216 2780 1390 2814 signiﬁcatio,
1411 2786 1478 2806 satis
1496 2781 1674 2814 ρηιυδυὶιυιιε

887 2815 919 2842 ad
933 2816 1006 2842 liom.
1027 2822 1064 2848 xt,
1081 2820 1136 2841 iiot.
1154 2814 1199 2848 87,
1215 2822 1295 2849 quain
1312 2815 1433 2842 consule.
