1875 3055
40 131 93 163 889

730 135 895 166 HOMIIJA
915 136 1020 167 XLIX.

1624 141 1678 172 8Ίο

41 192 148 228 Εὖηθες
166 193 220 229 γὰρ
235 193 299 230 τῇδε
315 194 410 229 νοῆσαι
432 193 478 221 τὸν
490 193 638 230 Ναθαναὴλ
658 193 745 229 ἄνδρα
770 194 817 221 ἔπι

906 194 1028 227 tanaelis,
1044 193 1164 222 hominis
1185 194 1233 229 qui
1248 201 1308 229 quae
1319 195 1351 223 de
1372 195 1565 224 Christo‘die’ta
1584 205 1673 231 erant.

43 239 182 271 στατικῶς
202 239 237 266 τὰ
254 239 318 275 περὶ
335 239 458 274 Χριστοῦ
475 240 674 275 ἐρευνήσαντα.
696 239 776 267 Ἀλλὰ
791 239 830 266 τό·

39 285 74 312 Τί
85 286 197 320 ἀγαθὸν,
213 286 275 313 ἀντὶ
283 286 341 318 τοῦ,
353 285 422 313 Δίαν
437 286 549 320 ἀγαθὸν,
566 285 676 320 νοητέον
691 286 767 321 ἡμῖν.
779 286 832 312 Τε-

40 332 195 367 τριμμένον
209 332 238 359 δὲ
253 331 284 359 τὸ
299 333 376 367 ρἦα
391 332 489 364 τοῦτο¹
513 333 562 360 καὶ
579 332 695 368 σύνηθες
710 333 743 368 τῇ
758 332 830 366 Γρα-

43 377 94 411 φῇ.
108 376 174 404 Ὅτε
188 377 243 412 γὰρ
259 377 344 404 Δαόὶδ
358 377 428 413 πρὸς
439 377 470 404 τδ
485 377 588 413 πλῆθος
608 377 764 412 ἰλιγγιάσας
776 377 831 404 τῶν

40 423 216 458 πειρασμῶν,
233 432 243 449 ‹
258 423 355 459 Κύριε,
374 424 400 450 τί
418 423 628 458 ὲπληθύνθησαν
646 425 671 450 οὶ
692 423 829 456 θλίϐοντες

0 479 3 483 ·
41 469 75 503 μέ
90 476 114 502 ;›
134 469 215 505 φησί·
236 470 267 496 Tl
277 469 357 496 τοῦτο
367 469 467 504 λέγων,
486 469 523 501 ὡς
539 470 607 497 Δίαν
620 469 830 505 ὲπληθύνθησαν

2 526 4 530 ι
38 515 64 541 oi
79 515 182 549 ἐχθροί.
199 515 254 542 Καὶ
277 516 291 542 6
315 515 397 548 καλὸς
418 515 577 550 ἀδελφιδοῦς
599 517 628 543 ὲν
649 517 688 551 τῷ
706 517 828 553 ’ᾼσματι

40 560 193 594 θαυμάζων
208 561 239 588 τὸ
254 561 354 593 κάλλος
369 561 420 596 τῆς
443 561 583 597 σώφρονος
608 559 735 598 νύμφης,
756 561 829 589 οὕτω

0 620 2 623 ν
38 605 120 640 φησί’
141 615 150 632 t
170 606 203 633 Τί
228 606 435 640 ὲκαλλιώθησαν
456 608 483 634 οἱ
507 607 607 643 μαστοί
628 617 695 639 σου.
725 608 826 644 ἀδελφή

0 656 4 671 1
38 659 91 685 μου
110 651 223 687 νύμφηῐ
239 661 249 678 ι
269 653 335 685 Καὶ,
351 662 361 678 ‹
385 652 418 679 Τί
439 652 622 688 ὡραιώθησαν
647 653 676 680 αι
703 653 827 687 σιαγόνες

0 715 3 717 -
38 706 85 724 σου
102 698 109 725 1
127 708 136 724 ›
156 699 211 725 Καὶ
229 699 293 735 περὶ
313 699 363 734 τῆς
389 699 445 726 τῶν
461 699 568 734 ἀρετῶν
581 699 686 726 είσόδου
713 700 795 734 φησὶν
812 700 827 726 6

0 749 5 763 τ
36 742 133 778 Σωτὴρ
147 744 354 779 θαυμαστικῶςι
373 753 384 771 t
403 744 436 771 Τί
460 744 541 780 στενὴ
567 745 583 780 ἡ
603 744 686 780 πύλη.
714 745 729 779 ἡ
756 744 827 771 ἁπά-

2 795 6 809 τ
34 797 122 822 γουσα
136 789 176 821 εἰς
192 790 241 825 τὴν
256 789 350 825 ζωήνῐ
371 799 380 816 ι
409 790 441 817 Et
471 790 524 825 γὰρ
550 789 727 825 ἁπορητικῶς
746 790 826 817 τοῦτο

0 843 4 858 ;
33 833 114 861 εἶπεν
129 836 142 862 6
157 835 318 872 Ναθαναὴλ,
334 835 373 868 ὡς
390 835 522 863 ἀδύνατον
542 836 624 871 δῆθεν
648 837 677 862 ὲν
696 836 824 871 Ναζαρέτ

33 889 59 907 τι
75 881 182 914 ἀγαθὸν
197 881 336 915 γενέσθαι,
353 879 387 917 ἦν
404 882 438 909 ἂν
450 881 552 917 ψευδὴς
575 881 755 918 Ἰσραηλίτης,
775 881 823 907 καὶ

32 927 156 961 δολερὸς,
172 928 219 953 καὶ
233 927 284 954 οὐκ
309 927 342 954 ἂν
362 927 439 962 παρὰ
459 927 505 954 τοῦ
527 927 661 962 ἀψευδοῦς
689 928 824 962 στόματος

1 980 7 986 ’
32 973 155 1000 τοιοῦτον
166 973 271 1009 εἰλήφει
286 973 331 1000 τὸν
348 973 472 1001 ἔπαινον.
501 983 510 999 t
535 971 596 1001 Εἶδε
612 974 679 1009 γὰρ,
698 975 790 1008 φησὶν,
809 974 823 1000 6

0 1026 5 1041 ξ
38 1019 146 1054 ’ἷησοΰς
162 1020 209 1046 τὴν
222 1019 378 1055 Ναθαναὴλ
397 1021 546 1055 ἐρχόμενον
565 1019 634 1055 πρὸς
656 1019 756 1051 αὐτὸν,
776 1019 823 1046 καὶ

0 1072 8 1078 δ
30 1066 108 1099 λέγει
122 1067 187 1100 περὶ
203 1066 287 1093 αὑτοῦ
301 1075 309 1082 ο
328 1067 381 1093 Ἴδε
407 1066 518 1101 ἀληθῶς
546 1065 729 1101 Ἰσραηλίτης,
758 1066 787 1092 ἐν
801 1061 823 1099 ᾧ

0 1120 7 1124 ⁵
31 1112 109 1143 δόλος
121 1112 173 1138 οὐκ
184 1112 269 1138 ἔστιν.
285 1121 294 1137 ι
313 1109 391 1138 Εἷδεν
416 1111 498 1138 αὑτὸν
521 1111 669 1146 ἐρχόμενον
694 1111 748 1138 ἀπὸ
773 1113 823 1147 τῆς

0 1166 8 1179 ά
33 1158 115 1187 σκιᾶς
132 1157 199 1192 πρὸς
228 1157 278 1192 τὴν
292 1157 431 1192 ἀλήθειαν,
447 1157 501 1184 ἀπὸ
511 1158 560 1192 τῆς
570 1157 618 1184 τοῦ
635 1158 720 1192 νόμου
736 1158 823 1192 συκῆς

6 1225 10 1226 ν
32 1203 103 1237 πρὸς
121 1203 167 1229 τὸν
183 1203 218 1229 τὰ
238 1202 326 1237 φύλλα
342 1202 392 1237 τῆς
408 1202 524 1238 νομικῆς
539 1203 626 1238 συκῆς
643 1203 688 1229 διὰ
703 1203 753 1239 τὴν
769 1203 823 1230 τῶν

3 1258 9 1274 :
32 1250 147 1284 ἀγπθῶν
170 1251 311 1286 ἀκαρπίαν
331 1251 499 1286 ξηράναντα,
530 1252 578 1278 καὶ
611 1252 674 1279 ίδὼν
699 1253 821 1287 γνήσιον,

0 1307 4 1322 :
30 1296 78 1322 καὶ
103 1297 140 1323 οὐ
166 1296 242 1324 νόθον
267 1297 440 1332 Ἰσρειηλίτην
458 1297 611 1332 ὠνόμασεν.
635 1298 745 1333 Ἐπειδὴ
768 1298 822 1334 γὰρ

2 1355 9 1370 τ
29 1342 207 1377 Ίσραηλίτης
224 1343 302 1376 νοῦς
318 1343 398 1377 ὀρῶν
411 1343 466 1370 τὸν
488 1344 563 1371 Θεὸν
583 1344 768 1380 ἑρμηνεύεται
783 1353 791 1360 ·
808 1346 822 1372 6

4 1403 10 1418 ς
27 1389 56 1415 δὲ
74 1389 225 1425 Ναθαναὴλ
242 1390 314 1425 μέγα
340 1390 444 1425 ἀγαθὸν
467 1391 607 1426 ὀνομάσας
628 1391 675 1419 τὸν
689 1392 820 1427 Χριστὸν,

7 1450 10 1452 ~
29 1435 96 1462 Θεὸν
110 1435 192 1462 αὑτὸν
213 1436 410 1471 ὡμολόγησεν⁶
425 1437 515 1469 οὐδεὶς
535 1437 590 1473 γὰρ
611 1438 716 1471 ἀγαθὸς
734 1439 759 1465 εί
783 1439 822 1475 μὴ

27 1479 67 1512 εἷς
84 1482 99 1508 6
111 1481 178 1513 Θεὸς
188 1490 196 1498 ·
211 1483 326 1515 εἰκότως
341 1483 450 1518 ἀληθῶς
467 1483 639 1520 Ἰσραηλίτης
651 1484 819 1519 ὠνόμασται,

883 240 1066 268 solertissime
1094 240 1308 275 investigasset:
1338 242 1386 270 sed
1409 242 1477 276 hoc,
1491 242 1596 278 aliquid
1617 244 1678 272 boni

882 293 948 319 esse,
965 286 1001 314 ita
1016 286 1093 313 nobis
1108 286 1311 322 intelligendum
1325 292 1376 321 est,
1393 296 1426 315 ac
1442 289 1464 317 si
1481 289 1574 318 dicat:
1590 291 1676 324 Quid-

881 332 943 359 dam
960 332 1037 359 valde
1063 333 1161 360 bonum
1184 337 1236 361 est.
1253 332 1330 361 Trita
1344 342 1425 369 porro
1453 340 1479 363 et
1507 339 1605 364 usitata
1633 343 1675 365 est

882 377 940 405 hac
953 376 1055 405 locutio
1069 377 1095 405 in
1110 378 1196 405 sacris
1209 379 1329 406 Litteris.
1342 379 1411 407 Nam
1423 385 1449 408 et
1462 381 1544 408 David
1557 382 1678 410 multitu-

880 423 943 451 dine
967 424 1157 451 insectantium
1169 425 1482 454 circumventusdicehat
1499 436 1505 454 :
1519 437 1527 453 t
1542 427 1669 462 Domine,

879 477 961 505 quam
977 471 1148 506 multiplicati
1164 477 1238 505 sunt,
1254 473 1300 508 qui
1315 473 1448 501 tribulant
1463 481 1506 501 me
1525 474 1558 506 ".
1569 483 1579 500 ›
1605 475 1676 503 hanc

879 518 1038 553 particulam
1052 518 1089 551 τί,
1105 527 1195 554 quam,
1220 526 1322 553 ponens
1340 526 1388 553 pro
1400 527 1408 546 ε
1420 519 1505 553 Quam
1518 520 1598 547 valde
1612 521 1677 548 mul-

880 564 990 599 tiplicati
1002 569 1065 593 sunt
1079 565 1194 593 inimici!
1205 570 1233 593 et
1251 565 1364 600 pulcher
1376 565 1514 593 fratruelis
1524 566 1550 593 in
1564 568 1675 595 cantico

878 616 962 639 castae
996 618 1109 647 sponsae‘
1133 611 1363 647 pulchritudinem
1402 612 1556 640 admiratus
1596 613 1635 640 ait
1665 622 1674 642 :

880 667 890 684 t
908 657 994 691 Quam
1010 658 1121 692 pulchra
1134 657 1203 685 facta
1223 662 1287 685 sunt
1304 658 1388 685 ubera
1408 663 1463 688 tua.
1479 665 1579 692 sponsa
1598 659 1640 687 κε
1661 667 1672 686 ι

876 709 925 731 et:
946 713 956 730 t
969 704 1055 738 Quam
1077 703 1208 739 speciosae
1229 703 1308 731 factae
1334 708 1398 731 sttnt
1423 711 1499 739 gente
1524 709 1576 732 tuae
1596 705 1619 722 ε’
1634 705 1640 732 l
1662 714 1672 732 ι

875 755 903 778 et
926 750 960 778 de
983 750 1069 785 prima
1100 750 1271 784 ingressione
1297 750 1426 777 virtutum
1456 750 1580 778 Salvator
1622 759 1673 786 per

876 795 1084 823 admirationem
1114 795 1152 822 ait
1177 803 1185 823 :
1219 805 1228 821 ι
1245 795 1331 828 Quam
1359 799 1472 830 angusta
1502 801 1590 830 porta,
1612 804 1673 831 quae

876 839 953 868 ducit
967 841 999 867 ad
1016 841 1099 867 vitam
1117 840 1159 867 ³³1
1178 849 1187 866 ι
1211 839 1279 866 Nam
1302 839 1325 867 si
1348 839 1497 867 dubitando
1521 838 1674 866 Nathanael

877 887 932 913 tunc
950 886 1082 918 dixisset,
1109 886 1180 921 quod
1208 886 1337 913 nimirum
1365 893 1380 912 a
1409 884 1545 912 Nazarth
1573 885 1674 920 aliquid

875 932 937 959 Itoni
954 940 1007 960 non
1030 937 1121 968 posset
1134 933 1279 965 exsistere,
1312 931 1395 959 falsus
1426 931 1522 959 fuisset
1538 930 1672 963 Israelita,

874 982 901 1005 et
914 977 1035 1010 dolosus,
1060 985 1148 1012 neque
1162 977 1243 1004 talem
1262 978 1296 1004 ab
1320 984 1367 1003 ore
1386 977 1510 1003 veritatis
1537 976 1673 1003 retulisset

875 1024 981 1051 laudem
996 1032 1003 1051 :
1024 1032 1034 1049 t
1052 1024 1137 1056 Vidit,
1152 1023 1236 1056 enim,
1261 1023 1360 1057 inquit,
1381 1022 1461 1050 Jesus
1478 1022 1673 1050 Nathanaelem

877 1070 1032 1097 venientem
1052 1070 1086 1097 ad
1109 1077 1149 1103 se,
1170 1074 1197 1097 et
1213 1071 1251 1097 ait
1278 1069 1311 1097 de
1328 1070 1373 1097 illo
1388 1079 1394 1097 :
1413 1069 1485 1098 Ecce
1501 1078 1566 1097 vere
1583 1069 1672 1097 Israe-

875 1117 934 1149 lita,
959 1116 984 1143 in
1011 1124 1065 1150 quo
1089 1116 1169 1144 dolus
1199 1124 1251 1144 non
1277 1120 1329 1144 est.
1348 1126 1357 1142 ι
1384 1116 1458 1144 Vidlt
1501 1116 1590 1150 ipsum
1625 1123 1673 1143 ve-

875 1162 992 1189 nientem
1015 1164 1049 1189 ab
1080 1163 1173 1189 umbra
1200 1162 1233 1189 ad
1247 1162 1400 1193 veritatem,
1418 1169 1432 1188 ιι
1451 1161 1502 1188 iicu
1520 1161 1587 1196 legis
1603 1161 1671 1197 (77)σ

874 1208 909 1236 ad
934 1215 1007 1239 eum.
1024 1208 1070 1243 qui
1098 1207 1194 1243 legalis
1216 1208 1338 1236 ﬁculnea:
1361 1207 1437 1240 folia,
1465 1209 1537 1243 quod
1565 1208 1672 1235 fructus

875 1262 927 1282 non
950 1254 1104 1282 attulissent
1120 1255 1254 1282 bonorum
1268 1262 1397 1288 operum,
1414 1253 1546 1286 arefccit;
1562 1258 1590 1281 et
1607 1261 1670 1280 eum

874 1301 978 1334 videns,
988 1308 1155 1336 germanum.
1172 1308 1222 1328 nec
1235 1300 1416 1327 adulterinum
1428 1300 1576 1335 appellavit
1586 1300 1672 1327 Israe-

874 1347 961 1375 litam.
980 1346 1114 1380 Quoniam
1130 1345 1204 1373 enim
1228 1345 1353 1373 Israelita
1372 1353 1445 1372 mens
1473 1345 1554 1372 Deum
1580 1345 1671 1372 uidens

874 1394 931 1430 (78)
963 1393 1231 1428 interpretatur,!’et
1273 1391 1420 1420 Nathanael
1456 1391 1536 1419 valde
1571 1391 1670 1418 bonum

873 1438 1014 1466 Christum
1037 1445 1139 1465 vocans
1151 1436 1235 1464 Deum
1253 1437 1341 1470 ipsum
1362 1436 1505 1463 confessus
1521 1439 1562 1462 est
1580 1436 1671 1471 (nemo

873 1487 973 1521 quippe
981 1486 1078 1517 bonus,
1095 1485 1146 1513 nisi
1159 1485 1233 1513 solus
1243 1484 1356 1518 Deus")
1370 1492 1377 1516 ;
1394 1483 1478 1519 339
1493 1484 1591 1510 merito
1607 1490 1671 1510 vero

27 1527 64 1558 ὡς
77 1527 118 1562 μὴ
134 1527 204 1562 ἔχων
224 1527 299 1554 δόλον
314 1528 387 1560 τινὰ,
408 1528 455 1554 καὶ
471 1529 630 1564 ὑπόκρισιν.
650 1528 696 1560 Ὠς
710 1529 760 1564 μὲν
772 1529 819 1557 οὖν

906 1531 997 1559 raelita
1016 1530 1105 1558 dictus
1126 1535 1177 1563 est,
1197 1535 1227 1557 ut
1249 1530 1295 1566 qui
1323 1529 1427 1557 nullum
1445 1529 1549 1561 dolum,
1569 1529 1670 1556 nullam

33 1574 209 1610 Ίσροιηλίτης
239 1575 347 1610 ἐπέγνω
374 1575 421 1602 τὸν
439 1575 516 1608 Θεὸν,
546 1575 584 1607 ὡς
614 1576 643 1603 δὲ
670 1576 821 1612 Ναθαναὴλ

8 1654 10 1656 _
26 1621 117 1656 δῶρον
129 1621 272 1656 προσήχθη
284 1621 372 1656 αὐτῷ,
400 1621 584 1657 ἑρμηνεύεται
600 1622 656 1657 γὰρ
668 1622 819 1658 Ναθαναὴλ

26 1666 106 1701 δόμα
123 1667 209 1695 Θεοῦ.
225 1667 322 1702 Ἀθρει
337 1667 366 1694 δὲ
384 1668 432 1694 καὶ
448 1668 495 1695 τοῦ
512 1668 662 1704 Ναθαναὴλ
678 1669 709 1696 τὸ
722 1669 818 1696 σταθε-

29 1713 85 1746 ρὸν,
110 1714 161 1739 καὶ
185 1713 355 1741 ἀθώπευτον.
380 1715 552 1747 Ἐπαινεοεὶς
569 1717 625 1753 γὰρ
654 1717 708 1743 οὐδ’
729 1717 820 1744 ὁτιοῦν

27 1758 215 1794 ἐκεχαύνωτο,
230 1759 297 1786 ἀλλὰ
320 1769 329 1786 t
350 1760 434 1787 Πόθεν
452 1769 486 1796 με
508 1761 675 1796 γινώσκεις;
691 1772 700 1789 ι
722 1763 818 1797 εἰπὼν,

1 1832 4 1836 λ
27 1805 210 1839 φιλοπευστεϊ
224 1814 307 1833 τινων
320 1807 489 1843 ἀπορρήτων
508 1809 617 1844 μαθεῖν.
640 1810 696 1836 Καὶ
712 1810 743 1836 τὺ
764 1818 820 1845 οη-

0 1868 3 1883 :
26 1853 108 1887 μεῖον
123 1853 199 1888 παρὰ
212 1853 297 1885 πόδας
310 1854 404 1886 εὐθύς.

63 1998 73 2015 t
93 1987 156 2024 Πρὸ
180 1987 228 2015 τοῦ
254 1997 284 2015 σε
309 1989 444 2016 Φίλιππον
473 1990 601 2026 φωνῆσαι
615 1991 683 2019 ὄντα
703 1992 755 2019 ὑπὸ
769 1993 820 2028 τὴν

0 2051 9 2059 ’ν
24 2036 117 2070 συκῆν
132 2033 206 2062 εἶδόν
221 2043 262 2062 σε.
278 2044 288 2061 ι
302 2033 358 2062 Ἦν
376 2035 427 2071 μὲν
442 2035 497 2071 γὰρ
517 2037 565 2064 καὶ
581 2037 633 2065 ὑπὸ
652 2038 740 2074 συκῆν
757 2040 821 2074 ἑφε-

3 2082 5 2084 ’
24 2082 155 2117 ζόμενος,
180 2081 223 2108 ετε
255 2081 324 2117 προς
345 2081 394 2108 τοῦ
422 2081 560 2110 Φιλίππου
580 2083 645 2119 περὶ
665 2083 714 2111 τοῦ
730 2084 819 2120 Ἰησοῦ

1 2155 4 2160 ,
23 2127 297 2163 ὲμεμυσταγώγητο.
310 2128 385 2161 Πλὴν
395 2128 436 2155 ὅτι
446 2128 495 2155 καὶ
505 2129 556 2165 τὴν
569 2129 617 2157 τοῦ
634 2131 717 2166 νόμου
730 2130 820 2166 συκῆν

23 2176 68 2202 διὰ
84 2175 191 2202 τούτων
203 2174 336 2211 ᾐνίττετο.
352 2172 385 2210 ἦς
401 2175 418 2210 ἡ
435 2175 500 2202 σκιὰ
515 2176 585 2211 πρὸς
597 2177 647 2213 τὴν
668 2178 818 2212 μετουσίαν

871 1577 1072 1606 simulationem
1081 1577 1203 1604 haberet.
1212 1575 1297 1611 Igitur
1309 1581 1338 1603 ut
1348 1575 1470 1604 Israelita
1484 1576 1568 1603 Deum
1582 1583 1670 1610 agno-

871 1625 930 1657 vit;
954 1627 984 1651 ut
1000 1630 1066 1651 vero
1085 1622 1237 1649 Nathanael
1261 1622 1339 1656 quasi
1357 1623 1457 1649 donum
1479 1622 1530 1657 ipsi
1562 1622 1671 1651 oblatus

871 1675 924 1699 est.
933 1669 1085 1697 Nathanael
1095 1669 1195 1704 quippe
1206 1668 1254 1696 Dei
1263 1669 1363 1696 donum
1372 1669 1428 1704 (79)
1443 1668 1589 1702 signiﬁcat.
1597 1669 1671 1696 Con-

871 1716 963 1744 sidera
996 1721 1078 1750 porro
1105 1714 1217 1742 solidam
1258 1719 1285 1741 et
1324 1714 1469 1750 ingenuam
1493 1713 1669 1741 Nathanaelis

872 1765 1001 1789 mentem.
1017 1760 1156 1788 Laudibus
1171 1760 1257 1793 enim,
1278 1768 1312 1787 ne
1332 1760 1533 1794 aliquantulum
1558 1759 1670 1795 quidem

871 1807 981 1835 inﬂatus
995 1807 1103 1839 est,sed
1126 1799 1239 1834 dicens:
1267 1816 1276 1833 ι
1295 1806 1371 1835 Unde
1394 1814 1438 1835 me
1462 1807 1557 1834 nosti?
1573 1816 1582 1833 ι
1612 1812 1671 1835 stu-

871 1854 977 1881 diosum
992 1859 1023 1880 se
1046 1859 1175 1880 arcanum
1192 1851 1294 1886 aliquid
1322 1852 1447 1880 discendi
1470 1853 1575 1888 praebet
1591 1857 1619 1880 et
1629 1853 1668 1880 si-

871 1907 954 1934 gnum
969 1899 1077 1934 quidem
1090 1898 1117 1926 in
1132 1904 1258 1934 promptu
1274 1902 1327 1926 est.

909 1996 919 2014 ι
938 1987 1091 2022 Antequam
1105 1986 1247 2021 Philippus
1274 1991 1385 2014 vocaret
1404 1991 1440 2019 te.
1453 1995 1513 2014 cum
1530 1994 1606 2015 esses
1619 1988 1670 2016 sub

871 2034 933 2068 lico,
954 2033 1015 2061 novi
1041 2036 1078 2061 te.
1109 2042 1119 2059 I
1136 2032 1300 2061 Considebat
1323 2040 1388 2061 sane
1413 2033 1463 2060 sub
1489 2034 1540 2060 licu
1567 2040 1627 2060 cum
1653 2041 1668 2061 ο

870 2079 994 2115 Philippo
1017 2079 1049 2107 de
1062 2078 1126 2107 Jesu
1145 2079 1299 2107 doceretur.
1329 2079 1523 2107 Verumtamen
1550 2086 1597 2114 per
1611 2079 1668 2106 haec

871 2127 953 2154 etiam
970 2126 1052 2154 verba
1069 2125 1148 2153 ticum
1174 2125 1242 2156 legis
1267 2125 1451 2157 adumbravit.
1474 2125 1552 2159 cujus
1567 2126 1664 2152 umbra

872 2173 941 2200 lucis
953 2172 1121 2200 consortiqu
1139 2171 1312 2206 prohibebat.
1334 2171 1411 2198 Sicut
1428 2171 1500 2198 enim
1522 2167 1564 2198 [ici
1581 2171 1668 2206 stipes

22 2221 71 2248 τοῦ
90 2221 183 2256 φωτὸς
195 2206 353 2248 διεκώλυεν.
364 2206 476 2257 ’Ὥσπερ
487 2206 543 2257 γὰρ
555 2206 604 2256 τῆς
622 2206 707 2259 συκῆς
725 2224 756 2250 τὸ
768 2224 817 2259 μὲν

910 2220 980 2247 idem
992 2223 1033 2246 est
1047 2222 1153 2253 gnstatu
1165 2225 1284 2250 amarus,
1301 2216 1363 2244 folia
1379 2225 1442 2244 vero
1472 2224 1567 2252 aspera
1582 2220 1665 2248 tactu,

0 2263 6 2301 ξ
23 2267 155 2302 στέλεχος
168 2269 226 2293 ἐστὶ
238 2268 271 2303 τῇ
286 2267 379 2301 γεύσει
395 2268 504 2303 πικρὸν,
520 2268 554 2294 τὰ
570 2268 598 2295 δὲ
613 2269 700 2303 φύλλα
716 2270 819 2306 τραχέα

23 2315 56 2347 τῆ
76 2315 186 2349 ἐπαφῇ,
199 2314 246 2347 ὅγε
263 2313 316 2349 μὴν
332 2313 362 2346 ἐξ
375 2314 484 2349 ἐκείνης
496 2315 604 2350 καρπὸς
613 2315 686 2350 μάλα
701 2315 817 2350 γλυκὺς,

23 2359 98 2386 οὖτω
113 2359 163 2386 τοῦ
179 2360 264 2395 νόμου
280 2361 380 2395 πικραὶ
396 2361 445 2396 μὲν
458 2361 486 2388 αἱ
502 2359 653 2396 τιμωρίαι,
669 2360 775 2396 τραχέα
790 2360 819 2387 δὲ

872 2267 920 2295 sed
933 2266 978 2301 qui
993 2273 1026 2293 ex
1039 2265 1093 2292 illis
1107 2263 1211 2291 fructus
1224 2263 1334 2291 exsistit
1352 2263 1497 2290 admodum
1509 2263 1606 2295 dulcis.
1624 2262 1664 2289 sic

872 2312 953 2340 etiam
984 2311 1051 2346 legis
1079 2311 1184 2338 acerbae
1209 2309 1319 2344 quidem
1347 2317 1452 2344 poenae,
1480 2315 1576 2343 aspera
1600 2316 1666 2335 vero

874 2359 999 2386 mandata
1021 2365 1133 2392 qumque
1161 2355 1306 2384 difﬁculter
1332 2356 1436 2383 servari
1460 2360 1591 2390 possent,
1618 2355 1666 2383 sed

1 2475 4 2478 .
61 2451 85 2466 "
100 2449 176 2478 Psal.
198 2457 240 2483 ιιι,
261 2451 289 2478 2.
327 2451 350 2467 ³⁸
370 2451 454 2478 Cant.
469 2459 506 2478 tv.
524 2450 567 2478 10.
606 2450 627 2466 ⁸”
644 2449 725 2477 Cant.
741 2457 760 2480 ι.
779 2448 820 2476 10.

906 2447 992 2475 llalth.
1006 2454 1057 2480 vn,
1077 2447 1121 2474 Μ.
1159 2446 1181 2463 ⁸⁸
1197 2445 1291 2473 Matth.
1308 2454 1335 2478 ι,
1356 2437 1398 2472 lg-

649 2506 813 2538 Francisci
831 2503 938 2537 Scorsi
960 2507 1054 2534 notes.

0 2581 3 2584 μ
23 2561 82 2593 ὁδὸς
106 2561 130 2598 ιη
154 2561 297 2597 ἐπάγουσα
322 2562 362 2594 είς
393 2563 444 2598 τὴν
472 2561 556 2597 ζωήν.
580 2560 632 2588 Alii
663 2559 748 2598 codd.
768 2559 818 2598 ha-

24 2598 91 2624 bent
116 2597 169 2628 ὅτι,
187 2595 246 2631 qtize
267 2598 356 2624 itidem
374 2595 568 2631 est‘pztrtic'ula
590 2595 748 2631 intendendi
762 2595 815 2622 vim

0 2632 150 2659 reatndem
177 2630 288 2659 habens.
306 2632 335 2659 Et
361 2633 468 2667 quidem
498 2633 523 2659 in
549 2632 644 2659 Graeco
670 2630 743 2667 nulla
774 2635 817 2658 est

0 2667 153 2701 ,anposita
185 2665 380 2702 interrogatio",
409 2673 439 2694 ut
475 2675 527 2694 non
563 2668 660 2694 mirum
690 2665 815 2702 videatur

2 2729 5 2733 ,
23 2703 99 2729 illam
114 2703 272 2738 particulam
289 2701 337 2737 pro
351 2711 431 2738 quam
447 2704 590 2738 ὲπιτσιτικῇ
607 2703 641 2729 ab
655 2702 705 2729 hoc
717 2701 812 2728 Graeco

21 2738 95 2763 sumi
115 2746 123 2764 :
145 2737 201 2764 haec
215 2738 329 2765 fortasse
347 2739 430 2765 videri
440 2740 529 2772 possit
552 2737 680 2765 minutior
696 2738 811 2771 diligen-

25 2773 74 2802 tia.
91 2772 142 2799 sed
159 2779 191 2799 eo
206 2773 249 2799 illa
267 2780 280 2798 a
298 2781 339 2801 me
356 2774 484 2806 adhibita,
499 2781 532 2801 ne
547 2774 600 2805 cui,
617 2775 661 2807 qui
675 2773 723 2800 hos
738 2773 814 2801 locos

23 2815 79 2833 non
97 2808 135 2833 sit
149 2813 345 2841 perst-rulaltts,
361 2809 426 2835 mira
440 2814 468 2836 et
498 2810 616 2837 absurda
632 2810 766 2842 videatur,
783 2815 811 2836 ut

23 2843 93 2873 dixi,
111 2842 168 2879 haec
184 2844 268 2869 nostri
284 2842 455 2878 Theophanis
469 2845 655 2879 interpretatio
667 2854 673 2879 ;
685 2851 812 2874 cmterum

0 2908 4 2911 ,
23 2876 167 2912 suqucnda
183 2876 363 2907 communior.

906 2555 964 2591 (77)
986 2555 1005 2582 A
1027 2555 1080 2589 ﬁcu
1098 2554 1174 2591 legit.
1201 2553 1276 2580 Idem
1291 2557 1406 2591 sant-tus
1419 2550 1588 2591 _Gregori_us,
1615 2551 1662 2591 lib.

870 2587 937 2618 xvitt
955 2587 1055 2618 Μυνάι.
1070 2587 1157 2617 :Ctim
1172 2597 1239 2615 esses
1254 2589 1300 2615 sub
1317 2588 1381 2622 ﬁcu.
1396 2588 1424 2614 id
1437 2592 1486 2618 est.
1503 2587 1550 2613 sub
1570 2588 1663 2614 umbra

869 2627 943 2661 legis.
961 2626 1014 2653 vidi
1030 2631 1063 2655 te.
1076 2631 1102 2661 tt!
1118 2623 1342 2661 tt'ansferrem_ad
1356 2623 1435 2650 vitam
1450 2622 1500 2648 mei
1514 2622 1662 2661 evangelii.

906 2661 963 2697 (7x)
985 2661 1059 2687 Mens
1078 2659 1276 2697 Deumvidens.
1291 2658 1353 2697 Tria
1376 2662 1440 2684 sunt
1455 2657 1573 2697 nomina.
1591 2657 1662 2697 unde

865 2692 973 2724 lsraelis
988 2703 1084 2722 nomen
1101 2695 1231 2728 originem
1262 2695 1343 2720 trahit
1360 2702 1367 2720 :
1383 2698 1443 2722 nm
1462 2693 1510 2725 vir.
1525 2697 1573 2721 um
1599 2692 1662 2718 vidit

866 2744 893 2766 et
918 2730 955 2768 ’διε
975 2737 1053 2768 Deus,
1064 2743 1123 2770 qua:
1139 2735 1218 2762 simul
1234 2735 1399 2770 signiﬁcant,
1417 2734 1488 2770 quod
1503 2733 1538 2760 ait
1557 2739 1660 2770 noster,

867 2774 907 2800 vir
920 2773 1009 2800 videns
1027 2769 1108 2798 Deum
1131 2779 1141 2798 :
1164 2771 1235 2805 quod
1263 2769 1362 2798 nomen
1382 2769 1536 2804 impositum
1573 2769 1610 2796 illi
1639 2777 1654 2796 a

867 2810 922 2836 Deo
940 2808 1070 2840 Gen.cap.
1098 2813 1165 2833 xm.

903 2843 959 2878 (79)
982 2839 1134 2870 Nafltattrtel
1150 2841 1243 2875 quippe
1261 2840 1308 2868 Dei
1323 2841 1432 2868 donum.
1449 2840 1471 2868 Δ
1488 2839 1595 2869 duobus
1609 2847 1657 2868 no-

868 2885 982 2925 minibus
994 2890 1048 2915 nn:
1064 2885 1133 2912 dedit
1151 2889 1178 2913 et
1188 2885 1224 2915 “)N
1241 2883 1309 2912 Deus
