1875 3055
29 137 77 168 8)3

712 139 878 172 HOMILIA
899 142 1007 173 XLIX.

1601 144 1655 176 sor
1667 130 1670 132 ’

28 196 73 229 τῆς
105 193 239 228 κλίμακος
257 192 364 228 ἐκείνης
393 193 520 227 ἐγένετο,
540 194 586 230 ἀφ’
604 192 638 231 ἧς
663 196 768 224 ἀνέσαικ

910 210 912 215 ·
942 208 1067 228 somnum
1098 201 1294 235 contemplatus
1324 205 1383 234 est,
1413 201 1463 229 hoc
1496 201 1650 236 vigilantem

28 242 70 267 καὶ
85 240 245 266 κατὲὃαινον
261 240 286 266 οί
299 240 417 274 ἄγγελοι
432 241 479 267 τοῦ
492 241 609 268 Θεοῦ.Ὂ
626 241 692 276 γοῦν
709 243 811 275 ἐκεῖνος

29 286 217 318 ἐνυπνιασθεὶς
233 286 376 318 ἐθεάσατο,
393 286 472 313 τοῦτο
494 287 540 313 τὸν
564 287 712 323 Ναθαναὴλ
737 288 810 322 ὕπαρ

28 333 88 359 ίδεῐν
109 331 321 366 ἐπαγγέλλεται.
357 331 429 357 Ἀλλ’
453 332 516 358 ἐπεὶ
539 333 720 359 πεπίστευται
747 333 811 365 τοὺς

27 378 157 411 ἀγγέλους
174 379 202 403 ὲν
215 377 352 412 οὐρανοῖς,
372 377 388 412 ἢ
404 377 475 411 ὑπὲρ
494 378 557 409 τοὺς
577 379 710 413 οὐρανοὺς
729 378 810 411 εἶναι,

27 423 150 451 κάκεῖθεν
159 423 228 458 πρὸς
244 423 290 450 τοῦ
297 423 364 450 θεοῦ
381 424 565 458 λειτουργίας,
581 424 618 455 ὼς
633 424 809 460 λειτουργικὰ

29 469 169 503 πνεύματα
184 468 304 503 κατατιῖέ⁸
342 468 432 499 ευθαι,
448 467 483 503 ἦν
499 469 531 495 ἂν
553 469 619 500 ἴσως
632 470 809 496 ἀκολουθότεο

29 523 83 550 ρον,
96 514 145 549 τὴν
161 514 313 541 κατάϐασιν
328 514 462 549 προτάξαι
477 514 529 549 τῆς
550 514 721 547 ἀναϐάσεως.
748 516 810 548 Πῶς

27 561 78 595 γὰρ
102 561 126 587 οἱ
158 560 196 595 μὴ
224 560 398 593 καταϐάντες
427 560 615 594 ἀναδαίνοιενς
647 561 811 597 Ἐπίστησον

28 605 142 632 ἐνταῦθα
157 606 202 632 τὸν
217 605 349 641 λογισμόν
364 614 372 622 ·
394 605 469 634 ἄνιθι
484 606 552 641 πρὸς
574 607 680 639 ἐννοίας
706 607 812 642 ἰσχνὰς,

27 651 109 685 γνῶθι
123 651 152 678 τὺ
167 652 257 687 δόγμα
274 652 304 679 τὸ
319 652 515 688 κεκρυμμένον
538 654 568 680 ὲν
585 652 624 688 τῷ
639 654 752 688 ῥήματι·
766 654 810 680 ὲν-

27 696 111 723 ταῦθα
142 697 197 732 γὰρ
227 697 314 724 πολλὰ
338 698 373 725 τὰ
390 699 556 734 ζητούμενα,
569 698 611 730 τίς
624 699 678 734 ἄρα
696 699 751 725 τῶν
765 698 810 724 οὑ-

29 742 127 777 ρανίων
155 743 249 770 πυλῶν
287 743 436 777 διάνηιξις,
469 744 517 771 καὶ
552 743 635 776 πότε,
661 744 708 770 καὶ
751 744 811 776 πῶς

863 246 984 273 visurum
1011 246 1206 274 Nalhanaclem
1233 247 1384 281 pollicetur.
1407 247 1506 274 Verum
1524 247 1651 282 quoniam

865 292 916 320 lide
931 293 1063 320 creditum
1081 298 1121 320 est
1136 293 1246 329 angelos
1261 293 1287 320 in
1303 293 1382 325 caelo,
1399 293 1440 320 vel
1460 302 1540 328 supra
1554 295 1652 321 caelum

863 345 934 371 csse,
949 344 1031 373 alque
1048 339 1109 366 inde
1127 344 1155 366 ttt
1170 339 1414 367 administratorios
1430 339 1543 374 spiritus
1556 341 1589 366 ad
1601 340 1652 366 nti-

867 385 978 412 nisteria
995 385 1084 412 divina
1101 385 1205 412 demitti
1220 384 1254 417 “,
1272 389 1480 412 consentaneum
1497 384 1585 412 fuerat
1599 383 1654 412 for-

865 435 936 457 tasse
959 431 1043 465 magis
1065 431 1270 458 descensionem
1297 430 1449 459 ascensioni
1483 437 1651 464 praeponere.

864 476 1004 509 Quomodo
1021 477 1092 504 enim
1111 478 1259 505 ascendant
1270 497 1277 508 .
1300 477 1347 512 qui
1364 485 1417 504 non
1432 477 1631 505 descenderunt
1642 465 1656 492 ⁷

863 521 974 549 lntende
999 521 1033 548 ad
1051 522 1108 549 haec
1122 527 1251 555 mentem,
1266 527 1346 555 atque
1363 522 1396 548 ad
1414 521 1570 549 subtiliores
1593 529 1654 549 sen-

866 573 912 594 sus
927 573 1049 600 assurge,
1066 566 1175 602 percipe
1198 567 1224 594 in
1245 567 1287 594 his
1305 567 1394 594 verbis
1408 567 1503 600 dogma
1528 567 1655 594 recondi-

868 615 937 639 tum.
970 611 1051 639 Multa
1077 612 1148 638 enim
1171 611 1216 639 hic
1241 611 1384 647 quaerenda
1403 619 1410 638 :
1437 611 1506 645 Quid
1524 611 1574 638 sibi
1592 611 1656 638 velit

865 655 990 684 caelestes
1015 657 1114 690 aperiri
1142 661 1253 691 portas;
1281 661 1307 683 et
1333 657 1453 691 quando,
1477 660 1505 683 et
1521 656 1656 691 quomodo

867 700 919 728 illa:
933 701 1088 728 hominibus
1106 701 1206 728 fuerint
1221 701 1373 728 obseratae?
1398 701 1432 728 Et
1455 708 1539 735 quare
1564 700 1656 727 Domi-

866 755 926 780 nus,
936 747 1017 775 simul
1031 754 1063 774 ac
1079 754 1188 774 carnem
1207 747 1365 784 assumpsit,
1380 753 1426 774 eas
1438 754 1490 774 non
1503 747 1634 774 reseravit
1645 746 1658 773 ?

28 790 82 820 τοῖς
111 788 266 823 ἀνθρώποις
299 790 498 825 ἐκλείσθησαν,
529 790 578 818 καὶ
606 789 651 817 διὰ
682 791 710 817 τι
750 792 765 817 ὁ
800 791 894 829 Σωτὴρ
924 793 1138 829 ἐνανθρωπήσας
1168 793 1218 820 οὐκ
1251 793 1331 825 εὐθὺς
1358 793 1494 829 ἐνήργησε
1522 793 1571 828 τὴν
1596 792 1658 819 τού·
1710 831 1713 834 _

27 845 78 862 των
106 836 245 869 διάνοιξιν.

61 883 156 918 Φαμὲν
170 881 229 917 οὖν,
243 883 281 916 ὡς
299 884 437 920 ἀνεῷχθαι
452 886 528 920 λέγει
543 886 607 916 τοὺς
624 886 759 921 οὐρανοὺς
771 886 801 913 διε

916 888 1057 915 isset-imus
1082 888 1164 923 igitur
1187 887 1286 916 crelum
1311 887 1363 915 dici
1388 890 1521 922 apertum,
1539 894 1572 914 eo
1586 887 1656 921 quod

27 930 75 962 τὴν
90 930 291 964 ἀνεμπόδιστον
309 931 363 957 τῶν
381 932 534 967 ἀνθρώπων
550 932 619 967 πρὸς
634 932 700 959 Θεὸν
710 933 814 966 ἄνοδον,

27 976 59 1011 ἢν
75 976 192 1011 Χριστὸς
207 978 273 1012 ήμίν
285 977 440 1012 ἐχαρίσατο,
456 980 496 1009 είς
509 979 642 1014 οὐρανοὺς
671 978 816 1014 ἁνυψώσας

26 1023 55 1048 τὸ
68 1022 204 1058 ἡμέτερον
219 1023 343 1058 φύραμα.
361 1024 397 1050 Ἠ
410 1024 464 1059 γὰρ
480 1023 530 1058 τῆς
549 1024 687 1060 ἁμαρτίας
702 1025 818 1061 παρείσ-

26 1069 99 1100 δυσις
135 1067 191 1095 οἷον
227 1069 354 1104 φραγμός
384 1078 414 1096 τε
453 1069 500 1096 καὶ
530 1069 687 1105 μεσότειχον
715 1070 818 1105 μεταξὺ

26 1115 106 1145 Θεοῦ,
130 1115 178 1142 καὶ
200 1115 355 1150 ἀνθρώπων
385 1115 505 1149 ἐγένετο.
538 1116 571 1142 Ὃ
597 1116 629 1148 δὴ
647 1116 781 1151 περιῆρεν
804 1116 819 1142 ὁ

28 1160 134 1194 Κύριος
167 1160 226 1192 ὁδὸς
253 1161 319 1195 ἡμῖν
346 1161 521 1196 χρηματίσας
549 1161 600 1196 τῆς
624 1161 665 1193 είς
687 1161 820 1195 οὐρανοὺς

25 1205 204 1238 ἁναὸάσεως,
230 1206 311 1237 εὐθὺς
328 1207 377 1241 μὲν
392 1207 438 1233 διὰ
453 1207 503 1242 τῆς
525 1206 649 1239 ἐνώσεως
665 1207 770 1238 θεώσας
789 1207 821 1234 τὸ

29 1251 215 1286 πρόσλημμα,
236 1251 388 1290 παρασχὼν
404 1252 432 1279 δὲ
455 1252 505 1287 τὴν
530 1252 682 1280 ἀθανασίαν
701 1253 745 1280 διὰ
769 1253 821 1288 τῆς

26 1296 229 1329 Ἀναστάσεως,
244 1297 289 1324 διὰ
298 1297 326 1324 δὲ
341 1298 389 1332 τῆς
403 1297 564 1333 ἀναλήψεως
574 1298 624 1333 τῆς
634 1298 740 1330 τελείας
752 1299 821 1334 πρὸς

28 1343 74 1369 τὸν
91 1343 206 1378 Πατέρα
223 1343 399 1378 καταλλαγῆς
416 1343 537 1376 ἀξιώσας
555 1345 629 1379 ἡμᾶς
651 1345 684 1380 ἥν
707 1344 822 1371 ἐκάλεσε

28 1390 165 1423 διάνοιξιν
187 1389 313 1424 οὐρανῶν
325 1397 332 1404 '
346 1389 391 1416 διὰ
410 1389 438 1416 δὲ
455 1389 502 1416 τοῦ
521 1390 656 1426 προτάξαι
682 1391 733 1425 τὴν
757 1391 820 1418 ἀνά-

30 1433 112 1460 6ασιν
140 1433 196 1459 τῶν
219 1433 344 1467 ἀγγέλων
368 1433 418 1468 τῆς
443 1433 625 1465 καταῦάσεως
653 1433 765 1466 ἔδειξεν,
785 1434 822 1465 ὡς

28 1481 57 1506 οὐ
81 1480 188 1511 πάσαις
213 1481 273 1512 ταῖς
299 1479 464 1514 ἀγγελέκαῖς
481 1479 631 1515 δυνάμεσιν
647 1480 768 1515 ἔγνωστο
793 1481 823 1507 τὸ

28 1527 78 1561 τῆς
100 1527 261 1561 οἰκονομίας
287 1527 455 1561 μυστήριον,
473 1527 542 1553 ἀλλὰ
568 1527 659 1562 μόνοις
680 1529 736 1559 τοῖς
754 1527 823 1563 πρὸς

26 1560 106 1600 tofi-rc
115 1560 368 1608 ὑπηρετήσασιν.0“ί
427 1573 476 1600 καὶ
486 1573 514 1599 ὲν
526 1574 559 1608 τῇ
569 1560 705 1609 άναλήψει
719 1560 822 1601 ἀνιόντι
836 1560 857 1588 C

27 1618 106 1654 αὐτῷ
138 1619 334 1646 συνανέσαινον
363 1619 413 1651 τὰς
441 1619 586 1654 οὐρανίους
615 1619 703 1651 πύλας
734 1620 823 1656 αἴρειν

28 1665 211 1696 κελεύοντες·
229 1662 271 1701 οἷς
293 1666 321 1692 δὲ
345 1665 527 1701 ἀπερινόητον
550 1664 584 1701 ἦν
606 1666 637 1692 τδ
660 1667 820 1702 μυστήριον,

25 1710 100 1739 οὗτοι
119 1712 348 1743 καταῦχίνοντες.
379 1721 389 1737 ί
407 1711 454 1743 Τίς
471 1708 552 1744 οὗτος
577 1713 591 1738 ὁ
613 1713 745 1744 Βασιλεὺς
772 1713 821 1748 τῆς

24 1758 118 1793 δείξῃς,
137 1767 146 1783 ι
173 1757 365 1784 ἐπυνθάνοντο.
390 1757 567 1793 ’Υψηλοτέρῳ
590 1757 619 1784 δὲ
642 1758 736 1793 τρόπῳ
757 1758 822 1785 ἀνα-

24 1803 170 1829 ϐαίνουσιν
189 1803 213 1829 oi
237 1803 346 1836 ἄγγελοι
363 1805 421 1834 ταῖς
438 1802 494 1830 ἄνω
512 1803 640 1838 θεωρίαις
667 1810 823 1839 καταστρα-

24 1851 162 1883 πτόμενοι
182 1849 250 1884 πρὸς
273 1850 304 1875 τὸ
329 1849 397 1883 ὕψος
422 1850 472 1884 τῆς
497 1849 575 1881 Θείας
601 1851 746 1885 περιωπῆς
771 1851 822 1885 τῆς

24 1897 175 1932 τριαδικῆς
190 1897 314 1927 ὲνώσεως
324 1897 371 1922 καὶ
385 1897 450 1931 μιᾶς
465 1897 553 1931 ἀρχῆς
563 1904 570 1912 ·
584 1896 821 1932 ἀνθυποφέρονται

22 1943 51 1969 δὲ
73 1942 292 1974 καταϐαίνοντες
306 1943 375 1978 πρὸς
399 1942 430 1968 τὸ
453 1942 535 1977 βάθος
551 1942 602 1976 τῆς
625 1943 748 1978 ἀρρήτου
774 1943 820 1970 τοῦ

22 1989 110 2023 λόγου
138 1988 307 2023 σαρκώσεως
323 2009 331 2021 ,
356 1988 405 2015 ἕνα
430 1989 464 2023 τῇ
488 1988 639 2015 ὑποστάσει
668 1989 715 2016 τὸν
740 1988 822 2015 αὐτὸν

23 2035 151 2070 ὁρῶντες
162 2035 234 2067 μετὰ
249 2034 297 2069 τὴν
309 2034 418 2062 ἕνωσιν,
434 2034 590 2066 Μανθάνεις
609 2034 665 2071 γὰρ
684 2035 820 2069 ἐντεῦθεν,

25 2080 64 2112 ὡς
81 2080 147 2107 οὐδὲ
161 2080 272 2114 ἄγγελοι
290 2080 418 2107 δύνανται
429 2080 600 2108 καταλαϐεῖν
614 2081 664 2116 τῆς
677 2081 754 2113 θείας
770 2081 822 2116 φύ-

25 2134 99 2157 σεως
116 2125 150 2151 τὸ
166 2126 328 2161 μυστήριον,
343 2126 410 2153 ἀλλὰ
428 2127 475 2153 καὶ
486 2124 559 2154 οὗτοι
575 2127 752 2153 ἀναϐαίνουσι
771 2127 822 2162 μὲν

20 2169 66 2198 οἶα
85 2171 152 2201 νόες
166 2171 335 2206 ὑψηλότερον
350 2172 400 2207 τῆς
414 2171 591 2207 ἀνθρωπίνης
608 2172 753 2203 ἀσθενείας
773 2179 822 2198 κα-

866 933 1007 968 expeditus
1032 933 1068 960 sit
1092 933 1245 960 hominibus
1261 939 1394 960 ascensus
1411 932 1444 959 ad
1473 931 1568 963 Deum,
1586 932 1656 965 quod

867 986 932 1006 sane
946 979 1022 1007 nobis
1038 979 1124 1013 gratia
1142 978 1240 1006 Christi
1257 978 1349 1006 datum
1364 982 1405 1005 est
1419 985 1481 1005 cum
1502 977 1656 1004 carnis‘no«

867 1029 931 1052 ειηε
945 1032 1061 1052 massam
1090 1024 1148 1059 (8i)
1176 1024 1291 1051 elevavit
1320 1023 1346 1050 in
1372 1023 1481 1050 cmlum.
1509 1022 1657 1050 lnsinuatio

868 1070 967 1105 quippe
978 1070 1081 1104 peccati
1091 1070 1169 1097 veluti
1179 1067 1269 1104 sepem
1279 1073 1305 1097 et
1317 1069 1433 1096 mcdiuttt
1448 1069 1594 1104 quemdam
1612 1075 1658 1102 pa-

870 1116 967 1142 rietem
981 1120 1147 1150 opposuerat
1168 1116 1239 1142 inter
1250 1114 1344 1146 Deum,
1359 1119 1387 1142 et
1402 1114 1549 1141 hominem.
1566 1114 1652 1147 Quem

869 1162 948 1198 341
968 1169 1034 1189 sane
1050 1163 1152 1190 amovit
1176 1162 1317 1195 Dominus,
1335 1163 1460 1196 viamque
1485 1169 1515 1189 se
1541 1160 1658 1195 praebuit

871 1209 948 1236 nobis
960 1208 1123 1236 ascendendi
1135 1209 1161 1236 in
1171 1208 1279 1240 malum,
1293 1207 1384 1235 statim
1396 1207 1502 1242 quidem
1514 1214 1546 1234 ac
1555 1213 1658 1233 assum-

872 1260 944 1289 ptatn
954 1263 1062 1282 carnem
1073 1263 1120 1288 per
1130 1255 1256 1283 unionem
1264 1256 1398 1283 deillcavit
1408 1255 1463 1290 (82)
1472 1263 1480 1287 ;
1489 1255 1535 1281 sed
1547 1254 1659 1280 immor-

871 1299 1002 1326 talitatem
1019 1307 1067 1333 per
1082 1299 1333 1333 Resurrectionem,
1354 1301 1559 1336 perfectamque
1591 1306 1654 1326 cum

872 1345 953 1372 Patre
977 1346 1227 1374 reconciliationem
1267 1354 1316 1380 per
1354 1346 1547 1374 Ascensionem
1579 1344 1658 1372 nobis

873 1392 1003 1426 impertiit
1028 1401 1035 1422 :
1059 1399 1140 1427 quam
1169 1399 1235 1419 sane
1259 1392 1427 1426 apertionem
1450 1391 1513 1419 caeli
1540 1390 1657 1418 vocavit.

873 1437 950 1471 Quod
968 1444 1033 1465 vero
1045 1437 1203 1473 angelorum
1216 1438 1358 1465 descensui
1373 1437 1501 1472 pramtisil
1515 1436 1659 1463 escensio-

874 1492 947 1516 nem,
958 1484 1076 1511 ostendit
1087 1492 1140 1511 non
1160 1484 1287 1511 omnibus
1303 1483 1433 1518 angelicis
1444 1482 1500 1518 t83)
1513 1482 1659 1509 virtutibus

875 1529 974 1556 divinae
987 1529 1199 1564 dispensationis
1213 1529 1373 1565 mysterium
1392 1534 1483 1556 notum
1501 1528 1596 1558 fuisse,
1612 1527 1659 1554 sed

875 1575 908 1602 iis
922 1575 1020 1606 solum,
1035 1576 1080 1610 qui
1101 1574 1134 1602 ad
1149 1575 1203 1602 hoc
1222 1574 1437 1602 subservicrunt.
1462 1572 1512 1605 Qui
1537 1571 1660 1606 profecto

873 1620 900 1647 iu
912 1620 1080 1647 Ascensione
1093 1619 1173 1647 simul
1190 1627 1250 1646 cutn
1268 1619 1326 1654 ipso
1348 1619 1374 1646 in
1393 1618 1491 1646 caelum
1506 1621 1659 1644 revertente

874 1666 1068 1698 ascendebant,
1083 1666 1212 1694 caelestes
1230 1671 1323 1700 portas
1341 1665 1548 1700 tollijuhenles;
1562 1664 1660 1698 quibus

873 1719 939 1739 vero
952 1712 1109 1747 mysterium
1125 1717 1184 1739 erat
1201 1713 1334 1747 ignotum,
1345 1712 1372 1739 hi
1387 1720 1451 1739 sane
1463 1712 1660 1739 desveudenles

873 1758 1104 1793 interrogabant:
1131 1768 1140 1784 ι
1159 1758 1226 1790 Quis
1253 1763 1295 1786 est
1321 1758 1372 1785 iste
1399 1757 1458 1785 Rex
1488 1756 1628 1791 gloriae"?
1647 1765 1656 1782 ι

872 1804 978 1832 Altiore
996 1812 1062 1831 vero
1082 1811 1164 1832 sensu
1181 1804 1333 1832 ascendunt
1345 1804 1433 1839 angeli
1451 1804 1578 1837 sitpernis
1594 1811 1661 1830 con-

873 1850 1094 1885 templationibus
1129 1850 1257 1877 illustrati
1296 1850 1329 1876 ad
1360 1850 1459 1877 divina:
1486 1848 1660 1876 celsitudinis

872 1896 976 1930 apicem
1000 1895 1067 1930 (84),
1092 1896 1143 1922 hoc
1167 1899 1208 1922 est.
1238 1895 1436 1930 singularitatis
1461 1895 1487 1922 in
1513 1894 1659 1927 Trinitate,

873 1941 1009 1976 uniusqtte
1026 1941 1164 1976 principii.
1178 1941 1369 1975 Subjiciuntur
1384 1948 1449 1967 vero
1464 1940 1660 1967 descendentes

872 1987 906 2014 ad
928 1987 1091 2022 profundum
1118 1986 1263 2014 ineffabilis
1290 1986 1370 2014 Verbi
1390 1986 1590 2014 [incarnationis
1603 1994 1661 2021 my-

873 2034 1011 2068 sterium,
1043 2041 1105 2061 cum
1135 2033 1210 2060 illum
1238 2034 1326 2068 ipsum
1351 2038 1413 2067 post
1439 2032 1659 2067 coniunctionem

874 2088 960 2107 ttnum
978 2080 1120 2115 hypostasi
1135 2080 1235 2107 vident.
1263 2079 1351 2108 Discis
1368 2080 1449 2108 etiam
1472 2080 1546 2112 hinc,
1572 2085 1663 2112 neque

873 2126 984 2161 angelos
1001 2126 1099 2153 divinat
1126 2130 1230 2153 natura:
1247 2127 1406 2161 mysterium
1436 2133 1515 2161 posse
1534 2132 1659 2158 compre-

873 2171 1012 2204 hendere,
1028 2172 1075 2199 sed
1093 2172 1144 2199 hos
1168 2177 1260 2206 utpote
1277 2179 1358 2206 puras
1377 2177 1481 2198 mentes
1496 2171 1577 2198 altius
1594 2177 1660 2198 sane

19 2216 265 2252 ταλαμὸάνοντες,
283 2217 481 2244 καταὸαίνουσι
494 2216 523 2243 δὲ
534 2217 582 2244 καὶ
593 2217 671 2244 αὐτοὶ
683 2217 753 2252 πρὸς

920 2225 954 2244 tm
972 2217 1092 2244 humana
1113 2217 1286 2244 imbecillitas
1304 2217 1398 2252 possit,
1415 2216 1564 2244 ascendere
1580 2223 1587 2242 :
1612 2215 1660 2242 de-

19 2263 225 2298 ἀκατάληπτον
245 2263 348 2298 φθάσαι
374 2263 412 2298 μὴ
436 2263 620 2298 ὲξισχύοντες.
645 2263 739 2291 Ταῦτα
770 2266 820 2301 μὲν

20 2311 100 2345 ἡμᾶς
116 2310 151 2336 τὺ
168 2310 241 2346 ἱερὸν
255 2309 494 2346 ὲμυσταγώγησεν
510 2310 688 2345 Εὐαγγέλιον.

57 2445 81 2461 ⁸⁵
102 2444 191 2473 Hebr.
209 2452 230 2478 ι,
247 2445 292 2474 Η.
330 2444 436 2473 "Psal.
453 2453 532 2479 “tu,
548 2446 592 2474 10.

874 2264 1004 2291 scendere
1021 2270 1083 2290 vero
1106 2263 1188 2290 etiam
1210 2263 1294 2298 ipsos,
1314 2270 1375 2290 cum
1393 2263 1425 2290 ad
1452 2261 1660 2297 incomprehen-

874 2310 982 2338 sibilem
1001 2311 1143 2344 pervenire
1159 2318 1212 2337 non
1229 2311 1348 2338 valeant.
1369 2312 1408 2339 Ac
1427 2311 1460 2339 de
1480 2311 1524 2338 his
1548 2309 1659 2344 quidem

877 2364 928 2384 nos
948 2364 1056 2385 sacrum
1077 2357 1254 2393 Evangelium
1270 2358 1378 2386 edocet.

646 2491 809 2525 Fraucisci
827 2494 934 2526 Scorsi
951 2498 1045 2527 notua.

69 2554 120 2587 8|)
145 2553 242 2580 Carnis
255 2557 353 2580 nostris
366 2561 490 2582 massam.
502 2553 541 2581 lla
557 2553 664 2582 locutus
677 2554 722 2582 hic
733 2554 814 2583 Pater

19 2590 99 2617 hoin.
118 2590 157 2616 58
172 2593 198 2615 et
214 2588 258 2620 59,
274 2588 307 2615 ad
321 2595 388 2623 quas
404 2589 464 2615 vide
479 2595 557 2616 noras
576 2589 610 2616 88
620 2593 648 2616 et
665 2589 709 2616 M.

68 2625 120 2657 82)
148 2623 199 2650 Per
214 2624 336 2650 unionem
357 2623 497 2656 deiﬁcavit.
513 2623 625 2655 Θεωσας
639 2624 678 2651 ait
694 2624 816 2657 Graecus,

20 2668 78 2694 quo
99 2666 178 2694 ver9_
193 2665 273 2684 sensu
290 2658 350 2694 vide
364 2659 397 2685 ad
416 2658 491 2694 hom.
505 2658 557 2690 36,
578 2664 634 2694 not.
652 2659 698 2687 65.

59 2695 125 2730 (8'5)
150 2691 213 2730 Non
227 2693 345 2730 omnibus
360 2692 486 2730 angelicis
503 2693 659 2730 uirtutibus.
672 2694 708 2722 De
723 2695 774 2722 hac
789 2702 819 2722 re

17 2728 138 2765 longius
156 2728 266 2765 disserit
281 2728 350 2765 idem
369 2729 412 2755 hic
426 2728 519 2765 Pater,
538 2729 611 2765 hum.
630 2729 677 2762 59,
704 2737 764 2765 quae
777 2734 819 2757 est

16 2768 51 2794 de
68 2762 247 2794 Zscemione,
263 2762 296 2789 ad
311 2771 391 2796 quam
408 2763 469 2790 vide
485 2767 541 2790 not.
558 2763 604 2791 55.

56 2800 122 2835 (84)
142 2798 305 2835 fig‘rtivina:
321 2798 492 2835 celsitudinis
517 2799 628 2835 apice].
654 2803 747 2827 Graece
775 2805 818 2827 est

18 2831 97 2871 "9'5;
111 2831 238 2871 aeneo;
252 2833 302 2871 τῆς
318 2831 559 2871 θείας-περιωπῆς.
583 2833 616 2861 Ει
641 2841 706 2871 sane
720 2842 816 2871 nomen

19 2868 166 2907 πὲριωπή
182 2868 291 2904 proprie
307 2868 456 2904 speculam,
470 2873 497 2897 et
515 2868 605 2897 locutu
622 2869 816 2898 editisssimum

868 2557 940 2583 unde
965 2557 1135 2591 circumspici
1157 2558 1183 2585 in
1196 2564 1291 2586 omnes
1304 2557 1406 2592 plagas,
1429 2561 1456 2584 et
1478 2556 1562 2592 longe
1597 2557 1660 2591 capi

873 2596 1034 2628 prospectus
1055 2592 1151 2627 possit,
1175 2591 1310 2628 signiﬁcat
1327 2601 1334 2620 :
1351 2591 1397 2620 sed
1423 2591 1555 2628 explicavi
1572 2597 1662 2619 meta-

874 2626 998 2660 phoram,
1016 2626 1077 2654 cuin
1101 2628 1168 2654 verti
1194 2626 1317 2660 apicem;
1335 2628 1483 2662 potuissem
1511 2627 1588 2662 enini
1603 2635 1663 2660 spe-

873 2662 972 2693 culam,
985 2662 1006 2689 si
1024 2662 1100 2689 verbi
1117 2670 1214 2690 sonum
1228 2660 1375 2690 voluissem
1390 2662 1553 2696 exprimere.
1572 2660 1666 2689 Simili

874 2697 1032 2733 metaphora
1046 2698 1120 2733 inire
1136 2698 1237 2731 dispari
1252 2706 1316 2724 usus
1329 2695 1662 2733 TheopltanesNicmnus,

873 2730 956 2765 epist.
970 2732 998 2764 5,
1017 2733 1063 2759 ubi
1080 2730 1197 2767 loquitur
1222 2733 1254 2759 de
1266 2733 1395 2767 dignitate
1406 2730 1591 2767 wsacerdotis:
1614 2732 1661 2767 Et;

873 2767 1002 2801 τοιαύτην
1016 2766 1173 2803 περιωπήν,
1187 2768 1234 2794 καὶ
1251 2766 1331 2800 sagati.
1341 2768 1524 2803 άνείκαστονξ
1539 2766 1580 2792 Ad
1606 2766 1666 2803 tale

874 2810 1020 2839 cacumen)
1051 2801 1074 2829 et
1107 2801 1338 2838 incomparabilem
1364 2803 1486 2839 gloriam.
1517 2801 1556 2828 lla
1579 2801 1665 2831 venit.

872 2837 981 2865 Consal.
1001 2837 1100 2867 Ponce.
