1875 3055
198 133 253 164 895

799 134 1043 167 THEOPHANIS
1064 135 1235 167 CERAMEI

1793 133 1848 164 893

235 191 290 219 Vos
305 198 381 222 vero.
397 190 550 219 citatissimi
562 211 569 224 ,
586 195 719 227 quotquot
737 192 771 220 ad
790 193 903 228 apestoli
920 197 988 220 tem-

1089 191 1184 227 Ὑμεῖς
1199 191 1240 224 δὲ,
1257 191 1405 227 ἀγαπητοὶ,
1428 191 1486 218 ὅσοι
1503 191 1573 227 πρδς
1595 191 1627 218 τδ
1656 191 1845 218 ἁποστολικξν

198 237 283 272 plum.
293 236 444 263 celebrandi
456 235 515 263 festi
525 243 608 264 causa
620 237 795 271 convenistis,
809 246 852 272 ne,
864 238 988 272 obsecro,

205 282 316 317 crapula
335 286 361 308 et
376 282 510 314 ebrietate
523 302 531 315 ,
550 287 576 310 et
593 282 744 311 inlmuestis
761 284 869 312 choreis
890 285 991 312 sancti-

202 330 286 353 tatem
302 325 354 353 diei
369 325 470 352 vitietis
483 335 491 354 :
507 326 553 353 sed
568 334 620 361 qua
637 328 741 355 ratione
753 327 818 361 Deo,
828 334 855 356 et
870 330 991 364 apostolo

205 371 280 398 cordi
305 376 356 401 est,
382 371 417 398 ita
434 371 602 399 celebremus
619 371 729 399 festum.
746 373 793 401 Vis
808 374 863 402 Deo
887 381 990 410 gratam

206 425 286 452 agere
318 417 530 445 celebritatem?
554 419 696 454 ingredere
721 427 828 447 sacrum
851 421 991 455 templum,

204 464 304 490 accede
321 463 354 490 ad
371 463 484 498 apostoli
509 464 685 493 simulacrum
698 485 706 499 ,
730 470 758 493 et
775 473 835 493 cum
854 474 887 494 eo
910 467 992 495 veluti

208 516 270 536 cum
285 508 406 536 animato
434 509 599 543 colloquere.
617 509 644 537 Si
661 517 741 545 prava
763 511 853 546 aliqua
874 519 992 540 consue-

207 555 300 583 tudine
334 556 416 583 etiam
443 564 514 584 nunc
541 557 688 592 implicitus
714 559 868 592 delineris,
898 559 938 587 vel
965 560 992 587 in

207 600 316 632 alieno,
333 601 484 636 illicitoque
504 606 563 629 toro
580 603 714 631 rabiosam
729 603 873 631 libidinem
889 604 992 638 exples,

206 645 250 672 \‘t‘l
276 645 407 673 adversus
429 647 548 681 aliquem
572 648 598 675 in
621 649 704 676 corde
726 649 817 676 odium
840 649 934 683 foves,
952 649 994 676 vel

207 691 313 718 moliris
332 692 453 723 insidias,
468 692 525 720 haec
541 694 632 720 omnia
646 699 748 728 retcgr,
763 694 869 729 illisque
885 694 992 721 modum

182 734 185 737 ’
205 737 337 772 impone,
366 738 517 766 excidenda
544 739 650 767 scilicet
677 740 703 766 in
728 740 858 768 honorem
879 741 992 776 apostoli

205 782 360 810 Passionem
382 788 473 816 tuam.
489 792 521 812 ac
541 786 720 813 conveniente
734 787 893 820 paenitentia
921 787 994 814 resi-

205 828 343 862 pisceudo.
366 828 442 862 Quod
468 830 491 857 si
515 830 656 864 effeceris,
683 831 753 859 diem
770 832 870 859 festum
898 841 992 860 revera

207 871 379 899 celebrabis:
397 877 424 900 et
439 873 474 900 ita
494 874 540 902 tibi
558 875 717 902 conciliahis
732 877 901 911 apostolum,
919 883 948 905 ut
967 884 994 906 et

208 919 331 950 corporis
347 919 542 952 valetudinem,
559 926 586 948 et
597 922 657 949 vitae
676 921 844 955 felicitatem,
856 928 881 951 et
896 925 994 952 animae

207 963 255 989 tibi
273 965 388 991 salutem
407 966 563 997 impertiat:
581 967 661 1004 342
680 974 706 996 et
721 969 766 996 alii
782 977 846 997 sane
863 971 994 999 ebrietate

204 1011 363 1045 praegravali
375 1030 382 1043 ,
397 1017 423 1038 et
440 1013 528 1046 capite
552 1015 622 1041 male
644 1014 740 1042 allecto
759 1022 929 1043 revertentur
944 1018 992 1044 do-

205 1064 278 1083 mum
298 1061 324 1084 te
347 1065 410 1085 vero
426 1058 502 1086 bona:
522 1061 578 1094 spei
602 1061 708 1095 plenum
733 1062 853 1089 dimittet
879 1071 993 1098 magnus

207 1104 364 1137 apostolus,
390 1109 417 1132 et
441 1106 526 1141 gloria
556 1108 731 1136 extollentem
755 1117 846 1136 rerum
871 1111 991 1138 omnium

207 1155 359 1183 auctorem,
372 1155 399 1178 et
410 1153 576 1180 conditorem
594 1153 679 1182 Deum
695 1162 777 1188 nunc,
795 1160 822 1183 et
833 1164 948 1192 semper,
966 1162 993 1186 et

204 1194 234 1223 ln
250 1196 348 1224 saecula
361 1198 533 1227 saeculorum.
550 1200 647 1230 Amen.

270 1287 274 1290 ν
501 1256 645 1286 ΗΟΜΙΗΔ
665 1259 696 1287 L.

207 1308 241 1336 ἔτι
255 1307 302 1349 illa
319 1310 395 1353 verba
422 1319 433 1339 :
462 1321 471 1337 σ
501 1313 598 1353 ξιοὴαι
618 1313 787 1353 Joannes,“
808 1324 841 1343 ea:
856 1316 993 1353 discipulis

244 1346 300 1387 ejus.
325 1346 388 1373 duo.
414 1356 423 1373 I
450 1362 486 1367 —
502 1347 580 1375 Dicta
595 1354 633 1376 est
653 1349 680 1376 in
697 1346 761 1383 festio
778 1353 864 1378 sancti
880 1346 993 1387 apostoli

241 1379 364 1407 Andrew.

244 1435 387 1465 Hodierna:
403 1438 570 1467 celebritatis
595 1448 686 1469 sermo
701 1443 800 1470 veteris
820 1444 904 1472 debiti
921 1445 994 1473 solu-

209 1483 247 1509 tio
266 1483 334 1518 (85),
354 1492 407 1511 non
425 1486 566 1520 sapientia
587 1489 732 1516 ostentatio
756 1489 834 1517 nobis
855 1494 924 1524 erit,
941 1500 993 1519 non

1043 237 1156 273 τέμενος
1172 239 1410 273 πανηγυρίσαντες
1429 238 1527 273 ﬁxa-re,
1544 238 1583 273 μὴ
1613 239 1776 273 κραιπάλῃ,
1798 239 1844 264 καὶ

1044 283 1126 318 μέθῃ,
1142 284 1189 310 καὶ
1205 283 1342 318 ἁπρεπέσι
1354 283 1477 319 χορείαις
1492 283 1521 310 τὺ
1538 285 1639 318 σεμνὸν
1665 284 1717 318 τῆς
1745 284 1845 318 ἑορτῆς

1043 327 1248 364 καθυϐρίσητε·
1264 327 1323 354 ἀλλ’
1337 327 1374 358 ὡς
1389 327 1429 362 τῷ
1459 328 1520 362 Θεῷ
1550 329 1599 354 καὶ
1624 328 1665 363 τῷ
1694 329 1844 362 timaram

1043 373 1127 404 δοκεῖ,
1145 372 1217 400 οὕτω
1231 373 1475 409 πανηγυρίσωμεν.
1507 372 1602 399 Βούλει
1623 373 1784 408 Θεάρεστον
1801 382 1846 407 γε-

1044 419 1139 445 νέσθαι
1155 426 1197 445 σοι
1212 419 1262 454 τὴν
1291 419 1472 454 πανήγυρινς
1501 419 1582 445 εῐσιθι
1608 419 1678 452 πρὸς
1706 418 1757 444 τὸν
1774 418 1846 444 Θεῖον

1024 465 1118 499 ,ναὸν,
1140 465 1274 500 πρόσελθε
1297 465 1336 500 τῷ
1350 464 1525 500 ἀποστολικῷ
1549 466 1737 500 εὶκονὶσματι,
1755 465 1848 491 διαλέ-

1043 511 1125 547 χθητι
1140 511 1178 543 ὡς
1190 511 1306 547 ἐμψύχῳ
1321 511 1360 547 τῷ
1376 512 1567 546 ὲκτυπὼματι.
1583 512 1633 537 ‘Av
1662 511 1758 546 φαύλῃ
1778 520 1847 537 συν-

1044 557 1124 593 ηθείᾳ
1139 557 1194 585 τινὶ
1210 558 1291 593 μέχρι
1306 557 1354 584 νῦν
1379 557 1590 593 ὲκεκράτησο,ῆ
1606 557 1733 592 ἀθεμίτῳ
1765 558 1846 594 κοίτῃ

1033 602 1161 635 αλυσσῶν.
1183 604 1284 639 ῆκατά
1298 612 1370 635 τινος
1386 603 1490 639 ἔχθραν
1504 603 1612 639 τρέφων
1634 605 1665 629 ἐν
1689 606 1724 638 τῇ
1758 603 1843 638 ψυχῇ,

1044 649 1061 684 ἢ
1073 649 1169 684 βουλὴν
1188 649 1286 676 σκαιὰν
1311 649 1504 684 βουλευόμενος
1516 669 1523 682 ,
1535 649 1711 682 ἀνακάλυψον
1741 650 1844 681 πάντα,

1045 694 1092 721 καὶ
1105 695 1168 730 ὅρον
1185 694 1276 726 ὲπίοες
1291 695 1335 722 διὰ
1353 695 1382 722 τὺ
1407 695 1476 730 πρὸς
1503 695 1549 721 τὸν
1578 694 1733 720 ἀπόστολον
1761 693 1845 724 σέϐας

1044 739 1161 774 ὲκκόψαι
1177 739 1207 765 to
1222 739 1310 771 πάθος
1320 740 1369 766 καὶ
1400 739 1549 776 πρεπούσῃ
1568 739 1730 774 χρήσασθαι
1760 747 1849 773 μετα-

1047 785 1121 820 νοίᾳ.
1134 785 1193 812 Κᾶν
1208 786 1280 812 οὕτω
1297 787 1426 822 ποιήσῃς.
1441 785 1511 821 αὕτη
1528 794 1568 812 σοι
1586 785 1665 811 ἔσται
1683 786 1849 819 πανήγυρις

1045 831 1158 866 ἀληθὴς,
1179 833 1226 858 καὶ
1238 832 1284 858 τὸν
1296 833 1445 859 ἀπόστολον
1461 832 1552 866 εὕροις
1564 832 1687 866 δαψιλῶς
1703 840 1749 857 σοι
1762 832 1848 866 παρέ-

1046 886 1128 913 χοντα
1145 878 1250 912 ὑγιείαν
1260 878 1306 905 τοῦ
1319 878 1455 913 σώματος,
1471 879 1519 905 καὶ
1533 878 1581 904 τοῦ
1601 878 1661 913 βίου
1677 877 1846 912 εὐμάρειαν,

1046 924 1093 950 καὶ
1110 924 1232 959 ψυχικῆς
1249 924 1385 959 σωτηρίας
1413 925 1574 957 ἀπόλαυσιν,
1604 924 1651 950 καὶ
1685 924 1766 950 ἄλλοι
1799 923 1846 958 μὲν

1046 968 1279 1004 ὕπονοστήσουσιν
1291 968 1383 995 οἴκαδε
1404 970 1435 1003 τῇ
1471 969 1541 1005 μέθῃ
1566 968 1821 1004 καρηϐαρύσαντες
1838 975 1845 982 ·

1047 1015 1077 1041 σὲ
1091 1015 1120 1042 δὲ
1135 1016 1204 1050 μετὰ
1219 1014 1346 1050 χρηστῶν
1375 1014 1492 1041 ἐλπίδων
1520 1014 1683 1049 προπέμψει
1709 1014 1725 1040 ὁ
1761 1014 1851 1048 μέγας

1045 1061 1198 1092 ἀπόστολος
1209 1060 1356 1093 δοξάζοντα
1371 1061 1417 1087 τὶν
1427 1061 1584 1091 παναίτιον,
1602 1061 1651 1088 καὶ
1669 1061 1852 1095 δημιουργὸν

1043 1106 1096 1133 τῶν
1115 1107 1184 1133 ὅλων
1197 1107 1264 1133 Θεόν
1279 1114 1288 1123 ·
1305 1106 1364 1138 νῦν,
1379 1107 1425 1133 καὶ
1441 1106 1495 1140 ἀεὶ,
1511 1106 1558 1134 καὶ
1580 1107 1621 1139 είς
1652 1106 1719 1138 τοὺς
1746 1107 1853 1137 αίῶνας

1044 1152 1098 1179 τῶν
1114 1152 1231 1180 αἰώνων.
1253 1153 1354 1188 Ἀμήν.

1365 1253 1485 1280 ΟΜῘΛΙΔ
1501 1251 1543 1280 Ν¹.

1043 1311 1096 1345 Εἰς
1109 1311 1152 1341 τὸ,
1170 1321 1178 1337 ι
1198 1311 1335 1342 Ἐστήκει
1348 1313 1364 1339 d
1391 1312 1525 1345 Ἰωάννης
1545 1311 1591 1338 καὶ
1609 1312 1642 1338 ἐκ
1662 1311 1726 1337 τῶν
1754 1314 1838 1345 μαθη

1082 1347 1142 1373 τῶν
1155 1345 1248 1373 αὑτοῦ
1262 1347 1326 1376 δύο,
1345 1357 1354 1372 ι
1377 1361 1410 1367 -
1434 1347 1560 1382 Ἑ.1ἐχθη
1570 1347 1604 1373 ἐν
1629 1346 1668 1380 τῇ
1684 1347 1780 1381 ἑορτῇ
1797 1346 1852 1373 τοῦ

1079 1383 1166 1416 ἁγίου
1182 1382 1359 1408 ἀποστόλου
1382 1382 1536 1415 Ἀνδρέου.

1088 1439 1165 1473 Ἐμοὶ
1184 1439 1234 1473 τῆς
1252 1439 1394 1474 παρούσης
1408 1439 1506 1474 ἑορτῆς
1522 1440 1537 1475 ἠ
1564 1439 1694 1471 διάλεξις,
1727 1438 1853 1465 παλαιοῦ

1046 1485 1145 1520 χρέους
1157 1484 1233 1510 ἐστὶν
1247 1483 1362 1515 ἐκτισις,
1378 1485 1407 1510 οὺ
1428 1484 1526 1518 σοφίας
1548 1484 1690 1516 ἐπίδειξις.
1722 1485 1763 1510 Οὐ
1795 1486 1853 1518 γὰρ

209 1528 281 1554 enim
305 1527 360 1557 huc
377 1530 437 1557 veni
451 1550 459 1563 ,
477 1537 506 1558 ιιι
518 1539 629 1560 ornatus
644 1535 796 1574 eloquentia
813 1538 994 1572 conspicerer,

1087 1539 1138 1565 ποις
1154 1530 1396 1566 ὠραῖσοησόμενος
1411 1530 1482 1565 ἥκω,
1504 1531 1564 1557 οὐδὲ
1585 1531 1736 1565 φιλότιμος
1763 1530 1855 1564 ὀφθῆ-

210 1579 298 1607 neque
313 1580 342 1601 ut
360 1574 452 1610 lepore
465 1596 474 1609 ,
501 1581 528 1604 et
543 1585 640 1613 pompa
658 1582 789 1609 orationis
803 1582 930 1610 honorent
948 1591 995 1618 pa-

212 1619 273 1645 tria:
297 1627 448 1654 aucuparer
464 1631 471 1648 :
487 1623 578 1657 potius
601 1625 674 1651 enim
698 1633 806 1659 meam,
830 1635 997 1664 quaecunque

211 1663 256 1690 illa
271 1665 317 1697 sit,
334 1667 494 1700 sapientiam
519 1669 653 1697 occultam
671 1671 772 1699 habere
787 1673 879 1705 velim,
895 1680 924 1702 ut
937 1663 997 1702 ina-

213 1710 254 1736 nis
272 1711 368 1744 gloriae
383 1711 474 1739 ﬂatum
489 1715 599 1742 evitcm.
629 1717 681 1743 Sed
703 1719 830 1752 quoniam
846 1727 923 1747 sacra
940 1721 998 1748 haec

213 1755 285 1782 aedes
301 1757 416 1791 apostoli
441 1758 511 1791 ejus.
525 1761 572 1794 qui
587 1781 595 1794 ,
612 1763 715 1796 primus
741 1769 856 1792 vocatus
870 1771 912 1793 est
929 1766 996 1802 (86).

214 1808 259 1827 me
280 1801 360 1829 veluti
385 1804 478 1832 nutrix
496 1812 612 1839 puerum
637 1808 783 1842 educavit,
797 1815 824 1837 et
849 1811 997 1844 primarum

213 1845 415 1875 institutionum
451 1857 599 1878 mammam
632 1854 766 1888 praebuit,
807 1863 1000 1892 sacrarumque

211 1891 378 1921 Litterarum
408 1895 582 1931 doctrinam,
603 1900 681 1933 quasi
708 1900 750 1928 lac
780 1901 919 1930 instillavit
945 1891 999 1931 non

211 1945 279 1966 sane
295 1939 413 1967 ubertim
427 1960 435 1974 ,
456 1949 544 1977 neque
559 1944 631 1978 quod
647 1945 748 1973 satiare
762 1954 805 1974 me
829 1953 937 1982 posset,
953 1949 1000 1976 sed

214 1990 346 2017 quantum
364 1986 398 2013 ab
411 1987 469 2021 ejus
487 1989 619 2022 mamilla,
635 1990 680 2024 qui
696 1996 825 2025 provecta
837 1998 898 2019 erat
911 1998 999 2026 astate,

214 2033 322 2064 poterat
342 2039 492 2067 emanare,
518 2035 565 2062 sed
591 2040 682 2064 tamen
706 2037 739 2064 ad
763 2045 822 2065 eam
849 2039 1000 2066 doctrinam

216 2078 420 2111 perficiendam,
433 2080 604 2108 Occasionem
621 2087 648 2110 et
664 2082 817 2112 facultatem
831 2084 911 2112 dedit.
925 2084 1001 2119 Quod

214 2123 348 2158 reliquum
375 2130 416 2153 est
438 2126 501 2154 huic
525 2126 653 2156 Ecclesiae
680 2130 795 2163 pretium
823 2131 1000 2164 educationis,

220 2170 296 2202 quasi
313 2170 400 2198 altrici
423 2172 549 2206 persolvo
563 2192 571 2205 ,
594 2177 620 2200 et
634 2173 705 2208 quod
731 2175 756 2200 in
774 2175 924 2209 proverbiis
948 2180 1001 2208 est,

1047 1585 1090 1603 ναι
1103 1578 1136 1611 τῇ
1157 1576 1267 1610 πατρίδι
1290 1576 1474 1611 λαμυρωτέρᾳ
1489 1576 1606 1610 γλώττῃ,
1622 1577 1668 1602 καὶ
1703 1578 1851 1610 mpm-nti.

1047 1623 1103 1657 Τὴν
1132 1622 1155 1648 δ’
1183 1621 1253 1656 ἐμὴν
1277 1621 1314 1652 ὡς
1336 1621 1370 1648 ἂν
1397 1621 1466 1656 ἔχοι,
1495 1621 1669 1655 φιλοσοφίαν,
1696 1621 1854 1647 λανθάνειν

1049 1668 1148 1700 ἐθέλω,
1164 1668 1213 1703 τῆς
1227 1668 1307 1702 κενῆς
1321 1667 1402 1703 δόξης
1419 1667 1554 1694 ἐκκλίνων
1571 1668 1600 1694 τὸ
1622 1667 1756 1703 φύσημα.
1778 1667 1855 1695 Ἀλλ’

1049 1714 1143 1749 ἐπειδὴ
1159 1715 1173 1740 ὁ
1185 1714 1254 1749 ίερὺς
1269 1711 1346 1745 οὗτος
1361 1713 1409 1740 τοῦ
1421 1713 1619 1750 πρωτοκλήτου
1637 1714 1726 1749 σηκὸς
1752 1715 1856 1741 παιδό-

1051 1759 1186 1794 θενήμᾶς
1213 1756 1260 1786 οἷα
1291 1759 1400 1794 τιθηνὺς
1430 1759 1612 1793 ὲμαιεὺσατο,
1636 1759 1692 1786 τῶν
1729 1759 1856 1794 πρώτων

1051 1804 1245 1840 παιδευμάτων
1261 1804 1412 1840 παρασχὼν
1423 1805 1473 1840 τὴν
1485 1805 1581 1840 ϐηλὴν,
1603 1806 1651 1832 καὶ
1675 1805 1736 1832 τῶν
1767 1806 1855 1840 ιερῶν

1050 1851 1226 1886 γραμμάτων
1245 1851 1295 1886 τὴν
1311 1850 1442 1886 μάθησιν,
1464 1851 1502 1882 ὡς
1513 1851 1652 1885 γάλακτος
1679 1851 1752 1886 ῥοὰς
1787 1853 1855 1878 ὲπι-

1050 1897 1123 1928 δοὺς.
1140 1897 1171 1924 οὐ
1188 1896 1308 1930 δαψιλῶς
1326 1896 1376 1931 μὲν
1388 1896 1445 1923 οὐδ’
1475 1897 1516 1928 εις
1542 1897 1634 1932 κόρον,
1663 1896 1726 1923 ἀλλ’
1741 1894 1791 1923 οἷα
1822 1898 1855 1924 ἂν

1053 1942 1139 1978 μαζδς
1154 1942 1267 1978 πηγάσῃ
1281 1942 1444 1977 παρήλικος,
1458 1943 1528 1978 πλὴν
1543 1944 1583 1970 ὅτι
1599 1944 1650 1974 τὰς
1673 1944 1716 1974 είς
1733 1944 1854 1970 τελείω-

1053 1997 1094 2015 σιν
1107 1988 1257 2015 κατέσαλεν
1272 1989 1402 2024 ἀφορμάς
1414 1997 1421 2006 ·
1439 1990 1591 2024 ἀποδίδωμι
1611 1989 1708 2016 λοιπὸν
1726 1992 1764 2017 τὰ
1786 1998 1855 2026 τρο-

1053 2036 1114 2069 φεῖα
1131 2036 1165 2070 τῇ
1186 2035 1337 2070 Ἐκκλησία
1346 2036 1443 2072 ταύτῃ,
1457 2036 1496 2068 ὡς
1505 2036 1618 2072 nemo,
1647 2037 1769 2072 πληρῶν
1798 2038 1852 2070 τὴν

1052 2081 1103 2115 τῆς
1115 2081 1267 2116 παροιμίας
1279 2082 1514 2118 ἀντιπελάργωσιν
1523 2091 1531 2098 ·
1552 2084 1598 2109 καὶ
1613 2083 1820 2118 συνθιασώτης,
1832 2081 1854 2111 ὦ

1054 2127 1261 2162 θεοφιλέστατον
1276 2128 1427 2163 ἄθροισμα,
1443 2129 1565 2164 γίνομαι,
1591 2129 1639 2156 καὶ
1666 2131 1809 2165 γάννυμαι
1823 2131 1853 2156 τὸ

1054 2175 1132 2210 φίλον
1147 2174 1245 2209 ἔδαφος
1261 2175 1311 2210 τὴν
1340 2175 1460 2210 πατρίδα
1491 2176 1562 2211 ὀρῶν
1591 2177 1641 2208 τὰς
1676 2177 1734 2202 τῶν
1766 2178 1852 2211 ἁγίων

214 2214 300 2250 legem
323 2217 490 2252 Pclargicam
519 2218 620 2254 impleo
637 2207 704 2255 (87).
727 2219 760 2248 Ει
774 2207 833 2248 una
850 2221 998 2254 vobiscum,

1087 2221 1166 2256 γήμας
1178 2207 1302 2252 εύσεὸὦς
1317 2207 1514 2257 ἑορτὰξουσανξ
1527 2222 1599 2255 Ἐγὼ
1618 2207 1669 2253 μὲν
1685 2222 1734 2249 οὖν
1759 2207 1851 2249 ἑστιά-

827 2301 991 2333 Francisci
1006 2302 1111 2334 Scorsi
1129 2306 1223 2334 nota).

252 2373 309 2410 (85)
331 2373 430 2402 Veteris
443 2376 524 2404 debiti
533 2376 640 2403 solutio.
653 2375 718 2410 Qum
732 2377 845 2404 dicenda
862 2377 934 2405 circa
947 2377 999 2405 hoc

219 2411 371 2446 exordium,
390 2411 461 2446 unde
481 2412 565 2446 patria
582 2412 723 2446 scriptoris
739 2412 851 2446 hujusce
873 2412 998 2440 Ceramei

219 2443 363 2483 colligitur.
381 2443 529 2483 disceptata
545 2452 608 2474 sunt
623 2443 644 2473 a'
659 2446 735 2474 nobis
750 2443 781 2473 in
793 2446 912 2475 Proem.
928 2448 998 2483 lsag.

219 2478 252 2505 ad
263 2486 322 2509 oua:
335 2481 443 2506 remitto
457 2478 596 2509 lectorem.

282 2487 322 2505 me
335 2486 443 2506 remitto
457 2486 596 2509 lectorem.

255 2486 310 2547 (:6)
332 2515 384 2547 Qui
398 2517 498 2548 primus
509 2523 615 2544 vocatus
628 2521 679 2544 est.
693 2516 804 2544 Grmcus
818 2516 900 2544 habet
913 2517 1000 2544 solum

219 2549 266 2586 τοῦ
284 2551 477 2586 πρωτοκλήτου
488 2559 496 2584 ;
507 2553 553 2578 sed
566 2551 588 2578 si
605 2551 698 2580 Latine
711 2552 851 2580 venissem
867 2552 918 2578 hoc
929 2551 998 2582 loco.

219 2585 255 2610 ad
279 2586 448 2617 primorocati
474 2587 608 2620 templum,
622 2588 709 2614 minus
730 2587 876 2615 dixissem:
893 2586 998 2620 addidi,

219 2620 330 2656 apostoli
347 2620 418 2647 illius
432 2622 476 2656 qui
496 2630 584 2654 promo
601 2626 720 2655 uocatus;
745 2621 814 2649 infra
833 2622 1000 2650 commodius

220 2655 254 2680 ad
269 2664 365 2692 nomen
373 2655 464 2692 ipsum
483 2657 597 2684 Andreae
611 2665 744 2692 apponere
760 2657 833 2691 potui
848 2657 934 2690 primo
955 2665 1000 2684 tto-

221 2691 284 2726 c_ati.
319 2691 456 2725 explicans
472 2692 503 2718 τὸ
531 2693 736 2726 πρωτόκλητον.
771 2692 874 2719 Dicitur
900 2699 963 2719 vero
985 2699 1000 2720 a

222 2723 324 2762 Graecis
353 2723 531 2760 scriptor-ilius
553 2723 766 2762 ’πρωτόκ’λητος.
781 2761 787 2762 7
799 2726 827 2754 S.
858 2726 1000 2760 Andreas,

224 2761 287 2792 quia
309 2761 411 2794 primus
436 2762 557 2788 omnium
581 2761 690 2789 Secutus
703 2761 753 2789 est.
773 2761 923 2793 Christum,
940 2769 1001 2793 cum

224 2795 345 2831 audisset
370 2795 515 2831 adoanne
541 2797 660 2830 Baptista
686 2797 812 2831 Magistro
835 2805 884 2824 suo
907 2805 915 2824 :
936 2796 1003 2824 Ecce

225 2835 310 2862 agnus
327 2830 383 2857 Dei.
397 2830 506 2867 Interno
531 2830 745 2867 igiturrimpulsu
763 2832 867 2867 primus
882 2832 1003 2867 omnium

229 2868 339 2891 vocatus
364 2867 416 2892 est.
439 2865 572 2894 Caeterum
603 2866 742 2902 Philippus
765 2865 874 2902 primus
900 2866 1004 2896 audivit

1049 2384 1064 2404 a
1078 2377 1197 2413 Christo
1221 2385 1229 2404 :
1255 2377 1373 2413 Sequere
1395 2385 1446 2405 me.
1471 2377 1773 2413 Quodlradnotavimns
1787 2386 1849 2413 sup.

1049 2412 1082 2439 ad
1101 2412 1240 2440 homiliam
1266 2414 1463 2447 praecedentem
1475 2414 1497 2440 si
1533 2412 1644 2446 releges,
1659 2413 1732 2439 nulla
1764 2421 1847 2447 appa-

1053 2448 1123 2474 rebit
1146 2447 1216 2474 inter
1242 2447 1300 2474 hac
1317 2448 1388 2474 dicta
1413 2449 1604 2480 discrepantia,
1629 2449 1701 2481 quod
1729 2448 1775 2475 hic
1795 2450 1849 2475 An-

1049 2483 1128 2510 dreas
1146 2482 1351 2517 πρωτόκλητος,
1363 2483 1400 2510 ibi
1417 2483 1446 2510 S.
1456 2483 1596 2517 Philippus
1613 2483 1720 2516 primus
1736 2484 1843 2510 dicatur

1056 2525 1116 2544 esse
1134 2522 1258 2545 vocatus.
1285 2517 1386 2544 Eodem
1404 2525 1486 2545 sensu
1501 2517 1596 2545 Petrus
1616 2518 1743 2544 Damiani
1764 2519 1799 2545 de
1817 2518 1844 2545 S.

1052 2552 1158 2579 Andrea
1175 2559 1207 2578 ex
1224 2552 1334 2587 Latinis,
1352 2552 1478 2579 Patribus
1499 2561 1507 2579 :
1525 2554 1547 2579 0
1558 2553 1643 2579 dulcis
1656 2553 1795 2587 apostole,
1822 2559 1846 2580 et

1055 2588 1190 2622 primitiae
1205 2588 1305 2614 vacatio
1320 2586 1490 2614 Saluatoris!

1091 2622 1148 2657 (81)
1167 2621 1261 2656 Legem
1286 2622 1450 2657 Pelargicam
1470 2622 1575 2656 impleo.
1609 2621 1680 2655 Quid
1708 2623 1748 2649 sit
1775 2624 1844 2657 apud

1055 2657 1163 2684 Graecos
1189 2657 1229 2683 lex
1245 2657 1382 2685 Pelarttica
1404 2658 1512 2684 disserit
1531 2657 1697 2684 Franciscus
1715 2658 1752 2685 dc
1770 2657 1844 2685 Men-

1056 2692 1121 2718 dozzt
1139 2699 1196 2719 soc.
1211 2691 1275 2719 Jesn
1289 2692 1315 2719 in
1330 2691 1456 2719 Viridar.
1474 2692 1611 2723 Sanctam
1630 2692 1691 2719 dec.
1707 2700 1729 2723 ι.
1745 2700 1806 2726 cap.
1818 2693 1843 2723 8,

1055 2731 1083 2753 et
1097 2726 1176 2754 Joan.
1191 2726 1260 2754 Lud.
1274 2727 1306 2754 de
1321 2727 1453 2757 Lacerda,
1467 2727 1576 2754 Advera.
1589 2735 1673 2757 seen,
1692 2735 1758 2761 cap.
1778 2728 1843 2760 NO;

1057 2761 1132 2797 Paul,
1158 2761 1262 2790 Manut.
1289 2762 1316 2788 in
1333 2762 1419 2797 Adag.
1450 2762 1702 2796 ἀντιπελάργωσις.
1722 2763 1843 2790 Isidorus

1059 2797 1085 2824 in
1100 2796 1202 2827 Gloss.,
1216 2797 1260 2830 qui
1279 2803 1337 2823 eam
1352 2796 1444 2824 vocem
1459 2797 1580 2824 talionem
1593 2797 1687 2824 vertit.
1703 2798 1844 2831 signiﬁcat

1059 2832 1159 2866 quippe
1185 2832 1423 2868 ἀνειπελάργωσις
1452 2832 1609 2859 relationem
1633 2833 1762 2868 gratim,
1787 2842 1844 2860 (‘lltu

1057 2872 1179 2895 mutuum
1194 2867 1461 2900 olllciutn'redditur.
1474 2872 1502 2896 et
1517 2873 1565 2900 par
1581 2867 1651 2900 pari,
1668 2870 1746 2901 quod
1768 2870 1845 2897 etiam
