1875 3055
221 139 276 171 899

812 134 1059 167 THEOPHANIS
1078 133 1250 164 CERAMEI

1825 131 1863 161 ξλιῖέ

224 203 253 225 ιιι
267 196 313 232 qui
330 196 357 224 in
373 196 453 224 aliam
469 195 632 224 sententiam
658 201 711 222 non
733 194 881 227 transiret,
903 197 930 221 et
946 201 1005 228 qua:

1114 193 1296 229 μεταπίπτων
1310 191 1350 223 εἰς
1365 191 1462 226 ἑτέρας
1471 189 1591 222 ἐννοίας,
1613 189 1686 225 μηδ’
1704 187 1824 215 ἀλλοιῶν
1840 198 1863 213 τι

222 243 352 280 praeclare
367 243 496 278 praedicta
522 241 649 272 fuerant,
673 247 727 267 non
753 243 878 266 tnutaret.
905 238 933 266 In
955 245 1008 273 quo

222 297 300 322 sane,
315 294 342 316 ut
358 288 475 316 maxime
489 286 655 322 congruebat
670 306 677 319 ,
702 289 784 320 utque
812 285 926 319 dignum
951 289 1009 312 erat

224 344 273 364 sua
292 337 410 368 virtute,
435 342 465 362 se
487 333 581 368 gessit.
608 332 701 367 Neque
726 333 797 360 enim
824 331 929 358 arundo
951 335 1010 358 erat

225 387 306 410 vento
320 382 438 416 agitata,
455 380 494 407 uti
509 380 544 407 de
560 379 606 406 illo
620 378 738 406 vicissim
764 381 878 405 testatus
895 382 946 409 est,
963 376 1009 412 qui

226 436 298 456 nunc
325 428 488 462 praedicatur
511 425 546 452 ab
569 425 643 460 ipso,
661 424 708 452 seti
735 429 764 450 ut
791 423 900 451 Davidis
921 422 1011 450 verbis

157 468 185 506 *ᾖ
225 480 301 507 utar,
314 475 411 502 animm
425 473 531 508 plumas
552 472 579 499 in
603 476 679 506 petra
693 470 874 498 confessionis
888 474 1010 498 statuens

224 520 376 556 permansit
402 518 549 546 immobilis
565 517 600 544 ".
617 516 692 549 Quod
720 520 808 544 autem
833 521 920 543 status
945 523 1010 542 con-

221 567 353 594 stantiam
377 566 404 592 in
428 565 535 599 agendo
558 562 694 599 signiﬁcet
719 562 890 590 Psahnorum
915 565 1011 589 cantor

221 612 360 639 ostendit:
388 620 398 636 ‹
416 609 510 638 Juravi
525 630 532 643 ,
549 609 597 642 ait,
615 614 641 636 et
657 608 739 635 statui
762 608 900 635 custodire
923 607 1010 643 legem

223 665 297 686 tuam
327 658 361 684 ".
391 667 400 683 ι
434 657 480 684 Sic
503 655 647 683 Dominum
673 655 758 682 Amos
784 654 916 690 propheta
943 653 1011 681 vidit

224 709 343 732 stantem
360 705 386 730 in
403 703 578 730 adatttantino
596 708 689 733 muro,
714 708 762 735 per
785 705 885 728 statum
908 699 1012 726 stabili-

221 755 303 777 tatem
323 749 378 784 (89)
396 749 535 780 indicans,
554 754 602 782 per
625 746 799 772 adamantth
823 743 1010 773 fortitudinem

221 796 460 828 constantiamque
475 793 643 828 signiﬁcans.
659 791 700 819 Ad
718 792 788 818 httne
803 790 884 818 etiam
902 791 1011 818 modum

222 841 378 876 Stephanus
395 840 537 875 phalangis
552 843 702 873 martyrum
719 836 803 873 3M
818 836 1009 872 antesignanus

223 888 367 914 Dominum
386 887 453 913 vidit
479 889 596 913 stantem
621 892 636 910 ιι
660 884 762 911 dextris
791 883 850 910 Dei.
883 891 893 908 ‹
915 882 1010 910 Stabat

220 935 339 962 Joannes
354 954 361 966 ,
378 939 404 961 et
421 942 452 961 ex
470 932 610 967 discipulis
625 932 684 965 ejus
699 932 751 959 duo
774 931 808 958 ⁵⁸.
837 939 847 957 ›
871 929 931 958 Jam
947 930 1011 965 quid

221 989 269 1016 per
291 985 392 1008 statum
419 979 537 1007 Joannis
557 978 738 1013 signiﬁcatum
766 977 819 1009 sit,
842 980 871 1003 ιιι
893 976 1012 1003 breviter

221 1026 320 1060 potuit,
338 1024 503 1058 explicatum
520 1027 572 1050 est.
600 1023 780 1055 Quaerendum
797 1029 863 1049 vero
887 1029 958 1048 nttne
972 1021 1010 1059 vi-

222 1070 318 1101 detttr,
336 1068 402 1103 quid
427 1068 536 1094 tandem
552 1066 602 1094 sibi
620 1067 703 1099 velit,
722 1066 792 1101 quod
821 1074 880 1093 cum
905 1073 938 1093 eo
960 1067 1012 1093 duo

221 1115 346 1149 discipuli
373 1114 486 1141 fuerint.
502 1112 567 1140 Haec
593 1113 666 1140 enim
689 1113 766 1146 juxta
789 1111 926 1139 historiam
947 1119 1012 1138 sane

223 1167 286 1189 sunt
305 1162 374 1188 faeta
387 1181 394 1193 ,
411 1161 456 1188 sed
476 1156 545 1186 facta
562 1162 640 1186 erant
657 1159 713 1194 (90)
740 1166 828 1186 rerum
856 1157 1012 1192 intelligibi-

223 1209 287 1236 lium
306 1208 464 1235 simulacra.
482 1207 515 1234 Et
530 1213 597 1234 sane
611 1207 655 1241 qtti
671 1206 780 1240 elegans
791 1226 799 1239 ,
817 1210 843 1233 et
862 1205 1011 1240 pulchritu-

223 1255 295 1281 dinis
315 1261 410 1280 amans
426 1258 485 1285 est,
500 1253 621 1279 eximens
635 1249 798 1279 exteriorem
814 1259 885 1279 rosa:
903 1250 1011 1278 follicu-

222 1301 290 1333 lum;
304 1301 374 1335 quod
393 1300 465 1327 intus
478 1304 520 1326 est
534 1299 652 1333 pulchri,
666 1298 796 1332 decerpit.

262 1347 331 1379 Quid
360 1346 443 1381 igitur
475 1345 666 1379 discipulorum
699 1344 833 1371 binarium
856 1342 1011 1371 indicabat?

225 1397 256 1420 ut
282 1400 332 1427 ego
359 1393 466 1427 quidem
484 1391 590 1426 opinor,
614 1396 694 1427 typus
727 1394 786 1417 erat
814 1397 957 1425 synagogas
984 1393 1012 1417 et

223 1438 353 1466 Ecclesia:
366 1446 399 1465 ex
425 1439 551 1473 gentibus
568 1441 748 1472 congregata.
772 1435 912 1463 Neminem
925 1436 1009 1468 ,enim

225 1488 347 1511 vestrum
364 1484 484 1511 arbitror
497 1484 633 1518 ignorare,
648 1483 720 1517 quod
739 1489 853 1518 magnus
868 1482 912 1510 ille
926 1481 1010 1509 Joan~

225 1537 274 1557 nes
290 1530 395 1557 medius
410 1530 547 1557 exstiterit
561 1529 628 1564 legis
653 1534 680 1556 et
694 1529 799 1565 gratiae.
819 1527 914 1556 Stabat
929 1528 1010 1562 igitur

228 1577 300 1603 inter
316 1578 383 1604 duos
399 1575 546 1610 discipulos
568 1575 670 1602 medius
681 1593 689 1607 ,
703 1579 731 1601 ut
748 1574 775 1601 in
794 1574 882 1601 medio
895 1574 1009 1602 duorutn

225 1623 383 1658 populorutn
396 1643 404 1655 ,
430 1622 531 1649 veteris
559 1622 666 1657 quidem
688 1620 743 1655 jam
764 1620 930 1652 deﬁcientis,
947 1620 1010 1648 novi

225 1677 292 1696 vero
302 1669 358 1704 jam
386 1667 560 1702 incipientis,
579 1671 640 1702 post
666 1667 830 1701 baptismum
855 1666 928 1694 enim
943 1673 1011 1701 pra:-

226 1716 318 1743 dicare
342 1715 423 1742 Jesus
448 1714 574 1741 instituit.
600 1713 633 1740 Et
660 1713 712 1740 huc
738 1712 845 1747 quidem
873 1717 1011 1747 spectasse

224 1762 292 1789 mihi
319 1762 428 1788 videtur
449 1759 616 1795 evangelista
630 1779 637 1792 ,
664 1766 725 1786 cum
749 1758 860 1787 alterius
880 1766 914 1788 ex
929 1758 1010 1786 diSei-

223 1808 296 1843 pulis
320 1814 418 1834 nomen
445 1806 545 1834 omisit.
563 1805 696 1832 Andream
723 1805 794 1844 enim
820 1804 962 1831 nominans
979 1805 1012 1831 de

226 1854 314 1882 altero
330 1853 434 1886 tacuit;
463 1858 557 1888 utpote
572 1859 632 1879 cum
657 1850 749 1886 legalis
764 1850 853 1879 cultus
872 1858 920 1886 per
935 1850 1011 1878 illum

225 1901 358 1935 ﬁguratus
384 1900 562 1928 contieuisset
579 1903 607 1926 et
622 1898 769 1933 abrogatus
784 1900 867 1924 esset.
888 1897 1011 1925 Andreas

224 1954 290 1974 vero
307 1946 379 1982 (91),
396 1946 441 1980 qui
459 1943 684 1980 interpretatione
698 1943 814 1970 nominis
825 1942 866 1969 sui
880 1946 1012 1977 praestan-

225 1997 280 2020 tem
297 1992 482 2019 fortitudinem
500 1995 584 2023 notat,
602 1995 693 2026 typum
706 1988 834 2016 Ecclesiae
851 1988 930 2023 gerit.
947 1988 1012 2022 Quae

227 2039 299 2065 enim
318 2038 492 2073 praestantior
507 2037 595 2064 virtus
607 2044 668 2064 esse
682 2040 770 2070 potest
783 2055 791 2068 ,
808 2042 888 2071 quam
905 2035 941 2063 sit
956 2035 1011 2069 illa,

227 2091 280 2119 qua
295 2088 423 2118 suscepto
449 2082 596 2117 Evangelia
613 2081 695 2117 pollet
718 2080 840 2108 Ecclesia
855 2101 863 2112 .
883 2088 943 2116 quae
958 2086 1011 2108 tam

229 2127 317 2154 valide
335 2127 502 2154 communita
526 2130 587 2158 est,
614 2130 643 2152 ut
670 2130 756 2160 portae
778 2124 855 2152 inl'eri
883 2124 1013 2152 adversus

225 2179 284 2199 eatn
301 2171 450 2206 praevalere
465 2178 518 2198 non
538 2170 651 2205 possint.
667 2169 719 2198 Sed
736 2177 767 2197 ea
780 2177 839 2205 qua:
852 2175 1011 2204 sequuntur,

226 2216 386 2243 audiamus:
404 2225 413 2242 ι
435 2216 468 2243 Ει
493 2216 643 2252 respiciens
659 2215 750 2243 Iesum
774 2215 956 2243 ambulantem
970 2217 1011 2243 di-

225 2262 283 2291 cit:
298 2263 368 2290 Ecce
383 2270 468 2299 agnus
485 2262 542 2289 Dei.
560 2271 569 2288 ι
585 2262 732 2289 Considera
751 2261 815 2288 tnihi
834 2262 887 2294 hic,
905 2263 1009 2290 charis-

224 2308 312 2343 sime,
327 2317 407 2344 quam
432 2309 516 2336 ntulta
535 2309 560 2336 iu
579 2309 651 2336 dicto
675 2313 729 2338 tam
755 2308 829 2335 brevi
854 2308 1006 2343 recondita,

224 2356 356 2392 nobisque
365 2356 397 2384 ad
414 2356 618 2390 intelligendum
633 2354 755 2388 subjecta
771 2354 837 2387 sint,
852 2359 879 2382 et
891 2355 929 2382 uti
946 2363 1008 2390 spe-

1024 1559 1045 1588 C

1061 238 1266 268 τεθεσπισμὲνα
1281 236 1384 269 καλῶς.
1405 236 1462 263 Καὶ
1482 235 1557 271 μάλα
1578 243 1613 269 γε
1639 234 1771 264 εἰκότως
1792 234 1863 259 πτυιὲηει

1061 286 1108 313 καὶ
1122 285 1186 318 ἄξια
1197 285 1246 318 τῆς
1256 283 1338 311 αὑτοῦ
1354 283 1468 319 ἀρετῆς.
1484 282 1523 310 οδ
1541 282 1599 317 γὰρ
1613 281 1758 315 κάλαμος
1777 278 1808 314 ἦν
1820 280 1863 306 tiri

1061 332 1162 366 ἀνέμου
1184 330 1378 365 σαλευόμενος,
1398 329 1435 360 ὼς
1467 329 1481 356 ὁ
1511 328 1559 355 ὑπ’
1585 327 1679 354 αὑτοῦ
1721 326 1865 360 κηρυχῆἐξ

1061 377 1149 413 τούτῳ
1161 376 1429 413 ἀντεμαρτύρησενο
1454 375 1536 408 ἀλλὰ,
1567 373 1738 404 Δαὸιδικῶς
1776 374 1866 402 εἰπεῖν,

1062 425 1167 460 στήσας
1183 425 1212 450 ὲν
1224 425 1257 459 τῇ
1279 423 1368 458 πέτρᾳ
1382 422 1433 458 τῆς
1451 421 1607 456 μαρτυρίας
1624 420 1679 451 τὰς
1712 419 1769 454 τῆς
1785 420 1867 453 ψυχὴ

1063 470 1167 506 βάσεις,
1183 470 1333 505 ὰκλόνητος
1348 469 1468 504 ἔμεινεν.
1495 469 1558 495 Ὅτι
1583 468 1612 494 δὲ
1647 469 1666 503 ἡ
1698 467 1804 498 στάσις
1826 468 1869 501 τὴν

1061 518 1091 543 ὲν
1105 517 1145 550 τῷ
1176 516 1324 552 πράγματι
1355 514 1433 550 δηλοί
1477 514 1666 550 μονιμότητα,
1686 513 1705 539 ὁ
1723 513 1871 548 tta).ng

1063 563 1201 598 μαρτυρεῖ
1217 571 1224 578 ·
1244 571 1253 588 ι
1275 562 1395 596 Ὤμοσα,
1410 560 1509 596 λέγων,
1535 561 1583 587 καὶ
1598 560 1727 595 ἑστησα,
1758 558 1808 586 τοῦ
1826 568 1871 591 go-

1062 610 1197 642 λάξασθαι
1210 609 1257 635 τὸν
1270 609 1353 641 νόμον
1367 617 1426 635 σου.
1445 618 1454 635 ι
1483 607 1578 639 Οὕτως
1595 607 1651 642 ὁρᾷ
1690 606 1745 633 τὸν
1770 606 1837 632 Θεὸν
1858 606 1869 629 ἐ

1062 657 1210 692 προφήτης
1231 656 1335 690 Ἀμὼς,
1350 657 1456 684 ἑστῶτα
1471 656 1519 683 ἐπὶ
1532 656 1644 691 τείχους
1664 655 1870 689 ἀδαμαντίνου.

1062 702 1112 729 Διὰ
1127 703 1178 738 μὲν
1194 703 1243 738 τῆς
1262 704 1399 736 στάσεως,
1413 702 1538 738 δηλώσας
1564 702 1596 729 τὺ
1611 702 1742 737 μόνιμον
1753 709 1761 716 ο
1787 701 1834 726 διὰ
1847 700 1871 725 ἰέ

1061 748 1109 775 τοῦ
1122 749 1287 783 ἀδάμαντος,
1301 748 1445 784 σημαίνων
1454 748 1484 775 τὸ
1496 748 1617 784 ἰσχυρὸν,
1642 748 1694 774 καὶ
1712 746 1871 773 ἁνὲνδοοον.

1062 795 1286 830 Τοιουτοτρόπως
1299 796 1314 822 ὸ
1332 795 1439 831 πρῶτος
1454 796 1503 830 τῆς
1521 794 1707 830 μαρτυριχῆς
1727 793 1875 827 φάλαγτπ

1063 843 1200 877 Στέφανος
1214 841 1269 870 εἶδε
1291 844 1339 870 τὺν
1368 844 1473 879 Ἰησοῦν
1493 844 1600 870 ἑστῶτα
1623 844 1659 869 ὲκ
1690 842 1801 875 δεξιῶν
1827 841 1871 867 ea]

1061 887 1140 915 Θεοῦ.
1161 898 1171 914 ι
1192 888 1322 924 Ειστήκει
1339 890 1352 916 6
1375 889 1513 923 Ἰωάννης,
1534 889 1582 915 καὶ
1595 889 1631 914 ὲκ
1646 887 1709 914 τῶν
1740 887 1870 920 μαθητῇ)

1062 933 1145 961 αὑτοῦ
1161 934 1217 962 δύο.
1238 944 1247 961 ι
1270 935 1352 962 Ἀλλὰ
1378 935 1408 961 τὸ
1427 935 1477 969 μὲν
1496 935 1546 970 τῆς
1566 935 1700 966 στάσεως
1744 933 1868 959 Ὶιυάνῆκ.

1061 980 1224 1016 δηλωτικὸν,
1239 982 1269 1008 ἐν
1289 981 1391 1016 ὀλίγοις
1412 981 1573 1016 δεδήλωται.
1605 981 1645 1007 Τὸ
1662 981 1693 1007 δὲ
1723 980 1776 1006 δύο
1806 977 1873 1005 εἷται

1064 1027 1122 1062 μετ’
1140 1026 1224 1054 αὐτοῦ
1238 1027 1365 1062 μαθητὰς
1381 1027 1406 1053 τί
1419 1027 1484 1053 ποτέ
1499 1028 1569 1057 ἐστι.
1585 1026 1686 1062 ζητεῖν
1703 1026 1875 1058 ἀναγκαῖον.

1062 1072 1161 1108 Γέγονε
1179 1073 1230 1106 μὲν
1245 1073 1300 1106 γὰρ
1314 1073 1398 1099 ταυτὶ
1414 1072 1462 1100 καὶ
1479 1072 1640 1107 ῑστορικῶς,
1652 1071 1721 1097 ἀλλ’
1742 1069 1822 1106 ἦσαν
1846 1079 1875 1095 1:

1062 1119 1198 1154 γενόμενα
1236 1119 1291 1145 τῶν
1316 1119 1472 1154 νοουμένων
1505 1119 1682 1152 ἰνδάλματα·
1703 1118 1756 1143 καὶ
1793 1117 1808 1142 ὅ
1846 1125 1875 1150 γε

1062 1165 1171 1196 ἀστεῖός
1207 1173 1237 1191 τε
1271 1165 1319 1191 καὶ
1345 1164 1490 1198 φιλόκαλος
1517 1165 1717 1199 περιαιρὴπας
1745 1163 1798 1190 τοῦ
1833 1164 1875 1197 ῥό-

1061 1211 1106 1237 δου
1134 1211 1183 1246 τὴν
1211 1210 1314 1243 ἔξωθεν
1340 1211 1457 1244 κάλυκα,
1488 1210 1518 1237 τὸ
1546 1210 1620 1237 ἔνδον
1643 1210 1757 1241 κάλλος
1772 1212 1869 1245 τραγᾷ.

1099 1343 1132 1371 Τί
1142 1343 1189 1370 οὖν
1200 1342 1294 1376 ἐδήλου
1305 1342 1360 1368 τῶν
1376 1341 1505 1376 μαθητῶν
1518 1341 1534 1376 ἡ
1549 1341 1634 1373 Stoic;
1650 1341 1717 1376 Τῆς
1739 1350 1873 1375 συναγω-

1062 1390 1195 1426 γῆςνκαὶ
1223 1390 1272 1425 τῆς
1300 1389 1329 1422 ἐξ
1351 1389 1436 1416 ὲονῶν
1471 1388 1649 1424 Ἐκκλησίας,
1673 1389 1717 1420 ὡς
1752 1387 1873 1424 ἐγῷμαι,

1063 1437 1147 1464 τύπον
1191 1437 1332 1470 ἐνέφηνεν.
1375 1433 1461 1470 Οἶμαι
1499 1435 1553 1470 γὰρ
1596 1435 1717 1469 ἀγνοεῖν
1768 1437 1872 1471 μηδενί

1063 1484 1150 1519 ὑμῶν,
1174 1482 1211 1514 ὡς
1232 1482 1359 1517 Ἰωάννης
1375 1484 1388 1508 ὸ
1415 1482 1502 1516 μέγας
1529 1481 1627 1515 γέγονε
1664 1482 1801 1517 μεσίτης
1838 1484 1873 1509 v3-

1066 1539 1129 1566 μου,
1160 1531 1208 1557 καὶ
1234 1530 1357 1564 χάριτος.
1373 1529 1483 1555 ’Ὶστατο
1514 1527 1560 1555 οὖν
1578 1529 1606 1554 ὲν
1619 1530 1704 1564 μέσῳ
1720 1530 1809 1556 δυοῖν
1829 1540 1874 1564 μι-

1063 1576 1168 1611 οηταῖν,
1187 1576 1225 1607 ὡς
1239 1577 1268 1602 ὲν
1282 1576 1358 1610 μέσῳ
1375 1575 1421 1602 δύο
1433 1576 1516 1603 λαῶν.
1539 1575 1592 1602 Τοῦ
1609 1576 1662 1610 μὲν
1691 1576 1753 1611 ἠδη
1773 1577 1875 1611 λήξει-ι-

1062 1630 1107 1652 τος
1116 1621 1163 1648 τοῦ
1172 1621 1289 1649 παλαιοῦ
1302 1621 1416 1656 δηλαδὴ,
1431 1621 1585 1656 ἀρχομένου
1598 1621 1627 1648 δὲ
1640 1621 1713 1657 ἄρτι
1729 1623 1787 1649 τοῦ
1802 1624 1872 1649 véw

1064 1667 1134 1703 μετὰ
1151 1667 1205 1703 γὰρ
1219 1667 1250 1693 τὺ
1263 1667 1416 1702 βάπτισμα,
1426 1667 1528 1701 ἤρξατο
1537 1667 1693 1702 κηρύσσειν
1709 1668 1726 1694 ὁ
1751 1668 1874 1702 Ἰησιῖζ.

1063 1714 1118 1740 Καί
1133 1722 1179 1749 μοι
1200 1713 1275 1740 δοκεῖ
1293 1713 1362 1748 πρὸς
1374 1713 1451 1740 τοῦτο
1463 1713 1680 1740 ἁποσχοποῦντα
1711 1714 1767 1741 τὸν
1793 1715 1874 1748 εὐαχ-

1062 1760 1202 1795 γελιστὴν,
1221 1760 1335 1795 θατέρου
1352 1761 1409 1786 τοῖν
1423 1760 1560 1795 μαθηταῖν
1577 1760 1628 1794 τὴν
1642 1760 1754 1795 κλῆσιν
1782 1771 1875 1797 napa-

1062 1807 1188 1843 δραμεῖν.
1206 1807 1258 1834 Τὸν
1281 1807 1336 1841 γὰρ
1355 1806 1482 1841 Ἀνδρέαν
1497 1805 1660 1839 ὼνομακὼς,
1693 1806 1748 1833 τὸν
1779 1807 1873 1843 ἕτεροι

1064 1852 1249 1888 σεσιώπηκεν,
1260 1851 1299 1884 ὡς
1313 1852 1362 1887 τῆς
1379 1852 1424 1878 ὑπ’
1442 1852 1525 1878 αὐτοῦ
1546 1852 1734 1887 τυπουμένης
1757 1853 1820 1880 τοῦ
1841 1854 1875 1880 wi-

1064 1906 1116 1933 μου
1145 1898 1286 1933 λατρείας,
1321 1898 1509 1933 σιωπηθεὴης
1540 1906 1581 1931 τι,
1598 1899 1646 1924 καὶ
1668 1900 1875 1934 καταργηθεῖ-

1064 1952 1126 1979 σης.
1152 1943 1280 1979 Ἀνδρέας
1291 1944 1337 1976 δὲι
1347 1943 1443 1979 ἐπειδὴ
1460 1944 1575 1978 δύναμις
1587 1944 1743 1980 εὐπρεπὴς
1782 1947 1875 1981 ἑρμη-

1064 1990 1183 2023 νεύεται,
1199 1990 1286 2017 τύπον
1301 1990 1379 2025 φέρει
1394 1989 1445 2025 τῆς
1464 1989 1644 2025 Ἑκκλησίας.
1666 1990 1723 2022 Τίς
1758 1993 1828 2027 γὰρ
1849 1993 1875 2018 ἂι

1064 2035 1274 2071 εὐπρεπεστέρα
1288 2034 1402 2069 δύναμις
1416 2035 1531 2068 γένοιτο,
1549 2035 1597 2069 τῆς
1619 2034 1651 2061 τὸ
1674 2035 1875 2070 εὖαγγελιχὲε

1064 2081 1215 2116 δεξαμένης
1232 2082 1377 2117 κήρυγμα,
1393 2082 1440 2108 καὶ
1453 2082 1541 2113 οὕτως
1568 2082 1706 2117 ἀνδρείως
1734 2083 1875 2119 δυναμω·

1066 2128 1170 2163 θεισης,
1184 2128 1221 2159 ὡς
1238 2128 1321 2154 πύλαι
1333 2127 1408 2164 ᾅδου,
1422 2127 1459 2164 μὴ
1472 2128 1637 2163 κατισχύσαι
1652 2129 1759 2164 αὐτῆς.
1793 2131 1875 2157 Ἀλλά

1066 2174 1114 2200 καὶ
1138 2173 1194 2200 τῶν
1224 2173 1289 2208 ἑξῆς
1317 2173 1503 2208 ἀκούσωμεν·
1537 2182 1548 2198 τ
1567 2173 1623 2199 Καὶ
1650 2173 1810 2209 ἐμϐλέψας
1840 2177 1875 2209 τῷ

1028 2232 1052 2261 D
1071 2216 1160 2252 Ἰησοῦ
1188 2217 1399 2252 περιπατοῦντι,
1431 2217 1526 2251 λέγει·
1550 2217 1604 2244 Ἴδε
1634 2218 1649 2244 ὸ
1687 2218 1804 2253 ’Δμνὸς
1829 2220 1873 2246 τοῦ

1065 2263 1145 2290 Θεοῦ.
1170 2273 1179 2289 ι
1197 2263 1297 2290 Σκόπει
1312 2263 1344 2298 δή
1365 2271 1421 2298 μοι,
1450 2263 1586 2298 ἁγαπητὲ,
1609 2262 1669 2295 πῶς
1695 2264 1729 2290 ὲν
1763 2266 1875 2300 ῥήματι

1066 2309 1138 2336 οὕτω
1150 2309 1246 2346 βραχεῖ
1258 2310 1339 2342 πολὺς
1355 2309 1542 2345 ὲγκρύπτεται
1559 2309 1709 2344 νοημάτων
1738 2314 1856 2345 σκοπός
1869 2322 1875 2328 ·

1069 2356 1127 2388 πῶς
1145 2357 1251 2392 συνᾴδει
1267 2357 1282 2392 ή
1299 2356 1405 2391 ἱστορία
1417 2356 1450 2391 τῇ
1475 2355 1587 2391 θεωρίᾳ.
1611 2355 1711 2382 Ειπὼν
1743 2361 1807 2393 γὰρ
1838 2369 1875 2390 ως

261 2448 284 2464 ⁸³
304 2447 376 2476 Psal.
406 2450 510 2480 χχχιι,
529 2448 557 2474 3.
595 2446 618 2462 ⁵⁵
639 2444 712 2473 Psal.
742 2451 845 2476 cxvttt,
867 2442 928 2470 106.
968 2444 990 2460 δ’

1099 2453 1118 2478 I,
1138 2445 1183 2473 55.

841 2525 1004 2556 Francisci
1021 2527 1124 2557 Scorsi
1141 2531 1232 2558 notua.

261 2592 317 2628 t89)
341 2591 535 2628 Perratrttuum
562 2590 743 2617 stabilitatem.
774 2587 840 2616 Vide
869 2588 941 2616 dicta
973 2588 1006 2616 ad

224 2629 298 2656 hom.
314 2628 363 2659 50;
381 2627 425 2653 ubi
441 2628 561 2653 eamdem
582 2633 637 2653 rem
651 2631 757 2652 auctor.

259 2663 315 2697 (90)
336 2658 387 2690 Sed
413 2661 487 2696 facta
504 2665 591 2692 erant,
610 2665 664 2697 etc.
683 2659 759 2697 Disce
777 2658 951 2697 ex_hoc»loco
970 2658 1006 2685 ita

226 2693 324 2725 sensus
349 2693 506 2730 allegoricos
521 2701 546 2723 et
562 2695 742 2730 tropologieos
760 2694 862 2730 abiltoe
876 2693 957 2730 Patre
971 2701 1005 2720 ex

225 2733 327 2767 Evang.
339 2737 366 2759 et
381 2729 488 2759 veteris
500 2729 666 2767 Testamenti
681 2730 748 2756 locis
764 2729 866 2767 aﬁ‘erri,
879 2734 908 2754 ut
924 2729 1008 2754 histo-

226 2765 314 2794 t‘ieuui
339 2775 385 2794 seu
411 2766 554 2793 litteralem
580 2773 690 2792 sensum
719 2765 830 2791 omnino
859 2768 1006 2798 supponat,

225 2803 296 2834 quod
317 2802 360 2828 hic
379 2802 479 2829 diserte
493 2801 634 2834 proﬁtetur
649 2800 773 2832 idemque
786 2799 830 2826 ubi
846 2806 898 2824 non
915 2799 1007 2834 capri-

228 2833 287 2869 mit.
298 2841 339 2862 est
358 2833 573 2869 intelligendum,
591 2835 661 2869 quod
678 2839 705 2861 et
723 2835 758 2860 ab
771 2834 898 2861 omnibus
914 2833 1006 2859 itidem

227 2868 351 2896 Patrihus
377 2868 478 2898 Graecis
511 2876 587 2903 mque
602 2868 643 2896 'ae
671 2869 775 2896 Latinis
790 2868 943 2895 factitatum
960 2876 966 2894 :
983 2868 1005 2894 si

1062 2590 1122 2623 quis
1139 2590 1235 2625 legerit
1256 2590 1285 2617 ι).
1311 2591 1426 2624 Gregor.
1449 2590 1548 2617 similia
1571 2590 1636 2618 huic
1666 2591 1745 2619 dicto
1775 2591 1871 2620 Theo-

1062 2624 1159 2664 phanis
1174 2625 1295 2664 inveniet
1310 2626 1424 2664 plurima
1437 2634 1443 2651 :
1456 2630 1536 2660 atque
1551 2625 1596 2664 hic
1611 2626 1866 2664 locusuconﬁrmat

1061 2659 1132 2686 dicta
1150 2668 1165 2687 a
1191 2662 1269 2687 nohis
1291 2659 1315 2687 in
1341 2661 1463 2689 eamdem
1488 2659 1556 2691 rem,
1575 2661 1653 2687 hont.
1673 2661 1728 2694 45,
1746 2668 1809 2690 not.
1825 2663 1867 2690 9.5.

1099 2695 1155 2731 (9i)
1176 2695 1296 2722 Andreus
1318 2703 1386 2727 vero,
1401 2701 1454 2722 etc.
1483 2695 1598 2730 Etymon
1613 2695 1750 2724 Graecum
1787 2699 1866 2731 Illijlh

1065 2731 1182 2766 nominis
1197 2731 1370 2765 perspicuum
1388 2735 1450 2766 est:
1462 2731 1690 2766 Ἀνδρείανρηὶιιι
1714 2733 1864 2766 fortitudo.

1064 2770 1091 2804 et
1109 2764 1230 2804 ἅινδρεῐος
1245 2764 1389 2804 [opinanti
1404 2765 1452 2804 τοῦ
1471 2764 1580 2800 ἀνδρὸς.
1594 2764 1667 2804 Natu
1683 2764 1740 2794 viri
1756 2768 1864 2801 propria

1064 2799 1212 2832 fortitudo;
1227 2804 1255 2827 et
1269 2800 1373 2829 Latinis
1397 2801 1478 2828 etiam
1499 2799 1596 2828 nomen
1622 2801 1666 2827 vir
1684 2808 1702 2829 a
1721 2799 1763 2835 vi,
1781 2811 1829 2830 seu
1852 2811 1864 2828 ι

1064 2835 1162 2861 viribus
1175 2836 1332 2862 deductum.
