1875 3055
16 141 69 175 301

739 157 905 188 HOMILIA
925 159 961 190 L.

1619 163 1672 197 902

16 200 22 216 ¹
46 201 219 258 ιὲίστήκειὸ
254 204 384 242 Ἰωάννης
408 207 513 243 ἡρέμα,
543 210 602 242 πῶς
629 210 749 240 ἐνταῦθα
777 222 789 239 τ

886 215 1009 243 :ulationi
1028 219 1127 245 nostrae
1147 218 1261 247 historia
1282 225 1414 248 consonet
1427 220 1495 258 (92).
1511 221 1578 251 Cum
1596 227 1670 253 enim

16 247 128 294 ςτάσιν
143 250 313 285 ἡρμήνευσε.
330 253 367 279 Τὸ
380 253 436 289 γὰρ
448 255 550 289 εἰπεῖν,
582 265 592 282 ι
620 258 674 284 Ἴδε
688 260 701 285 ὸ
724 247 824 294 Ἀμνδς

16 293 66 320 τοῦ
90 294 175 328 Θεοῦ,
195 306 204 322 ι
222 297 336 331 ἔνδειξίς
349 300 436 334 ἐστιν,
451 301 490 333 ὡς
503 302 622 335 ἀκλινῶς
639 293 763 340 ἕστηκεν
783 307 823 339 είς

16 340 48 366 τὰ
66 340 191 375 δόξαντα
209 343 353 380 πρότερον.
364 343 449 378 Οὗτος
467 348 522 383 γὰρ
534 349 607 384 αἴρει
619 351 669 386 τὴν
681 351 823 386 ἁμαρτίαν

16 386 65 412 τοῦ
82 387 204 422 κόσμου,
221 388 363 424 βαπτίζων
386 392 415 418 ὲν
433 394 582 430 πνεύματι,
597 396 645 423 καὶ
656 397 735 432 πυρί.
752 398 822 424 Ἀλλ’

16 432 299 478 μφιλοχωρήσωμεν
315 436 533 474 φιλοπονώτερον
565 441 604 477 τῷ
621 442 750 478 νοήματι.
769 445 825 472 Κα-

16 476 117 511 θάπερ
134 479 188 514 γὰρ
204 480 259 506 ἀπὸ
272 480 406 517 λειμῶνος
422 476 603 520 πολυανθοῦς,
624 476 758 516 οὑν-θέλει
776 499 823 517 τα-

16 523 104 570 χέωςῗ
113 526 131 560 ὴ
146 525 207 561 δψις
221 527 402 563 ἀφίστασθαι,
413 530 502 563 οὕτως
513 532 569 566 ἐγὼ
578 533 623 560 τὸν
642 534 822 570 εὑαγγελικδν

16 568 152 604 λειμῶνα
181 572 353 609 περιαθρῶν,
381 576 563 613 ἐνδιατρίϐειν
594 568 820 613 τούτοις-ποθῶ.

16 616 89 642 Οὐδὲ
108 618 165 653 γὰρ
184 619 213 645 τὸ
229 619 384 656 ἐμϐλέψας
395 623 557 658 τῷἸησοῦ,
577 626 730 663 βαθυτέρας
753 629 821 655 θεω-

16 663 287 711 ρίαςγάπήλλακται.
302 669 334 695 Εἰ
348 670 402 705 γὰρ
417 673 483 706 περὶ
501 674 662 708 σωματικῆς
678 674 742 707 θέας
754 676 821 711 ἡμῖν

16 709 170 756 διελέγετο,
189 711 266 740 εἶπεν
280 715 314 742 ἂν
328 716 429 751 μᾶλλον
443 718 598 753 ἐμσλέψ-ας
616 721 672 747 τὸν
685 709 819 756 Ἰησοῦν.

16 755 78 802 Νῦν
98 756 131 782 δὲ
155 759 188 793 τῇ
221 759 314 796 δοτικῇ
356 763 483 798 σημασίᾳ
517 765 694 800 χρησάμενος
722 767 820 802 νοητὴν

16 801 165 836 ἐδήλωσεν
181 805 288 840 ὅρασιν,
312 807 355 833 ἵνα
372 809 470 844 μηδ’ὲν
493 810 581 847 τούτῳ
608 811 663 839 τῶν
683 801 819 850 προφητιτ

16 849 77 895 κῶν
90 850 248 887 ἀπολειφθῇ
267 853 456 890 ἐκφαντοριῶν
466 864 474 871 ⁸
492 857 618 885 τοιαῦται
634 860 689 895 γὰρ
707 860 819 887 καὶτῶν

874 261 1000 295 dixisset,
1017 263 1089 297 quod
1109 272 1119 289 ι
1139 263 1234 292 Stabat
1249 264 1382 300 Joannes,
1401 275 1410 293 ι
1426 267 1490 301 quid
1506 276 1554 303 per
1570 274 1669 298 statum

873 307 1044 342 signiﬁcaret
1056 328 1063 341 ,
1080 309 1125 337 hic
1142 311 1225 337 tacite
1243 312 1444 346 quodammodo
1461 313 1670 348 interpretatur.

874 352 930 379 Hoc
945 354 1017 380 enim
1030 354 1118 388 ipsum
1137 357 1209 391 quod
1226 357 1294 384 dicit
1313 366 1321 384 :
1347 367 1356 383 ι
1373 358 1444 386 Ecce
1461 367 1545 395 agnus
1563 360 1628 394 Dei,
1653 372 1662 389 ι

874 396 976 426 indicio
988 403 1030 426 est
1047 398 1134 434 ipsum
1149 400 1176 426 in
1190 401 1282 435 priore
1298 404 1434 430 sententia
1451 404 1565 432 ﬁrmiter
1577 413 1665 434 stare.

881 443 930 470 llic
944 444 1075 479 siquidem
1097 445 1166 473 tollit
1180 453 1292 481 peccata
1309 449 1424 482 mundi,
1442 451 1487 484 qui
1512 450 1538 477 iu
1557 451 1667 486 Spiritu

875 494 902 516 et
917 489 972 525 igni
991 490 1124 525 haptizat.
1149 492 1203 520 Sed
1219 494 1292 521 enim
1311 494 1337 521 in
1353 494 1404 522 hoc
1418 503 1498 523 sensu
1513 499 1668 527 accuratius

872 537 1053 570 expendenda
1076 537 1195 565 libenter
1222 539 1410 567 immorentur.
1437 540 1523 568 Sicuti
1550 543 1624 570 enim
1651 552 1667 571 a

871 587 950 617 prato
966 581 1063 610 ﬂorum
1080 585 1224 617 varietate,
1239 589 1266 612 et
1283 586 1360 620 copia
1380 585 1482 614 referto
1500 595 1553 615 non
1565 589 1668 623 patitur

872 628 963 655 subito
978 629 1092 657 obtutus
1108 630 1206 663 averti,
1222 631 1261 658 sic
1274 638 1324 664 ego
1340 639 1464 667 campum
1480 635 1666 670 evangelicum

871 674 1128 709 circumspectans,
1160 676 1186 703 in
1218 676 1261 703 his
1287 677 1390 704 diutius
1416 678 1559 706 immorari
1593 681 1665 710 volo.

871 719 964 754 Neque
977 720 1049 747 enim
1065 721 1136 755 quod
1153 721 1190 748 ait
1221 721 1288 757 (95),
1305 722 1387 758 345
1413 723 1552 759 ἐμϐλέψας
1565 725 1664 760 Ἰησοῦ,

872 764 923 792 hoc
940 769 992 797 est,
1011 765 1152 800 respiciens
1166 766 1194 792 in
1212 764 1275 792 Iesu
1288 786 1295 798 ,
1312 767 1489 801 profundiore
1509 770 1666 797 considera-

872 810 946 838 tione
960 817 1050 839 vacnt.
1069 812 1097 838 Si
1113 812 1186 839 enim
1206 819 1368 846 corporeum
1390 813 1468 841 nobis
1483 814 1666 849 signiﬁcasset

871 863 1023 892 aspectum,
1033 857 1142 885 dixisset
1151 857 1239 892 potius
1253 857 1391 893 ἐμϐλέψας
1398 857 1437 894 τῷ
1446 859 1601 894 Ἰησοῦ,Ιιο‹ι
1612 865 1663 893 est,

16 894 182 929 βλεπόντων
194 899 345 934 προφητῶν
355 901 384 927 αἰ
398 901 509 937 ὁράσεις
524 894 684 939 ἐτύγχανονζ
704 906 789 941 Ἐμῦλ

886 903 1028 937 lespiciens
1044 902 1157 936 Jesum;
1184 911 1256 931 nunc
1272 910 1363 931 autem
1392 905 1591 940 signiﬁcatione
1614 906 1666 933 da-

16 943 72 977 ψας
90 941 142 970 οὖν
157 944 196 980 τῷ
211 945 241 972 ὲν
259 945 299 981 τῷ
329 946 436 982 σώματι
462 948 509 975 τοῦ
540 949 641 985 Ἰησοῦ,
675 951 817 988 ἀφύρτως,

16 991 67 1016 καὶ
83 991 262 1026 ἀσυγχύτως,
271 992 319 1020 καὶ
334 994 497 1030 ἀχωρίστως
505 996 634 1024 ἑνωθέντι
648 997 728 1034 Λόγῳ
737 998 816 1033 Θεοῦ,

16 1037 65 1063 καὶ
85 1037 132 1064 τὸν
151 1038 199 1064 ἕνα
217 1040 249 1074 τῇ
267 1039 611 1078 ὺποστάσειλκατανοήσας
627 1045 660 1080 τῇ
673 1045 754 1079 φύσει
777 1046 818 1072 δι-

17 1083 119 1117 πλοῦν,
135 1083 185 1119 τὴν
200 1084 363 1122 θεολογικὴν
390 1088 481 1123 ἀφῆκε
516 1090 620 1126 φωνὴν,
641 1091 672 1117 τὸ
697 1092 817 1127 ἑκάστης

16 1129 133 1163 φύσεως
148 1130 340 1167 θεσπιωδήσας
356 1135 527 1170 κατάλληλον
541 1145 549 1152 ·
585 1146 594 1163 ι
613 1137 666 1164 Ἴδε
682 1139 695 1165 δ
716 1139 816 1174 Ἀμνὺς

16 1176 64 1202 τοῦ
73 1176 155 1209 Θεοῦ,
168 1178 276 1214 ὸαῐρων
290 1180 340 1215 τὴν
356 1181 496 1217 ἁμαρτίαν
510 1183 556 1210 τοῦ
574 1183 689 1219 κόσμου.
708 1195 717 1211 ι
735 1185 816 1222 Ὁρᾷς

16 1223 64 1249 τοῦ
86 1224 151 1255 ἑνὸς
168 1225 289 1260 Χριστοῦ
307 1227 338 1252 τὸ
366 1227 421 1254 τῶν
440 1228 488 1254 δύο
512 1229 621 1263 φύσεων
665 1229 815 1265 σύνθετον;

22 1269 127 1303 Ἀμνὸν
144 1269 230 1296 εἰπὼν
244 1271 292 1297 τοῦ
309 1271 378 1299 Θεοῦ
402 1273 530 1308 ἐμφαίνει
558 1275 589 1301 τὸ
616 1275 788 1312 πρόσλημμα
806 1284 814 1292 ο

16 1315 62 1341 τὸν
76 1315 185 1342 ἄκακον
203 1317 287 1349 ὄντως
315 1318 412 1353 ἀμνὸν,
430 1319 476 1346 τὸν
502 1320 573 1355 ὑπὲρ
596 1322 676 1357 ἡμῶν
698 1323 815 1358 ἀχθέντα

16 1362 57 1392 ei;
69 1362 201 1390 Θάνατον.
212 1363 271 1390 Ἵνα
296 1363 325 1390 δὲ
353 1365 391 1399 μὴ
418 1364 496 1400 ψιλὸν
525 1366 671 1402 ἄνθρωπον
698 1369 814 1406 νομίσῃς

16 1409 128 1434 τουτονὶ
143 1410 190 1436 τὸν
206 1410 304 1444 ἀμνὸν,
321 1412 488 1448 προστίθησι
511 1414 585 1447 μάλα
598 1415 720 1450 γοργῶς,
745 1425 754 1442 ι
782 1417 812 1443 'O

17 1453 106 1488 αἴρων
120 1455 172 1489 τὴν
188 1455 328 1491 ἁμαρτίαν
352 1457 400 1484 τοῦ
424 1458 528 1493 κόσμου
544 1468 551 1475 ·
568 1469 577 1486 ›
595 1461 674 1487 τοῦτο
702 1461 758 1497 γὰρ
774 1462 814 1497 τῷ

16 1500 147 1535 προτέρῳ
166 1502 285 1537 συνῆψεν
298 1503 434 1539 ὄπερὲστὶ
443 1504 595 1541 δηλωτικὸν
608 1508 658 1543 τῆς
671 1507 810 1543 θεότητος.

16 1545 130 1599 Ἀνάῖει
145 1547 178 1599 ss
188 1548 223 1574 δι’
238 1550 405 1585 ἀμφοτέρων
420 1551 461 1583 εἰς
477 1551 527 1586 τὴν
545 1549 592 1579 τοῦ
614 1553 727 1581 Ἡσαΐου
742 1564 810 1591 προ·
825 1567 848 1599 c

16 1592 137 1635 φητείαν
152 1592 318 1621 τὸν.ὲπαΐειν
330 1595 481 1631 δυνάμενον
499 1599 641 1634 μονονουχὶ
655 1599 811 1635 κεκραγώςο

17 1634 104 1671 οὗτός
116 1640 176 1666 ὲστι
187 1640 253 1676 περὶ
268 1641 300 1668 οῦ
317 1641 434 1674 Ἡσαΐας
452 1644 546 1679 φησὶν,
573 1653 582 1670 ι
599 1645 644 1677 Ὧς
675 1634 813 1681 πρόϐατον

16 1683 62 1710 ἐπὶ
75 1685 188 1721 σφαγὴν
202 1686 285 1722 ἢχθη,
296 1688 344 1714 καὶ
352 1688 390 1719 ὠς
402 1687 488 1723 ἀμνὸς
504 1689 628 1716 ἐναντίον
638 1689 685 1717 τοῦ
704 1691 812 1726 κείρον-

16 1738 61 1760 τος
92 1731 190 1759 αὐτόν.
211 1733 296 1764 Δὺτδς
312 1733 362 1765 τὰς
382 1734 498 1770 ἀνομίας
510 1735 589 1770 ἡμῶν
603 1736 750 1769 ὲδάστασε,
765 1737 813 1764 καὶ

16 1775 56 1810 τῷ
72 1777 190 1813 μώλωπι
204 1778 286 1805 αὑτοῦ
302 1780 384 1816 ἡμεῖς
399 1781 544 1818 ίάθημεν.»

871 947 919 975 tivi
938 956 1013 979 usus,
1033 948 1204 983 spiritualem
1219 949 1352 977 indicavit
1368 950 1496 977 intuitum
1507 971 1514 983 ,
1532 956 1561 978 ut
1577 959 1665 987 neque

870 993 915 1021 hic
944 994 1165 1028 propheticarum
1203 996 1403 1024 revelationum
1437 1004 1536 1032 expers
1567 997 1662 1026 fuerit.

869 1039 1029 1075 Hujusmodi
1050 1041 1122 1068 enim
1146 1041 1296 1069 videntium
1322 1043 1516 1077 prophetarum
1543 1045 1663 1073 visiones

869 1093 957 1115 erant.
980 1087 1047 1115 Cum
1070 1088 1153 1124 igitur
1177 1090 1317 1124 conjectus
1341 1094 1414 1118 esset
1429 1090 1489 1125 ejus
1506 1091 1617 1118 obtutus
1636 1092 1662 1119 in

867 1133 931 1161 Jesu
957 1142 1057 1169 corpus
1073 1155 1081 1168 ,
1107 1136 1178 1170 quod
1204 1135 1263 1163 sine
1289 1136 1480 1164 commistione
1501 1137 1579 1172 (9i),
1604 1138 1663 1165 sine

867 1179 1028 1207 confusione
1044 1200 1051 1212 ,
1072 1180 1131 1207 sine
1150 1180 1282 1208 divisione
1303 1181 1351 1208 Dei
1370 1182 1452 1209 verbo
1466 1188 1525 1209 erat
1545 1183 1660 1217 unitum,

867 1230 894 1253 et
912 1233 996 1252 unum
1020 1226 1047 1253 in
1064 1226 1202 1261 hypostasi
1223 1227 1387 1262 intelligeret
1407 1235 1483 1260 eum,
1500 1228 1547 1263 qui
1564 1234 1661 1257 natura

867 1268 967 1307 duplex
984 1279 1056 1306 erat,
1077 1281 1170 1301 vocem
1197 1274 1269 1301 illam
1285 1275 1376 1303 divina
1403 1275 1524 1303 doctrina
1552 1277 1660 1311 plenam

866 1317 969 1350 emisit,
979 1325 1031 1353 qua
1040 1319 1104 1352 quid
1120 1323 1193 1346 esset
1204 1319 1349 1354 unicuique
1365 1325 1470 1347 naturae
1484 1321 1660 1355 conveniens,

869 1362 962 1390 divino
976 1363 1088 1391 oraculo
1106 1364 1226 1393 cecinit:
1247 1377 1257 1391 ι
1275 1364 1345 1392 Ecce
1357 1373 1444 1399 agnus
1458 1365 1516 1399 Dei,
1533 1367 1578 1401 qui
1594 1368 1661 1395 tollit

866 1412 1008 1442 peccatum
1026 1408 1130 1437 mundi.
1149 1418 1159 1435 ι
1187 1408 1271 1437 Vides
1290 1410 1316 1436 in
1344 1417 1396 1436 uno
1413 1410 1523 1438 Christo
1546 1412 1660 1439 duarum

867 1457 1029 1481 naturarum
1054 1453 1291 1488 compositionem.
1309 1455 1376 1482 Cum
1395 1455 1462 1482 dicit
1479 1464 1580 1490 agnum
1600 1457 1659 1489 Dei,

865 1507 1033 1536 assumptam
1052 1501 1249 1528 humanitatem
1276 1502 1417 1534 ostendit,
1443 1510 1543 1537 agnum
1565 1511 1660 1532 revera

865 1545 1037 1573 innocentem
1051 1553 1099 1581 pro
1116 1547 1194 1574 nobis
1210 1546 1323 1574 ductum
1339 1546 1374 1574 ad
1397 1552 1524 1575 mortem.
1539 1547 1578 1575 Ne
1595 1556 1660 1576 vero

867 1599 966 1626 purum
981 1592 1118 1619 hominem
1131 1591 1204 1620 hunc
1222 1600 1321 1627 agnum
1334 1593 1517 1626 existimares,
1534 1595 1659 1628 protinus

866 1637 970 1665 addidit
984 1647 990 1666 :
1010 1647 1020 1664 ι
1037 1638 1088 1672 Qui
1103 1638 1172 1666 tollit
1188 1644 1330 1674 peccatum
1345 1640 1457 1673 mutuli;
1478 1649 1488 1666 ι
1510 1641 1561 1667 hoc
1574 1641 1658 1675 enim,

865 1685 938 1720 quod
961 1690 1003 1713 est
1030 1685 1184 1713 divinitatis
1212 1686 1340 1714 indicium
1356 1706 1363 1719 ,
1387 1687 1472 1721 priori
1498 1686 1657 1714 connexuit.

864 1731 917 1759 Per
934 1737 1081 1766 utrumque
1106 1739 1173 1759 vero
1197 1732 1299 1760 dictum
1326 1732 1359 1760 ad
1386 1732 1462 1760 Isaiae
1485 1731 1657 1767 prophetiam

866 1793 984 1815 mentem
997 1787 1057 1822 ejus
1068 1787 1200 1821 traducit,
1216 1788 1263 1822 qui
1281 1788 1378 1816 audire
1392 1788 1489 1823 posm,
1506 1789 1587 1816 modo
1602 1796 1656 1816 non

16 1825 138 1854 clamans
153 1835 160 1854 :
179 1826 228 1854 llic
243 1828 330 1855 estde
341 1835 394 1863 quo
408 1829 494 1857 Isaias
508 1830 575 1857 dicit
591 1839 597 1858 :
617 1839 626 1857 ι
648 1831 683 1859 Ut
696 1833 756 1861 ovis
776 1833 808 1861 ad
829 1835 994 1861 occisionem
1012 1834 1111 1861 ductus
1125 1838 1178 1868 est,
1196 1838 1222 1862 et
1236 1839 1266 1862 ut
1282 1842 1368 1870 agnus
1401 1843 1495 1874 coram
1528 1837 1657 1864 tondente

16 1879 51 1900 se.
72 1872 135 1906 Ipse
148 1873 304 1908 iniquitates
320 1879 427 1902 nostras
442 1878 576 1911 portavit,
589 1882 617 1905 et
633 1878 718 1906 livore
742 1879 801 1914 ejus
822 1881 914 1909 sanati
930 1888 1024 1907 sumus
1037 1880 1071 1908 ".
1094 1889 1105 1906 ι

53 1919 137 1946 ’Δλλά
151 1927 185 1954 με
197 1920 374 1956 παρέδραμεν
391 1922 581 1955 ἀνεξέταστον,
600 1923 658 1956 πῶς
682 1924 728 1952 τὸν
745 1925 798 1960 μὲν

21 1965 148 2002 Ἰωάννην
161 1967 272 1993 ὲστᾶναί
288 1976 364 2002 φησι,
380 1970 543 2004 περιπατεῖν
567 1969 596 1996 δὲ
617 1970 663 1998 τὸν
687 1971 804 2006 Ἰησοῦν.

17 2021 27 2038 ι
46 2013 175 2049 Είστὴκει
204 2014 270 2050 γὰρ,
290 2016 383 2050 φησὶν,
400 2017 414 2042 ὁ
436 2016 575 2052 Ἰωάννης,
597 2018 646 2045 καὶ
666 2019 806 2055 ἐμϐλέψας

16 2058 51 2093 τῷ
72 2059 160 2094 Ἰησοῦ
177 2061 385 2096 περιπατοῦντι.
405 2071 414 2088 ›
433 2061 468 2089 Ἀ
476 2071 511 2098 ρα
530 2063 584 2099 γὰρ
600 2064 630 2091 οὐ
639 2064 714 2092 δοκεῖ
725 2066 805 2094 τοῦτο

16 2104 60 2130 καὶ
75 2104 142 2140 ὑμῖν
160 2105 235 2138 ἄξιον
251 2107 424 2142 ἐξετάσεως;
441 2109 510 2145 Φέρε
523 2109 556 2145 δη
571 2111 699 2148 καθάπερ
712 2112 805 2148 ἀφυὴς

16 2148 152 2186 θεριστὴς,
168 2151 199 2178 τὸ
215 2153 372 2189 παροραθὲν
385 2155 595 2190 καλαμήσομαι.
612 2156 644 2184 Ἦ
655 2157 703 2184 τοῦ
713 2157 805 2186 Ἰωάν-

16 2203 57 2221 νου
75 2197 180 2231 στάσις,
188 2198 284 2235 ἐδήλου
298 2200 359 2234 μὲν,
375 2201 412 2232 ὡς
423 2200 505 2238 ἔφην,
518 2201 565 2229 καὶ
576 2202 627 2237 τῆς
634 2204 805 2240 προφητείας

50 2288 71 2303 ⁵·
91 2288 143 2316 lsa.
165 2296 231 2326 Lm,
250 2290 302 2319 45.

897 1927 950 1955 Sed
963 1927 1027 1954 illud
1045 1934 1088 1954 me
1108 1934 1162 1955 non
1175 1926 1330 1955 discussum
1354 1927 1497 1962 prmteriit,
1509 1924 1654 1963 qua'csusa

858 1973 989 2002 Joannem
1007 1973 1117 2008 quidem
1140 1974 1262 2007 stetisse,
1277 1973 1370 2002 Iesum
1392 1982 1457 2002 vero
1472 1976 1572 2002 dixerit
1589 1983 1650 2002 am-

859 2020 986 2047 bulasse:
1007 2029 1017 2046 ι
1033 2020 1127 2051 Stabat
1140 2020 1214 2048 enim
1228 2021 1268 2048 ait
1286 2019 1415 2054 Joannes,
1444 2025 1472 2048 et
1498 2021 1652 2056 respiciens

859 2065 951 2094 Iesum
974 2066 1169 2094 ambulantem.
1188 2075 1198 2092 ι
1229 2067 1270 2093 An
1289 2066 1341 2094 hoc
1363 2067 1440 2094 vobis
1458 2067 1570 2102 dignum
1597 2075 1649 2095 non

858 2113 966 2140 videtur
991 2113 1064 2148 quod
1099 2112 1309 2148 expendamus?
1346 2112 1402 2147 Age
1430 2112 1486 2148 jam
1519 2116 1650 2147 tanquam

860 2158 968 2194 ineptus
984 2165 1101 2191 messor,
1122 2159 1256 2186 demetam
1280 2158 1352 2193 quod
1369 2157 1584 2193 prmtermissum
1596 2163 1648 2185 est.

859 2205 974 2233 Joannis
990 2209 1079 2234 status
1101 2205 1250 2240 prophetiae
1266 2206 1425 2241 ﬁrmitatem
1456 2204 1605 2239 indicabat,
1622 2209 1650 2232 ut

630 2336 795 2368 Francisci
810 2338 916 2369 Scorsi
935 2343 1031 2371 notae.

48 2399 102 2433 (92)
123 2398 200 2431 Quod
215 2398 389 2437 speculationi
407 2401 504 2437 nostra:
517 2396 635 2437 ‘historia
650 2402 791 2437 consonat.
809 2402 832 2431 υ
847 2398 1124 2437 ςῐιηριξοίιετννοηίεε
1142 2400 1177 2428 Ει
1206 2402 1348 2435 respiciens
1368 2402 1470 2429 Iesum.
1489 2402 1527 2437 [5.x
1545 2402 1646 2437 quibus

16 2430 117 2460 lta'hoc
134 2430 192 2460 loco
209 2430 314 2460 traduxi
332 2440 423 2460 vocem
440 2432 557 2466 θεωρίαν
580 2441 587 2459 :
609 2432 657 2459 sed
680 2438 706 2458 et
732 2433 793 2459 aliis

16 2468 73 2494 alibi
87 2469 176 2495 verbis
189 2469 310 2496 eamdem
326 2476 394 2501 rem,
405 2467 509 2502 θεωρία
523 2467 622 2502 quippe
638 2468 713 2502 παρὰ
726 2467 795 2494 θεω-

17 2504 78 2534 ρεῖν,
89 2503 270 2537 contemplari,
279 2503 420 2536 specufnn',
432 2505 502 2529 unde
515 2510 624 2529 sensum
637 2505 791 2538 mysticum,

16 2538 69 2564 sive
84 2539 275 2573 tropologicum:
295 2537 717 2574 Detupiaviappcllalllichoster
732 2538 792 2571 plu-

16 2573 91 2599 ﬁculis
107 2572 199 2606 locisf
221 2575 338 2607 itemque
352 2572 397 2599 alii
415 2573 520 2600 Patres.
545 2572 622 2606 Apud
648 2573 678 2599 Ι).
695 2572 787 2599 Hiero~

16 2613 118 2640 nymum
137 2610 277 2635 observavi
297 2608 439 2642 allegorias
456 2615 540 2634 sacra:
556 2607 705 2641 Scriptura;
721 2608 788 2642 θεῳ-

18 2642 73 2673 ρίας
95 2644 194 2670 vocari.
213 2643 251 2670 Ita
281 2643 363 2669 etiam
381 2643 633 2669 animadversiones
650 2647 677 2668 et
692 2643 788 2670 obser-

16 2677 129 2712 vationes
145 2680 216 2712 ipsas
232 2678 350 2712 θεωρίας
363 2678 491 2712 appellari
515 2683 589 2704 notat
608 2678 738 2710 Lacerda,
759 2678 786 2704 iu

16 2709 258 2746 Aureum-(sacris,
283 2709 315 2739 ex
332 2709 464 2745 Blesensi,
485 2719 544 2746 cap.
571 2712 614 2739 75.
644 2712 698 2739 Sed
731 2714 787 2740 haec

16 2750 100 2778 aperta
120 2754 180 2774 sum
199 2748 292 2775 Gre-ce
306 2748 419 2778 Scienti;
436 2748 545 2774 fuerunt
561 2752 651 2774 tamen
667 2747 788 2775 breviter

16 2785 27 2804 a
42 2788 85 2818 me
96 2783 280 2818 signiﬁcanda,
297 2789 326 2809 ut
343 2785 469 2818 omnibus
485 2783 562 2818 ﬁeret
583 2783 660 2818 satis.

46 2816 98 2853 {93)
119 2816 208 2853 Neque
222 2819 290 2844 enim
308 2817 377 2852 quod
394 2818 443 2849 ait,
459 2823 512 2853 etc.
532 2817 594 2845 Haec
612 2817 789 2853 Theophanis

17 2847 107 2884 θεωρία
118 2847 262 2880 admodum
273 2847 358 2887 pia'ex
371 2847 461 2879 verbis
470 2852 574 2880 Graecis
586 2847 695 2880 exsistit
705 2852 786 2879 Jnan.

16 2887 102 2913 Ιικαὶ
119 2888 262 2923 ’ἐμῆλέψας
284 2888 323 2924 τῷ
344 2888 443 2923 Ἰησοῦ.
468 2887 533 2921 Qua:
566 2894 660 2917 uoster
684 2889 785 2923 interp.

849 2432 956 2471 Latinis
976 2436 1068 2471 nullus
1096 2432 1272 2470 Theophanis
1297 2444 1395 2464 sensus
1418 2442 1470 2464 est.
1490 2432 1584 2471 Itaque
1613 2439 1642 2465 iu

850 2470 976 2507 versione
993 2469 1090 2507 Latina
1108 2469 1225 2507 apposui
1249 2473 1332 2499 etiam
1350 2472 1446 2500 Graeca
1465 2479 1527 2498 cum
1540 2469 1644 2500 ‘inter-

848 2505 1003 2539 pretatione
1034 2504 1222 2534 Latina—illis
1258 2513 1462 2539 consentanea;
1501 2511 1529 2533 ut
1560 2507 1647 2535 lector

843 2537 1095 2577 Griecisennonis
1121 2543 1233 2577 ignarus
1259 2544 1353 2570 statim
1380 2537 1500 2575 vim,'et
1525 2548 1643 2570 mentem

841 2575 963 2601 auctoris
976 2575 1205 2608 deprehendEret.

876 2609 932 2644 (94)
952 2611 1027 2647 Quod
1043 2612 1100 2639 sine
1128 2613 1319 2641 commistione.
1337 2612 1410 2640 Satis
1433 2612 1595 2647 lheologice,
1613 2618 1643 2640 et

838 2644 918 2682 plane
933 2646 1095 2674 scholastice
1109 2647 1229 2682 loquitur
1246 2648 1290 2675 hic
1303 2648 1392 2680 Pater,
1404 2653 1432 2674 ut
1444 2655 1516 2681 smpe
1525 2644 1599 2675 alias
1612 2649 1640 2676 in

839 2680 1118 2718 liiscemserI-npuibus,
1137 2680 1171 2710 de
1202 2683 1333 2710 iuetfabili
1369 2680 1504 2718 mysterio
1533 2684 1643 2710 unionis

838 2715 922 2742 divini
932 2715 1011 2752 verbi
1023 2723 1083 2743 cum
1095 2717 1211 2745 humana
1225 2724 1332 2751 natura;
1345 2715 1487 2752 etquidem
1499 2717 1542 2744 hic
1553 2717 1641 2752 ἀφύρ-

837 2759 902 2788 τως,
925 2751 971 2777 καὶ
999 2751 1171 2786 ἁσυγχύτως,
1193 2753 1240 2779 καὶ
1268 2751 1430 2788 ἀχωρίστίως
1450 2761 1509 2779 eam
1542 2751 1639 2780 iactam

838 2786 967 2812 unionem
985 2787 1061 2822 dicit,
1083 2795 1197 2822 quarum
1216 2790 1268 2815 duo
1287 2786 1426 2822 poetrema
1443 2787 1553 2814 nomina
1577 2793 1640 2814 sunt

839 2827 871 2858 ex
886 2828 964 2858 conc.
978 2821 1106 2858 Chalced.
1125 2828 1178 2850 act.
1196 2822 1223 2850 6.
1234 2821 1335 2850 Locum
1352 2823 1411 2850 vide
1428 2823 1540 2850 relatum
1556 2829 1639 2858 snpra

842 2856 916 2886 llout.
930 2856 976 2890 48,
992 2862 1050 2884 not.
1068 2857 1113 2885 00.
