  <div class='ocr_page' id='page_1' title='image "/cluster/home/n/w/nwhite01/storage/ocr_20150623/132/njp.32101077773081/491.png"; bbox 0 0 1875 3055; ppageno 0'>
   <div class='ocr_carea' id='block_1_1' title="bbox 210 147 266 179">
    <p class='ocr_par' dir='ltr' id='par_1_1' title="bbox 210 147 266 179">
     <span class='ocr_line' id='line_1_1' title="bbox 210 147 266 179; baseline -0.018 0"><span class='ocrx_word' id='word_1_1' title='bbox 210 147 266 179; x_wconf 83' lang='lat'><strong>903</strong></span> 
     </span>
    </p>
   </div>
   <div class='ocr_carea' id='block_1_2' title="bbox 212 191 1032 234">
    <p class='ocr_par' dir='ltr' id='par_1_2' title="bbox 212 191 1032 234">
     <span class='ocr_line' id='line_1_2' title="bbox 212 191 1032 234; baseline -0.016 -3"><span class='ocrx_word' id='word_1_2' title='bbox 212 202 286 232; x_wconf 78' lang='lat' dir='ltr'><strong>dixi:</strong></span> <span class='ocrx_word' id='word_1_3' title='bbox 308 201 397 234; x_wconf 85' lang='lat' dir='ltr'><strong>imago</strong></span> <span class='ocrx_word' id='word_1_4' title='bbox 411 205 475 226; x_wconf 86' lang='lat' dir='ltr'><strong>vero</strong></span> <span class='ocrx_word' id='word_1_5' title='bbox 499 197 582 224; x_wconf 82' lang='lat' dir='ltr'><strong>etiam</strong></span> <span class='ocrx_word' id='word_1_6' title='bbox 607 200 667 223; x_wconf 87' lang='lat' dir='ltr'><strong>erat</strong></span> <span class='ocrx_word' id='word_1_7' title='bbox 691 193 862 226; x_wconf 72' lang='lat' dir='ltr'><strong>cessationis,</strong></span> <span class='ocrx_word' id='word_1_8' title='bbox 887 197 914 220; x_wconf 84' lang='lat' dir='ltr'><strong>et</strong></span> <span class='ocrx_word' id='word_1_9' title='bbox 934 191 995 219; x_wconf 82' lang='lat' dir='ltr'><strong>fluis</strong></span> <span class='ocrx_word' id='word_1_10' title='bbox 1009 194 1032 223; x_wconf 61' lang='lat' dir='ltr'><strong>it,</strong></span> 
     </span>
    </p>
   </div>
   <div class='ocr_carea' id='block_1_3' title="bbox 211 239 995 282">
    <p class='ocr_par' dir='ltr' id='par_1_3' title="bbox 211 239 995 282">
     <span class='ocr_line' id='line_1_3' title="bbox 211 239 995 282; baseline -0.015 -6"><span class='ocrx_word' id='word_1_11' title='bbox 211 248 287 282; x_wconf 82' lang='lat' dir='ltr'><strong>legis.</strong></span> <span class='ocrx_word' id='word_1_12' title='bbox 317 244 472 272; x_wconf 84' lang='lat' dir='ltr'><strong>Ambulatio</strong></span> <span class='ocrx_word' id='word_1_13' title='bbox 500 249 564 269; x_wconf 91' lang='lat' dir='ltr'><strong>vero</strong></span> <span class='ocrx_word' id='word_1_14' title='bbox 583 240 645 268; x_wconf 84' lang='lat' dir='ltr'><strong>Jcsu</strong></span> <span class='ocrx_word' id='word_1_15' title='bbox 661 239 860 276; x_wconf 66' lang='lat' dir='ltr'><strong>praedicationis</strong></span> <span class='ocrx_word' id='word_1_16' title='bbox 875 244 995 272; x_wconf 79' lang='lat' dir='ltr'><strong>evange-</strong></span> 
     </span>
    </p>
   </div>
   <div class='ocr_carea' id='block_1_4' title="bbox 212 284 996 327">
    <p class='ocr_par' dir='ltr' id='par_1_4' title="bbox 212 284 996 327">
     <span class='ocr_line' id='line_1_4' title="bbox 212 284 996 327; baseline -0.017 -5"><span class='ocrx_word' id='word_1_17' title='bbox 212 295 271 322; x_wconf 67' lang='lat' dir='ltr'><strong>lica:</strong></span> <span class='ocrx_word' id='word_1_18' title='bbox 295 291 428 327; x_wconf 83' lang='lat' dir='ltr'><strong>ﬁgurabat</strong></span> <span class='ocrx_word' id='word_1_19' title='bbox 451 293 574 316; x_wconf 85' lang='lat' dir='ltr'><strong>motum:</strong></span> <span class='ocrx_word' id='word_1_20' title='bbox 605 294 665 322; x_wconf 72' lang='lat' dir='ltr'><strong>quze</strong></span> <span class='ocrx_word' id='word_1_21' title='bbox 688 285 722 313; x_wconf 88' lang='lat' dir='ltr'><strong>ab</strong></span> <span class='ocrx_word' id='word_1_22' title='bbox 744 285 829 320; x_wconf 81' lang='lat' dir='ltr'><strong>ipsius</strong></span> <span class='ocrx_word' id='word_1_23' title='bbox 859 284 996 319; x_wconf 83' lang='lat' dir='ltr'><strong>baptismo</strong></span> 
     </span>
    </p>
   </div>
   <div class='ocr_carea' id='block_1_5' title="bbox 211 330 988 373">
    <p class='ocr_par' dir='ltr' id='par_1_5' title="bbox 211 330 988 373">
     <span class='ocr_line' id='line_1_5' title="bbox 211 330 988 373; baseline -0.014 -7"><span class='ocrx_word' id='word_1_24' title='bbox 211 339 326 373; x_wconf 83' lang='lat' dir='ltr'><strong>sumpsit</strong></span> <span class='ocrx_word' id='word_1_25' title='bbox 340 336 456 364; x_wconf 89' lang='lat' dir='ltr'><strong>initium.</strong></span> <span class='ocrx_word' id='word_1_26' title='bbox 484 334 529 363; x_wconf 85' lang='lat' dir='ltr'><strong>Sic</strong></span> <span class='ocrx_word' id='word_1_27' title='bbox 543 334 614 361; x_wconf 84' lang='lat' dir='ltr'><strong>enim</strong></span> <span class='ocrx_word' id='word_1_28' title='bbox 635 332 717 360; x_wconf 88' lang='lat' dir='ltr'><strong>etiam</strong></span> <span class='ocrx_word' id='word_1_29' title='bbox 732 331 879 359; x_wconf 85' lang='lat' dir='ltr'><strong>secundum</strong></span> <span class='ocrx_word' id='word_1_30' title='bbox 898 330 988 356; x_wconf 90' lang='lat' dir='ltr'><strong>histo-</strong></span> 
     </span>
    </p>
   </div>
   <div class='ocr_carea' id='block_1_6' title="bbox 213 374 997 417">
    <p class='ocr_par' dir='ltr' id='par_1_6' title="bbox 213 374 997 417">
     <span class='ocr_line' id='line_1_6' title="bbox 213 374 997 417; baseline -0.015 -5"><span class='ocrx_word' id='word_1_31' title='bbox 213 385 280 412; x_wconf 84' lang='lat' dir='ltr'><strong>riam</strong></span> <span class='ocrx_word' id='word_1_32' title='bbox 301 386 361 417; x_wconf 88' lang='lat' dir='ltr'><strong>post</strong></span> <span class='ocrx_word' id='word_1_33' title='bbox 387 380 547 414; x_wconf 77' lang='lat' dir='ltr'><strong>baptismum</strong></span> <span class='ocrx_word' id='word_1_34' title='bbox 577 377 644 405; x_wconf 88' lang='lat' dir='ltr'><strong>vidit</strong></span> <span class='ocrx_word' id='word_1_35' title='bbox 664 376 784 403; x_wconf 79' lang='lat' dir='ltr'><strong>Joannes</strong></span> <span class='ocrx_word' id='word_1_36' title='bbox 815 374 997 402; x_wconf 75' lang='lat' dir='ltr'><strong>ambulantem</strong></span> 
     </span>
    </p>
   </div>
   <div class='ocr_carea' id='block_1_7' title="bbox 212 419 996 462">
    <p class='ocr_par' dir='ltr' id='par_1_7' title="bbox 212 419 996 462">
     <span class='ocr_line' id='line_1_7' title="bbox 212 419 996 462; baseline -0.018 -4"><span class='ocrx_word' id='word_1_37' title='bbox 212 432 325 462; x_wconf 83' lang='lat' dir='ltr'><strong>Jesum;</strong></span> <span class='ocrx_word' id='word_1_38' title='bbox 344 428 446 454; x_wconf 89' lang='lat' dir='ltr'><strong>inducit</strong></span> <span class='ocrx_word' id='word_1_39' title='bbox 463 432 528 452; x_wconf 86' lang='lat' dir='ltr'><strong>vero</strong></span> <span class='ocrx_word' id='word_1_40' title='bbox 553 431 596 451; x_wconf 91' lang='lat' dir='ltr'><strong>me</strong></span> <span class='ocrx_word' id='word_1_41' title='bbox 612 423 639 450; x_wconf 94' lang='lat' dir='ltr'><strong>in</strong></span> <span class='ocrx_word' id='word_1_42' title='bbox 667 423 739 450; x_wconf 87' lang='lat' dir='ltr'><strong>hunc</strong></span> <span class='ocrx_word' id='word_1_43' title='bbox 753 420 920 448; x_wconf 87' lang='lat' dir='ltr'><strong>intellectum</strong></span> <span class='ocrx_word' id='word_1_44' title='bbox 942 419 996 445; x_wconf 87' lang='lat' dir='ltr'><strong>Ba-</strong></span> 
     </span>
    </p>
   </div>
   <div class='ocr_carea' id='block_1_8' title="bbox 215 465 999 513">
    <p class='ocr_par' dir='ltr' id='par_1_8' title="bbox 215 465 999 513">
     <span class='ocr_line' id='line_1_8' title="bbox 215 465 999 513; baseline -0.017 -9"><span class='ocrx_word' id='word_1_45' title='bbox 215 477 304 513; x_wconf 71' lang='lat' dir='ltr'><strong>ptislte</strong></span> <span class='ocrx_word' id='word_1_46' title='bbox 320 475 406 509; x_wconf 88' lang='lat' dir='ltr'><strong>ipsius</strong></span> <span class='ocrx_word' id='word_1_47' title='bbox 436 471 589 501; x_wconf 82' lang='lat' dir='ltr'><strong>oraculum,</strong></span> <span class='ocrx_word' id='word_1_48' title='bbox 606 469 712 496; x_wconf 84' lang='lat' dir='ltr'><strong>dixerat</strong></span> <span class='ocrx_word' id='word_1_49' title='bbox 741 467 813 495; x_wconf 87' lang='lat' dir='ltr'><strong>enim</strong></span> <span class='ocrx_word' id='word_1_50' title='bbox 840 465 999 500; x_wconf 81' lang='lat' dir='ltr'><strong>prophetico</strong></span> 
     </span>
    </p>
   </div>
   <div class='ocr_carea' id='block_1_9' title="bbox 213 513 998 557">
    <p class='ocr_par' dir='ltr' id='par_1_9' title="bbox 213 513 998 557">
     <span class='ocr_line' id='line_1_9' title="bbox 213 513 998 557; baseline -0.015 -8"><span class='ocrx_word' id='word_1_51' title='bbox 213 521 311 557; x_wconf 81' lang='lat' dir='ltr'><strong>spiritu</strong></span> <span class='ocrx_word' id='word_1_52' title='bbox 337 520 370 547; x_wconf 90' lang='lat' dir='ltr'><strong>de</strong></span> <span class='ocrx_word' id='word_1_53' title='bbox 397 518 526 545; x_wconf 85' lang='lat' dir='ltr'><strong>Christo:</strong></span> <span class='ocrx_word' id='word_1_54' title='bbox 549 525 558 541; x_wconf 79' lang='grc' dir='ltr'>ι</span> <span class='ocrx_word' id='word_1_55' title='bbox 575 514 626 548; x_wconf 86' lang='lat' dir='ltr'><strong>Qui</strong></span> <span class='ocrx_word' id='word_1_56' title='bbox 655 513 736 541; x_wconf 81' lang='lat' dir='ltr'><strong>habet</strong></span> <span class='ocrx_word' id='word_1_57' title='bbox 761 519 898 547; x_wconf 84' lang='lat' dir='ltr'><strong>sponsam,</strong></span> <span class='ocrx_word' id='word_1_58' title='bbox 914 518 998 546; x_wconf 85' lang='lat' dir='ltr'><strong>spon-</strong></span> 
     </span>
    </p>
   </div>
   <div class='ocr_carea' id='block_1_10' title="bbox 213 557 1001 596">
    <p class='ocr_par' dir='ltr' id='par_1_10' title="bbox 213 557 1001 596">
     <span class='ocr_line' id='line_1_10' title="bbox 213 557 1001 596; baseline -0.018 0"><span class='ocrx_word' id='word_1_59' title='bbox 213 575 260 596; x_wconf 89' lang='lat' dir='ltr'><strong>sus</strong></span> <span class='ocrx_word' id='word_1_60' title='bbox 276 571 338 594; x_wconf 85' lang='lat' dir='ltr'><strong>est:</strong></span> <span class='ocrx_word' id='word_1_61' title='bbox 356 564 461 591; x_wconf 89' lang='lat' dir='ltr'><strong>amicus</strong></span> <span class='ocrx_word' id='word_1_62' title='bbox 489 567 578 590; x_wconf 85' lang='lat' dir='ltr'><strong>autem</strong></span> <span class='ocrx_word' id='word_1_63' title='bbox 593 560 697 594; x_wconf 84' lang='lat' dir='ltr'><strong>sponsi,</strong></span> <span class='ocrx_word' id='word_1_64' title='bbox 715 559 759 593; x_wconf 93' lang='lat' dir='ltr'><strong>qui</strong></span> <span class='ocrx_word' id='word_1_65' title='bbox 785 562 840 585; x_wconf 84' lang='lat' dir='ltr'><strong>stat</strong></span> <span class='ocrx_word' id='word_1_66' title='bbox 873 560 901 584; x_wconf 82' lang='lat' dir='ltr'><strong>et</strong></span> <span class='ocrx_word' id='word_1_67' title='bbox 923 557 1001 583; x_wconf 80' lang='lat' dir='ltr'><strong>audit</strong></span> 
     </span>
    </p>
   </div>
   <div class='ocr_carea' id='block_1_11' title="bbox 213 601 997 643">
    <p class='ocr_par' dir='ltr' id='par_1_11' title="bbox 213 601 997 643">
     <span class='ocr_line' id='line_1_11' title="bbox 213 601 997 643; baseline -0.017 -3"><span class='ocrx_word' id='word_1_68' title='bbox 213 620 292 639; x_wconf 88' lang='lat' dir='ltr'><strong>eum:</strong></span> <span class='ocrx_word' id='word_1_69' title='bbox 314 616 338 638; x_wconf 87' lang='lat' dir='ltr'><strong>et</strong></span> <span class='ocrx_word' id='word_1_70' title='bbox 355 611 430 638; x_wconf 88' lang='lat' dir='ltr'><strong>iitum</strong></span> <span class='ocrx_word' id='word_1_71' title='bbox 446 612 553 643; x_wconf 86' lang='lat' dir='ltr'><strong>oportet</strong></span> <span class='ocrx_word' id='word_1_72' title='bbox 566 613 699 638; x_wconf 82' lang='lat' dir='ltr'><strong>crescere,</strong></span> <span class='ocrx_word' id='word_1_73' title='bbox 713 612 755 632; x_wconf 89' lang='lat' dir='ltr'><strong>me</strong></span> <span class='ocrx_word' id='word_1_74' title='bbox 768 608 859 631; x_wconf 91' lang='lat' dir='ltr'><strong>autem</strong></span> <span class='ocrx_word' id='word_1_75' title='bbox 872 601 968 633; x_wconf 68' lang='lat' dir='ltr'><strong>minui.</strong></span> <span class='ocrx_word' id='word_1_76' title='bbox 988 609 997 627; x_wconf 75' lang='grc' dir='ltr'>ι</span> 
     </span>
    </p>
   </div>
   <div class='ocr_carea' id='block_1_12' title="bbox 214 646 1001 686">
    <p class='ocr_par' dir='ltr' id='par_1_12' title="bbox 214 646 1001 686">
     <span class='ocr_line' id='line_1_12' title="bbox 214 646 1001 686; baseline -0.017 0"><span class='ocrx_word' id='word_1_77' title='bbox 214 659 237 675; x_wconf 88' lang='grc'><strong>⁵⁷</strong></span> <span class='ocrx_word' id='word_1_78' title='bbox 253 658 451 685; x_wconf 85' lang='lat' dir='ltr'><strong>incrementum</strong></span> <span class='ocrx_word' id='word_1_79' title='bbox 481 653 586 681; x_wconf 84' lang='lat' dir='ltr'><strong>scilicet</strong></span> <span class='ocrx_word' id='word_1_80' title='bbox 605 650 754 686; x_wconf 76' lang='lat' dir='ltr'><strong>Evangelii,</strong></span> <span class='ocrx_word' id='word_1_81' title='bbox 777 654 806 678; x_wconf 85' lang='lat' dir='ltr'><strong>et</strong></span> <span class='ocrx_word' id='word_1_82' title='bbox 819 649 888 684; x_wconf 87' lang='lat' dir='ltr'><strong>legis</strong></span> <span class='ocrx_word' id='word_1_83' title='bbox 918 646 1001 683; x_wconf 60' lang='lat'><strong>35.6</strong></span> 
     </span>
    </p>
   </div>
   <div class='ocr_carea' id='block_1_13' title="bbox 215 700 571 732">
    <p class='ocr_par' dir='ltr' id='par_1_13' title="bbox 215 700 571 732">
     <span class='ocr_line' id='line_1_13' title="bbox 215 700 571 732; baseline -0.02 0"><span class='ocrx_word' id='word_1_84' title='bbox 215 705 422 732; x_wconf 83' lang='lat' dir='ltr'><strong>diminutionem</strong></span> <span class='ocrx_word' id='word_1_85' title='bbox 435 700 571 728; x_wconf 88' lang='lat' dir='ltr'><strong>indicans.</strong></span> 
     </span>
    </p>
   </div>
   <div class='ocr_carea' id='block_1_14' title="bbox 253 740 1003 776">
    <p class='ocr_par' dir='ltr' id='par_1_14' title="bbox 253 740 1003 776">
     <span class='ocr_line' id='line_1_14' title="bbox 253 740 1003 776; baseline -0.016 0"><span class='ocrx_word' id='word_1_86' title='bbox 253 759 263 776; x_wconf 73' lang='grc' dir='ltr'><strong>ί</strong></span> <span class='ocrx_word' id='word_1_87' title='bbox 281 749 316 776; x_wconf 91' lang='lat' dir='ltr'><strong>Et</strong></span> <span class='ocrx_word' id='word_1_88' title='bbox 333 748 475 775; x_wconf 84' lang='lat' dir='ltr'><strong>audierunt</strong></span> <span class='ocrx_word' id='word_1_89' title='bbox 503 752 564 772; x_wconf 91' lang='lat' dir='ltr'><strong>eum</strong></span> <span class='ocrx_word' id='word_1_90' title='bbox 581 743 634 771; x_wconf 90' lang='lat' dir='ltr'><strong>duo</strong></span> <span class='ocrx_word' id='word_1_91' title='bbox 646 740 770 776; x_wconf 81' lang='lat' dir='ltr'><strong>discipuli</strong></span> <span class='ocrx_word' id='word_1_92' title='bbox 799 740 964 774; x_wconf 85' lang='lat' dir='ltr'><strong>loquentem,</strong></span> <span class='ocrx_word' id='word_1_93' title='bbox 976 741 1003 765; x_wconf 90' lang='lat' dir='ltr'><strong>et</strong></span> 
     </span>
    </p>
   </div>
   <div class='ocr_carea' id='block_1_15' title="bbox 216 785 999 825">
    <p class='ocr_par' dir='ltr' id='par_1_15' title="bbox 216 785 999 825">
     <span class='ocr_line' id='line_1_15' title="bbox 216 785 999 825; baseline -0.019 0"><span class='ocrx_word' id='word_1_94' title='bbox 216 796 302 825; x_wconf 88' lang='lat' dir='ltr'><strong>secuti</strong></span> <span class='ocrx_word' id='word_1_95' title='bbox 322 799 386 822; x_wconf 89' lang='lat' dir='ltr'><strong>sunt</strong></span> <span class='ocrx_word' id='word_1_96' title='bbox 412 800 508 819; x_wconf 72' lang='lat' dir='ltr'><strong>eum.)</strong></span> <span class='ocrx_word' id='word_1_97' title='bbox 540 790 590 819; x_wconf 89' lang='lat' dir='ltr'><strong>Ubi</strong></span> <span class='ocrx_word' id='word_1_98' title='bbox 618 790 708 824; x_wconf 80' lang='lat' dir='ltr'><strong>igitur,</strong></span> <span class='ocrx_word' id='word_1_99' title='bbox 736 787 835 822; x_wconf 85' lang='lat' dir='ltr'><strong>inquit,</strong></span> <span class='ocrx_word' id='word_1_100' title='bbox 853 785 999 812; x_wconf 90' lang='lat' dir='ltr'><strong>audierunt</strong></span> 
     </span>
    </p>
   </div>
   <div class='ocr_carea' id='block_1_16' title="bbox 216 829 1003 874">
    <p class='ocr_par' dir='ltr' id='par_1_16' title="bbox 216 829 1003 874">
     <span class='ocr_line' id='line_1_16' title="bbox 216 829 1003 874; baseline -0.019 -4"><span class='ocrx_word' id='word_1_101' title='bbox 216 843 296 870; x_wconf 87' lang='lat' dir='ltr'><strong>ambo</strong></span> <span class='ocrx_word' id='word_1_102' title='bbox 321 838 456 874; x_wconf 81' lang='lat' dir='ltr'><strong>discipuli,</strong></span> <span class='ocrx_word' id='word_1_103' title='bbox 484 836 568 864; x_wconf 87' lang='lat' dir='ltr'><strong>secuti</strong></span> <span class='ocrx_word' id='word_1_104' title='bbox 586 840 648 862; x_wconf 87' lang='lat' dir='ltr'><strong>sunt</strong></span> <span class='ocrx_word' id='word_1_105' title='bbox 664 833 768 862; x_wconf 82' lang='lat' dir='ltr'><strong>Jesum.</strong></span> <span class='ocrx_word' id='word_1_106' title='bbox 784 831 861 865; x_wconf 84' lang='lat' dir='ltr'><strong>Quod</strong></span> <span class='ocrx_word' id='word_1_107' title='bbox 887 831 908 857; x_wconf 88' lang='lat' dir='ltr'><strong>si</strong></span> <span class='ocrx_word' id='word_1_108' title='bbox 920 829 1003 857; x_wconf 88' lang='lat' dir='ltr'><strong>disci-</strong></span> 
     </span>
    </p>
   </div>
   <div class='ocr_carea' id='block_1_17' title="bbox 216 878 1003 924">
    <p class='ocr_par' dir='ltr' id='par_1_17' title="bbox 216 878 1003 924">
     <span class='ocr_line' id='line_1_17' title="bbox 216 878 1003 924; baseline -0.017 -9"><span class='ocrx_word' id='word_1_109' title='bbox 216 888 297 924; x_wconf 88' lang='lat' dir='ltr'><strong>pulus</strong></span> <span class='ocrx_word' id='word_1_110' title='bbox 314 894 366 913; x_wconf 91' lang='lat' dir='ltr'><strong>non</strong></span> <span class='ocrx_word' id='word_1_111' title='bbox 384 885 549 915; x_wconf 84' lang='lat' dir='ltr'><strong>nominatus,</strong></span> <span class='ocrx_word' id='word_1_112' title='bbox 567 882 612 916; x_wconf 84' lang='lat' dir='ltr'><strong>qui</strong></span> <span class='ocrx_word' id='word_1_113' title='bbox 638 881 664 908; x_wconf 92' lang='lat' dir='ltr'><strong>in</strong></span> <span class='ocrx_word' id='word_1_114' title='bbox 689 880 800 915; x_wconf 86' lang='lat' dir='ltr'><strong>llguram</strong></span> <span class='ocrx_word' id='word_1_115' title='bbox 812 878 912 905; x_wconf 74' lang='lat' dir='ltr'><strong>littera:</strong></span> <span class='ocrx_word' id='word_1_116' title='bbox 922 883 1003 903; x_wconf 89' lang='lat' dir='ltr'><strong>acce-</strong></span> 
     </span>
    </p>
   </div>
   <div class='ocr_carea' id='block_1_18' title="bbox 217 921 1003 970">
    <p class='ocr_par' dir='ltr' id='par_1_18' title="bbox 217 921 1003 970">
     <span class='ocr_line' id='line_1_18' title="bbox 217 921 1003 970; baseline -0.017 -9"><span class='ocrx_word' id='word_1_117' title='bbox 217 921 279 970; x_wconf 80' lang='lat' dir='ltr'><strong>ptus</strong></span> <span class='ocrx_word' id='word_1_118' title='bbox 300 937 354 965; x_wconf 85' lang='lat' dir='ltr'><strong>est,</strong></span> <span class='ocrx_word' id='word_1_119' title='bbox 379 931 500 965; x_wconf 89' lang='lat' dir='ltr'><strong>sequitur</strong></span> <span class='ocrx_word' id='word_1_120' title='bbox 515 936 577 956; x_wconf 91' lang='lat' dir='ltr'><strong>cum</strong></span> <span class='ocrx_word' id='word_1_121' title='bbox 599 927 718 960; x_wconf 84' lang='lat' dir='ltr'><strong>Andrea,</strong></span> <span class='ocrx_word' id='word_1_122' title='bbox 752 924 820 952; x_wconf 89' lang='lat' dir='ltr'><strong>nihil</strong></span> <span class='ocrx_word' id='word_1_123' title='bbox 837 924 884 950; x_wconf 87' lang='lat' dir='ltr'><strong>tibi</strong></span> <span class='ocrx_word' id='word_1_124' title='bbox 904 921 1003 958; x_wconf 83' lang='lat' dir='ltr'><strong>negotii</strong></span> 
     </span>
    </p>
   </div>
   <div class='ocr_carea' id='block_1_19' title="bbox 217 969 1002 1007">
    <p class='ocr_par' dir='ltr' id='par_1_19' title="bbox 217 969 1002 1007">
     <span class='ocr_line' id='line_1_19' title="bbox 217 969 1002 1007; baseline -0.017 0"><span class='ocrx_word' id='word_1_125' title='bbox 217 969 351 1007; x_wconf 85' lang='lat' dir='ltr'><strong>facessat:</strong></span> <span class='ocrx_word' id='word_1_126' title='bbox 372 976 450 1005; x_wconf 89' lang='lat' dir='ltr'><strong>multi</strong></span> <span class='ocrx_word' id='word_1_127' title='bbox 468 976 540 1003; x_wconf 88' lang='lat' dir='ltr'><strong>enim</strong></span> <span class='ocrx_word' id='word_1_128' title='bbox 554 981 586 1001; x_wconf 77' lang='lat' dir='ltr'><strong>ex</strong></span> <span class='ocrx_word' id='word_1_129' title='bbox 610 973 695 1001; x_wconf 86' lang='lat' dir='ltr'><strong>veteri</strong></span> <span class='ocrx_word' id='word_1_130' title='bbox 713 971 784 999; x_wconf 90' lang='lat' dir='ltr'><strong>cultu</strong></span> <span class='ocrx_word' id='word_1_131' title='bbox 796 970 891 1006; x_wconf 80' lang='lat' dir='ltr'><strong>jugum</strong></span> <span class='ocrx_word' id='word_1_132' title='bbox 910 969 1002 996; x_wconf 65' lang='lat' dir='ltr'><strong>Evano</strong></span> 
     </span>
    </p>
   </div>
   <div class='ocr_carea' id='block_1_20' title="bbox 218 1015 1004 1060">
    <p class='ocr_par' dir='ltr' id='par_1_20' title="bbox 218 1015 1004 1060">
     <span class='ocr_line' id='line_1_20' title="bbox 218 1015 1004 1060; baseline -0.017 -7"><span class='ocrx_word' id='word_1_133' title='bbox 218 1026 279 1060; x_wconf 78' lang='lat' dir='ltr'><strong>gelii</strong></span> <span class='ocrx_word' id='word_1_134' title='bbox 300 1025 450 1056; x_wconf 84' lang='lat' dir='ltr'><strong>subierunt,</strong></span> <span class='ocrx_word' id='word_1_135' title='bbox 483 1031 493 1048; x_wconf 86' lang='grc'><strong>‹</strong></span> <span class='ocrx_word' id='word_1_136' title='bbox 509 1027 536 1049; x_wconf 89' lang='lat' dir='ltr'><strong>et</strong></span> <span class='ocrx_word' id='word_1_137' title='bbox 559 1024 701 1056; x_wconf 80' lang='lat' dir='ltr'><strong>postquam</strong></span> <span class='ocrx_word' id='word_1_138' title='bbox 719 1017 857 1052; x_wconf 90' lang='lat' dir='ltr'><strong>plenitudo</strong></span> <span class='ocrx_word' id='word_1_139' title='bbox 884 1015 1004 1050; x_wconf 85' lang='lat' dir='ltr'><strong>gcntium</strong></span> 
     </span>
    </p>
   </div>
   <div class='ocr_carea' id='block_1_21' title="bbox 221 1059 1005 1101">
    <p class='ocr_par' dir='ltr' id='par_1_21' title="bbox 221 1059 1005 1101">
     <span class='ocr_line' id='line_1_21' title="bbox 221 1059 1005 1101; baseline -0.015 -3"><span class='ocrx_word' id='word_1_140' title='bbox 221 1059 409 1101; x_wconf 47' lang='lat' dir='ltr'><strong>lnlrmeril,»</strong></span> <span class='ocrx_word' id='word_1_141' title='bbox 443 1072 473 1095; x_wconf 92' lang='lat' dir='ltr'><strong>ut</strong></span> <span class='ocrx_word' id='word_1_142' title='bbox 510 1066 657 1101; x_wconf 80' lang='lat' dir='ltr'><strong>Apestolus</strong></span> <span class='ocrx_word' id='word_1_143' title='bbox 685 1063 806 1098; x_wconf 86' lang='lat' dir='ltr'><strong>loquitur</strong></span> <span class='ocrx_word' id='word_1_144' title='bbox 819 1062 855 1095; x_wconf 84' lang='grc'><strong>⁸⁸,</strong></span> <span class='ocrx_word' id='word_1_145' title='bbox 884 1059 1005 1096; x_wconf 62' lang='lat' dir='ltr'><strong>reliquiae</strong></span> 
     </span>
    </p>
   </div>
   <div class='ocr_carea' id='block_1_22' title="bbox 220 1112 548 1142">
    <p class='ocr_par' dir='ltr' id='par_1_22' title="bbox 220 1112 548 1142">
     <span class='ocr_line' id='line_1_22' title="bbox 220 1112 548 1142; baseline -0.012 0"><span class='ocrx_word' id='word_1_146' title='bbox 220 1115 327 1142; x_wconf 81' lang='lat' dir='ltr'><strong>lsraelis</strong></span> <span class='ocrx_word' id='word_1_147' title='bbox 344 1114 424 1141; x_wconf 62' lang='lat' dir='ltr'><strong>salva</strong></span> <span class='ocrx_word' id='word_1_148' title='bbox 446 1112 521 1140; x_wconf 80' lang='lat' dir='ltr'><strong>flent.</strong></span> <span class='ocrx_word' id='word_1_149' title='bbox 538 1121 548 1138; x_wconf 83' lang='grc'><strong>›</strong></span> 
     </span>
    </p>
   </div>
   <div class='ocr_carea' id='block_1_23' title="bbox 254 1152 1000 1193">
    <p class='ocr_par' dir='ltr' id='par_1_23' title="bbox 254 1152 1000 1193">
     <span class='ocr_line' id='line_1_23' title="bbox 254 1152 1000 1193; baseline -0.012 -6"><span class='ocrx_word' id='word_1_150' title='bbox 254 1160 287 1187; x_wconf 86' lang='grc' dir='ltr'><strong>Ει</strong></span> <span class='ocrx_word' id='word_1_151' title='bbox 302 1168 351 1187; x_wconf 88' lang='lat' dir='ltr'><strong>nos</strong></span> <span class='ocrx_word' id='word_1_152' title='bbox 367 1159 448 1193; x_wconf 84' lang='lat' dir='ltr'><strong>igitur</strong></span> <span class='ocrx_word' id='word_1_153' title='bbox 467 1156 635 1184; x_wconf 83' lang='lat' dir='ltr'><strong>dilectissimi</strong></span> <span class='ocrx_word' id='word_1_154' title='bbox 662 1162 710 1191; x_wconf 88' lang='lat' dir='ltr'><strong>per</strong></span> <span class='ocrx_word' id='word_1_155' title='bbox 727 1152 1000 1188; x_wconf 88' lang='lat' dir='ltr'><strong>contemplationem,</strong></span> 
     </span>
    </p>
   </div>
   <div class='ocr_carea' id='block_1_24' title="bbox 219 1199 1007 1239">
    <p class='ocr_par' dir='ltr' id='par_1_24' title="bbox 219 1199 1007 1239">
     <span class='ocr_line' id='line_1_24' title="bbox 219 1199 1007 1239; baseline -0.013 -6"><span class='ocrx_word' id='word_1_156' title='bbox 219 1208 410 1239; x_wconf 81' lang='lat' dir='ltr'><strong>actionemque</strong></span> <span class='ocrx_word' id='word_1_157' title='bbox 436 1202 577 1230; x_wconf 74' lang='lat' dir='ltr'><strong>Christum</strong></span> <span class='ocrx_word' id='word_1_158' title='bbox 594 1206 648 1228; x_wconf 88' lang='lat' dir='ltr'><strong>tam</strong></span> <span class='ocrx_word' id='word_1_159' title='bbox 666 1200 766 1228; x_wconf 89' lang='lat' dir='ltr'><strong>bonum</strong></span> <span class='ocrx_word' id='word_1_160' title='bbox 787 1199 930 1226; x_wconf 87' lang='lat' dir='ltr'><strong>Dominum</strong></span> <span class='ocrx_word' id='word_1_161' title='bbox 942 1204 1007 1224; x_wconf 89' lang='lat' dir='ltr'><strong>con-</strong></span> 
     </span>
    </p>
   </div>
   <div class='ocr_carea' id='block_1_25' title="bbox 220 1244 1005 1285">
    <p class='ocr_par' dir='ltr' id='par_1_25' title="bbox 220 1244 1005 1285">
     <span class='ocr_line' id='line_1_25' title="bbox 220 1244 1005 1285; baseline -0.014 -5"><span class='ocrx_word' id='word_1_162' title='bbox 220 1258 379 1285; x_wconf 76' lang='lat' dir='ltr'><strong>sequamur,</strong></span> <span class='ocrx_word' id='word_1_163' title='bbox 398 1249 460 1276; x_wconf 73' lang='lat' dir='ltr'><strong>vitae</strong></span> <span class='ocrx_word' id='word_1_164' title='bbox 483 1248 553 1283; x_wconf 87' lang='lat' dir='ltr'><strong>ejus,</strong></span> <span class='ocrx_word' id='word_1_165' title='bbox 579 1254 659 1281; x_wconf 91' lang='lat' dir='ltr'><strong>quam</strong></span> <span class='ocrx_word' id='word_1_166' title='bbox 682 1246 707 1272; x_wconf 95' lang='lat' dir='ltr'><strong>in</strong></span> <span class='ocrx_word' id='word_1_167' title='bbox 727 1245 807 1272; x_wconf 85' lang='lat' dir='ltr'><strong>terris</strong></span> <span class='ocrx_word' id='word_1_168' title='bbox 831 1244 930 1275; x_wconf 83' lang='lat' dir='ltr'><strong>tenuit,</strong></span> <span class='ocrx_word' id='word_1_169' title='bbox 960 1250 1005 1269; x_wconf 91' lang='lat' dir='ltr'><strong>ra-</strong></span> 
     </span>
    </p>
   </div>
   <div class='ocr_carea' id='block_1_26' title="bbox 222 1289 1004 1329">
    <p class='ocr_par' dir='ltr' id='par_1_26' title="bbox 222 1289 1004 1329">
     <span class='ocr_line' id='line_1_26' title="bbox 222 1289 1004 1329; baseline -0.013 -6"><span class='ocrx_word' id='word_1_170' title='bbox 222 1298 322 1323; x_wconf 86' lang='lat' dir='ltr'><strong>tionem</strong></span> <span class='ocrx_word' id='word_1_171' title='bbox 351 1299 481 1329; x_wconf 86' lang='lat' dir='ltr'><strong>quantuui</strong></span> <span class='ocrx_word' id='word_1_172' title='bbox 509 1293 536 1319; x_wconf 90' lang='lat' dir='ltr'><strong>iu</strong></span> <span class='ocrx_word' id='word_1_173' title='bbox 568 1291 647 1318; x_wconf 87' lang='lat' dir='ltr'><strong>nobis</strong></span> <span class='ocrx_word' id='word_1_174' title='bbox 675 1291 756 1318; x_wconf 91' lang='lat' dir='ltr'><strong>situm</strong></span> <span class='ocrx_word' id='word_1_175' title='bbox 773 1294 826 1321; x_wconf 84' lang='lat' dir='ltr'><strong>est.</strong></span> <span class='ocrx_word' id='word_1_176' title='bbox 855 1289 1004 1316; x_wconf 87' lang='lat' dir='ltr'><strong>imitantes.</strong></span> 
     </span>
    </p>
   </div>
   <div class='ocr_carea' id='block_1_27' title="bbox 221 1335 1008 1373">
    <p class='ocr_par' dir='ltr' id='par_1_27' title="bbox 221 1335 1008 1373">
     <span class='ocr_line' id='line_1_27' title="bbox 221 1335 1008 1373; baseline -0.013 -4"><span class='ocrx_word' id='word_1_177' title='bbox 221 1343 334 1369; x_wconf 76' lang='lat' dir='ltr'><strong>l’eccata</strong></span> <span class='ocrx_word' id='word_1_178' title='bbox 363 1345 458 1367; x_wconf 86' lang='lat' dir='ltr'><strong>nostra</strong></span> <span class='ocrx_word' id='word_1_179' title='bbox 482 1346 529 1373; x_wconf 91' lang='lat' dir='ltr'><strong>per</strong></span> <span class='ocrx_word' id='word_1_180' title='bbox 543 1337 743 1372; x_wconf 84' lang='lat' dir='ltr'><strong>eleemosynam</strong></span> <span class='ocrx_word' id='word_1_181' title='bbox 762 1335 920 1362; x_wconf 81' lang='lat' dir='ltr'><strong>deleamus:</strong></span> <span class='ocrx_word' id='word_1_182' title='bbox 936 1340 1008 1368; x_wconf 88' lang='lat' dir='ltr'><strong>pau-</strong></span> 
     </span>
    </p>
   </div>
   <div class='ocr_carea' id='block_1_28' title="bbox 223 1378 1007 1423">
    <p class='ocr_par' dir='ltr' id='par_1_28' title="bbox 223 1378 1007 1423">
     <span class='ocr_line' id='line_1_28' title="bbox 223 1378 1007 1423; baseline -0.013 -9"><span class='ocrx_word' id='word_1_183' title='bbox 223 1387 332 1423; x_wconf 79' lang='lat' dir='ltr'><strong>peribus</strong></span> <span class='ocrx_word' id='word_1_184' title='bbox 353 1385 456 1412; x_wconf 88' lang='lat' dir='ltr'><strong>viscera</strong></span> <span class='ocrx_word' id='word_1_185' title='bbox 476 1382 670 1409; x_wconf 73' lang='lat' dir='ltr'><strong>misericordia:</strong></span> <span class='ocrx_word' id='word_1_186' title='bbox 697 1380 863 1415; x_wconf 83' lang='lat' dir='ltr'><strong>aperiamus.</strong></span> <span class='ocrx_word' id='word_1_187' title='bbox 889 1378 1007 1405; x_wconf 84' lang='lat' dir='ltr'><strong>Interro-</strong></span> 
     </span>
    </p>
   </div>
   <div class='ocr_carea' id='block_1_29' title="bbox 224 1424 1003 1464">
    <p class='ocr_par' dir='ltr' id='par_1_29' title="bbox 224 1424 1003 1464">
     <span class='ocr_line' id='line_1_29' title="bbox 224 1424 1003 1464; baseline -0.013 -6"><span class='ocrx_word' id='word_1_188' title='bbox 224 1439 316 1464; x_wconf 69' lang='lat' dir='ltr'><strong>genius</strong></span> <span class='ocrx_word' id='word_1_189' title='bbox 336 1437 363 1457; x_wconf 90' lang='lat' dir='ltr'><strong>et</strong></span> <span class='ocrx_word' id='word_1_190' title='bbox 380 1437 430 1457; x_wconf 88' lang='lat' dir='ltr'><strong>nos</strong></span> <span class='ocrx_word' id='word_1_191' title='bbox 453 1428 596 1455; x_wconf 87' lang='lat' dir='ltr'><strong>Dominum</strong></span> <span class='ocrx_word' id='word_1_192' title='bbox 610 1426 691 1453; x_wconf 81' lang='lat' dir='ltr'><strong>sicuti</strong></span> <span class='ocrx_word' id='word_1_193' title='bbox 719 1432 832 1459; x_wconf 87' lang='lat' dir='ltr'><strong>magnus</strong></span> <span class='ocrx_word' id='word_1_194' title='bbox 861 1424 1003 1449; x_wconf 84' lang='lat' dir='ltr'><strong>Andreas:</strong></span> 
     </span>
    </p>
   </div>
   <div class='ocr_carea' id='block_1_30' title="bbox 227 1467 1009 1504">
    <p class='ocr_par' dir='ltr' id='par_1_30' title="bbox 227 1467 1009 1504">
     <span class='ocr_line' id='line_1_30' title="bbox 227 1467 1009 1504; baseline -0.014 0"><span class='ocrx_word' id='word_1_195' title='bbox 227 1487 237 1503; x_wconf 76' lang='grc' dir='ltr'>ι</span> <span class='ocrx_word' id='word_1_196' title='bbox 250 1477 360 1504; x_wconf 88' lang='lat' dir='ltr'><strong>Domine</strong></span> <span class='ocrx_word' id='word_1_197' title='bbox 375 1476 418 1502; x_wconf 84' lang='lat' dir='ltr'><strong>tibi</strong></span> <span class='ocrx_word' id='word_1_198' title='bbox 435 1473 564 1502; x_wconf 80' lang='lat' dir='ltr'><strong>habitas?</strong></span> <span class='ocrx_word' id='word_1_199' title='bbox 581 1482 591 1498; x_wconf 71' lang='grc' dir='ltr'><strong>ι</strong></span> <span class='ocrx_word' id='word_1_200' title='bbox 605 1472 728 1498; x_wconf 82' lang='lat' dir='ltr'><strong>Sciemus</strong></span> <span class='ocrx_word' id='word_1_201' title='bbox 738 1471 809 1496; x_wconf 90' lang='lat' dir='ltr'><strong>enim</strong></span> <span class='ocrx_word' id='word_1_202' title='bbox 832 1476 894 1497; x_wconf 88' lang='lat' dir='ltr'><strong>eum</strong></span> <span class='ocrx_word' id='word_1_203' title='bbox 910 1468 936 1495; x_wconf 90' lang='lat' dir='ltr'><strong>in</strong></span> <span class='ocrx_word' id='word_1_204' title='bbox 949 1467 1009 1502; x_wconf 86' lang='lat' dir='ltr'><strong>ejus</strong></span> 
     </span>
    </p>
   </div>
   <div class='ocr_carea' id='block_1_31' title="bbox 225 1513 1007 1554">
    <p class='ocr_par' dir='ltr' id='par_1_31' title="bbox 225 1513 1007 1554">
     <span class='ocr_line' id='line_1_31' title="bbox 225 1513 1007 1554; baseline -0.014 -4"><span class='ocrx_word' id='word_1_205' title='bbox 225 1525 306 1551; x_wconf 80' lang='lat' dir='ltr'><strong>corde</strong></span> <span class='ocrx_word' id='word_1_206' title='bbox 319 1523 442 1549; x_wconf 87' lang='lat' dir='ltr'><strong>habitare</strong></span> <span class='ocrx_word' id='word_1_207' title='bbox 459 1521 504 1554; x_wconf 92' lang='lat' dir='ltr'><strong>qui</strong></span> <span class='ocrx_word' id='word_1_208' title='bbox 523 1519 677 1546; x_wconf 86' lang='lat' dir='ltr'><strong>misericors</strong></span> <span class='ocrx_word' id='word_1_209' title='bbox 688 1521 740 1550; x_wconf 87' lang='lat' dir='ltr'><strong>est,</strong></span> <span class='ocrx_word' id='word_1_210' title='bbox 754 1519 781 1543; x_wconf 90' lang='lat' dir='ltr'><strong>et</strong></span> <span class='ocrx_word' id='word_1_211' title='bbox 796 1515 939 1549; x_wconf 86' lang='lat' dir='ltr'><strong>benignus,</strong></span> <span class='ocrx_word' id='word_1_212' title='bbox 962 1513 1007 1547; x_wconf 94' lang='lat' dir='ltr'><strong>qui</strong></span> 
     </span>
    </p>
   </div>
   <div class='ocr_carea' id='block_1_32' title="bbox 226 1539 1044 1602">
    <p class='ocr_par' dir='ltr' id='par_1_32' title="bbox 226 1539 1044 1602">
     <span class='ocr_line' id='line_1_32' title="bbox 226 1539 989 1554; baseline -0.013 -4"><span class='ocrx_word' id='word_1_213' title='bbox 226 1539 306 1551; x_wconf 67' lang='grc' dir='ltr'><strong>ΙζυΙιΙιί</strong></span> <span class='ocrx_word' id='word_1_214' title='bbox 319 1539 442 1549; x_wconf 75' lang='grc' dir='ltr'><strong>ΙΙιιυΙιιιιυ</strong></span> <span class='ocrx_word' id='word_1_215' title='bbox 459 1539 504 1554; x_wconf 77' lang='grc' dir='ltr'><strong>Ὶιιι</strong></span> <span class='ocrx_word' id='word_1_216' title='bbox 523 1539 677 1546; x_wconf 64' lang='grc' dir='ltr'><strong>ιιιιην--υν--ι</strong></span> <span class='ocrx_word' id='word_1_217' title='bbox 689 1539 740 1550; x_wconf 59' lang='lat' dir='ltr'><strong>v.1&quot;</strong></span> <span class='ocrx_word' id='word_1_218' title='bbox 756 1539 780 1543; x_wconf 67' lang='grc' dir='ltr'><strong>ν-</strong></span> <span class='ocrx_word' id='word_1_219' title='bbox 796 1539 894 1549; x_wconf 57' lang='grc' dir='ltr'><strong>--.ηυν-</strong></span> <span class='ocrx_word' id='word_1_220' title='bbox 907 1539 939 1547; x_wconf 29' lang='grc' dir='ltr'><strong>νὴ,</strong></span> <span class='ocrx_word' id='word_1_221' title='bbox 966 1539 989 1547; x_wconf 63' lang='lat' dir='ltr'><strong>,l,</strong></span> 
     </span>
     <span class='ocr_line' id='line_1_33' title="bbox 226 1539 1044 1602; baseline -0.013 -6"><span class='ocrx_word' id='word_1_222' title='bbox 226 1572 355 1596; x_wconf 82' lang='lat' dir='ltr'><strong>adversus</strong></span> <span class='ocrx_word' id='word_1_223' title='bbox 371 1567 525 1602; x_wconf 80' lang='lat' dir='ltr'><strong>proximum</strong></span> <span class='ocrx_word' id='word_1_224' title='bbox 541 1572 592 1592; x_wconf 82' lang='lat' dir='ltr'><strong>non</strong></span> <span class='ocrx_word' id='word_1_225' title='bbox 609 1562 684 1590; x_wconf 86' lang='lat' dir='ltr'><strong>fovet</strong></span> <span class='ocrx_word' id='word_1_226' title='bbox 696 1561 836 1593; x_wconf 84' lang='lat' dir='ltr'><strong>invidiam,</strong></span> <span class='ocrx_word' id='word_1_227' title='bbox 858 1560 902 1594; x_wconf 90' lang='lat' dir='ltr'><strong>qui</strong></span> <span class='ocrx_word' id='word_1_228' title='bbox 918 1559 1009 1591; x_wconf 87' lang='lat' dir='ltr'><strong>furtis,</strong></span> <span class='ocrx_word' id='word_1_229' title='bbox 1023 1539 1044 1569; x_wconf 63' lang='grc' dir='ltr'>ο</span> 
     </span>
    </p>
   </div>
   <div class='ocr_carea' id='block_1_33' title="bbox 225 1603 1010 1649">
    <p class='ocr_par' dir='ltr' id='par_1_33' title="bbox 225 1603 1010 1649">
     <span class='ocr_line' id='line_1_34' title="bbox 225 1603 1010 1649; baseline -0.015 -8"><span class='ocrx_word' id='word_1_230' title='bbox 225 1621 252 1642; x_wconf 90' lang='lat' dir='ltr'><strong>et</strong></span> <span class='ocrx_word' id='word_1_231' title='bbox 271 1614 379 1649; x_wconf 82' lang='lat' dir='ltr'><strong>injustis</strong></span> <span class='ocrx_word' id='word_1_232' title='bbox 404 1611 534 1646; x_wconf 87' lang='lat' dir='ltr'><strong>operibus</strong></span> <span class='ocrx_word' id='word_1_233' title='bbox 553 1617 605 1636; x_wconf 91' lang='lat' dir='ltr'><strong>non</strong></span> <span class='ocrx_word' id='word_1_234' title='bbox 625 1607 746 1637; x_wconf 81' lang='lat' dir='ltr'><strong>ditescit,</strong></span> <span class='ocrx_word' id='word_1_235' title='bbox 761 1606 806 1640; x_wconf 88' lang='lat' dir='ltr'><strong>qui</strong></span> <span class='ocrx_word' id='word_1_236' title='bbox 821 1607 953 1645; x_wconf 71' lang='lat' dir='ltr'><strong>accepta:</strong></span> <span class='ocrx_word' id='word_1_237' title='bbox 969 1603 1010 1630; x_wconf 92' lang='lat' dir='ltr'><strong>iu-</strong></span> 
     </span>
    </p>
   </div>
   <div class='ocr_carea' id='block_1_34' title="bbox 224 1642 1010 1696">
    <p class='ocr_par' dir='ltr' id='par_1_34' title="bbox 224 1642 1010 1696">
     <span class='ocr_line' id='line_1_35' title="bbox 224 1642 1010 1696; baseline -0.017 -9"><span class='ocrx_word' id='word_1_238' title='bbox 224 1661 303 1696; x_wconf 60' lang='lat' dir='ltr'><strong>juriee</strong></span> <span class='ocrx_word' id='word_1_239' title='bbox 332 1658 490 1686; x_wconf 83' lang='lat' dir='ltr'><strong>memoriam</strong></span> <span class='ocrx_word' id='word_1_240' title='bbox 513 1663 566 1682; x_wconf 89' lang='lat' dir='ltr'><strong>nou</strong></span> <span class='ocrx_word' id='word_1_241' title='bbox 591 1657 681 1681; x_wconf 87' lang='lat' dir='ltr'><strong>servat</strong></span> <span class='ocrx_word' id='word_1_242' title='bbox 698 1652 725 1679; x_wconf 89' lang='lat' dir='ltr'><strong>in</strong></span> <span class='ocrx_word' id='word_1_243' title='bbox 749 1642 851 1683; x_wconf 82' lang='lat' dir='ltr'><strong>animo,</strong></span> <span class='ocrx_word' id='word_1_244' title='bbox 868 1649 913 1684; x_wconf 90' lang='lat' dir='ltr'><strong>qui</strong></span> <span class='ocrx_word' id='word_1_245' title='bbox 925 1649 1010 1676; x_wconf 75' lang='lat' dir='ltr'><strong>offen-</strong></span> 
     </span>
    </p>
   </div>
   <div class='ocr_carea' id='block_1_35' title="bbox 227 1696 1013 1734">
    <p class='ocr_par' dir='ltr' id='par_1_35' title="bbox 227 1696 1013 1734">
     <span class='ocr_line' id='line_1_36' title="bbox 227 1696 1013 1734; baseline -0.017 0"><span class='ocrx_word' id='word_1_246' title='bbox 227 1709 335 1734; x_wconf 88' lang='lat' dir='ltr'><strong>dentem</strong></span> <span class='ocrx_word' id='word_1_247' title='bbox 359 1705 466 1732; x_wconf 83' lang='lat' dir='ltr'><strong>fortiter</strong></span> <span class='ocrx_word' id='word_1_248' title='bbox 483 1702 600 1729; x_wconf 83' lang='lat' dir='ltr'><strong>tolerat:</strong></span> <span class='ocrx_word' id='word_1_249' title='bbox 616 1700 643 1726; x_wconf 88' lang='lat' dir='ltr'><strong>in</strong></span> <span class='ocrx_word' id='word_1_250' title='bbox 658 1697 789 1732; x_wconf 83' lang='lat' dir='ltr'><strong>ejusmodi</strong></span> <span class='ocrx_word' id='word_1_251' title='bbox 806 1696 896 1723; x_wconf 91' lang='lat' dir='ltr'><strong>anima</strong></span> <span class='ocrx_word' id='word_1_252' title='bbox 922 1699 1013 1722; x_wconf 90' lang='lat' dir='ltr'><strong>manet</strong></span> 
     </span>
    </p>
   </div>
   <div class='ocr_carea' id='block_1_36' title="bbox 229 1740 1011 1781">
    <p class='ocr_par' dir='ltr' id='par_1_36' title="bbox 229 1740 1011 1781">
     <span class='ocr_line' id='line_1_37' title="bbox 229 1740 1011 1781; baseline -0.018 0"><span class='ocrx_word' id='word_1_253' title='bbox 229 1755 308 1781; x_wconf 85' lang='lat' dir='ltr'><strong>Deus.</strong></span> <span class='ocrx_word' id='word_1_254' title='bbox 337 1751 548 1778; x_wconf 82' lang='lat' dir='ltr'><strong>Permaneamus</strong></span> <span class='ocrx_word' id='word_1_255' title='bbox 565 1747 592 1773; x_wconf 92' lang='lat' dir='ltr'><strong>in</strong></span> <span class='ocrx_word' id='word_1_256' title='bbox 620 1744 763 1780; x_wconf 71' lang='lat' dir='ltr'><strong>praeceptis</strong></span> <span class='ocrx_word' id='word_1_257' title='bbox 788 1741 902 1773; x_wconf 86' lang='lat' dir='ltr'><strong>Christi.</strong></span> <span class='ocrx_word' id='word_1_258' title='bbox 929 1740 1011 1767; x_wconf 87' lang='lat' dir='ltr'><strong>sicuti</strong></span> 
     </span>
    </p>
   </div>
   <div class='ocr_carea' id='block_1_37' title="bbox 228 1786 1012 1831">
    <p class='ocr_par' dir='ltr' id='par_1_37' title="bbox 228 1786 1012 1831">
     <span class='ocr_line' id='line_1_38' title="bbox 228 1786 1012 1831; baseline -0.019 -4"><span class='ocrx_word' id='word_1_259' title='bbox 228 1801 280 1827; x_wconf 89' lang='lat' dir='ltr'><strong>duo</strong></span> <span class='ocrx_word' id='word_1_260' title='bbox 295 1796 419 1831; x_wconf 89' lang='lat' dir='ltr'><strong>discipuli</strong></span> <span class='ocrx_word' id='word_1_261' title='bbox 453 1799 580 1821; x_wconf 88' lang='lat' dir='ltr'><strong>mansere</strong></span> <span class='ocrx_word' id='word_1_262' title='bbox 601 1790 671 1826; x_wconf 87' lang='lat' dir='ltr'><strong>apud</strong></span> <span class='ocrx_word' id='word_1_263' title='bbox 687 1789 784 1823; x_wconf 90' lang='lat' dir='ltr'><strong>ipsum,</strong></span> <span class='ocrx_word' id='word_1_264' title='bbox 799 1786 923 1814; x_wconf 78' lang='lat' dir='ltr'><strong>fortassis</strong></span> <span class='ocrx_word' id='word_1_265' title='bbox 939 1786 1012 1813; x_wconf 90' lang='lat' dir='ltr'><strong>enim</strong></span> 
     </span>
    </p>
   </div>
   <div class='ocr_carea' id='block_1_38' title="bbox 228 1833 1013 1873">
    <p class='ocr_par' dir='ltr' id='par_1_38' title="bbox 228 1833 1013 1873">
     <span class='ocr_line' id='line_1_39' title="bbox 228 1833 1013 1873; baseline -0.02 0"><span class='ocrx_word' id='word_1_266' title='bbox 228 1851 255 1873; x_wconf 89' lang='lat' dir='ltr'><strong>et</strong></span> <span class='ocrx_word' id='word_1_267' title='bbox 281 1844 358 1872; x_wconf 86' lang='lat' dir='ltr'><strong>nobis</strong></span> <span class='ocrx_word' id='word_1_268' title='bbox 374 1835 516 1869; x_wconf 80' lang='lat' dir='ltr'><strong>undecima</strong></span> <span class='ocrx_word' id='word_1_269' title='bbox 535 1839 600 1865; x_wconf 89' lang='lat' dir='ltr'><strong>hora</strong></span> <span class='ocrx_word' id='word_1_270' title='bbox 615 1840 676 1868; x_wconf 87' lang='lat' dir='ltr'><strong>est;</strong></span> <span class='ocrx_word' id='word_1_271' title='bbox 702 1833 782 1862; x_wconf 87' lang='lat' dir='ltr'><strong>sicuti</strong></span> <span class='ocrx_word' id='word_1_272' title='bbox 801 1833 872 1861; x_wconf 90' lang='lat' dir='ltr'><strong>enim</strong></span> <span class='ocrx_word' id='word_1_273' title='bbox 890 1833 948 1860; x_wconf 57' lang='lat' dir='ltr'><strong>haec</strong></span> <span class='ocrx_word' id='word_1_274' title='bbox 966 1839 1013 1859; x_wconf 87' lang='lat' dir='ltr'><strong>ex-</strong></span> 
     </span>
    </p>
   </div>
   <div class='ocr_carea' id='block_1_39' title="bbox 228 1881 1013 1917">
    <p class='ocr_par' dir='ltr' id='par_1_39' title="bbox 228 1881 1013 1917">
     <span class='ocr_line' id='line_1_40' title="bbox 228 1881 1013 1917; baseline -0.02 0"><span class='ocrx_word' id='word_1_275' title='bbox 228 1895 343 1917; x_wconf 87' lang='lat' dir='ltr'><strong>tremum</strong></span> <span class='ocrx_word' id='word_1_276' title='bbox 366 1887 481 1916; x_wconf 87' lang='lat' dir='ltr'><strong>dieiest,</strong></span> <span class='ocrx_word' id='word_1_277' title='bbox 498 1884 538 1910; x_wconf 86' lang='lat' dir='ltr'><strong>sic</strong></span> <span class='ocrx_word' id='word_1_278' title='bbox 559 1881 749 1915; x_wconf 87' lang='lat' dir='ltr'><strong>unusquisque</strong></span> <span class='ocrx_word' id='word_1_279' title='bbox 776 1883 896 1906; x_wconf 87' lang='lat' dir='ltr'><strong>nostrum</strong></span> <span class='ocrx_word' id='word_1_280' title='bbox 913 1883 1013 1911; x_wconf 83' lang='lat' dir='ltr'><strong>appro-</strong></span> 
     </span>
    </p>
   </div>
   <div class='ocr_carea' id='block_1_40' title="bbox 229 1922 1011 1970">
    <p class='ocr_par' dir='ltr' id='par_1_40' title="bbox 229 1922 1011 1970">
     <span class='ocr_line' id='line_1_41' title="bbox 229 1922 1011 1970; baseline -0.018 -8"><span class='ocrx_word' id='word_1_281' title='bbox 229 1936 342 1970; x_wconf 82' lang='lat' dir='ltr'><strong>pinquat</strong></span> <span class='ocrx_word' id='word_1_282' title='bbox 360 1933 392 1959; x_wconf 85' lang='lat' dir='ltr'><strong>ad</strong></span> <span class='ocrx_word' id='word_1_283' title='bbox 406 1932 496 1958; x_wconf 83' lang='lat' dir='ltr'><strong>linem.</strong></span> <span class='ocrx_word' id='word_1_284' title='bbox 513 1929 584 1956; x_wconf 81' lang='lat' dir='ltr'><strong>Mors</strong></span> <span class='ocrx_word' id='word_1_285' title='bbox 603 1927 701 1962; x_wconf 82' lang='lat' dir='ltr'><strong>quippe</strong></span> <span class='ocrx_word' id='word_1_286' title='bbox 712 1925 789 1951; x_wconf 86' lang='lat' dir='ltr'><strong>nobis</strong></span> <span class='ocrx_word' id='word_1_287' title='bbox 802 1930 909 1957; x_wconf 80' lang='lat' dir='ltr'><strong>semper</strong></span> <span class='ocrx_word' id='word_1_288' title='bbox 924 1922 1011 1950; x_wconf 88' lang='lat' dir='ltr'><strong>tendit</strong></span> 
     </span>
    </p>
   </div>
   <div class='ocr_carea' id='block_1_41' title="bbox 230 1969 1013 2012">
    <p class='ocr_par' dir='ltr' id='par_1_41' title="bbox 230 1969 1013 2012">
     <span class='ocr_line' id='line_1_42' title="bbox 230 1969 1013 2012; baseline -0.018 -4"><span class='ocrx_word' id='word_1_289' title='bbox 230 1969 353 2012; x_wconf 85' lang='lat' dir='ltr'><strong>insidias,</strong></span> <span class='ocrx_word' id='word_1_290' title='bbox 379 1982 406 2004; x_wconf 92' lang='lat' dir='ltr'><strong>et</strong></span> <span class='ocrx_word' id='word_1_291' title='bbox 426 1985 459 2003; x_wconf 76' lang='lat' dir='ltr'><strong>ex</strong></span> <span class='ocrx_word' id='word_1_292' title='bbox 473 1975 526 2003; x_wconf 87' lang='lat' dir='ltr'><strong>levi</strong></span> <span class='ocrx_word' id='word_1_293' title='bbox 549 1973 656 2008; x_wconf 82' lang='lat' dir='ltr'><strong>quavis.</strong></span> <span class='ocrx_word' id='word_1_294' title='bbox 685 1977 713 2000; x_wconf 86' lang='lat' dir='ltr'><strong>et</strong></span> <span class='ocrx_word' id='word_1_295' title='bbox 731 1970 844 1998; x_wconf 87' lang='lat' dir='ltr'><strong>fortuita</strong></span> <span class='ocrx_word' id='word_1_296' title='bbox 871 1969 1013 1996; x_wconf 88' lang='lat' dir='ltr'><strong>occasione</strong></span> 
     </span>
    </p>
   </div>
   <div class='ocr_carea' id='block_1_42' title="bbox 231 2016 1013 2059">
    <p class='ocr_par' dir='ltr' id='par_1_42' title="bbox 231 2016 1013 2059">
     <span class='ocr_line' id='line_1_43' title="bbox 231 2016 1013 2059; baseline -0.018 -5"><span class='ocrx_word' id='word_1_297' title='bbox 231 2033 280 2054; x_wconf 91' lang='lat' dir='ltr'><strong>nos</strong></span> <span class='ocrx_word' id='word_1_298' title='bbox 296 2024 462 2059; x_wconf 76' lang='lat' dir='ltr'><strong>aggreditur.</strong></span> <span class='ocrx_word' id='word_1_299' title='bbox 478 2021 544 2054; x_wconf 76' lang='lat' dir='ltr'><strong>Quis</strong></span> <span class='ocrx_word' id='word_1_300' title='bbox 555 2020 637 2054; x_wconf 81' lang='lat' dir='ltr'><strong>igitur</strong></span> <span class='ocrx_word' id='word_1_301' title='bbox 648 2019 692 2046; x_wconf 89' lang='lat' dir='ltr'><strong>hic</strong></span> <span class='ocrx_word' id='word_1_302' title='bbox 702 2017 821 2052; x_wconf 85' lang='lat' dir='ltr'><strong>optimus</strong></span> <span class='ocrx_word' id='word_1_303' title='bbox 834 2016 1013 2049; x_wconf 80' lang='lat' dir='ltr'><strong>dispensator,</strong></span> 
     </span>
    </p>
   </div>
   <div class='ocr_carea' id='block_1_43' title="bbox 230 2060 1015 2102">
    <p class='ocr_par' dir='ltr' id='par_1_43' title="bbox 230 2060 1015 2102">
     <span class='ocr_line' id='line_1_44' title="bbox 230 2060 1015 2102; baseline -0.018 -2"><span class='ocrx_word' id='word_1_304' title='bbox 230 2078 257 2100; x_wconf 92' lang='lat' dir='ltr'><strong>et</strong></span> <span class='ocrx_word' id='word_1_305' title='bbox 278 2072 374 2098; x_wconf 66' lang='lat' dir='ltr'><strong>animus</strong></span> <span class='ocrx_word' id='word_1_306' title='bbox 403 2077 459 2096; x_wconf 69' lang='lat' dir='ltr'><strong>sua:</strong></span> <span class='ocrx_word' id='word_1_307' title='bbox 476 2071 646 2102; x_wconf 83' lang='lat' dir='ltr'><strong>procurator,</strong></span> <span class='ocrx_word' id='word_1_308' title='bbox 664 2065 710 2099; x_wconf 89' lang='lat' dir='ltr'><strong>qui</strong></span> <span class='ocrx_word' id='word_1_309' title='bbox 725 2063 805 2090; x_wconf 79' lang='lat' dir='ltr'><strong>fluxis</strong></span> <span class='ocrx_word' id='word_1_310' title='bbox 826 2062 939 2096; x_wconf 83' lang='lat' dir='ltr'><strong>hujusce</strong></span> <span class='ocrx_word' id='word_1_311' title='bbox 953 2060 1015 2087; x_wconf 76' lang='lat' dir='ltr'><strong>vitae</strong></span> 
     </span>
    </p>
   </div>
   <div class='ocr_carea' id='block_1_44' title="bbox 232 2109 1013 2150">
    <p class='ocr_par' dir='ltr' id='par_1_44' title="bbox 232 2109 1013 2150">
     <span class='ocr_line' id='line_1_45' title="bbox 232 2109 1013 2150; baseline -0.015 -6"><span class='ocrx_word' id='word_1_312' title='bbox 232 2117 310 2144; x_wconf 90' lang='lat' dir='ltr'><strong>bonis</strong></span> <span class='ocrx_word' id='word_1_313' title='bbox 337 2123 384 2150; x_wconf 91' lang='lat' dir='ltr'><strong>per</strong></span> <span class='ocrx_word' id='word_1_314' title='bbox 397 2115 597 2148; x_wconf 84' lang='lat' dir='ltr'><strong>eleemosynam</strong></span> <span class='ocrx_word' id='word_1_315' title='bbox 617 2110 736 2145; x_wconf 80' lang='lat' dir='ltr'><strong>erogatis</strong></span> <span class='ocrx_word' id='word_1_316' title='bbox 755 2109 862 2136; x_wconf 86' lang='lat' dir='ltr'><strong>beatam</strong></span> <span class='ocrx_word' id='word_1_317' title='bbox 877 2111 1013 2134; x_wconf 88' lang='lat' dir='ltr'><strong>mercetur</strong></span> 
     </span>
    </p>
   </div>
   <div class='ocr_carea' id='block_1_45' title="bbox 233 2154 1014 2195">
    <p class='ocr_par' dir='ltr' id='par_1_45' title="bbox 233 2154 1014 2195">
     <span class='ocr_line' id='line_1_46' title="bbox 233 2154 1014 2195; baseline -0.013 -7"><span class='ocrx_word' id='word_1_318' title='bbox 233 2164 326 2194; x_wconf 83' lang='lat' dir='ltr'><strong>vitam,</strong></span> <span class='ocrx_word' id='word_1_319' title='bbox 341 2167 485 2195; x_wconf 84' lang='lat' dir='ltr'><strong>antequam</strong></span> <span class='ocrx_word' id='word_1_320' title='bbox 500 2166 547 2193; x_wconf 90' lang='lat' dir='ltr'><strong>per</strong></span> <span class='ocrx_word' id='word_1_321' title='bbox 570 2161 684 2184; x_wconf 89' lang='lat' dir='ltr'><strong>mortem</strong></span> <span class='ocrx_word' id='word_1_322' title='bbox 713 2154 844 2189; x_wconf 81' lang='lat' dir='ltr'><strong>frequens</strong></span> <span class='ocrx_word' id='word_1_323' title='bbox 862 2157 1014 2180; x_wconf 69' lang='lat' dir='ltr'><strong>convantus</strong></span> 
     </span>
    </p>
   </div>
   <div class='ocr_carea' id='block_1_46' title="bbox 233 2197 1053 2237">
    <p class='ocr_par' dir='ltr' id='par_1_46' title="bbox 233 2197 1053 2237">
     <span class='ocr_line' id='line_1_47' title="bbox 233 2197 1053 2237; baseline -0.015 -2"><span class='ocrx_word' id='word_1_324' title='bbox 233 2209 278 2235; x_wconf 86' lang='lat' dir='ltr'><strong>hic</strong></span> <span class='ocrx_word' id='word_1_325' title='bbox 303 2208 457 2235; x_wconf 80' lang='lat' dir='ltr'><strong>dirimatur.</strong></span> <span class='ocrx_word' id='word_1_326' title='bbox 486 2204 601 2231; x_wconf 81' lang='lat' dir='ltr'><strong>Andreae</strong></span> <span class='ocrx_word' id='word_1_327' title='bbox 615 2202 702 2237; x_wconf 91' lang='lat' dir='ltr'><strong>primo</strong></span> <span class='ocrx_word' id='word_1_328' title='bbox 719 2200 809 2227; x_wconf 79' lang='lat' dir='ltr'><strong>vocati</strong></span> <span class='ocrx_word' id='word_1_329' title='bbox 837 2198 942 2226; x_wconf 86' lang='lat' dir='ltr'><strong>virilem</strong></span> <span class='ocrx_word' id='word_1_330' title='bbox 959 2197 1015 2224; x_wconf 83' lang='lat' dir='ltr'><strong>for-</strong></span> <span class='ocrx_word' id='word_1_331' title='bbox 1030 2203 1053 2230; x_wconf 83' lang='grc' dir='ltr'><strong>ι)</strong></span> 
     </span>
    </p>
   </div>
   <div class='ocr_carea' id='block_1_47' title="bbox 234 2246 1016 2280">
    <p class='ocr_par' dir='ltr' id='par_1_47' title="bbox 234 2246 1016 2280">
     <span class='ocr_line' id='line_1_48' title="bbox 234 2246 1016 2280; baseline -0.013 0"><span class='ocrx_word' id='word_1_332' title='bbox 234 2253 376 2280; x_wconf 87' lang='lat' dir='ltr'><strong>titudiuem</strong></span> <span class='ocrx_word' id='word_1_333' title='bbox 399 2250 546 2278; x_wconf 88' lang='lat' dir='ltr'><strong>imitemur.</strong></span> <span class='ocrx_word' id='word_1_334' title='bbox 564 2247 648 2276; x_wconf 80' lang='lat' dir='ltr'><strong>Scitis</strong></span> <span class='ocrx_word' id='word_1_335' title='bbox 664 2246 734 2273; x_wconf 87' lang='lat' dir='ltr'><strong>enim</strong></span> <span class='ocrx_word' id='word_1_336' title='bbox 746 2251 852 2277; x_wconf 88' lang='lat' dir='ltr'><strong>omnes,</strong></span> <span class='ocrx_word' id='word_1_337' title='bbox 869 2249 936 2279; x_wconf 92' lang='lat' dir='ltr'><strong>quot</strong></span> <span class='ocrx_word' id='word_1_338' title='bbox 961 2250 1016 2270; x_wconf 88' lang='lat' dir='ltr'><strong>ma-</strong></span> 
     </span>
    </p>
   </div>
   <div class='ocr_carea' id='block_1_48' title="bbox 234 2289 1018 2334">
    <p class='ocr_par' dir='ltr' id='par_1_48' title="bbox 234 2289 1018 2334">
     <span class='ocr_line' id='line_1_49' title="bbox 234 2289 1018 2334; baseline -0.014 -8"><span class='ocrx_word' id='word_1_339' title='bbox 234 2306 301 2334; x_wconf 78' lang='lat' dir='ltr'><strong>gnus</strong></span> <span class='ocrx_word' id='word_1_340' title='bbox 314 2299 355 2325; x_wconf 85' lang='lat' dir='ltr'><strong>hic</strong></span> <span class='ocrx_word' id='word_1_341' title='bbox 365 2297 464 2331; x_wconf 88' lang='lat' dir='ltr'><strong>Sinope</strong></span> <span class='ocrx_word' id='word_1_342' title='bbox 477 2294 533 2330; x_wconf 80' lang='lat'><strong>(95)</strong></span> <span class='ocrx_word' id='word_1_343' title='bbox 543 2295 628 2328; x_wconf 87' lang='lat' dir='ltr'><strong>prius,</strong></span> <span class='ocrx_word' id='word_1_344' title='bbox 644 2295 736 2325; x_wconf 89' lang='lat' dir='ltr'><strong>postea</strong></span> <span class='ocrx_word' id='word_1_345' title='bbox 751 2290 841 2317; x_wconf 82' lang='lat' dir='ltr'><strong>Patris</strong></span> <span class='ocrx_word' id='word_1_346' title='bbox 867 2289 1018 2324; x_wconf 87' lang='lat' dir='ltr'><strong>pertulerit,</strong></span> 
     </span>
    </p>
   </div>
   <div class='ocr_carea' id='block_1_49' title="bbox 234 2337 1016 2379">
    <p class='ocr_par' dir='ltr' id='par_1_49' title="bbox 234 2337 1016 2379">
     <span class='ocr_line' id='line_1_50' title="bbox 234 2337 1016 2379; baseline -0.014 -7"><span class='ocrx_word' id='word_1_347' title='bbox 234 2350 263 2372; x_wconf 89' lang='lat' dir='ltr'><strong>et</strong></span> <span class='ocrx_word' id='word_1_348' title='bbox 277 2351 332 2379; x_wconf 94' lang='lat' dir='ltr'><strong>quo</strong></span> <span class='ocrx_word' id='word_1_349' title='bbox 350 2348 428 2378; x_wconf 91' lang='lat' dir='ltr'><strong>pacto</strong></span> <span class='ocrx_word' id='word_1_350' title='bbox 444 2346 566 2377; x_wconf 76' lang='lat' dir='ltr'><strong>agrestes</strong></span> <span class='ocrx_word' id='word_1_351' title='bbox 584 2339 621 2366; x_wconf 92' lang='lat' dir='ltr'><strong>illi</strong></span> <span class='ocrx_word' id='word_1_352' title='bbox 632 2338 755 2366; x_wconf 83' lang='lat' dir='ltr'><strong>homines</strong></span> <span class='ocrx_word' id='word_1_353' title='bbox 772 2337 922 2364; x_wconf 88' lang='lat' dir='ltr'><strong>bestiarum</strong></span> <span class='ocrx_word' id='word_1_354' title='bbox 940 2342 1016 2362; x_wconf 87' lang='lat' dir='ltr'><strong>more</strong></span> 
     </span>
    </p>
   </div>
   <div class='ocr_carea' id='block_1_50' title="bbox 236 2381 1019 2420">
    <p class='ocr_par' dir='ltr' id='par_1_50' title="bbox 236 2381 1019 2420">
     <span class='ocr_line' id='line_1_51' title="bbox 236 2381 1019 2420; baseline -0.013 -3"><span class='ocrx_word' id='word_1_355' title='bbox 236 2392 263 2417; x_wconf 88' lang='lat' dir='ltr'><strong>in</strong></span> <span class='ocrx_word' id='word_1_356' title='bbox 290 2397 352 2416; x_wconf 88' lang='lat' dir='ltr'><strong>eum</strong></span> <span class='ocrx_word' id='word_1_357' title='bbox 388 2388 537 2415; x_wconf 80' lang='lat' dir='ltr'><strong>insilientes</strong></span> <span class='ocrx_word' id='word_1_358' title='bbox 568 2384 744 2420; x_wconf 87' lang='lat' dir='ltr'><strong>apostolicum</strong></span> <span class='ocrx_word' id='word_1_359' title='bbox 769 2389 867 2416; x_wconf 84' lang='lat' dir='ltr'><strong>corpus</strong></span> <span class='ocrx_word' id='word_1_360' title='bbox 893 2381 1019 2408; x_wconf 87' lang='lat' dir='ltr'><strong>dentibus</strong></span> 
     </span>
    </p>
   </div>
   <div class='ocr_carea' id='block_1_51' title="bbox 236 2427 1016 2463">
    <p class='ocr_par' dir='ltr' id='par_1_51' title="bbox 236 2427 1016 2463">
     <span class='ocr_line' id='line_1_52' title="bbox 236 2427 1016 2463; baseline -0.014 0"><span class='ocrx_word' id='word_1_361' title='bbox 236 2434 392 2463; x_wconf 80' lang='lat' dir='ltr'><strong>lacerarint.</strong></span> <span class='ocrx_word' id='word_1_362' title='bbox 422 2434 449 2460; x_wconf 92' lang='lat' dir='ltr'><strong>In</strong></span> <span class='ocrx_word' id='word_1_363' title='bbox 465 2432 567 2460; x_wconf 80' lang='lat' dir='ltr'><strong>Achaia</strong></span> <span class='ocrx_word' id='word_1_364' title='bbox 583 2438 647 2458; x_wconf 87' lang='lat' dir='ltr'><strong>vero</strong></span> <span class='ocrx_word' id='word_1_365' title='bbox 662 2429 839 2463; x_wconf 84' lang='lat' dir='ltr'><strong>Evangelium</strong></span> <span class='ocrx_word' id='word_1_366' title='bbox 863 2427 1016 2462; x_wconf 62' lang='lat' dir='ltr'><strong>praedicans</strong></span> 
     </span>
    </p>
   </div>
   <div class='ocr_carea' id='block_1_52' title="bbox 236 2470 1018 2513">
    <p class='ocr_par' dir='ltr' id='par_1_52' title="bbox 236 2470 1018 2513">
     <span class='ocr_line' id='line_1_53' title="bbox 236 2470 1018 2513; baseline -0.015 -4"><span class='ocrx_word' id='word_1_367' title='bbox 236 2489 289 2509; x_wconf 91' lang='lat' dir='ltr'><strong>non</strong></span> <span class='ocrx_word' id='word_1_368' title='bbox 307 2480 453 2512; x_wconf 82' lang='lat' dir='ltr'><strong>recusavit,</strong></span> <span class='ocrx_word' id='word_1_369' title='bbox 473 2475 619 2513; x_wconf 74' lang='lat' dir='ltr'><strong>quominus</strong></span> <span class='ocrx_word' id='word_1_370' title='bbox 631 2475 662 2502; x_wconf 87' lang='lat' dir='ltr'><strong>ad</strong></span> <span class='ocrx_word' id='word_1_371' title='bbox 680 2474 831 2508; x_wconf 80' lang='lat' dir='ltr'><strong>exemplum</strong></span> <span class='ocrx_word' id='word_1_372' title='bbox 854 2471 961 2499; x_wconf 90' lang='lat' dir='ltr'><strong>Domini</strong></span> <span class='ocrx_word' id='word_1_373' title='bbox 976 2470 1018 2498; x_wconf 89' lang='lat' dir='ltr'><strong>sui</strong></span> 
     </span>
    </p>
   </div>
   <div class='ocr_carea' id='block_1_53' title="bbox 237 2516 1020 2562">
    <p class='ocr_par' dir='ltr' id='par_1_53' title="bbox 237 2516 1020 2562">
     <span class='ocr_line' id='line_1_54' title="bbox 237 2516 1020 2562; baseline -0.014 -9"><span class='ocrx_word' id='word_1_374' title='bbox 237 2531 366 2562; x_wconf 76' lang='lat' dir='ltr'><strong>ageretur</strong></span> <span class='ocrx_word' id='word_1_375' title='bbox 381 2525 407 2551; x_wconf 93' lang='lat' dir='ltr'><strong>in</strong></span> <span class='ocrx_word' id='word_1_376' title='bbox 436 2529 563 2551; x_wconf 87' lang='lat' dir='ltr'><strong>crucem:</strong></span> <span class='ocrx_word' id='word_1_377' title='bbox 581 2521 627 2548; x_wconf 88' lang='lat' dir='ltr'><strong>sed</strong></span> <span class='ocrx_word' id='word_1_378' title='bbox 652 2519 774 2554; x_wconf 82' lang='lat' dir='ltr'><strong>magistri</strong></span> <span class='ocrx_word' id='word_1_379' title='bbox 791 2517 911 2553; x_wconf 75' lang='lat' dir='ltr'><strong>vestigiis</strong></span> <span class='ocrx_word' id='word_1_380' title='bbox 939 2516 1020 2544; x_wconf 87' lang='lat' dir='ltr'><strong>insis-</strong></span> 
     </span>
    </p>
   </div>
   <div class='ocr_carea' id='block_1_54' title="bbox 239 2564 1019 2605">
    <p class='ocr_par' dir='ltr' id='par_1_54' title="bbox 239 2564 1019 2605">
     <span class='ocr_line' id='line_1_55' title="bbox 239 2564 1019 2605; baseline -0.014 -6"><span class='ocrx_word' id='word_1_381' title='bbox 239 2578 308 2604; x_wconf 84' lang='lat' dir='ltr'><strong>tetts,</strong></span> <span class='ocrx_word' id='word_1_382' title='bbox 327 2577 406 2605; x_wconf 86' lang='lat' dir='ltr'><strong>quem</strong></span> <span class='ocrx_word' id='word_1_383' title='bbox 437 2569 471 2596; x_wconf 79' lang='lat' dir='ltr'><strong>ab</strong></span> <span class='ocrx_word' id='word_1_384' title='bbox 487 2568 565 2595; x_wconf 88' lang='lat' dir='ltr'><strong>initio</strong></span> <span class='ocrx_word' id='word_1_385' title='bbox 596 2571 707 2593; x_wconf 88' lang='lat' dir='ltr'><strong>secutus</strong></span> <span class='ocrx_word' id='word_1_386' title='bbox 722 2564 820 2597; x_wconf 78' lang='lat' dir='ltr'><strong>fuerat,</strong></span> <span class='ocrx_word' id='word_1_387' title='bbox 841 2571 889 2597; x_wconf 88' lang='lat' dir='ltr'><strong>per</strong></span> <span class='ocrx_word' id='word_1_388' title='bbox 904 2566 1019 2590; x_wconf 86' lang='lat' dir='ltr'><strong>mortem</strong></span> 
     </span>
    </p>
   </div>
   <div class='ocr_carea' id='block_1_55' title="bbox 1019 863 1039 890">
    <p class='ocr_par' dir='ltr' id='par_1_55' title="bbox 1019 863 1039 890">
     <span class='ocr_line' id='line_1_56' title="bbox 1019 863 1039 890; baseline 0 0"><span class='ocrx_word' id='word_1_389' title='bbox 1019 863 1039 890; x_wconf 85' lang='grc' dir='ltr'><strong>Β</strong></span> 
     </span>
    </p>
   </div>
   <div class='ocr_carea' id='block_1_56' title="bbox 273 2631 775 2672">
    <p class='ocr_par' dir='ltr' id='par_1_56' title="bbox 273 2631 775 2672">
     <span class='ocr_line' id='line_1_57' title="bbox 273 2631 775 2672; baseline -0.02 -2"><span class='ocrx_word' id='word_1_390' title='bbox 273 2643 296 2659; x_wconf 83' lang='grc'><strong>⁸⁷</strong></span> <span class='ocrx_word' id='word_1_391' title='bbox 309 2641 389 2669; x_wconf 81' lang='lat' dir='ltr'><strong>Joan.</strong></span> <span class='ocrx_word' id='word_1_392' title='bbox 405 2648 447 2672; x_wconf 85' lang='grc' dir='ltr'><strong>ιιι,</strong></span> <span class='ocrx_word' id='word_1_393' title='bbox 465 2638 508 2666; x_wconf 83' lang='grc'><strong>19.</strong></span> <span class='ocrx_word' id='word_1_394' title='bbox 545 2631 658 2664; x_wconf 81' lang='lat' dir='ltr'><strong>&quot;Rom.</strong></span> <span class='ocrx_word' id='word_1_395' title='bbox 671 2642 711 2667; x_wconf 78' lang='lat' dir='ltr'><strong>Ix,</strong></span> <span class='ocrx_word' id='word_1_396' title='bbox 728 2633 775 2661; x_wconf 75' lang='lat'><strong>28.</strong></span> 
     </span>
    </p>
   </div>
   <div class='ocr_carea' id='block_1_57' title="bbox 810 135 1244 169">
    <p class='ocr_par' dir='ltr' id='par_1_57' title="bbox 810 135 1244 169">
     <span class='ocr_line' id='line_1_58' title="bbox 810 135 1244 169; baseline -0.009 0"><span class='ocrx_word' id='word_1_397' title='bbox 810 135 1057 169; x_wconf 76' lang='lat' dir='ltr'><strong>THEOPHANIS</strong></span> <span class='ocrx_word' id='word_1_398' title='bbox 1075 136 1244 166; x_wconf 81' lang='lat' dir='ltr'><strong>CERAMEI</strong></span> 
     </span>
    </p>
   </div>
   <div class='ocr_carea' id='block_1_58' title="bbox 1796 130 1847 162">
    <p class='ocr_par' dir='ltr' id='par_1_58' title="bbox 1796 130 1847 162">
     <span class='ocr_line' id='line_1_59' title="bbox 1796 130 1847 162; baseline -0.039 0"><span class='ocrx_word' id='word_1_399' title='bbox 1796 130 1847 162; x_wconf 66' lang='grc' dir='ltr'><strong>θυι</strong></span> 
     </span>
    </p>
   </div>
   <div class='ocr_carea' id='block_1_59' title="bbox 1045 189 1847 226">
    <p class='ocr_par' dir='ltr' id='par_1_59' title="bbox 1045 189 1847 226">
     <span class='ocr_line' id='line_1_60' title="bbox 1045 189 1847 226; baseline -0.001 -9"><span class='ocrx_word' id='word_1_400' title='bbox 1045 191 1076 217; x_wconf 84' lang='grc' dir='ltr'><strong>τδ</strong></span> <span class='ocrx_word' id='word_1_401' title='bbox 1092 191 1200 226; x_wconf 82' lang='grc' dir='ltr'>πάγιον,</span> <span class='ocrx_word' id='word_1_402' title='bbox 1217 191 1297 226; x_wconf 78' lang='grc' dir='ltr'>ἔφερε</span> <span class='ocrx_word' id='word_1_403' title='bbox 1311 190 1340 217; x_wconf 81' lang='grc' dir='ltr'>δὲ</span> <span class='ocrx_word' id='word_1_404' title='bbox 1356 191 1402 217; x_wconf 73' lang='grc' dir='ltr'>καὶ</span> <span class='ocrx_word' id='word_1_405' title='bbox 1423 191 1508 218; x_wconf 79' lang='grc' dir='ltr'>τύπον</span> <span class='ocrx_word' id='word_1_406' title='bbox 1523 192 1574 226; x_wconf 77' lang='grc' dir='ltr'><strong>τῆς</strong></span> <span class='ocrx_word' id='word_1_407' title='bbox 1596 190 1721 226; x_wconf 78' lang='grc' dir='ltr'><strong>νομικῆς</strong></span> <span class='ocrx_word' id='word_1_408' title='bbox 1739 189 1847 222; x_wconf 64' lang='lat' dir='ltr'><strong>statim;</strong></span> 
     </span>
    </p>
   </div>
   <div class='ocr_carea' id='block_1_60' title="bbox 1048 237 1845 273">
    <p class='ocr_par' dir='ltr' id='par_1_60' title="bbox 1048 237 1845 273">
     <span class='ocr_line' id='line_1_61' title="bbox 1048 237 1845 273; baseline -0.001 -10"><span class='ocrx_word' id='word_1_409' title='bbox 1048 238 1096 264; x_wconf 75' lang='grc' dir='ltr'>καὶ</span> <span class='ocrx_word' id='word_1_410' title='bbox 1111 238 1245 268; x_wconf 84' lang='grc' dir='ltr'>στάσεως.</span> <span class='ocrx_word' id='word_1_411' title='bbox 1264 238 1295 264; x_wconf 89' lang='lat' dir='ltr'><strong>&#39;H</strong></span> <span class='ocrx_word' id='word_1_412' title='bbox 1310 237 1337 263; x_wconf 83' lang='grc' dir='ltr'>δὲ</span> <span class='ocrx_word' id='word_1_413' title='bbox 1351 237 1398 264; x_wconf 83' lang='grc' dir='ltr'>τοῦ</span> <span class='ocrx_word' id='word_1_414' title='bbox 1417 238 1506 273; x_wconf 82' lang='grc' dir='ltr'><strong>Ἰησοῦ</strong></span> <span class='ocrx_word' id='word_1_415' title='bbox 1525 239 1719 273; x_wconf 78' lang='grc' dir='ltr'><strong>περιπάτησις</strong></span> <span class='ocrx_word' id='word_1_416' title='bbox 1737 237 1790 273; x_wconf 78' lang='grc' dir='ltr'>τὴν</span> <span class='ocrx_word' id='word_1_417' title='bbox 1802 238 1845 263; x_wconf 76' lang='grc' dir='ltr'>τειῦ</span> 
     </span>
    </p>
   </div>
   <div class='ocr_carea' id='block_1_61' title="bbox 1048 283 1847 319">
    <p class='ocr_par' dir='ltr' id='par_1_61' title="bbox 1048 283 1847 319">
     <span class='ocr_line' id='line_1_62' title="bbox 1048 283 1847 319; baseline 0 -9"><span class='ocrx_word' id='word_1_418' title='bbox 1048 283 1226 318; x_wconf 80' lang='grc' dir='ltr'>εύαγγελικοῦ</span> <span class='ocrx_word' id='word_1_419' title='bbox 1263 283 1441 319; x_wconf 83' lang='grc' dir='ltr'><strong>κηρύγματος</strong></span> <span class='ocrx_word' id='word_1_420' title='bbox 1467 284 1575 318; x_wconf 84' lang='grc' dir='ltr'>κίνησιν</span> <span class='ocrx_word' id='word_1_421' title='bbox 1602 284 1773 319; x_wconf 74' lang='grc' dir='ltr'><strong>ἀρξαμένην</strong></span> <span class='ocrx_word' id='word_1_422' title='bbox 1802 285 1847 310; x_wconf 72' lang='grc' dir='ltr'><strong>ἀπ’</strong></span> 
     </span>
    </p>
   </div>
   <div class='ocr_carea' id='block_1_62' title="bbox 1049 329 1848 365">
    <p class='ocr_par' dir='ltr' id='par_1_62' title="bbox 1049 329 1848 365">
     <span class='ocr_line' id='line_1_63' title="bbox 1049 329 1848 365; baseline -0.001 -9"><span class='ocrx_word' id='word_1_423' title='bbox 1049 329 1132 356; x_wconf 76' lang='grc' dir='ltr'>αὐτοῦ</span> <span class='ocrx_word' id='word_1_424' title='bbox 1168 330 1216 356; x_wconf 85' lang='grc' dir='ltr'>τοῦ</span> <span class='ocrx_word' id='word_1_425' title='bbox 1248 329 1447 365; x_wconf 80' lang='grc' dir='ltr'>βαπτίσματος.</span> <span class='ocrx_word' id='word_1_426' title='bbox 1481 329 1574 361; x_wconf 75' lang='grc' dir='ltr'>Οὕτως</span> <span class='ocrx_word' id='word_1_427' title='bbox 1603 332 1658 364; x_wconf 82' lang='grc' dir='ltr'><strong>γὰρ</strong></span> <span class='ocrx_word' id='word_1_428' title='bbox 1697 331 1848 365; x_wconf 62' lang='lat' dir='ltr'><strong>its-raptu};</strong></span> 
     </span>
    </p>
   </div>
   <div class='ocr_carea' id='block_1_63' title="bbox 1048 374 1849 411">
    <p class='ocr_par' dir='ltr' id='par_1_63' title="bbox 1048 374 1849 411">
     <span class='ocr_line' id='line_1_64' title="bbox 1048 374 1849 411; baseline -0.001 -9"><span class='ocrx_word' id='word_1_429' title='bbox 1048 377 1062 402; x_wconf 80' lang='grc' dir='ltr'><strong>ὁ</strong></span> <span class='ocrx_word' id='word_1_430' title='bbox 1081 376 1208 411; x_wconf 77' lang='grc' dir='ltr'><strong>Ἰωάννης</strong></span> <span class='ocrx_word' id='word_1_431' title='bbox 1221 375 1290 409; x_wconf 81' lang='grc' dir='ltr'>μετὰ</span> <span class='ocrx_word' id='word_1_432' title='bbox 1301 376 1330 402; x_wconf 78' lang='grc' dir='ltr'>τὸ</span> <span class='ocrx_word' id='word_1_433' title='bbox 1348 375 1490 410; x_wconf 77' lang='grc' dir='ltr'><strong>βάπτισμα</strong></span> <span class='ocrx_word' id='word_1_434' title='bbox 1505 376 1717 410; x_wconf 78' lang='grc' dir='ltr'>περιπατοῦντα</span> <span class='ocrx_word' id='word_1_435' title='bbox 1729 374 1789 401; x_wconf 81' lang='grc' dir='ltr'>εἶδε</span> <span class='ocrx_word' id='word_1_436' title='bbox 1806 376 1849 401; x_wconf 61' lang='grc' dir='ltr'><strong>τὸν</strong></span> 
     </span>
    </p>
   </div>
   <div class='ocr_carea' id='block_1_64' title="bbox 1049 420 1850 457">
    <p class='ocr_par' dir='ltr' id='par_1_64' title="bbox 1049 420 1850 457">
     <span class='ocr_line' id='line_1_65' title="bbox 1049 420 1850 457; baseline 0.001 -10"><span class='ocrx_word' id='word_1_437' title='bbox 1049 420 1162 456; x_wconf 81' lang='grc' dir='ltr'>Κύριον,</span> <span class='ocrx_word' id='word_1_438' title='bbox 1180 420 1271 447; x_wconf 84' lang='grc' dir='ltr'>Πείθει</span> <span class='ocrx_word' id='word_1_439' title='bbox 1290 421 1318 448; x_wconf 89' lang='grc' dir='ltr'><strong>δέ</strong></span> <span class='ocrx_word' id='word_1_440' title='bbox 1343 430 1377 457; x_wconf 85' lang='grc' dir='ltr'><strong>με</strong></span> <span class='ocrx_word' id='word_1_441' title='bbox 1398 422 1460 457; x_wconf 82' lang='grc' dir='ltr'>τῇδε</span> <span class='ocrx_word' id='word_1_442' title='bbox 1477 423 1548 449; x_wconf 84' lang='grc' dir='ltr'>νοεῖν</span> <span class='ocrx_word' id='word_1_443' title='bbox 1565 422 1596 448; x_wconf 80' lang='grc' dir='ltr'><strong>τὸ</strong></span> <span class='ocrx_word' id='word_1_444' title='bbox 1613 422 1662 449; x_wconf 86' lang='grc' dir='ltr'>τοῦ</span> <span class='ocrx_word' id='word_1_445' title='bbox 1683 422 1850 449; x_wconf 70' lang='grc' dir='ltr'>Βαπτιστοί</span> 
     </span>
    </p>
   </div>
   <div class='ocr_carea' id='block_1_65' title="bbox 1049 467 1853 504">
    <p class='ocr_par' dir='ltr' id='par_1_65' title="bbox 1049 467 1853 504">
     <span class='ocr_line' id='line_1_66' title="bbox 1049 467 1853 504; baseline 0.002 -11"><span class='ocrx_word' id='word_1_446' title='bbox 1049 467 1236 502; x_wconf 76' lang='grc' dir='ltr'>θεσπιώδημα.</span> <span class='ocrx_word' id='word_1_447' title='bbox 1248 467 1359 504; x_wconf 86' lang='grc' dir='ltr'>Είρήκει</span> <span class='ocrx_word' id='word_1_448' title='bbox 1372 469 1427 504; x_wconf 86' lang='grc' dir='ltr'>γάρ</span> <span class='ocrx_word' id='word_1_449' title='bbox 1438 477 1488 495; x_wconf 89' lang='grc' dir='ltr'><strong>που</strong></span> <span class='ocrx_word' id='word_1_450' title='bbox 1504 469 1687 504; x_wconf 71' lang='grc' dir='ltr'><strong>προφητεύων</strong></span> <span class='ocrx_word' id='word_1_451' title='bbox 1698 469 1772 504; x_wconf 76' lang='grc' dir='ltr'>περὶ</span> <span class='ocrx_word' id='word_1_452' title='bbox 1782 469 1853 502; x_wconf 71' lang='grc' dir='ltr'><strong>Χρι-</strong></span> 
     </span>
    </p>
   </div>
   <div class='ocr_carea' id='block_1_66' title="bbox 1051 513 1853 550">
    <p class='ocr_par' dir='ltr' id='par_1_66' title="bbox 1051 513 1853 550">
     <span class='ocr_line' id='line_1_67' title="bbox 1051 513 1853 550; baseline 0.004 -11"><span class='ocrx_word' id='word_1_453' title='bbox 1051 513 1114 540; x_wconf 83' lang='grc' dir='ltr'>στοῦ</span> <span class='ocrx_word' id='word_1_454' title='bbox 1128 521 1135 529; x_wconf 89' lang='grc'><strong>·</strong></span> <span class='ocrx_word' id='word_1_455' title='bbox 1155 522 1165 539; x_wconf 72' lang='grc' dir='ltr'>ι</span> <span class='ocrx_word' id='word_1_456' title='bbox 1190 513 1220 540; x_wconf 87' lang='lat'><strong>&#39;0</strong></span> <span class='ocrx_word' id='word_1_457' title='bbox 1235 514 1305 549; x_wconf 76' lang='grc' dir='ltr'>ἔχων</span> <span class='ocrx_word' id='word_1_458' title='bbox 1321 514 1371 549; x_wconf 86' lang='grc' dir='ltr'>τὴν</span> <span class='ocrx_word' id='word_1_459' title='bbox 1389 515 1509 550; x_wconf 74' lang='grc' dir='ltr'>νύμφην,</span> <span class='ocrx_word' id='word_1_460' title='bbox 1529 516 1648 550; x_wconf 79' lang='grc' dir='ltr'>νυμφίος</span> <span class='ocrx_word' id='word_1_461' title='bbox 1669 516 1751 542; x_wconf 72' lang='grc' dir='ltr'>ἐστίν</span> <span class='ocrx_word' id='word_1_462' title='bbox 1766 525 1774 532; x_wconf 89' lang='grc'>·</span> <span class='ocrx_word' id='word_1_463' title='bbox 1787 517 1803 542; x_wconf 76' lang='grc' dir='ltr'>ὁ</span> <span class='ocrx_word' id='word_1_464' title='bbox 1824 518 1853 544; x_wconf 72' lang='grc' dir='ltr'>δὲ</span> 
     </span>
    </p>
   </div>
   <div class='ocr_carea' id='block_1_67' title="bbox 1052 559 1851 597">
    <p class='ocr_par' dir='ltr' id='par_1_67' title="bbox 1052 559 1851 597">
     <span class='ocr_line' id='line_1_68' title="bbox 1052 559 1851 597; baseline 0.008 -12"><span class='ocrx_word' id='word_1_465' title='bbox 1052 559 1128 594; x_wconf 79' lang='grc' dir='ltr'>φίλος</span> <span class='ocrx_word' id='word_1_466' title='bbox 1140 560 1187 586; x_wconf 86' lang='grc' dir='ltr'>τοῦ</span> <span class='ocrx_word' id='word_1_467' title='bbox 1205 561 1333 595; x_wconf 81' lang='grc' dir='ltr'><strong>νυμφίου,</strong></span> <span class='ocrx_word' id='word_1_468' title='bbox 1348 562 1361 588; x_wconf 80' lang='grc' dir='ltr'>ὁ</span> <span class='ocrx_word' id='word_1_469' title='bbox 1378 561 1513 597; x_wconf 82' lang='grc' dir='ltr'>έστηκὼς,</span> <span class='ocrx_word' id='word_1_470' title='bbox 1541 563 1588 589; x_wconf 80' lang='grc' dir='ltr'>καὶ</span> <span class='ocrx_word' id='word_1_471' title='bbox 1605 563 1719 590; x_wconf 68' lang='grc' dir='ltr'>ἁκούων</span> <span class='ocrx_word' id='word_1_472' title='bbox 1737 564 1829 591; x_wconf 73' lang='grc' dir='ltr'>αὑτοῦ</span> <span class='ocrx_word' id='word_1_473' title='bbox 1844 573 1851 579; x_wconf 95' lang='grc'><strong>·</strong></span> 
     </span>
    </p>
   </div>
   <div class='ocr_carea' id='block_1_68' title="bbox 1053 605 1851 644">
    <p class='ocr_par' dir='ltr' id='par_1_68' title="bbox 1053 605 1851 644">
     <span class='ocr_line' id='line_1_69' title="bbox 1053 605 1851 644; baseline 0.006 -13"><span class='ocrx_word' id='word_1_474' title='bbox 1053 605 1100 632; x_wconf 79' lang='grc' dir='ltr'>καὶ</span> <span class='ocrx_word' id='word_1_475' title='bbox 1112 606 1215 632; x_wconf 79' lang='grc' dir='ltr'>ἐκεῖνον</span> <span class='ocrx_word' id='word_1_476' title='bbox 1230 606 1271 633; x_wconf 85' lang='grc' dir='ltr'><strong>δεῖ</strong></span> <span class='ocrx_word' id='word_1_477' title='bbox 1287 607 1423 640; x_wconf 80' lang='grc' dir='ltr'>αὐξάνειν,</span> <span class='ocrx_word' id='word_1_478' title='bbox 1447 608 1497 643; x_wconf 77' lang='grc' dir='ltr'><strong>ἐμὲ</strong></span> <span class='ocrx_word' id='word_1_479' title='bbox 1512 608 1540 635; x_wconf 80' lang='grc' dir='ltr'>δὲ</span> <span class='ocrx_word' id='word_1_480' title='bbox 1553 609 1739 636; x_wconf 77' lang='grc' dir='ltr'>ἐλαττοῦσθαι</span> <span class='ocrx_word' id='word_1_481' title='bbox 1751 617 1759 624; x_wconf 91' lang='grc'><strong>·</strong></span> <span class='ocrx_word' id='word_1_482' title='bbox 1780 619 1791 635; x_wconf 72' lang='grc' dir='ltr'><strong><em>ι</em></strong></span> <span class='ocrx_word' id='word_1_483' title='bbox 1801 611 1851 644; x_wconf 73' lang='grc' dir='ltr'>τὴν</span> 
     </span>
    </p>
   </div>
   <div class='ocr_carea' id='block_1_69' title="bbox 1054 651 1851 691">
    <p class='ocr_par' dir='ltr' id='par_1_69' title="bbox 1054 651 1851 691">
     <span class='ocr_line' id='line_1_70' title="bbox 1054 651 1851 691; baseline 0.006 -14"><span class='ocrx_word' id='word_1_484' title='bbox 1054 652 1236 687; x_wconf 81' lang='grc' dir='ltr'>εὑαγγελικὴν</span> <span class='ocrx_word' id='word_1_485' title='bbox 1253 651 1376 688; x_wconf 78' lang='grc' dir='ltr'>αὔξησιν,</span> <span class='ocrx_word' id='word_1_486' title='bbox 1397 654 1444 680; x_wconf 76' lang='grc' dir='ltr'>καὶ</span> <span class='ocrx_word' id='word_1_487' title='bbox 1469 654 1518 690; x_wconf 79' lang='grc' dir='ltr'>τὴν</span> <span class='ocrx_word' id='word_1_488' title='bbox 1545 653 1592 681; x_wconf 78' lang='grc' dir='ltr'><strong>τοῦ</strong></span> <span class='ocrx_word' id='word_1_489' title='bbox 1614 655 1701 690; x_wconf 82' lang='grc' dir='ltr'>νόμον</span> <span class='ocrx_word' id='word_1_490' title='bbox 1717 655 1851 691; x_wconf 77' lang='grc' dir='ltr'>δηλώσας</span> 
     </span>
    </p>
   </div>
   <div class='ocr_carea' id='block_1_70' title="bbox 1052 696 1214 724">
    <p class='ocr_par' dir='ltr' id='par_1_70' title="bbox 1052 696 1214 724">
     <span class='ocr_line' id='line_1_71' title="bbox 1052 696 1214 724; baseline 0.012 -2"><span class='ocrx_word' id='word_1_491' title='bbox 1052 696 1214 724; x_wconf 74' lang='grc' dir='ltr'><strong>ἐλάττωσιν.</strong></span> 
     </span>
    </p>
   </div>
   <div class='ocr_carea' id='block_1_71' title="bbox 1092 743 1853 782">
    <p class='ocr_par' dir='ltr' id='par_1_71' title="bbox 1092 743 1853 782">
     <span class='ocr_line' id='line_1_72' title="bbox 1092 743 1853 782; baseline 0.007 -14"><span class='ocrx_word' id='word_1_492' title='bbox 1092 752 1101 769; x_wconf 78' lang='grc' dir='ltr'>ι</span> <span class='ocrx_word' id='word_1_493' title='bbox 1118 743 1259 770; x_wconf 83' lang='grc' dir='ltr'><strong>Ἤκουσαν</strong></span> <span class='ocrx_word' id='word_1_494' title='bbox 1275 743 1304 770; x_wconf 73' lang='grc' dir='ltr'>δὲ</span> <span class='ocrx_word' id='word_1_495' title='bbox 1319 743 1403 771; x_wconf 81' lang='grc' dir='ltr'>αὐτοῦ</span> <span class='ocrx_word' id='word_1_496' title='bbox 1428 744 1454 772; x_wconf 82' lang='grc' dir='ltr'>οῑ</span> <span class='ocrx_word' id='word_1_497' title='bbox 1469 744 1517 772; x_wconf 87' lang='grc' dir='ltr'><strong>δύο</strong></span> <span class='ocrx_word' id='word_1_498' title='bbox 1532 746 1654 782; x_wconf 82' lang='grc' dir='ltr'>μαθηταὶ</span> <span class='ocrx_word' id='word_1_499' title='bbox 1682 745 1853 779; x_wconf 73' lang='grc' dir='ltr'>λαλοῦντος,</span> 
     </span>
    </p>
   </div>
   <div class='ocr_carea' id='block_1_72' title="bbox 1054 789 1852 828">
    <p class='ocr_par' dir='ltr' id='par_1_72' title="bbox 1054 789 1852 828">
     <span class='ocr_line' id='line_1_73' title="bbox 1054 789 1852 828; baseline 0.006 -13"><span class='ocrx_word' id='word_1_500' title='bbox 1054 789 1102 816; x_wconf 78' lang='grc' dir='ltr'>καὶ</span> <span class='ocrx_word' id='word_1_501' title='bbox 1116 789 1304 824; x_wconf 72' lang='grc' dir='ltr'><strong>ἠκολούθησαν</strong></span> <span class='ocrx_word' id='word_1_502' title='bbox 1322 791 1405 826; x_wconf 71' lang='grc' dir='ltr'>αὐτῷ.</span> <span class='ocrx_word' id='word_1_503' title='bbox 1426 800 1436 816; x_wconf 74' lang='grc' dir='ltr'><strong>ι</strong></span> <span class='ocrx_word' id='word_1_504' title='bbox 1457 791 1501 824; x_wconf 86' lang='grc' dir='ltr'>Ὠς</span> <span class='ocrx_word' id='word_1_505' title='bbox 1517 791 1564 818; x_wconf 76' lang='grc' dir='ltr'>οὖν</span> <span class='ocrx_word' id='word_1_506' title='bbox 1574 792 1740 828; x_wconf 83' lang='grc' dir='ltr'><strong>ἀμφοτέρω,</strong></span> <span class='ocrx_word' id='word_1_507' title='bbox 1753 795 1852 827; x_wconf 60' lang='grc' dir='ltr'>φησιν,</span> 
     </span>
    </p>
   </div>
   <div class='ocr_carea' id='block_1_73' title="bbox 1047 827 1853 874">
    <p class='ocr_par' dir='ltr' id='par_1_73' title="bbox 1047 827 1853 874">
     <span class='ocr_line' id='line_1_74' title="bbox 1047 827 1853 874; baseline 0.006 -13"><span class='ocrx_word' id='word_1_508' title='bbox 1047 827 1211 871; x_wconf 72' lang='grc' dir='ltr'><strong>’ἠκουσάτην</strong></span> <span class='ocrx_word' id='word_1_509' title='bbox 1233 836 1272 863; x_wconf 86' lang='grc' dir='ltr'><strong>τὼ</strong></span> <span class='ocrx_word' id='word_1_510' title='bbox 1297 836 1419 872; x_wconf 85' lang='grc' dir='ltr'>μαθητὰ,</span> <span class='ocrx_word' id='word_1_511' title='bbox 1435 838 1658 873; x_wconf 77' lang='grc' dir='ltr'>ἢκολουθήκατον</span> <span class='ocrx_word' id='word_1_512' title='bbox 1682 841 1725 874; x_wconf 84' lang='grc' dir='ltr'>τῷ</span> <span class='ocrx_word' id='word_1_513' title='bbox 1747 839 1853 874; x_wconf 68' lang='grc' dir='ltr'>Ἰησοῦ.</span> 
     </span>
    </p>
   </div>
   <div class='ocr_carea' id='block_1_74' title="bbox 1056 882 1853 921">
    <p class='ocr_par' dir='ltr' id='par_1_74' title="bbox 1056 882 1853 921">
     <span class='ocr_line' id='line_1_75' title="bbox 1056 882 1853 921; baseline 0.004 -12"><span class='ocrx_word' id='word_1_514' title='bbox 1056 882 1087 909; x_wconf 72' lang='lat' dir='ltr'><strong>Et</strong></span> <span class='ocrx_word' id='word_1_515' title='bbox 1099 883 1126 909; x_wconf 85' lang='grc' dir='ltr'>δὲ</span> <span class='ocrx_word' id='word_1_516' title='bbox 1142 882 1189 910; x_wconf 78' lang='grc' dir='ltr'>καὶ</span> <span class='ocrx_word' id='word_1_517' title='bbox 1199 883 1213 909; x_wconf 86' lang='grc' dir='ltr'><strong><em>ὁ</em></strong></span> <span class='ocrx_word' id='word_1_518' title='bbox 1229 883 1371 919; x_wconf 79' lang='grc' dir='ltr'>ἀνώνυμος</span> <span class='ocrx_word' id='word_1_519' title='bbox 1385 883 1520 919; x_wconf 83' lang='grc' dir='ltr'>μαθητὴς,</span> <span class='ocrx_word' id='word_1_520' title='bbox 1532 884 1546 910; x_wconf 78' lang='grc' dir='ltr'><strong>ὁ</strong></span> <span class='ocrx_word' id='word_1_521' title='bbox 1560 884 1607 911; x_wconf 81' lang='grc' dir='ltr'>τοῦ</span> <span class='ocrx_word' id='word_1_522' title='bbox 1620 885 1795 921; x_wconf 81' lang='grc' dir='ltr'><strong>γράμματος</strong></span> <span class='ocrx_word' id='word_1_523' title='bbox 1811 888 1853 918; x_wconf 78' lang='grc' dir='ltr'>εἰς</span> 
     </span>
    </p>
   </div>
   <div class='ocr_carea' id='block_1_75' title="bbox 1055 928 1852 966">
    <p class='ocr_par' dir='ltr' id='par_1_75' title="bbox 1055 928 1852 966">
     <span class='ocr_line' id='line_1_76' title="bbox 1055 928 1852 966; baseline 0.003 -10"><span class='ocrx_word' id='word_1_524' title='bbox 1055 929 1139 956; x_wconf 84' lang='grc' dir='ltr'>τύπον</span> <span class='ocrx_word' id='word_1_525' title='bbox 1162 928 1285 963; x_wconf 76' lang='grc' dir='ltr'>ληφθεὶς,</span> <span class='ocrx_word' id='word_1_526' title='bbox 1314 929 1373 964; x_wconf 82' lang='grc' dir='ltr'>μετ’</span> <span class='ocrx_word' id='word_1_527' title='bbox 1397 929 1522 965; x_wconf 78' lang='grc' dir='ltr'>Ἀνδρέου</span> <span class='ocrx_word' id='word_1_528' title='bbox 1545 931 1702 964; x_wconf 76' lang='grc' dir='ltr'>ἀκολουθετ,</span> <span class='ocrx_word' id='word_1_529' title='bbox 1721 933 1814 966; x_wconf 78' lang='grc' dir='ltr'>μηδέν</span> <span class='ocrx_word' id='word_1_530' title='bbox 1827 941 1852 958; x_wconf 76' lang='grc' dir='ltr'><strong>τι</strong></span> 
     </span>
    </p>
   </div>
   <div class='ocr_carea' id='block_1_76' title="bbox 1056 976 1853 1014">
    <p class='ocr_par' dir='ltr' id='par_1_76' title="bbox 1056 976 1853 1014">
     <span class='ocr_line' id='line_1_77' title="bbox 1056 976 1853 1014; baseline 0.003 -10"><span class='ocrx_word' id='word_1_531' title='bbox 1056 976 1220 1012; x_wconf 79' lang='grc' dir='ltr'>θορυϐηθῇς.</span> <span class='ocrx_word' id='word_1_532' title='bbox 1239 976 1336 1004; x_wconf 82' lang='grc' dir='ltr'>Πολλοὶ</span> <span class='ocrx_word' id='word_1_533' title='bbox 1349 977 1404 1013; x_wconf 79' lang='grc' dir='ltr'>γὰρ</span> <span class='ocrx_word' id='word_1_534' title='bbox 1419 978 1452 1004; x_wconf 84' lang='grc' dir='ltr'>ὲκ</span> <span class='ocrx_word' id='word_1_535' title='bbox 1466 977 1516 1012; x_wconf 84' lang='grc' dir='ltr'>τῆς</span> <span class='ocrx_word' id='word_1_536' title='bbox 1525 977 1656 1013; x_wconf 75' lang='grc' dir='ltr'><strong>λατρείας</strong></span> <span class='ocrx_word' id='word_1_537' title='bbox 1664 981 1717 1014; x_wconf 81' lang='grc' dir='ltr'>τῆς</span> <span class='ocrx_word' id='word_1_538' title='bbox 1727 980 1853 1010; x_wconf 72' lang='grc' dir='ltr'>παλαιᾶς</span> 
     </span>
    </p>
   </div>
   <div class='ocr_carea' id='block_1_77' title="bbox 1056 1023 1856 1060">
    <p class='ocr_par' dir='ltr' id='par_1_77' title="bbox 1056 1023 1856 1060">
     <span class='ocr_line' id='line_1_78' title="bbox 1056 1023 1856 1060; baseline 0.003 -11"><span class='ocrx_word' id='word_1_539' title='bbox 1056 1023 1219 1058; x_wconf 83' lang='grc' dir='ltr'>ὑπήχθησαν</span> <span class='ocrx_word' id='word_1_540' title='bbox 1231 1023 1271 1058; x_wconf 84' lang='grc' dir='ltr'>τῷ</span> <span class='ocrx_word' id='word_1_541' title='bbox 1282 1023 1329 1050; x_wconf 82' lang='grc' dir='ltr'>τοῦ</span> <span class='ocrx_word' id='word_1_542' title='bbox 1343 1023 1514 1058; x_wconf 81' lang='grc' dir='ltr'>Εὑαγγελίου</span> <span class='ocrx_word' id='word_1_543' title='bbox 1525 1024 1601 1060; x_wconf 83' lang='grc' dir='ltr'>ζυγῷ</span> <span class='ocrx_word' id='word_1_544' title='bbox 1614 1025 1663 1051; x_wconf 71' lang='grc' dir='ltr'>καὶ</span> <span class='ocrx_word' id='word_1_545' title='bbox 1673 1025 1856 1056; x_wconf 71' lang='grc' dir='ltr'><strong>εἰσελθόντος</strong></span> 
     </span>
    </p>
   </div>
   <div class='ocr_carea' id='block_1_78' title="bbox 1054 1068 1856 1105">
    <p class='ocr_par' dir='ltr' id='par_1_78' title="bbox 1054 1068 1856 1105">
     <span class='ocr_line' id='line_1_79' title="bbox 1054 1068 1856 1105; baseline 0 -10"><span class='ocrx_word' id='word_1_546' title='bbox 1054 1069 1102 1095; x_wconf 81' lang='grc' dir='ltr'><strong>τοῦ</strong></span> <span class='ocrx_word' id='word_1_547' title='bbox 1120 1068 1303 1104; x_wconf 82' lang='grc' dir='ltr'>πληρώματος</span> <span class='ocrx_word' id='word_1_548' title='bbox 1317 1069 1373 1096; x_wconf 87' lang='grc' dir='ltr'><strong>τῶν</strong></span> <span class='ocrx_word' id='word_1_549' title='bbox 1381 1069 1475 1102; x_wconf 83' lang='grc' dir='ltr'>ὲθνῶν,</span> <span class='ocrx_word' id='word_1_550' title='bbox 1488 1069 1523 1101; x_wconf 82' lang='grc' dir='ltr'>ὥς</span> <span class='ocrx_word' id='word_1_551' title='bbox 1537 1078 1620 1105; x_wconf 73' lang='grc' dir='ltr'>φησιν</span> <span class='ocrx_word' id='word_1_552' title='bbox 1634 1071 1651 1096; x_wconf 81' lang='grc' dir='ltr'><strong><em>ὁ</em></strong></span> <span class='ocrx_word' id='word_1_553' title='bbox 1669 1071 1856 1102; x_wconf 73' lang='grc' dir='ltr'>“Δπόστολος,</span> 
     </span>
    </p>
   </div>
   <div class='ocr_carea' id='block_1_79' title="bbox 1055 1115 1652 1152">
    <p class='ocr_par' dir='ltr' id='par_1_79' title="bbox 1055 1115 1652 1152">
     <span class='ocr_line' id='line_1_80' title="bbox 1055 1115 1652 1152; baseline 0.003 -10"><span class='ocrx_word' id='word_1_554' title='bbox 1055 1115 1085 1142; x_wconf 84' lang='grc' dir='ltr'><strong>τδ</strong></span> <span class='ocrx_word' id='word_1_555' title='bbox 1100 1116 1276 1151; x_wconf 78' lang='grc' dir='ltr'>κατάλειμμα</span> <span class='ocrx_word' id='word_1_556' title='bbox 1287 1115 1333 1142; x_wconf 80' lang='grc' dir='ltr'>τοῦ</span> <span class='ocrx_word' id='word_1_557' title='bbox 1360 1116 1468 1152; x_wconf 87' lang='grc' dir='ltr'>Ἰσραὴλ</span> <span class='ocrx_word' id='word_1_558' title='bbox 1487 1116 1652 1152; x_wconf 78' lang='grc' dir='ltr'>σωθήσεται.</span> 
     </span>
    </p>
   </div>
   <div class='ocr_carea' id='block_1_80' title="bbox 1099 1163 1854 1198">
    <p class='ocr_par' dir='ltr' id='par_1_80' title="bbox 1099 1163 1854 1198">
     <span class='ocr_line' id='line_1_81' title="bbox 1099 1163 1854 1198; baseline -0.001 -8"><span class='ocrx_word' id='word_1_559' title='bbox 1099 1163 1341 1198; x_wconf 83' lang='grc' dir='ltr'>Ἀκολουθήσωμεν</span> <span class='ocrx_word' id='word_1_560' title='bbox 1355 1165 1402 1190; x_wconf 77' lang='grc' dir='ltr'>καὶ</span> <span class='ocrx_word' id='word_1_561' title='bbox 1420 1164 1510 1198; x_wconf 60' lang='grc' dir='ltr'>ἡμεῖς,</span> <span class='ocrx_word' id='word_1_562' title='bbox 1529 1163 1680 1198; x_wconf 82' lang='grc' dir='ltr'>ἀγαπητοὶ,</span> <span class='ocrx_word' id='word_1_563' title='bbox 1694 1163 1737 1198; x_wconf 83' lang='grc' dir='ltr'>τῷ</span> <span class='ocrx_word' id='word_1_564' title='bbox 1753 1163 1854 1197; x_wconf 71' lang='grc' dir='ltr'>ἀγαθῷ</span> 
     </span>
    </p>
   </div>
   <div class='ocr_carea' id='block_1_81' title="bbox 1057 1208 1853 1244">
    <p class='ocr_par' dir='ltr' id='par_1_81' title="bbox 1057 1208 1853 1244">
     <span class='ocr_line' id='line_1_82' title="bbox 1057 1208 1853 1244; baseline 0 -9"><span class='ocrx_word' id='word_1_565' title='bbox 1057 1209 1181 1244; x_wconf 83' lang='grc' dir='ltr'>Δεσπότῃ</span> <span class='ocrx_word' id='word_1_566' title='bbox 1201 1209 1312 1244; x_wconf 76' lang='grc' dir='ltr'>Χριστῷ</span> <span class='ocrx_word' id='word_1_567' title='bbox 1326 1209 1370 1235; x_wconf 83' lang='grc' dir='ltr'><strong>διὰ</strong></span> <span class='ocrx_word' id='word_1_568' title='bbox 1383 1208 1500 1244; x_wconf 81' lang='grc' dir='ltr'>θεωρίας</span> <span class='ocrx_word' id='word_1_569' title='bbox 1514 1209 1561 1235; x_wconf 82' lang='grc' dir='ltr'>καὶ</span> <span class='ocrx_word' id='word_1_570' title='bbox 1574 1209 1704 1244; x_wconf 72' lang='grc' dir='ltr'>πράξεως</span> <span class='ocrx_word' id='word_1_571' title='bbox 1726 1209 1781 1242; x_wconf 77' lang='grc' dir='ltr'>τὴν</span> <span class='ocrx_word' id='word_1_572' title='bbox 1808 1210 1853 1235; x_wconf 77' lang='grc' dir='ltr'><strong>ἐπὶ</strong></span> 
     </span>
    </p>
   </div>
   <div class='ocr_carea' id='block_1_82' title="bbox 1058 1254 1853 1290">
    <p class='ocr_par' dir='ltr' id='par_1_82' title="bbox 1058 1254 1853 1290">
     <span class='ocr_line' id='line_1_83' title="bbox 1058 1254 1853 1290; baseline -0.001 -9"><span class='ocrx_word' id='word_1_573' title='bbox 1058 1256 1109 1290; x_wconf 84' lang='grc' dir='ltr'><strong>γῆς</strong></span> <span class='ocrx_word' id='word_1_574' title='bbox 1124 1254 1208 1282; x_wconf 79' lang='grc' dir='ltr'>αὑτοῦ</span> <span class='ocrx_word' id='word_1_575' title='bbox 1237 1254 1386 1287; x_wconf 82' lang='grc' dir='ltr'><strong>πολιτείαν,</strong></span> <span class='ocrx_word' id='word_1_576' title='bbox 1403 1255 1441 1286; x_wconf 86' lang='grc' dir='ltr'>ὡς</span> <span class='ocrx_word' id='word_1_577' title='bbox 1454 1255 1567 1281; x_wconf 78' lang='grc' dir='ltr'>δυνατὸν</span> <span class='ocrx_word' id='word_1_578' title='bbox 1590 1254 1737 1290; x_wconf 78' lang='grc' dir='ltr'>ἀνθρώπῳ</span> <span class='ocrx_word' id='word_1_579' title='bbox 1750 1255 1853 1289; x_wconf 62' lang='grc' dir='ltr'>μιμού-</span> 
     </span>
    </p>
   </div>
   <div class='ocr_carea' id='block_1_83' title="bbox 1060 1300 1855 1337">
    <p class='ocr_par' dir='ltr' id='par_1_83' title="bbox 1060 1300 1855 1337">
     <span class='ocr_line' id='line_1_84' title="bbox 1060 1300 1855 1337; baseline -0.003 -9"><span class='ocrx_word' id='word_1_580' title='bbox 1060 1310 1146 1337; x_wconf 86' lang='grc' dir='ltr'>μενοι.</span> <span class='ocrx_word' id='word_1_581' title='bbox 1168 1301 1376 1336; x_wconf 76' lang='grc' dir='ltr'>’Δπαλείψωμεν</span> <span class='ocrx_word' id='word_1_582' title='bbox 1395 1301 1446 1333; x_wconf 79' lang='grc' dir='ltr'>τὰς</span> <span class='ocrx_word' id='word_1_583' title='bbox 1458 1300 1596 1336; x_wconf 79' lang='grc' dir='ltr'>ἁμαρτίας</span> <span class='ocrx_word' id='word_1_584' title='bbox 1621 1300 1705 1335; x_wconf 78' lang='grc' dir='ltr'>ἡμῶν</span> <span class='ocrx_word' id='word_1_585' title='bbox 1719 1300 1758 1326; x_wconf 77' lang='grc' dir='ltr'>δι’</span> <span class='ocrx_word' id='word_1_586' title='bbox 1775 1302 1855 1335; x_wconf 64' lang='grc' dir='ltr'>ἐλεη-</span> 
     </span>
    </p>
   </div>
   <div class='ocr_carea' id='block_1_84' title="bbox 1059 1342 1855 1383">
    <p class='ocr_par' dir='ltr' id='par_1_84' title="bbox 1059 1342 1855 1383">
     <span class='ocr_line' id='line_1_85' title="bbox 1059 1342 1855 1383; baseline 0 -9"><span class='ocrx_word' id='word_1_587' title='bbox 1059 1347 1190 1383; x_wconf 84' lang='grc' dir='ltr'>μοσύνης,</span> <span class='ocrx_word' id='word_1_588' title='bbox 1201 1342 1352 1382; x_wconf 75' lang='grc' dir='ltr'>ἀνοίξωμεν</span> <span class='ocrx_word' id='word_1_589' title='bbox 1364 1347 1506 1382; x_wconf 82' lang='grc' dir='ltr'>σπλάγχνα</span> <span class='ocrx_word' id='word_1_590' title='bbox 1521 1347 1671 1381; x_wconf 83' lang='grc' dir='ltr'>οικτιρμών</span> <span class='ocrx_word' id='word_1_591' title='bbox 1685 1348 1748 1378; x_wconf 61' lang='lat' dir='ltr'><strong>so&#39;t;</strong></span> <span class='ocrx_word' id='word_1_592' title='bbox 1763 1355 1855 1374; x_wconf 76' lang='grc' dir='ltr'>πενω-</span> 
     </span>
    </p>
   </div>
   <div class='ocr_carea' id='block_1_85' title="bbox 1060 1392 1856 1430">
    <p class='ocr_par' dir='ltr' id='par_1_85' title="bbox 1060 1392 1856 1430">
     <span class='ocr_line' id='line_1_86' title="bbox 1060 1392 1856 1430; baseline -0.001 -10"><span class='ocrx_word' id='word_1_593' title='bbox 1060 1395 1162 1430; x_wconf 81' lang='grc' dir='ltr'>μένοις,</span> <span class='ocrx_word' id='word_1_594' title='bbox 1184 1394 1385 1428; x_wconf 70' lang='grc' dir='ltr'>Ἐρωτήσωμεν</span> <span class='ocrx_word' id='word_1_595' title='bbox 1407 1393 1454 1419; x_wconf 79' lang='grc' dir='ltr'>καὶ</span> <span class='ocrx_word' id='word_1_596' title='bbox 1469 1393 1550 1428; x_wconf 80' lang='grc' dir='ltr'>ἡμεῖς</span> <span class='ocrx_word' id='word_1_597' title='bbox 1574 1392 1620 1419; x_wconf 76' lang='grc' dir='ltr'>τὸν</span> <span class='ocrx_word' id='word_1_598' title='bbox 1639 1392 1763 1427; x_wconf 74' lang='grc' dir='ltr'>Κύριον,</span> <span class='ocrx_word' id='word_1_599' title='bbox 1785 1393 1826 1425; x_wconf 82' lang='grc' dir='ltr'>ὼς</span> <span class='ocrx_word' id='word_1_600' title='bbox 1845 1395 1856 1419; x_wconf 69' lang='grc' dir='ltr'>ὁ</span> 
     </span>
    </p>
   </div>
   <div class='ocr_carea' id='block_1_86' title="bbox 1061 1438 1858 1475">
    <p class='ocr_par' dir='ltr' id='par_1_86' title="bbox 1061 1438 1858 1475">
     <span class='ocr_line' id='line_1_87' title="bbox 1061 1438 1858 1475; baseline -0.001 -9"><span class='ocrx_word' id='word_1_601' title='bbox 1061 1441 1147 1475; x_wconf 80' lang='grc' dir='ltr'>μέγας</span> <span class='ocrx_word' id='word_1_602' title='bbox 1169 1439 1292 1475; x_wconf 81' lang='grc' dir='ltr'>’Δνδρέας</span> <span class='ocrx_word' id='word_1_603' title='bbox 1307 1446 1314 1453; x_wconf 86' lang='grc'><em>’</em></span> <span class='ocrx_word' id='word_1_604' title='bbox 1334 1449 1342 1465; x_wconf 78' lang='grc' dir='ltr'>ι</span> <span class='ocrx_word' id='word_1_605' title='bbox 1357 1439 1518 1471; x_wconf 72' lang='grc' dir='ltr'>Διδάσκαλε,</span> <span class='ocrx_word' id='word_1_606' title='bbox 1532 1439 1582 1465; x_wconf 86' lang='grc' dir='ltr'>ποῦ</span> <span class='ocrx_word' id='word_1_607' title='bbox 1604 1438 1711 1473; x_wconf 81' lang='grc' dir='ltr'>μένεις,</span> <span class='ocrx_word' id='word_1_608' title='bbox 1747 1448 1757 1464; x_wconf 73' lang='grc' dir='ltr'><strong>ι</strong></span> <span class='ocrx_word' id='word_1_609' title='bbox 1778 1439 1858 1466; x_wconf 73' lang='grc' dir='ltr'>Εἰσό-</span> 
     </span>
    </p>
   </div>
   <div class='ocr_carea' id='block_1_87' title="bbox 1062 1485 1856 1523">
    <p class='ocr_par' dir='ltr' id='par_1_87' title="bbox 1062 1485 1856 1523">
     <span class='ocr_line' id='line_1_88' title="bbox 1062 1485 1856 1523; baseline -0.001 -10"><span class='ocrx_word' id='word_1_610' title='bbox 1062 1487 1131 1523; x_wconf 82' lang='grc' dir='ltr'>μεθα</span> <span class='ocrx_word' id='word_1_611' title='bbox 1147 1487 1212 1521; x_wconf 77' lang='grc' dir='ltr'>γὰρ,</span> <span class='ocrx_word' id='word_1_612' title='bbox 1231 1487 1269 1517; x_wconf 83' lang='grc' dir='ltr'>ὡς</span> <span class='ocrx_word' id='word_1_613' title='bbox 1281 1487 1310 1513; x_wconf 72' lang='grc' dir='ltr'><strong>ἐν</strong></span> <span class='ocrx_word' id='word_1_614' title='bbox 1322 1487 1356 1522; x_wconf 84' lang='grc' dir='ltr'><strong>τῇ</strong></span> <span class='ocrx_word' id='word_1_615' title='bbox 1368 1485 1467 1521; x_wconf 70' lang='grc' dir='ltr'>καρδίᾳ</span> <span class='ocrx_word' id='word_1_616' title='bbox 1480 1486 1555 1521; x_wconf 81' lang='grc' dir='ltr'>μένει</span> <span class='ocrx_word' id='word_1_617' title='bbox 1568 1485 1615 1512; x_wconf 82' lang='grc' dir='ltr'>τοῦ</span> <span class='ocrx_word' id='word_1_618' title='bbox 1627 1486 1800 1520; x_wconf 81' lang='grc' dir='ltr'>έλεήμονος,</span> <span class='ocrx_word' id='word_1_619' title='bbox 1812 1487 1856 1512; x_wconf 70' lang='grc' dir='ltr'>τοῦ</span> 
     </span>
    </p>
   </div>
   <div class='ocr_carea' id='block_1_88' title="bbox 1063 1532 1858 1569">
    <p class='ocr_par' dir='ltr' id='par_1_88' title="bbox 1063 1532 1858 1569">
     <span class='ocr_line' id='line_1_89' title="bbox 1063 1532 1858 1569; baseline -0.001 -9"><span class='ocrx_word' id='word_1_620' title='bbox 1063 1533 1235 1569; x_wconf 77' lang='grc' dir='ltr'>συμπαθοῦς,</span> <span class='ocrx_word' id='word_1_621' title='bbox 1252 1532 1299 1559; x_wconf 84' lang='grc' dir='ltr'>τοῦ</span> <span class='ocrx_word' id='word_1_622' title='bbox 1326 1532 1364 1568; x_wconf 84' lang='grc' dir='ltr'>μὴ</span> <span class='ocrx_word' id='word_1_623' title='bbox 1389 1532 1536 1567; x_wconf 78' lang='grc' dir='ltr'>τρέφοντος</span> <span class='ocrx_word' id='word_1_624' title='bbox 1559 1532 1650 1567; x_wconf 79' lang='grc' dir='ltr'>ἐαυτῷ</span> <span class='ocrx_word' id='word_1_625' title='bbox 1665 1533 1774 1567; x_wconf 78' lang='grc' dir='ltr'>φθόνον</span> <span class='ocrx_word' id='word_1_626' title='bbox 1790 1535 1858 1560; x_wconf 69' lang='grc' dir='ltr'>κατὰ</span> 
     </span>
    </p>
   </div>
   <div class='ocr_carea' id='block_1_89' title="bbox 1060 1578 1859 1614">
    <p class='ocr_par' dir='ltr' id='par_1_89' title="bbox 1060 1578 1859 1614">
     <span class='ocr_line' id='line_1_90' title="bbox 1060 1578 1859 1614; baseline -0.003 -7"><span class='ocrx_word' id='word_1_627' title='bbox 1060 1581 1108 1607; x_wconf 74' lang='grc' dir='ltr'>τοῦ</span> <span class='ocrx_word' id='word_1_628' title='bbox 1125 1580 1257 1614; x_wconf 86' lang='grc' dir='ltr'>γείτονος,</span> <span class='ocrx_word' id='word_1_629' title='bbox 1274 1579 1322 1606; x_wconf 79' lang='grc' dir='ltr'>τοῦ</span> <span class='ocrx_word' id='word_1_630' title='bbox 1349 1579 1388 1614; x_wconf 83' lang='grc' dir='ltr'>μὴ</span> <span class='ocrx_word' id='word_1_631' title='bbox 1405 1578 1583 1611; x_wconf 79' lang='grc' dir='ltr'>πλουτοῦντος</span> <span class='ocrx_word' id='word_1_632' title='bbox 1599 1579 1628 1612; x_wconf 72' lang='grc' dir='ltr'><strong>ἐξ</strong></span> <span class='ocrx_word' id='word_1_633' title='bbox 1642 1579 1798 1614; x_wconf 76' lang='grc' dir='ltr'>ἁρπαγῆς,</span> <span class='ocrx_word' id='word_1_634' title='bbox 1816 1581 1859 1607; x_wconf 68' lang='grc' dir='ltr'>καὶ</span> 
     </span>
    </p>
   </div>
   <div class='ocr_carea' id='block_1_90' title="bbox 1061 1625 1859 1661">
    <p class='ocr_par' dir='ltr' id='par_1_90' title="bbox 1061 1625 1859 1661">
     <span class='ocr_line' id='line_1_91' title="bbox 1061 1625 1859 1661; baseline -0.003 -8"><span class='ocrx_word' id='word_1_635' title='bbox 1061 1626 1169 1658; x_wconf 74' lang='grc' dir='ltr'>ἀδικίας</span> <span class='ocrx_word' id='word_1_636' title='bbox 1181 1634 1189 1642; x_wconf 85' lang='grc'><strong>·</strong></span> <span class='ocrx_word' id='word_1_637' title='bbox 1206 1626 1252 1652; x_wconf 84' lang='grc' dir='ltr'>τοῦ</span> <span class='ocrx_word' id='word_1_638' title='bbox 1271 1625 1309 1661; x_wconf 81' lang='grc' dir='ltr'>μὴ</span> <span class='ocrx_word' id='word_1_639' title='bbox 1326 1625 1510 1661; x_wconf 82' lang='grc' dir='ltr'>μνησικακίαν</span> <span class='ocrx_word' id='word_1_640' title='bbox 1525 1625 1554 1651; x_wconf 69' lang='grc' dir='ltr'>ὲν</span> <span class='ocrx_word' id='word_1_641' title='bbox 1582 1626 1616 1660; x_wconf 81' lang='grc' dir='ltr'>τῇ</span> <span class='ocrx_word' id='word_1_642' title='bbox 1635 1625 1713 1660; x_wconf 76' lang='grc' dir='ltr'>ψυχῇ</span> <span class='ocrx_word' id='word_1_643' title='bbox 1742 1627 1859 1660; x_wconf 62' lang='grc' dir='ltr'>περιφλέ-</span> 
     </span>
    </p>
   </div>
   <div class='ocr_carea' id='block_1_91' title="bbox 1063 1671 1858 1712">
    <p class='ocr_par' dir='ltr' id='par_1_91' title="bbox 1063 1671 1858 1712">
     <span class='ocr_line' id='line_1_92' title="bbox 1063 1671 1858 1712; baseline -0.003 -12"><span class='ocrx_word' id='word_1_644' title='bbox 1063 1682 1166 1709; x_wconf 75' lang='grc' dir='ltr'>ροντος,</span> <span class='ocrx_word' id='word_1_645' title='bbox 1182 1672 1230 1700; x_wconf 80' lang='grc' dir='ltr'><strong>τοῦ</strong></span> <span class='ocrx_word' id='word_1_646' title='bbox 1262 1671 1504 1712; x_wconf 66' lang='grc' dir='ltr'>μακροθυμοῦντος</span> <span class='ocrx_word' id='word_1_647' title='bbox 1528 1671 1575 1698; x_wconf 67' lang='grc' dir='ltr'><strong>ἐπὶ</strong></span> <span class='ocrx_word' id='word_1_648' title='bbox 1591 1672 1629 1706; x_wconf 84' lang='grc' dir='ltr'>τῷ</span> <span class='ocrx_word' id='word_1_649' title='bbox 1643 1672 1793 1700; x_wconf 80' lang='grc' dir='ltr'>πταίοντι.</span> <span class='ocrx_word' id='word_1_650' title='bbox 1820 1672 1858 1699; x_wconf 80' lang='grc' dir='ltr'><strong>Ἐν</strong></span> 
     </span>
    </p>
   </div>
   <div class='ocr_carea' id='block_1_92' title="bbox 1061 1718 1858 1755">
    <p class='ocr_par' dir='ltr' id='par_1_92' title="bbox 1061 1718 1858 1755">
     <span class='ocr_line' id='line_1_93' title="bbox 1061 1718 1858 1755; baseline -0.003 -9"><span class='ocrx_word' id='word_1_651' title='bbox 1061 1719 1174 1755; x_wconf 83' lang='grc' dir='ltr'>τοιαύτῃ</span> <span class='ocrx_word' id='word_1_652' title='bbox 1192 1719 1264 1754; x_wconf 79' lang='grc' dir='ltr'>ψυχῇ</span> <span class='ocrx_word' id='word_1_653' title='bbox 1294 1718 1370 1753; x_wconf 85' lang='grc' dir='ltr'>μένει</span> <span class='ocrx_word' id='word_1_654' title='bbox 1386 1718 1462 1750; x_wconf 85' lang='grc' dir='ltr'>Θεός.</span> <span class='ocrx_word' id='word_1_655' title='bbox 1479 1718 1625 1752; x_wconf 82' lang='grc' dir='ltr'>Μείνωμεν</span> <span class='ocrx_word' id='word_1_656' title='bbox 1649 1718 1681 1743; x_wconf 74' lang='grc' dir='ltr'>ἐν</span> <span class='ocrx_word' id='word_1_657' title='bbox 1695 1719 1765 1750; x_wconf 79' lang='grc' dir='ltr'>ταῖς</span> <span class='ocrx_word' id='word_1_658' title='bbox 1783 1719 1858 1745; x_wconf 77' lang='grc' dir='ltr'>ἐντο-</span> 
     </span>
    </p>
   </div>
   <div class='ocr_carea' id='block_1_93' title="bbox 1062 1763 1857 1801">
    <p class='ocr_par' dir='ltr' id='par_1_93' title="bbox 1062 1763 1857 1801">
     <span class='ocr_line' id='line_1_94' title="bbox 1062 1763 1857 1801; baseline -0.004 -9"><span class='ocrx_word' id='word_1_659' title='bbox 1062 1765 1123 1797; x_wconf 82' lang='grc' dir='ltr'>λαῖς</span> <span class='ocrx_word' id='word_1_660' title='bbox 1149 1765 1196 1792; x_wconf 82' lang='grc' dir='ltr'>τοῦ</span> <span class='ocrx_word' id='word_1_661' title='bbox 1221 1764 1350 1801; x_wconf 83' lang='grc' dir='ltr'>Χριστοῦ,</span> <span class='ocrx_word' id='word_1_662' title='bbox 1375 1763 1413 1795; x_wconf 84' lang='grc' dir='ltr'><strong>ὡς</strong></span> <span class='ocrx_word' id='word_1_663' title='bbox 1439 1764 1464 1790; x_wconf 76' lang='grc' dir='ltr'>οἱ</span> <span class='ocrx_word' id='word_1_664' title='bbox 1480 1763 1527 1790; x_wconf 86' lang='grc' dir='ltr'><strong>δύο</strong></span> <span class='ocrx_word' id='word_1_665' title='bbox 1540 1763 1662 1798; x_wconf 76' lang='grc' dir='ltr'>μαθηταὶ</span> <span class='ocrx_word' id='word_1_666' title='bbox 1676 1765 1751 1798; x_wconf 83' lang='grc' dir='ltr'>παρ’</span> <span class='ocrx_word' id='word_1_667' title='bbox 1764 1764 1857 1798; x_wconf 51' lang='lat' dir='ltr'><strong>ch-.19;</strong></span> 
     </span>
    </p>
   </div>
   <div class='ocr_carea' id='block_1_94' title="bbox 1064 1808 1857 1847">
    <p class='ocr_par' dir='ltr' id='par_1_94' title="bbox 1064 1808 1857 1847">
     <span class='ocr_line' id='line_1_95' title="bbox 1064 1808 1857 1847; baseline -0.004 -9"><span class='ocrx_word' id='word_1_668' title='bbox 1064 1812 1129 1843; x_wconf 84' lang='grc' dir='ltr'>ῐσως</span> <span class='ocrx_word' id='word_1_669' title='bbox 1159 1812 1214 1847; x_wconf 81' lang='grc' dir='ltr'>γὰρ</span> <span class='ocrx_word' id='word_1_670' title='bbox 1241 1811 1288 1838; x_wconf 82' lang='grc' dir='ltr'>καὶ</span> <span class='ocrx_word' id='word_1_671' title='bbox 1315 1811 1380 1846; x_wconf 65' lang='grc' dir='ltr'><strong>⁴ἡμῖν</strong></span> <span class='ocrx_word' id='word_1_672' title='bbox 1395 1809 1525 1844; x_wconf 78' lang='grc' dir='ltr'><strong>ἑνδεκάτη</strong></span> <span class='ocrx_word' id='word_1_673' title='bbox 1549 1808 1610 1844; x_wconf 84' lang='grc' dir='ltr'>ὥρα</span> <span class='ocrx_word' id='word_1_674' title='bbox 1623 1809 1716 1836; x_wconf 76' lang='grc' dir='ltr'>ἐστίν.</span> <span class='ocrx_word' id='word_1_675' title='bbox 1743 1809 1791 1841; x_wconf 84' lang='grc' dir='ltr'>Ὠς</span> <span class='ocrx_word' id='word_1_676' title='bbox 1809 1812 1857 1844; x_wconf 68' lang='grc' dir='ltr'><strong>γὰρ</strong></span> 
     </span>
    </p>
   </div>
   <div class='ocr_carea' id='block_1_95' title="bbox 1064 1855 1858 1893">
    <p class='ocr_par' dir='ltr' id='par_1_95' title="bbox 1064 1855 1858 1893">
     <span class='ocr_line' id='line_1_96' title="bbox 1064 1855 1858 1893; baseline -0.004 -8"><span class='ocrx_word' id='word_1_677' title='bbox 1064 1858 1132 1893; x_wconf 76' lang='grc' dir='ltr'>αὕτη</span> <span class='ocrx_word' id='word_1_678' title='bbox 1150 1858 1200 1892; x_wconf 83' lang='grc' dir='ltr'>τῆς</span> <span class='ocrx_word' id='word_1_679' title='bbox 1211 1857 1317 1892; x_wconf 75' lang='grc' dir='ltr'>ἡμέρας</span> <span class='ocrx_word' id='word_1_680' title='bbox 1330 1856 1389 1882; x_wconf 75' lang='grc' dir='ltr'>ἐστὶ</span> <span class='ocrx_word' id='word_1_681' title='bbox 1411 1855 1441 1882; x_wconf 76' lang='grc' dir='ltr'><strong>τὸ</strong></span> <span class='ocrx_word' id='word_1_682' title='bbox 1463 1855 1684 1890; x_wconf 79' lang='grc' dir='ltr'>ἀκροτελεύτιον,</span> <span class='ocrx_word' id='word_1_683' title='bbox 1716 1855 1798 1882; x_wconf 81' lang='grc' dir='ltr'>οὕτω</span> <span class='ocrx_word' id='word_1_684' title='bbox 1816 1858 1858 1882; x_wconf 68' lang='grc' dir='ltr'>καὶ</span> 
     </span>
    </p>
   </div>
   <div class='ocr_carea' id='block_1_96' title="bbox 1065 1901 1857 1940">
    <p class='ocr_par' dir='ltr' id='par_1_96' title="bbox 1065 1901 1857 1940">
     <span class='ocr_line' id='line_1_97' title="bbox 1065 1901 1857 1940; baseline -0.005 -9"><span class='ocrx_word' id='word_1_685' title='bbox 1065 1904 1142 1940; x_wconf 86' lang='grc' dir='ltr'>ήμῶν</span> <span class='ocrx_word' id='word_1_686' title='bbox 1155 1904 1270 1934; x_wconf 75' lang='grc' dir='ltr'>ἕκαστος</span> <span class='ocrx_word' id='word_1_687' title='bbox 1286 1902 1401 1937; x_wconf 68' lang='grc' dir='ltr'>πλησίον</span> <span class='ocrx_word' id='word_1_688' title='bbox 1411 1902 1459 1928; x_wconf 85' lang='grc' dir='ltr'><strong>τοῦ</strong></span> <span class='ocrx_word' id='word_1_689' title='bbox 1477 1901 1570 1934; x_wconf 83' lang='grc' dir='ltr'>τέλους</span> <span class='ocrx_word' id='word_1_690' title='bbox 1596 1902 1683 1928; x_wconf 71' lang='grc' dir='ltr'>ἐστίν.</span> <span class='ocrx_word' id='word_1_691' title='bbox 1699 1901 1857 1936; x_wconf 72' lang='grc' dir='ltr'>Ἑνεδρξύει</span> 
     </span>
    </p>
   </div>
   <div class='ocr_carea' id='block_1_97' title="bbox 1065 1948 1857 1987">
    <p class='ocr_par' dir='ltr' id='par_1_97' title="bbox 1065 1948 1857 1987">
     <span class='ocr_line' id='line_1_98' title="bbox 1065 1948 1857 1987; baseline -0.006 -9"><span class='ocrx_word' id='word_1_692' title='bbox 1065 1952 1119 1987; x_wconf 85' lang='grc' dir='ltr'>γὰρ</span> <span class='ocrx_word' id='word_1_693' title='bbox 1134 1951 1212 1986; x_wconf 78' lang='grc' dir='ltr'>ἡμῶν</span> <span class='ocrx_word' id='word_1_694' title='bbox 1225 1951 1239 1977; x_wconf 84' lang='grc' dir='ltr'><strong>ό</strong></span> <span class='ocrx_word' id='word_1_695' title='bbox 1256 1949 1369 1980; x_wconf 83' lang='grc' dir='ltr'>θάνατος</span> <span class='ocrx_word' id='word_1_696' title='bbox 1384 1949 1423 1979; x_wconf 81' lang='grc' dir='ltr'>εἰς</span> <span class='ocrx_word' id='word_1_697' title='bbox 1438 1948 1492 1981; x_wconf 75' lang='grc' dir='ltr'>ἀεὶ,</span> <span class='ocrx_word' id='word_1_698' title='bbox 1508 1949 1540 1974; x_wconf 72' lang='grc' dir='ltr'>ἐκ</span> <span class='ocrx_word' id='word_1_699' title='bbox 1558 1948 1661 1982; x_wconf 75' lang='grc' dir='ltr'>μικρᾶς</span> <span class='ocrx_word' id='word_1_700' title='bbox 1678 1949 1729 1974; x_wconf 77' lang='grc' dir='ltr'>καὶ</span> <span class='ocrx_word' id='word_1_701' title='bbox 1744 1948 1799 1982; x_wconf 79' lang='grc' dir='ltr'>τῆς</span> <span class='ocrx_word' id='word_1_702' title='bbox 1812 1957 1857 1974; x_wconf 70' lang='grc' dir='ltr'>τυ-</span> 
     </span>
    </p>
   </div>
   <div class='ocr_carea' id='block_1_98' title="bbox 1065 1991 1860 2034">
    <p class='ocr_par' dir='ltr' id='par_1_98' title="bbox 1065 1991 1860 2034">
     <span class='ocr_line' id='line_1_99' title="bbox 1065 1991 1860 2034; baseline -0.006 -9"><span class='ocrx_word' id='word_1_703' title='bbox 1065 1998 1165 2034; x_wconf 87' lang='grc' dir='ltr'>χούσης</span> <span class='ocrx_word' id='word_1_704' title='bbox 1177 1996 1304 2032; x_wconf 77' lang='grc' dir='ltr'>ἀφορμῆς</span> <span class='ocrx_word' id='word_1_705' title='bbox 1317 1995 1510 2031; x_wconf 72' lang='grc' dir='ltr'>ἐπερχόμενος.</span> <span class='ocrx_word' id='word_1_706' title='bbox 1524 1994 1572 2025; x_wconf 88' lang='grc' dir='ltr'><strong>Τίς</strong></span> <span class='ocrx_word' id='word_1_707' title='bbox 1586 1993 1632 2020; x_wconf 76' lang='grc' dir='ltr'>οὖν</span> <span class='ocrx_word' id='word_1_708' title='bbox 1647 1991 1732 2025; x_wconf 74' lang='grc' dir='ltr'>οὗτος</span> <span class='ocrx_word' id='word_1_709' title='bbox 1746 1995 1860 2030; x_wconf 75' lang='grc' dir='ltr'>ἄριστος</span> 
     </span>
    </p>
   </div>
   <div class='ocr_carea' id='block_1_99' title="bbox 1064 2040 1860 2078">
    <p class='ocr_par' dir='ltr' id='par_1_99' title="bbox 1064 2040 1860 2078">
     <span class='ocr_line' id='line_1_100' title="bbox 1064 2040 1860 2078; baseline -0.005 -8"><span class='ocrx_word' id='word_1_710' title='bbox 1064 2044 1217 2078; x_wconf 80' lang='grc' dir='ltr'>οἰκονόμος,</span> <span class='ocrx_word' id='word_1_711' title='bbox 1246 2042 1294 2068; x_wconf 77' lang='grc' dir='ltr'>καὶ</span> <span class='ocrx_word' id='word_1_712' title='bbox 1325 2043 1374 2075; x_wconf 72' lang='grc' dir='ltr'>τῆς</span> <span class='ocrx_word' id='word_1_713' title='bbox 1403 2040 1501 2068; x_wconf 64' lang='grc' dir='ltr'>ἑαυτοῦ</span> <span class='ocrx_word' id='word_1_714' title='bbox 1515 2040 1604 2075; x_wconf 78' lang='grc' dir='ltr'>ψυχῆς</span> <span class='ocrx_word' id='word_1_715' title='bbox 1622 2040 1810 2076; x_wconf 83' lang='grc' dir='ltr'>φροντιστὴς,</span> <span class='ocrx_word' id='word_1_716' title='bbox 1826 2042 1860 2071; x_wconf 81' lang='grc' dir='ltr'>ὡς</span> 
     </span>
    </p>
   </div>
   <div class='ocr_carea' id='block_1_100' title="bbox 1065 2086 1859 2123">
    <p class='ocr_par' dir='ltr' id='par_1_100' title="bbox 1065 2086 1859 2123">
     <span class='ocr_line' id='line_1_101' title="bbox 1065 2086 1859 2123; baseline -0.008 -6"><span class='ocrx_word' id='word_1_717' title='bbox 1065 2090 1120 2116; x_wconf 86' lang='grc' dir='ltr'>τῶν</span> <span class='ocrx_word' id='word_1_718' title='bbox 1133 2088 1250 2116; x_wconf 75' lang='grc' dir='ltr'>ἐνταῦθα</span> <span class='ocrx_word' id='word_1_719' title='bbox 1273 2087 1459 2123; x_wconf 80' lang='grc' dir='ltr'>φθειρομένων</span> <span class='ocrx_word' id='word_1_720' title='bbox 1485 2086 1519 2113; x_wconf 85' lang='grc' dir='ltr'>δι’</span> <span class='ocrx_word' id='word_1_721' title='bbox 1533 2086 1724 2121; x_wconf 81' lang='grc' dir='ltr'>ὲλεημοσύνης</span> <span class='ocrx_word' id='word_1_722' title='bbox 1739 2087 1859 2118; x_wconf 78' lang='grc' dir='ltr'>ἀντεξω-</span> 
     </span>
    </p>
   </div>
   <div class='ocr_carea' id='block_1_101' title="bbox 1067 2131 1858 2171">
    <p class='ocr_par' dir='ltr' id='par_1_101' title="bbox 1067 2131 1858 2171">
     <span class='ocr_line' id='line_1_102' title="bbox 1067 2131 1858 2171; baseline -0.009 -6"><span class='ocrx_word' id='word_1_723' title='bbox 1067 2136 1201 2171; x_wconf 80' lang='grc' dir='ltr'>νήσασθαι</span> <span class='ocrx_word' id='word_1_724' title='bbox 1216 2135 1265 2170; x_wconf 84' lang='grc' dir='ltr'>τὴν</span> <span class='ocrx_word' id='word_1_725' title='bbox 1281 2135 1421 2170; x_wconf 71' lang='grc' dir='ltr'>μακαρίαν</span> <span class='ocrx_word' id='word_1_726' title='bbox 1437 2132 1520 2168; x_wconf 78' lang='grc' dir='ltr'>ζωὴν,</span> <span class='ocrx_word' id='word_1_727' title='bbox 1540 2132 1592 2167; x_wconf 70' lang='grc' dir='ltr'>πρὸ</span> <span class='ocrx_word' id='word_1_728' title='bbox 1614 2131 1662 2158; x_wconf 80' lang='grc' dir='ltr'>τοῦ</span> <span class='ocrx_word' id='word_1_729' title='bbox 1684 2131 1806 2167; x_wconf 76' lang='grc' dir='ltr'>λυθῆναι</span> <span class='ocrx_word' id='word_1_730' title='bbox 1818 2133 1858 2159; x_wconf 65' lang='lat' dir='ltr'><strong>viti</strong></span> 
     </span>
    </p>
   </div>
   <div class='ocr_carea' id='block_1_102' title="bbox 1068 2178 1857 2218">
    <p class='ocr_par' dir='ltr' id='par_1_102' title="bbox 1068 2178 1857 2218">
     <span class='ocr_line' id='line_1_103' title="bbox 1068 2178 1857 2218; baseline -0.008 -7"><span class='ocrx_word' id='word_1_731' title='bbox 1068 2184 1184 2212; x_wconf 84' lang='grc' dir='ltr'>θανάτου</span> <span class='ocrx_word' id='word_1_732' title='bbox 1210 2183 1260 2218; x_wconf 81' lang='grc' dir='ltr'><strong>τὴν</strong></span> <span class='ocrx_word' id='word_1_733' title='bbox 1286 2181 1404 2208; x_wconf 75' lang='grc' dir='ltr'>ἐνταῦθα</span> <span class='ocrx_word' id='word_1_734' title='bbox 1420 2180 1573 2215; x_wconf 84' lang='grc' dir='ltr'>πανήγυριν</span> <span class='ocrx_word' id='word_1_735' title='bbox 1591 2178 1793 2213; x_wconf 68' lang='grc' dir='ltr'>ςΖηλώσωμεν</span> <span class='ocrx_word' id='word_1_736' title='bbox 1812 2180 1857 2214; x_wconf 71' lang='grc' dir='ltr'>τήν</span> 
     </span>
    </p>
   </div>
   <div class='ocr_carea' id='block_1_103' title="bbox 1067 2225 1852 2265">
    <p class='ocr_par' dir='ltr' id='par_1_103' title="bbox 1067 2225 1852 2265">
     <span class='ocr_line' id='line_1_104' title="bbox 1067 2225 1852 2265; baseline -0.006 -8"><span class='ocrx_word' id='word_1_737' title='bbox 1067 2231 1114 2258; x_wconf 77' lang='grc' dir='ltr'>τοῦ</span> <span class='ocrx_word' id='word_1_738' title='bbox 1144 2229 1338 2265; x_wconf 84' lang='grc' dir='ltr'>πρωτοκλήτου</span> <span class='ocrx_word' id='word_1_739' title='bbox 1368 2226 1491 2262; x_wconf 74' lang='grc' dir='ltr'>Ἀνδρέου</span> <span class='ocrx_word' id='word_1_740' title='bbox 1525 2225 1655 2260; x_wconf 82' lang='grc' dir='ltr'>ἀνδρικὴν</span> <span class='ocrx_word' id='word_1_741' title='bbox 1687 2227 1852 2260; x_wconf 74' lang='grc' dir='ltr'>καρτερία-ι.</span> 
     </span>
    </p>
   </div>
   <div class='ocr_carea' id='block_1_104' title="bbox 1070 2269 1858 2311">
    <p class='ocr_par' dir='ltr' id='par_1_104' title="bbox 1070 2269 1858 2311">
     <span class='ocr_line' id='line_1_105' title="bbox 1070 2269 1858 2311; baseline -0.009 -7"><span class='ocrx_word' id='word_1_742' title='bbox 1070 2278 1143 2304; x_wconf 70' lang='lat' dir='ltr'><strong>&quot;Ista</strong></span> <span class='ocrx_word' id='word_1_743' title='bbox 1156 2276 1211 2311; x_wconf 80' lang='grc' dir='ltr'>γὰρ</span> <span class='ocrx_word' id='word_1_744' title='bbox 1229 2277 1332 2305; x_wconf 81' lang='grc' dir='ltr'>πάντες</span> <span class='ocrx_word' id='word_1_745' title='bbox 1360 2272 1538 2303; x_wconf 80' lang='grc' dir='ltr'>ἀκούσαντες,</span> <span class='ocrx_word' id='word_1_746' title='bbox 1555 2272 1605 2298; x_wconf 77' lang='grc' dir='ltr'>ὅσα</span> <span class='ocrx_word' id='word_1_747' title='bbox 1624 2273 1638 2298; x_wconf 79' lang='grc' dir='ltr'><strong><em>ὁ</em></strong></span> <span class='ocrx_word' id='word_1_748' title='bbox 1667 2271 1759 2305; x_wconf 77' lang='grc' dir='ltr'>μέγας</span> <span class='ocrx_word' id='word_1_749' title='bbox 1778 2269 1858 2302; x_wconf 71' lang='grc' dir='ltr'>οὗτος</span> 
     </span>
    </p>
   </div>
   <div class='ocr_carea' id='block_1_105' title="bbox 1068 2317 1859 2357">
    <p class='ocr_par' dir='ltr' id='par_1_105' title="bbox 1068 2317 1859 2357">
     <span class='ocr_line' id='line_1_106' title="bbox 1068 2317 1859 2357; baseline -0.01 -7"><span class='ocrx_word' id='word_1_750' title='bbox 1068 2324 1097 2350; x_wconf 81' lang='grc' dir='ltr'><strong>έν</strong></span> <span class='ocrx_word' id='word_1_751' title='bbox 1122 2321 1232 2357; x_wconf 72' lang='grc' dir='ltr'>Σινώπῃ</span> <span class='ocrx_word' id='word_1_752' title='bbox 1263 2320 1406 2355; x_wconf 83' lang='grc' dir='ltr'>πρότερον,</span> <span class='ocrx_word' id='word_1_753' title='bbox 1437 2318 1486 2344; x_wconf 80' lang='grc' dir='ltr'>καὶ</span> <span class='ocrx_word' id='word_1_754' title='bbox 1514 2318 1544 2343; x_wconf 83' lang='grc' dir='ltr'>ὲν</span> <span class='ocrx_word' id='word_1_755' title='bbox 1564 2317 1684 2352; x_wconf 72' lang='grc' dir='ltr'>Πάτραις</span> <span class='ocrx_word' id='word_1_756' title='bbox 1705 2317 1859 2351; x_wconf 81' lang='grc' dir='ltr'>ὑπέμεινεν</span> 
     </span>
    </p>
   </div>
   <div class='ocr_carea' id='block_1_106' title="bbox 1069 2363 1859 2408">
    <p class='ocr_par' dir='ltr' id='par_1_106' title="bbox 1069 2363 1859 2408">
     <span class='ocr_line' id='line_1_107' title="bbox 1069 2363 1859 2408; baseline -0.018 -8"><span class='ocrx_word' id='word_1_757' title='bbox 1069 2373 1201 2408; x_wconf 79' lang='grc' dir='ltr'>ὕστερον·</span> <span class='ocrx_word' id='word_1_758' title='bbox 1219 2370 1266 2397; x_wconf 80' lang='grc' dir='ltr'>καὶ</span> <span class='ocrx_word' id='word_1_759' title='bbox 1280 2369 1353 2399; x_wconf 83' lang='grc' dir='ltr'>ὅπως</span> <span class='ocrx_word' id='word_1_760' title='bbox 1373 2368 1396 2393; x_wconf 83' lang='grc' dir='ltr'><strong>οί</strong></span> <span class='ocrx_word' id='word_1_761' title='bbox 1415 2366 1506 2401; x_wconf 80' lang='grc' dir='ltr'>ἄγριοι</span> <span class='ocrx_word' id='word_1_762' title='bbox 1523 2366 1623 2391; x_wconf 74' lang='grc' dir='ltr'>ἐκεῖνοι</span> <span class='ocrx_word' id='word_1_763' title='bbox 1642 2363 1788 2398; x_wconf 80' lang='grc' dir='ltr'>ἄνθρωποι</span> <span class='ocrx_word' id='word_1_764' title='bbox 1809 2364 1859 2398; x_wconf 72' lang='grc' dir='ltr'>θη-</span> 
     </span>
    </p>
   </div>
   <div class='ocr_carea' id='block_1_107' title="bbox 1073 2409 1856 2456">
    <p class='ocr_par' dir='ltr' id='par_1_107' title="bbox 1073 2409 1856 2456">
     <span class='ocr_line' id='line_1_108' title="bbox 1073 2409 1856 2456; baseline -0.017 -9"><span class='ocrx_word' id='word_1_765' title='bbox 1073 2417 1228 2456; x_wconf 81' lang='grc' dir='ltr'>ριοπρεπῶς</span> <span class='ocrx_word' id='word_1_766' title='bbox 1244 2415 1303 2443; x_wconf 84' lang='grc' dir='ltr'>κατ’</span> <span class='ocrx_word' id='word_1_767' title='bbox 1317 2413 1398 2441; x_wconf 77' lang='grc' dir='ltr'>αὐτοῦ</span> <span class='ocrx_word' id='word_1_768' title='bbox 1411 2411 1640 2447; x_wconf 80' lang='grc' dir='ltr'>ὲπιθρώσκοντες,</span> <span class='ocrx_word' id='word_1_769' title='bbox 1654 2410 1701 2435; x_wconf 65' lang='grc' dir='ltr'>καὶ</span> <span class='ocrx_word' id='word_1_770' title='bbox 1718 2409 1813 2436; x_wconf 70' lang='grc' dir='ltr'>αὐτῶν</span> <span class='ocrx_word' id='word_1_771' title='bbox 1827 2410 1856 2442; x_wconf 59' lang='lat' dir='ltr'><strong>Ei;</strong></span> 
     </span>
    </p>
   </div>
   <div class='ocr_carea' id='block_1_108' title="bbox 1072 2456 1855 2494">
    <p class='ocr_par' dir='ltr' id='par_1_108' title="bbox 1072 2456 1855 2494">
     <span class='ocr_line' id='line_1_109' title="bbox 1072 2456 1855 2494; baseline -0.015 -2"><span class='ocrx_word' id='word_1_772' title='bbox 1072 2466 1126 2492; x_wconf 83' lang='grc' dir='ltr'>τῶν</span> <span class='ocrx_word' id='word_1_773' title='bbox 1152 2460 1339 2491; x_wconf 67' lang='grc' dir='ltr'>ἀποσωλικῶν</span> <span class='ocrx_word' id='word_1_774' title='bbox 1366 2458 1475 2494; x_wconf 80' lang='grc' dir='ltr'>σαρκῶν</span> <span class='ocrx_word' id='word_1_775' title='bbox 1488 2458 1544 2488; x_wconf 83' lang='grc' dir='ltr'>τοῖς</span> <span class='ocrx_word' id='word_1_776' title='bbox 1569 2456 1676 2483; x_wconf 80' lang='grc' dir='ltr'>ὀδοῦσιν</span> <span class='ocrx_word' id='word_1_777' title='bbox 1689 2456 1855 2491; x_wconf 70' lang='grc' dir='ltr'>ἐφήπτοντο.</span> 
     </span>
    </p>
   </div>
   <div class='ocr_carea' id='block_1_109' title="bbox 1072 2501 1854 2545">
    <p class='ocr_par' dir='ltr' id='par_1_109' title="bbox 1072 2501 1854 2545">
     <span class='ocr_line' id='line_1_110' title="bbox 1072 2501 1854 2545; baseline -0.018 -7"><span class='ocrx_word' id='word_1_778' title='bbox 1072 2512 1117 2538; x_wconf 89' lang='grc' dir='ltr'><strong>Ἐν</strong></span> <span class='ocrx_word' id='word_1_779' title='bbox 1138 2509 1234 2545; x_wconf 67' lang='grc' dir='ltr'>Ἀχαίᾳ</span> <span class='ocrx_word' id='word_1_780' title='bbox 1249 2508 1277 2534; x_wconf 80' lang='grc' dir='ltr'>δὲ</span> <span class='ocrx_word' id='word_1_781' title='bbox 1301 2505 1443 2541; x_wconf 83' lang='grc' dir='ltr'>κηρύττων</span> <span class='ocrx_word' id='word_1_782' title='bbox 1456 2503 1487 2530; x_wconf 82' lang='grc' dir='ltr'><strong>τὺ</strong></span> <span class='ocrx_word' id='word_1_783' title='bbox 1500 2501 1666 2536; x_wconf 79' lang='grc' dir='ltr'>Εὑαγγέλιον</span> <span class='ocrx_word' id='word_1_784' title='bbox 1681 2501 1735 2527; x_wconf 80' lang='grc' dir='ltr'><strong>οὐκ</strong></span> <span class='ocrx_word' id='word_1_785' title='bbox 1751 2501 1854 2535; x_wconf 59' lang='grc' dir='ltr'><strong>ειη-ηε-</strong></span> 
     </span>
    </p>
   </div>
   <div class='ocr_carea' id='block_1_110' title="bbox 1073 2547 1853 2590">
    <p class='ocr_par' dir='ltr' id='par_1_110' title="bbox 1073 2547 1853 2590">
     <span class='ocr_line' id='line_1_111' title="bbox 1073 2547 1853 2590; baseline -0.018 -5"><span class='ocrx_word' id='word_1_786' title='bbox 1073 2566 1139 2585; x_wconf 86' lang='grc' dir='ltr'>νατο</span> <span class='ocrx_word' id='word_1_787' title='bbox 1151 2557 1200 2590; x_wconf 83' lang='grc' dir='ltr'><strong>τὴν</strong></span> <span class='ocrx_word' id='word_1_788' title='bbox 1212 2552 1430 2588; x_wconf 80' lang='grc' dir='ltr'>ἀνασκολόπησιν</span> <span class='ocrx_word' id='word_1_789' title='bbox 1443 2550 1488 2576; x_wconf 77' lang='grc' dir='ltr'>διὰ</span> <span class='ocrx_word' id='word_1_790' title='bbox 1499 2551 1548 2584; x_wconf 79' lang='grc' dir='ltr'>τὴν</span> <span class='ocrx_word' id='word_1_791' title='bbox 1560 2547 1627 2583; x_wconf 79' lang='grc' dir='ltr'>πρὸς</span> <span class='ocrx_word' id='word_1_792' title='bbox 1642 2547 1689 2574; x_wconf 77' lang='grc' dir='ltr'>τὸν</span> <span class='ocrx_word' id='word_1_793' title='bbox 1715 2548 1853 2581; x_wconf 69' lang='grc' dir='ltr'>Δεσπότην</span> 
     </span>
    </p>
   </div>
   <div class='ocr_carea' id='block_1_111' title="bbox 854 2672 1249 2709">
    <p class='ocr_par' dir='ltr' id='par_1_111' title="bbox 854 2672 1249 2709">
     <span class='ocr_line' id='line_1_112' title="bbox 854 2672 1249 2709; baseline -0.02 0"><span class='ocrx_word' id='word_1_794' title='bbox 854 2675 1017 2709; x_wconf 82' lang='lat' dir='ltr'><strong>Francisci</strong></span> <span class='ocrx_word' id='word_1_795' title='bbox 1034 2672 1140 2705; x_wconf 89' lang='lat' dir='ltr'><strong>Scorsi</strong></span> <span class='ocrx_word' id='word_1_796' title='bbox 1154 2673 1249 2703; x_wconf 75' lang='lat' dir='ltr'><strong>notua.</strong></span> 
     </span>
    </p>
   </div>
   <div class='ocr_carea' id='block_1_112' title="bbox 273 2740 1018 2786">
    <p class='ocr_par' dir='ltr' id='par_1_112' title="bbox 273 2740 1018 2786">
     <span class='ocr_line' id='line_1_113' title="bbox 273 2740 1018 2786; baseline -0.02 -8"><span class='ocrx_word' id='word_1_797' title='bbox 273 2751 329 2786; x_wconf 81' lang='lat'><strong>(95)</strong></span> <span class='ocrx_word' id='word_1_798' title='bbox 346 2749 451 2783; x_wconf 86' lang='lat' dir='ltr'><strong>Sinope.</strong></span> <span class='ocrx_word' id='word_1_799' title='bbox 469 2748 567 2786; x_wconf 70' lang='lat' dir='ltr'><strong>Sinope</strong></span> <span class='ocrx_word' id='word_1_800' title='bbox 580 2745 705 2786; x_wconf 72' lang='lat' dir='ltr'><strong>oppidum</strong></span> <span class='ocrx_word' id='word_1_801' title='bbox 722 2742 812 2786; x_wconf 81' lang='lat' dir='ltr'><strong>Ponti,</strong></span> <span class='ocrx_word' id='word_1_802' title='bbox 829 2740 913 2786; x_wconf 47' lang='lat' dir='ltr'><strong>und:</strong></span> <span class='ocrx_word' id='word_1_803' title='bbox 921 2745 1018 2786; x_wconf 52' lang='lat' dir='ltr'><strong>nomen</strong></span> 
     </span>
    </p>
   </div>
   <div class='ocr_carea' id='block_1_113' title="bbox 239 2774 1020 2820">
    <p class='ocr_par' dir='ltr' id='par_1_113' title="bbox 239 2774 1020 2820">
     <span class='ocr_line' id='line_1_114' title="bbox 239 2774 1020 2820; baseline -0.02 -7"><span class='ocrx_word' id='word_1_804' title='bbox 239 2774 543 2820; x_wconf 31' lang='lat' dir='ltr'><strong>acer-peritrdocebunt&#39;</strong></span> <span class='ocrx_word' id='word_1_805' title='bbox 559 2786 585 2808; x_wconf 85' lang='lat' dir='ltr'><strong>te</strong></span> <span class='ocrx_word' id='word_1_806' title='bbox 597 2774 770 2820; x_wconf 49' lang='lat' dir='ltr'><strong>:fabulalores</strong></span> <span class='ocrx_word' id='word_1_807' title='bbox 789 2774 975 2820; x_wconf 74' lang='lat' dir='ltr'><strong>cosmographi</strong></span> <span class='ocrx_word' id='word_1_808' title='bbox 993 2777 1020 2820; x_wconf 67' lang='lat' dir='ltr'><strong>et</strong></span> 
     </span>
    </p>
   </div>
   <div class='ocr_carea' id='block_1_114' title="bbox 240 2809 1018 2854">
    <p class='ocr_par' dir='ltr' id='par_1_114' title="bbox 240 2809 1018 2854">
     <span class='ocr_line' id='line_1_115' title="bbox 240 2809 1018 2854; baseline -0.017 -8"><span class='ocrx_word' id='word_1_809' title='bbox 240 2809 438 2854; x_wconf 51' lang='grc' dir='ltr'><strong>Εἶῇιῆῖῇίκῃ</strong></span> <span class='ocrx_word' id='word_1_810' title='bbox 452 2823 548 2854; x_wconf 48' lang='grc' dir='ltr'><strong>Διιιξῳιιε</strong></span> <span class='ocrx_word' id='word_1_811' title='bbox 575 2816 607 2841; x_wconf 89' lang='lat' dir='ltr'><strong>ad</strong></span> <span class='ocrx_word' id='word_1_812' title='bbox 633 2822 688 2840; x_wconf 89' lang='lat' dir='ltr'><strong>rem</strong></span> <span class='ocrx_word' id='word_1_813' title='bbox 711 2816 874 2854; x_wconf 68' lang='lat' dir='ltr'><strong>praesentem</strong></span> <span class='ocrx_word' id='word_1_814' title='bbox 894 2809 1018 2854; x_wconf 57' lang='lat' dir='ltr'><strong>pertinet:</strong></span> 
     </span>
    </p>
   </div>
   <div class='ocr_carea' id='block_1_115' title="bbox 241 2844 1023 2880">
    <p class='ocr_par' dir='ltr' id='par_1_115' title="bbox 241 2844 1023 2880">
     <span class='ocr_line' id='line_1_116' title="bbox 241 2844 1023 2880; baseline -0.015 0"><span class='ocrx_word' id='word_1_815' title='bbox 241 2844 333 2880; x_wconf 57' lang='lat' dir='ltr'><strong>gulam</strong></span> <span class='ocrx_word' id='word_1_816' title='bbox 357 2844 414 2879; x_wconf 60' lang='lat' dir='ltr'><strong>hic&quot;</strong></span> <span class='ocrx_word' id='word_1_817' title='bbox 424 2844 457 2879; x_wconf 73' lang='lat' dir='ltr'><strong>ad</strong></span> <span class='ocrx_word' id='word_1_818' title='bbox 480 2844 667 2878; x_wconf 71' lang='lat' dir='ltr'><strong>documentum</strong></span> <span class='ocrx_word' id='word_1_819' title='bbox 693 2844 800 2874; x_wconf 79' lang='lat' dir='ltr'><strong>virtutis</strong></span> <span class='ocrx_word' id='word_1_820' title='bbox 823 2844 970 2872; x_wconf 87' lang='lat' dir='ltr'><strong>eruendum</strong></span> <span class='ocrx_word' id='word_1_821' title='bbox 989 2848 1023 2869; x_wconf 76' lang='lat' dir='ltr'><strong>ex</strong></span> 
     </span>
    </p>
   </div>
   <div class='ocr_carea' id='block_1_116' title="bbox 1074 2725 1852 2769">
    <p class='ocr_par' dir='ltr' id='par_1_116' title="bbox 1074 2725 1852 2769">
     <span class='ocr_line' id='line_1_117' title="bbox 1074 2725 1852 2769; baseline -0.014 -7"><span class='ocrx_word' id='word_1_822' title='bbox 1074 2735 1132 2769; x_wconf 87' lang='lat' dir='ltr'><strong>ipso</strong></span> <span class='ocrx_word' id='word_1_823' title='bbox 1148 2733 1255 2769; x_wconf 76' lang='lat' dir='ltr'><strong>nomine</strong></span> <span class='ocrx_word' id='word_1_824' title='bbox 1269 2734 1370 2769; x_wconf 87' lang='lat' dir='ltr'><strong>noster</strong></span> <span class='ocrx_word' id='word_1_825' title='bbox 1397 2729 1442 2769; x_wconf 75' lang='lat' dir='ltr'><strong>hic</strong></span> <span class='ocrx_word' id='word_1_826' title='bbox 1462 2727 1579 2769; x_wconf 54' lang='lat' dir='ltr'><strong>deducit,</strong></span> <span class='ocrx_word' id='word_1_827' title='bbox 1593 2726 1676 2769; x_wconf 64' lang='lat' dir='ltr'><strong>[lapdt</strong></span> <span class='ocrx_word' id='word_1_828' title='bbox 1692 2725 1724 2752; x_wconf 80' lang='grc' dir='ltr'><strong>τὺ</strong></span> <span class='ocrx_word' id='word_1_829' title='bbox 1741 2726 1852 2766; x_wconf 64' lang='grc' dir='ltr'>σίνεσθαι</span> 
     </span>
    </p>
   </div>
   <div class='ocr_carea' id='block_1_117' title="bbox 1073 2762 1853 2800">
    <p class='ocr_par' dir='ltr' id='par_1_117' title="bbox 1073 2762 1853 2800">
     <span class='ocr_line' id='line_1_118' title="bbox 1073 2762 1853 2800; baseline -0.014 -3"><span class='ocrx_word' id='word_1_830' title='bbox 1073 2762 1136 2800; x_wconf 78' lang='grc' dir='ltr'>τόὺς</span> <span class='ocrx_word' id='word_1_831' title='bbox 1149 2766 1237 2799; x_wconf 81' lang='grc' dir='ltr'>ὦπας,</span> <span class='ocrx_word' id='word_1_832' title='bbox 1256 2768 1294 2793; x_wconf 78' lang='lat' dir='ltr'><strong>Ab</strong></span> <span class='ocrx_word' id='word_1_833' title='bbox 1318 2773 1349 2792; x_wconf 77' lang='grc' dir='ltr'>ιο</span> <span class='ocrx_word' id='word_1_834' title='bbox 1364 2764 1432 2799; x_wconf 82' lang='lat' dir='ltr'><strong>quod</strong></span> <span class='ocrx_word' id='word_1_835' title='bbox 1453 2763 1541 2789; x_wconf 75' lang='lat' dir='ltr'><strong>oculos</strong></span> <span class='ocrx_word' id='word_1_836' title='bbox 1558 2762 1656 2800; x_wconf 66' lang='lat' dir='ltr'><strong>_lwdn_l,</strong></span> <span class='ocrx_word' id='word_1_837' title='bbox 1675 2769 1738 2796; x_wconf 74' lang='lat' dir='ltr'><strong>qua:</strong></span> <span class='ocrx_word' id='word_1_838' title='bbox 1762 2762 1853 2800; x_wconf 63' lang='lat' dir='ltr'><strong>notatio</strong></span> 
     </span>
    </p>
   </div>
   <div class='ocr_carea' id='block_1_118' title="bbox 1075 2795 1852 2840">
    <p class='ocr_par' dir='ltr' id='par_1_118' title="bbox 1075 2795 1852 2840">
     <span class='ocr_line' id='line_1_119' title="bbox 1075 2795 1852 2840; baseline -0.009 -9"><span class='ocrx_word' id='word_1_839' title='bbox 1075 2795 1182 2840; x_wconf 76' lang='lat' dir='ltr'><strong>propria</strong></span> <span class='ocrx_word' id='word_1_840' title='bbox 1205 2795 1453 2840; x_wconf 51' lang='grc' dir='ltr'>ἑέι-ιιοεὶξσίνηπι</span> <span class='ocrx_word' id='word_1_841' title='bbox 1475 2806 1534 2831; x_wconf 69' lang='lat' dir='ltr'><strong>quae</strong></span> <span class='ocrx_word' id='word_1_842' title='bbox 1557 2798 1594 2824; x_wconf 89' lang='lat' dir='ltr'><strong>ita</strong></span> <span class='ocrx_word' id='word_1_843' title='bbox 1617 2795 1703 2830; x_wconf 75' lang='lat' dir='ltr'><strong>dicta,</strong></span> <span class='ocrx_word' id='word_1_844' title='bbox 1721 2802 1751 2824; x_wconf 91' lang='lat' dir='ltr'><strong>ut</strong></span> <span class='ocrx_word' id='word_1_845' title='bbox 1767 2795 1852 2824; x_wconf 68' lang='lat' dir='ltr'><strong>medici</strong></span> 
     </span>
    </p>
   </div>
   <div class='ocr_carea' id='block_1_119' title="bbox 1076 2833 1493 2870">
    <p class='ocr_par' dir='ltr' id='par_1_119' title="bbox 1076 2833 1493 2870">
     <span class='ocr_line' id='line_1_120' title="bbox 1076 2833 1493 2870; baseline -0.014 -4"><span class='ocrx_word' id='word_1_846' title='bbox 1076 2833 1179 2870; x_wconf 69' lang='lat' dir='ltr'><strong>dicunt,</strong></span> <span class='ocrx_word' id='word_1_847' title='bbox 1194 2835 1265 2870; x_wconf 90' lang='lat' dir='ltr'><strong>quod</strong></span> <span class='ocrx_word' id='word_1_848' title='bbox 1282 2835 1367 2863; x_wconf 85' lang='lat' dir='ltr'><strong>oculis</strong></span> <span class='ocrx_word' id='word_1_849' title='bbox 1383 2833 1493 2861; x_wconf 74' lang='lat' dir='ltr'><strong>alliciat.</strong></span> 
     </span>
    </p>
   </div>
  </div>
