1875 3055
21 144 72 176 917

714 147 876 177 ΠΟΜιΜΑ
901 149 974 178 Lil.

1595 146 1649 178 bis

21 200 227 236 ὶαμϐανόμενος
255 199 354 227 ἑαυτοῦ
380 199 427 227 ἐπὶ
451 200 591 237 ἁθετήσει,
621 200 809 237 ἢέλ).είψει,ἣ

903 204 908 230 i
948 204 1190 239 transgressionem
1228 204 1270 231 vel
1312 203 1568 239 prmtermissionem
1612 201 1653 230 vel

22 247 138 282 ἀμελείᾳ
155 246 223 273 Θεοῦ
236 247 359 281 ἐντολῆς.

60 346 69 362 ι
89 336 228 371 Μακάριοι
262 337 287 363 οί
317 339 499 374 εἰρηνοποιοὶ,
515 338 556 364 ὅτι
578 337 657 364 αὐτοὶ
674 337 724 363 υἱοὶ
743 336 811 363 Θ;οὗ

23 383 214 418 κληθήσονται.
234 393 243 409 ι
269 382 330 410 Εἶεν
362 385 412 420 μὲν
437 384 608 420 εἶρηνοποιοὶ
644 384 692 410 καὶ
709 384 733 410 οἱ
749 384 811 414 τοὺς

23 429 215 463 ὲχθραίνοντας
228 429 261 456 δι’
277 431 430 462 ἐπιεικείας
452 430 673 465 φιλοποιούμενοι
690 438 697 446 υ
712 426 767 455 εἷεν
784 430 812 455 δὲ

25 476 74 502 καὶ
83 476 108 501 οί
120 475 166 502 τὸν
182 475 277 511 θυμὸν,
298 476 344 503 καὶ
361 477 386 503 at
404 477 453 512 τὴν
467 477 617 511 ἐπιθυμίαν
633 477 666 510 ἀγ
674 477 812 512 ριαινὸμε-

24 531 77 554 νοι,
95 521 294 557 ἐξημεροῦντες
309 523 465 559 δι’ἀρετῆς,
480 524 551 550 κατὰ
563 523 603 555 τὸ,
620 532 630 549 t
647 523 813 558 Εἱρηνεύετε

25 569 144 601 ἑαυτοῖς,
160 568 198 603 τῷ
215 569 309 604 Κυρίῳ
326 569 421 605 λεχθέν
433 579 439 585 ·
458 579 466 595 ι
483 569 653 605 εἰρηνοποιοὶ
668 569 697 595 δὲ
720 569 767 595 καὶ
790 568 814 594 οἱ

23 612 69 639 διὰ
89 612 136 639 τοῦ
163 613 353 640 διδασκαλικοῦ
391 614 472 648 λόγου
500 614 564 645 τοὺς
591 614 624 640 δι’
640 613 813 649 ἀσέὅειαν,ἣ

24 658 128 692 φαῦλον
158 659 215 694 βίον
242 660 357 695 ἐχθροὺς
370 660 534 695 γενομένους
548 660 607 695 Θεῷ
637 661 677 692 είς
689 659 719 686 τὸ
736 659 814 691 εὐθὲς

25 705 229 740 μεταφέροντες
248 706 295 732 καὶ
325 706 419 740 φίλους
441 706 582 738 ποιοῦντες
603 706 676 741 αὐτῷ
692 716 698 722 ·
712 707 752 733 διὸ
767 707 815 734 καὶ

22 751 61 782 ὡς
76 752 195 787 μιμηταὶ
209 751 278 778 Θεοῦ
291 752 338 778 τοῦ
353 753 615 788 είρηνοποιήσαντος
631 753 676 780 διὰ
691 753 738 779 τοῦ
749 753 814 780 ἰδίου

22 796 142 831 αἵματος
170 796 204 823 τὰ
231 797 354 833 ἡμέτερα
382 798 539 832 εἰσάγονται
569 798 608 830 είς
635 797 685 834 τὴν
709 798 815 825 ἐκείνου

23 843 199 877 συγγένειαν.

60 898 70 914 ‹
93 889 234 924 Μακάριοι
262 889 287 915 οἱ
315 889 494 925 δεδιωγμένοι
511 890 607 917 ἕνεκεν
624 890 812 925 δικαιοσύνης,
829 880 851 908 Β

20 934 62 960 ὅτι
84 935 176 962 αὐτῶν
199 935 275 961 ἐστιν
291 935 307 970 ἡ
325 935 453 970 βασιλεία
482 935 538 962 τῶν
555 936 693 970 οὐρανῶν.
715 936 745 963 '0
764 936 814 972 μὲν

19 979 103 1012 λόγος
115 979 160 1007 τὸν
179 981 250 1007 κατὰ
262 980 317 1007 τῶν
337 981 485 1016 μαρτύρων
511 981 657 1017 ὑποτίθησι
673 982 794 1018 διωγμόν
806 991 814 999 ο

19 1026 49 1051 δί
70 1025 166 1052 ἕνεκεν
178 1026 363 1062 δικαιοσύνης,
377 1028 448 1063 φημὶ
460 1027 492 1064 δὴ
519 1028 565 1055 τοῦ
593 1028 723 1063 Χριστοῦ,
738 1028 816 1056 ὲδιὼ-

19 1071 137 1106 χθησαν.
153 1071 318 1108 Δικαιοσύνη
343 1072 398 1108 γὰρ
422 1072 503 1106 Θεοῦ,
521 1073 568 1101 καὶ
586 1074 703 1110 Πατρδς,
719 1075 761 1107 τίς
781 1076 815 1102 ἂν

19 1119 65 1152 εἴη
86 1118 155 1153 πλὴν
168 1119 209 1145 ὅτι
225 1119 344 1154 Χριστός
357 1127 365 1152 ;
380 1119 460 1146 Οὕτω
485 1121 540 1156 γὰρ
563 1121 646 1148 αὐτὸν
658 1122 672 1148 ὁ
687 1121 754 1153 Θεὸς
768 1122 816 1148 καὶ

20 1164 121 1200 Πατὴρ
132 1165 269 1192 ἀποκαλεῖ
290 1166 379 1198 λέγων
394 1174 401 1181 ·
421 1175 430 1192 t
455 1167 578 1201 Ἐγγίζει
594 1167 663 1202 ταχὺ
678 1169 695 1203 ὴ
712 1167 816 1195 δικαιο-

22 1210 93 1246 σύνη
120 1219 183 1246 μου,
202 1211 249 1238 καὶ
265 1212 295 1238 τὸ
312 1211 386 1244 ἔλεός
405 1221 456 1247 μου
471 1213 714 1247 ἀποκαλυφθῆναι.
732 1225 741 1239 ι
758 1214 816 1240 Μα-

20 1257 118 1292 κάριοι
138 1255 185 1284 οὖν
209 1258 303 1285 ἕνεκεν
329 1259 411 1285 αὐτοῦ
427 1259 480 1285 ὑπὸ
493 1260 548 1286 τῶν
561 1259 668 1286 ἀσεὸὦν
682 1260 815 1293 διωκόμε-

19 1312 62 1330 νοι
94 1305 140 1330 καὶ
158 1304 362 1340 ὀνειδιζόμενοι.
380 1305 453 1341 Πλὴν
467 1305 535 1332 ἀλλὰ
549 1305 598 1332 καὶ
615 1305 663 1333 τοῦ
678 1306 814 1341 κοσμικοῦ

20 1350 142 1384 θορύϐου
157 1351 272 1382 ἑαυτοὺς
285 1351 475 1384 ὲκδιώξαντες,
493 1351 538 1378 καὶ
560 1351 606 1378 τὸν
630 1351 749 1387 χρηστὸν
767 1351 815 1378 τοῦ

20 1395 131 1429 Κυρίου
149 1395 231 1430 ζυγὸν
247 1396 438 1431 προελόμενοι,
462 1396 510 1423 καὶ
524 1396 582 1422 ὅσοι
596 1396 672 1431 παρὰ
690 1396 744 1423 τῶν
765 1397 815 1422 ἔπ-

19 1440 198 1475 ηρεαζόντων
212 1441 367 1473 διιῖικονται,
384 1441 570 1476 ὑϐριζόμενοι,
597 1441 815 1477 λοιδορούμενοι,

19 1486 79 1512 τῶν
114 1487 189 1513 ἰδίων
218 1487 406 1524 στερούμενοι,
432 1487 479 1514 καὶ
509 1487 656 1515 πάνταδιὰ
668 1488 717 1522 τὴν
731 1488 816 1520 ὅντως

19 1533 199 1569 δικαιοσύνην
211 1534 386 1570 εὐχαρίστως
403 1534 556 1570 δεχόμενοι,
572 1531 646 1562 οὗτοι
667 1535 768 1566 πάντες
788 1536 816 1562 ὲν

19 1578 178 1606 ἀπολαύσει
190 1579 311 1613 γίνονται
324 1581 374 1615 τῆς
388 1581 531 1616 βασιλείας
553 1581 608 1608 τῶν
625 1581 764 1616 οὐρανῶν·
783 1578 817 1617 ἦς

19 1626 132 1659 γένοιτο
145 1627 359 1662 κατατρυφῆσαι
372 1627 477 1658 πάντας
491 1628 566 1663 ἡμᾶς
591 1627 753 1662 πρεσϐείαις
769 1627 817 1654 τοῦ

20 1673 147 1706 μεγάλου
183 1673 313 1708 Πατρὺς,
339 1674 388 1700 καὶ
418 1673 628 1709 θαυματουργοῦ
668 1674 816 1708 Νικολάου,

19 1719 73 1745 καὶ
86 1718 197 1746 πάντων
224 1719 277 1746 τῶν
289 1719 377 1753 ἁγίων
403 1720 458 1746 τῶν
481 1719 723 1756 εὐαρεστησάντων
747 1719 816 1755 Θεῷ,

19 1762 43 1798 ᾧ
68 1765 170 1800 πρέπει
196 1764 263 1801 τιμὴ
290 1766 364 1793 πᾶσα
393 1766 440 1793 καὶ
480 1766 546 1800 δόξα
569 1767 609 1797 είς
623 1767 687 1798 τοὺς
703 1766 816 1797 αἰῶνας.

25 1811 132 1847 Ἀμήν.
424 1836 428 1839 .

309 1865 438 1893 ΟΜΙΑΙΔ.
458 1866 522 1892 NB’.

268 1924 321 1955 Εἷς
335 1923 371 1949 τὰ
388 1923 457 1958 ἅγια
476 1923 579 1956 νήπια.

64 1978 129 2004 Ἐπὶ
157 1977 205 2013 τὴν
237 1977 312 2013 ἱερὰν
330 1978 456 2013 Βηθλεὲμ
480 1979 542 2012 ἄγει
564 1980 685 2015 σήμερον
707 1980 782 2015 ἡμᾶς
800 1981 816 2016 ἡ

19 2023 159 2049 οεσπεσία
170 2023 225 2050 τῶν
240 2024 418 2058 Εὐαγγελίων
445 2026 532 2060 φωνή.
553 2025 609 2057 Διὸ,
634 2025 762 2060 καθάπερ
777 2027 817 2057 εἰς

19 2069 184 2103 θεῖονὶερὶν
209 2069 329 2096 είσδύναι
356 2070 511 2104 μέλλοντες,
543 2070 712 2106 ἀγιοπρεπεῖ
735 2071 816 2106 νήψει

19 2116 68 2142 τὸν
95 2115 161 2142 νοῦν
190 2115 306 2147 ἕκαστος
328 2116 405 2151 ἡμῶν
432 2116 649 2151 ἐκκαθάραντες,
675 2117 752 2143 δεῦτε
778 2117 817 2152 τῷ

19 2162 99 2196 λόγῳ
117 2162 185 2196 πρὺς
211 2161 260 2196 τὴν
281 2161 358 2188 πόλιν
385 2161 559 2197 ὲπειχθῶμεν
573 2162 674 2189 Δαϐίδ·
692 2163 739 2190 καὶ
753 2163 816 2195 τοὺς

19 2209 74 2242 μὲν
87 2207 197 2242 Πέρσας
211 2208 301 2234 οἴκαδε
316 2207 560 2242 παραπέμψωμεν,
574 2208 612 2240 ὡς
626 2209 755 2244 ἀπαρχὴν
766 2209 816 2243 τῆς
834 2223 854 2251 D

19 2255 137 2288 ἑθνικῆς
153 2255 250 2290 μοίρας
268 2255 318 2290 ἤδη
336 2254 540 2289 προσαχθέντας
558 2255 681 2290 Χριστῷ.
696 2255 815 2287 Τούτους

19 2310 31 2334 γ
42 2301 136 2334 ὶρτῆς
146 2299 216 2326 κατὰ
226 2300 272 2326 τοῦ
283 2300 407 2326 διαϐόλου
417 2300 505 2335 πάλης
517 2301 623 2334 είΑήφει
650 2301 815 2335 πρωτόλεια.

19 2344 107 2372 ’ὦτοι
124 2346 174 2380 μὲν
190 2344 235 2372 οὖν
250 2347 290 2377 είς
304 2346 421 2380 Περσίδα
442 2346 476 2372 δι’
511 2346 594 2381 ἄλλης
616 2346 676 2373 ὁδοῦ
698 2347 815 2380 ἀγγέλου

19 2393 108 2426 Book?)
122 2391 316 2427 βαδιζέτωσαν,
338 2391 387 2427 τὴν
402 2392 487 2428 καλὴν
510 2393 663 2429 ὲμπορείαν
678 2394 816 2428 ἐμπορευ-

19 2438 143 2471 τάμενοι
156 2445 162 2452 ·
179 2437 239 2463 ἀντὶ
255 2437 369 2472 χρυσοῦ,
398 2438 445 2464 καὶ
463 2438 586 2472 λιὸάνου,
604 2439 652 2466 καὶ
678 2439 813 2474 σμύρνης,

19 2482 73 2516 τὴν
104 2481 154 2508 τοῦ
179 2481 247 2508 Θεοῦ
269 2483 468 2518 κεκερδακότες
482 2484 650 2518 ἐπίγνωσινσ
673 2484 771 2520 Ἰωσὴφ
785 2484 813 2511 δὲ

58 2559 83 2575 '“
105 2559 158 2587 Isa.
175 2568 211 2592 LI,
229 2560 263 2594 5;
285 2568 341 2592 XVI,
364 2561 387 2587 l.

862 251 942 286 353
958 251 1148 287 negligentiam
1167 250 1234 286 legis
1255 251 1352 278 divinae
1366 250 1394 277 in
1412 257 1441 278 se
1461 249 1520 286 ipso
1534 257 1589 277 non
1608 249 1655 276 deo

864 296 1016 330 prehendit.

903 351 911 367 t
930 341 1002 368 Beati
1015 341 1129 376 pacitlci,
1142 342 1269 376 quoniam
1281 341 1329 376 ipsi
1345 341 1389 368 lilii
1405 341 1450 368 Dei
1460 341 1652 368 vocabuntur.»

866 387 974 414 Paciﬁci
997 387 1109 422 intelligi
1132 390 1255 422 possunt,
1271 388 1312 415 vel
1326 389 1371 422 qui
1389 387 1514 415 inimicos
1531 394 1564 414 ex
1577 393 1655 421 atquo

867 435 992 469 bonoque
1018 436 1184 468 conciliant;
1212 435 1324 469 intelligi
1351 435 1433 462 etiam
1463 437 1585 468 possunt,
1609 433 1655 467 qui

866 480 938 507 circa
966 481 1130 508 irascibilem
1159 481 1200 508 vel
1230 480 1470 515 concupiscibilem
1497 479 1601 506 ell'erali
1627 487 1658 506 se

866 526 940 561 ipsos
955 526 1182 559 mansuefacitmt,
1195 526 1271 561 juxta
1288 526 1352 553 illud
1367 534 1380 552 a
1396 525 1511 552 Domino
1527 525 1627 552 dictum
1650 535 1656 552 :

869 581 878 598 t
897 571 993 599 Pacem
1018 572 1114 599 habete
1137 572 1163 599 in
1180 572 1257 599 vobis
1275 571 1349 606 ipsis.
1382 580 1390 598 I
1417 571 1526 598 Pacitici
1551 578 1661 605 quoque

866 620 939 647 sum,
950 615 995 649 qui
1016 623 1061 641 eos
1073 616 1116 650 qui
1132 624 1178 651 per
1200 616 1366 649 impietatem
1390 619 1417 643 et
1429 622 1539 649 pravam
1550 614 1657 641 vivendi

868 661 1002 688 rationem
1033 661 1135 689 inimici
1162 666 1225 689 sunt
1250 661 1316 694 Deo,
1342 661 1503 688 hortationis
1525 659 1608 687 verbo
1631 659 1656 686 in

868 711 970 734 rcctam
985 706 1122 734 drducunt
1139 707 1220 740 viam,
1238 711 1266 733 et
1282 708 1308 733 in
1333 706 1480 734 amicitiam
1502 706 1560 741 ejus
1581 705 1659 732 resti-

867 755 957 779 tuunt.
977 751 1055 780 Unde
1071 753 1151 780 veluti
1177 754 1328 781 imitatores
1353 753 1410 784 Dei,
1425 753 1470 787 qui
1486 759 1533 786 per
1549 751 1659 786 sangui-

868 803 930 823 nem
945 804 1024 824 suum
1049 801 1141 825 nostra
1165 797 1328 833 pacificavit,
1352 797 1379 824 in
1394 797 1477 833 ipsius
1493 796 1540 824 Dei
1561 804 1660 832 cogna-

868 841 968 869 tionem
983 842 1159 878 adoptantur.

904 895 914 913 ι
944 887 1018 915 Beati
1057 888 1104 922 qui
1134 889 1353 923 persecutionem
1380 888 1520 923 patiuntur
1547 890 1660 921 propter

864 931 1010 966 justitiam,
1030 934 1157 968 quoniam
1171 935 1290 970 ipsorum
1302 937 1345 961 est
1361 941 1472 969 regnum
1487 932 1629 960 ccelorum.
1646 941 1656 958 ι

867 979 923 1006 Hoc
934 979 1007 1006 dicto
1020 980 1237 1014 persecutionem
1251 986 1401 1016 martyrum
1416 979 1561 1015 signiﬁcat,
1576 984 1659 1012 quam

867 1024 918 1060 ipsi
954 1030 1064 1061 propter
1092 1026 1245 1061 justitiam,
1273 1032 1383 1060 propter
1409 1025 1549 1053 Christum
1580 1024 1658 1056 dico,

866 1071 1014 1107 patiuntur.
1041 1071 1148 1100 Iustitia
1172 1073 1241 1100 enim
1262 1072 1318 1107 Dei}
1337 1078 1364 1099 et
1384 1071 1484 1105 Patris,
1502 1070 1563 1106 quis
1588 1070 1660 1097 alius

866 1126 947 1152 quam
971 1118 1097 1147 Christus
1123 1119 1175 1146 sit?
1191 1119 1236 1146 Sic
1252 1119 1324 1146 enim
1341 1119 1428 1154 ipsum
1446 1118 1518 1145 Deus
1532 1120 1560 1144 et
1577 1116 1660 1144 Pater

868 1162 981 1197 appellat
1004 1172 1010 1190 :
1031 1173 1041 1190 ι
1066 1164 1274 1199 Appropinquat
1298 1164 1390 1191 statim
1410 1163 1515 1198 justitia
1535 1170 1612 1196 mea;
1631 1166 1659 1189 et

869 1209 1056 1237 misericordia
1074 1218 1145 1242 mea,
1160 1215 1189 1237 ut
1209 1209 1342 1238 reveletur
1360 1210 1393 1236 τί.
1417 1208 1492 1236 Beati
1514 1208 1597 1244 igitur
1613 1208 1660 1242 qui

868 1255 1054 1283 insectationis
1076 1256 1160 1290 ipsius
1183 1264 1264 1284 causa
1285 1257 1317 1283 ab
1336 1255 1426 1291 impiis
1446 1256 1592 1283 sustinent.
1611 1253 1662 1280 Ve-

867 1306 1020 1328 rumtamen
1037 1301 1082 1335 qui
1094 1301 1126 1328 ab
1142 1301 1193 1328 hoc
1209 1301 1302 1328 mundi
1316 1301 1432 1328 tumultu
1450 1301 1528 1335 quasi
1544 1307 1574 1328 se
1585 1299 1660 1334 ipsos

867 1352 1065 1382 persequentes
1077 1348 1222 1380 excedunt,
1234 1354 1260 1375 et
1274 1347 1376 1375 Christi
1390 1347 1483 1382 jugum
1496 1350 1659 1382 praeoptarit,

867 1398 894 1420 et
911 1397 1046 1428 quotquot
1067 1401 1082 1420 a
1095 1393 1337 1427 calumniatoribus
1351 1393 1521 1421 contumeliis
1542 1396 1569 1419 et
1586 1391 1660 1426 inju-

868 1441 917 1469 riis
931 1440 1020 1469 aiTecti
1035 1446 1110 1475 sunt,
1126 1446 1153 1469 et
1166 1442 1246 1470 bonis
1263 1442 1380 1477 propriis
1393 1441 1512 1476 spoliati,
1529 1445 1556 1468 et
1566 1440 1657 1468 omnia

868 1491 980 1521 propter
1005 1495 1096 1515 veram
1123 1488 1258 1522 justitiam
1284 1495 1346 1516 eum
1375 1487 1525 1523 gratiarum
1554 1486 1660 1513 actione

868 1532 1033 1567 suscipiunt,
1047 1533 1074 1560 hi
1090 1541 1186 1562 omnes
1201 1533 1332 1561 malorum
1346 1541 1429 1568 regno
1447 1532 1571 1561 fruentur
1585 1540 1593 1559 :
1607 1538 1661 1566 quo

870 1576 974 1604 utinam
984 1579 1061 1606 nobis
1077 1578 1159 1613 potiri
1169 1579 1308 1614 contingat
1322 1579 1448 1614 precibus
1460 1579 1547 1614 magni
1559 1577 1660 1609 Patris,

870 1631 901 1651 ac
924 1625 1109 1662 thaumaturgi
1125 1626 1241 1658 Nicolai,
1254 1631 1280 1654 et
1294 1627 1417 1654 omnium
1430 1630 1598 1656 sanctorum,
1613 1623 1659 1659 qui

870 1671 924 1698 Deo
939 1671 1117 1708 placuerunt;
1129 1673 1171 1700 cui
1188 1672 1301 1700 debetttr
1312 1672 1401 1700 omnis
1414 1672 1500 1708 gloria
1511 1672 1537 1698 iu
1549 1670 1659 1698 szecula.

869 1717 965 1744 Amen.

1153 1866 1292 1894 IIUMILIA
1327 1866 1381 1893 Lli.

1095 1924 1125 1951 In
1141 1930 1245 1951 sanctos
1267 1925 1434 1952 Innocentes.

904 1980 943 2007 Ad
960 1987 1066 2007 sacram
1082 1980 1164 2007 hodie
1179 1980 1320 2007 Bethleem
1337 1979 1427 2006 divina
1443 1979 1580 2014 Evangelii
1594 1985 1659 2006 voce

869 2026 1038 2054 deducimur.
1063 2025 1166 2053 Idcirco
1192 2030 1320 2060 tanquam
1346 2026 1372 2052 in
1390 2029 1514 2051 sanctum
1541 2023 1654 2059 aliquod

869 2071 1017 2108 ingressuri
1032 2071 1164 2105 templum
1178 2078 1209 2097 ea
1222 2077 1282 2104 quae
1293 2074 1403 2097 sanctos
1413 2070 1516 2101 deceat,
1528 2069 1660 2096 munditie

869 2122 986 2145 mentem
1003 2116 1192 2151 unusquisque
1210 2123 1287 2143 suam
1314 2115 1488 2150 puriﬁcantes
1515 2116 1586 2150 agite
1603 2114 1658 2148 jam

869 2163 894 2190 in
912 2162 1050 2190 civitatem
1075 2162 1157 2189 David
1171 2169 1296 2189 sermone
1313 2162 1371 2196 ipso
1392 2168 1614 2196 approperemus,
1631 2165 1658 2187 et

869 2209 966 2236 Persas
973 2208 1078 2242 quidem
1087 2208 1254 2235 dimittamus
1264 2208 1383 2240 domum,
1391 2208 1436 2242 qui
1446 2208 1522 2242 quasi
1532 2207 1658 2241 primitias

871 2255 1036 2281 litereditatis
1048 2253 1130 2289 354
1141 2261 1174 2280 ex
1191 2252 1316 2288 gentibus
1329 2253 1480 2287 acquisita,
1495 2252 1578 2280 oblati
1596 2257 1659 2279 sunt

870 2300 991 2327 Christo.
1017 2299 1071 2327 Hos
1088 2301 1160 2327 enim
1186 2299 1268 2326 veluti
1292 2307 1323 2327 ex
1347 2307 1435 2333 pugna
1461 2306 1523 2326 cum
1551 2298 1659 2326 diabolo

871 2346 1006 2373 decertata
1022 2346 1107 2380 pritna
1129 2345 1222 2372 retulit
1244 2345 1340 2380 spolia.
1359 2345 1389 2372 lli
1416 2345 1497 2380 igitur
1512 2353 1560 2380 per
1577 2344 1657 2371 aliam

871 2391 940 2418 viam
960 2391 1047 2426 angeli
1064 2392 1165 2418 monitu
1181 2392 1370 2426 regrediantur
1383 2392 1409 2419 in
1424 2391 1571 2423 Persidem,
1589 2395 1661 2426 post-

871 2445 950 2472 quam
967 2438 1096 2472 optimam
1113 2437 1203 2465 fecure
1217 2443 1416 2472 mercaturam;
1435 2442 1460 2465 ct
1487 2445 1563 2472 auro,
1580 2437 1660 2464 thure

869 2490 896 2510 t-t
921 2485 1029 2520 myrrha
1047 2485 1207 2518 permutatis
1226 2485 1272 2512 Dei
1297 2485 1421 2513 notitiam
1447 2484 1545 2512 lucrati
1575 2489 1656 2513 sunt-

641 2621 802 2652 Francisci
817 2622 922 2653 Scorsi
943 2627 1035 2654 uoltu.

19 2678 204 2717 ritathdcsunt
225 2679 251 2706 in
272 2680 332 2708 Val.
348 2681 441 2717 ὥσπερ
459 2682 473 2708 ὁ
490 2683 626 2716 Λάζαρς,
649 2684 719 2717 quod
742 2688 769 2710 et
791 2684 816 2711 in

19 2717 70 2751 ὀπίαν
86 2713 177 2740 Basilii
191 2719 263 2741 textu
278 2720 305 2742 ct
322 2718 346 2742 iu
360 2713 468 2751 cxrtnp.
481 2713 549 2745 Galli.
564 2713 703 2744 exaratum
719 2724 816 2747 exstat.

19 2750 175 2788 timentque
189 2757 236 2788 pro
250 2751 374 2788 ὁπῳσοῦν
389 2752 541 2788 συμϐᾶσαν,
557 2761 616 2786 qua:
636 2758 678 2780 est
691 2761 816 2788 germana

19 2784 233 2822 Basiliiitictnio
244 2790 270 2822 et
286 2787 352 2812 bene
371 2784 454 2812 relata
473 2795 487 2812 a
500 2784 662 2822 Theophane
681 2784 759 2822 piunt
778 2789 817 2814 lo-

19 2828 56 2855 ]er
64 2821 118 2844 itur
128 2818 227 2855 infla“.
236 2820 378 2852 depravatta
389 2826 447 2847 erat
456 2822 480 2847 in
487 2821 545 2849 Vat.
555 2818 596 2849 his
604 2818 704 2855 verbis,
713 2823 818 2849 ὐπωσ-

19 2853 54 2889 Ϊὴ
78 2853 179 2881 ποτοῦν
195 2855 350 2890 συμϐᾶσαν,
375 2856 485 2882 [λιιιίυςιι
498 2865 579 2892 supra
603 2857 683 2885 etiam
697 2853 815 2886 lsutiz'cta

867 2691 928 2711 sunt
943 2686 1076 2721 quaedam,
1086 2694 1126 2721 rex
1139 2686 1232 2712 eodem
1246 2685 1316 2712 G‘iii.
1331 2686 1365 2712 ah
1378 2686 1431 2713 illis
1445 2686 1536 2713 verbis
1549 2686 1658 2721 καὶτῆς

868 2720 1035 2752 Δεσποτικῆς
1050 2720 1187 2752 πολιτείας
1205 2728 1289 2754 usque
1306 2721 1338 2747 ad
1355 2721 1494 2756 βασιλείαν
1507 2721 1562 2747 τῶν
1575 2722 1655 2756 οὐρα-

868 2756 930 2786 νῶν,
945 2763 1004 2789 qua:
1019 2756 1054 2782 ita
1073 2756 1184 2789 pra-.cisa
1202 2761 1274 2787 sunt,
1289 2757 1350 2783 utsi
1366 2757 1425 2790 quis
1438 2764 1467 2783 ea
1482 2764 1534 2782 non
1546 2757 1617 2790 legat
1631 2766 1656 2784 ιιι

868 2790 920 2816 alio
941 2791 1000 2816 cod.
1017 2791 1057 2826 vix
1074 2791 1100 2816 in
1121 2791 1301 2824 suspicionem
1319 2792 1412 2818 venire
1425 2791 1547 2818 defectus
1559 2793 1656 2826 possit.

868 2825 993 2851 Attamen
1017 2825 1043 2852 in
1064 2825 1132 2852 Gali.
1156 2831 1262 2860 reperta
1280 2827 1372 2853 censui
1394 2834 1456 2853 esse
1472 2828 1656 2854 resarcie-nda.

870 2865 961 2894 utpote
973 2860 1005 2888 ad
1019 2868 1114 2888 sensus
1131 2860 1323 2895 plenitudinem
1339 2863 1526 2897 pertinentia.‘
