1875 3055
205 133 259 166 923

805 135 1006 167 TIIEOPHAN
1013 136 1045 166 lS
1064 136 1160 168 CERA
1166 139 1233 171 )lEl

1789 138 1834 169 9ὲὶ

205 190 387 226 lpeetaeulum
401 194 460 218 erat
486 191 577 219 videre
589 191 670 219 alium
687 198 871 220 occurrentem
887 195 919 220 ad
935 202 992 221 ma-
1007 203 1016 224 ι

1068 195 1130 222 ιλλά
1148 195 1328 232 στρατιώτης,
1347 195 1460 228 ἐξάπινα
1470 194 1636 230 εἰσδραμὼν,
1651 195 1791 229 ἀφῃρεῖτο
1804 204 1836 229 τιρ

208 242 290 270 trem,
314 240 340 264 et
356 236 521 265 balbuﬂente
538 245 603 265 voce
614 245 672 265 eam
691 239 833 266 idemidem
863 240 992 267 invocan-

207 288 260 311 tem
273 291 280 310 :
293 283 342 310 sed
361 282 437 310 miles
449 284 593 318 derepente
606 284 711 311 irruens
723 284 895 312 abscindebat
906 285 994 319 gladio

211 333 303 364 caput,
321 329 391 363 quod
409 329 502 364 utique
516 329 598 356 etiam
614 330 676 356 dum
703 330 868 365 loqueretur,
885 333 994 365 pulvere

210 376 383 402 miscebatur.
398 375 430 402 Et
447 383 514 403 sane
529 384 561 403 eo
579 384 620 403 me
646 376 719 404 ducit
736 378 823 404 oratio
840 381 868 404 ut
888 377 993 411 poetica

208 422 251 448 illa
272 421 372 453 dicam.
391 420 505 448 Omnem
522 426 626 448 aetatem
643 422 698 457 (l9)
715 422 856 449 calamitas
875 429 906 449 ea
922 426 993 449 tem-

208 471 313 502 pestate
328 467 581 501 comprehenderat,
598 473 624 494 et
638 466 751 502 Erynnis
761 468 894 501 quaedam,
907 469 995 501 qualis

206 513 318 540 excitari
333 513 358 540 in
376 513 516 547 tragoediis
533 513 612 545 solet,
636 512 771 540 Bethleem
797 513 995 541 circumcursa-

209 558 264 589 ιω,
280 562 307 584 et
320 557 455 585 intestinis
472 565 531 585 eam
552 557 628 585 bellis
648 558 772 586 versabat
790 562 817 585 et
831 558 993 594 ﬂagellabat.

209 603 242 630 Et
255 603 348 630 senior
363 610 429 630 sane
442 610 512 637 aegre
529 602 641 636 ferebat,
659 603 728 637 quod
745 604 778 630 ad
793 612 853 631 cam
871 605 994 633 durasset

209 653 327 680 mtatem,
356 654 383 674 at
394 656 436 680 lue
453 649 486 675 ad
502 656 549 676 eas
561 655 686 676 servatus
706 653 777 676 esset
801 657 947 686 aerumnas,
966 655 995 678 et

210 699 322 721 mortem
336 695 476 721 incusabat
486 700 515 721 ut
529 695 650 729 tardam;
664 700 749 722 mater
761 703 825 723 vero
840 697 891 723 hoe
902 696 991 730 ipsum

208 741 434 774 conquerebatur,
452 741 522 775 quod
539 745 628 774 esset;
647 745 732 769 mater
761 741 854 769 felices
869 741 997 770 diceban-

210 789 253 812 tur
282 785 400 821 virgines
416 791 443 813 et
457 786 562 813 steriles
578 791 605 814 et
617 795 676 821 qua:
692 787 806 815 feminas
817 789 995 823 peperisSent,

209 836 236 858 et
251 838 310 864 quae
324 831 422 858 liberos
435 833 545 859 omnino
559 840 612 860 non
623 833 788 866 genuissent.
800 833 834 861 Et
848 834 896 861 has
913 834 994 861 etiam

1047 240 1118 273 ξὶφει
1141 241 1190 276 τὴν
1210 241 1347 275 κεφαλὴν·
1370 241 1557 275 φθεγγομένου
1580 240 1686 276 δι’ἆρα
1711 240 1792 266 τοῦδε
1812 242 1836 267 τε)

1047 286 1120 320 κάρα
1133 286 1284 321 κατεμίχθη
1297 288 1330 321 τῇ
1347 286 1420 312 κόνει
1430 294 1438 302 υ
1451 286 1550 319 ἁγάγει
1563 286 1619 320 γάρ
1635 293 1671 320 με
1687 286 1701 312 ό
1716 285 1797 318 λόγος
1808 288 1835 311 τὲ

1045 331 1095 366 τῆς
1112 332 1248 366 ποιήσεως
1267 331 1451 365 φθέγξασθαι,
1468 332 1559 358 πᾶσαν
1573 331 1688 366 ἡλικίαν
1703 331 1738 357 τὸ
1756 331 1836 361 πάθος

1046 375 1106 402 τότε
1121 376 1271 405 κατέλαϐε,
1286 376 1332 402 καὶ
1347 375 1498 410 τραγῳδίας
1515 376 1638 410 Ἐριννὺς
1661 377 1696 411 τῇ
1716 375 1837 409 Βηθλεὲμ

1048 420 1220 455 ἐπεκώμαζε,
1229 422 1284 452 τοῖς
1297 421 1402 447 οἴκοθεν
1413 421 1498 455 αὐτὴν
1510 421 1639 455 πολέμοις
1654 420 1837 454 μαστὶζουυ.

1048 465 1103 492 Καὶ
1121 466 1274 501 πρεσόύτης
1294 466 1343 501 μὲν
1361 467 1534 501 ἐδυσχέραινε
1550 467 1596 493 τὸν
1613 467 1728 501 μακρὸν
1746 467 1838 501 χρόνον

1048 511 1273 546 καταιτιώμενος,
1285 512 1321 542 ὡς
1335 511 1449 538 πάθεσιν
1461 512 1542 538 αὑτὸν
1554 512 1609 543 τοῖς
1623 511 1751 546 παροῦσι
1762 519 1839 546 τετη-

1050 557 1169 591 ρηκότα,
1187 557 1234 582 καὶ
1251 555 1296 582 τὸν
1314 556 1428 583 θάνατον
1444 556 1482 588 ὡς
1501 556 1674 591 βραδύναντα
1692 556 1839 590 κατεμέμ-

1049 610 1113 636 φετο
1125 622 1132 635 ,
1163 603 1179 636 ἡ
1195 602 1223 628 δὲ
1240 603 1342 637 μήτηρ,
1356 603 1397 629 ὃτι
1413 598 1570 637 καὶ”γὲγονε
1586 603 1682 637 μήτηρ
1696 602 1836 636 ὠδύρετο·

1049 648 1248 683 ἐμακαρίζοντο
1261 647 1289 674 δὲ
1306 646 1445 683 παρθένοι,
1462 648 1507 674 καὶ
1523 651 1640 683 στεῖραι,
1659 648 1712 674 καὶ
1728 647 1840 682 θηλυτό-

1049 702 1103 726 κοι,
1122 695 1167 720 καὶ
1185 694 1286 727 ἄγονοι.
1306 694 1381 728 Τάχα
1397 694 1425 720 δὲ
1443 694 1491 720 καὶ
1508 695 1569 725 ταῖς
1585 694 1734 725 τοιαύταις
1753 695 1840 720 κοινὸν

1049 737 1082 773 ἦν
1096 740 1185 774 τὸτῆς
1200 740 1353 774 συμφορᾶς,
1367 740 1396 771 ἐξ
1409 740 1557 774 ἑταιρείας,
1570 739 1587 774 ἢ
1600 740 1734 774 αἵματος.
1748 739 1765 775 ἢ
1778 740 1840 774 τρό-

1050 794 1100 811 που
1115 785 1350 820 ἀνακοινούμενον.
1368 783 1445 812 Εἱδον
1458 785 1513 819 εγὼ
1526 786 1605 812 τοῖτο
1618 786 1650 812 τὺ
1668 785 1759 816 πάθος
1773 785 1841 820 χρώ-

1052 839 1116 866 ματι
1130 831 1321 865 γεγραμμένον
1333 831 1362 856 ὲν
1377 831 1482 861 πίνακι.
1498 830 1545 856 καὶ
1558 830 1625 866 πρὸς
1641 829 1739 856 οἶκτον
1754 831 1840 863 ἐκινή-

210 875 349 903 calamitas
363 876 407 903 illa
423 876 537 905 fortasse
554 878 690 912 tangebat,
706 883 732 906 et
745 879 786 906 vel
805 879 942 912 amicitia‘,
955 879 995 906 vel
1011 871 1016 898 Ῑ

1068 885 1112 911 ην,
1133 877 1179 903 καὶ
1201 877 1314 912 δάκρυα.
1333 877 1503 911 Ἐγέγρατττο
1523 877 1577 911 γὰρ
1598 877 1612 902 ὁ
1637 877 1690 911 μὲν
1711 877 1839 910 τύραννος

211 920 362 954 sanguinis,
379 921 419 948 vel
439 930 542 949 morum
557 923 748 958 conjunctione
763 925 915 951 communis
925 931 995 951 erat.

213 965 274 992 Vidi
291 973 341 1000 ego
354 966 422 993 hane
434 968 534 994 ea‘dem
548 967 684 995 coleribus
704 968 837 1002 depictam
854 969 880 995 in
893 969 996 1002 tabula,

210 1015 239 1038 et
257 1011 291 1038 ad
310 1012 520 1040 misericordiam
553 1013 741 1048 lacrymasqne
756 1019 907 1042 commotus
925 1023 995 1042 sutn.

213 1055 364 1092 Expressus
392 1058 463 1085 enim
478 1058 532 1085 illic
554 1062 613 1086 erat
629 1059 673 1086 ille
687 1064 817 1094 tyrannus
834 1060 954 1088 llerodes
970 1062 996 1088 in

212 1103 268 1131 alto
279 1104 395 1139 quodam
411 1104 478 1132 solio
489 1105 605 1140 superbe
617 1106 771 1139 considens,
786 1107 841 1134 acri
864 1115 896 1134 ac
910 1107 997 1134 ferino

211 1148 350 1176 oculorum
367 1149 490 1184 eonjectu
518 1155 545 1177 et
559 1150 682 1178 inhiante
696 1152 781 1179 vultu.
793 1151 918 1179 Ereetnm
935 1160 998 1179 vero

213 1202 246 1222 ex
262 1194 360 1228 vagina
376 1195 495 1229 gladium
506 1196 615 1223 sinistra
631 1197 722 1231 quiete
737 1197 890 1230 retinebat;
906 1199 998 1226 dexte-

215 1249 273 1268 ram
288 1248 353 1268 vero
370 1242 535 1276 protendens
551 1242 680 1269 militibus
699 1242 831 1277 imperare
846 1243 998 1276 videbatur,

214 1290 244 1313 ut
264 1287 323 1313 sine
346 1285 532 1313 misericordia
558 1286 701 1313 infantium
727 1287 808 1322 357
833 1287 1001 1316 demeterent

212 1336 343 1366 segetem.
361 1332 403 1358 llli
420 1339 483 1358 vero
497 1332 644 1359 belluarum
659 1340 733 1360 more
745 1333 907 1369 insilientes,
920 1335 1000 1362 mise-

214 1384 258 1404 ros
270 1384 368 1411 pueros
375 1377 469 1404 diriter
478 1377 711 1405 eontrucidabant.
723 1378 897 1406 Describebat
917 1380 1000 1407 etiam

214 1422 302 1457 pictor
324 1421 444 1449 infelices
459 1427 558 1449 matres
584 1423 774 1450 miserabiliter
789 1424 999 1459 complorantes,

217 1473 245 1494 et
259 1467 390 1503 sanguine
404 1467 539 1503 laerymas
554 1467 759 1496 confundentes.
774 1469 808 1497 Et
823 1470 875 1498 alia
893 1471 1000 1506 quidem

215 1513 380 1541 dilacerabat
396 1521 497 1545 comas,
515 1513 567 1540 alia
591 1513 740 1542 dilaniabat
755 1515 890 1550 unguibus
903 1523 997 1551 genas,

217 1557 301 1585 altera
317 1557 483 1586 discindebat
499 1559 618 1593 peplum,
631 1562 658 1586 et
675 1559 775 1587 nudato
790 1564 900 1594 pectore
914 1568 1000 1588 mam-

217 1611 286 1630 mam
304 1603 420 1631 laeteute
429 1604 588 1632 ostendebat
601 1605 723 1632 orbatam
735 1613 743 1637 ;
759 1605 811 1632 alia
824 1613 887 1633 veto
900 1605 1002 1634 concisi

219 1649 322 1684 pueruli
338 1649 457 1676 membra
470 1649 623 1685 colligebat.
647 1655 674 1677 et
688 1650 739 1678 alia
761 1650 893 1678 infantem
908 1659 1002 1680 recens

217 1696 336 1723 occisum
359 1703 441 1730 super
468 1704 554 1732 genua
572 1701 666 1724 tenens
686 1704 778 1725 amare
803 1698 950 1733 plorabat:
975 1703 1003 1726 et

222 1750 378 1778 quanquam
395 1751 447 1770 non
481 1748 588 1778 poterat
619 1744 715 1771 artifex
745 1745 838 1772 indere
867 1745 1004 1773 coloribus

218 1796 324 1822 vocem,
336 1789 507 1817 lineamentis
522 1794 611 1817 tamen
626 1790 681 1824 (20)
697 1790 760 1825 ipsis
775 1791 894 1818 lamenta
908 1791 1001 1826 signa-

220 1835 277 1862 bat.
290 1833 438 1862 Videbatur
454 1835 526 1862 enim
540 1835 636 1862 mulier
652 1835 703 1864 hoc
717 1836 774 1864 fere
786 1837 864 1864 modo
879 1837 1005 1864 ﬂebiliter

218 1880 380 1907 lamentari:
400 1879 526 1907 Oinfelix
545 1887 611 1915 puer
625 1881 782 1908 infelicioris
797 1882 902 1915 matris,
930 1882 1006 1917 igno-

219 1925 301 1952 rabas
315 1924 407 1960 igitur,
420 1929 446 1952 te
460 1924 548 1958 gladio
570 1930 652 1960 atque
665 1927 770 1953 acerba:
779 1927 858 1954 morti
871 1927 1003 1962 progigni!

218 1978 236 1998 ο
257 1975 351 1998 uterus
364 1970 463 1998 frustra
478 1971 625 1998 fecundus!
641 1979 657 1999 ο
682 1972 788 1999 scilicet
806 1973 949 2000 invidenda
964 1973 1006 2001 fe-

220 2015 362 2050 cunditas,
379 2024 440 2051 quae
457 2018 546 2051 gaudii
564 2017 718 2051 paululum,
746 2018 876 2046 molestiae
901 2019 1008 2047 miserae

221 2061 287 2088 Inibi
305 2061 449 2096 plurimum
468 2062 582 2089 attulisti
596 2062 602 2089 Ξ
626 2071 641 2090 ο
656 2067 747 2091 tenera
763 2065 895 2097 membra,
910 2069 937 2091 et
956 2065 1007 2092 lin-

222 2115 274 2142 gua
287 2108 364 2135 dulce
380 2109 532 2136 bulbutieus
549 2117 556 2136 :
574 2117 643 2136 nunc
660 2116 723 2137 vero
737 2110 787 2136 heu
805 2110 830 2136 in
845 2115 1003 2144 perpetuum

221 2155 411 2182 obmutescens
423 2156 430 2182 ι
444 2163 460 2182 o
475 2156 583 2182 dextera
597 2155 701 2189 iniqua,
716 2163 775 2190 qum
786 2155 874 2191 gladio
890 2162 1007 2190 armata,

1049 923 1151 954 ἐκεῖνος
1170 921 1293 958 Ἡρώδης
1314 922 1356 956 ἐφ’
1371 921 1473 956 ὑψηλοῦ
1494 929 1567 953 τινος
1590 921 1690 957 θρόνου
1717 921 1839 955 σοϐαρῶς

1049 968 1229 1002 ἐφεζόμενος,
1245 967 1328 1003 δριμύ
1344 976 1374 994 τε
1403 968 1451 994 καὶ
1475 966 1606 1002 Θηριῶδες
1623 966 1698 1000 ὀρῶν
1716 966 1840 1001 κεχηνότι

1046 1014 1086 1050 τῷ
1109 1014 1254 1050 βλέμματι.
1271 1013 1368 1049 Ὀρθὺν
1385 1013 1414 1040 δὲ
1437 1013 1540 1048 στήσας
1561 1014 1590 1039 ὲν
1607 1012 1699 1047 κολεῷ
1717 1013 1750 1038 τὸ
1770 1012 1842 1046 ξίφος

1047 1061 1096 1094 τὴν
1108 1060 1186 1086 λαιὰν
1201 1060 1244 1086 ἐπ’
1255 1059 1329 1094 αὐτῷ
1343 1059 1502 1091 διανέπαυε,
1513 1059 1563 1094 τὴν
1573 1058 1665 1090 δεξιὰν
1676 1058 1841 1092 προτείνων,

1048 1105 1203 1132 ἐπιτάττειν
1218 1105 1297 1140 ἐῴκει
1310 1106 1366 1136 τοῖς
1383 1104 1575 1140 στρατιώταις,
1591 1104 1721 1139 ἀνηλεῶς
1737 1103 1842 1138 Θερίσαι

1048 1151 1103 1177 τῶν
1120 1151 1225 1186 νηπίων
1242 1152 1290 1185 τὴν
1308 1151 1439 1185 ἄρουραν.
1459 1150 1492 1177 0i.
1512 1150 1540 1177 δὲ
1561 1148 1766 1184 θηριοπρεπῶς
1787 1149 1842 1174 ἑπι-

1049 1196 1230 1232 θρώσκοντες,
1252 1196 1373 1232 ἀνηλεῶς
1385 1198 1419 1223 τὰ
1427 1195 1531 1222 δείλαια
1543 1203 1607 1222 κατε
1612 1194 1841 1229 μέλιζον.Ἔγρι-

1049 1244 1099 1279 ψεν
1108 1244 1122 1269 ό
1135 1243 1278 1278 ζωγράφος
1289 1243 1337 1268 καὶ
1347 1242 1396 1274 τὰς
1408 1242 1503 1273 ἀθλίας
1517 1241 1638 1276 μητέρας
1649 1239 1765 1275 οἰκτρὸν
1777 1248 1840 1266 συνι-

1052 1288 1156 1319 στώσα;
1170 1288 1279 1324 θρῆνον,
1293 1288 1340 1314 καὶ
1351 1289 1406 1320 τοῖς
1419 1287 1518 1322 αἵμασι
1529 1287 1668 1322 κιρνώσας
1678 1286 1717 1312 τὰ
1729 1285 1838 1319 δάκρυα.

1051 1337 1106 1363 Καὶ
1119 1336 1135 1371 ἡ
1152 1336 1202 1370 μὲν
1216 1335 1303 1362 ἕτιλλε
1318 1335 1367 1366 τὰς
1382 1335 1480 1369 κόμας,
1494 1334 1510 1369 ἡ
1524 1334 1552 1360 δὲ
1567 1335 1625 1364 ταῖς
1641 1332 1721 1365 ὖνυξι
1736 1331 1786 1363 τὰς
1799 1339 1841 1357 πα·

1053 1383 1129 1416 ysta;
1144 1381 1336 1415 περιέδρυφεν.
1349 1380 1433 1414 Ἀλλη
1447 1379 1590 1414 διέρρησσε
1604 1378 1651 1404 τὸν
1667 1377 1786 1408 πέπλον,
1800 1376 1841 1403 καὶ

1051 1429 1086 1454 τὰ
1101 1427 1199 1462 στέρνα
1217 1426 1433 1461 παραγυμνοῧσα
1447 1425 1492 1451 τὸν
1509 1424 1611 1459 μαστδν
1626 1423 1779 1450 ὗπεόείκνυ
1797 1431 1840 1448 πω-

1051 1472 1232 1507 ταλειφοέντα
1249 1472 1294 1498 τοῦ
1317 1471 1479 1505 θηλάζοντος
1499 1470 1611 1505 ἔρημον.
1629 1469 1733 1504 Ἑτέρα
1755 1468 1785 1494 δὲ
1801 1467 1841 1493 τοῦ

1052 1518 1253 1548 κατακοπέντος
1264 1517 1370 1543 παιδίου
1379 1517 1413 1542 τὰ
1423 1516 1608 1550 διεσπαρμένα
1620 1513 1692 1548 μέλη
1706 1513 1840 1546 συνέλεγε.

1052 1565 1108 1591 Καὶ
1121 1564 1187 1598 άλλη
1200 1562 1348 1596 νεοσφαγὲς
1358 1564 1415 1593 τοῖς
1427 1562 1523 1595 γόνασι
1536 1560 1678 1595 κρατοῦσα
1691 1560 1723 1586 τὺ
1735 1560 1841 1594 νήπιοι,

1053 1609 1159 1644 πικρῶς
1170 1608 1337 1643 ὠλοφύρετο.
1355 1608 1410 1634 Καὶ
1427 1607 1520 1641 ἐπειδὴ
1539 1606 1576 1641 μὴ
1595 1603 1669 1640 εἶχεν
1687 1607 1702 1632 ὁ
1719 1606 1842 1639 τεχνίτης

1053 1655 1144 1690 φωνὴν
1156 1655 1274 1682 ἐνθεῖναι
1284 1655 1339 1685 τοῖς
1352 1653 1504 1688 χρώμασιν,
1518 1653 1639 1687 ἐσήμανε
1653 1651 1717 1681 τοὺς
1730 1651 1842 1685 Θρὴνονς

1052 1702 1109 1732 τοῖς
1126 1700 1298 1736 γράμμασιν.
1316 1700 1418 1726 Ἐδόκει
1436 1699 1490 1733 γὰρ
1509 1697 1709 1733 ἐπιτραγῳδεῖν
1727 1693 1784 1723 ὧδὲ
1804 1705 1841 1722 πει

1052 1746 1083 1773 τὸ
1097 1746 1217 1780 γύναιον.
1227 1743 1263 1771 Ὦ
1279 1744 1385 1771 παιδίον
1398 1742 1526 1778 δυστυχὲς
1541 1741 1714 1776 ἁθλιωτέρας
1731 1741 1841 1776 μητρὴ,

1054 1791 1199 1821 ἐλάνθανες
1214 1790 1268 1825 ἄρα
1286 1789 1356 1823 ξῖφει
1379 1789 1427 1816 καὶ
1443 1788 1550 1822 θανάτῳ
1567 1787 1652 1822 ἀώρῳ
1666 1786 1839 1820 τικτόμενοεῆ

1057 1837 1089 1864 *Ω
1101 1837 1150 1871 τῆς
1164 1836 1251 1871 μάτην
1262 1835 1376 1869 γονίμου
1387 1833 1518 1868 γαστρόςῑ
1532 1832 1553 1858 ὣ
1565 1832 1691 1867 ζηλωτῆς
1704 1832 1841 1862 εὐτεκνίας

1055 1882 1098 1908 ἐπ’
1111 1881 1199 1914 ὀλίγον
1222 1880 1271 1916 μὲν
1290 1878 1477 1914 εὑφρανάσης,
1497 1878 1543 1904 ἐπὶ
1564 1876 1646 1903 πλέον
1666 1877 1696 1903 δὲ
1718 1877 1842 1910 avito-331;;

1055 1927 1104 1962 τὴν
1124 1927 1242 1953 δειλαίαν
1265 1926 1332 1960 έμέι
1352 1924 1374 1951 ὣ
1396 1924 1484 1960 μελῶν
1507 1923 1634 1957 ἁπαλῶν,
1652 1923 1702 1949 καὶ
1723 1922 1841 1956 γλώττης

1056 1971 1233 2007 ψελλιζούσης
1250 1971 1309 2005 ἡδὺ,
1323 1970 1369 1996 νῦν
1384 1969 1412 1996 δὲ
1427 1969 1477 2003 φεῦ
1494 1969 1648 2004 σιγησάσης
1666 1969 1791 2003 ἐσχάτην
1807 1977 1841 1994 σι-

1057 2018 1123 2053 γὴνι
1137 2017 1159 2044 ὣ
1172 2017 1260 2050 δεξιᾶς
1274 2016 1366 2042 ἀδίκου
1379 2015 1520 2050 ξιφήρους,
1534 2015 1574 2042 ὅτι
1589 2015 1628 2050 μὴ
1641 2015 1697 2049 πρὸ
1710 2014 1771 2046 σοῦ,
1785 2023 1842 2041 πα.-

1057 2065 1132 2097 δίον,
1153 2064 1203 2098 τὴν
1224 2062 1356 2089 τεκοῦσαν
1378 2060 1554 2087 ὰπέκτεινενῐ
1567 2061 1669 2095 Ἐγρεο
1694 2060 1842 2094 σπλάγχνον

1059 2110 1140 2145 ἐμὸν,
1159 2106 1319 2139 ἀποτίναξον
1336 2106 1380 2133 τὸν
1398 2106 1482 2142 βαρὺν
1499 2105 1593 2132 τοῦτον
1611 2105 1712 2137 ὕπνον,
1730 2106 1760 2132 ὃν
1779 2106 1841 2131 σοιό

1060 2154 1167 2191 ἀπηνὴς
1193 2152 1382 2189 στρατηλάτης
1407 2152 1548 2187 ἐνέθηκεν.
1567 2151 1768 2191 ’Υφαπλώοητι
1792 2152 1840 2180 ταῖς

222 2208 282 2235 quae
301 2209 354 2227 non
371 2206 435 2228 ante
450 2205 563 2229 matrem
593 2209 673 2236 quam
692 2207 728 2235 te,
740 2202 836 2237 puelle,
853 2202 1006 2231 interemit!

1068 2201 1195 2235 ὶγκάλαις
1220 2199 1269 2234 τῆς
1296 2199 1345 2233 σῆς
1372 2197 1468 2228 ἀθλίας
1493 2197 1608 2232 μητρός.
1629 2196 1782 2223 Ἐπιλαϐοῦ
1806 2196 1837 2222 τιὶ

223 2247 431 2282 Expergiscere,
456 2248 504 2279 fili,
521 2248 624 2275 viscera
641 2256 711 2282 mea,
734 2253 830 2276 excute
846 2250 1008 2284 profundum

224 2294 296 2321 hunc
325 2301 449 2320 somnum
469 2301 548 2328 quem
569 2294 618 2321 tibi
633 2294 743 2321 immitis
758 2294 868 2334 satelles
882 2295 1004 2327 immisit;

225 2338 332 2372 conjice
358 2342 384 2364 te
403 2338 430 2364 in
456 2338 533 2365 ulnas
562 2339 668 2366 miserae
692 2334 853 2373 genetricis;
871 2339 1008 2374 prehende

227 2391 372 2410 mammam
385 2383 448 2410 olim
466 2383 512 2410 tibi
528 2383 663 2417 cupitam;
680 2384 800 2411 suaviter
812 2385 902 2416 matri,
929 2393 960 2411 ac
976 2385 1009 2412 de

226 2437 302 2457 more
317 2430 436 2457 subride.
456 2429 508 2457 Sed
532 2436 585 2456 non
603 2429 630 2456 id
645 2430 776 2464 permittit
791 2430 933 2465 imperium
951 2439 1012 2458 eru-

227 2476 286 2505 dele
304 2476 424 2511 tyranni.
451 2474 512 2502 Haec
527 2475 599 2510 loqui
623 2475 769 2504 verisimile
785 2482 853 2510 erat,
874 2480 901 2504 et
917 2476 1010 2505 forsan

1065 2245 1130 2282 πρίν
1143 2254 1183 2272 σοι
1196 2244 1364 2279 ποθουμένου
1380 2243 1477 2278 μαξοῦ.
1489 2242 1638 2274 Ἐπίόειξον
1650 2242 1681 2268 τὸ
1695 2243 1783 2276 γλυκὺ
1806 2243 1838 2266 xz"

1059 2292 1175 2327 σύνηθες
1190 2291 1277 2316 ἐκεῖνο
1293 2289 1436 2324 μειδίαμα.
1452 2289 1522 2315 Ἀλλ’
1533 2289 1584 2315 οὐκ
1597 2288 1690 2322 ἀφῆκε
1704 2289 1734 2314 τὸ
1751 2287 1840 2320 ἀπηνὲς

1060 2342 1107 2369 τοῦ
1126 2340 1259 2375 τυράννου
1278 2339 1428 2373 ἐπίταγμα.
1446 2337 1561 2363 Τοιαῦτα
1582 2337 1673 2369 λέγειν
1693 2336 1788 2371 ἐῴκει,
1808 2335 1839 2361 7.1"

1064 2388 1186 2422 συνείρεν
1207 2385 1273 2415 ἴσως
1289 2384 1324 2410 τὰ
1340 2384 1391 2418 τῆς
1410 2383 1520 2418 Νιόϐης,
1541 2383 1589 2408 καὶ
1608 2382 1658 2416 τῆς
1677 2382 1840 2411 Ἀλκίστεως.

1064 2432 1160 2466 Μάτην
1177 2430 1231 2465 ἄρα
1249 2436 1277 2454 σε
1295 2428 1388 2455 τέκνον
1405 2427 1576 2462 ἐθρεψάμην,
1596 2427 1687 2462 μάτην
1706 2427 1838 2462 ἐμόχθουν.

1067 2477 1113 2504 καὶ
1134 2474 1301 2508 κατεξάνθην
1322 2474 1422 2505 πόνοις.
1444 2473 1521 2508 Ζηλῶ
1543 2473 1565 2499 δ’
1576 2473 1703 2507 ἀγάμους
1722 2473 1838 2506 γυναῐιι.

841 2557 1001 2588 Francisci
1016 2558 1121 2589 Scorsi
1136 2559 1230 2587 notae.

264 2623 452 2661 (19)__0mnem
480 2629 593 2661 munem.
622 2625 671 2653 llic
701 2626 806 2661 poetico
829 2626 880 2651 ritu
896 2626 966 2660 loqui
987 2633 1016 2654 se

228 2660 297 2686 velle.
308 2658 486 2692 Theophanes
503 2659 550 2686 ait.
567 2660 673 2687 Nullum
699 2658 786 2687 tamen
807 2661 896 2687 innuit
911 2658 1013 2688 certum

229 2700 315 2729 poeta:
342 2693 441 2726 locum,
468 2702 500 2721 ex
512 2702 565 2727 quo
580 2697 696 2729 tragicos
720 2695 779 2723 illos
795 2695 888 2721 modos
915 2696 946 2721 ad
960 2704 1015 2722 rem

229 2737 307 2756 suam
339 2730 539 2761 transduxertt;
557 2737 642 2764 neque
661 2738 725 2757 vero
737 2737 786 2763 ego
804 2730 917 2756 similem
936 2730 1010 2757 illurn

231 2769 362 2791 hactenus
396 2764 495 2797 reperi,
517 2765 587 2791 unde
616 2772 647 2791 ex
680 2766 787 2798 ingenio
811 2772 860 2790 suo
875 2773 957 2798 pauca
972 2766 1015 2790 illa

231 2798 380 2834 componit.
411 2798 480 2834 Infra
493 2800 600 2834 quidem
629 2800 789 2826 Alceslitient
807 2803 833 2825 cl
850 2799 952 2826 Ntoltetl
970 2808 1016 2834 ap-

233 2839 265 2866 ρει
277 2832 323 2866 lat,
339 2832 370 2859 de
382 2833 480 2866 quibus
498 2833 616 2861 dicemus
633 2842 680 2861 suo
695 2834 762 2861 loco.

1100 2627 1156 2662 (20)
1171 2624 1347 2662 Lineantenlie
1364 2627 1461 2662 tamen.
1480 2620 1536 2662 Qui
1556 2627 1608 2646 non
1634 2619 1724 2662 videat
1743 2621 1836 2662 praecisa

1063 2656 1154 2688 fuisse'
1176 2661 1236 2697 [me
1261 2660 1383 2694 ὲσήμανε
1401 2658 1464 2687 τοὺς
1479 2656 1597 2697 θρήνους
1625 2656 1683 2697 τοῖς
1706 2656 1835 2697 mltian

1065 2695 1282 2730 quandoquidem
1305 2688 1563 2730 'prmcesserat'jat
1590 2690 1686 2730 ἐπειδὴ
1713 2688 1833 2725 pstea.

1064 2724 1081 2758 ὁ
1104 2724 1227 2765 τεχνίτης
1254 2724 1346 2764 φωνὴν
1358 2724 1634 2765 ἐνθεῖναι..Ιεὶιυ[ε;ι
1655 2724 1774 2763 lucratus
1790 2732 1833 2750 sum

1065 2773 1097 2792 ex
1109 2759 1192 2791 aliero
1206 2759 1311 2794 codice.
1325 2759 1484 2796 setttper-qtte
1497 2760 1521 2785 in
1534 2767 1567 2786 eo
1582 2760 1686 2796 llt‘lllavi
1699 2766 1832 2796 opinionem

1067 2808 1153 2826 meum
1172 2799 1252 2825 etiam
1272 2799 1325 2830 illa,
1342 2794 1400 2832 qua:
1416 2794 1539 2832 videntur
1550 2794 1650 2832 omitti_
1666 2795 1781 2827 potuisse
1794 2802 1834 2819 uu-

1048 2856 1051 2857 ν
1065 2835 1149 2862 fuisse
1165 2834 1198 2861 ab
1213 2838 1334 2866 auctore,
1351 2829 1398 2860 Sed
1415 2838 1430 2858 a
1444 2830 1575 2864 scriptore
1596 2829 1709 2856 omissa.
