1875 3055
24 143 77 174 933

751 135 917 167 IIOMlLlA
938 134 1021 165 LIII.

1604 132 1658 165 93$

22 199 100 230 ὅντα,
118 197 156 229 ὡς
169 198 202 224 ἐκ
215 197 270 224 τῶν
289 196 362 223 ἰδίων
380 196 472 232 μερῶν
489 193 750 232 συμπληρούμενον,
761 192 811 226 τὴν

912 198 964 222 um,
980 195 1006 217 et
1028 186 1177 223 perfectum
1201 196 1278 224 aeque
1299 188 1437 217 hominem
1461 189 1654 218 exsistentem;

22 245 165 281 ἀναφορὰν
179 244 251 279 ἔχειν
264 245 303 276 είς
319 244 364 271 τὸν
382 243 446 271 Υἱδν
459 243 507 270 τοῦ
529 242 609 275 Θεοῦ,
626 241 694 267 Θεὸν
711 239 815 266 τέλειον

23 291 99 324 ὄντα,
121 290 168 318 καὶ
188 290 292 317 τέλειον
319 289 473 325 ἄνθρωπον.
502 289 558 316 Καὶ
577 288 674 322 ὥσπερ
699 282 778 316 οὗτος
802 284 816 309 ό

22 336 140 371 ἀριθμὸς
159 337 199 367 εἱς
218 337 253 362 τὰ
270 336 324 362 ἴδια
337 336 408 371 μέρη
424 335 617 369 ἀναλυόμενος,
632 332 816 359 συντεθέντων

23 381 102 413 αὖθις
124 381 180 407 τῶν
190 380 292 415 μερῶν,
308 381 347 412 είς
364 380 461 406 ἑαυτὸν
477 380 559 406 πάλιν
572 378 789 405 ἀποκαθίσταται
806 384 814 393 ·

23 427 111 459 οὕτως
119 428 132 454 ὁ
150 428 198 454 τοῦ
214 426 282 453 Θεοῦ
293 425 441 462 μονογενὴς
450 425 526 457 Υίδς,
539 424 681 454 κενωθεὶς,
697 423 744 449 καὶ
755 420 816 449 δού-

25 479 72 499 λου
89 472 197 509 μορφὴν
210 471 311 505 λαϐὼν,
330 471 378 497 καὶ
392 470 475 498 οἱονεὶ
500 468 677 505 σμικρυνθεὶς
704 467 745 498 είς
765 465 814 501 τὴν

24 519 122 545 ἑαυτοῦ
145 518 314 553 τελειότηται
333 517 381 544 καὶ
401 516 490 549 ἀξίαν,
516 515 597 543 πάλιν
613 512 805 549 ἀνεπληρώθη,

24 566 155 592 οὐδέποτε
179 564 226 591 τοῦ
241 564 346 595 τέλειος
367 561 611 597 εἷναιζημιωθείς.

65 610 97 637 '0
112 611 141 637 δὲ
156 610 291 646 ἡμέτερος
307 609 386 644 λόγος
408 609 589 640 νεανιεύεται,
610 606 656 633 καὶ
675 605 754 632 τοῦτο
771 605 817 640 ζη-

23 659 76 685 τεῖ.
103 657 160 692 Τῆς
184 656 391 692 ἀρχαγγελικῆς
413 654 516 688 τάξεως
533 654 642 690 πρῶτον
669 652 749 687 ἴσμεν
768 652 815 678 τὸν

23 704 148 739 Μιχαὴλ,
163 703 200 734 ὡς
214 704 231 738 ἡ
242 703 290 730 τοῦ
299 702 399 737 Δανιὴλ
414 702 488 737 ἡμᾶς
501 700 654 737 προφητεία
671 707 816 734 μυσταγω-

23 751 79 783 γεῖ,
97 746 176 781 οὗτος
192 749 220 776 δὲ
239 747 348 775 καὶτοῦ
366 747 516 775 Ἰουδαϊκοῦ
536 746 602 774 λαοῦ
626 747 676 781 τὴν
692 745 815 780 φυλακὴν

22 795 218 826 ἐπεπίστευτο,
229 795 264 821 τὰ
278 796 339 831 ιερά
353 794 432 828 λόγια
447 794 495 821 καὶ
506 793 585 819 τοῦτό
600 801 666 827 φασι
679 800 686 807 ·
702 792 760 823 πῶς
768 789 815 818 οὖν

22 842 74 868 οὐκ
88 842 170 873 αὐτὸς
188 842 289 877 μᾶλλον
309 841 447 876 ὑπουργὸς
461 840 509 867 τοῦ
527 839 680 876 μυστηρίου
694 839 813 874 γίνεται,

24 888 85 914 ἀλλ’
99 889 113 914 ό
125 888 246 924 Γαϐριὴλ
257 889 307 923 τὴν
323 888 465 923 Παρθένον
486 888 682 922 μυσταγωγεῖ;
706 886 816 922 Ἐπειδὴ

24 936 98 961 κατὰ
124 934 174 970 τὴν
201 935 314 970 πρώτην
345 934 451 969 γένεσιν
475 933 589 968 δευτέρα
617 933 744 969 παρήχθη
770 932 816 960 τοῦ

24 979 124 1014 ἀνδρὸς
138 980 154 1014 ὴ
172 980 253 1015 γυνὴ,
268 979 313 1006 διὰ
333 978 413 1005 τοῦτο
425 979 479 1005 τῶν
496 978 676 1014 ἀρχαγγέλων
694 979 708 1004 ό
722 977 815 1004 δεύτε-

26 1034 74 1060 ρος
87 1025 156 1061 πρὸς
169 1025 200 1052 τὸ
220 1024 346 1060 δεύτερον
363 1025 452 1059 γένος,
461 1024 499 1056 ὡς
515 1024 598 1057 εἰκὸς,
610 1023 817 1056 ἀποστέλλεται,

24 1071 160 1107 δευτέραν
172 1070 219 1098 τοῦ
233 1071 338 1106 κόσμου
357 1071 467 1106 μηνύων
479 1071 633 1098 διάστασιν.
651 1071 708 1098 Καὶ
721 1071 818 1106 ἐπειδὴ

25 1118 56 1144 τὺ
72 1117 122 1144 τοῦ
136 1118 256 1153 Γαϐριὴλ
273 1118 359 1153 ὄνομα
376 1118 504 1153 δύναμις
531 1118 605 1145 Θεοῦ
625 1118 818 1154 ἑρμηνεύεται,

25 1163 129 1198 ἔμελλε
143 1163 173 1190 δὲ
186 1163 355 1199 σαρκοῦσθαι
369 1164 383 1190 ό
398 1163 462 1196 Υίὺς
475 1163 522 1190 τοῦ
536 1163 616 1196 Θεοῦ,
631 1164 662 1196 ὃς
678 1164 737 1190 ἐστι
749 1163 818 1190 Θεοῦ

27 1209 115 1243 σοφία
128 1209 176 1236 καὶ
186 1209 302 1245 δύναμις
317 1218 324 1225 ·
339 1210 454 1241 εἰκότως
473 1206 550 1241 οῦτος
564 1209 774 1244 εὐαγγελίζεται
789 1210 820 1236 τὸ

25 1257 194 1292 μυστήριον.
207 1257 257 1282 Διὰ
271 1256 297 1282 τί
311 1256 338 1283 δὲ
352 1256 390 1292 μὴ
402 1256 469 1292 πρὸς
483 1256 528 1284 τὸν
545 1257 689 1292 μνηστῆρα
706 1256 818 1291 Ἰωσὴφ,

23 1303 99 1329 ἀλλὰ
114 1303 184 1337 πρὸς
193 1302 242 1338 τὴν
259 1302 397 1338 Παρθένον
411 1303 425 1329 ὁ
436 1302 552 1337 ἄγγελος
565 1303 718 1338 πέμπεται;
730 1303 818 1335 Ἐπεὶ,

24 1348 70 1375 ὅτι
110 1349 180 1385 ᾔδει,
211 1348 287 1376 οὐδὲν
311 1349 401 1376 κοινὸν
421 1349 461 1384 τῷ
483 1348 585 1385 Ἰωσὴφ
609 1349 678 1384 πρὸς
701 1349 750 1384 τὴν
772 1348 820 1376 τοῦ

27 1395 136 1431 Κυρίου
154 1395 294 1430 γέννησιν,
314 1395 368 1423 κᾶν
384 1396 426 1422 ὅτι
441 1395 558 1431 μάλιστα
575 1395 663 1430 φύλαξ
682 1397 732 1430 τῆς
747 1396 822 1431 Παρ-

25 1441 110 1468 θένου
135 1441 183 1468 καὶ
197 1441 331 1477 κηδεστὴς
347 1442 547 1478 ἐχρημάτισεν.
568 1442 640 1468 Ἀλλ’
656 1442 754 1477 ἐπειδὴ
770 1442 820 1477 ἀρ-

24 1487 117 1523 χῆθεν
136 1487 180 1514 διὰ
203 1488 334 1522 γυναικὸς
356 1489 468 1523 γέγονεν
493 1489 510 1524 ἡ
533 1488 583 1524 τῆς
606 1488 746 1524 ἁμαρτίας
769 1497 822 1514 πα-

26 1533 179 1568 ρείσδυσις,
207 1533 252 1561 διὰ
268 1534 316 1561 τοῦ
344 1534 427 1561 αὑτοῦ
448 1535 545 1569 γένους
561 1535 714 1570 ἐνεργεῖται
734 1536 750 1570 ὴ
771 1535 820 1570 τῆς

22 1578 205 1614 δικαιοσύνης
226 1579 387 1610 είσέλευσις.
405 1580 482 1607 Ἐπεὶ
496 1580 523 1607 δὲ
545 1580 618 1616 ἡμᾶς
635 1580 649 1606 ὁ
663 1580 744 1615 σοφὸς
765 1580 819 1607 ἐδί-

23 1626 94 1658 δαξε
109 1625 236 1661 Μάξιμος
264 1627 310 1653 καὶ
328 1627 360 1653 ὲκ
373 1626 428 1653 τῶν
444 1627 586 1662 στοιχείων
606 1627 662 1654 τῶν
676 1627 819 1662 ὀνομάτων

26 1672 63 1698 ἐκ
108 1680 138 1698 τε
170 1671 218 1698 τοῦ
265 1672 384 1708 ἀριθμοῦ
422 1673 513 1699 αὐτῶν
546 1673 615 1708 πρὸς
649 1673 820 1709 ὑψηλοτέρας

24 1718 141 1749 ἐννοίας
170 1717 333 1752 ἀνάγεσθαι,
359 1718 429 1745 ἑπτὰ
458 1719 485 1745 δὲ
504 1720 628 1755 ,στοιχεῖα
651 1719 701 1755 τὴν
722 1719 819 1754 κλῆσιν

23 1762 222 1798 ἀναπληροῦσι
249 1762 297 1789 τοῦ
329 1763 471 1799 Γαϐριὴλ,
500 1754 636 1798 ’ἐμφαίνει
663 1754 694 1791 τὸ
721 1764 817 1799 ὕνομα,

23 1807 97 1840 ώςό
136 1807 189 1834 ὑπὸ
228 1807 350 1843 Γαϐριὴλ
398 1808 644 1843 εὐαγγελιζόμενος
690 1810 820 1844 τεχθῆναι

25 1853 152 1889 Χριστὸς
174 1853 220 1880 ἐπὶ
258 1853 381 1889 σωτηρίᾳ⁸
410 1854 474 1888 ἥκει
502 1853 550 1880 τοῦ
571 1854 676 1888 κόσμου
696 1854 796 1886 παντὸς
811 1874 819 1887 ,

22 1899 79 1927 τοῦ
118 1899 304 1936 μετρουμένου
340 1900 394 1926 ὑπὸ
433 1900 482 1934 τῆς
513 1900 695 1936 ἐϐδοματιχῆς
718 1900 821 1936 ταύτης

24 1948 190 1980 κινήσεως,
223 1946 271 1973 καὶ
315 1947 521 1981 περατουμένου
552 1948 581 1974 ὲν
609 1947 705 1973 αἰῶσιν
740 1947 820 1975 ἑπτά.

25 1993 62 2020 Et
91 1993 122 2019 δὲ
152 1992 189 2028 μὴ
215 1992 362 2029 περίεργος
387 1993 458 2026 δόξει
483 1994 540 2025 τοῖς
568 1993 676 2025 πολλοῖς
699 1993 824 2029 ήὲξέτα-

26 2048 96 2071 σις,
125 2038 186 2065 οὐδὲ
215 2038 270 2065 τῶν
290 2038 338 2065 τοῦ
363 2038 494 2074 ὀνόματος
527 2039 648 2074 μονάδων
669 2041 682 2066 ό
705 2040 822 2075 ἀριθμὸς

23 2087 86 2120 ἐξω
104 2085 234 2112 πέπτωκε
253 2085 370 2120 θεωρίας
384 2086 433 2120 τῆς
450 2086 596 2120 μυστικῆς.
613 2086 670 2112 Καὶ
683 2087 716 2113 ὲκ
725 2086 822 2113 τούτου

24 2134 89 2168 γὰρ
108 2133 159 2168 τὴν
185 2132 313 2167 πρόνοιαν
334 2132 384 2167 τῆς
405 2132 487 2166 ἁγίας
511 2132 624 2167 Γραφῆς
647 2134 823 2169 μηνυομένην

24 2179 201 2213 εὑρήσομεν.
221 2178 262 2205 Τὰ
284 2178 339 2213 γὰρ
352 2178 478 2214 τέσσαρα
506 2179 555 2205 καὶ
571 2179 739 2215 πεντήκοντα
756 2180 824 2215 πρὸς

22 2227 90 2257 τοῖς
117 2225 224 2257 ἑκατὸν,
247 2224 319 2260 ἅπερ
336 2225 368 2250 ἐκ
393 2224 442 2259 τῆς
467 2224 515 2250 τοῦ
537 2225 655 2260 Γαϐριὴλ
677 2226 824 2260 συνάγεται

24 2273 174 2308 κλήσεως,
198 2272 274 2307 δηλοί
294 2272 340 2298 τὸν
362 2271 610 2306 εὐαγγελιζόμενον
624 2272 728 2300 τέλειον
747 2273 825 2306 Θεὸν,

24 2321 82 2348 καὶ
97 2319 200 2346 τέλειον
209 2318 362 2353 ἄνθρωπον.
378 2318 410 2344 Ἢ
419 2318 472 2354 γάρ
485 2326 526 2344 τοι
541 2318 623 2350 δεκὰς
637 2319 729 2346 τελεία
746 2319 825 2354 οὖσα,

22 2368 70 2399 ὠς
88 2365 253 2401 περιεκτικὴ
273 2364 376 2396 παντὸς
403 2363 533 2399 ἀριθμοῦ,
557 2366 597 2396 εἰς
618 2365 718 2400 ἑαυτὴν
741 2367 825 2393 πολυ-

23 2412 245 2448 πλααιαζομένη
261 2412 310 2446 τὴν
328 2411 495 2438 ἑκατοντάδα
512 2413 594 2444 ποιεῖ,
610 2412 672 2447 ἥτις
686 2412 823 2449 δηλωτική

21 2462 94 2488 ἐστι
107 2459 158 2494 τῆς
174 2458 337 2490 παντελείας
353 2458 491 2494 θεότητος.
515 2458 548 2485 'H
565 2458 593 2485 δὲ
615 2459 765 2494 πενταδικὴ
780 2460 823 2487 δε-

23 2507 86 2538 κὰς
98 2505 149 2539 τῆς
161 2506 269 2537 τελείας
279 2505 326 2532 τοῦ
339 2504 484 2540 ἀνθρώπου
500 2505 591 2541 ψυχῆς
603 2505 660 2532 ἐστι
677 2506 824 2541 σύμϐολον,

21 2551 153 2588 ἐχούσης
171 2552 220 2587 μὲν
230 2552 280 2587 τὴν
290 2552 323 2579 ἐκ
339 2551 386 2578 τοῦ
404 2551 463 2583 νοὸς
477 2550 647 2587 τελειότητα,
658 2553 825 2588 ἐνεργούσης

69 2633 94 2650 ³⁸
107 2632 223 2668 Philipp.
236 2640 267 2666 II,
285 2632 311 2660 8.
350 2633 373 2649 ⁸⁷
389 2632 456 2660 Dan.
475 2634 558 2667 x,15,
570 2634 615 2663 21.

868 243 895 263 et
909 235 991 263 sicuti
1009 242 1139 263 numerus
1158 234 1203 262 hic
1217 235 1261 262 ubi
1288 235 1315 262 in
1336 243 1401 263 suas
1418 236 1541 270 proprias
1555 235 1659 263 resolu-

869 286 912 309 tus
928 286 969 308 est
988 285 1090 316 partes,
1109 281 1268 315 compositis
1289 288 1387 309 rursus
1409 281 1473 316 illis,
1488 282 1514 309 in
1536 282 1655 316 seipsum

869 328 903 354 de
922 327 1028 362 integro
1045 327 1116 354 redit
1133 332 1213 360 atque
1227 327 1363 360 consistit;
1388 327 1427 355 sic
1438 328 1593 361 unigenitus
1612 327 1658 354 Dei

867 373 952 400 Filius
968 381 1030 400 cum
1047 380 1075 399 se
1098 372 1267 399 exinanisset
1289 377 1315 400 et
1343 372 1461 399 formam
1491 373 1563 400 servi
1587 380 1661 399 surn-

867 421 967 452 psisset
980 418 1014 450 ⁸⁸⁸,
1032 423 1060 445 ει
1072 418 1156 445 veluti
1172 417 1354 444 imminuisset
1369 418 1394 444 in
1408 425 1484 445 suam
1500 417 1584 452 ipsius
1599 425 1660 452 per-

867 463 1015 491 fectionem
1041 464 1271 498 dignitatemque,
1310 471 1405 491 rursus
1429 464 1583 498 completus
1605 469 1658 496 est,

869 510 975 539 nullum
991 517 1110 545 unquam
1132 517 1228 543 passus
1252 508 1428 543 perfectionis
1456 509 1659 536 detrimentum.

905 614 1004 642 Verum
1031 614 1076 642 hic
1102 614 1190 641 oratio
1216 617 1308 640 nostra
1334 611 1498 647 juvenescit,
1520 615 1549 639 et
1579 611 1661 639 audet

867 662 948 689 etiam
965 660 1029 687 illud
1047 659 1196 694 inquirere.
1217 659 1284 686 Cum
1312 657 1536 693 art-hangelorum
1554 657 1658 685 ordinis

866 706 1016 740 principem
1044 705 1162 732 sciamus
1187 711 1248 731 esse
1274 702 1431 731 Michaelem
1447 723 1453 735 ,
1479 703 1515 729 uti
1541 701 1661 729 Danieiis

866 750 1009 786 prophetia
1027 757 1077 778 nos
1099 750 1187 782 docet,
1203 749 1357 783 eidemque,
1378 752 1406 776 ut
1429 755 1506 776 sacra
1525 752 1660 775 testantur

868 796 981 831 Eloquia
998 796 1032 830 ",
1047 795 1154 823 Iudaici
1167 795 1256 830 populi
1268 795 1399 830 permissa
1413 795 1535 822 custodia
1548 795 1594 827 sit,
1606 802 1658 828 qua

869 843 973 870 ratione
989 850 1043 869 non
1062 841 1120 876 ipse
1147 841 1235 876 potius
1255 841 1376 876 mysterii
1406 840 1530 868 minister
1545 839 1659 872 exstitit,

870 890 917 917 sed
935 888 1047 916 Gabriel
1066 888 1100 916 de
1114 886 1223 915 arcanis
1243 887 1381 921 Virginem
1398 886 1511 914 edocet?
1527 886 1661 919 Quoniam

870 935 897 962 in
914 935 1000 970 prima
1019 933 1111 962 mundi
1126 933 1264 961 creatione.
1288 935 1406 960 secunda
1430 937 1491 967 post
1514 933 1602 959 virum
1619 940 1662 959 sc-

870 982 948 1009 ducta
965 980 1064 1008 mulier
1079 984 1130 1012 est,
1149 979 1210 1006 ideo
1224 979 1360 1007 secundus
1382 978 1607 1013 archangelorum
1627 978 1661 1005 ad

870 1028 1020 1056 secundum
1031 1035 1137 1058 sexum.
1151 1031 1181 1054 ut
1192 1034 1240 1059 par
1250 1030 1291 1053 est.
1306 1025 1437 1057 mittitur,
1452 1026 1497 1060 qui
1516 1024 1661 1052 secundam

870 1075 976 1102 nuntiet
985 1075 1076 1101 mundi
1088 1073 1282 1101 conditioriem.
1291 1072 1459 1107 thuoniam
1468 1071 1602 1099 Gabrielis
1614 1079 1664 1098 no-

832 863 854 892 Β

871 1121 995 1156 men('55)
1010 1120 1057 1148 Dei
1069 1120 1251 1154 fortitudinem
1264 1119 1483 1153 interpretantur,
1494 1124 1520 1145 et
1541 1118 1662 1145 futurum

868 1168 924 1203 jam
934 1174 1003 1201 erat,
1018 1172 1047 1194 ut
1063 1175 1173 1194 carnem
1190 1171 1311 1193 sumeret
1324 1165 1371 1193 Dei
1386 1165 1480 1198 Filius,
1496 1165 1541 1200 qui
1557 1170 1599 1192 est
1614 1164 1662 1192 Dei

870 1215 956 1242 virtus
970 1222 1001 1242 ac
1012 1214 1145 1248 sapientia
1155 1212 1191 1245 ⁸⁸,
1203 1218 1385 1248 congruenter
1400 1220 1466 1240 sane
1482 1212 1526 1239 ille
1537 1212 1661 1247 mysterii

872 1261 984 1288 nuntius
997 1266 1048 1287 est.
1063 1259 1133 1292 Quid
1148 1266 1211 1285 Vero
1228 1263 1280 1290 est,
1299 1258 1369 1293 quod
1397 1265 1450 1284 non
1475 1258 1508 1284 ad
1533 1265 1662 1291 sponsum

872 1306 983 1339 Joseph,
997 1305 1043 1332 sed
1054 1305 1086 1331 ad
1104 1304 1238 1338 Virginem
1253 1304 1367 1330 mittitur
1383 1302 1516 1338 angelus?
1528 1302 1662 1335 Quoniam

873 1353 939 1379 nihil
955 1358 1111 1383 commune,
1127 1351 1200 1385 quod
1212 1349 1268 1383 jam
1280 1349 1394 1382 sciebat,
1413 1350 1438 1376 in
1459 1348 1564 1376 Domini
1580 1356 1664 1384 gene-

873 1398 979 1425 ratione
987 1397 1090 1431 Joseph
1106 1396 1231 1426 habebat.
1241 1395 1416 1431 quantumvis
1429 1400 1520 1422 custos
1537 1398 1565 1421 et
1584 1401 1666 1428 spon-

873 1451 920 1472 sus
931 1443 1053 1478 Virginis
1071 1443 1273 1478 appellaretur.‘
1284 1442 1336 1470 Sed
1353 1441 1481 1476 quoniam
1498 1447 1513 1467 a
1532 1439 1666 1474 principio

873 1499 922 1526 per
933 1491 1073 1518 mulierem
1095 1494 1237 1525 peccatum
1255 1495 1284 1516 se
1307 1487 1468 1519 insinuavit,
1486 1486 1546 1513 ideo
1558 1485 1665 1519 iustitia

834 1536 856 1567 (Σ
874 1544 921 1572 per
937 1537 1007 1564 idem
1027 1543 1112 1570 genus
1133 1535 1294 1570 ingreditur.
1311 1533 1446 1566 Quoniam
1466 1539 1530 1559 vero
1556 1539 1605 1558 nos
1620 1538 1665 1558 sa-

874 1591 951 1618 piens
968 1582 1013 1610 ille
1028 1581 1162 1609 Maximus
1178 1580 1349 1614 (361d0cuit.
1364 1583 1392 1606 ut
1408 1580 1441 1605 ab
1457 1578 1601 1606 elementis
1615 1586 1666 1606 no-

875 1630 977 1656 minum
1009 1635 1158 1662 eorumque
1186 1633 1298 1654 numero
1317 1625 1350 1652 ad
1377 1624 1548 1660 intelligenda
1569 1625 1666 1652 altiora

873 1676 1058 1709 erigerentur;
1078 1681 1175 1701 nomen
1191 1680 1255 1700 vero
1267 1671 1399 1700 Gabrielis
1414 1675 1517 1706 septem
1533 1671 1666 1698 elementa

874 1720 1029 1749 coniiciunt.
1046 1719 1165 1745 declarat
1182 1718 1274 1752 utique
1287 1717 1374 1752 ipsum
1396 1723 1505 1749 nomen,
1523 1715 1603 1750 362
1619 1715 1666 1749 qui

875 1766 1033 1794 nasoiturus
1054 1765 1068 1791 ἢ
1081 1763 1207 1791 Gabriele
1221 1763 1372 1795 nuntiatur,
1384 1762 1521 1789 Christum
1536 1762 1627 1788 venire
1639 1763 1666 1788 in
1708 1766 1711 1768 '

875 1813 990 1840 salutem
1001 1811 1093 1838 mundi
1103 1807 1352 1843 totius,scptcnario
1364 1807 1530 1842 scilicet(57)
1541 1807 1667 1842 temporis

875 1862 950 1886 motu
971 1857 1097 1888 dimensi,
1110 1861 1138 1883 et
1155 1860 1260 1890 septem
1287 1855 1394 1882 saeculis
1416 1854 1532 1881 deliniti.
1549 1853 1625 1886 Quod
1643 1855 1667 1881 si

876 1908 989 1935 minime
1002 1907 1109 1934 curiosa
1125 1905 1218 1932 multis
1236 1904 1377 1939 inquisitio
1398 1903 1531 1933 videatur,
1547 1909 1597 1930 nec
1615 1909 1667 1929 nu-

877 1961 968 1982 merus
990 1953 1048 1988 ipse
1062 1952 1198 1979 Imitatum
1224 1958 1256 1978 ex
1277 1950 1377 1985 quibus
1401 1952 1507 1977 constat
1523 1955 1631 1980 nomen,
1648 1955 1664 1975 a

877 2000 992 2036 mystica
1005 1998 1226 2026 consideratione
1244 1997 1383 2031 sr-junrtus
1395 2000 1452 2029 est;
1467 2003 1498 2022 ex
1522 1994 1573 2021 hoc
1593 1996 1666 2021 enim

877 2048 935 2082 ipso
949 2051 1050 2074 sanctae
1076 2044 1226 2078 Scriptura:
1250 2042 1447 2078 providentiam
1463 2041 1575 2068 indicari
1589 2047 1666 2068 com-

877 2094 1024 2129 periemus.
1048 2090 1156 2117 Etenim
1176 2094 1292 2124 quatuor
1313 2091 1341 2114 et
1371 2087 1567 2124 quinquaginta
1583 2094 1666 2121 supra

877 2144 998 2170 centum,
1010 2145 1070 2172 qua:
1088 2144 1102 2164 a
1118 2135 1253 2163 Gabrielis
1269 2134 1379 2162 nomine
1391 2141 1497 2160 summa
1512 2132 1666 2165 deducitur,

878 2184 1023 2214 ostendunt
1036 2190 1107 2215 eum,
1119 2181 1164 2216 qni
1181 2181 1320 2208 nuntiatur
1332 2179 1481 2214 perfectum
1501 2178 1585 2205 Deum
1596 2185 1666 2210 esse,

840 2217 863 2245 θ
880 2237 902 2245 Δι
923 2231 1060 2245 ιπηιιηιωη
1080 2230 1153 2245 ῖιινιη
1173 2228 1323 2245 narrant-im
1359 2227 1443 2245 [Innnc
1461 2224 1532 2245 Anim
1550 2224 1666 2245 “prfuit-In

879 2285 939 2305 cum
955 2277 999 2308 sit,
1011 2281 1040 2302 ut
1067 2282 1127 2310 qua:
1147 2281 1254 2301 omnem
1276 2279 1419 2300 numerum
1443 2271 1668 2304 comprehendat,

879 2324 906 2351 in
922 2330 952 2350 se
970 2322 1056 2356 ipsam
1071 2319 1247 2353 multiplicata
1271 2325 1412 2345 numerum
1440 2316 1522 2344 edicit
1537 2319 1667 2342 centena-

879 2371 961 2404 rium,
979 2369 1026 2405 qui
1042 2375 1107 2396 sane
1124 2367 1294 2395 divinitatem
1317 2365 1444 2392 omnibus
1469 2363 1593 2390 numeris
1608 2370 1669 2397 per-

877 2417 978 2444 fectam
1009 2415 1139 2443 ostendit.
1156 2413 1305 2447 Quinquies
1325 2416 1413 2438 autem
1445 2409 1560 2444 repetita
1588 2409 1669 2435 (levas

878 2462 1003 2498 perfectae
1014 2460 1132 2488 hominis
1143 2460 1240 2486 anima:
1254 2457 1402 2493 symbolum
1413 2461 1464 2487 est,
1481 2463 1540 2489 qua:
1553 2463 1565 2479 ει
1581 2460 1670 2481 mente

878 2509 987 2543 quidem
1014 2507 1209 2542 perfectionem
1226 2504 1335 2534 habent,
1352 2510 1399 2537 per
1413 2509 1509 2528 sensus
1530 2508 1593 2527 vero
1609 2508 1671 2533 0pc-

880 2560 965 2582 retur.
979 2553 1101 2587 Quatuor
1114 2558 1189 2582 vero,
1201 2557 1259 2585 quae
1282 2552 1412 2583 superant
1426 2554 1535 2581 corpus,
1553 2550 1670 2582 quatuor

656 2632 680 2649 ιε
695 2632 705 2660 ι
716 2633 780 2661 Cor.
794 2643 814 2668 ι,
826 2634 873 2662 et.

656 2691 816 2723 Francisci
834 2691 938 2724 Scorsi
952 2693 1048 2722 notae.

71 2755 131 2792 (55)
144 2754 272 2783 Gabrielis
284 2764 387 2784 nomen.
401 2755 438 2783 lta
451 2757 534 2783 etiam
549 2755 578 2783 S.
603 2756 751 2792 Gregorius
766 2755 823 2783 Ma—

26 2791 121 2827 gnus,
148 2796 239 2827 et'cst
251 2800 298 2827 ires
315 2792 507 2827 mauilesta_ex
519 2796 604 2826 elym.
623 2796 675 2820 -ω
693 2791 765 2818 enim
780 2791 834 2826 [or-

24 2818 126 2855 firudo
146 2818 219 2856 et‘m
243 2818 327 2858 Deus,
371 2827 431 2854 inde
464 2818 575 2857 5mm}.

75 2861 286 2898 t36).llaximm.
307 2861 608 2890 Dehocdiximushom.
624 2862 648 2896 ί,
666 2866 722 2890 nol.
745 2862 834 2890 9.1.0-

877 2764 938 2783 cum
949 2759 1039 2782 autem
1055 2754 1080 2780 in
1090 2753 1217 2788 operibus
1228 2759 1286 2787 qum
1294 2749 1491 2785 exstanthujus
1502 2748 1602 2781 Patris,
1617 2755 1670 2776 non

883 2791 993 2818 memini
1008 2790 1097 2816 adhuc
1111 2790 1209 2823 legere.

920 2827 975 2860 (57)
1004 2819 1158 2860 Septenaria
1185 2823 1292 2860 scilicet.
1307 2821 1393 2860 thde
1421 2821 1502 2860 etiam
1522 2820 1554 2848 de
1568 2819 1620 2847 hoc
1636 2819 1671 2847 ad

884 2856 999 2892 hninﬁl,
1011 2856 1065 2887 not.
1085 2859 1110 2886 ll
1132 2863 1157 2886 et
1170 2859 1200 2885 ad
1209 2859 1280 2885 hum.
1300 2858 1345 2891 Ml,
1362 2862 1416 2885 nul.
1431 2856 1458 2883 9.

878 2237 905 2260 et
923 2231 1061 2259 hominem
1078 2230 1154 2263 juxta
1173 2228 1336 2263 perfectum.
1359 2227 1444 2253 Decas
1461 2224 1532 2252 enim
1550 2224 1669 2258 perfecta
