1867 3055
18 140 55 172 5‘3
691 139 858 170 HOMILIA
876 140 935 172 LV.

1576 137 1634 172 954

15 197 46 224 δν
60 194 242 232 τερπνότατον
267 194 363 222 τοῦτον
385 193 439 222 τῶν
452 193 584 231 κηρύκων
603 193 678 228 ναὸν,
692 194 723 221 ὃν
740 203 792 221 κα-

868 202 896 222 oc
910 194 1014 223 addidit
1028 193 1114 222 animi
1127 201 1191 223 vere
1204 194 1383 230 imperatorii,
1396 198 1423 222 et
1436 194 1526 230 magni
1546 202 1632 230 argu-

17 241 92 276 άπερ
115 240 236 276 κρηπίδα
270 240 318 267 καὶ
333 239 485 274 ἀσφάλειαν
499 240 529 267 ἑν
543 240 601 272 τοῖς
625 240 794 275 ἀνακτόροις

15 287 140 322 δείματο,
166 285 298 321 μέγιστόν
313 294 345 312 τε
371 286 420 312 καὶ¹
446 285 602 318 κάλλιστολ
629 286 676 313 καὶ
700 286 796 314 κάλλει

15 332 157 367 ξαινοτέρῳ
176 331 425 366 διαπρεπέστατον,
444 331 491 359 καὶ¹
506 332 577 366 φωτὶ
602 331 796 367 φαιδρότατον,

17 378 48 404 αὶ
63 377 158 413 χρυσῷ
171 377 378 412 διαυγέστατον,
406 378 454 404 καὶ
467 377 565 413 ψηφίσι
593 377 796 410 στιλπνότατον,

15 424 52 450 ίαὶ
69 424 191 458 γραφαῖς
206 423 405 458 ἀνθηρότατον.
430 423 480 450 ’ον
498 431 540 455 τις
565 422 627 450 ἰδὼν
653 423 797 457 πολλάκις,

15 470 49 495 Lat
66 469 149 496 πάλιν
166 468 241 501 ἰδὼν,
263 468 301 500 ὡς
315 468 363 496 νῦν
379 467 454 503 αὐτῷ
470 468 582 504 πρῶτον
595 467 716 502 φανέντα
729 468 798 494 θαυ-

15 515 99 548 ιάζει,
116 516 164 542 καὶ
182 514 286 550 τέθηπε
313 515 454 550 πανταχοῦ
475 515 510 550 τῇ
535 513 585 549 θέᾳ.
610 512 796 548 πλανώμενος.

16 563 38 588 0
57 561 106 597 μὲν
128 561 183 596 γὰρ
204 561 305 596 ὄροφος
320 560 460 596 ἄπληστός
476 560 536 586 ἔστι
556 560 616 595 θέᾳ,
638 559 686 587 καὶ
701 559 796 594 θαῦμα

15 607 70 633 δεῖν
102 607 151 633 καὶ
165 605 293 633 ἀκοῦσαι.
307 606 426 640 Γλυφαῐς
437 614 493 633 τισι
507 605 683 640 λεπτοτέραις
694 605 734 637 εις
749 613 798 632 κα-

15 651 144 677 λαθίσκων
168 649 262 685 σχῆμα
287 650 509 685 ποικιλλομέναις
532 649 732 686 ὼραῖζόμενος,
749 650 798 677 καὶ

15 696 178 731 πανταχόθεν
191 695 230 731 τῷ
245 695 338 732 χρυσῷ
349 696 591 731 περιαστράπτων,
609 697 734 731 μιμεῖται
749 695 797 723 τὸν

15 742 133 778 ιύρανδν,
155 742 200 769 ὅτι
217 742 328 778 καθαρᾷ
339 741 435 778 αἰθρίᾳ
451 741 490 777 τῷ
504 735 559 769 τῶν
581 742 705 778 ἀστέρων
724 742 799 778 χορῷ

15 788 220 823 περιλάμπεται.
259 787 357 819 Κίονες
379 787 407 814 δὲ
439 787 571 814 κάλλιστα
602 787 653 820 τὰς
679 788 799 822 ᾶντυγας

15 833 209 868 ιπερεὶδουσαι,
225 834 265 864 εἰς
280 833 422 868 ἀμήχανον
433 833 498 868 ὕψος
511 833 556 860 τὸν
566 832 665 868 ὄροφον
677 833 796 869 αἴρουσι.

15 879 59 906 Γοῦ
73 880 102 906 δὲ
119 879 185 906 ναοῦ
202 880 232 906 τὺ
250 879 407 914 ἁγιώτατον
422 879 538 907 δάπεδον
560 879 683 915 ἀτεχνῶς
697 880 800 915 ἐαρινῷ

15 926 121 961 ,ειμῶνι
140 926 324 961 παρείκασται
343 926 456 962 ποικίλῃ
469 926 625 962 μαρμάρων
636 926 742 962 ψηφίδι,
762 927 800 958 ὡς

15 973 112 1005 ἱνθεσι,
135 971 389 1008 καθωραῖζόμενον.
417 972 493 1008 Πλὴν
516 973 582 1008 παρ’
602 972 665 999 ὅσον
688 972 723 999 τὰ
750 973 800 1007 μὲν

15 1018 75 1053 ἱνθη
97 1017 270 1053 μαραίνεται,
289 1018 336 1044 καὶ
350 1017 526 1049 ἀλλάττεται,
539 1018 554 1045 ὸ
565 1018 594 1045 δὲ
607 1017 711 1054 λειμὼν
721 1015 801 1050 οὗτος

15 1064 166 1100 ιμάραντός
189 1065 259 1097 ἐστι,
281 1063 329 1091 καὶ
354 1064 449 1097 ἀΐδιος,
473 1064 567 1100 τηρῶν
598 1065 642 1099 ιφ*
660 1064 750 1100 ἑαυτῷ
770 1064 800 1091 τὺ

15 1111 89 1142 ἱνθος
108 1110 255 1137 ἀθάνατον.
277 1110 332 1141 Πᾶς
350 1110 378 1136 δὲ
391 1111 483 1144 τοῖχος
505 1110 629 1145 ποικιλίᾳ
644 1110 800 1145 μαρμάρων

15 1155 257 1190 περικαλύπτεται.
277 1155 318 1190 Τὰ
331 1155 358 1181 δὲ
377 1155 480 1182 τούτων
494 1155 623 1190 ἀνωτέρω
645 1156 735 1192 χρυσὴ
748 1165 799 1183 κα-

15 1203 107 1229 ιύπτει
123 1201 220 1236 ψηφὶς,
234 1202 285 1228 ὅσα
308 1201 345 1236 μὴ
360 1201 521 1235 συνείληφιν
538 1202 552 1228 ό
570 1201 624 1229 τῶν
641 1202 747 1229 σεπτῶν
760 1203 800 1228 εί-

15 1250 97 1275 ιόνων
117 1248 208 1283 χορός.
227 1247 265 1274 Th
285 1246 314 1274 δὲ
335 1247 385 1282 τῆς
408 1247 531 1282 ἀρρήτου
556 1247 669 1282 τελετῆς
688 1248 799 1283 χωρίον,

15 1294 163 1330 ιαρμάρων
173 1293 275 1329 θώραξ,
287 1294 344 1324 τοῖς
357 1291 462 1328 ἱερεῦσι
473 1293 624 1328 περικλείει
634 1293 681 1320 τὸν
694 1294 798 1329 χῶρον

15 1340 50 1375 ;φ⁹
75 1336 115 1366 ὧν
135 1340 209 1366 ἐστιν
235 1339 463 1366 ὲπαναπαύεσθαί
485 1348 517 1366 τε
545 1341 592 1367 καὶ
622 1341 692 1375 μετὰ
711 1341 800 1375 ἀσφα-

15 1385 82 1417 λείας
108 1385 231 1418 ἑστάναι,
255 1385 305 1412 καὶ
327 1385 440 1420 τέρπειν
459 1386 492 1420 τῇ
511 1385 561 1420 θέᾳ
577 1385 626 1421 τὴν
646 1386 718 1421 ὕψιν.
739 1386 801 1414 Κώ-

15 1436 83 1466 ιυμα
99 1431 129 1458 δι
150 1431 231 1457 τοῦτο
255 1431 321 1463 τῶν,
360 1430 427 1462 εῑτις
451 1430 592 1466 προπετὴς
615 1432 662 1458 καὶ
686 1433 798 1467 ἁνίερος

15 1478 76 1504 ιῖσω
103 1476 158 1503 τῶν
173 1476 278 1503 ἀδύτων
303 1476 459 1512 ὕπερὸῆναι
479 1479 622 1512 φιλονικεῖ.
643 1477 677 1504 Ἦ
697 1478 725 1505 δὲ
740 1479 799 1506 θεία

15 1520 147 1556 τράπεζα,
162 1521 222 1551 ταῖς
240 1519 269 1554 ἐξ
284 1520 406 1556 ἀργύρου
418 1521 465 1547 καὶ
483 1521 583 1556 χρυσοῦ
602 1525 800 1558 μαρμαρυγαῖς
816 1539 834 1567 c

16 1567 258 1602 ἱπαστράπτουσα,
285 1567 471 1603 καταπλήττει
494 1567 540 1594 τὸν
571 1568 681 1604 θεατήν.
707 1569 748 1597 Τὰ
770 1569 800 1597 δὲ

16 1614 91 1641 istud
103 1613 208 1648 ταύτης
222 1605 349 1648 τιμάσθω
370 1615 445 1649 σιγῇ.
476 1613 509 1641 '0
527 1614 554 1641 δὲ
576 1615 639 1646 ναὸς
656 1615 730 1647 ἅπας
743 1617 799 1647 τοῖς

16 1656 105 1692 ᾅδουσι
120 1657 184 1688 τοὺς
205 1657 294 1689 θείους
308 1657 420 1691 ὕμνους,
439 1658 535 1693 ὥσπερ
548 1659 583 1686 τὰ
599 1659 686 1695 ἄντρα
707 1660 799 1696 ἡρέμα

16 1704 175 1738 πυειαπηχεῖ,
191 1703 243 1738 τῆς
254 1703 348 1738 φωνῆς
363 1704 526 1741 ἐπανιούσης
537 1705 605 1741 πρὸς
618 1706 718 1742 ἑαυτὴν
729 1706 800 1733 κατὰ

17 1748 56 1775 τὸν
74 1748 233 1776 ἀντίτυπον.
255 1749 521 1785 Παοαπετασμάτων
541 1750 570 1777 δὲ
589 1750 691 1785 πλῆθος
705 1750 799 1786 ὴὼρη-

850 245 972 268 mentum
993 239 1216 268 venustissimum
1239 240 1291 268 hoc
1318 240 1539 267 concionatorum
1562 245 1634 268 tem-

848 287 921 321 plum
942 285 1103 322 (58),'qnod
1123 285 1292 314 fundamenti
1306 285 1403 317 instar,
1416 292 1449 312 ac
1472 286 1635 314 munimenti

851 331 878 359 in
901 331 1002 366 palatio
1025 331 1174 358 aediﬁcavit
1202 331 1351 357 maximum
1375 335 1458 364 alque
1482 331 1635 365 pulcherri-

849 385 934 410 mum,
952 377 1025 412 quod
1039 382 1067 405 et
1081 377 1190 404 insolito
1207 377 1325 411 quodam
1339 381 1435 404 ornatu
1449 377 1634 411 magniﬁcum,

848 428 876 451 et
896 423 1038 458 splendore
1053 423 1239 457 conspicuum,
1257 427 1285 450 et
1298 430 1365 450 auro
1390 422 1631 457 fulgentissimum,

854 469 954 505 lapillis
973 469 1028 505 (59)
1046 469 1240 502 clarissimum,
1258 473 1285 496 et
1301 468 1415 503 picturis
1429 469 1507 503 quasi
1523 468 1637 496 ﬂoribus

849 516 1076 544 amoenissimum.
1095 515 1172 548 Quod
1187 522 1248 542 cum
1265 514 1365 549 saepius
1388 515 1488 542 viderit
1500 514 1635 550 quispiam

849 566 877 589 et
889 561 973 589 semel
995 566 1077 596 alque
1095 562 1192 589 iterum
1212 560 1295 588 fuerit
1313 561 1528 593 contemplatus,
1541 565 1572 588 ut
1586 567 1636 588 no-

849 615 924 640 vum,
943 615 975 634 ac
995 615 1068 635 nunc
1084 608 1200 642 primum
1216 608 1305 635 visum
1323 607 1474 634 admiratur
1489 611 1517 634 et
1539 606 1635 634 obstu-

850 653 945 688 pescit,
957 653 1125 681 errabundos
1137 653 1230 680 oculos
1241 653 1294 681 huc
1303 653 1420 688 illucque
1430 651 1635 680 circumferens.

850 698 960 726 Tectum
974 700 1046 727 enim
1069 699 1226 734 huiusmodi
1249 704 1301 730 est,
1319 704 1348 727 ut
1370 707 1420 726 nec
1440 699 1499 733 ejus
1523 703 1634 732 aspectu

849 745 945 772 satiari
960 745 1022 780 quis
1036 745 1140 780 possit;
1165 749 1192 772 et
1211 753 1273 773 cum
1291 745 1457 776 videntibus.
1477 750 1534 772 tum
1549 745 1633 772 etiam

850 790 1024 818 audientibus
1050 790 1182 818 miraculo
1212 791 1248 818 sit
1282 791 1365 818 variis
1389 790 1548 818 calathiscis
1567 790 1636 824 poli-

851 836 955 863 tissima
975 840 1034 863 arte
1053 836 1157 863 caelatis
1184 836 1343 864 distinctum
1362 843 1394 863 ac
1413 835 1582 867 decoratum,
1608 839 1636 863 et

851 881 1025 916 uudicunque
1039 888 1106 908 auro
1122 888 1271 909 coruscans
1286 881 1429 908 muniatur
1445 880 1553 914 caelum,
1571 888 1633 907 cum

851 933 919 961 puro
947 933 979 954 ac
994 933 1091 954 sereno
1111 934 1174 954 aere
1187 931 1323 954 astrorum
1339 927 1426 954 choro
1440 926 1567 953 collucet.
1581 925 1636 953 Co-

851 973 950 1000 lumnas
977 980 1044 1000 vero
1068 980 1149 1000 arcus
1176 973 1278 1008 optime
1301 971 1490 999 suﬂ‘ulcientes
1519 971 1547 998 in
1575 979 1635 999 eam

851 1018 1023 1047 altitudinem
1047 1023 1148 1046 tectum
1174 1019 1295 1053 erigunt,
1320 1023 1349 1045 ut
1378 1017 1520 1045 machinas
1543 1024 1638 1044 omnes

852 1070 991 1100 artemque
1006 1072 1135 1099 superare
1149 1064 1282 1092 videatur.
1298 1063 1358 1092 Jam
1382 1063 1473 1098 templi
1492 1063 1636 1090 sanctissi-

852 1119 925 1138 mum
953 1112 1136 1149 pavimentum
1152 1110 1232 1145 371
1253 1109 1396 1137 marmoris
1413 1109 1467 1144 (60)
1485 1108 1636 1144 segmentis

851 1157 928 1192 quasi
949 1157 1061 1184 tioribus
1076 1157 1178 1192 ubique
1193 1158 1361 1189 decoratum,
1373 1161 1451 1190 prato
1464 1163 1548 1182 verno
1564 1160 1636 1182 tem-

851 1210 917 1238 pore
936 1201 1118 1230 efﬂorescenti
1141 1203 1222 1236 plane
1236 1202 1405 1229 simillimum
1422 1206 1474 1234 est,
1488 1201 1539 1228 hoc
1556 1207 1638 1228 exce-

852 1255 898 1284 pto
917 1250 990 1284 quod
1014 1248 1095 1276 ﬂores
1112 1249 1148 1276 ibi
1165 1247 1358 1280 deﬂorescunt,
1373 1252 1401 1275 et
1426 1246 1636 1280 submutantur;

852 1295 905 1322 hoc
919 1299 1010 1323 autem
1026 1299 1132 1329 pratum
1149 1301 1287 1328 nunquam
1308 1293 1465 1325 marcescit.
1489 1295 1517 1320 et
1539 1299 1637 1327 perpe-

852 1345 927 1367 tuum
959 1339 1149 1375 viget'ﬂorem
1181 1339 1208 1365 in
1241 1346 1270 1366 se
1298 1345 1410 1365 servans
1441 1337 1636 1365 immortalem.

851 1385 925 1413 Nihil
946 1385 974 1412 in
994 1383 1145 1419 parietibus
1171 1390 1227 1410 non
1253 1390 1389 1410 marmore
1400 1382 1478 1409 vario
1498 1381 1637 1410 convesti-

853 1436 926 1464 tum;
941 1429 1084 1464 superiora
1096 1436 1161 1456 vero
1174 1428 1274 1463 lapillis
1286 1428 1376 1455 aureis
1389 1431 1484 1462 operta
1496 1431 1570 1458 sunt.
1583 1433 1636 1460 qua

852 1481 940 1503 tamen
952 1483 967 1502 a
982 1475 1204 1503 venerandarum
1224 1474 1369 1508 imaginum
1387 1473 1470 1500 choro
1487 1480 1540 1499 non
1554 1479 1639 1499 occu-

851 1527 959 1556 pantur.
973 1520 1062 1548 Locus
1078 1520 1135 1552 ille,
1148 1520 1174 1547 in
1190 1527 1244 1554 quo
1259 1527 1389 1546 arcanum
1402 1519 1542 1554 peragitur
1552 1516 1638 1544 sacri-

853 1567 943 1595 l'lcium
968 1574 1121 1594 marmoreo
1139 1566 1252 1593 thorace
1268 1570 1390 1599 septum,
1415 1568 1443 1591 et
1459 1562 1637 1591 circumscri-

852 1619 929 1649 ptum
945 1617 987 1640 est
1002 1613 1204 1644 sacerdotibus,
1222 1612 1268 1640 ubi
1284 1615 1312 1639 et
1328 1611 1509 1646 requiescere,
1530 1613 1557 1637 et
1579 1613 1636 1636 tuto

852 1658 1011 1690 consistere,
1026 1661 1054 1685 et
1077 1663 1219 1692 aspectum
1235 1655 1390 1691 spectaculo
1403 1655 1466 1683 licet
1488 1654 1637 1682 oblectare.

850 1704 933 1738 quue
944 1703 1092 1732 claustrum
1108 1703 1192 1731 etiam
1208 1702 1243 1730 ab
1258 1709 1371 1730 accessu
1387 1702 1526 1736 prohibet,
1539 1701 1561 1729 si
1578 1699 1639 1738 quis

852 1750 1013 1778 temerarius
1031 1757 1063 1778 ac
1083 1749 1215 1784 profanus
1246 1749 1326 1785 adyta
1354 1754 1500 1784 penetrare
1523 1752 1636 1775 conten-

627 1828 788 1860 Francisci
805 1828 910 1860 Scorsi
926 1831 1022 1859 notas.

47 1901 104 1937 (58)
123 1901 347 1930 Coneionatorum
364 1903 499 1936 templum.
517 1901 566 1931 Ubi
587 1901 716 1929 nimirum
733 1909 798 1929 con-

18 1937 104 1978 !iones
119 1944 203 1978 sacra;
276 1938 376 1978 palatio
392 1938 425 1978 ad
439 1939 535 1978 imper.
551 1937 697 1978 et_anlicos
711 1937 798 1978 habe-

18 1976 107 2008 rentur
120 1972 190 2004 quod
204 1976 232 1999 et
244 1972 327 2008 hodie
347 1973 487 2000 tactitatur
502 1973 529 1999 in
552 1972 651 2008 palatio
674 1972 796 2008 proregis

18 2006 112 2034 Siciliae
130 2007 155 2034 in
171 2007 228 2034 agile
243 2007 273 2033 D.
292 2006 365 2034 Petri
381 2007 479 2035 ibidem
494 2007 614 2035 condita.

47 2041 106 2076 (59)
122 2041 243 2072 Lapillt's.
260 2041 313 2070 Eos
332 2042 464 2075 intelligo.
485 2049 519 2069 ex
540 2042 640 2076 quibus
655 2041 792 2069 musivum

18 2084 79 2109 )pus
94 2076 250 2108 coniicitur.
265 2084 380 2111 quorum
403 2077 448 2104 alii
469 2084 536 2104 auro
550 2077 622 2108 illiti,
649 2076 694 2103 alii
710 2077 795 2104 versi-

19 2113 119 2139 :olores
131 2112 164 2138 ad
178 2111 267 2139 Varias
281 2112 381 2145 ﬁguras
395 2111 588 2145 exprimendae
602 2113 673 2139 inter
684 2119 714 2138 se
727 2113 795 2139 mira

19 2152 70 2174 arte
85 2146 298 2181 compinguntur
308 2151 335 2174 et
350 2151 541 2174 conseruntur.
555 2146 617 2173 Tria
633 2147 724 2180 itaque
734 2153 796 2181 qua!

849 1901 962 1929 chorum
980 1900 1010 1928 S.
1024 1900 1167 1929 Benedicti
1185 1905 1294 1928 attctum
1305 1906 1332 1927 et
1348 1901 1554 1935 locupletatum,
1564 1901 1636 1934 quod

849 1944 916 1964 sane
928 1944 990 1963 cum
1005 1936 1109 1969 videas,
1120 1936 1172 1963 hoc
1193 1937 1279 1970 ipsum
1289 1944 1303 1962 a
1319 1936 1484 1969 Theophane
1507 1936 1557 1962 hac
1570 1944 1635 1962 ora-

850 1972 922 1998 tione
936 1975 1062 1998 ornatum
1077 1991 1085 2004 ,
1112 1970 1266 1998 arbitreris.
1283 1971 1364 1997 Certe
1382 1972 1417 1998 illi
1437 1978 1489 1997 non
1506 1971 1579 1997 cedit
1595 1970 1638 1997 vel

851 2005 1034 2041 artiﬁcio,jel
1051 2010 1171 2039 sumptu,
1188 2007 1230 2032 vel
1247 2006 1442 2041 magnitudine.
1472 2005 1509 2033 De
1525 2005 1568 2033 his
1582 2006 1638 2040 agit

849 2041 971 2068 Thomas
984 2040 1081 2068 Farell.
1097 2040 1143 2068 lib.
1162 2048 1208 2068 vut
1225 2042 1285 2068 dec.
1296 2040 1406 2075 primae.

886 2075 943 2110 (60)
957 2075 1114 2102 Marmoreis
1135 2075 1283 2110 segmentis.
1315 2076 1352 2102 Ex
1375 2075 1474 2109 quibus
1502 2082 1570 2110 opus
1593 2082 1638 2101 se-

850 2115 1030 2146 gmentatum,
1056 2118 1104 2138 seu
1117 2110 1323 2146 vermiculatum
1348 2110 1462 2142 dictum,
1485 2110 1565 2145 quale
1592 2111 1637 2137 de-

850 2144 946 2172 icribit
957 2145 1086 2177 Lucilius.
1097 2153 1129 2172 ex
1141 2152 1173 2172 eo
1185 2144 1392 2176 similitudinem
1406 2145 1637 2180 elegantissimam

24 2190 39 2208 n
56 2179 162 2208 muslvo
178 2179 310 2212 (musaico
325 2183 405 2216 Vulgo
415 2182 543 2215 dicimus)
559 2181 663 2215 lapillo,
676 2179 724 2208 seu
739 2179 794 2208 tota
810 2211 829 2216 ἢ
840 2184 851 2208 t
864 2180 974 2216 raheus,
985 2185 1022 2216 iet
1044 2180 1070 2207 in
1097 2179 1235 2216 Albutium
1260 2180 1369 2212 ludens,
1396 2179 1468 2215 quod
1495 2179 1578 2207 refert
1601 2179 1638 2206 Μ.

19 2216 118 2243 musiva
139 2220 275 2243 structura
293 2211 478 2248 continentur,
502 2211 637 2249 expressit
650 2211 795 2250 Theopha-
810 2211 833 2240 D
847 2211 1016 2247 Tullius.’De
1031 2220 1099 2242 orat.
1117 2214 1167 2242 lib.
1183 2222 1232 2242 tu:

19 2259 71 2283 aes,
86 2257 155 2286 cum?
167 2251 294 2285 templum
310 2251 376 2278 dicit
390 2260 398 2278 :
412 2251 467 2278 Καὶ
477 2250 572 2286 χρυςῷ
588 2251 795 2286 διαυγέστατον,

20 2286 60 2311 ul.
83 2285 185 2319 ψηφίσι
210 2286 420 2318 στιλπνότατον,
451 2287 500 2312 καὶ
531 2286 652 2320 γραφαῖς
677 2285 797 2320 ἁνθήρο-

20 2329 104 2351 ςατον,
126 2320 198 2346 Auro
213 2321 467 2352 splendidissimum,
481 2321 581 2354 lapillis
605 2321 794 2354 clarissimum,

20 2362 35 2381 ει
58 2355 168 2390 picturis
180 2355 406 2390 ﬂorentissimum.
422 2354 582 2389 Huiusmodi
602 2362 683 2390 porro
698 2356 796 2390 tenipla

20 2389 111 2416 musivi
133 2390 221 2422 operis
241 2389 397 2418 Graecorum
415 2397 490 2417 more
514 2389 585 2417 facta
600 2389 723 2416 videmus
745 2389 797 2417 Pa-

20 2424 104 2451 normi
126 2424 190 2456 duo,
203 2424 317 2452 alterum
342 2425 367 2451 in
393 2425 493 2458 palatio
515 2425 638 2459 proregis
660 2424 690 2452 S.
715 2423 796 2452 Petro

21 2459 138 2492 apostolo
163 2459 292 2490 dicatum.
318 2460 389 2493 quod
415 2467 460 2486 rex
481 2458 615 2494 Rogerius
639 2459 744 2492 erexit;
770 2465 798 2487 et

21 2501 80 2520 sane
96 2493 186 2529 simile
202 2493 265 2521 huic
280 2495 352 2527 quod
373 2495 398 2521 in
416 2493 560 2522 Constant.
585 2493 688 2529 palatio
710 2494 796 2521 aedili-

21 2534 105 2555 :atum
121 2528 166 2555 hic
184 2533 281 2556 auctor
296 2529 443 2560 describit;
462 2537 524 2556 nam
548 2529 582 2555 ad
609 2529 681 2555 illam
707 2528 795 2556 ideam

21 2562 82 2589 alias
98 2563 158 2590 aliis
174 2563 201 2590 in
218 2563 284 2590 locis
298 2571 313 2590 ιι
328 2563 436 2596 regibus
448 2564 530 2591 etiam
559 2562 655 2590 North.
679 2563 797 2591 exaediﬁ-

21 2603 92 2625 catas
116 2604 175 2625 esse
197 2605 292 2626 sacras
306 2598 378 2626 aedes
392 2599 530 2632 coniicio:
548 2599 663 2625 alterum
683 2598 709 2626 in
732 2606 795 2626 arca

22 2633 136 2666 praetorii
163 2639 177 2659 a
202 2632 319 2668 Georgio
346 2633 516 2668 Antiocheno
542 2632 652 2667 Rogerii
678 2633 795 2668 primum

22 2667 124 2694 comitis
142 2667 238 2694 deinde
252 2667 333 2695 etiam
357 2667 478 2701 ejusdem
503 2668 574 2701 regis
595 2667 734 2695 Admirato
746 2676 796 2695 ex-

22 2706 158 2735 itructum,
189 2703 261 2736 quod
286 2703 365 2730 hodie
391 2703 570 2730 Marturanam
601 2710 739 2730 vocamus.
768 2704 794 2730 In

22 2743 109 2763 monte
129 2745 193 2764 vero
210 2739 291 2770 regali
308 2738 504 2772 amplissimum
527 2739 590 2772 item
613 2745 646 2764 ac
671 2737 795 2771 magniﬁ-

22 2771 201 2800 centissimum
217 2773 313 2799 visitur
338 2771 361 2799 ar
379 2772 505 2799 Wilelmo
527 2771 549 2798 il
572 2772 672 2799 Siciliae
703 2780 765 2806 rege
779 2781 794 2800 a

22 2806 201 2834 fundamentis
238 2807 384 2834 excitatum
414 2812 440 2833 et
463 2807 679 2838 exwdilicatum,
706 2814 738 2834 ac
763 2808 794 2836 ι).

23 2840 107 2869 Maria:
122 2841 223 2877 Virgini
238 2847 438 2874 consecratum,
457 2841 588 2870 Cenobio
602 2842 683 2870 etiam
700 2849 794 2870 mona-

851 2250 936 2283 Quam
950 2250 1034 2284 lepide
1046 2250 1124 2277 leuis
1139 2250 1288 2284 composite,
1303 2255 1331 2276 ut
1343 2250 1477 2277 tesserula
1492 2257 1592 2281 omnes.

849 2286 914 2312 Arte
929 2285 1077 2320 pavimento
1088 2289 1165 2320 atque
1175 2284 1328 2312 emblemate
1343 2285 1522 2320 vermiculgo.

849 2319 890 2347 Ad
904 2320 930 2346 id
946 2320 1026 2347 etiam
1045 2319 1136 2352 Quint.
1161 2320 1310 2354 respiciens
1334 2320 1379 2347 lib.
1405 2328 1431 2347 ιι
1447 2329 1454 2347 :
1473 2319 1636 2350 Tessera/ns.

849 2354 947 2389 inquit,
964 2359 993 2381 ut
1007 2356 1047 2381 ait
1059 2354 1188 2387 Lucilius,
1205 2360 1288 2381 struet
1312 2359 1340 2382 et
1364 2355 1541 2382 vermiculate
1554 2355 1638 2381 lcxeis

848 2389 1012 2424 committet.
1029 2389 1081 2416 Sed
1098 2390 1263 2424 principiutn
1280 2389 1391 2417 secundi
1412 2391 1541 2417 versiCuIi
1566 2390 1637 2422 apud

848 2423 966 2451 Plinium
982 2423 1080 2458 legitur
1096 2424 1142 2450 lib.
1160 2423 1253 2454 xxx".
1272 2425 1335 2452 Arte
1352 2426 1550 2458 pavimentum;
1563 2431 1639 2451 utro-

848 2458 929 2494 bique
948 2458 1028 2495 falso.
1048 2458 1214 2492 Legendum.
1226 2458 1300 2495 Bruto
1314 2460 1463 2494 pavimento
1478 2459 1632 2495 ἀρχαῖκῶς.

849 2493 926 2521 υι⁷ἱιι
954 2493 1090 2528 plerisque
1119 2495 1216 2529 legitur
1241 2493 1328 2522 libris.
1356 2495 1396 2521 Ad
1424 2502 1478 2521 rem
1499 2493 1570 2522 ide
1588 2495 1639 2521 hoc

847 2535 940 2562 opere,
959 2533 988 2555 ut
1004 2528 1153 2562 intelligam
1177 2529 1268 2563 potius
1285 2529 1490 2563 Theophanem,
1505 2537 1586 2563 quam
1603 2529 1638 2556 de

848 2563 984 2590 tessellata
1010 2563 1183 2597 pavimento,
1207 2564 1303 2591 suadet
1343 2564 1493 2591 similitudo
1516 2564 1636 2591 ﬂorum:

847 2598 920 2634 unde
933 2598 1066 2634 conjicere
1075 2598 1143 2634 licet
1157 2599 1181 2624 id
1192 2599 1393 2634 pavimentum,
1405 2599 1516 2626 calculis
1531 2599 1633 2634 ψηφίσι

847 2633 1058 2668 versicoloribus
1072 2631 1157 2660 fuisse
1173 2633 1348 2666 picturatum,
1362 2633 1483 2668 adeoque
1500 2631 1553 2660 non
1564 2631 1569 2634 ⁷
1579 2639 1638 2661 tes-

847 2667 930 2699 sellis.
951 2667 999 2694 sed
1025 2668 1174 2701 segmentis
1194 2668 1384 2695 minutissimis
1410 2669 1633 2696 vermiculatum.

846 2701 885 2729 De
909 2702 1046 2730 tessellata
1059 2709 1125 2729 vero
1136 2703 1293 2738 pavimento
1304 2703 1361 2738 lege
1371 2703 1538 2735 Vitruvium,
1553 2704 1570 2730 l.
1586 2710 1636 2735 vn,

846 2743 907 2771 cap.
924 2738 949 2770 Ιἓ
972 2737 1045 2772 apud
1068 2744 1147 2773 quem
1163 2737 1273 2773 dilIerre
1294 2737 1398 2765 videbis
1419 2739 1575 2773 pavimenta
1603 2745 1637 2765 cx

847 2772 968 2805 tesseris,
984 2777 1011 2799 et
1025 2772 1163 2807 sectilibus
1179 2772 1212 2798 ad
1232 2773 1361 2800 amussim
1381 2772 1533 2807 compactis
1563 2773 1636 2799 inter

846 2813 885 2834 se.
901 2807 1049 2870 Su‘cétonius
1064 2808 1097 2835 de
1120 2805 1273 2836 Tessellato
1291 2808 1416 2837 meminit
1431 2805 1458 2835 in
1473 2807 1548 2836 Julio
1561 2807 1633 2836 Caes.

847 2849 906 2870 can.
967 2862 974 2869 .

847 2849 906 2877 cap.
929 2849 974 2870 eo.
