1867 3055
8 125 51 156 ίὸΊ

8 182 48 210 ὶιά
61 181 88 209 τί
102 181 130 209 δὲ
148 181 200 209 οὐκ
221 182 251 209 ἐν
282 180 474 218 Ἰερουσαλὴμ,
496 181 554 208 ἀλλ’
579 181 620 214 εἰς
643 181 679 209 τὰ
708 182 780 218 μέρη
796 184 820 214 Α

8 227 168 263 (αισαρείας
187 227 269 254 τοῦτο
283 227 374 261 ποιεῖς
392 227 468 262 Τάχα
485 236 536 254 που
552 227 598 255 τὸν
618 227 717 262 φθόνον
734 228 782 254 ἐκ·

8 274 95 301 ιλίνων
119 273 174 300 τῶν
200 273 348 305 Ἰουδαίων,
371 274 419 300 καὶ
444 273 475 300 τὸ
500 273 590 308 δόγμα
615 274 731 301 ἐκείνων
752 273 784 300 τὺ

8 318 137 350 ῑυσσεϐές.
152 318 247 353 Δόγμα
263 318 318 353 γὰρ
332 318 435 351 ἔθεντο,
459 318 504 345 ἵνα
527 319 602 350 ὅστις
625 319 782 353 ὁμολογήσῃ

8 364 81 390 ιὺτὺν
93 365 221 399 Χριστὸν,
235 364 454 397 ἀποσυνάγωγος
467 364 593 399 γένηται.
614 364 722 398 Ἐξάγει
735 363 783 392 οὖν

8 410 60 441 τοὺς
81 409 208 446 μαθητὰς
220 409 268 436 τοῦ
289 409 433 444 περιδεοῦς
450 410 534 436 τόπου
556 410 664 445 μακρὰν
676 430 683 441 ,
699 411 737 443 ὠς
751 411 784 438 ἂν

8 455 94 486 ποίας
119 456 165 482 καὶ
179 455 282 487 δειλίας
297 454 502 489 ἀπαλλαγέντες
527 455 578 490 τὴν
592 455 696 482 ἑαυτῶν
712 455 783 490 γνώ-

8 509 53 534 ιην
69 500 314 536 ἀπαρακαλύπτως
335 501 504 536 ὲμφήνωσιν.
527 501 564 528 Οὐ
590 502 679 536 μάτην
693 502 722 529 δὲ
737 502 783 530 τοῦ

8 545 84 572 τόπου
103 546 116 572 ό
138 545 336 581 εὐαγγελιστὴς
355 546 558 581 ἐμνημόνευσεν
580 546 667 578 οὕτως
681 547 780 575 εἰπών·

35 591 137 618 Ἐλθὼν
164 593 178 619 6
205 591 310 627 Ἰησοῦς
325 593 366 624 εὶς
385 591 420 618 τὰ
445 592 515 627 μέρη
544 593 715 627 Καισαρείας
733 593 783 628 τῆς

8 636 142 663 ϋιλίππου.
161 645 170 662 ι
195 636 267 663 Ἀλλ’
283 637 379 672 ἐπειδὴ
397 636 462 672 ἔστη
477 638 523 663 καὶ
535 636 603 671 άλλη
619 637 782 673 Καισάρεια,

8 691 11 716 ι
31 681 167 717 λεγομένη
194 681 239 708 τοῦ
266 682 437 717 Στράτωνος,
466 683 511 709 ῑνα
529 683 566 717 μή
583 691 625 714 τις
643 682 732 718 πλάνη
752 683 784 710 ἐκ

13 727 47 761 ἧς
63 728 226 763 ὁμωνυμίας
245 728 360 763 γένηται
377 729 433 759 τοῖς
448 729 599 763 ἀκροαταῖς
625 729 784 762 ἀναγκαίως

9 773 45 808 ὴν
64 774 226 808 ὁμωνυμίαν
245 773 387 802 διέστειλε.

32 828 43 844 ι
57 818 125 845 τίνα
142 828 175 854 με
189 819 316 853 λέγουσιν
330 820 356 846 oi
371 820 510 855 ἅνθρωποι
524 817 649 847 είναιτδν
658 819 723 848 Υίδν
733 820 782 847 τοῦ

11 863 160 898 νθρώπου;
178 873 187 890 ι
211 864 269 892 Οὐκ
285 863 375 898 εἶπεν,
397 865 465 892 Τίνα
481 874 516 900 με
536 865 663 899 λέγουσιν
686 866 710 892 οἱ
737 865 786 892 ἄν·
801 856 823 886 8

11 917 104 944 ρωποι
128 907 201 937 εἶναι
229 911 274 937 τὸν
301 910 366 937 Yle
391 910 439 937 τοῦ
466 910 552 943 Θεοῦ;
576 911 710 938 ἐκκλίνων
736 910 784 937 τοῦ

11 954 107 988 όμπου
133 955 167 981 τὰ
180 956 302 990 ῥήματα,
324 955 381 982 ἀλλ’
399 955 461 991 ἐμὲ,
477 956 558 990 φησὶ,
573 955 620 982 τὸν
638 956 785 991 γενόμενον

11 1000 153 1036 νθρωπον,
189 1001 235 1028 τὸν
267 1003 296 1028 ὲν
326 1003 448 1036 σχήματι
486 1002 580 1029 δούλου
612 1002 784 1037 φαινόμενον.

8 1047 64 1073 usas
86 1047 150 1082 περὶ
186 1047 341 1082 Φαρισαίων
365 1048 412 1074 καὶ
437 1047 628 1083 Γραμματέων
657 1047 786 1082 φιλοπευ-

11 1092 77 1117 τεῖ*
106 1090 172 1118 Τίνα
200 1099 235 1126 με
264 1091 390 1126 λέγουσιν
416 1092 440 1118 oi
472 1092 649 1127 Γραμματεῖς
678 1093 726 1119 καὶ
760 1092 786 1118 oi.

8 1137 41 1168 ξα
47 1144 109 1171 ρχοι
133 1136 179 1164 τοῦ
199 1136 265 1163 λαοῦ
276 1146 283 1170 ;
295 1136 353 1173 ᾔδει
362 1138 416 1173 γὰρ
426 1138 471 1164 τὸν
483 1139 511 1164 ὲν
521 1138 615 1170 αὐτοῖς
626 1138 673 1165 τοῦ
687 1138 784 1172 φθόνου

9 1180 117 1213 απνὸν,
143 1181 206 1212 ὅσος
241 1181 448 1216 ὑποτυφόμενος
476 1179 610 1215 ἦν’ἀλλά
639 1182 704 1218 περὶ
736 1182 785 1208 τοῦ

9 1226 137 1252 πλάστου
175 1225 222 1253 καὶ
261 1226 366 1253 ἀκάκου
398 1226 476 1254 λαοῦ.
510 1227 593 1254 Ὅθεν
616 1228 640 1254 oi
664 1228 785 1263 μαθηταὶ

8 1277 25 1309 ἡ
29 1284 45 1300 ν
59 1274 192 1309 διάφορον
209 1273 262 1300 τῶν
278 1273 432 1308 ἀνθρώπων
442 1274 505 1309 περὶ
513 1274 596 1300 αὑτοῦ
604 1274 682 1306 δόξαν
693 1276 786 1309 σαφῶς

8 1319 179 1354 πιστάμενοι
202 1319 417 1355 ἀποκρίνονται·
441 1328 451 1345 ι
471 1319 502 1346 Ol
520 1319 570 1354 μὲν
595 1319 721 1356 Ἰωάννην
739 1320 786 1347 τὸν

8 1375 29 1392 κα
36 1365 166 1400 πτιστὴν,
181 1365 256 1392 ἄλλοι
271 1365 300 1392 δὲ
319 1365 424 1397 Ἠλίαν,
439 1365 455 1399 ἦ
471 1365 519 1392 ἕνα
532 1365 587 1392 τῶν
601 1366 759 1402 προφητῶν.
772 1376 781 1392 ι

8 1412 25 1438 ’ί
44 1411 97 1438 οὖν
114 1411 144 1437 τὸ
159 1412 256 1438 πεῖσαν
269 1411 332 1442 τοὺς
348 1411 446 1446 ὄχλους
468 1411 534 1446 περὶ
553 1411 673 1446 Χριστοῦ
697 1411 785 1439 τοιάδε

8 1458 142 1490 πονοεῖνς
160 1457 206 1492 Μὴ
222 1457 276 1492 γὰρ
289 1457 340 1483 οὐκ
353 1457 475 1492 ᾔδεισαν,
490 1457 531 1484 ὅτι
552 1456 651 1484 Ἠλίαν
672 1456 723 1491 μὲν
747 1457 786 1488 ὡς

8 1504 32 1535 ῖς
48 1503 184 1538 οὐρανοὺς
201 1503 368 1537 ἀνηρείψατο
380 1504 397 1538 ἡ
410 1502 465 1530 τῶν
488 1503 629 1539 φλογερῶν
653 1503 785 1539 ἁρμάτων

8 1549 137 1582 πίὸασις,
153 1550 228 1584 καὶὴ
243 1549 394 1583 τέθριππος
409 1548 464 1576 τῶν
482 1549 604 1584 πυρίνων
615 1549 706 1576 ἵππων
723 1549 785 1575 ἐπί-

8 1595 107 1627 auges;
139 1595 268 1629 Ἰωάννην
291 1595 321 1621 δὲ
350 1594 566 1630 ὲπεςρονεύκειὴ
592 1596 643 1630 τῆς
665 1595 785 1630 Ἡρώδου

8 1641 126 1675 οιχείας
148 1641 279 1671 ὑπόθεσις
299 1640 348 1667 καὶ
374 1640 424 1674 τῆς
443 1640 630 1674 ποδοστρόφου
649 1641 786 1675 μαχλάδος

21 1687 172 1721 ςὅρχησιςς
203 1686 340 1722 Ἱερεμίας
365 1686 395 1713 δὲ
416 1687 502 1718 λίθοις
519 1686 703 1718 ἀποκτανθεὶς
726 1687 785 1713 ὲτεο

8 1733 110 1764 siuna;
129 1732 199 1758 Ἀλλ’
212 1732 306 1768 ἐπειδὴ
322 1733 443 1767 Μωῡσῆς
459 1733 508 1766 μὲν
523 1733 588 1768 περὶ
599 1732 648 1767 τῆς
661 1733 783 1760 ἀναστά-

8 1787 68 1810 stuc
100 1778 177 1805 οὐδέν
213 1787 239 1805 τι
268 1778 540 1813 ἀνακεκαλυμμένως
577 1779 783 1813 ινομοθέτησεο

9 1825 107 1860 parte;
132 1825 161 1851 δὲ
187 1824 271 1851 Δασὶδ
289 1824 375 1851 είπὼν
393 1825 457 1859 περὶ
476 1824 668 1856 ἀναστάσεως,
689 1825 721 1851 οὐ
735 1834 785 1860 τη-

8 1870 109 1904 ιυγῶς
123 1870 209 1903 ἔδειξε
223 1871 253 1898 τὸ
270 1871 436 1906 μυστήριον·
448 1872 473 1897 οί
494 1871 633 1906 προφῆται
661 1871 690 1897 δὲ
715 1880 783 1898 σπο-

8 1917 84 1951 ίδην
110 1917 246 1951 ὲνέφηναν
268 1917 477 1951 αίνιγματωδῶς
492 1917 543 1952 τὴν
559 1916 719 1949 ἀνάστασιν,
740 1916 784 1944 διὰ

8 1962 75 1988 ρῦτο
101 1961 242 1996 διαφόροις
268 1961 358 1994 δόξαις
383 1961 431 1989 καὶ
456 1962 649 1996 πλανωμέναις
672 1962 785 1988 ὲταλαν-

8 2007 119 2034 ιύοντο.
136 2007 232 2042 ᾯοντο
245 2006 300 2042 γὰρ
312 2008 341 2033 ὲν
357 2007 397 2041 τῷ
413 2008 528 2043 παρόντι
544 2007 595 2043 βίῳ
610 2007 784 2042 ἐνεργεῖσθαι

8 2061 38 2088 ιν
61 2051 119 2078 τῶν
135 2052 240 2087 νεκρῶν
267 2052 428 2080 ἀναϐίωσιν.
458 2053 514 2079 Καὶ
533 2054 603 2088 τάχα
631 2053 734 2086 ταύτης
749 2052 784 2089 ἦν

8 2107 39 2132 ις
61 2098 144 2133 δόξης
174 2099 223 2125 καὶ
237 2099 251 2125 ό
266 2098 420 2134 τετράρχης
438 2098 572 2134 Ἡρώδης,
583 2099 784 2132 δς·ὲνωτισθεὶς
796 2116 802 2123 -

8 2144 34 2171 ιῦ
52 2143 162 2178 Κυρίου
177 2143 212 2169 τὰ
228 2143 368 2178 θαύματα,
386 2142 456 2178 ᾤετο
468 2143 784 2171 ἀνασεὸιωκέναιῚωάνα
800 2166 822 2194 D

8 2199 39 2226 iv
73 2190 122 2216 τὸν
146 2189 315 2224 Βαπτιστήν.
339 2189 385 2216 Διὸ
407 2190 454 2216 καὶ
479 2189 593 2223 ἔλεγεν·
621 2198 630 2215 ι
661 2191 710 2217 ’ον
727 2191 783 2225 ἐγὼ

8 2244 43 2263 τε
49 2235 191 2269 κεφάλισα
199 2234 337 2270 Ἰωάννην,
347 2234 427 2265 αὐτὸς
436 2234 586 2270 ἐγήγερται
601 2235 634 2261 ὲκ
647 2235 780 2270 νεκρῶν.»

8 2282 46 2307 Σκ
79 2279 185 2314 ταύτης
200 2279 248 2306 οὖν
265 2279 314 2313 τῆς
330 2279 514 2314 προφάσεως,
541 2279 566 2305 οί
584 2279 634 2313 μὲν
656 2280 784 2315 Ἰωάννην

798 1521 820 1550 G

8 2326 80 2352 ιτὺν
106 2323 177 2352 εἶναι
208 2323 339 2356 εἴκαζον,
359 2325 384 2351 oi.
410 2325 438 2350 δὲ
461 2324 614 2359 Ἱερεμίαν⁹
643 2325 690 2351 καὶ
709 2325 785 2353 ἀλλοι

8 2372 108 2398 Ιλίαν.
127 2371 209 2406 Φήμη
226 2370 281 2406 γὰρ
299 2370 460 2405 ἐπεκράτει,
477 2370 514 2402 ὡς
530 2370 590 2406 ἥξει
604 2371 684 2398 πάλιν
692 2370 785 2404 Ἠλίας

8 2419 32 2445 ῖὶ
52 2419 110 2452 τῆς
127 2419 190 2452 γῆς.
210 2417 384 2451 Ἐλεγκτικὺν
402 2415 449 2443 οὖν
469 2417 587 2454 ὁρῶντες
603 2416 648 2442 τὸν
668 2417 783 2451 Κύριον,

8 2462 211 2498 ιιστομίζοντα
238 2462 308 2497 μετά
350 2463 506 2497 παρρησίας
529 2462 594 2493 τοὺς
618 2462 784 2498 Φαρισαίους

697 125 864 156 HOMILIA
882 128 930 159 LV

1566 127 1618 160 958

835 183 937 216 ﬁdeles,
958 183 1083 212 indicans
1091 184 1309 219 coniunctionem
1326 183 1440 212 duarum
1456 183 1482 211 in
1499 191 1528 212 se
1541 189 1622 211 natu-

838 237 940 262 rarum,
957 235 986 257 ut
1001 230 1070 257 inira
1085 230 1199 258 dicetur.
1216 230 1306 264 Quare
1322 235 1412 257 autem
1423 237 1475 257 non
1492 229 1621 258 Hieroso-

836 275 917 311 lyma;
930 276 981 303 hoc
996 281 1116 310 praestat,
1127 276 1174 304 sed
1190 276 1348 311 infpartibus
1359 275 1620 307 Caesareae‘PForsan

837 326 868 348 ut
888 320 1041 349 Iudaeorum
1065 321 1167 349 devitet
1184 322 1311 349 invidiam
1326 325 1354 348 ct
1370 321 1479 355 impium
1497 320 1560 348 illud
1576 321 1623 347 de-

837 372 957 401 cretum;
970 369 1148 395 decreverant
1169 367 1241 395 enim
1257 372 1298 400 ut,
1315 367 1336 394 si
1348 367 1410 401 quis
1426 366 1513 400 ipsum
1535 366 1622 393 conﬂ-

837 417 951 444 teretur.
977 417 1053 440 extra
1078 413 1246 448 Synagogam
1271 413 1348 440 ﬁeret
1358 413 1392 439 ”.
1409 412 1430 438 Δ
1454 412 1514 439 loco
1540 412 1622 447 igitur

838 458 1014 486 formidolosa
1029 458 1120 486 educit
1137 458 1215 493 longe
1235 457 1391 492 discipulos,
1407 461 1436 484 ut
1450 461 1522 484 metu
1546 457 1622 485 omni

838 511 870 531 ac
886 503 1033 531 {ormidine
1053 503 1146 535 soluti,
1160 507 1251 537 aperte
1261 503 1423 530 Sententiam
1448 510 1524 530 suam
1539 502 1622 530 επον-

839 552 909 576 rent.
923 548 1015 583 Neque
1033 556 1096 576 vero
1111 549 1170 576 sine
1185 555 1268 575 causa
1293 547 1344 575 loci
1370 548 1533 576 mentionem
1559 548 1624 576 fecit

837 593 1014 628 evangelista,
1037 592 1078 620 his
1093 593 1202 620 verbis:
1222 601 1231 619 ι
1245 592 1369 627 {Veniens
1384 592 1463 621 Jesus
1481 593 1508 620 in
1532 599 1624 628 partes

837 638 967 666 Caesareae
990 637 1114 672 Philippi.
1132 647 1141 663 ι
1159 637 1226 664 Nam
1253 638 1380 673 quoniam
1401 641 1444 666 est
1463 638 1545 666 etiam
1570 639 1623 666 alia

837 683 960 710 Caesarea
979 682 1114 710 Stratonis
1126 682 1183 718 (64)
1195 683 1277 716 dicta,
1290 690 1323 710 ne
1333 683 1394 718 quis
1405 690 1436 710 ex
1446 683 1624 718 ambiguitate

837 728 977 755 nominum
992 728 1162 755 auditoribus
1177 735 1257 756 error
1275 727 1431 762 obreperet,
1445 735 1505 756 eam
1524 728 1623 756 distin-

837 775 927 801 ctione
943 773 1034 801 tollere
1054 775 1237 802 necessarium
1255 774 1342 801 visum
1360 778 1413 801 est.

875 827 884 844 ι
903 818 988 852 Quem
1001 826 1044 846 uie
1054 819 1149 846 dicunt
1158 820 1280 847 homines
1289 826 1348 847 esse
1361 818 1460 846 Filium
1472 819 1587 846 hominis
1595 820 1620 846 is

838 863 895 891 Non
915 864 984 891 dixit
999 873 1006 891 :
1020 864 1106 898 Quem
1128 872 1170 892 me
1190 865 1282 892 dicunt
1301 865 1427 893 homines
1448 872 1508 892 esse
1525 864 1622 892 Filium

837 908 906 936 Dei?
922 914 950 936 ut
977 909 1102 937 elationis
1130 909 1212 937 verba
1240 910 1356 943 vitaret;
1383 909 1431 937 sed
1462 917 1516 942 me,
1543 910 1622 942 dixit,

837 955 972 982 hominem
995 955 1107 988 factum,
1120 955 1146 982 in
1167 956 1260 983 habitu
1280 955 1350 983 servi
1366 960 1553 991 apparentem.
1568 955 1622 983 Ne-

837 1007 890 1035 que
903 1007 969 1028 vero
986 1001 1020 1028 de
1042 1000 1186 1028 Pharisaeis
1200 1006 1228 1029 et
1251 1001 1354 1028 Scribis
1380 1001 1512 1036 inquirit:
1537 1001 1622 1035 Quem

837 1053 880 1074 me
901 1047 994 1074 dicunt
1021 1046 1134 1079 Scribae,
1163 1051 1191 1074 et
1221 1047 1358 1081 principes
1386 1045 1497 1081 populi?
1520 1046 1624 1074 sciebat

836 1088 907 1115 enim
925 1093 1042 1122 quantus
1058 1087 1110 1115 illis
1127 1087 1230 1115 oil‘usus
1247 1092 1319 1114 esset
1330 1087 1436 1114 invidiae
1454 1087 1559 1120 iunius;
1575 1089 1623 1114 sed

836 1134 869 1161 de
886 1133 982 1168 populo
996 1133 1114 1161 versutie
1128 1140 1160 1160 ac
1175 1134 1276 1160 malitia
1294 1141 1390 1161 vacuo.
1408 1133 1483 1161 Unde
1498 1133 1622 1167 discipuli

836 1187 898 1207 cum
918 1180 996 1214 plane
1013 1180 1114 1207 scirent
1129 1179 1286 1207 didereutes
1309 1180 1343 1207 de
1355 1187 1388 1207 eo
1406 1179 1497 1214 populi
1514 1179 1622 1214 opinio-
1651 1187 1657 1193 ·

837 1232 896 1257 nes,
914 1225 1114 1260 responderunt
1128 1233 1135 1252 :
1158 1234 1167 1251 ι
1187 1225 1238 1252 Alii
1253 1225 1383 1252 Joannem
1399 1224 1561 1259 Baptistam,
1577 1225 1623 1252 alii

837 1278 901 1298 vero
923 1271 1008 1298 Ellam
1028 1274 1076 1298 aut
1097 1278 1179 1298 unum
1195 1278 1228 1297 ex
1243 1271 1392 1306 prophetis.
1411 1280 1420 1297 ι
1439 1271 1507 1305 Quid
1532 1276 1621 1298 autem

838 1317 966 1352 populum
987 1317 1013 1344 in
1040 1324 1086 1344 eus
1109 1317 1142 1344 de
1164 1316 1273 1344 Christo
1295 1317 1622 1355 opinionesginduxeratl

835 1363 876 1390 An
890 1363 1054 1397 ignorabant
1067 1362 1152 1389 Eliam
1166 1362 1274 1398 quidem
1290 1363 1428 1390 ﬂammato
1441 1370 1526 1389 curru
1538 1362 1622 1389 veluti

837 1413 990 1443 correptum
1019 1410 1045 1436 in
1063 1408 1162 1436 cadum
1187 1408 1255 1444 (65),
1279 1412 1306 1435 et
1330 1409 1471 1443 igneorum
1492 1415 1623 1443 equorum

836 1454 966 1490 quadriga
982 1455 1141 1482 subvectum
1157 1454 1201 1481 ’δῖ
1214 1453 1347 1481 Joannem
1360 1461 1423 1481 vero
1439 1461 1488 1489 per
1500 1455 1624 1481 occasio-

838 1507 898 1528 nem
919 1500 1047 1527 adulterii
1064 1499 1179 1527 Herodis
1194 1505 1220 1526 et
1241 1500 1347 1527 lascivae
1361 1500 1455 1533 puclla:
1477 1500 1624 1534 perniciter

837 1547 960 1574 saltantis
976 1546 1121 1574 occisum?
1138 1545 1283 1574 Jeremiam
1300 1553 1365 1573 vero
1392 1545 1526 1580 lapidibus
1544 1553 1624 1573 exse-

835 1598 909 1621 ctum
923 1597 1004 1628 atque
1030 1592 1270 1620 consummatum?
1290 1592 1337 1620 sed
1359 1592 1487 1627 quoniam
1515 1591 1622 1627 Moyses

835 1642 946 1677 quidem
983 1642 1017 1669 de
1049 1641 1249 1669 resurrectione
1274 1640 1340 1668 nihil
1360 1640 1386 1668 in
1409 1641 1467 1675 lege
1495 1640 1622 1673 dixerat;

835 1688 939 1723 primus
964 1696 1028 1715 vero
1044 1687 1126 1715 David
1139 1687 1172 1715 de
1189 1688 1387 1715 resurrectione
1398 1687 1504 1714 locutus
1518 1687 1598 1722 373
1611 1707 1619 1720 ,

835 1742 888 1762 non
902 1737 992 1761 tamen
1008 1737 1101 1768 aperte
1116 1734 1274 1768 mysterium
1296 1733 1466 1768 explicarat;
1483 1734 1623 1767 propheta

834 1789 900 1809 vero
943 1781 1061 1815 sparsim
1086 1785 1110 1808 et
1143 1787 1191 1814 per
1218 1780 1361 1815 aenigmata
1389 1779 1620 1807 resurrectionem

834 1827 1031 1863 signiﬁcaram,
1056 1826 1115 1854 ideo
1139 1826 1255 1854 diversis
1272 1826 1425 1854 errantibus
1449 1826 1621 1860 opinionibus

834 1873 974 1907 suspensis
993 1872 1162 1899 tenebantur.
1180 1872 1285 1899 Etenim
1307 1872 1334 1898 in
1349 1872 1398 1898 hac
1414 1872 1468 1898 vita
1491 1876 1623 1905 prasente

834 1917 1061 1946 resurrectionem
1076 1917 1214 1944 hominum
1227 1917 1406 1951 peragendam
1418 1916 1621 1944 existimabant.

835 1963 868 1991 Et
878 1963 1003 1991 fortassis
1015 1963 1042 1989 in
1053 1962 1104 1990 hac
1118 1966 1178 1990 erat
1193 1962 1318 1997 opinione
1333 1961 1455 1989 Herodes
1472 1963 1621 1994 tetrarcba,

835 2009 895 2044 qui,
910 2008 1017 2036 Domini
1036 2008 1134 2036 auditis
1157 2007 1307 2040 miraculis,
1320 2006 1452 2035 Joannem
1469 2008 1617 2042 Baptistam

836 2055 1019 2083 resurrexisse
1040 2055 1188 2087 censebat;
1204 2055 1275 2081 unde
1297 2053 1425 2081 dicebat:
1446 2063 1455 2079 ι
1471 2053 1555 2086 Quem
1571 2060 1621 2087 ego

835 2101 963 2130 decollavi
976 2100 1107 2128 Joannem
1124 2101 1180 2135 ipse
1195 2099 1314 2127 surrexit
1332 2106 1348 2126 a
1364 2099 1480 2126 mortuis
1495 2099 1529 2126 ".
1551 2108 1560 2124 ›
1579 2097 1620 2125 Ex

836 2148 888 2176 hac
899 2147 979 2182 igitur
991 2154 1079 2173 causae
1091 2146 1180 2181 specie
1191 2145 1235 2172 alii
1249 2144 1393 2177 Joannem,
1406 2145 1451 2172 alii
1461 2144 1620 2177 Jeremiam,

836 2193 880 2220 alii
896 2191 982 2218 Ellam
999 2191 1143 2218 Dominum
1162 2197 1224 2218 esse
1232 2190 1452 2225 suspicabantur.
1467 2189 1527 2216 Jam
1546 2189 1621 2216 enim

835 2238 989 2266 obtinuerat
1015 2238 1086 2265 fama
1106 2242 1250 2265 venturum
1269 2243 1363 2264 rursus
1381 2236 1407 2263 in
1420 2240 1508 2263 terras
1519 2234 1619 2262 Eliam.

835 2283 902 2310 Cum
919 2284 1000 2318 igitur
1021 2283 1163 2310 Dominum
1188 2282 1377 2317 castigatorem
1401 2287 1461 2308 esse
1485 2280 1619 2313 viderent,

836 2335 987 2363 magnaque
1013 2335 1074 2355 cum
1111 2327 1236 2355 libertate
1263 2326 1414 2354 Pharisaeos
1454 2325 1619 2360 Scribasque

834 2373 1052 2409 redarguentem,
1061 2373 1227 2401 Eliamillum
1240 2380 1299 2400 esse
1309 2373 1400 2399 animo
1411 2380 1459 2400 suo
1473 2372 1617 2407 ﬁngebant.

834 2418 885 2446 Alii
902 2425 965 2446 vero
985 2419 1145 2453 sapientiam
1161 2418 1194 2444 ab
1210 2418 1269 2453 ipso
1293 2417 1352 2452 ejus
1377 2417 1484 2451 ingenio
1505 2424 1558 2443 non
1584 2416 1621 2442 ab

835 2464 887 2491 ulla
897 2464 1038 2499 disciplina
1049 2463 1199 2499 profectam
1210 2467 1367 2498 reputantes
1375 2463 1621 2498 obstupescebant;

11 2535 46 2552 ’³
70 2533 150 2561 Joan.
165 2540 204 2567 rx,
222 2532 267 2559 27.
305 2531 328 2547 ’⁸
342 2531 374 2559 ιν
392 2531 458 2566 Reg.
476 2539 506 2563 ιι,
525 2530 568 2558 12.
607 2531 630 2547 ³⁸
644 2530 728 2559 Marc.
746 2540 784 2565 Vl,
801 2532 845 2560 16.

610 2588 771 2620 Francisci
788 2590 895 2621 Scorsi
911 2595 1005 2622 noue.

10 2653 88 2687 (64)
107 2653 166 2680 Alia
191 2652 312 2680 (lauaret:
329 2650 475 2687 Stratonis.
499 2648 618 2687 .loscph._
639 2649 686 2678 lib.
711 2659 719 2678 t
745 2651 782 2679 De

8 2684 60 2718 ίΙο
80 2688 204 2720 Judairo,
220 2695 279 2721 cup.
299 2687 343 2717 16.
358 2691 385 2713 et
398 2685 445 2712 lib.
462 2691 495 2711 xv
510 2684 640 2722 Aniiquit.
661 2693 720 2721 cap.
736 2687 779 2720 15,

21 2725 198 2757 llieronym.
219 2723 267 2748 hoc
287 2723 354 2757 loco.

836 2652 914 2680 "om.
934 2653 1031 2687 Odyss.
1050 2653 1084 2686 ζ’.
1100 2653 1166 2681 Vide
1183 2654 1363 2682 Eustathium.
1376 2654 1522 2681 Deductum
1540 2659 1581 2681 est
1598 2662 1619 2681 θ’

833 2689 926 2730 verbo.
946 2689 1126 2730 ἀνερείπτειν.
1145 2689 1250 2730 'Etym:
1280 2698 1349 2730 mag;
1373 2690 1527 2730 Eattv‘éel
1549 2690 1618 2730 ἡγῇ.

831 2723 864 2764 ex
881 2723 977 2764 τούτου
991 2724 1096 2764 γίνεται
1106 2723 1212 2763 ερέπτω
1222 2724 1252 2764 Eb
1265 2725 1370 2764 είς-γῆν
1379 2724 1555 2764 memini»,
1565 2723 1616 2764 καὶ

8 2758 90 2796 (65)
102 2754 256 2796 (Σοὶνειιιιιηι
268 2757 295 2782 in
307 2756 411 2796 malum.
424 2754 510 2796 Ornat
524 2760 551 2782 et
564 2759 642 2796 auget
656 2755 707 2782 hoc
721 2756 780 2784 loco

875 2759 982 2796 ρέπτω,
997 2754 1002 2757 ⁷
1016 2754 1248 2796 καὶ-πλεονασμῷ
1270 2754 1329 2796 τέῖ
1341 2754 1507 2796 ᾇνερείπτει.
1534 2754 1620 2787 Unde

8 2791 187 2833 ﬁermrator
202 2793 282 2831 verbo
297 2791 402 2833 poetico
413 2791 655 2833 οτκιίοιιοιη,ναιιιιι
671 2795 779 2825 raptum

875 2791 1009 2829 ιρείψαντο
1026 2793 1050 2819 oi
1069 2793 1125 2820 θεοὶ
1136 2793 1190 2820 ἀπὸ
1206 2791 1255 2829 τῆς
1272 2794 1325 2829 γῆς
1342 2791 1516 2833 ἀνήρπασαν.

8 2833 55 2859 ise
79 2828 107 2855 in
122 2827 222 2855 coelum
243 2823 387 2860 ritu'plane
402 2823 508 2859 poetico
525 2824 651 2861 explicat,
668 2823 778 2854 eo'usus
