1867 3055
239 147 293 180 963

837 151 1083 183 THEOPHANIS
1102 153 1272 185 CERAMEI
1818 160 1857 192 9ίί

237 204 323 240 patris
343 204 585 251 fecerit,_eumque
605 206 689 234 ﬁlium
716 206 793 235 Iona:
814 209 977 243 appellarit?
1000 211 1013 236 Ῐι

1095 219 1177 238 ευσεν
1191 233 1198 244 ,
1225 212 1283 239 υἰδν
1299 212 1381 240 αὐτὸν
1395 213 1481 241 εἰπὼν
1503 215 1598 249 Ἰωνᾶς
1617 215 1777 251 Μονονουχὶ
1797 219 1859 245 τοῑῂ

237 251 309 278 hunc
325 244 520 287 propemodum
542 260 656 281 sensum
681 253 812 288 loquitur.
832 255 919 283 Sicuti
936 261 963 283 tu
979 264 1026 284 na-

237 297 359 325 turaliter
370 298 440 325 filius
451 306 481 326 es
494 298 571 326 Jonas
582 299 669 334 patris
682 300 730 332 tui,
742 300 781 328 sic
792 308 843 335 ego
852 301 1025 335 naturaliter,

235 345 384 372 secundum
399 347 545 373 essentiam
559 354 618 373 sum
637 346 696 378 Dei,
711 351 738 374 et
751 346 840 374 Patris
854 347 951 375 Filius.
969 348 1023 375 Seu

234 390 323 425 potius
336 391 387 418 hoc
404 391 479 424 dicit,
506 391 632 426 quoniam
652 399 704 419 non
720 399 735 419 a
755 400 838 420 carne
852 398 879 421 et
896 395 1025 429 sanguine

234 435 382 470 profectam
408 437 603 464 revelatiouem
618 437 737 471 dixerat,
752 439 800 466 sed
820 446 834 466 a
858 439 939 467 Patre
963 447 1023 473 suo,

232 485 315 516 atque
333 481 391 509 hate
413 482 543 510 revelatio
568 490 616 517 per
638 482 768 518 Spiritum
797 488 921 511 sanctum
951 484 1023 512 facta

234 527 332 560 fuerat,
347 528 407 555 ideo
422 529 496 556 illum
510 529 628 563 Spiritus
640 529 736 557 Filium
749 535 838 559 vocat.
854 531 937 559 Jonas
948 533 1022 559 enim

232 571 382 599 columbam
398 578 474 600 sonat
487 574 555 609 (74).
565 568 730 603 Consuetum
743 584 824 611 porro
833 581 876 604 est
891 577 918 604 iu
932 577 1021 604 divina

233 618 372 653 Scriptura
398 620 485 647 sancti
512 620 642 648 virtutem
678 621 810 649 columba:
842 622 1023 657 appellatione

231 665 340 699 signare
365 666 398 699 ’⁷,
433 666 511 701 cujus
535 674 639 702 pennas
668 668 720 695 sibi
744 669 803 695 dari
828 667 910 704 375
936 668 1021 697 David

229 712 313 739 etiam
353 712 398 739 ille
433 715 563 748 propheta
597 714 734 749 cupiebat.
760 723 770 741 ι
795 714 894 743 Beatus
919 723 958 749 es,
977 715 1022 743 Si-

231 765 292 784 mon
315 757 460 791 Bar-Joua,
485 760 547 794 quia
577 767 643 788 caro
664 764 692 788 et
716 761 827 796 sanguis
846 768 900 788 non
920 762 1023 789 revela-

228 804 268 831 vit
285 804 354 831 tibi:
374 814 384 830 r
402 805 445 832 his
458 806 547 833 verbis
561 806 613 834 tale
637 807 765 842 quiddam
788 807 923 842 signiﬁcat
938 817 944 835 :
962 808 1020 836 Non

229 849 256 876 in
274 857 356 877 carne
373 855 401 878 et
431 852 564 886 sanguine
588 853 694 880 haerens
719 853 786 880 hanc
803 853 837 881 de
855 861 898 881 me
917 855 1019 882 revela-

230 895 329 922 tionem
348 896 488 930 accepisti,
505 897 553 925 scd
564 905 579 925 e
596 897 771 926 sensibilibus
786 906 898 933 prorsus
915 899 1018 927 abstra-
1036 897 1058 924 Β

228 946 289 969 etus
309 943 342 969 de
364 942 406 969 his
420 942 561 977 theologia:
582 943 720 979 mysteriis
736 945 858 972 initiatus
873 952 914 972 es.
933 944 980 972 Sic
992 949 1020 973 et

228 985 340 1020 Paulus,
354 989 400 1022 qui
418 995 448 1015 se
462 993 567 1022 raptum
580 996 667 1024 usque
684 990 718 1016 ad
734 990 844 1017 tertium
861 990 975 1023 cmlum,
991 994 1020 1017 et

230 1040 332 1061 arcana
357 1035 439 1062 verba
466 1035 575 1062 audisse
594 1035 673 1067 dicit,
698 1043 752 1063 non
776 1042 808 1063 ca
831 1036 1018 1069 inquisitione,

229 1087 290 1115 qua;
305 1088 434 1109 sensuum
449 1081 602 1109 ministerio
615 1082 645 1109 ﬁt
655 1083 688 1109 ad
702 1082 880 1116 intelligibilia
895 1087 1019 1109 contem-

229 1126 327 1162 planda
347 1134 416 1162 opus
432 1127 536 1160 habuit,
557 1127 629 1161 quod
645 1127 752 1155 scilicet
764 1127 822 1162 ipse
838 1132 943 1155 suomet
957 1134 1017 1155 ser-

229 1179 309 1200 mone
335 1173 520 1207 signiﬁcavit:
539 1183 548 1200 ι
568 1173 631 1202 Sive
654 1173 681 1201 in
707 1180 834 1209 corpore,
857 1174 915 1202 sive
940 1178 1017 1202 extra

226 1225 336 1253 corpus,
355 1221 446 1247 nescio
460 1220 493 1246 ³⁸.
508 1228 518 1246 ι

264 1274 274 1290 ι
295 1264 325 1291 Ει
340 1272 391 1300 ego
416 1266 478 1293 dico
499 1265 558 1298 tibi,
582 1264 649 1298 Quia
672 1269 700 1292 tu
715 1272 745 1293 es
763 1265 870 1298 Petrus,
887 1268 914 1293 et
936 1273 1018 1301 super

227 1311 298 1338 hanc
317 1316 423 1346 petram
437 1311 577 1339 aediﬁcabo
590 1311 738 1339 Ecclesiam
753 1319 853 1340 meam.
874 1320 884 1338 ›
907 1312 960 1344 Τυ,
975 1312 1017 1339 in-

226 1355 297 1390 quit,
316 1356 362 1390 qui
389 1361 464 1390 petra
480 1364 509 1384 es
532 1357 602 1392 (75),
626 1360 702 1392 petra
728 1357 777 1384 ﬁes
798 1356 858 1384 ﬁdei
876 1355 969 1389 Verbi,
990 1361 1017 1384 et

227 1401 423 1428 constituenda:
452 1401 579 1429 Ecclesiae
598 1401 813 1436 fundamentum,
834 1406 861 1429 et
879 1401 1017 1436 'spirituac

225 1445 260 1474 lis
287 1447 392 1474 aediﬁcii
405 1447 508 1483 primus
531 1447 631 1476 aditus.
648 1447 676 1475 lu
690 1448 742 1476 hac
752 1448 824 1476 enim
834 1447 1015 1479 confessione,

225 1501 278 1528 qua
290 1501 334 1521 me
350 1494 486 1522 hominem
504 1494 630 1522 eumdem
661 1500 689 1522 et
707 1494 790 1522 Deum
805 1502 865 1522 esse
876 1493 1016 1522 confessus

228 1547 268 1573 es,
284 1540 311 1567 in
329 1541 390 1574 hac,
409 1541 531 1576 inquam,
549 1540 703 1568 stabilietur
716 1541 843 1568 Ecclesia:
856 1541 1015 1568 fundamen-

1077 266 1161 292 φησιν
1172 266 1180 273 ·
1195 259 1301 294 Ὥσπερ
1317 259 1400 290 αὐτὸς
1420 260 1479 292 υίὸς
1493 259 1520 287 εἰ
1533 261 1616 295 φύσει
1634 261 1684 288 τοῦ
1705 263 1756 289 σοῦ
1775 266 1859 297 πατρλς

1082 303 1171 336 Ἰωνᾶ,
1187 303 1261 331 οὕτω
1281 304 1359 339 κάγὼ
1375 306 1458 340 φύσει
1489 307 1536 333 καὶ
1549 307 1613 333 κατ’
1626 308 1728 334 οὐσίαν
1746 307 1859 343 Υἱόςείμι

1075 350 1123 377 τοῦ
1138 350 1207 377 Θεοῦ
1236 351 1284 378 καὶ
1304 352 1421 387 Πατρός.
1444 353 1554 380 Μᾶλλον
1567 353 1608 387 δὲ,
1620 355 1720 389 ἐπειδὴ
1738 355 1790 390 τὴν
1808 356 1860 381 ἀπο-

1075 396 1194 432 κάλυψιν
1208 397 1258 424 οὐκ
1283 398 1338 424 ἀπὸ
1362 399 1464 433 σαρκὸς
1486 397 1545 426 εἶπε
1559 400 1737 435 γεγενῆσθαι
1769 401 1815 427 καὶ
1828 402 1860 427 ai-

1077 452 1174 479 ματος,
1189 445 1249 471 ἀλλ’
1272 445 1304 471 ἐκ
1325 445 1372 472 τοῦ
1389 446 1497 482 Πατρδς
1513 446 1598 473 αὑτοῦ
1613 447 1663 473 τοῦ
1684 448 1716 473 ὲν
1735 447 1861 481 οὐρανῶς,

1075 489 1145 526 αὕτη
1165 491 1193 518 δὲ
1223 491 1239 526 ἠ
1261 491 1436 527 ἀποκάλυψις
1461 492 1504 520 διὰ
1530 493 1578 519 τοῦ
1601 494 1687 525 ἁγίου
1712 494 1863 529 Πνεῦμιιτος

1075 536 1182 571 γέγονε,
1198 537 1243 564 διὰ
1257 537 1340 565 τοῦτο
1352 538 1418 565 Υἱὸν
1434 538 1517 565 αὐτὸν
1534 539 1667 574 ὀνομάζει
1680 539 1731 565 τοῦ
1748 539 1863 573 Πνεύμέι-

1074 590 1130 614 τος.
1140 582 1233 614 Ἰωνᾶς
1249 583 1304 618 γὰρ
1317 583 1480 618 περιστερὰ
1491 584 1690 619 ἑρμηνεύεται.
1709 584 1830 619 Σύ-ιηθες
1842 586 1863 611 εε

1075 629 1107 663 τῇ
1124 628 1221 664 Γραφῇ
1239 628 1327 665 τούτῳ
1341 629 1380 665 τῷ
1390 630 1503 664 ὀνόματι
1519 630 1570 664 τῆς
1580 631 1772 666 περιστερᾶς.
1782 631 1862 656 καλεῖν

1074 673 1123 708 τὴν
1136 673 1184 701 τοῦ
1199 674 1362 710 Πνεύματος
1379 675 1507 710 δύναμιν,
1522 673 1556 711 ἧς
1567 675 1617 707 τὰς
1633 676 1787 711 πτέρυγας
1799 678 1862 710 γενέ-

1075 719 1140 746 σθαι
1179 720 1254 755 αὐτῷ
1287 721 1336 747 καὶ
1362 721 1447 748 Δαόὶδ
1469 721 1483 747 ὁ
1507 722 1653 756 προφήτης
1684 721 1860 755 ἑπεπόθηπν.

1076 773 1085 791 ι
1107 765 1251 801 Μακάριος
1269 763 1296 792 εἴ
1312 765 1357 799 σὺ,
1374 766 1467 801 Σίμων
1479 765 1536 800 Βὰρ
1557 766 1648 798 Ἰωνᾶ,
1675 767 1720 792 ὃτι
1740 766 1811 801 σὰρξ
1826 776 1862 791 χιι

1073 809 1143 846 αἷμα
1159 813 1209 838 οὐκ
1223 812 1385 848 ἀπεκάλυψέ
1402 821 1453 840 σοι.
1469 822 1478 838 ι
1494 813 1527 839 '0
1541 813 1617 846 λέγει
1632 813 1766 839 τοιοῦτόν
1779 814 1860 839 ἐστιν·

1074 859 1131 885 Οὐκ
1147 858 1176 885 ἐν
1192 858 1287 892 σαρκὶ,
1308 859 1386 894 φησί,
1415 858 1507 892 μένων
1526 859 1572 886 καὶ
1597 860 1700 894 αἵματι
1718 859 1806 891 ἐδέξω
1823 859 1860 893 τὴι

1074 905 1139 938 περὶ
1164 904 1233 940 ἐμοῦ
1262 903 1459 939 ἀποκάλυψιν·
1477 903 1537 931 ἀλλ’
1563 904 1617 936 ἐξω
1644 904 1706 932 τῶν
1730 905 1859 937 αἰσθητῷ-ι

1074 951 1164 986 πάντη
1178 951 1328 986 γενόμενος
1338 969 1346 982 ,
1359 951 1394 977 τὰ
1407 951 1457 986 τῆς
1474 950 1616 985 θεολογίας
1638 950 1861 986 patruo-1371.51713-

1074 1004 1129 1023 σαι.
1147 995 1242 1027 Οὕτως
1257 996 1305 1029 καὶ
1318 996 1425 1026 Παῦλος
1441 995 1560 1032 ἀρθῆναι
1586 996 1678 1023 εἰπὼν
1694 997 1752 1025 ἕως
1781 997 1859 1030 τρίτη.

1072 1042 1202 1078 ούρανοῦ,
1218 1041 1266 1068 καὶ
1283 1041 1416 1078 ῥημάτων
1428 1042 1557 1078 ἀρρήτων
1570 1042 1703 1076 γενέσθαι
1718 1043 1861 1077 ἀκροατὴς.

1072 1088 1102 1115 οὐ
1122 1087 1286 1123 σωματικῆς
1310 1087 1457 1122 ἀκριϐείας
1481 1087 1579 1123 ἐδεήθη
1595 1088 1626 1114 ὲν
1641 1089 1677 1123 τῇ
1695 1088 1804 1122 θεωρίᾳ
1818 1088 1859 1113 τᾷλ

1072 1134 1177 1169 νοητῶν
1191 1141 1198 1149 '
1216 1134 1298 1160 τοῦτο
1317 1134 1370 1169 γὰρ
1386 1135 1434 1160 καὶ
1444 1134 1526 1165 αὐτὸς
1540 1133 1580 1169 τῷ
1596 1133 1657 1169 ἰδίῳ
1675 1135 1755 1168 λόγῳ
1774 1135 1861 1167 ἐπεση-

1073 1180 1195 1215 μήνατο·
1213 1189 1223 1206 ι
1241 1179 1305 1207 Εἴτε
1319 1180 1349 1206 ιν
1364 1179 1484 1214 σώματι,
1503 1179 1560 1206 εἴτε
1571 1179 1652 1211 ἐκτὸς
1672 1180 1724 1206 τοῦ
1745 1179 1859 1213 adipata;

1071 1227 1122 1254 οὐκ
1138 1224 1208 1254 οἶδα.
1229 1235 1238 1252 ι

1109 1282 1118 1299 ι
1137 1272 1223 1307 Κάγὼ
1241 1272 1269 1299 δέ
1301 1280 1343 1300 σοι
1364 1272 1436 1306 λέγω
1454 1272 1496 1300 ὅτι
1516 1271 1550 1299 σὺ
1565 1269 1590 1299 εἴ
1605 1272 1728 1308 Πέτρος,
1762 1281 1810 1298 και
1823 1281 1857 1297 zz:

1071 1318 1158 1354 ταύτῃ
1173 1319 1206 1354 τῇ
1227 1318 1317 1354 πέτρᾳ.
1333 1318 1571 1354 οἰκοδομήσωμου
1584 1319 1634 1353 τὴν
1656 1318 1854 1353 Ἐκκλησίαν..

1071 1363 1119 1396 Σὺ,
1135 1363 1214 1398 φησὶ,
1232 1363 1336 1399 Πέτρος
1355 1362 1405 1396 ὢν,
1419 1364 1506 1398 πέτρα
1520 1363 1639 1399 γεννήσῃ
1657 1363 1711 1397 τῆς
1741 1364 1812 1389 κατὰ
1824 1363 1858 1388 ir;-

1071 1417 1119 1443 γον
1136 1409 1269 1442 πίστεως,
1288 1409 1335 1436 καὶ
1351 1409 1399 1444 τῆς
1418 1407 1605 1444 ἑδραζομένης
1631 1408 1806 1442 Ἐκκλησίας
1824 1408 1856 1434 ξε

1072 1455 1175 1490 μὲλιος,
1188 1455 1236 1482 καὶ
1245 1454 1342 1491 πρώτη
1352 1454 1401 1490 τῆς
1413 1454 1603 1489 πνευματικῆς
1617 1454 1774 1489 οἰκοδομῆς
1785 1456 1858 1490 ἀφορ-

1072 1502 1119 1537 μή.
1140 1501 1204 1528 Ἐπὶ
1232 1502 1265 1537 τῇ
1281 1501 1413 1536 ὁμολογίᾳ.
1438 1501 1493 1535 γὰρ
1520 1498 1652 1538 ταύτῃ,ᾖ
1678 1500 1856 1536 ὁμολόγηεςις,

1069 1549 1116 1575 τὸν
1133 1548 1215 1575 αὐτὸν
1243 1546 1314 1574 εἷναί
1332 1556 1365 1582 με
1386 1547 1450 1574 Υἰὸν
1463 1546 1542 1580 Θεοῦ,
1558 1548 1606 1574 καὶ
1618 1547 1689 1574 Υἰὺν
1703 1548 1854 1583 ἀνθρώπω,

227 1590 296 1614 tum.
317 1573 465 1614 Haceuim
483 1573 541 1614 basi
567 1587 718 1622 supposita,
743 1587 847 1622 reliqua
866 1587 948 1614 etiam
970 1586 1013 1614 do-

1094 1573 1116 1620 εἰ
1247 1573 1303 1628 τῆς
1332 1573 1502 1628 ,Ἐκκλησίας
1517 1573 1541 1620 6'
1559 1573 1689 1628 θεμέλιος
1707 1573 1854 1625 γστέσεταιί

226 1636 317 1667 gmata
334 1636 392 1659 tuto
404 1637 638 1668 superstruenlur.

267 1750 277 1768 ι
302 1740 336 1768 Ει
365 1744 450 1774 portae
481 1740 559 1768 inferi
594 1748 647 1768 non
676 1740 859 1775 praevalebunt
886 1741 1016 1769 adversus

225 1794 296 1815 eam.
317 1796 327 1813 ι
346 1786 435 1814 Portte
455 1786 545 1818 inferi,
568 1794 629 1821 quae
651 1790 744 1814 contra
773 1786 921 1815 Ecclesiam
949 1795 1017 1822 prae-

224 1832 317 1860 valere
332 1840 385 1859 non
401 1836 556 1867 potuerunt,
574 1833 683 1866 tyranni
696 1832 892 1868 intelligantur,
913 1837 940 1860 et
960 1833 1016 1861 bat-

225 1886 315 1906 resum
332 1878 469 1913 principes
481 1885 489 1905 :
501 1878 546 1913 qui
559 1883 644 1913 portat
658 1877 735 1905 inferi
749 1877 864 1913 ﬁgurate
877 1878 1014 1912 dicuntur,

226 1930 321 1960 utpote
338 1924 384 1959 qui
401 1925 434 1951 ad
449 1923 596 1952 inferorum
612 1925 679 1952 retia
695 1925 853 1959 pertrahant
867 1930 1016 1954 sectatores

223 1978 298 2003 suos,
311 1972 357 2006 qui
374 1969 497 2005 profecto
514 1971 649 1997 incassum
663 1969 747 1997 multa
764 1970 870 2001 conati,
886 1974 913 1997 et
928 1978 1014 2005 equo-

223 2022 283 2042 rum
312 2015 399 2042 instar
427 2015 558 2041 adversus
584 2013 733 2041 Ecclesiam
762 2013 942 2042 infrementes
973 2013 1014 2042 nil

222 2059 369 2094 quidquam
389 2059 501 2086 alterius
522 2058 678 2086 nocumeuti
697 2058 736 2085 illi
767 2057 935 2092 intulerunt,
962 2059 1015 2087 nisi

222 2105 294 2141 quod
312 2105 490 2134 illustriorem
506 2103 632 2132 elfecere.
782 2129 789 2139 ._

263 2159 273 2176 ι
289 2149 323 2177 Ει
348 2151 396 2178 tibi
414 2150 483 2177 dabo
497 2150 588 2177 claves
605 2149 682 2185 regni
698 2149 842 2178 calorum.
862 2158 872 2176 ι
896 2149 955 2178 Non
977 2151 1016 2178 ait

225 2197 259 2224 do
281 2196 331 2223 tibi
349 2203 430 2224 nunc.
454 2196 502 2223 sed
518 2195 606 2229 dabo;
624 2200 728 2231 tempus
743 2192 846 2223 scilicet
873 2194 938 2222 illud
953 2200 1014 2231 post

1069 1639 1207 1674 Τοιαύτης
1224 1639 1280 1674 γὰρ
1291 1639 1341 1674 τῆς
1355 1639 1489 1674 κρηπῖδος
1505 1638 1646 1674 τεθείσης,
1664 1640 1715 1666 καὶ
1732 1639 1770 1666 τὰ
1785 1641 1855 1666 lora"

1067 1685 1193 1721 δόγματα
1210 1685 1341 1720 ἀσφαλῶς
1355 1685 1614 1722 οἰκοδομηθήσεται.

1104 1741 1115 1758 ι
1131 1732 1187 1759 Kal.
1200 1732 1286 1758 πύλαι
1300 1732 1365 1768 ᾅδου
1379 1733 1409 1758 οὐ
1424 1733 1639 1768 κατισχύσουσιν
1656 1732 1763 1767 αὐτῆς.
1785 1743 1795 1759 ι
1809 1733 1854 1759 H3-

1066 1777 1112 1805 λαι
1130 1778 1158 1804 δὲ
1172 1777 1236 1814 ᾅδου
1252 1778 1302 1812 τῆς
1322 1778 1486 1813 Ἐκκλησίας
1514 1777 1552 1813 μὴ
1567 1778 1787 1813 κατισχύουσιιι,
1807 1776 1852 1804 27:.

1067 1823 1100 1851 αν
1110 1824 1135 1850 οἰ
1151 1823 1253 1860 ταύτην
1269 1823 1414 1856 διώκοντες
1438 1824 1579 1860 τύραννοι,
1598 1825 1645 1850 καὶ
1665 1824 1691 1850 οἰ
1705 1825 1766 1850 τῶν
1781 1824 1850 1859 αἰρέ-

1069 1877 1140 1896 σεων
1156 1869 1278 1906 ἑξαρχοι,
1291 1869 1375 1897 πύλαι
1389 1869 1453 1906 ᾅδου
1475 1870 1615 1906 τροπικῶς
1645 1870 1851 1905 ὀνομασθέντες,

1066 1916 1104 1948 ῶς
1118 1918 1183 1948 τοὺς
1199 1916 1379 1951 πειθομένους
1396 1916 1489 1949 αὐτοῖς
1519 1918 1560 1948 εἰς
1589 1916 1654 1952 ᾅδου
1675 1916 1852 1943 καθέλκοντιιι

1066 1964 1220 1999 πέταυρον·
1235 1962 1260 1990 οἰ
1287 1963 1320 1998 δὴ
1345 1962 1432 1990 πολλὰ
1459 1963 1640 1998 μογήσαντες,
1656 1962 1705 1989 καὶ
1723 1963 1799 1990 κατά
1814 1964 1853 1996 τῆς

1066 2009 1235 2046 Ἐκκλησίας
1252 2009 1368 2044 ἰππηδδν
1381 2009 1582 2044 φρυαξάμενοι,
1598 2008 1744 2036 οὐδοτιοῦν
1758 2008 1852 2042 ταύτῃ

1065 2056 1258 2092 παρέὸλαψαν,
1282 2055 1299 2091 ἢ
1319 2057 1359 2084 ὅτι
1378 2056 1573 2092 λαμπροτέραν
1587 2055 1770 2092 εἰργάσαντο.

1104 2153 1114 2171 ι
1133 2143 1190 2173 Καὶ
1206 2143 1284 2172 δώσω
1303 2152 1345 2170 σοι
1360 2144 1409 2176 τὰς
1432 2143 1507 2176 κλεῖς
1518 2143 1568 2178 τῆς
1581 2143 1727 2179 βασιλείας
1743 2145 1798 2171 τῶν
1817 2145 1851 2170 οό-

1067 2191 1169 2228 ρανῶν.
1193 2201 1203 2218 )
1220 2191 1276 2218 οὐκ
1302 2188 1375 2224 εἶπε,
1391 2191 1493 2225 Δίδωμί
1511 2199 1553 2217 σοι
1578 2190 1637 2223 νῦν,
1667 2191 1758 2224 ἀλλὰ,
1777 2190 1851 2217 Δέκιε

230 2241 459 2269 resurrectionem
477 2241 596 2268 futurum
608 2242 768 2276 prmdicens,
779 2241 887 2276 quando
895 2246 922 2268 et
931 2243 1013 2270 sancti

1094 2246 1122 2270 )t,
1136 2237 1181 2264 τδν
1199 2237 1269 2272 μετά
1279 2237 1328 2271 τὴν
1340 2236 1490 2263 ἀνάστασιν
1514 2236 1658 2272 προλέγων
1671 2237 1782 2272 καιρὸν,
1799 2237 1851 2263 τοῦ·

228 2286 349 2320 Spiritus
373 2287 488 2322 gratiam
502 2287 539 2314 illi
557 2288 710 2322 impertitus
725 2292 777 2321 est,
806 2292 834 2315 et
854 2292 1015 2322 potestatem

223 2331 325 2367 ligandi
355 2337 438 2367 atque
454 2333 576 2360 solvendi
605 2334 770 2368 permisit",
795 2338 822 2361 et
839 2333 1014 2360 rationalibus

223 2379 320 2406 ovibus
333 2383 472 2414 pastorem
492 2379 624 2414 praefecit.
644 2379 741 2407 Verum
756 2387 816 2414 qua
840 2380 931 2406 claves
960 2379 1013 2411 ita,

223 2431 339 2459 quarum
374 2430 513 2460 portarum
545 2425 665 2459 claviger
691 2424 865 2452 constituitur
897 2423 1012 2451 Petrus?

260 2492 283 2507 "’
298 2491 373 2520 Psal.
389 2499 446 2524 LIV,
467 2490 494 2519 Ἰ.
532 2490 555 2507 ³⁸
577 2490 598 2518 ll
614 2491 675 2518 Cor.
691 2497 740 2524 xtl,
756 2491 784 2518 5.

822 2491 846 2508 ²⁹
859 2490 937 2519 Joau.
950 2498 998 2523 xx,
1008 2490 1053 2518 ‘23.

1069 2284 1099 2311 δν
1121 2283 1196 2318 αὑτῷ
1227 2283 1273 2311 καὶ
1303 2282 1353 2318 τὴν
1373 2283 1453 2318 χάριν
1473 2282 1521 2309 τοῦ
1539 2283 1619 2317 ἁγίου
1637 2283 1805 2318 ﬂventa-.0;
1817 2284 1852 2310 δέ·

1068 2330 1149 2363 δωκε,
1166 2329 1215 2356 καὶ
1226 2329 1276 2364 τὴν
1299 2329 1424 2361 ἐξουσίαν
1444 2328 1491 2356 τοῦ
1511 2323 1623 2364 δεσμεῖν
1642 2331 1692 2356 καὶ
1709 2329 1797 2362 λύειν,
1812 2331 1851 2355 ιιιὶ

1067 2377 1122 2404 τῶν
1139 2377 1258 2411 λογικῶν
1282 2376 1427 2412 προϐάτων
1453 2376 1611 2411 ἀγελάρχην
1635 2377 1849 2412 ἐχειροτόνησεν.

1071 2421 1154 2448 Ἀλλά
1166 2421 1239 2452 τίνες
1261 2421 1289 2448 αἱ
1304 2421 1418 2455 κλεῖδες,
1442 2420 1532 2457 θυρῶν
1546 2421 1576 2448 δὲ
1595 2421 1682 2448 ποίων
1698 2422 1851 2458 κλειδοῧχκ

834 2536 996 2568 Francisci
1012 2535 1119 2568 Scorsi
1134 2539 1226 2566 nota).

334 2599 418 2640 Junius
438 2597 674 2640 eluiturwlumbam
695 2602 855 2640 senatorum
876 2598 1008 2640 columba,

221 2632 357 2668 qn‘ﬁlius.
372 2634 435 2662 Vide
451 2634 480 2661 S.
496 2632 701 2669 Hieronymum,
714 2634 741 2661 in
755 2634 879 2662 eamdem
892 2633 1008 2669 Etymol.

223 2669 450 2705 ἀλληγορίζοντα.

260 2703 430 2741 (75)⁷Ρειηι
454 2713 501 2741 νει,
530 2709 584 2733 etc.
617 2703 895 2741 Hunchheophanis
925 2705 1011 2732 nastri

223 2739 329 2773 locum,
344 2745 372 2766 ut
388 2740 555 2767 luculentum
573 2740 759 2768 testimonium
779 2739 919 2767 catholicae
936 2740 1010 2767 veri-

223 2777 298 2808 tatis,
310 2783 343 2802 ex
360 2783 412 2808 qua
431 2775 525 2802 Petrus
543 2781 623 2809 caput
640 2774 777 2806 Ecclesiae,
790 2780 817 2802 et
835 2775 895 2802 ﬁdei
913 2774 1010 2801 funda-

223 2815 344 2837 mentum
362 2810 492 2836 asseritur
502 2815 598 2837 contra
613 2809 857 2844 Magdeburgenses
870 2810 1011 2837 Centuria-

225 2848 308 2875 tores,
324 2844 417 2878 iisdem
438 2844 549 2871 omnino
564 2845 653 2871 verbis
675 2845 785 2878 protulit
807 2845 877 2872 inter
893 2845 1008 2872 aliorum

224 2883 344 2905 veterqu
359 2877 468 2906 Patrum
483 2879 563 2914 dicta,
579 2886 646 2914 quos
661 2879 753 2907 itidem
766 2880 831 2908 citat
846 2879 1009 2908 Franciscus

1063 2597 1192 2625 Turrian.
1209 2605 1265 2625 soc.
1280 2602 1389 2629 nostrae,
1402 2597 1436 2624 de
1457 2604 1509 2632 quo
1531 2596 1606 2630 plura
1628 2597 1655 2623 in
1675 2596 1796 2626 Proem.
1812 2608 1845 2629 tu.

1064 2633 1136 2669 quod
1157 2633 1256 2667 relege.
1274 2633 1403 2669 Porro‘in
1427 2633 1477 2659 hac
1498 2632 1680 2669 explicatione
1697 2639 1728 2660 et
1745 2636 1845 2669 veritas:

1064 2666 1239 2696 consentiunt
1254 2675 1348 2695 omnes
1363 2667 1458 2694 Patres
1477 2673 1532 2694 tam
1550 2666 1649 2698 Graeci,
1665 2674 1750 2701 quam
1769 2668 1843 2695 Latini

1064 2711 1133 2736 quos
1147 2709 1270 2730 recenset
1284 2704 1366 2730 etiam
1381 2701 1499 2730 Maldon.
1515 2703 1604 2736 arguit
1620 2703 1705 2729 etiam
1724 2703 1770 2731 hic
1783 2705 1844 2730 locas

1091 2745 1174 2765 raucos
1192 2738 1264 2772 ipsos
1282 2738 1480 2770 schismaticos,
1497 2738 1542 2772 qui
1562 2738 1710 2771 primatum
1730 2738 1843 2766 Ecdcsm

1065 2773 1209 2804 Romanae,
1226 2777 1252 2799 et
1274 2780 1460 2800 successorum
1482 2773 1555 2800 Petri
1576 2772 1676 2799 uolunt
1698 2780 1843 2808 agnoscere.

1064 2808 1101 2835 De
1126 2814 1179 2842 quo
1205 2807 1327 2842 pluribus
1351 2815 1432 2842 supra
1460 2808 1485 2834 iu
1511 2809 1562 2835 hac
1587 2807 1677 2841 hom.,
1694 2807 1755 2836 not.
1771 2809 1842 2842 67,21

1063 2843 1136 2871 hom.
1151 2842 1197 2876 57,
1213 2848 1270 2871 not.
1288 2843 1336 2875 68,
1351 2847 1377 2871 ct
1389 2842 1435 2876 54,
1450 2849 1506 2871 ιιοι.
1520 2843 1565 2871 49.
