1867 3055
8 152 61 183 965

699 147 868 179 HOMILIA
894 149 952 180 LV.

1594 153 1647 185 966

6 208 21 234 ὁ
37 207 144 242 Πέτρος
158 205 324 233 καθίσταται
339 213 347 240 ;
364 204 441 240 Θύρα
453 203 503 241 μὶν
519 204 602 237 αὐτός
617 205 691 232 ἔστιν
702 206 716 232 ὁ
733 206 801 242 Χρι-

893 210 937 232 ιιι
960 205 1016 232 hmo
1029 203 1156 233 Christus
1176 208 1218 233 est
1232 203 1289 241 (76)
1305 204 1363 240 ipse
1385 206 1431 241 qui
1447 207 1537 235 ᾱιιιιε
1555 216 1566 234 ι
1589 209 1647 245 Ego

9 253 85 287 σσὸς,
110 254 124 281 ὸ
149 252 253 280 είπώνο
273 261 282 279 ι
301 251 375 287 Ἐγώ
403 253 462 288 ειμι
492 252 509 288 ἡ
535 251 626 288 θύρα·
649 261 658 278 ι
689 252 761 284 κλεῖς
774 252 803 279 δὲ

6 299 114 335 ταύτης
141 299 191 334 τῆς
214 299 301 334 θύρας
315 299 332 334 ἡ
348 299 453 332 πίστις,
467 299 501 334 ἢν
534 298 685 333 ἐγχειρίζει
705 298 743 333 τῷ
757 306 804 325 κο-

8 345 120 381 ρυφαίῳ
136 345 150 371 ό
175 344 280 381 Κύριος
291 352 299 360 ·
315 345 364 372 καὶ
387 345 459 380 τάχα
487 343 577 380 τούτῳ
594 345 634 379 τῷ
649 343 769 380 κλείθρῳ
787 345 803 380 η

7 391 203 426 ᾁσματίζουσα
228 389 323 425 νύμφη
359 390 492 426 διήνοιγε,
516 390 638 417 ποθοῦσα
662 390 707 417 τὸν
720 390 804 416 καλὸν

6 436 172 471 ἀδελφιδοῦν
203 436 399 469 ὑποδέξασθαι,
425 436 512 471 ταύτη
537 445 580 463 τοι
614 436 662 463 καὶ
689 436 802 470 ἔλεγεν·

9 492 19 509 ι
45 482 109 509 Ἐπὶ
135 482 233 518 θύραις
260 482 308 509 τοῦ
326 482 453 518 κλείθρου
483 482 577 518 livore:
599 482 656 517 ἐγὼ
669 482 709 517 τῷ
725 482 803 509 ἁδελ-

5 529 79 564 φιδῷ
96 538 159 564 μου.
176 538 186 554 ι
201 529 316 556 Δίδωσιν
329 526 377 556 οὖν
404 529 499 564 Πέτρῳ
522 528 639 560 καὶτοῖς
656 528 717 555 κατ’
733 529 804 554 ἐκεῖ·

5 583 52 601 νον
73 575 124 606 τὰς
141 574 225 607 κλείς,
254 575 292 607 ὡς
313 575 347 602 ἂν
369 576 419 610 μὲν
431 577 490 606 τοῖς
508 575 658 610 αίρετικοῐς
670 575 771 606 ᾶὸατος
787 575 803 609 ὴ

5 621 78 656 θύρα
99 622 142 656 είη
168 622 217 657 τῆς
234 621 289 648 τῶν
316 622 440 657 οὐρανῶν
464 621 618 657 βασιλείας.
633 621 681 648 καὶ
705 623 804 655 ἄδυτος

5 668 63 698 τοίς
84 667 112 693 δὲ
132 668 239 698 πιστοῖς
252 667 428 699 εὐεπίϐατος,
446 667 484 699 ὡς
500 667 678 703 βεϐαιοῦσθαι
693 667 742 703 τὴν
755 669 803 696 τοῦ

6 715 115 749 Κυρίου
133 715 284 748 ἀπόφασιν.
310 723 319 740 ι
340 715 427 746 Είτις
449 715 479 741 οὐ
502 714 622 750 γεννηθῇ
643 714 677 741 δι’
695 715 802 748 ὓδατος,

5 760 56 787 καὶ
70 761 246 796 Πνεύματος,
275 761 306 787 οὐ
326 761 363 796 μὴ
388 761 499 797 είσέλθη
527 762 568 794 είς
586 762 636 798 τὴν
661 763 803 798 βασιλείαν

5 807 60 833 τῶν
79 808 215 843 οὐρανῶν.
235 818 244 834 ι
262 810 293 836 οι
305 810 354 844 μὲν
366 808 414 837 οὖν
427 810 544 838 ἐναντίοι
559 811 609 847 τῆς
621 811 742 844 πίστεως
756 813 804 838 καὶ

5 854 140 888 πολέμιοι
156 854 240 881 πύλαι
270 855 335 891 ᾷδου
365 855 578 892 ὲκ).ἡθησαν,,ὸ
603 857 632 884 δὲ
662 858 802 893 Δεσπότης

8 899 202 935 Ἐμμανουήλ,
219 901 289 937 θύρα
305 902 352 928 καὶ
376 902 447 937 πύλη
465 902 516 937 τῆς
529 903 669 938 βασιλείας
684 904 739 930 τῶν
756 905 801 931 ού-

5 945 110 979 ραυῶν.
126 946 172 972 Διὸ
191 946 238 973 καὶ
263 947 460 983 προτροπάδην
480 948 548 975 πᾶσι
565 948 615 984 βοᾷ
627 957 633 963 ⁸
651 958 661 974 ι
676 948 716 975 Δι’
732 950 800 984 ἐμοῦ

5 992 52 1019 ἐὰν
65 1000 110 1023 τις
138 992 266 1024 εἰσέλθοι,
280 993 445 1029 σωθήσεται,
465 1003 475 1020 ι
489 994 548 1027 καὶ,
566 1004 576 1021 ι
596 995 741 1022 Είσέλθετε
756 995 801 1023 διὰ

5 1039 51 1072 τῆς
64 1039 164 1074 στενῆς
175 1039 273 1076 πύλης,
289 1049 298 1066 ι
311 1040 360 1072 τὰς
371 1040 505 1074 πλατείας
514 1041 561 1068 καὶ
573 1041 612 1073 εἰς
624 1041 687 1077 ᾅδου
702 1042 802 1078 φερού-

5 1093 56 1116 τας
74 1086 265 1118 ἐκκλίναντες.

37 1130 116 1156 ’Δλλε
135 1131 161 1157 oi
177 1131 227 1166 τῆς
246 1130 407 1166 Ἑλληνικῆς
431 1131 541 1164 ἀπάτης
570 1133 620 1168 τὴν
637 1132 728 1168 τρύγα
753 1133 801 1169 ἐρ-

5 1176 174 1210 ἑοφηκότες,
201 1177 249 1203 καὶ
281 1178 352 1204 κατὰ
380 1177 431 1212 τῆς
463 1178 560 1212 ὑγιοῦς
583 1178 663 1214 ἡμῶν
677 1179 799 1212 πίστεως

5 1221 110 1254 πολλὰς
128 1222 298 1258 δυσφημίας,
325 1223 363 1255 ὥς
378 1233 440 1251 τινα
462 1224 596 1260 βόρδορον
606 1225 799 1261 ὲρευξάμενοι,

5 1269 76 1303 σρὺς
92 1269 149 1300 τοῖς
164 1268 256 1300 ἀλλοις
282 1269 425 1304 ληρήμασι
455 1269 503 1296 καὶ
517 1270 597 1296 τοῦτο
613 1271 702 1297 είπεῖν
718 1271 799 1306 ἐθρα-

5 1313 163 1349 σῠνθησαν,
180 1316 240 1346 πῶς
266 1317 280 1343 ό
302 1317 406 1352 Πέτρος
429 1316 556 1350 ἀξιωθεὶς
570 1318 693 1344 τοιούτου
715 1326 791 1353 μακα

5 1361 124 1395 οισμοῦ,
139 1362 186 1388 καὶ
204 1361 394 1396 μαρτυρηθεὶς
410 1362 463 1389 ὑπὸ
476 1362 565 1398 Ἰησοῦ
583 1365 616 1390 ὲκ
631 1363 680 1391 τοῦ
695 1365 801 1400 [ἰατρὸς

5 1406 133 1441 ῑεδέχθαι
150 1407 200 1441 τὴν
232 1407 418 1442 ἀποκάλυψιν,
435 1409 482 1435 καὶ
508 1409 559 1441 τὰς
575 1409 650 1442 κλεῖς
679 1410 801 1445 είληφὼς

5 1453 54 1487 τῆς
75 1452 220 1487 βασιλείας
247 1454 303 1481 τῶν
317 1454 442 1489 οὐρανῶν
454 1475 461 1488 ,
477 1454 548 1481 κατὰ
565 1455 610 1482 τὸν
629 1455 677 1482 τοῦ
693 1456 801 1488 Πάθους

5 1498 107 1534 ιιαιρὸν
119 1499 211 1533 τρίτον
223 1500 362 1535 ἠρνήσατο
371 1500 419 1527 τὸν
428 1500 604 1533 διδάσκαλον,
616 1502 725 1537 φαύλης
737 1511 801 1529 παι-

5 1544 104 1580 ῑίσκης
115 1544 210 1571 τοῦτον
222 1545 444 1580 μορμολυξάσης,
457 1546 494 1578 ὼς
508 1547 670 1583 βρεφύλλιον
683 1557 691 1581 ;
707 1548 801 1576 Ταῦτά

5 1599 92 1624 ρασιν
112 1591 137 1617 oi
154 1593 187 1626 τῇ
202 1591 319 1628 ἀληθείᾳ
337 1593 488 1628 μαχόμενοι
499 1602 506 1608 ·
517 1593 577 1620 ἀλλ’
592 1594 673 1629 ἡμεῖς
684 1595 722 1627 ὡς
733 1595 800 1632 βέλη

5 1637 116 1671 νηπίων
129 1638 179 1668 τὰς
205 1637 335 1670 τοιαύτας
358 1639 468 1674 πληγὰς
491 1639 547 1666 τῶν
560 1641 691 1667 ἐναντίων
713 1641 799 1677 ἡγού-

5 1692 96 1714 ιενοι,
127 1683 200 1710 οὕτω
227 1684 330 1717 ταύτας
355 1685 580 1721 ἁποκρουόμεθα.
602 1687 695 1721 Φαμὲν
731 1688 798 1723 γὰρ,

5 1730 39 1761 ὓς
58 1730 207 1764 οίκονομία
220 1728 254 1766 ἦν
269 1731 302 1758 ὲκ
313 1730 381 1758 Θεοῦ
397 1733 600 1768 παραχώρησις
617 1734 667 1768 τῆς
680 1733 727 1760 τοῦ
746 1735 801 1761 Πέ-

5 1785 71 1812 τρου
91 1777 246 1813 ἀρνήσεως.
263 1777 375 1814 Ἐπειδὴ
389 1779 444 1814 γὰρ
462 1779 533 1814 ὑπὲρ
551 1779 615 1811 τοὺς
625 1779 721 1811 ἄλλους
732 1789 801 1816 συμ-

5 1823 142 1858 ροιτητὰς
160 1824 335 1859 ἐκαυχήσατο
346 1823 544 1850 συναποθανεῖν
558 1825 598 1860 τῷ
610 1826 798 1862 μυσταγωγῷ,

5 1870 29 1896 ιὺ
48 1870 128 1896 πάνυ
147 1869 389 1904 περισκεψάμενος
400 1870 450 1905 τῆς
464 1870 565 1906 σαρκὸς
576 1871 626 1906 τὴν
635 1871 778 1898 ἀσθένειαν
791 1880 798 1888 ·

5 1915 97 1942 ιαίτοι
136 1915 185 1942 τοῦ
219 1916 322 1950 Κυρίου
349 1915 583 1949 διαὸεσαιοῦντος,
624 1917 662 1949 ὡς
699 1918 802 1950 πάντες

5 1961 295 1997 ικανδαλισθήσεσθε·
314 1961 360 1989 διὰ
384 1962 466 1989 τοῦτο
486 1962 541 1989 ἔδει
560 1963 608 1990 καὶ
624 1963 706 1990 αὐτὸν
721 1964 801 1999 ἐλεγ-

5 2007 106 2042 [cavat
138 2006 177 2038 ὥς
200 2006 346 2043 ἄνθρωπος
369 2005 414 2043 ἦν,
431 2008 520 2044 δειλίᾳ
546 2010 667 2045 σαρκικῇ
685 2010 801 2037 ὑποκειο

5 2062 101 2085 ιενος,
119 2053 168 2080 καὶ
181 2053 229 2080 τοῦ
244 2054 348 2089 Κυρίου
372 2055 514 2090 δειχθῆναι
530 2054 577 2082 τὸν
599 2055 679 2090 λόγον
694 2056 799 2092 ιπαλη-

5 2099 134 2131 δεύοντα,
158 2099 205 2125 καὶ
230 2098 280 2134 τὴν
312 2099 429 2134 ἄρνησιν
455 2100 684 2135 προμηνύσαντα.
712 2101 799 2128 Τοῦτο

5 2143 129 2171 πέπονθε
149 2144 197 2170 καὶ
211 2144 295 2170 Δαόὶδ
308 2144 322 2170 ό
346 2144 494 2180 προφήτης
518 2146 566 2171 καὶ
586 2145 725 2180 βασιλεύς.
745 2146 801 2182 Τῆς

5 2191 172 2227 τρεπούσης
199 2191 254 2226 γὰρ
284 2192 385 2224 ἐκστὰς
407 2192 617 2224 καταστάσεως,
630 2193 679 2227 τὴν
694 2193 800 2228 ὑπερή-

855 259 915 279 sum
933 251 1032 279 ostium
1041 250 1084 284 ‘°;
1103 259 1112 276 ι
1142 251 1200 286 ejus
1213 258 1277 278 vero
1294 251 1377 279 clavis
1398 258 1440 280 est
1456 253 1540 288 lides,
1564 262 1646 290 quam

856 297 985 325 Dominus
1011 296 1206 332 discipulorum
1239 298 1384 332 coryphtco
1416 300 1573 326 committit.
1609 300 1648 328 Et

855 341 980 370 fortassis
1000 344 1051 371 hoc
1069 343 1204 378 pessulum
1225 345 1332 378 aperuit
1353 345 1458 372 cautrix
1479 353 1577 379 sponsa
1604 347 1647 373 di-

856 387 953 415 lectum
981 396 1060 416 suum
1088 389 1231 423 pulchrum
1262 390 1387 424 excipere
1413 391 1536 426 cupiens,
1566 397 1647 426 atque

855 433 936 460 verba
959 433 1114 467 hujusntodi
1136 433 1266 461 dicebat:
1286 443 1295 459 ι
1312 434 1454 462 Pcssulum
1469 436 1531 462 ostii
1554 437 1647 470 aperui

853 486 905 513 ego
918 479 1016 506 dilecto
1031 487 1102 506 ttteo.
1117 489 1126 505 ι
1141 480 1190 507 Dat
1202 480 1284 513 igitur
1295 480 1387 512 Petro,
1404 486 1432 508 et
1444 483 1648 510 successoribus

854 524 915 559 ejus
938 524 995 559 (77)
1012 525 1111 558 claves,
1131 531 1160 552 ut
1187 526 1323 553 ba'reticis
1342 527 1449 560 quidem
1464 528 1594 561 impervia
1620 533 1648 556 et

859 570 1073 605 impenetrabilis
1098 571 1134 598 sit
1148 570 1229 605 jauua
1248 574 1324 607 regni
1353 572 1497 600 cmlestis:
1524 573 1648 601 fidelibus

853 623 919 643 vero
935 617 968 642 ad
985 624 1044 643 eam
1067 621 1159 651 pateat
1182 617 1290 650 aditus;
1314 622 1396 651 atque
1411 617 1448 644 ita
1476 618 1521 645 illa
1541 618 1649 646 Domini

853 661 936 697 376
948 663 1081 690 sententia
1101 662 1176 689 lirma
1195 663 1375 697 permaneat?
1398 672 1408 689 ‹
1430 663 1489 691 Nisi
1517 665 1579 699 quis
1607 673 1651 693 re-

855 715 934 736 natus
948 709 1031 738 fuerit
1043 717 1076 736 ex
1090 716 1160 744 aqua
1176 714 1202 737 et
1217 709 1321 744 Spiritu
1338 715 1445 740 sancto.
1466 719 1519 738 nou
1535 712 1649 739 intrabit
1683 736 1690 744 ,

856 754 882 781 in
898 762 1012 790 regnum
1031 757 1204 784 caelorum“.
1219 766 1228 782 ι
1246 756 1330 792 Igitur
1348 757 1497 784 adversarii
1511 764 1538 785 et
1558 758 1649 785 hostes

855 801 916 829 ﬁdei
939 810 1024 837 porta:
1049 803 1128 830 inferi
1153 803 1279 839 appellati
1299 809 1373 831 sunt.
1400 804 1531 832 Dominus
1559 811 1648 833 autem

855 849 1026 882 Emmanuel,
1054 850 1156 877 ostium
1179 855 1206 877 et
1218 855 1296 885 porta
1324 851 1399 885 regtti
1416 851 1559 883 cmlorum;
1577 851 1649 878 unde

819 887 840 915 Β
854 897 1024 923 adhortando
1041 903 1136 923 omnes
1161 897 1262 923 clamat
1283 904 1291 923 :
1313 905 1322 922 ι
1342 897 1393 924 Per
1421 905 1464 924 me
1490 898 1512 925 si
1529 898 1591 932 quis
1608 898 1650 925 in-

856 943 974 976 troierit,
990 942 1137 969 salrahitur
1146 942 1186 975 ἰε
1203 951 1213 969 ι
1231 947 1258 971 et
1273 950 1279 968 :
1300 951 1309 968 ι
1323 943 1423 970 ltttratc
1446 951 1495 978 per
1508 949 1649 978 angustant

855 994 958 1025 portam
969 989 1009 1022 ";
1028 998 1038 1015 ι
1056 988 1125 1017 latas
1142 989 1202 1018 illas
1218 996 1331 1024 quaeque
1358 989 1392 1017 ad
1415 988 1520 1017 inferos
1534 989 1648 1022 ducunt,

855 1037 1032 1066 declinantes.

893 1129 993 1156 Verum
1009 1129 1055 1164 qui
1072 1128 1228 1156 Graecorum
1244 1121 1353 1157 errores
1369 1129 1453 1156 instar
1466 1128 1540 1156 faecis
1552 1129 1649 1157 absor-

854 1175 956 1209 buere,
986 1181 1014 1203 et
1045 1181 1140 1213 contra
1167 1184 1263 1204 sanam
1294 1189 1297 1194 -
1329 1182 1414 1204 stram
1444 1177 1522 1204 ﬁdem
1551 1177 1649 1205 multas

856 1222 1040 1257 blasphemia:
1053 1242 1061 1255 ,
1080 1222 1156 1257 quasi
1182 1229 1289 1250 cwnum
1307 1227 1449 1256 eructant;
1465 1224 1572 1251 caneris
1599 1223 1649 1251 de-

857 1269 1009 1296 liramentis
1021 1269 1072 1296 hoc
1083 1269 1164 1296 etiam
1176 1269 1233 1296 ausi
1244 1273 1308 1296 sunt
1321 1269 1430 1301 addere,
1444 1269 1578 1304 quomodo
1604 1270 1649 1298 Pe-

855 1320 913 1344 trtts
929 1323 961 1344 eo
986 1316 1127 1351 dignitatis
1157 1320 1279 1349 evectus,
1298 1320 1327 1343 ut
1346 1321 1373 1344 et
1388 1315 1451 1344 Jesu
1468 1324 1534 1344 voce
1554 1317 1648 1344 beatus

855 1362 1060 1397 praedicaretur,
1074 1361 1231 1396 etejusdem
1245 1363 1399 1390 testimonio
1422 1370 1436 1389 a
1448 1362 1528 1390 Patre
1544 1363 1649 1391 revela-

855 1408 958 1435 tionem
973 1408 1102 1436 habuisse
1117 1409 1264 1440 diceretur,
1282 1413 1309 1435 et
1331 1408 1420 1435 claves
1436 1409 1511 1442 regni
1527 1409 1648 1438 caelestis

854 1455 1001 1490 acciperet.
1015 1454 1155 1481 Passionis
1169 1458 1292 1489 tempore
1310 1458 1352 1481 ter
1364 1455 1473 1488 negavit
1487 1454 1647 1489 magistrum

855 1507 955 1533 suum.
981 1501 1058 1536 quasi
1083 1499 1218 1535 puellulus
1248 1500 1314 1527 levis
1341 1499 1482 1535 cujusdam
1514 1500 1648 1528 ancillula:

856 1547 928 1574 larva
953 1546 1188 1582 pcrterrcl‘actus?
1203 1546 1267 1575 ΙΙωο
1289 1547 1404 1580 dicunt,
1431 1546 1476 1581 qui
1504 1548 1648 1575 veritatem

854 1598 1024 1628 oppugnant.
1051 1593 1109 1621 Nos
1140 1601 1205 1620 vero
1234 1594 1283 1621 hos
1314 1593 1532 1621 adversariorum
1564 1594 1647 1626 ietus.

854 1641 931 1675 qttasi
949 1639 1093 1668 infantium
1111 1640 1161 1668 tela
1187 1645 1363 1679 reputantes,
1373 1641 1414 1668 sic
1430 1647 1461 1667 ea
1473 1640 1646 1674 depellimus.

856 1687 976 1714 Dicimus
990 1687 1062 1714 enim
1090 1686 1138 1714 Dei
1155 1686 1546 1722 dispcusatione-negationem
1573 1686 1648 1714 Petri

854 1733 1026 1767 permissam.
1044 1732 1178 1766 Quoniam
1189 1733 1262 1760 enim
1277 1740 1359 1767 super
1373 1737 1487 1760 caeteros
1502 1733 1649 1766 discipulos
1673 1756 1678 1760 .

855 1786 885 1806 se
915 1779 1076 1814 gloriatione
1100 1779 1251 1812 eli‘erebat,
1277 1779 1501 1808 commorilurum
1530 1786 1559 1807 se
1586 1788 1647 1807 cum

855 1823 969 1851 Domino
992 1824 1117 1859 jactaus,
1143 1824 1234 1852 carnis
1249 1824 1463 1852 imbecillitatem
1494 1832 1548 1851 non
1578 1825 1647 1853 bene

854 1870 1018 1906 dispiciens;
1033 1866 1093 1898 cum
1108 1871 1259 1906 praesertim
1277 1871 1437 1898 scandalum
1450 1878 1580 1906 passuros
1590 1878 1650 1898 om-

854 1924 903 1944 nes
922 1917 1052 1944 Dominus
1072 1916 1252 1950 allirmasset;
1280 1917 1341 1944 ideo
1358 1918 1503 1952 oportebat
1528 1916 1647 1949 ostendi,

855 1962 941 1997 ipsum
969 1969 1076 1997 quoque
1091 1962 1230 1990 hominem
1253 1969 1314 1990 esse
1333 1963 1454 1990 humano
1470 1963 1558 1990 titttori
1581 1962 1648 1989 sub-

851 2008 966 2043 jectum;
984 2013 1011 2036 et
1037 2008 1182 2036 Dominum
1206 2016 1269 2036 vera
1286 2009 1388 2040 dicere,
1406 2009 1451 2043 qui
1476 2009 1647 2043 negatiOnem

855 2060 918 2082 ante
932 2055 1105 2089 praedixerat.
1124 2055 1182 2082 Hoc
1197 2055 1277 2082 etiam
1295 2054 1376 2082 David
1393 2054 1530 2089 prophetae
1550 2058 1577 2082 et
1588 2055 1644 2091 regi

855 2100 980 2134 contigit.
1008 2101 1074 2127 Cum
1103 2100 1176 2128 enim
1193 2099 1227 2127 de
1252 2104 1323 2127 statu
1348 2100 1448 2126 utentis
1469 2100 1647 2128 conveniente

855 2147 1033 2179 excessisset,
1058 2146 1202 2180 superbam
1229 2145 1302 2173 illam
1319 2153 1412 2172 vocem
1430 2145 1518 2172 emisit
1535 2152 1542 2171 :
1559 2153 1569 2170 ι
1587 2143 1647 2173 Non

855 2193 986 2219 movebor
1009 2192 1036 2219 in
1049 2197 1179 2219 aeternum
1190 2191 1224 2218 “.
1244 2201 1254 2217 ι
1270 2191 1333 2218 Ideo
1350 2198 1411 2218 cum
1423 2199 1437 2218 a
1449 2191 1538 2218 divina
1560 2191 1646 2226 ipsum

5 2245 92 2264 κινον
109 2237 221 2272 ἐκείνην
247 2237 338 2272 ἀφῆκε
351 2237 456 2274 φωνὴν,
472 2247 482 2263 ι
502 2238 538 2264 Ού
565 2238 602 2273 μὴ
619 2238 742 2265 σαλευθῶ
758 2239 800 2271 είς

893 2241 1017 2272 otegente
1042 2237 1141 2277 virtute
1170 2237 1317 2264 destitutus
1349 2236 1486 2271 paulisper
1511 2241 1602 2270 esset,
1630 2243 1647 2263 a

7 2285 42 2309 ὸν
73 2283 176 2311 αίῶνα.
201 2292 210 2309 ι
228 2283 280 2310 Διὰ
320 2283 401 2310 τοῦτο
445 2283 546 2320 μικρὸν
571 2284 800 2320 ἐγκαταλειφθεὶς

854 2283 930 2311 larda
956 2283 1096 2318 voluptate
1112 2283 1243 2311 subactus
1258 2287 1356 2318 prater
1377 2282 1502 2310 adulterii
1516 2281 1646 2318 ﬂagitium

33 2374 63 2390 ³ο
77 2372 166 2401 Joan.
182 2381 210 2407 ι,
227 2374 254 2403 9.
292 2376 314 2392 "
332 2375 411 2404 Joan.
426 2384 466 2410 ιιι,
482 2376 507 2404 5.
531 2376 553 2392 ³¹
567 2375 646 2403 Joan.
665 2383 691 2408 ιι,
708 2375 734 2404 9.
774 2376 797 2393 ³³

893 2390 906 2402 ι.
922 2383 971 2408 vu,
988 2376 1031 2403 l5.
1069 2375 1090 2392 "
1106 2375 1179 2403 Psal.
1193 2384 1267 2407 xxtx,
1284 2375 1311 2403 7.

633 2451 796 2483 Francisci
812 2451 917 2483 Scorsi
935 2455 1030 2484 notua.

33 2522 103 2557 (76)
131 2521 215 2550 Porta
243 2523 299 2551 hac
326 2523 449 2551 Christus
473 2529 523 2553 eu.
547 2524 635 2553 Pauca
661 2525 805 2552 admodum

5 2562 164 2594 ragmenta
178 2560 274 2586 deesse
288 2559 314 2586 in
331 2567 383 2586 ms.
398 2559 460 2587 Val.
476 2561 596 2594 comperi
611 2567 644 2588 ex
660 2560 720 2587 aliis
735 2568 804 2588 mss.

10 2593 62 2621 ua?
77 2593 176 2630 habui,
191 2601 222 2621 ac
240 2595 430 2630 praesertimex
442 2593 568 2622 Patribus
577 2596 609 2622 de
622 2595 718 2630 quibus
727 2603 803 2629 supr.

10 2634 58 2657 ot.
74 2628 290 2662 54ι1ιςίιυτ1ιειιο
302 2629 373 2664 θύρα
388 2629 437 2664 μὲν
449 2630 530 2661 αὑτός
543 2628 675 2663 serti/{ibi
688 2628 802 2662 omissa,

6 2671 17 2692 t
36 2664 160 2700 quidem
177 2664 243 2691 vitio
259 2665 429 2698 properantis
445 2665 550 2692 librarii
565 2665 627 2700 quis
643 2672 696 2692 non
712 2666 803 2692 videt?

5 2706 86 2736 uipra
110 2699 193 2736 etiam
207 2700 297 2736 591)th
321 2699 377 2735 γὰρ
403 2700 552 2736 ἐπικρατεί
573 2699 611 2732 ὦς
635 2700 697 2736 ἥξει
718 2700 801 2727 πάλιν

5 2734 106 2764 Ηλίας
124 2733 172 2769 ἐπὶ
190 2733 319 2769 ιιῆςγῆς,
334 2733 394 2769 quae
411 2733 533 2768 subjecta
551 2737 618 2762 ratio
636 2733 671 2763 ab
688 2742 800 2763 auctore

5 2768 203 2805 ensumrillius
219 2768 361 2804 complet;
379 2771 562 2805 praetermissa
582 2778 646 2798 vero
664 2770 754 2798 fuerat
773 2771 799 2798 in

5 2805 63 2832 'al.
80 2804 177 2830 eodem
193 2805 270 2831 vitio.

28 2839 100 2874 (77)
118 2837 360 2876 Etsucceuoribus
375 2841 442 2876 ejus.
459 2841 529 2875 Quid
547 2841 599 2868 hoc
615 2841 757 2874 illustrius,
771 2847 798 2869 et

5 2875 109 2903 larius
124 2874 158 2901 ad
173 2876 272 2903 seriem
288 2874 645 2910 ltoutanorum'poutillcutn
672 2877 701 2905 S.
717 2877 797 2906 Petro

855 2530 1070 2560 succedentium,
1086 2533 1233 2560 eorumque
1251 2526 1440 2555 aucturitatem
1456 2527 1644 2558 alIirmandam

854 2561 954 2596 quibus
975 2568 1038 2589 cttm
1056 2563 1131 2588 datas
1148 2561 1239 2589 claves
1257 2561 1301 2588 hic
1318 2561 1399 2589 Pater
1416 2569 1519 2591 asserat
1535 2564 1645 2592 δίδωσιν

853 2595 901 2623 οὖν
924 2596 1037 2631 Πέτρῳ,
1055 2597 1103 2623 καὶ
1124 2599 1182 2628 τοῖς
1204 2596 1266 2623 κατ’
1284 2598 1388 2624 ἐκεῖνον
1411 2599 1460 2630 τὰς
1482 2599 1554 2631 κλεῖς
1568 2607 1575 2615 ·
1591 2600 1645 2627 Dat

853 2631 937 2670 igitur
959 2630 1054 2663 Petro.
1071 2636 1096 2658 et
1119 2632 1316 2670 successoribus
1339 2633 1397 2670 ejus
1422 2633 1523 2670 claues,
1541 2635 1645 2670 absque

853 2666 935 2693 dubio
959 2673 1006 2694 eos
1034 2674 1096 2694 esse
1121 2672 1201 2701 caput
1227 2668 1310 2695 totius
1337 2666 1464 2696 Ecclesia:
1486 2666 1642 2698 fatetur'et

852 2701 1073 2743 docet;_quid_ad
1091 2702 1147 2743 haec
1162 2703 1352 2743 θέμιστα-νει
1367 2703 1516 2743 obga_n_nire_
1529 2710 1644 2743 possunt

852 2737 968 2774 Graeculi
987 2736 1101 2774 hujusce
1121 2738 1255 2774 temporis
1268 2736 1458 2766 schismatici?
1472 2736 1538 2774 quid
1553 2740 1643 2767 haere-

852 2772 905 2808 tici
922 2771 1015 2808 caeteri
1039 2776 1199 2805 uovatores;
1219 2773 1353 2808 adversus
1375 2781 1444 2808 quos
1468 2771 1534 2802 satis
1558 2775 1643 2803 multa

850 2807 928 2834 tnulti
958 2807 1105 2839 scriptores
1133 2815 1191 2836 soc.
1217 2807 1316 2836 Bellar.
1347 2807 1473 2837 Contrav.
1500 2811 1532 2836 de
1560 2810 1642 2839 Ροιιι,

850 2814 928 2834 tnutu
958 2814 1009 2834 scrt
1033 2814 1105 2835 tores
1133 2815 1191 2836 soc.
1217 2814 1316 2836 uettar.
1347 2814 1473 2837 oomrav.
1500 2814 1532 2836 de
1560 2814 1642 2839 Ροιιι,

848 2814 1105 2906 ἔιρὲἑιιῖιόέυέηηθ.
1120 2843 1199 2872 Turr.
1216 2845 1277 2873 loco
1287 2851 1371 2879 supra
1384 2845 1468 2874 citato
1481 2843 1600 2874 Maldon.
1614 2847 1643 2874 in

871 2884 922 2905 unc
937 2884 1037 2906 tocum.
