1867 3055
165 149 221 184 979

204 217 214 233 ι
233 206 260 235 Si
278 206 312 234 de
329 205 429 240 mundo
445 205 555 237 essetis,
570 203 685 231 mundus
701 205 772 239 quod
792 213 870 231 suum
893 210 952 232 erat
969 207 989 233 Α

165 253 385 290 (Ιίἰίεοι-θιειιιιίει
396 252 430 279 de
446 252 546 278 mundo
573 258 625 278 non
655 251 730 282 estis,
761 251 808 278 sed
829 259 879 286 ego
905 259 952 280 vas

165 299 234 335 elegi
253 299 286 326 de
302 297 412 330 mundo,
425 296 484 324 ideo
502 297 618 324 mundus
634 303 682 324 vos
701 296 769 324 odit.
800 306 810 322 ›
838 297 952 325 Mundus

165 346 265 373 dicitur
280 342 348 379 (90),
367 343 438 379 quod
453 351 485 370 ex
500 343 581 376 ctelo,
599 347 737 376 terraque,
771 346 798 369 ct
824 342 866 369 his
889 350 948 377 qua:

165 391 193 418 in
207 390 295 418 medio
308 394 370 417 sunt
387 388 541 424 interjecta,
568 388 746 415 constitutum
772 393 852 422 alque
877 396 952 415 com-

166 440 273 471 pactum
299 439 366 462 est:
389 435 465 470 juxta
492 441 573 469 quam
609 433 834 468 signiﬁcationem
868 433 951 460 Deum

165 481 258 509 mundi
280 480 467 508 fabricatorem
485 487 623 507 vocamus.
648 478 759 513 Κόσμος
780 479 863 506 etiam
890 479 950 514 pul-

164 527 294 556 chritudo
319 534 352 554 ex
373 527 490 561 partium
512 527 687 562 proportione
718 533 900 560 consurgens,
927 529 954 552 et

164 571 274 607 quidam
286 575 410 604 ornatus,
424 579 475 606 pro
498 576 527 598 ut
555 571 581 597 in
608 570 741 598 Mauassm
771 571 880 598 cantico
906 571 952 597 de-

164 622 304 645 cantatum
321 622 364 645 est
379 618 444 645 illud
465 626 471 644 :
490 626 499 643 ι
515 617 565 649 Qui
578 617 665 644 iecisti
682 617 780 645 caelum
795 622 821 644 et
840 622 953 649 terram,

164 670 227 690 cum
243 662 428 690 omniornatu
443 669 550 689 eorum.
569 671 579 688 ι
605 661 719 689 Mundus
745 662 826 688 etia'n
851 661 953 688 dicitur

164 707 257 743 populi
283 706 442 740 multitudo;
462 706 535 734 unde
567 707 647 734 invisi
671 707 726 734 Deo
755 707 895 742 pontifices
920 707 954 734 de

165 755 276 782 Christo
304 754 430 782 dicebant
453 763 460 782 :
490 753 557 781 Ecce
579 754 693 781 mundus
715 759 783 781 totus
813 758 870 786 post
894 762 953 781 eum

165 799 220 827 abit
235 799 270 826 “.
291 809 300 826 ι
317 799 364 827 Est
381 799 462 827 etiam
477 798 587 834 quando
605 804 633 826 et
650 799 758 826 ’mundi
787 799 900 832 malitia,
914 799 951 826 ὀι

165 845 313 880 voluptatis
329 845 467 879 illecebra,
485 850 512 872 et
523 847 580 880 ipsa
598 852 688 872 rerum
707 845 733 872 in
752 846 862 872 materia
887 853 952 872 eon-

166 898 304 920 cretarum
331 891 448 920 eolluvio
463 892 578 919 mundus
607 891 724 925 dicatur,
751 892 820 918 unde
838 892 954 918 munda-

167 945 218 966 nos
243 937 409 973 appellamus
439 945 485 965 eos
512 938 557 973 qui
574 938 616 964 his
641 937 722 964 dediti
749 937 832 964 vitam
860 943 954 971 agunt.

167 983 278 1018 Κόσμος
292 983 376 1010 etiam
409 982 462 1010 diei
479 982 623 1018 aliquando
639 987 731 1017 posset
743 983 844 1017 aliquid
857 982 899 1009 his
916 983 957 1009 di-

165 1030 219 1057 ctis
236 1029 400 1065 oppositum,
413 1029 548 1057 laboriosa
573 1029 678 1057 scilicet
699 1029 828 1056 virtutum
852 1029 957 1056 exerci-

167 1076 243 1109 tatio,
261 1083 342 1111 quam
355 1076 485 1104 Dominus
497 1076 522 1102 in
541 1076 631 1111 seipso
644 1076 843 1109 perfectissime
863 1081 957 1103 osten-

168 1123 226 1156 dit;
241 1122 310 1150 dixit
328 1123 400 1150 enim
416 1122 557 1157 discipulis
572 1131 578 1149 :
599 1131 607 1147 ι
624 1121 700 1148 Exivi
714 1131 726 1148 a
740 1121 832 1155 Patre,
851 1127 875 1148 et
895 1122 957 1148 veni

167 1169 195 1196 in
215 1169 343 1196 mundum
358 1177 364 1196 :
383 1169 480 1196 iterum
498 1169 622 1203 relinquo
636 1169 777 1199 mundum,
795 1173 822 1196 ct
841 1169 908 1195 vado
924 1169 956 1194 ad

168 1214 277 1242 Patrem
293 1215 335 1247 ";
355 1224 364 1240 ι
382 1214 435 1242 hoc
448 1219 500 1248 est,
514 1215 673 1242 exinaniens
703 1222 746 1241 me
771 1215 857 1250 ipsum
887 1215 957 1242 divi-

168 1260 254 1288 nitate
272 1260 372 1288 laboris
387 1265 511 1296 experte,
527 1261 586 1287 veni
600 1261 626 1287 in
651 1260 724 1288 hunc
752 1261 893 1292 mundum,
916 1261 955 1287 la-

168 1307 305 1334 horimam
322 1307 448 1334 videlicet
467 1307 528 1334 vita
543 1315 590 1341 per
613 1307 740 1334 virtutem
777 1312 844 1333 actm
875 1307 958 1334 ratio-

168 1359 242 1385 nem,
262 1353 374 1380 utviam
387 1353 463 1381 vobis
478 1355 613 1388 prmircm,
630 1361 678 1388 per
700 1361 780 1388 quam
809 1348 959 1388 ingretﬁre-

168 1399 239 1425 mitti
257 1398 290 1425 ad
310 1398 383 1426 illam
401 1408 406 1426 :
427 1407 499 1426 nunc
516 1407 580 1426 vero
594 1406 653 1426 eam
670 1399 826 1431 relinquens
835 1398 956 1426 discedo.

169 1442 208 1470 Et
221 1443 346 1471 fortassis
361 1444 412 1471 hoc
433 1448 491 1471 erat
516 1445 587 1479 quod
614 1443 664 1477 ipsi
693 1443 797 1470 Martha
824 1443 956 1471 dicebat:

174 1499 184 1515 ι
201 1489 240 1516 Tu
257 1496 286 1517 es
301 1489 426 1517 Christus
439 1489 524 1517 Filius
538 1490 596 1521 Dei,
613 1488 660 1525 qui
681 1489 707 1516 in
725 1490 798 1517 hunc
825 1490 956 1517 mundum

170 1535 269 1562 venisti
283 1535 316 1569 “,
334 1544 343 1562 ι
363 1536 490 1563 mundum
505 1536 609 1563 scilicet
642 1536 774 1562 virtutum
804 1535 957 1563 insinuans.

172 1580 284 1609 Videtur
297 1589 361 1609 vere
375 1583 457 1609 etiam
471 1583 504 1610 de
522 1582 573 1610 hoe
585 1583 685 1610 mundo
695 1582 839 1616 discipulis
860 1583 957 1610 Salva-

172 1632 216 1654 tor
231 1627 338 1655 locutus
355 1635 363 1654 :
382 1636 393 1654 ι
412 1627 441 1655 In
456 1628 556 1655 mundo
569 1636 727 1663 pressurant
739 1628 873 1656 habebitis
889 1628 931 1662 ";
947 1638 956 1655 ι

173 1677 248 1701 arcta
266 1674 337 1702 enim
352 1679 392 1702 est
406 1679 433 1702 et
446 1679 559 1710 angusta
574 1674 682 1702 virtutis
697 1675 740 1701 via
751 1673 785 1701 “.
800 1673 881 1710 381
903 1674 960 1702 Hoc

174 1721 261 1755 igitur
272 1721 352 1749 modo
367 1721 542 1757 ambiguitate
552 1721 691 1754 distincta,
704 1726 731 1749 et
740 1721 872 1756 explicata
881 1721 959 1749 intel.

212 1793 235 1808 “
251 1791 329 1820 Joar.
345 1799 394 1822 su,
416 1791 456 1818 l9.
497 1791 518 1806 "
545 1791 624 1818 .loac.
639 1799 693 1823 xvx,
723 1790 768 1817 20.
807 1792 829 1807 δ’
852 1791 931 1820 Joau.
949 1799 986 1825 XI,

771 149 1017 180 TIIEOPHANIS
1038 149 1209 180 CERAMEI

1042 214 1051 230 ι
1069 204 1101 231 Εἰ
1117 205 1149 231 ἐκ
1164 203 1211 231 τοῦ
1244 204 1347 240 κόσμου
1379 200 1439 240 ἦτε,
1457 203 1470 230 ό
1499 205 1604 239 κόσμος
1633 205 1669 231 ἂν
1689 204 1721 231 ss
1738 206 1800 232 me.

1004 250 1109 285 ἐφίλει’
1124 251 1165 278 ὅτι
1183 250 1211 277 δέ
1241 251 1273 277 ἐκ
1303 250 1350 277 τοῦ
1379 251 1484 286 κόσμου
1504 252 1555 278 οὐκ
1575 251 1651 283 ἐστὲ,
1670 251 1734 278 ἀλλ’
1747 253 1800 285 ἐγὼ

1004 299 1172 335 ἐξελεξάμην
1190 299 1264 334 ὑμᾶς
1284 299 1316 325 ἐκ
1341 297 1389 325 τοῦ
1419 298 1533 333 κόσμου,
1549 299 1595 326 διὰ
1609 298 1710 325 τοῦτου
1728 302 1801 333 μισΞῖ

1004 346 1076 381 ὑμᾶς
1095 347 1109 372 ὁ
1134 346 1246 380 κόσμος.
1268 354 1278 370 ›
1294 345 1405 380 Κόσμος
1427 344 1535 378 λέγεται
1564 345 1594 371 τὸ
1621 344 1651 377 ἐξ
1684 345 1802 379 οὖραάῦ

1005 392 1052 418 καὶ
1063 392 1125 426 γῆς,
1143 392 1190 418 καὶ
1202 391 1256 418 τῶν
1267 391 1296 417 ἐν
1309 391 1388 425 μέσῳ
1400 391 1530 425 σῦστημά
1539 399 1567 416 τε
1580 391 1628 416 καὶ
1641 390 1802 425 σύγκριμα,

1004 437 1068 465 καθ’
1081 437 1095 464 ὃ
1112 437 1280 472 δημιουργὸν
1293 437 1341 463 τοῦ
1355 437 1460 472 κόσμου
1473 438 1564 472 φαμέν
1580 437 1626 463 τὸν
1641 437 1723 463 Θεόν.
1752 438 1803 463 Κό-

1007 492 1075 519 σμος
1091 483 1140 510 καὶ
1155 483 1171 518 ἡ
1187 483 1236 511 τοῦ
1262 483 1378 513 κάλλους
1402 483 1532 518 ἁρμονία,
1551 483 1597 510 καὶ
1611 483 1801 518 διακόσμησις

1005 530 1076 557 κατὰ
1088 529 1118 557 τὸ
1136 529 1309 565 ὑμνούμενον
1322 530 1352 557 ἐν
1366 531 1399 565 τῇ
1412 529 1467 564 ᾠδῇ
1479 529 1614 565 Μανασσῇ
1627 537 1634 544 ·
1651 540 1660 556 ι
1683 530 1714 556 'O
1729 531 1803 564 ποιῆ-

1006 582 1056 606 σας
1073 574 1120 601 τὸν
1133 575 1257 608 οὐρανὸν,
1273 575 1324 601 καὶ
1337 574 1387 609 τὴν
1402 575 1465 609 γῆν,
1487 575 1536 601 σὺν
1554 575 1634 601 παντὶ
1650 575 1690 609 τῷ
1705 576 1804 609 κόσμῳ

1005 620 1105 647 αὐτῶν.
1126 629 1135 646 ›
1153 620 1265 655 Κόσμος
1281 620 1356 655 καὶή
1374 619 1422 646 τοῦ
1442 620 1509 646 λαοῦ
1522 620 1632 655 πληθύς
1646 629 1654 635 ·
1668 621 1719 647 καὶ
1737 622 1805 654 γοῦν

1005 666 1099 700 ἔλεγον
1117 667 1141 693 οί
1154 666 1312 700 θεοστυγεῖς
1339 667 1480 702 ἀρχιερεῖς
1507 667 1573 702 περὶ
1593 666 1640 702 τοῦ
1658 667 1783 702 Χριστοῦ
1796 676 1804 682 α

1009 721 1018 738 ι
1035 713 1089 740 Ἴδε
1110 714 1124 740 ό
1140 712 1243 748 κόσμος
1272 712 1395 748 ἀπῆλθεν
1420 713 1509 740 ὀπίσω
1535 713 1630 740 αὑτοῦ.
1650 723 1660 738 ι
1683 714 1767 740 ἐστι
1784 714 1807 740 δ’

1005 759 1050 785 ὅτε
1066 760 1112 785 καὶ
1127 760 1144 792 ἡ
1163 758 1284 794 κοσμικὴ
1314 759 1409 789 κακία,
1423 759 1472 786 καὶ
1493 761 1509 793 ἠ
1521 759 1689 791 δελεάζουσα
1709 760 1806 793 ἡόινῆ.

1005 803 1053 830 καὶ
1067 804 1082 838 ἡ
1099 803 1167 837 πρὸς
1179 803 1228 838 τὴν
1257 803 1323 833 ὓλην
1337 804 1502 838 ἀνάφυρσις,
1519 803 1580 830 καθ’
1594 805 1608 830 ὃ
1623 805 1688 835 τοὺς
1702 805 1735 830 ἐν
1758 806 1791 830 1-;
1801 819 1807 823 -

1006 849 1062 879 τοῖς
1075 848 1212 883 βιοῦντας,
1227 849 1378 884 κοσμικοίις
1392 849 1572 884 ὀνομάζομεν.
1590 850 1710 883 Λέγοιτο
1743 850 1807 877 δ’ἇν

1010 903 1075 920 ποτε
1105 895 1218 929 κόσμος,
1238 897 1285 922 καὶ
1299 892 1363 930 ἠ”ἐξ
1384 896 1508 922 ἐναντίου
1539 896 1645 923 τούτων
1672 896 1808 927 ἐπίπονος

1009 939 1128 975 ἐργασία
1155 941 1210 967 τῶν
1234 941 1352 976 ἀρετῶν,
1377 941 1410 977 ἢν
1424 942 1438 968 ό
1466 941 1569 977 Κύριος
1589 941 1623 968 δι’
1645 941 1750 968 ἑαυτοῦ
1766 951 1808 968 τε-

1009 986 1143 1020 λεώτερον
1182 986 1293 1019 ἔδειξεν.
1312 986 1411 1020 Ἔλεγε
1455 986 1522 1019 γοῦν
1555 988 1612 1018 τοῖς
1643 987 1809 1021 μαθηταῖς·

1012 1040 1021 1056 ι
1045 1030 1173 1065 Ἐξῆλθον
1186 1031 1263 1066 παρὰ
1296 1031 1344 1058 τοῦ
1368 1031 1488 1067 Πατρός,
1506 1032 1553 1058 καὶ
1567 1031 1688 1067 ἐλήλυθα
1702 1033 1746 1062 εἰς
1762 1033 1810 1059 τὶν

1011 1076 1115 1111 κόσμον
1127 1083 1135 1091 ·
1153 1076 1236 1103 πάλιν
1251 1076 1355 1112 ἀφίημι
1383 1077 1430 1103 τὸν
1450 1077 1565 1112 κόσμον,
1581 1079 1630 1105 καὶ
1648 1078 1811 1113 πορεύομαι

1009 1121 1078 1157 πρδς
1093 1121 1138 1149 τὸν
1159 1122 1281 1157 Πατέρα,
1300 1132 1309 1148 ι
1328 1122 1454 1149 τουτέστι
1475 1122 1602 1155 κενώσας
1614 1124 1742 1159 ἐμαυτὸν
1755 1125 1809 1158 τῆς

1009 1168 1129 1204 ἀμόχθου
1161 1168 1299 1204 θεότητος,
1318 1167 1402 1205 ἦλθον
1419 1170 1459 1201 είς
1472 1169 1518 1197 τδν
1541 1170 1674 1197 ἐπίπονον
1689 1172 1808 1206 κόσμον,

1009 1215 1060 1250 τῆς
1075 1215 1203 1248 ἐναρέτου
1218 1215 1370 1248 πολιτείας,
1387 1216 1447 1248 ὁδὸς
1472 1216 1538 1252 ὑμῖν
1554 1217 1685 1251 γενέσθαι
1698 1219 1752 1251 τῆς
1771 1219 1811 1249 εἰς

1009 1262 1094 1297 αὐτὴν
1125 1261 1304 1293 είσελεύσεως
1318 1269 1325 1276 ·
1339 1262 1387 1289 νῦν
1416 1263 1439 1288 δ’
1454 1262 1555 1297 ἄπειμι
1578 1263 1684 1297 ταύτην
1700 1264 1786 1298 ἀφείς
1802 1273 1810 1280 -

1009 1309 1057 1335 καὶ⁸
1075 1308 1146 1344 τάχα
1158 1309 1231 1336 τοῦτ’
1245 1307 1290 1344 ἦν,
1308 1309 1377 1344 ὅπερ
1390 1310 1406 1345 ἡ
1420 1308 1521 1344 Μάρθα
1536 1306 1614 1336 εἶπεν
1628 1309 1707 1344 αὑτῷ
1721 1318 1728 1324 ·
1748 1320 1758 1335 ι
1772 1311 1810 1337 Σὺ

1009 1353 1035 1381 εἷ
1046 1355 1059 1382 ὁ
1073 1355 1192 1390 Χριστὸς
1218 1356 1232 1382 ό
1256 1355 1319 1388 Υίὺς
1333 1356 1381 1382 τοῦ
1402 1356 1472 1382 Θεοῦ
1487 1357 1501 1382 ό
1529 1356 1571 1388 εἰς
1585 1357 1630 1382 τὸν
1646 1356 1757 1391 κόσμον
1767 1357 1811 1382 ἐλ-

1010 1399 1075 1433 θὼν,
1094 1410 1103 1426 ι
1122 1400 1168 1427 τὸν
1183 1400 1286 1435 κόσμον
1310 1401 1482 1436 ἐμφαίνουσα
1499 1400 1554 1427 τῶν
1580 1401 1704 1436 ἀρετῶν.
1727 1403 1810 1428 Δομεί

1008 1447 1037 1474 δέ
1052 1447 1099 1474 κα)¹
1113 1447 1170 1478 τοῖς
1187 1447 1324 1482 μαθηταῖς
1337 1448 1352 1474 ό
1366 1447 1465 1483 Σωτὴρ
1482 1447 1548 1483 περὶ
1557 1447 1683 1474 τοιούτου
1697 1448 1809 1483 κόσμου

1009 1492 1111 1520 λαλεῖν.
1129 1502 1139 1518 ι
1165 1493 1211 1519 Ἐν
1225 1492 1263 1528 τῷ
1274 1493 1370 1528 κόσμῳ
1387 1493 1480 1528 θλίψιν
1494 1493 1570 1525 ἕξετε
1583 1502 1589 1509 ·
1606 1502 1615 1520 s
1631 1493 1808 1528 τεθλιμμένη

1014 1539 1081 1576 γὰρ,
1099 1540 1147 1566 καὶ
1164 1540 1244 1574 στενὴ
1264 1540 1280 1575 ἡ
1296 1540 1347 1575 τῆς
1372 1539 1481 1575 ἀρετῆς
1494 1540 1565 1572 ὁδός.
1579 1540 1660 1567 Οὕτω
1674 1540 1747 1574 γοῦν
1761 1542 1811 1574 τῆς

1012 1585 1173 1621 ὁμωνυμίας
1185 1585 1382 1621 διαιρεθείσης,
1398 1586 1534 1621 προσήκει
1549 1587 1620 1612 νοεῖν
1627 1585 1667 1617 ὡς
1678 1587 1692 1612 ὁ
1709 1585 1810 1619 Σωτὴρ

1013 1631 1130 1658 ἐνταῦθα
1145 1631 1248 1666 κόσμον
1270 1632 1384 1659 ἐκάλεσε
1398 1632 1448 1667 τὴν
1472 1632 1610 1668 κοσμικὴν
1624 1631 1747 1667 τύρὸην,
1762 1632 1810 1658 καὶ

1015 1678 1126 1709 κακίαν.
1139 1679 1185 1705 καὶ
1199 1678 1264 1710 τοὺς
1275 1678 1380 1714 ταύτην
1390 1679 1597 1714 ἐνησκημένους
1610 1678 1749 1713 φαύλους,
1762 1678 1812 1704 καὶ

1016 1722 1163 1759 πονηρούς.
1181 1732 1191 1749 ι
1209 1723 1241 1750 Et
1257 1724 1290 1750 ἐκ
1316 1724 1364 1751 τοῦ
1381 1723 1486 1759 κόσμου
1500 1721 1586 1759 ἧτε,ό
1603 1724 1711 1760 κόσμος
1732 1725 1766 1751 ἂν
1782 1724 1812 1749 τὸ

1011 1792 1056 1819 ‘28.
1095 1792 1116 1808 "
1135 1792 1214 1821 Joan.
1242 1801 1299 1826 XVI,
1320 1795 1364 1822 5'5.
1405 1793 1535 1820 u‘Matth.
1562 1801 1610 1825 vn,
1637 1793 1679 1820 Ιό.

792 1859 952 1890 Fracisci
969 1860 1074 1891 Scorsi
1090 1864 1184 1892 notas.

212 1935 271 1971 (90)
291 1935 408 1963 Mundus
430 1936 540 1968 dicitur.
568 1935 670 1964 Omnes
698 1935 865 1971 signiﬁcatus
895 1943 963 1970 quos

175 1973 202 2000 in
225 1971 318 2000 Grmca
335 1979 402 1998 voce
431 1972 535 2005 κόσμος
566 1972 655 1998 inesse
680 1971 760 1998 tradit
787 1971 831 1998 hic
855 1975 960 2003 auctor,

175 2006 323 2034 convenire
350 2012 464 2040 possunt
482 2007 563 2033 etiam
588 2006 646 2032 voci
660 2005 762 2032 Latina:
779 2006 960 2039 respondenti,

175 2042 304 2072 mundus,
320 2041 429 2075 dempta
444 2045 591 2075 postrema.
617 2040 736 2068 Primam
749 2048 844 2068 omnes
858 2041 960 2074 sciunt,

175 2077 222 2107 qui
248 2075 343 2104 Latine
377 2077 477 2103 sciunt.
503 2076 560 2103 Cic.
593 2075 630 2103 De
660 2081 717 2103 nat.
747 2076 822 2103 deor.
854 2076 902 2102 lib.
921 2083 959 2103 ll:

175 2111 314 2145 Principio
343 2111 397 2145 ipse
414 2111 526 2137 mundus
545 2113 654 2137 deorum
684 2111 870 2146 hominumque
880 2119 961 2138 causa

178 2147 273 2182 factus
288 2150 336 2178 est,
355 2154 514 2181 quacunque
528 2147 555 2173 in
570 2155 599 2172 eo
615 2151 689 2182 sunt,
705 2151 728 2173 et
742 2151 836 2182 parata
851 2147 886 2172 ad
902 2146 961 2180 fru-

177 2181 248 2208 ctum
264 2181 408 2212 hominum,
424 2186 447 2208 et
463 2182 565 2208 inuenta
579 2187 650 2208 sunt.
669 2181 765 2209 Missos
780 2181 849 2209 facio
867 2186 961 2213 poetas

177 2217 223 2250 qui
240 2224 269 2242 ea
294 2224 360 2243 voce
378 2216 486 2250 sepius,
514 2220 541 2242 et
556 2216 626 2242 obvii
643 2222 706 2243 sunt
722 2217 823 2250 pueris.
855 2215 961 2243 Plinius

178 2247 213 2278 de
229 2256 352 2285 utraque.
363 2247 424 2285 cap;
440 2251 468 2283 ι,
486 2251 532 2278 lib.
547 2259 564 2277 ιι
581 2250 650 2277 Hist.
667 2247 728 2278 nat;
739 2260 748 2277 :
764 2250 846 2282 Quem
859 2251 963 2285 κόσμον
981 2247 1002 2273 Ι)

178 2285 266 2313 (ἐι-αξεὲ
291 2286 396 2313 nomine
421 2286 567 2313 ornamenti
583 2286 791 2319 appellaverunt,
807 2295 865 2313 eum
875 2291 899 2312 et
916 2295 962 2312 nos

178 2331 195 2348 ιι
228 2320 355 2355 perfecta,
380 2321 554 2355 absolutoque
577 2320 720 2355 elegantia,
753 2321 892 2348 mundum.
922 2321 959 2347 lta

177 2356 306 2390 Plinius;
333 2364 366 2383 ex
384 2363 437 2388 quo
461 2356 548 2387 vides,
568 2362 620 2390 qua
650 2357 753 2382 ratione
778 2357 893 2383 mundus
913 2363 962 2386 ap-

179 2391 294 2425 pelletur
307 2391 431 2418 machina
445 2391 576 2418 universi.
594 2391 717 2418 Secunda
732 2391 895 2426 signiﬁcatio
914 2391 962 2417 τοῦ

179 2427 298 2461 κόσμου,
325 2433 378 2461 qua
408 2426 650 2461 pulchritudinem,
675 2430 834 2453 ornatumve
861 2426 961 2460 signat,

179 2463 279 2489 allucet
301 2461 327 2488 in
340 2469 406 2488 voce
426 2461 519 2488 Latina
537 2462 650 2487 mundus
666 2469 726 2489 cum
742 2462 855 2488 ntumlus
871 2461 964 2487 mulie-

181 2497 251 2527 bris,
273 2496 338 2523 satis
356 2495 451 2523 Latine
467 2504 514 2528 pro
529 2502 624 2523 ornatu
639 2501 794 2530 usurpatur.
809 2496 868 2523 Liv.
882 2497 928 2522 lib.
944 2504 961 2523 ιι

180 2532 221 2559 De
235 2531 302 2558 bello
318 2531 439 2559 Maced.:
457 2531 519 2558 Non
537 2539 633 2558 aurum
654 2532 731 2558 modo
746 2532 788 2564 iis,
807 2532 851 2558 sed
863 2536 964 2563 postre-

181 2575 226 2594 mo
254 2575 357 2600 quoque
377 2571 482 2599 uestem,
500 2567 678 2601 mundumque
693 2574 794 2593 omnem
809 2566 963 2593 muliebrem

181 2602 291 2629 ademit.
310 2602 406 2629 Accitis
423 2611 430 2629 :

219 2637 284 2663 Cum
298 2637 423 2672 virginali
438 2636 536 2663 mundo
550 2635 616 2663 clam
630 2641 716 2671 pater.

181 2672 273 2705 Atque
289 2673 328 2699 lue
339 2671 401 2699 dum
417 2672 630 2707 signiﬁcationes
646 2673 715 2707 apud
734 2677 840 2700 veteres
869 2671 962 2698 latini-

183 2707 248 2734 tatis
262 2712 386 2734 auctores
403 2711 466 2734 sunt
483 2707 509 2734 in
530 2715 590 2738 usu,
606 2709 717 2741 reliqua:
733 2708 792 2734 dua:
820 2712 964 2741 postrema

182 2741 254 2776 apud
272 2742 482 2770 ecclesiasticos.
501 2741 567 2768 Nam
586 2750 644 2777 qua:
657 2744 682 2769 in
698 2743 798 2769 mundo
810 2747 963 2772 versantur.

182 2782 211 2803 et
226 2777 315 2809 potius
331 2778 363 2804 ad
375 2777 500 2812 etihesim,
517 2785 596 2812 quam
614 2778 645 2804 ad
657 2778 795 2812 physicam
812 2777 964 2810 spectantia

183 2812 367 2846 continentur.
394 2811 445 2838 SS.
463 2812 557 2838 Patres
575 2811 662 2839 Cra-ci
684 2811 729 2838 τὸν
745 2813 859 2846 κόσμον,
876 2812 964 2838 Latini

183 2845 311 2880 mundum
329 2845 438 2878 dicuut;
465 2846 577 2880 ejusque
593 2847 619 2872 in
636 2847 720 2873 sacris
738 2845 845 2873 [.itteris
859 2855 909 2872 non
924 2846 963 2872 in-

184 2877 314 2908 frequens
324 2886 388 2906 usus
397 2877 518 2912 exetnpla
533 2877 594 2908 sunt
605 2881 693 2908 obvia.
706 2882 836 2910 Ounrtam
850 2881 965 2911 dcuiltllc

1019 1936 1246 1967 signiﬁcationem
1276 1936 1339 1964 huic
1368 1935 1523 1970 penultimte
1554 1935 1740 1967 contrariam,
1758 1943 1812 1970 qua

1016 1979 1068 1998 non
1085 1971 1235 2006 voluptates
1251 1976 1278 1998 et
1294 1971 1434 2006 commoda
1450 1969 1529 2005 hujus
1548 1969 1611 2006 vita}
1637 1971 1736 1996 mundi
1761 1969 1812 1998 no-

1017 2006 1090 2033 mine
1106 2005 1304 2041 signiﬁcantur,
1321 2006 1369 2034 sed
1384 2005 1491 2032 labores
1506 2005 1608 2039 potius,
1621 2009 1649 2031 et
1660 2006 1811 2041 {molestiae

1016 2041 1042 2067 in
1058 2039 1186 2069 virtutum
1205 2041 1401 2068 exercitatione
1433 2045 1567 2074 susceptae
1596 2039 1670 2074 apud
1697 2040 1811 2068 Latinos

1017 2076 1109 2103 Patres
1136 2077 1253 2103 nondum
1269 2076 1368 2110 reperi.
1390 2075 1516 2103 Occurrit
1536 2082 1601 2102 vero
1614 2075 1718 2108 legenti
1738 2076 1805 2102 mihi

1015 2110 1044 2137 S.
1065 2111 1174 2138 Maximi
1202 2111 1365 2144 Centurias;
1393 2118 1453 2137 nam
1470 2110 1572 2137 (Econ.
1590 2115 1663 2136 cent.
1690 2117 1731 2139 Iv,
1748 2118 1810 2143 cap.

1016 2146 1060 2177 70.
1085 2147 1121 2173 ita
1144 2146 1285 2179 distinguit
1302 2146 1370 2173 hanc
1384 2145 1610 2179 signiﬁcationem
1631 2152 1665 2170 ex
1683 2145 1732 2171 illo
1749 2145 1808 2171 Inczt

1015 2181 1095 2208 Joan.
1114 2189 1121 2208 ι
1138 2189 1144 2207 :
1170 2180 1237 2207 Erat
1259 2181 1306 2207 tua:
1320 2189 1391 2211 vera.
1409 2188 1467 2215 qua
1489 2180 1623 2215 illuminat
1641 2187 1750 2206 onmem
1762 2181 1809 2206 ho-

1016 2218 1113 2244 minem
1133 2217 1274 2243 venientem
1290 2217 1318 2242 in
1335 2217 1403 2242 hunc
1414 2213 1561 2241 'mundum.
1591 2213 1670 2241 Certe
1685 2223 1740 2240 non
1756 2224 1813 2240 onl—

1015 2253 1055 2278 nis
1080 2252 1156 2278 homo
1169 2252 1214 2284 qui
1237 2252 1308 2278 venit
1331 2251 1357 2277 in
1370 2251 1438 2277 hunc
1451 2251 1577 2276 mundum
1605 2249 1780 2275 illuminatnr
1797 2259 1811 2275 ιι

1014 2287 1089 2313 uerbo
1104 2295 1114 2319 ;
1128 2286 1215 2320 plures
1231 2286 1300 2312 enim
1314 2290 1418 2312 manent
1430 2293 1480 2310 non
1497 2284 1656 2314 illuminari.
1671 2289 1697 2310 et
1707 2285 1811 2310 [unum

1013 2321 1170 2356 cognitionis
1186 2326 1325 2352 carentes;
1351 2320 1395 2347 sed
1410 2319 1494 2346 omnis
1508 2320 1600 2356 procul
1617 2319 1700 2345 dubia
1717 2320 1810 2349 Ito-uo,

1013 2354 1059 2392 quvi
1078 2356 1186 2390 propria
1210 2355 1344 2392 uoluntate
1359 2359 1445 2392 malus
1473 2354 1557 2392 pergit
1582 2354 1609 2380 in
1622 2362 1714 2392 rerum
1733 2363 1812 2380 mun-

1013 2390 1077 2422 dum
1099 2393 1240 2418 virtutum.
1264 2390 1356 2418 Omnis
1372 2390 1451 2420 enim,
1476 2390 1553 2422 quia
1572 2390 1715 2415 nativitale
1731 2398 1812 2422 spon-

1015 2432 1092 2454 taneo
1112 2426 1203 2460 pulsus
1219 2426 1247 2452 in
1263 2427 1372 2453 ueritate
1393 2424 1461 2451 venit
1478 2425 1505 2450 in
1522 2424 1602 2460 hujus
1613 2425 1721 2460 generis
1735 2433 1813 2449 mun-

1015 2462 1088 2492 dum.
1110 2459 1125 2487 α
1141 2462 1216 2488 verbo
1230 2469 1292 2487 sane
1321 2460 1503 2490 illuminatnr,
1529 2459 1662 2492 accipiens
1687 2459 1810 2485 habitum

1014 2497 1121 2523 virtutis
1143 2497 1292 2529 humatum,
1308 2500 1332 2522 et
1346 2494 1501 2529 cognitionis
1523 2502 1589 2520 vera:
1602 2494 1746 2529 scientiam
1754 2503 1812 2527 ρει-η

1015 2536 1076 2558 cuto
1093 2532 1246 2558 immunem.
1263 2531 1301 2557 Ita
1317 2531 1346 2557 S.
1365 2529 1496 2556 Maximus
1511 2537 1543 2555 ex
1556 2529 1683 2556 versione
1696 2528 1810 2555 Joannis

1016 2567 1083 2594 l’ici.
1111 2565 1176 2592 Nam
1199 2565 1292 2593 Graeca
1313 2565 1430 2592 nondum
1454 2565 1627 2599 esstiterunt.
1658 2563 1710 2590 Hic
1731 2565 1810 2599 igitur

1016 2601 1046 2628 S.
1072 2601 1204 2628 Maximus
1225 2608 1318 2627 vocem
1345 2599 1459 2633 κόσμον,
1486 2606 1567 2633 quam
1595 2598 1656 2625 sine
1668 2598 1809 2633 dubiopoo

1015 2637 1069 2663 suit
1081 2644 1113 2664 eo
1126 2636 1195 2667 loco.
1208 2641 1235 2662 ut
1249 2643 1283 2662 ex
1300 2634 1395 2661 Latino
1411 2634 1541 2667 mundtts,
1558 2639 1585 2659 et
1599 2638 1656 2661 tota
1675 2634 1808 2661 sententia

1016 2671 1125 2706 planum
1142 2675 1194 2703 est,
1224 2671 1250 2698 in
1267 2671 1346 2697 tertio
1362 2668 1518 2706 signiﬁcatu
1542 2676 1575 2706 ex
1593 2668 1677 2695 dictis
1691 2669 1805 2706 primum

1016 2703 1132 2740 accepit.
1158 2710 1292 2739 quatenus
1308 2705 1405 2740 signat
1424 2704 1547 2740 homines
1568 2703 1595 2729 in
1623 2704 1730 2730 mundo
1748 2711 1806 2730 con-

1016 2738 1126 2774 tentds;
1142 2738 1240 2767 at’vero
1256 2741 1376 2767 Secundo
1401 2738 1494 2774 loco'in
1513 2743 1654 2772 postremo
1669 2744 1803 2773 quatenus

1017 2782 1062 2802 eos
1079 2779 1123 2809 qui
1141 2776 1167 2802 in
1185 2776 1236 2802 hac
1259 2776 1325 2806 vita,
1345 2773 1454 2801 virtutis
1469 2780 1548 2809 ergo
1563 2780 1594 2800 se
1624 2779 1759 2809 exercent
1780 2778 1804 2799 et

1017 2808 1167 2838 macerant.
1195 2811 1283 2844 Atque
1297 2817 1328 2836 ex
1346 2809 1396 2836 hac
1414 2813 1476 2836 nota
1495 2808 1597 2835 multos
1609 2808 1681 2844 alios
1706 2809 1801 2835 harum

1018 2846 1187 2872 bomiliarmn
1206 2843 1279 2872 locos
1291 2845 1437 2880 percipies,
1447 2850 1563 2879 quorum
1578 2843 1801 2879 explanationem

1017 2881 1049 2907 ad
1060 2881 1129 2908 hanc
1150 2881 1252 2908 remisi.
