1867 3055
70 127 120 159 931

753 128 916 159 ΠΟΜῙΙιῐΑ
940 129 1014 160 LVI.

1650 134 1715 165 952-

68 187 135 214 ῑδιον
152 184 251 220 ἐφίλει.
271 194 280 210 ι
299 184 370 219 Ὅρα
391 184 449 216 πῶς
478 184 572 216 αὐτοῖς
595 184 749 220 λεληθότως
766 185 847 211 πλέκε

942 185 1038 219 gerulus
1057 188 1097 211 cst
1115 184 1238 212 Salvator
1254 185 1304 213 hoc
1327 185 1389 213 loco
1416 192 1529 215 vocasse
1557 189 1700 222 mundum,

67 233 114 258 τὸν
130 231 251 258 ἔπαινον.
275 230 384 266 Ἐπειδὴ
399 231 453 266 γὰρ
469 230 522 257 ἔδει
540 231 794 266 παραμυθήσασθαι
813 231 857 258 διὰ

67 278 100 305 τὰ
122 277 254 312 μέλλοντα
270 276 378 308 τούτοις
396 276 597 312 συμϐήσεσθαι,
622 277 707 312 μέρος
719 277 747 304 δὲ
761 279 856 312 κράτι-

68 332 131 350 στον
149 323 327 359 παραμυθίας
344 324 358 350 ὁ
373 322 496 355 ἔπαινος,
513 324 560 350 τὸν
576 323 657 357 λόγον
681 324 808 360 κίρνησιν
828 325 857 358 ἐξ

66 370 180 404 ἀμφοῖν.
200 370 233 396 ’0
257 369 322 403 γοῦν
346 369 433 404 λέγει,
459 369 540 396 τοῦτό
568 370 626 397 ἐστι
641 370 730 405 σαφής
744 369 858 403 ἔνδειξις

67 415 117 450 τῆς
132 415 208 450 ὑμῶν
225 416 326 450 ἀρετῆς
342 415 373 442 τὺ
400 415 540 450 μισεῖσθαι
557 416 611 443 ὑπὸ
631 416 687 443 τῶν
704 417 857 452 μισούντων

65 461 162 496 αὑτήν.
181 461 210 487 Et
227 461 281 496 γὰρ
298 462 372 495 φιλεῖ
397 461 512 488 ἕπεσθαι
538 461 577 496 τῷ
596 462 682 498 ὁμοίῳ
703 462 733 489 τὸ
751 463 855 498 ὅμοιον,

65 506 189 540 εὔδηλον,
207 506 245 538 ὡς
277 507 325 533 καὶ
350 507 423 542 ὑμᾶς
445 507 596 543 ἠγάπησαν
615 509 640 534 ol.
657 508 787 544 ρέκτορες
801 508 856 535 τῶν

65 544 172 585 κακῶν,
191 554 270 589 είπερ
283 552 332 589 ἦτε
355 554 404 589 τῆς
423 554 515 581 αὐτῶν
539 555 710 590 φαυλότητος
724 555 855 590 μιμηταί.

64 597 124 624 Νῦν
135 598 158 624 δ’
173 597 260 630 οὕτως
275 599 448 631 ὰπεναντίως
465 599 573 634 ἔχοντες
587 599 656 634 πρὸς
667 600 778 632 αὐτοὺς,
790 600 857 627 ἀκο-

64 644 171 676 λούθως
185 645 344 679 μισήσουσι.
364 645 420 672 Καὶ
448 645 498 681 τὴν
513 645 577 681 ὲξῆς
589 646 618 672 δὲ
638 645 720 680 ῥῆσιν
731 647 787 676 τοῖς
802 645 857 672 τῶν

63 690 187 716 ἐπαίνων
216 691 311 717 ἄνθεσι
337 691 531 718 κατεποίκιλεν
544 700 550 706 ·
573 692 603 718 ἐν
619 691 673 727 γὰρ
694 691 733 726 τῷ
746 691 855 718 εἰπεῖν·

66 744 76 760 ι
95 733 167 768 Ἐγὼ
184 734 350 770 ἐξελεξάμην
366 736 438 771 ὑμᾶς
452 738 484 763 ὲκ
500 736 546 764 τοῦ
562 737 680 772 κόσμου,
697 747 704 762 ι
723 736 772 772 τὴν
788 737 856 772 πρὸς

61 780 127 812 τοὺς
155 780 251 812 ἄλλους
283 781 421 817 ὑπεροχὴν
447 782 541 814 αὐτοῖς
566 782 726 819 ὑπῃνίξατο.
751 782 779 808 '0
801 782 855 817 γὰρ

63 826 259 861 ἐκλεγόμενος.
275 827 306 854 τὸ
326 829 452 862 κρεῖττον
473 828 632 862 ἐκλέγεται·
650 829 731 863 δῆλον
757 826 804 854 οὖν
817 828 855 859 ὠς

910 232 1059 259 mundanas
1067 232 1172 263 turbas.
1185 239 1217 258 ac
1227 232 1303 264 vitia,
1312 236 1339 259 et
1348 232 1374 258 in
1385 231 1418 259 iis
1427 238 1569 260 versantes
1576 233 1702 262 homines

910 285 1026 311 nequam
1041 282 1067 304 et
1082 277 1233 312 improbos.
1250 285 1259 302 ι
1273 276 1300 304 Si
1314 277 1347 304 de
1355 277 1455 304 mundo
1464 278 1573 310 essetis,
1584 279 1700 308 mundus

909 324 980 357 quod
989 330 1068 350 suum
1079 327 1148 354 erat,
1160 322 1308 357 diligeret.»
1322 322 1439 349 Adverte
1448 323 1584 357 quomodo
1593 323 1698 351 illorum

908 369 1016 396 laudem
1038 369 1140 396 sensim
1157 372 1270 396 atterat.
1287 367 1421 402 Quoniam
1437 367 1509 396 enim
1521 368 1575 404 illis
1588 374 1696 404 propter

908 420 1039 443 eventura
1065 415 1138 442 mala
1157 413 1372 442 consolationem
1397 413 1520 441 adhiberi
1544 414 1698 449 oportebat,

909 462 942 488 ad
967 460 1162 488 consolandum
1190 463 1280 487 autem
1303 459 1423 486 laudatio
1449 459 1531 493 valet,
1552 465 1700 495 utrumque

907 513 957 532 suo
972 512 1099 532 sermone
1119 503 1321 538 complectitur.
1347 503 1404 530 Hoc
1429 503 1514 538 igitur
1547 509 1600 538 est,
1623 507 1697 539 qttod

907 552 984 579 dicit.
1002 551 1106 579 Vestrae
1123 550 1234 577 virtutis
1247 549 1418 585 perspicuum
1438 555 1480 577 est
1508 556 1697 585 argumentum

907 597 942 625 ab
960 597 994 624 iis
1009 597 1053 632 qui
1074 604 1134 624 eam
1151 597 1278 629 oderunt,
1295 595 1357 623 odio
1368 603 1416 624 vos
1438 595 1542 624 haberi.
1565 596 1595 624 Si
1623 598 1696 624 enim

907 642 996 670 simile
1010 641 1092 669 simili
1110 641 1231 675 copulari
1258 646 1343 673 amat,
1370 649 1465 670 amore
1495 649 1546 669 vos
1574 644 1697 677 proferto

907 692 1141 723 prosequerentur
1154 688 1171 714 ii
1184 687 1229 722 qui
1243 687 1313 715 male
1326 692 1421 723 agunt,
1438 689 1461 716 si
1477 695 1524 716 vos
1542 689 1616 723 ipsos
1634 690 1697 717 imi-

908 735 1044 766 taremini,
1057 733 1137 768 idque
1152 733 1275 768 sequitur
1294 733 1452 768 evidenter;
1466 742 1539 762 nunc
1555 741 1620 762 vero
1649 743 1699 770 op-

907 780 1026 814 positum
1052 780 1093 812 tit,
1129 784 1158 807 ut
1186 779 1317 815 quoniam
1343 780 1480 808 contrario
1502 781 1582 808 modo
1609 781 1697 809 allecti

908 826 985 859 estis,
1002 833 1050 853 vos
1064 825 1127 854 odio
1138 830 1347 861 persequantur.
1367 826 1532 862 Sequentem
1551 827 1613 855 item
1630 835 1696 854 ora-

63 872 276 908 εὐφυεστέρους,
293 875 341 900 καὶ
355 874 497 906 δεκτικοὺς
513 875 568 901 τῶν
591 874 684 900 καλῶν
698 874 752 900 τῶν
767 873 850 900 ἀλλωι

942 879 1007 899 mem
1028 871 1140 899 ﬂoribus
1169 871 1277 899 laudum
1301 872 1422 907 aspergit
1440 881 1448 906 ;
1475 872 1590 901 dicendo
1612 873 1698 907 siqui-

62 918 176 945 πάντων
205 920 278 954 ὑμᾶς
307 920 493 955 προετίμησα.
510 921 564 947 Καὶ
596 920 738 953 ἀποξύσας
763 921 854 947 πᾶσαν

61 964 203 1001 κοσμικὴν
218 965 362 1001 πονηρίαν,
378 967 537 1002 μετήγαγον
551 966 620 1003 πρὸς
650 966 700 1001 τὴν
727 967 856 993 ὲπαινουυ

63 1010 150 1045 μένην
167 1011 311 1038 ἀλλοίωσιν
322 1020 329 1027 ·
347 1012 391 1039 διὰ
411 1013 491 1040 τοῦτο
519 1013 645 1049 μισοῦσιν
681 1012 753 1047 ὑμᾶς
770 1012 794 1038 οἱ
811 1020 855 1038 κο-

63 1059 150 1092 σμικῇ
165 1066 197 1084 συ
203 1059 396 1094 μπεφυρμένοι
411 1059 548 1095 θολότητι.

907 918 969 946 dem
985 926 992 945 :
1009 927 1018 944 ι
1036 917 1092 952 Ego
1108 925 1156 946 vos
1182 917 1252 953 elegi
1268 918 1301 945 de
1313 919 1423 952 mundo,
1447 927 1456 945 ι
1472 919 1544 954 quod
1562 919 1623 946 aliis
1642 919 1694 953 ipsi

907 963 1076 999 pratcellant.
1107 964 1225 992 latenter
1254 963 1413 992 insinuavit.
1444 963 1511 991 Nam
1537 965 1582 1000 qui
1612 965 1697 998 eligit,

907 1011 1081 1045 praestantius
1097 1010 1191 1045 eligit;
1208 1009 1381 1038 manifestum
1398 1015 1438 1038 est
1458 1011 1542 1046 igitur
1570 1018 1618 1038 vos
1641 1019 1698 1038 mc-

907 1057 975 1084 liore
992 1062 1095 1084 natura:
1110 1057 1203 1084 habitu
1218 1056 1357 1092 praeditos,
1370 1061 1398 1085 et
1413 1057 1446 1084 ad
1462 1057 1563 1085 bonum
1585 1057 1697 1091 capien-

60 1105 126 1131 dum
161 1106 280 1140 aptiores
303 1106 363 1134 aliis
396 1113 412 1133 ι
441 1114 484 1134 me
513 1106 598 1134 fuisse
619 1106 797 1140 przepositos:
819 1110 846 1145 et
867 1104 940 1132 omni
974 1104 1066 1131 mundi
1079 1105 1212 1139 pravitate
1228 1112 1243 1132 a
1272 1105 1350 1132 vobis
1362 1106 1497 1138 abstersa,
1515 1106 1549 1133 ad
1571 1104 1697 1133 laudabi-

60 1150 116 1178 iem
134 1151 252 1184 traduxi,
272 1156 299 1178 et
319 1152 483 1179 commutavi
513 1157 632 1186 statum;
663 1153 777 1186 ideoque
802 1158 851 1178 vos
871 1150 999 1183 oderunt,
1017 1151 1063 1185 qui
1077 1154 1140 1177 sunt
1155 1151 1291 1178 mundana
1306 1150 1371 1179 faece
1382 1151 1530 1179 commisti.

102 1206 112 1224 t
130 1198 324 1233 Μνημονεύετε
349 1199 398 1226 τοῦ
420 1199 511 1234 λόγου,
527 1198 558 1228 οὗ
588 1200 644 1235 ἐγὼ
672 1199 748 1227 εἷπον
767 1200 832 1234 ὑμῖν
845 1209 851 1215 ·

60 1244 121 1271 οὐκ
136 1244 195 1271 ἐστι
211 1245 304 1277 δοῦλος
318 1246 421 1280 μείζων
434 1246 480 1273 τοῦ
499 1247 596 1282 κυρίου
611 1244 703 1274 αὑτοῦ.
721 1256 729 1272 ι
746 1247 777 1274 Et
787 1246 852 1280 ἐγὼ.

59 1290 143 1324 φησὶ,
161 1289 262 1326 Κύριος
274 1291 312 1317 ὢν
340 1292 390 1319 οὐκ
406 1293 550 1329 ήνῃνάμην
577 1293 647 1328 ὑπὲρ
665 1292 779 1324 δούλων.
806 1292 853 1319 καὶ

59 1335 141 1370 παρὰ
155 1336 257 1363 δούλων
287 1337 406 1364 τοσαῦτα
423 1339 532 1372 παθεῖν,
549 1339 579 1365 οὺ
597 1338 651 1375 χρὴ
669 1339 798 1365 ἀνιᾶσθαι
813 1339 850 1365 δε-

60 1382 202 1409 σποτικῶν
219 1383 415 1415 κοινωνοῦντας
431 1384 537 1412 παθῶν.
557 1386 612 1411 Καὶ
627 1387 681 1420 γὰρ
701 1385 748 1412 καὶ
759 1384 852 1416 δοῦλος

59 1427 119 1454 ἐστ’
139 1426 199 1465 ἂνῇ
215 1429 318 1462 δοῦλος,
333 1431 383 1460 οὐκ
414 1430 491 1457 ἔσται
503 1431 620 1466 μείζονα
638 1430 723 1458 αὑτοῦ
740 1430 798 1457 ’τοῦΔ
809 1430 852 1457 δε-

58 1474 164 1501 σπότου
183 1474 253 1510 ἔχων
277 1477 369 1512 τιμήν.
384 1477 415 1503 El
440 1476 486 1505 οὖν
503 1477 553 1512 ἐμὲ
572 1476 687 1509 ἐδίωξαν
703 1477 851 1512 ζητοῦντες

946 1208 955 1223 ι
973 1197 1138 1226 Mementote
1155 1199 1293 1226 sermonis
1316 1206 1398 1233 quem
1426 1206 1476 1233 ego
1508 1199 1564 1226 dixi
1592 1200 1670 1227 vobis
1689 1209 1696 1226 :

907 1244 964 1272 Νοιι
977 1249 1018 1272 est
1030 1252 1123 1271 servus
1149 1244 1235 1279 major
1266 1245 1375 1272 domino
1403 1252 1461 1272 suo.
1491 1254 1501 1270 ι
1526 1244 1554 1272 Si
1572 1253 1632 1281 ego,
1656 1247 1697 1272 in-

906 1290 976 1324 quit,
1000 1297 1062 1317 curn
1084 1298 1172 1318 essent
1190 1290 1320 1318 Dominus
1340 1298 1393 1318 non
1422 1291 1555 1325 recusavi,
1584 1293 1699 1327 quomi-

907 1345 958 1364 nus
970 1341 997 1363 et
1014 1344 1027 1363 ει
1041 1337 1128 1364 servis
1144 1341 1170 1364 et
1185 1344 1234 1371 pro
1250 1337 1338 1363 servis
1359 1341 1398 1363 tot
1411 1344 1443 1364 ac
1462 1341 1536 1364 tanta
1567 1342 1693 1372 perpete-

907 1390 962 1413 rer,
975 1389 1028 1409 non
1044 1382 1157 1410 moleste
1172 1382 1243 1410 ferre
1262 1383 1387 1410 convenit
1407 1390 1511 1415 servos,
1534 1382 1558 1410 si
1584 1382 1691 1411 Domini

905 1427 975 1454 mala
989 1427 1104 1454 sintsibi
1122 1428 1289 1455 communia.
1320 1427 1426 1455 Etenim
1451 1435 1570 1460 servum.
1582 1438 1585 1440 ·
1599 1429 1691 1463 quoad

904 1480 1001 1500 servus
1020 1473 1066 1506 sit,
1087 1473 1191 1508 majore
1210 1481 1291 1509 quant
1313 1473 1443 1501 Dominus
1472 1474 1576 1502 honore
1599 1474 1695 1502 haberi

58 1519 112 1555 τὴν
127 1520 217 1556 ψυχὴν
248 1523 304 1554 τοῖς
330 1522 377 1549 τοῦ
402 1523 519 1550 θανάτου
546 1523 653 1559 βρόχοις
680 1523 850 1558 περιϐαλεῖν,

942 1528 957 1546 ιι
970 1520 1073 1548 licebit.
1087 1521 1115 1548 Si
1131 1520 1214 1555 igitur
1226 1528 1268 1547 me
1284 1519 1418 1554 persecuti
1441 1525 1507 1547 sunt
1537 1523 1694 1556 quarentes

58 1565 205 1599 ἑπομένως
225 1567 270 1594 καὶ
284 1567 364 1601 ὑμεῖς
387 1568 433 1594 ὑπ’
453 1568 544 1596 αὐτῶν
568 1568 764 1604 διωχθήσεοοε.
792 1567 850 1595 Κᾶν

57 1609 110 1638 οὖν
127 1612 320 1647 κηρυττόντων
337 1613 415 1649 ὑμῶν
429 1614 465 1641 τὰ
478 1614 664 1650 συμφέροντα,
683 1615 787 1649 βύσωσι
801 1614 850 1646 τὰς

57 1657 150 1689 ἀκοὰς
169 1657 206 1693 μὴ
221 1658 390 1694 πειθόμενοι,
420 1659 577 1694 ἐννοήσατε,
590 1659 628 1692 ὡς
644 1661 706 1687 οὐδὲ
720 1661 767 1687 τδν
783 1660 851 1696 ἐμὸν

58 1703 143 1738 λόγον
159 1704 309 1740 ἐτήρησαν.

100 1803 110 1820 ι
130 1793 211 1821 ’Δλλὰ
237 1794 325 1822 ταῦτα
351 1796 442 1823 πάντα
470 1797 631 1832 ποιήσουσιν
662 1796 727 1832 ὑμῖν
753 1796 798 1824 διὰ
820 1797 854 1823 τὸ

56 1840 149 1876 ενομά
168 1849 230 1876 μου,
242 1841 284 1868 ὅτι
299 1841 349 1869 οὐκ
374 1842 462 1869 οἴδασι
479 1842 524 1869 τὸν
546 1842 694 1878 πέμψαντά
718 1851 763 1878 με.
783 1851 792 1867 ι
812 1842 849 1869 Οὐ

57 1886 159 1921 μέχρις
175 1885 253 1921 ἐμοῦ,
269 1886 347 1922 φησι,
369 1887 475 1919 τούτοις
487 1888 504 1923 ἡ
521 1887 630 1921 ἄγνοια,
658 1888 726 1915 ἀλλὰ
752 1887 784 1922 δὴ
802 1887 850 1914 καὶ

55 1931 142 1958 αὐτὸν
157 1931 283 1966 ἀγνοοῦσι
298 1932 344 1959 τὸν
373 1933 493 1969 Πατέρα,
508 1934 553 1968 ὑφ’
565 1930 596 1961 οὗ
617 1934 789 1968 ἀπεστάλην,
812 1933 850 1966 ὡς

53 1977 214 2013 ὀμοούσιος.
226 1977 264 2005 Τὸ
274 1977 304 2004 δὲ
321 1987 331 2004 ι
349 1980 400 2006 Διὰ
417 1979 446 2006 τὸ
461 1980 549 2014 δνομά
563 1989 614 2015 μου
636 1990 646 2005 ι
664 1981 848 2016 προσέθηκεν,

53 2024 155 2060 ἐπειδὴ
167 2026 292 2060 σχετικὸν
304 2025 335 2051 τὺ
348 2025 433 2060 ὄνομα
446 2025 493 2052 τοῦ
506 2026 613 2062 Πατρὸς
633 2026 702 2062 πρὸς
710 2027 755 2054 τὸν
768 2027 846 2055 Υίόν.

52 2069 129 2097 Οὖτε
148 2070 203 2106 γὰρ
218 2070 313 2106 Πατὴρ
326 2070 390 2099 ἄνευ
406 2071 484 2103 Υίοῦ,
497 2070 559 2098 οὔτε
572 2071 637 2104 Υἱὸς
654 2072 719 2099 ἄνευ
729 2073 847 2108 Πατρός,

51 2115 138 2141 Ἐπεὶ
149 2114 196 2142 οὖν
211 2115 351 2150 ἀγνοοῦσι,
371 2118 448 2152 φησὶ,
480 2117 510 2144 τὸ
534 2117 621 2153 ὄνομά
645 2127 708 2153 μου,
724 2119 765 2146 ὅτι
783 2119 848 2151 Υἱός

50 2161 128 2196 ειμι,
144 2161 204 2188 οὐδὲ
219 2161 265 2189 τὸν
282 2162 431 2198 πέμψαντά
449 2172 482 2198 με
500 2163 612 2200 Πατέρα
627 2165 731 2193 ίσασιν.

95 2259 106 2276 ι
126 2250 157 2276 Et
173 2249 211 2286 μὴ
223 2248 317 2286 ἦλθον,
333 2252 382 2279 καὶ
396 2252 517 2288 ἐλάλησα
527 2253 631 2286 αὐτοῖς,
642 2254 782 2290 ἁμαρτίαν
795 2255 846 2282 οὐκ

50 2293 144 2331 εἶχον.
163 2305 173 2322 (
192 2297 324 2332 Οὐδεμία,
351 2299 430 2334 φησὶ,
458 2300 514 2331 τοῖς
540 2298 680 2331 Ἰουδαίοις
706 2299 846 2328 λέλειπται

51 2343 197 2379 πρόφασις
210 2351 217 2359 ·
234 2344 322 2371 πάντα
334 2345 389 2380 γὰρ
398 2346 624 2381 εὐηγγελισάμην
638 2346 730 2378 αὐτοῖς
741 2347 776 2373 τὰ
784 2347 848 2383 ὀνή-

52 2397 128 2423 σιμα
143 2390 190 2415 καὶ
206 2389 344 2425 σωτηρίας
370 2391 500 2426 ἐχόμενα,
520 2392 592 2419 ὥστε
611 2392 778 2428 περιῄρηται
795 2394 846 2420 αὺ-

49 2435 115 2465 τοῖς
130 2434 204 2460 πᾶσα
218 2434 302 2470 λαόή.
319 2434 398 2462 Ἐπεὶ
411 2435 440 2462 δὲ
455 2436 471 2471 ή
485 2436 533 2463 τοῦ
559 2436 686 2472 Σωτῆρος
715 2437 845 2464 διδασκα-

51 2480 102 2506 λία
121 2479 228 2507 πάντων
241 2480 369 2516 ἐξῄρητο,
378 2480 397 2508 ἃ,
411 2481 467 2517 γὰρ
480 2481 571 2518 ἔργοις
582 2482 738 2518 ἐπλήρωσε,
759 2477 846 2511 ταῦτα

50 2525 149 2559 λόγοις
163 2525 279 2559 ἐδίδαξε,
301 2526 346 2553 διὰ
369 2527 449 2554 τοῦτό
471 2536 571 2563 φησιν·
589 2538 599 2554 ι
618 2529 649 2555 Εἰ
672 2530 707 2556 τὰ
723 2529 792 2566 ἔργα
808 2530 846 2566 μὴ

51 2571 176 2606 ἐποίησα
189 2572 218 2598 ὲν
233 2571 336 2605 αὐτοῖς,
351 2572 370 2600 ᾱ
384 2572 473 2605 οὐδεὶς
483 2573 563 2606 ἄλλος
581 2575 743 2610 πεποίηκεν,
756 2576 846 2611 ἀμαρ-

52 2617 121 2645 τίαν
135 2617 185 2644 οὑκ
199 2615 282 2652 εἷχον.
301 2627 311 2644 ι
331 2618 399 2645 Τίνα
414 2619 443 2646 δὲ
466 2619 502 2646 τὰ
518 2619 605 2655 ἔργα;
621 2620 724 2656 Νεκροὶ
737 2622 845 2657 ἐγειρό-

55 2672 147 2700 μενοι.
161 2664 257 2698 τυφλοὶ
272 2664 496 2700 ὀμματοὺμενοι,
518 2666 670 2701 παράλυτοι
685 2667 845 2703 ἁρμοζόμε-

51 2718 111 2742 νοι,
128 2709 256 2745 δαίμονες
289 2711 478 2746 ἐλαυνόμενοι,
511 2712 624 2748 κύματα
659 2713 843 2749 πεζευόμενα,

53 2755 169 2782 ποικίλα
191 2756 265 2791 πάθη
295 2757 517 2794 φυγαδευόμενα.
536 2759 674 2786 Τοιούτων
692 2758 740 2787 οὖν
755 2759 845 2796 ἔργων

51 2801 182 2873 Quam;
190 2802 331 2838 γενόμενοι
342 2803 447 2837 θεαταὶ,
461 2804 542 2833 ποίαν
563 2805 684 2841 εὕρωσιν
695 2805 844 2842 ἀπολογίας

102 2855 116 2872 ν
130 2853 139 2873 :

102 2853 139 2878 νί

907 1566 1024 1593 animam
1039 1574 1125 1593 meam
1143 1566 1239 1594 mortis
1252 1566 1378 1600 excipere
1390 1566 1504 1601 laqueis,
1525 1573 1694 1602 consequen-

907 1618 947 1641 ter
964 1613 1045 1640 etiam
1062 1617 1089 1640 et
1107 1619 1155 1640 vos
1170 1612 1390 1640 insectabuntur.
1410 1611 1444 1638 Et
1459 1612 1481 1638 si
1512 1612 1594 1646 igitur
1618 1612 1698 1640 vobis

906 1658 982 1686 utilia
998 1657 1211 1694 praedicantibus
1225 1657 1369 1685 obstruent
1399 1664 1480 1684 aures
1503 1665 1579 1689 suas,
1606 1664 1695 1691 neqtte

901 1701 1028 1736 credent,
1049 1695 1183 1738 reputate,
1201 1710 1252 1731 nec
1283 1710 1372 1730 meum
1389 1703 1423 1730 ab
1456 1702 1521 1737 ipsis
1550 1708 1694 1737 acceptum

905 1749 989 1777 fuisse
1003 1756 1171 1777 sermonem.

944 1805 953 1822 ι
971 1795 1023 1823 Sed
1041 1795 1099 1823 haec
1115 1794 1206 1823 omnia
1229 1794 1330 1823 facient
1355 1794 1431 1822 vobis
1461 1798 1572 1829 propter
1594 1801 1693 1821 nomen

905 1849 1008 1875 meum,
1023 1850 1033 1867 ι
1050 1841 1114 1876 quia
1126 1841 1253 1869 nesciunt
1263 1848 1335 1872 eum,
1346 1841 1390 1875 qui
1405 1841 1480 1868 tuisit
1492 1848 1536 1868 me
1563 1849 1572 1866 ι
1584 1840 1641 1867 Νοιι
1662 1841 1688 1867 in

904 1896 957 1920 tne,
975 1888 1072 1922 inquit,
1087 1895 1180 1915 eorum
1201 1888 1294 1915 lluitur
1318 1888 1482 1922 igttorantia,
1508 1887 1555 1915 sed
1588 1891 1615 1914 et
1641 1886 1693 1914 Pa-

906 1939 973 1962 tretn
986 1934 1074 1969 ipsum
1091 1934 1227 1968 ignorant,
1244 1942 1257 1961 a
1273 1941 1328 1969 quo
1351 1941 1401 1969 ego
1425 1939 1453 1960 ut
1474 1934 1693 1961 consubstantia-

903 1979 939 2007 lis
961 1980 1061 2007 tnissus
1089 1987 1159 2006 sum.
1191 1979 1259 2007 lllud
1288 1985 1402 2007 autem:
1421 1990 1430 2006 ι
1459 1981 1573 2014 Propter
1589 1987 1686 2006 nomen

903 2033 1006 2058 meum,
1027 2035 1037 2052 ι
1055 2025 1115 2053 ideo
1133 2025 1246 2059 addidit,
1265 2026 1336 2061 quod
1361 2025 1451 2054 Patris
1471 2033 1569 2053 nomen
1586 2025 1692 2052 habitu-

903 2072 995 2099 dinem
1011 2072 1092 2099 habet
1107 2072 1140 2098 ad
1156 2071 1266 2099 Filium.
1283 2071 1377 2105 Neque
1388 2072 1459 2099 enim
1473 2072 1531 2099 sine
1548 2071 1617 2099 Filio
1638 2070 1691 2098 Pa-

903 2123 954 2151 ter,
969 2126 1056 2154 neque
1065 2118 1148 2154 382
1161 2119 1219 2147 sine
1232 2118 1311 2146 Patre
1327 2118 1411 2146 Filius
1425 2128 1433 2147 :
1451 2118 1583 2153 Quoniam
1597 2119 1690 2153 igitur,

902 2165 1004 2200 inquit,
1022 2165 1147 2201 ignorant
1171 2172 1268 2193 nomen
1295 2173 1396 2198 meum,
1418 2166 1488 2200 quod
1515 2165 1598 2193 Filius
1618 2173 1690 2200 sum,

863 2207 887 2237 ο
904 2217 991 2246 neque
1000 2209 1120 2241 Patrem.
1131 2210 1176 2245 qui
1192 2218 1236 2238 me
1249 2210 1331 2243 misit,
1345 2215 1457 2238 norunt.

938 2265 947 2282 ι
967 2256 995 2283 Si
1013 2264 1066 2284 non
1077 2258 1226 2289 venissem,
1241 2261 1269 2283 et
1281 2256 1388 2283 locutus
1406 2256 1517 2285 fuissem
1548 2257 1599 2290 eis,
1617 2265 1680 2291 pec-

898 2306 988 2330 catum
1004 2310 1056 2330 tton
1073 2302 1214 2330 haberent.
1237 2312 1246 2329 ι
1266 2301 1371 2335 Nullus,
1393 2303 1490 2338 inquit,
1513 2303 1613 2332 .lndtcis
1644 2311 1688 2331 re-

899 2350 980 2378 lictus
998 2355 1038 2377 est
1051 2351 1197 2378 excusandi
1216 2351 1303 2379 locus.
1320 2350 1417 2378 Omnia
1442 2351 1525 2381 enim.
1545 2358 1604 2385 quae
1635 2352 1687 2377 uli-

899 2397 947 2429 lia,
963 2404 1079 2432 quaeque
1090 2398 1274 2424 conducerent
1290 2398 1323 2424 ad
1340 2397 1468 2428 salutem.
1487 2397 1542 2424 illis
1561 2397 1688 2424 enuntia-

898 2443 935 2475 vi,
967 2443 1003 2470 ita
1027 2448 1056 2470 ut
1083 2443 1173 2470 omnis
1197 2443 1250 2470 illis
1265 2449 1330 2470 ansa
1355 2443 1466 2477 praecisa
1489 2444 1535 2471 sit.
1552 2443 1686 2476 Quoniam

898 2496 961 2516 vero
977 2488 1127 2516 Salvatoris
1139 2489 1262 2516 doctrina
1276 2489 1383 2515 caeteris
1406 2489 1531 2516 omnibus
1548 2490 1599 2516 hoc
1618 2497 1687 2524 prte-

898 2535 1001 2567 celluit,
1020 2536 1093 2570 quod
1107 2543 1137 2563 ea
1152 2543 1212 2571 quae
1224 2535 1316 2563 verbis
1333 2535 1438 2568 docuit,
1455 2535 1536 2564 factis
1552 2536 1685 2571 implevit,

898 2579 959 2607 ideo
974 2581 1088 2608 subdit:
1107 2590 1116 2606 ι
1137 2581 1166 2608 Si
1179 2588 1262 2615 opera
1277 2588 1330 2607 non
1350 2581 1474 2608 fecissem
1495 2581 1521 2608 in
1543 2581 1595 2614 eis,
1623 2590 1685 2616 quae

898 2631 978 2652 nemo
992 2625 1061 2652 alius
1073 2624 1148 2657 fecit,
1164 2629 1305 2660 peccatum
1325 2633 1377 2652 non
1408 2625 1550 2654 haberent.
1581 2636 1590 2653 ι
1620 2627 1685 2660 Quae

897 2679 964 2699 vero
980 2671 1078 2706 opera?
1095 2672 1192 2700 Mortui
1209 2673 1344 2704 suscitati,
1372 2673 1436 2701 caeci
1463 2673 1617 2707 illuminati,
1648 2675 1686 2703 lc-

897 2718 971 2752 prosi
984 2718 1117 2750 mundati,
1133 2719 1274 2755 paralytici
1286 2719 1461 2753 consolidati,
1478 2720 1566 2755 fugati
1584 2721 1684 2748 daemo-

898 2770 956 2795 nes,
982 2763 1081 2791 calcati
1100 2763 1208 2797 ﬂuctus,
1238 2766 1313 2793 varia
1334 2765 1490 2793 morborum
1511 2773 1609 2800 genera
1634 2768 1682 2794 de-

896 2809 985 2842 pulsa.
1002 2809 1068 2836 Cum
1082 2810 1166 2845 igitur
1181 2810 1274 2837 talium
1301 2818 1415 2846 operum
1439 2816 1606 2846 spectatores
1625 2812 1683 2838 fue-

898 2855 950 2882 rint
963 2855 1012 2891 ipsi
1027 2854 1124 2891 Iud-.ei',
1139 2864 1218 2892 quam
1234 2857 1419 2886 excusationis
1434 2858 1570 2892 reperient
1592 2858 1685 2885 viam?
