1867 3055
39 171 94 202 997

700 162 863 194 HOMILIA
896 162 990 195 LVII.

1616 158 1670 191 998

40 230 144 255 ϐάτων.
163 226 245 253 Ἀλλὰ
260 225 352 253 δοῦλον
368 225 449 252 αὐτὸν
462 224 580 256 ἀκούων,
598 222 681 259 μηδέν
693 231 719 249 τι
734 230 831 258 μικρο-

931 219 1026 253 adicit,
1056 218 1102 254 qui
1130 217 1246 246 animam
1275 224 1351 246 suam
1378 216 1468 252 posuit
1497 224 1546 252 pro
1575 218 1670 245 ovibus

37 273 134 307 ψύχως
149 271 313 306 θορυϐηθῇς,
337 270 375 301 ὡς
404 268 681 304 κατασμιχρυνούσης
707 268 736 294 τὸ
748 276 833 302 μεγα-

39 318 114 345 λεῖον
130 317 179 344 τοῦ
198 317 278 350 λόγου
294 316 343 351 τῆς
357 317 385 342 ὲν
397 316 430 350 τῇ
452 314 525 346 λέξει
542 314 699 349 ἐμφάσεως.
721 313 831 347 Ἐπειδὴ

39 362 99 398 γὰρ
110 362 217 398 μορφὴν
230 361 325 387 δούλου
345 359 472 393 ἀνέλαϐε,
487 360 521 394 τῇ
534 359 631 394 κλήσει
642 359 766 386 κοινωνεῖ
784 358 832 384 τοῦ

39 409 271 443 προσλήμματος.
289 406 334 442 Τῷ
348 406 406 432 ὄντι
420 406 475 441 γὰρ
505 405 650 432 ἐδούλευσε
675 405 769 440 σαρκὶ,
783 404 834 431 καὶ
854 407 857 410 ’

38 454 164 488 γονεῦσι,
184 455 233 481 καὶ
246 453 347 480 πάθεσι
360 453 418 484 τοῖς
435 452 592 486 ἡμετέροις,
604 451 648 478 διὰ
662 452 713 487 τὴν
729 451 833 486 ἡμετέ-

40 509 95 535 ραν
107 499 265 535 ἐλευθερίαν
283 500 331 526 καὶ
343 499 426 526 πᾶσιν
442 496 483 530 οἷς
499 498 602 525 σέσωκε
617 497 680 529 τοὺς
691 499 723 533 τῇ
741 497 833 532 ἁμαρ-

38 546 89 582 τίᾳ
100 547 191 581 ένισχυ
196 545 304 579 μένους.

83 688 93 704 ι
118 678 149 706 '0
166 677 302 713 μισθωτὸς
319 676 358 710 δὲ,
376 677 423 704 καὶ
436 676 487 703 οὐκ
513 676 551 703 ὢν
580 675 692 712 ποιμὴν,
724 673 755 703 οὗ
783 676 834 703 οὐκ

40 725 99 750 εἰσὶ
113 725 147 750 τὰ
164 723 290 759 πρόὂατα
308 723 373 754 ἴδια,
386 722 484 758 θεωρεῖ
496 722 542 749 τὸν
564 722 646 750 λύκον
676 723 833 758 ἐρχόμενον,

41 770 93 797 καὶ
110 769 208 804 ἀφίησι
224 768 258 795 τὰ
272 768 408 804 πρόὸατα,
438 768 487 796 καὶ
506 769 613 804 φεύγει.
631 778 641 796 ι
679 770 759 806 Παρὰ
795 771 834 806 τῷ
854 793 857 795 λ

41 815 120 850 νόμῳ
133 816 245 845 καὶτοῖς
261 815 417 850 προφήταις
431 815 445 841 ό
477 815 613 849 μισθωτὸς
644 815 833 851 διαϐέϐληται.

48 861 81 888 Ὀ
96 862 144 896 μὲν
156 861 212 896 γὰρ
223 861 306 896 νόμος
325 861 475 897 ἀπώμοτον
491 862 608 888 ποιεῖται
625 861 671 888 τὸν
698 862 834 897 μισθωτὸν

41 907 148 934 ἐσθίειν
164 907 241 941 ἅγια,
254 906 340 939 οὕτως
354 906 440 934 εἰπών
452 914 460 923 ³
484 916 494 933 ι
512 907 657 943 Πάροικος,
671 908 718 935 καὶ
733 908 835 942 μισθωα

41 954 92 985 τὸς
105 953 153 980 τοῦ
174 954 270 989 ἱερέως
290 954 340 980 οὒκ
368 954 458 981 ἔδεται
486 953 564 989 ἆγια.
586 964 595 981 ι
635 953 663 982 '0
690 956 779 990 μέγας
805 956 834 982 δὲ

43 999 162 1031 Ἡσαΐας
180 1000 208 1025 ὲν
220 999 339 1034 σχήματι
350 1000 419 1035 ἀρᾶς
431 1000 570 1036 προλέγων
582 1001 645 1036 περὶ
656 1001 710 1027 τῶν
725 1001 834 1037 συμϐη-

44 1045 171 1080 σομένων
185 1045 290 1072 Μωάὸ·
307 1055 316 1071 ι
356 1045 599 1081 Ἀτιμασθήσεται,
621 1047 715 1082 φησὶν,
734 1048 751 1083 ἡ
771 1048 835 1082 δόξα

43 1091 138 1118 Μωὰὸ
148 1092 177 1117 ὲν
191 1091 281 1126 τρισὶν
296 1091 370 1118 ἔτεσι
382 1091 550 1125 μισθωτοῦ.»
561 1092 611 1119 Διὰ
625 1092 650 1119 τί
662 1092 689 1119 δέ
707 1101 713 1126 ;
730 1093 771 1120 ὅτι
787 1093 835 1120 τοῦ

46 1137 189 1171 μισθωτοῦ
206 1138 236 1164 τὸ
251 1137 343 1172 ἔργον,
353 1137 403 1164 οὐκ
419 1138 451 1164 ὲκ
467 1138 627 1171 διαθέσεως,
647 1139 705 1166 ἀλλ’
719 1139 836 1167 ἐπίπλα-

45 1191 124 1211 στον.
136 1184 216 1210 Δοκεῖ
234 1182 280 1211 οὖν
296 1184 310 1210 ὁ
333 1184 436 1220 Κύριος
462 1184 506 1211 διὰ
533 1185 580 1212 τοῦ
600 1185 748 1220 μισθωτοῦ,
783 1187 837 1214 τῶν

43 1229 214 1264 Φαρισαίων,
235 1230 282 1256 καὶ
295 1227 487 1265 Γραμματέων
499 1230 701 1264 καθάπτεσθαι,
735 1231 761 1258 οἳ
788 1232 837 1267 τῆς

45 1275 127 1306 Θείας
143 1274 254 1310 ἐντολῆς
271 1275 512 1312 ἀποθρώσκοντες,
522 1277 570 1303 καὶ
582 1277 630 1308 τὰς
641 1277 726 1312 ἀρχὰς
740 1277 838 1310 ὠνίους

45 1321 248 1356 λαμϐάνοντες,
266 1322 363 1357 τρόπῳ
379 1322 537 1355 μισθωτῶν,
562 1323 663 1358 ἥκιστα
686 1323 741 1349 τῶν
772 1332 838 1361 προ-

46 1367 141 1395 ϐάτων
153 1368 296 1403 ἐκήδοντο,
311 1369 346 1396 τὰ
359 1368 407 1396 τοῦ
424 1368 492 1395 Θεοῦ
509 1368 722 1405 καπηλεύοντες.
751 1371 839 1407 Θορυ-

47 1414 94 1440 6εῖ
106 1413 153 1441 οὖν
169 1414 213 1441 διὰ
224 1415 326 1442 τούτων
341 1415 450 1448 αὐτοὺς,
465 1415 513 1442 καὶ
525 1416 573 1452 τῆς
600 1417 688 1452 ἀρχῆς
713 1417 839 1444 ἐκπεσεῖ-

48 1461 125 1496 σθαι,
140 1461 222 1488 οἱονεὶ
236 1464 429 1498 προαναφωνεῖ
444 1462 536 1498 ἡρέμα
549 1463 595 1489 καὶ
609 1463 659 1498 τῆς
669 1464 838 1499 προφητείας

47 1509 268 1544 ἀναμιμνήσκων
283 1508 391 1541 αὐτοὺς,
406 1508 423 1544 ἤ
443 1517 525 1543 φησιν
537 1517 543 1523 ·
555 1518 563 1534 ι
582 1509 649 1543 Οὐχὶ
667 1509 700 1535 τὰ
715 1509 840 1544 πρόϐατά

48 1563 104 1589 μου
119 1555 262 1589 βόσκουσιν
276 1555 300 1581 οἱ
317 1554 446 1590 ποιμένες
466 1554 515 1581 τοῦ
553 1554 672 1590 Ἰσραήλ.
713 1555 780 1582 Ἰδοὺ
809 1556 840 1582 τδ

46 1602 320 1636 γάλαικατεσθίετε,
350 1603 399 1630 καὶ
423 1602 458 1629 τὰ
481 1602 544 1638 έρια
562 1603 770 1638 περιὸἀλλεσθε,
795 1605 842 1631 καὶ

47 1648 82 1674 τὸ
110 1648 185 1683 παχὺ
216 1649 347 1682 σφάζετε,
381 1649 426 1676 καὶ
466 1650 500 1676 τὰ
541 1650 667 1685 πρόϐατά
703 1659 755 1686 μου
792 1652 842 1679 οὐκ

47 1692 191 1720 ὲὸόσκετε.
213 1702 223 1719 ›

90 1746 100 1763 ι
128 1738 157 1764 '0
173 1739 275 1774 ποιμὴν
294 1739 403 1771 nam;
427 1741 478 1776 τὴν
506 1741 595 1777 ψυχὴν
625 1742 710 1769 αὑτοῦ
737 1743 843 1779 τίθησιν

47 1782 123 1818 ὑπὲρ
138 1783 192 1810 τῶν
206 1784 364 1820 προϐάτων.
382 1795 392 1812 ι
410 1786 608 1821 Προαναφωνεῖ
627 1788 657 1813 τὸ
671 1787 768 1820 Πάοος,
796 1789 844 1814 καὶ

47 1829 240 1865 προκηρύττει
255 1831 300 1857 τὸν
315 1831 439 1859 ἑκούσιον
455 1832 579 1860 θάνατον,
594 1834 706 1865 Δεικνὺς
724 1834 842 1860 ὄτιοῦτω

49 1877 168 1911 στέργει
183 1876 218 1903 τὰ
235 1877 372 1912 πρόὸατα,
389 1878 460 1905 ὥστε
476 1878 525 1914 τὴν
541 1879 631 1914 ψυχὴν
648 1879 730 1907 αὑτοῦ
751 1880 843 1906 δίδωσι

48 1921 154 1956 λύτρον
168 1922 238 1957 ὑπὲρ
254 1923 357 1951 αὐτῶν.

92 1977 103 1994 ι
121 1969 177 1995 Καὶ
194 1969 323 2002 γινώσκω
347 1970 382 1997 τὰ
395 1971 460 2006 ἐμὰ,
480 1972 527 1999 καὶ
537 1973 708 2007 γινώσκομαι
723 1973 775 1999 ὑπὸ
789 1973 843 2000 τῶν

49 2014 142 2049 ὲμῶν.
162 2024 171 2040 ι
189 2015 226 2041 Οὐ
249 2016 379 2042 τοσοῦτον
401 2017 569 2050 γινώσκεται
597 2018 663 2052 παρ’
680 2018 843 2052 ἡμῶν,ὃσσν

48 2061 137 2092 αὐτὸς
155 2061 200 2087 τὸν
212 2062 324 2097 Πατέρα
337 2063 480 2095 γινώσκει,
493 2064 540 2091 καὶ
569 2064 615 2090 ὑπ’
629 2064 734 2090 ἐκείνου
760 2064 844 2098 γινώ-

50 2114 165 2138 σκεται,
181 2107 250 2134 ἀλλὰ
264 2108 366 2142 γνῶσιν
383 2109 500 2135 ἐνταῦθα
515 2109 565 2143 τὴν
580 2110 735 2144 οἰκειότητα
751 2109 842 2143 λέγει’

48 2151 150 2183 καθὼς
163 2153 221 2183 τοῖς
233 2152 347 2187 φαύλοις
362 2154 391 2180 έν
415 2154 509 2185 ἄλλοις
538 2155 622 2190 φησίν
638 2162 644 2170 ·
677 2165 687 2181 ι
705 2156 762 2182 Οὐκ
785 2154 844 2183 οἶδα

49 2199 130 2233 ὑμᾶς
147 2206 154 2213 ·
175 2207 184 2225 ι
200 2199 309 2230 πάντως
326 2199 416 2234 λέγων
433 2200 482 2235 τὴν
497 2201 602 2236 εἴδησιν
616 2209 623 2216 ·
641 2201 701 2233 πῶς
715 2203 768 2236 γὰρ
785 2203 842 2236 ὴγ-

47 2244 110 2270 νόει
126 2244 140 2270 ό
152 2244 200 2270 καὶ
216 2244 281 2279 πρὶν
293 2245 437 2278 γενέσεως,
448 2246 538 2272 πάντα
550 2235 627 2276 εἰδώς
639 2255 646 2278 ;
661 2247 715 2273 Καὶ
732 2235 785 2282 μὴν
796 2246 844 2273 καὶ
856 2235 883 2264 D

46 2290 82 2316 τὸ
99 2299 109 2314 ι
125 2288 191 2316 Οἶδά
208 2298 237 2316 σε
254 2292 330 2325 παρὰ
355 2291 463 2318 πάντων
481 2301 490 2317 ι
512 2292 657 2326 εἰρημένον
683 2292 720 2327 τῷ
751 2293 847 2319 Μωσεῖ

48 2335 126 2370 πρὸς
141 2335 219 2368 Θεὸν,
233 2335 305 2362 οὕτω
321 2337 547 2371 προσήκεινοεῖν.
563 2338 647 2368 Αὐτὸς
663 2337 712 2372 μὲν
724 2337 769 2364 οὖν
779 2339 846 2373 ἡμῖν

46 2379 184 2415 timeatqu
198 2381 242 2408 διὰ
263 2381 374 2417 σαρκὸς,
392 2382 474 2416 ἡμεῖς
500 2383 607 2417 sane
623 2382 657 2409 δι’
673 2383 778 2418 ἀρετῆς
806 2384 846 2409 οξ-

48 2426 218 2461 κειούμεθα.

93 2517 152 2543 Καὶ
165 2515 232 2543 ἄλλα
246 2517 372 2553 πρόϐατα
385 2517 450 2553 ἔχω,
465 2518 483 2545 ἃ.
495 2519 546 2545 οὐκ
559 2518 633 2546 ἔστιν
648 2519 680 2546 ὲκ
695 2519 745 2554 τῆς
759 2520 846 2556 αὐλῆς

92 2594 118 2609 ⁷³
138 2592 217 2620 Joan.
239 2601 266 2625 Χ,
286 2594 330 2621 15.

390 2594 414 2610 ⁷⁸
433 2593 521 2622 Levit.
552 2603 617 2628 uti,
642 2595 686 2622 10.

49 2630 78 2646 ⁷⁸
101 2629 192 2656 Exod.
211 2636 308 2662 xxxtn,
328 2628 372 2656 12.

743 2595 766 2611 ⁷⁵
787 2596 841 2624 lsa.
863 2604 926 2628 xu,
948 2596 991 2624 M.

882 267 939 294 suis
955 266 988 293 ".
1013 266 1066 293 Sed
1084 265 1196 292 audiens
1211 271 1334 296 servum,
1353 271 1387 291 ne
1398 263 1479 290 veluti
1504 263 1549 298 qui
1574 263 1671 297 pusillo

883 317 946 340 sunt
961 312 1052 339 animo
1069 310 1256 341 conturberis,
1274 310 1350 344 quasi
1367 315 1430 335 vero
1445 315 1476 335 ea
1492 315 1552 342 qua:
1568 309 1670 334 nomini

883 358 1047 394 signiﬁcatio
1074 359 1186 390 subest,
1212 357 1381 391 maiestatem
1417 356 1491 383 verbi
1520 355 1670 383 diminuat.

884 405 1019 438 Quoniam
1037 403 1108 431 enim
1123 404 1237 430 formam
1254 402 1325 429 servi
1343 402 1447 435 accepit
1463 400 1532 436 (11),
1551 409 1669 428 comnm-

883 459 944 478 nom
963 451 1015 478 sibi
1037 450 1100 478 fecit
1125 449 1331 485 appellationem
1351 457 1411 476 eam
1426 457 1488 483 qua:
1504 453 1545 476 est
1562 449 1670 483 propria

883 497 974 524 carnis
989 500 1144 530 assumptus.
1164 495 1204 522 Re
1225 495 1296 522 enim
1319 502 1382 522 vera
1407 494 1527 521 subdidit
1544 502 1573 522 se
1587 495 1672 526 carni,

884 547 911 570 et
937 543 1105 577 parentibus,
1130 548 1156 569 et
1184 541 1360 576 passionibus
1384 541 1495 573 nostris,
1520 544 1548 567 ut
1574 548 1622 567 nos
1647 540 1674 566 in

884 589 1041 616 libertatem
1060 591 1197 615 assereret
1215 596 1222 614 :
1241 592 1269 614 et
1282 586 1410 614 omnibus
1425 586 1458 613 iis
1475 586 1573 620 quibus
1586 584 1673 612 salvos

885 635 1003 663 reddidit
1021 629 1126 669 eos'qui
1144 634 1193 661 sub
1210 638 1319 669 peccato
1336 632 1541 660 detinebantur.

923 688 932 706 ι
952 679 1252 711 Mercenarius'autem,
1264 682 1291 705 et
1304 678 1349 712 qui
1363 685 1417 704 non
1429 682 1468 705 est
1481 681 1586 712 pastor,
1597 676 1677 711 cujus

886 732 939 753 non
955 730 1020 753 sunt
1043 733 1108 753 oves
1125 725 1252 759 propriae,
1268 724 1341 751 videt
1357 724 1449 757 lupum
1464 722 1629 756 venientem,
1648 725 1677 749 et

886 771 999 799 dimittit
1013 779 1089 803 oves,
1107 774 1134 798 et
1148 770 1228 805 fugit.
1247 779 1256 796 ι
1276 770 1309 797 Et
1323 771 1349 797 in
1364 770 1424 804 lege
1438 775 1466 797 et
1488 769 1514 796 in
1535 768 1677 804 prophetis

886 818 1071 845 mercenarius
1087 817 1158 844 male
1174 816 1269 849 audit;
1285 816 1327 843 lex
1340 816 1412 844 enim
1424 815 1525 850 excipit
1536 822 1677 842 mercena-

885 863 956 890 rium
972 862 1006 889 ab
1021 862 1056 889 iis
1070 861 1169 896 quibus
1186 861 1331 888 comedere
1344 864 1437 888 sancta
1456 859 1675 892 concedebatur;

888 908 929 936 sic
945 907 1017 935 enim
1033 907 1115 935 habet
1129 916 1136 934 :
1155 915 1165 933 ι
1183 906 1337 941 lnquilinus
1351 905 1511 937 sacerdotis.
1534 910 1561 933 et
1574 913 1676 932 tncrce—

889 953 982 980 narius
996 960 1050 980 non
1065 952 1190 980 comedet
1204 954 1301 979 sancta
1312 950 1346 978 "'.
1364 960 1373 977 ι
1392 950 1505 985 Magnus
1516 957 1580 977 vero
1594 950 1676 977 Isaias

889 998 1094 1033 imprecationis
1111 997 1195 1034 ﬁgura
1211 997 1366 1032 praedicens
1377 1004 1407 1024 ea
1423 1004 1484 1031 qute
1502 995 1579 1024 Moab
1594 1003 1678 1023 even-

889 1049 949 1072 tura
970 1050 1070 1073 erant:
1088 1053 1098 1070 ι
1115 1043 1337 1076 lalionorabitur,
1364 1043 1463 1077 inquit,
1489 1042 1574 1076 gloria
1599 1041 1678 1069 Moab

890 1090 917 1118 in
932 1090 1019 1118 tribus
1029 1090 1109 1118 annis
1123 1089 1285 1117 mercenarii
1297 1089 1330 1116 ".
1348 1097 1357 1114 ι
1372 1088 1441 1120 Quid
1454 1088 1523 1115 hoc?
1536 1087 1676 1119 nimirum.

891 1136 956 1172 quia
974 1135 1137 1163 mercenarii
1156 1142 1238 1170 opera
1253 1141 1307 1161 non
1324 1141 1356 1160 ex
1371 1133 1468 1160 aﬂ'ectu
1481 1132 1614 1167 profecta,
1628 1131 1678 1159 sed

890 1181 953 1208 ﬁcta
969 1185 1020 1208 est.
1036 1180 1150 1208 Videtur
1178 1179 1260 1214 igitur
1287 1179 1415 1206 Dominus
1439 1178 1598 1205 mercenarii
1628 1184 1678 1204 no-

891 1228 964 1255 mine
986 1227 1170 1262 perstringere
1191 1225 1354 1257 Pbarisaaos,
1382 1228 1409 1252 et
1426 1224 1554 1256 Scribas,
1568 1224 1639 1258 quod
1661 1230 1678 1251 ι

890 1274 991 1303 divinis
1015 1273 1158 1310 praeceptis
1185 1272 1386 1305 desciscentes,
1423 1275 1452 1299 et
1478 1270 1678 1306 dignitatibus,

892 1320 1123 1348 mercenariorum
1150 1325 1225 1346 more
1249 1318 1336 1352 pretio
1360 1316 1542 1352 comparatis,
1567 1316 1679 1343 minime

891 1365 1076 1401 procurabant
1092 1372 1217 1399 gregem,
1242 1368 1269 1390 et
1284 1370 1327 1390 res
1341 1362 1447 1390 divinas
1466 1362 1578 1397 quaestui
1593 1361 1679 1389 babe-

892 1413 969 1440 bant.
998 1411 1051 1439 Eos
1078 1411 1160 1446 igitur
1187 1409 1327 1438 confundit
1355 1409 1398 1436 bis
1423 1408 1524 1440 verbis,
1549 1412 1577 1435 et
1601 1406 1680 1443 quasi

892 1458 1056 1493 praenuntiat
1073 1456 1257 1484 deturbandos
1272 1455 1304 1482 de
1320 1454 1472 1489 principatu
1489 1460 1557 1486 suo;
1577 1453 1679 1481 sensim

892 1505 974 1532 etiam
991 1503 1161 1537 prophetiam
1185 1500 1294 1533 snbjicit
1320 1501 1382 1532 illis,
1408 1507 1468 1534 qua
1485 1500 1571 1527 dicit:
1590 1507 1600 1525 ι
1620 1498 1681 1526 Non

893 1554 1007 1584 pascunt
1022 1556 1086 1576 oves
1102 1555 1176 1575 meas
1192 1550 1320 1580 pastores
1338 1545 1432 1573 Israel.
1449 1545 1519 1572 Ecce
1533 1545 1574 1572 lac
1588 1551 1681 1571 come.

893 1597 968 1628 ditis,
982 1601 1009 1623 et
1024 1595 1093 1622 lanis
1111 1593 1268 1629 operimini,
1291 1597 1318 1619 et
1331 1592 1401 1626 quod
1416 1598 1538 1619 crassum
1553 1594 1594 1618 est
1608 1589 1684 1618 occi-

893 1641 968 1673 ditis,
984 1644 1010 1666 et
1026 1645 1091 1666 oves
1106 1645 1178 1665 meas
1195 1644 1248 1664 non
1267 1636 1378 1672 pascitis
1390 1636 1423 1663 ⁷⁸.
1439 1645 1449 1662 ι

931 1747 940 1763 ι
960 1738 1049 1764 Bonus
1065 1736 1163 1763 Pastor
1180 1734 1298 1761 animam
1323 1741 1400 1761 suam
1428 1733 1502 1767 ponit
1523 1739 1571 1767 pro
1587 1733 1684 1761 ovibus

894 1784 961 1812 suis.
977 1793 986 1809 ι
999 1782 1156 1809 Passiunem
1174 1781 1217 1807 hic
1232 1788 1308 1811 suam
1321 1779 1453 1814 praedicit,
1463 1783 1490 1806 et
1501 1779 1682 1806 voluntariam

894 1829 1058 1866 prienuntiat
1079 1831 1215 1859 mortem;
1238 1831 1265 1853 et
1284 1831 1424 1860 tantopere
1449 1832 1463 1852 a
1484 1832 1513 1852 se
1530 1825 1605 1860 diligi
1619 1833 1684 1853 oves

894 1874 1030 1907 Ostendit,
1057 1877 1088 1900 ut
1111 1871 1230 1899 animam
1253 1878 1330 1899 suam
1355 1870 1549 1905 redemptionis
1563 1870 1682 1905 pretium

895 1922 993 1948 tradat.

933 1983 942 1999 ι
959 1972 993 2000 Ει
1017 1977 1153 2006 cognosco
1182 1977 1248 1997 oves
1276 1975 1368 2000 meas,
1394 1971 1422 1994 et
1448 1969 1615 2001 cognoscunt
1640 1974 1683 1994 me

895 2026 972 2046 meae.
990 2027 999 2043 ι
1014 2017 1073 2044 Non
1087 2016 1124 2043 ita
1136 2014 1308 2050 cognoscitur
1322 2020 1337 2040 a
1352 2013 1430 2040 nobis
1444 2016 1473 2038 ut
1486 2012 1530 2039 ille
1544 2012 1684 2046 cognoscit

894 2065 1015 2096 Patrem,
1028 2066 1055 2091 et
1071 2062 1104 2090 ab
1118 2061 1163 2089 illo
1177 2060 1360 2095 cognoscitur,
1377 2059 1424 2086 sed
1439 2066 1486 2093 per
1500 2058 1685 2092 cognitionem

896 2110 947 2137 hoc
962 2108 1022 2135 loco
1044 2106 1256 2134 familiaritatem
1272 2105 1416 2140 quamdam
1431 2103 1574 2138 signiﬁcat.
1596 2103 1627 2130 Et
1644 2104 1694 2130 si—'

896 2155 949 2182 cuti
964 2153 1029 2181 alibi
1041 2153 1108 2180 dicit
1122 2152 1252 2186 improbis
1266 2159 1272 2178 :
1287 2150 1369 2186 39o
1386 2159 1395 2176 ι
1412 2150 1469 2177 Non
1492 2149 1551 2176 novi
1567 2156 1614 2176 vos
1624 2149 1658 2183 ",
1672 2158 1683 2176 ι

897 2209 949 2228 non
966 2206 1154 2235 quamcunque
1165 2197 1347 2232 cognitionem
1362 2196 1525 2229 intelligens.
1541 2195 1685 2228 Quomodo

897 2247 970 2274 enim
997 2252 1050 2272 non
1074 2248 1230 2278 cognoseat,
1256 2243 1301 2278 qui
1327 2242 1416 2270 omnia
1442 2242 1517 2269 novit
1539 2247 1684 2275 antequam

898 2291 993 2319 ﬁeret?
1006 2291 1076 2325 Quin
1089 2290 1170 2318 etiam
1186 2289 1250 2317 illud
1264 2288 1347 2325 Moysi
1359 2288 1460 2315 dictum
1474 2295 1487 2314 a
1497 2287 1561 2314 ’Deo
1574 2296 1581 2315 τ
1600 2296 1609 2313 ι
1626 2287 1688 2314 Pra>

897 2337 1024 2364 omnibus
1039 2337 1102 2363 novi
1117 2340 1142 2362 te
1155 2335 1210 2371 (12)
1223 2335 1258 2367 ⁷⁸,
1275 2344 1284 2361 ι
1305 2335 1378 2362 hunc
1402 2334 1482 2361 habet
1504 2334 1585 2360 etiam
1608 2332 1684 2360 intel-

897 2383 1010 2410 lectum.
1032 2382 1094 2417 Ipse
1117 2382 1201 2417 igitur
1225 2380 1304 2408 nobis
1326 2387 1374 2415 per
1393 2386 1503 2406 carnem
1521 2378 1687 2405 domesticus

899 2430 986 2456 iactus
1000 2433 1052 2460 est,
1069 2435 1117 2455 nos
1130 2433 1195 2455 vero
1213 2433 1275 2454 cum
1290 2426 1336 2453 illo
1355 2432 1404 2460 per
1417 2425 1545 2452 virtutem
1566 2423 1685 2451 familia-

899 2475 977 2502 ritate
992 2474 1191 2509 conjungimur.

939 2530 949 2546 ι
965 2521 1040 2548 Alias
1052 2528 1118 2548 oves
1135 2519 1234 2552 habeo,
1249 2526 1310 2555 quae
1324 2526 1378 2547 non
1395 2521 1503 2546 suntex
1522 2517 1572 2545 hoc
1586 2516 1659 2544 ovili.
1672 2526 1686 2544 ι

1045 2595 1068 2612 ⁷⁸
1087 2595 1186 2623 Ezecb.
1208 2602 1302 2628 unv,
1316 2594 1345 2623 5.
1394 2593 1417 2610 ’⁷
1434 2593 1502 2622 Luc.
1522 2601 1582 2627 xm,
1604 2592 1651 2620 25.

677 2676 838 2708 Francisci
853 2677 956 2708 Scorsi
972 2681 1067 2709 noun.

94 2735 151 2772 (11)
168 2736 292 2764 Formam
305 2738 371 2765 servi
386 2738 493 2771 accepit.
513 2738 638 2765 Eamdem
662 2746 717 2765 rem
738 2739 847 2772 exponit

51 2771 103 2798 hic
123 2771 201 2798 Pater
213 2772 286 2799 hom.
304 2773 348 2804 15,
360 2774 392 2798 ad
408 2781 489 2806 quam
503 2773 590 2799 recole
609 2779 662 2799 not.
692 2774 739 2800 25.

93 2807 152 2840 (l2)
172 2807 234 2833 Prw
262 2808 380 2834 omnibus
396 2809 453 2833 novi
466 2813 501 2834 te.
533 2808 581 2834 llic
597 2807 671 2835 locus
687 2810 731 2842 qui
746 2809 847 2835 citatnr

50 2846 84 2867 ct
112 2843 265 2875 explicatur
293 2850 307 2868 a
334 2841 509 2876 Theophane,
534 2847 576 2869 est
603 2850 634 2869 ex
652 2841 844 2870 tiraéc.trausl.

57 2876 137 2905 LXX
155 2878 267 2911 interpr.
285 2877 368 2904 Exodi
383 2885 441 2907 can.
458 2885 551 2909 xxxtn,
566 2885 590 2904 ν.
610 2878 650 2909 12,
663 2882 688 2904 ct
704 2878 735 2905 17
752 2879 806 2905 εΣὺ
818 2878 845 2904 δέ

902 2747 950 2774 μοιΔ
961 2737 1052 2774 εἶπας·
1063 2737 1129 2766 Οἶδά
1139 2747 1167 2765 σε
1180 2738 1255 2773 παρὰ
1264 2737 1438 2774 πάνταςικαὶ
1447 2736 1527 2772 χάριν
1539 2737 1610 2771 ἔχεις
1620 2737 1686 2771 παρ’

900 2771 1038 2808 ἐμοί-’Τιι
1063 2780 1148 2800 autem
1161 2771 1253 2800 dixiin
1266 2774 1328 2799 mihi
1342 2772 1427 2808 :VScia
1446 2771 1469 2798 te
1490 2780 1546 2806 pne
1556 2773 1685 2802 omnibus,

900 2807 923 2835 ei
936 2809 1047 2844 gratiam
1058 2809 1136 2835 habe:
1152 2811 1221 2842 apud
1235 2816 1284 2835 me.
1297 2808 1329 2834 Et
1346 2807 1443 2844 i_b_idem
1461 2808 1533 2844 intra
1545 2811 1686 2844 repetitur.

902 2842 1049 2871 ln'nostra
1076 2850 1165 2870 autem
1199 2845 1323 2870 versione
1353 2842 1431 2876 Vulg.
1464 2842 1607 2876 utrubique
1621 2846 1686 2869 est:

904 2878 972 2905 Novi
985 2885 1007 2906 te
1018 2887 1049 2906 ex
1062 2880 1175 2906 nomine.
1194 2878 1230 2906 Dc
1252 2886 1306 2911 quo
1324 2878 1385 2906 vide
1400 2878 1560 2908 interntetes
