1867 3055
37 124 105 156 1049

715 119 882 151 ῙΙΟΜΠᾸΑ
901 123 961 154 LX.

1583 116 1655 149 1050

7 182 10 185 ’
37 181 199 217 ἐναρμόνιον.
223 181 303 208 Ἀλλὰ
320 180 345 207 τί
360 179 455 213 πάθως
480 178 550 214 Ἐγὼ
570 178 622 214 μὴν
639 178 743 214 κινήσω
763 177 813 212 τὴν

914 186 992 208 ιειιιιιι
1010 180 1119 208 chordis
1139 180 1361 211 instrumentum,
1384 180 1411 205 et
1424 176 1456 204 ad
1476 168 1584 203 suavem
1601 175 1653 202 ali-

35 227 152 260 γλῶτταν
169 228 283 264 ταύτην,
295 228 344 263 τὴν
362 226 483 262 ἁγλευκῆ
498 234 526 252 τε
546 226 594 252 καὶ
607 225 738 258 ἄμουσον,
752 224 768 258 ἡ
784 224 813 250 δὲ

4 289 6 292 ‹
36 273 85 300 τοῦ
98 273 179 308 Λόγου
196 275 287 308 μήτηρ
304 272 433 309 ρυθμίσει
451 271 497 298 τὸν
512 271 592 305 λόγον
614 271 679 306 πρὸς
697 270 745 305 τὴν
759 269 813 296 τῶν

4 326 6 339 ῖ
34 319 181 347 ἀκουόντων
194 319 339 355 ὠφέλειαν.

73 452 115 487 Τῷ
128 452 212 487 καιρῷ
233 451 331 487 ἐκείνῳ
349 461 358 478 ι
373 450 529 485 Εἱσῆλθενὸ
543 449 648 485 Ἰησοῦς
663 450 702 481 εἷς
717 448 814 484 κώμην

31 499 94 526 τινὰ
103 507 109 515 ’
120 498 182 535 γυνὴ
190 499 217 525 δὲ
231 507 272 531 τις
286 498 398 529 ὀνόματι
409 497 510 533 Μάρθα
524 495 671 529 ὑπεδέξατο
683 496 764 522 αὑτὸν
775 497 814 527 είς

31 547 81 572 τὶν
93 544 160 573 οἶκον
175 546 268 581 αὐτῆς.
286 556 295 572 ι
314 545 411 572 Ἢνικα
426 545 475 580 τὴν
490 543 647 580 ὑπὲρήμῶν
658 543 814 577 οίκονομίαν

31 591 148 627 ἐπλήρου
164 593 177 618 δ
191 591 225 618 δι’
238 592 311 626 ἡμᾶς
327 591 426 621 ὑποδὺς
441 590 470 616 τὺ
484 590 631 625 ἡμέτερον,
648 590 703 616 τετο
717 589 763 616 καὶ
775 589 813 620 είς

32 637 175 672 Βηθανίαν,
192 638 241 672 τῆς
257 637 353 664 ἑαυτοῦ
366 637 444 671 δόξης
463 635 615 671 πληρώσων
626 636 711 670 αὐτήν
724 643 730 650 ·
744 635 813 669 αὕτη

31 682 90 718 γὰρ
110 684 125 718 ή
145 683 224 718 κώμη
241 683 326 715 ἐστὶν,
352 680 386 718 ἦς
407 683 457 713 τὴν
484 682 580 716 κλῆσιν
602 681 779 716 παρέδραμεν
800 681 814 707 ό

31 730 226 765 εὐαγγελιστὴς
234 731 306 764 ἁμνη
312 729 451 764 μόνευτον,
466 727 662 760 ὲξεταστικωτέ
667 735 731 762 ρους
741 727 815 761 ἡμᾶς

31 777 144 811 ποιῆσαι
159 776 329 811 βουλόμενος.
355 775 464 809 Ἐπειδὴ
481 774 535 810 γὰρ
549 773 669 809 Βηθανία
684 770 758 804 οἶκος
772 772 815 799 δύο

29 824 84 857 ξης
98 822 286 858 ἑρμηνεύεται,
306 821 360 848 ἔδει
376 822 423 848 καὶ
438 821 523 855 αὐτὴν
541 820 590 846 οὒκ
608 819 722 854 ἄμοιρον
737 819 814 853 γενέ-

29 868 96 895 σθαι
107 869 152 903 τῆς
167 868 243 899 θείας
252 868 341 903 δόξης.
355 867 412 902 Τῆς
426 867 454 893 δὲ
473 866 527 894 τῶν
542 866 693 902 ἀνθρώπων
706 866 813 900 φύσεως

28 914 76 946 είς
87 915 130 941 δύο
147 914 210 950 γένη
232 914 413 950 διῃρημένης,
431 914 470 945 είς
485 913 569 949 ἇρῤεν
586 913 657 947 λέγω
672 913 717 940 καὶ
734 912 812 946 θῆλυ,

28 960 126 995 ἐπειδὴ
139 961 167 986 ὲν
180 958 290 994 Χριστῷ
309 958 395 994 Ίησοῦ
409 959 459 985 οὐκ
472 958 546 985 ἐστιν
565 958 649 994 ᾶρρεν
667 957 715 984 καὶ
732 958 813 992 θῆλυ,

27 1006 104 1032 κατὰ
119 1006 162 1032 τὸν
181 1005 355 1038 Ἀπόστολον,
370 1005 416 1031 διά
433 1005 513 1031 τοῦτο
534 1004 595 1031 οὐδὲ
612 1005 642 1030 τὸ
657 1005 815 1038 γυναικεῖον

28 1051 118 1085 φῦλον
144 1051 195 1084 ἔξω
211 1051 261 1086 τῆς
284 1051 423 1086 σωτηρίας
440 1050 689 1085 καταλιμπάνεται.
715 1050 815 1084 Ἄμφω

28 1097 99 1130 γὰρ.
116 1095 160 1123 καὶ
176 1097 243 1131 γυνὴ
256 1097 304 1123 καὶ
318 1097 400 1131 ἀνὴρ,
415 1097 465 1132 τῆς
479 1095 589 1132 ἐντολῆς
606 1094 814 1123 ὲκπεπτώκασι.

27 1142 190 1177 Ξεναγεῖται
211 1142 358 1178 τοιγαροῦν
380 1143 433 1170 ὑπὸ
458 1143 573 1177 Μάρθας
595 1144 609 1170 ὁ
626 1142 738 1178 Κύριος,
754 1143 816 1178 ἥτις

27 1189 80 1216 τοῦ
95 1188 218 1224 Λαζάρου
237 1188 404 1223 γνωρίζεται
427 1187 569 1223 σύναιμος.
591 1187 661 1214 Ἀλλ’
677 1187 745 1222 αὕτη
767 1187 816 1223 μὲν

28 1236 199 1271 σωματικῶς
227 1237 398 1271 ἐπειγομένη
422 1236 591 1271 θεραπεῦσαι
629 1235 675 1262 τὸν
702 1235 814 1270 Κύριον,

29 1292 41 1309 ι
61 1283 241 1318 Περιεσπᾶτο,
253 1283 330 1318 φησὶ,
342 1282 405 1317 περὶ
419 1282 519 1316 πολλὴν
534 1280 687 1308 διακονίαν·
701 1291 710 1307 ι
729 1281 745 1315 ἡ
758 1281 818 1318 σύν-

26 1315 114 1364 αιμος
129 1328 167 1361 δὲ,
185 1329 232 1355 ἆτε
247 1315 290 1363 τῷ.
311 1329 362 1361 τῆς
381 1315 560 1360 διδασκαλίας
578 1327 721 1362 ἀγκίστρῳ
737 1315 816 1362 ἐξηρ-

28 1376 151 1412 τημένη,
167 1376 214 1402 καὶ
232 1375 279 1402 τοῦ
294 1375 368 1402 θείου
384 1375 466 1408 λόγου
481 1375 623 1409 κατάκρας
640 1373 753 1406 ἁλοῦσα,
770 1373 818 1400 καὶ

26 1423 64 1448 στδ
78 1420 162 1454 γλυκὺ
175 1421 250 1456 βέλος
258 1421 306 1453 τῆς
315 1420 420 1447 ἐκείνου
434 1420 542 1455 ἀγάπης
554 1419 701 1454 δεδεγμένη
713 1420 817 1455 ἐγκάρ-

26 1467 101 1497 διον,
127 1466 174 1492 καὶ
194 1465 241 1492 τοῦ
258 1465 328 1500 ὑπὲρ
347 1465 427 1500 ἡμῶν
444 1464 643 1495 έκκενωθέντος
661 1464 749 1500 μύρου
768 1465 818 1500 τῆς

27 1513 112 1544 θείας
124 1512 275 1559 αἰσθομένη
288 1511 387 1547 ὀσμῆς,
403 1511 449 1546 ὅλη
467 1511 516 1545 τῆς
531 1511 687 1546 ἀκροάσεως
702 1511 817 1545 γίνεται,
834 1529 855 1559 c

29 1559 178 1595 μονονουχὶ
188 1558 223 1585 τὰ
235 1558 282 1585 τοῦ
295 1558 434 1594 ’ᾼσματος
448 1557 566 1590 λέγουσι
576 1566 582 1572 -
597 1557 657 1588 «Εἰς
668 1557 756 1592 ὀσμὴν
766 1557 819 1592 μύ-

28 1615 84 1642 ρου
111 1614 158 1632 σου
180 1605 308 1641 ἔδραμον,
326 1604 367 1631 ὅτι
391 1603 550 1638 τετρωμένη
567 1603 616 1638 τῆς
638 1603 687 1638 σῆς
709 1603 820 1638 ἀγάπης

25 1653 105 1688 εἰμί.
119 1662 129 1678 ι
147 1652 264 1686 Ἔμελλε
281 1652 309 1678 δὲ
321 1651 368 1677 καὶ
391 1650 461 1685 αὕτη
485 1650 583 1685 μικρὸν
598 1649 711 1685 ὕστερον
734 1649 821 1684 μύρον

26 1700 111 1736 αὑτῷ
125 1699 285 1735 προσάγειν,
304 1699 436 1733 πρότερον
451 1697 499 1732 μὲν
517 1696 703 1731 τυπικώτερον
713 1716 720 1728 ,
741 1695 821 1722 ὕστε-

27 1756 81 1783 ρον
96 1747 126 1773 δὲ
141 1746 189 1773 καὶ
210 1746 309 1780 ἑαυτὴν
325 1745 389 1778 ὅλην
406 1743 537 1779 ἀναθῆναι
562 1743 632 1779 Θεῷ.
656 1743 822 1776 Βουλόμενος

24 1792 61 1819 δὲ
78 1793 93 1819 δ
110 1791 190 1825 λόγος
205 1791 235 1817 τὸ
259 1790 320 1825 περῖ
343 1790 393 1824 τῆς
409 1787 587 1820 διῖασκαλίας
607 1789 694 1824 αὐτῆς
711 1788 823 1815 ἁδίστα-

24 1847 100 1866 κτον
125 1837 275 1870 ὑποδεῖξαι,
294 1836 531 1872 παρακαθημένην
555 1835 641 1870 αὐτὴν
666 1834 704 1871 τῷ
728 1834 824 1871 Κυρίῳ

23 1885 195 1920 παρέστησε
208 1892 215 1900 ·
230 1884 298 1919 φησὶ
314 1884 366 1919 γάρ
382 1891 389 1899 ·

73 1982 83 1999 ι
103 1971 161 1999 Καὶ
184 1971 249 2007 τῇδε
271 1968 305 2006 ἦν
329 1970 432 2006 ἀδελφὴ
455 1969 610 2004 καλουμένη
635 1965 740 2004 Μαρία,
764 1968 825 2004 ἥτις

25 2018 255 2055 παρακαθίσασα
271 2017 347 2052 παρὰ
370 2017 432 2048 τοὺς
456 2016 539 2047 πόδας
553 2015 600 2042 τοῦ
624 2015 723 2049 Ἰησοῦ,
742 2015 825 2049 ἤκουε

23 2066 79 2091 τὸν
102 2064 184 2097 λόγον
214 2062 309 2090 αὐτοῦ.
323 2071 333 2089 ι
353 2061 390 2088 Th
407 2061 505 2095 πάγιον
525 2062 607 2087 οἱονεὶ
623 2061 763 2096 σημαίνων
778 2061 826 2087 καὶ

24 2112 170 2138 ἄσειστον
183 2117 191 2126 ·
205 2108 374 2144 λαμϐάνεται
387 2107 440 2142 γὰρ
453 2107 481 2134 ὲν
496 2108 528 2141 τῇ
546 2107 606 2142 θετᾳ
621 2106 716 2142 Γραφῇ
737 2106 767 2132 τδ
778 2106 826 2140 τῆς

24 2155 178 2190 καθέδρας
196 2155 282 2189 δνομα
296 2153 499 2192 παραστατικὸν
513 2153 563 2187 τῆς
579 2153 607 2178 ὲν
626 2152 665 2187 τῷ
683 2152 827 2187 πράγματι

868 236 947 263 quam
963 229 1179 262 concinnamque
1193 226 1356 253 cantilenam
1372 222 1579 251 emodulandam
1597 221 1649 248 im-

866 274 992 309 pellatur.
1006 273 1058 301 Sed
1072 273 1133 307 quid
1147 279 1196 305 ego
1209 271 1251 298 hic
1264 269 1381 297 faciant?
1393 268 1520 303 Equidem
1534 267 1650 301 linguam

866 320 936 346 hanc
952 319 1090 346 insuavem
1107 319 1278 352 ineptamqne
1303 316 1433 347 movebo;
1455 319 1580 341 caeterum
1592 320 1651 340 ser-

866 372 973 391 tnonem
988 364 1022 391 ad
1039 363 1203 391 audientium
1221 361 1364 389 utilitatem
1378 359 1459 388 Verbi
1477 359 1561 387 Mater
1577 366 1652 387 emo-

865 411 1011 438 dulabitur.

902 456 930 483 ln
948 456 992 484 illo
1005 461 1128 488 tempore
1147 454 1314 489 «ingressus
1337 456 1379 480 est
1402 451 1480 479 Jesns
1506 451 1533 478 in
1563 450 1650 485 quod-

866 502 926 529 dam
941 501 1101 534 castellnm;
1116 505 1142 527 et
1159 500 1256 527 mulier
1272 499 1394 533 quaedam
1419 497 1522 524 Martha
1543 496 1653 524 nomine

865 545 971 580 excepit
984 553 1044 572 cum
1062 546 1087 572 in
1105 545 1211 572 domum
1235 551 1312 571 suam
1333 543 1366 569 ⁸⁷.
1384 552 1392 567 ι
1412 541 1469 575 Quo
1485 545 1605 576 tempore
1620 547 1651 567 ea

865 599 925 627 qute
947 592 978 618 ad
1005 591 1119 618 Salutem
1143 595 1262 617 nostram
1283 592 1361 615 erant
1380 587 1509 622 disposita
1531 586 1586 618 ille,
1606 585 1650 619 qui

866 643 974 672 propter
998 644 1062 669 nos,
1085 636 1156 670 quod
1178 639 1299 662 nostrum
1326 633 1531 667 exsequebatur,
1555 630 1654 657 Betha-

866 683 937 710 niam
951 683 1033 710 etiam
1052 682 1144 710 adibat
1157 686 1186 708 ut
1204 688 1251 709 sua
1267 688 1326 708 eam
1343 680 1426 714 gloria
1445 677 1586 712 impleret;
1602 677 1652 703 hoc

865 729 1001 763 siquidem
1018 729 1081 756 illud
1100 728 1240 755 castellum
1257 731 1299 754 est
1313 725 1390 761 cujus
1407 732 1503 752 nomen
1520 723 1652 750 indictum

867 775 1037 810 Evangelista
1049 774 1193 809 prmteriit;
1215 778 1245 799 ut
1260 779 1309 800 nos
1327 773 1358 798 ad
1375 769 1588 804 investigandum
1606 775 1652 795 so-

867 822 991 849 lertiores
1008 821 1135 848 ellls'eret.
1154 819 1285 854 Quoniam
1301 818 1372 845 enim
1389 816 1545 844 Bethaniam
1562 813 1654 848 gloria:

867 869 971 895 domum
987 868 1042 904 (76)
1060 868 1278 901 interpretamur,
1296 871 1382 899 neque
1407 870 1465 890 eam
1483 861 1579 888 divina:
1594 859 1653 894 glo—

869 915 914 941 rim
937 919 1073 945 expertem
1098 919 1158 939 esse
1183 911 1336 944 oportebat.
1361 909 1428 937 Cum
1453 915 1517 935 vero
1540 907 1566 934 in
1586 906 1654 933 duos

868 967 950 987 scxns
967 959 1083 986 hominis
1099 959 1135 985 sit
1149 958 1233 984 divisa
1249 961 1355 988 natura,
1368 956 1393 982 in
1407 961 1520 985 marem,
1531 953 1653 986 inquam,

869 1010 897 1033 et
915 1005 1062 1038 feminam;
1082 1004 1209 1039 quoniam
1233 1003 1259 1029 in
1286 1001 1395 1029 Christo
1414 1000 1476 1028 Jcsu
1494 1006 1580 1032 neque
1595 1004 1654 1024 mas

868 1055 906 1078 est
924 1051 979 1086 (77)
997 1057 1085 1085 neque
1098 1049 1212 1082 femina,
1223 1053 1253 1074 ut
1269 1047 1414 1082 Apostolus
1430 1046 1465 1072 ait
1479 1045 1513 1077 ⁸³,
1530 1045 1591 1071 ideo
1609 1052 1656 1071 ne-

869 1105 922 1133 que
941 1096 1085 1124 femineum
1102 1102 1188 1130 genus
1201 1093 1354 1121 excluditur
1367 1099 1382 1118 a
1400 1091 1499 1118 salute.
1515 1090 1600 1116 Ambo
1617 1089 1657 1116 si-

870 1143 992 1178 quidem,
1004 1142 1044 1169 vir
1058 1146 1083 1169 et
1094 1140 1200 1172 mulier,
1218 1143 1381 1174 praeceptum
1401 1135 1567 1172 przevaricati
1581 1139 1655 1161 sunt.

871 1189 956 1224 Igitur
971 1187 1091 1221 hospitio
1106 1186 1241 1217 excipitur
1265 1183 1394 1211 Dominus
1419 1190 1434 1209 a
1457 1182 1570 1213 Martha,
1597 1187 1657 1215 quae

869 1235 976 1270 quidem
989 1233 1083 1260 Lazari
1094 1239 1171 1259 soror
1185 1238 1244 1258 esse
1255 1230 1417 1257 declaratur.
1429 1227 1525 1255 Verum
1540 1234 1582 1259 ea,
1595 1233 1656 1253 cum

870 1281 896 1308 in
916 1281 997 1308 rebus
1017 1280 1049 1306 ad
1076 1285 1175 1313 corpus
1196 1275 1377 1312 spectantibus
1395 1273 1519 1302 famulari
1543 1272 1658 1299 Domino

870 1327 1027 1358 festinaret,
1043 1334 1053 1351 ι
1069 1324 1218 1359 satagebat,
1243 1322 1338 1356 inquit,
1363 1321 1434 1348 circa
1458 1320 1584 1352 frequens
1608 1317 1658 1344 mi-

871 1373 1030 1405 nisterium;
1057 1379 1068 1397 ι
1086 1378 1164 1398 soror
1188 1377 1263 1401 vero.
1277 1373 1306 1395 ut
1321 1374 1379 1401 quae
1393 1367 1426 1393 ab
1439 1367 1518 1392 hamo
1530 1364 1658 1391 doctrinae

872 1420 1013 1454 penderet,
1033 1421 1059 1444 et
1072 1417 1163 1443 divino
1180 1422 1305 1443 sermone
1323 1413 1429 1448 penitus
1444 1415 1521 1445 capta
1534 1413 1616 1441 esset,
1632 1413 1660 1435 et

872 1466 949 1493 dulce
971 1463 1113 1492 charitatis
1130 1462 1214 1498 ipsius
1239 1462 1264 1488 in
1289 1459 1378 1488 medio
1402 1463 1509 1492 pectore
1527 1455 1659 1490 spiculum

872 1511 1035 1546 excepisset,
1060 1514 1087 1537 ct
1110 1507 1239 1544 unguenti
1264 1506 1335 1533 illius
1359 1512 1407 1539 pro
1424 1504 1501 1531 nobis
1528 1501 1660 1529 exinaniti

871 1558 992 1585 divinum
1015 1555 1129 1583 sentiret
1145 1554 1266 1585 odorem,
1283 1553 1308 1579 in
1327 1550 1503 1578 auscultando
1521 1555 1575 1577 tota
1591 1555 1660 1581 erat.

871 1603 951 1630 modo
981 1609 1033 1629 non
1058 1601 1122 1628 illud
1144 1599 1250 1626 Cantici
1276 1604 1410 1631 usurpans
1433 1604 1441 1623 :
1462 1605 1471 1622 ι
1493 1595 1522 1622 ln
1549 1595 1660 1622 odorem

872 1647 1001 1682 unguenti
1029 1646 1066 1673 lui
1089 1645 1216 1678 cucurri;
1250 1643 1376 1679 quoniam
1405 1642 1496 1669 saucia
1517 1649 1576 1668 sum
1594 1641 1661 1668 cha-

873 1694 953 1720 ritate
976 1697 1019 1719 tua
1036 1692 1069 1719 δ’.
1086 1701 1095 1718 ι
1122 1691 1156 1718 Et
1177 1698 1241 1718 sane
1262 1690 1320 1724 ipsa
1340 1690 1419 1716 etiam
1437 1687 1513 1722 paulo
1527 1691 1589 1722 post
1603 1680 1663 1713 erat

874 1745 1041 1772 unguentum
1071 1738 1109 1765 illi
1138 1737 1261 1764 oblatura
1285 1744 1292 1762 :
1320 1740 1347 1763 et
1369 1735 1443 1770 prius
1468 1734 1574 1768 quidem
1598 1731 1662 1759 illud

875 1785 1004 1820 typicum,
1018 1788 1078 1818 post
1092 1784 1172 1810 etiam
1185 1786 1271 1815 semet
1284 1786 1366 1809 totam
1379 1780 1492 1807 Domino
1503 1784 1664 1805 consecrare

874 1830 1000 1857 debebat.
1027 1829 1094 1857 Cum
1111 1833 1201 1856 autem
1220 1827 1376 1855 firmitatem
1395 1825 1492 1853 mentis
1511 1823 1570 1859 ejus
1589 1823 1662 1850 circa

874 1875 1024 1903 doctrinam
1047 1872 1204 1910 significare
1226 1872 1305 1900 Vellet
1333 1871 1523 1906 Evangelista,
1550 1869 1664 1896 Domino

874 1929 934 1949 eam
952 1921 1114 1948 assidentem
1129 1918 1269 1951 exhibuit;
1286 1917 1323 1944 ait
1337 1917 1408 1945 enim
1422 1926 1429 1944 :

914 1975 923 1992 ‹
942 1966 972 1993 Et
995 1965 1058 1993 huic
1081 1969 1140 1992 erat
1161 1971 1238 1991 soror
1255 1962 1363 1990 nomine
1386 1962 1481 1995 Maria,
1499 1969 1558 1997 quae
1583 1960 1664 1986 etiam

876 2014 972 2042 sedens
996 2020 1074 2040 secus
1099 2011 1181 2048 [1,ιά
1207 2009 1289 2045 pedes
1315 2007 1378 2036 Jcsu
1405 2009 1531 2035 audiebat
1552 2006 1665 2034 verbum

878 2059 961 2086 lllins.
987 2067 996 2083 ι
1018 2057 1224 2085 Firmitudinem
1242 2054 1346 2082 scilicet
1368 2053 1604 2087 constantiamque
1628 2050 1666 2079 si-

878 2113 974 2141 gnans.
998 2104 1025 2131 In
1049 2103 1134 2130 sacris
1153 2103 1225 2131 enim
1251 2101 1361 2129 Litteris
1377 2099 1511 2126 stabilitas
1533 2099 1560 2125 in
1577 2098 1667 2132 aliquo

880 2152 987 2186 negotio
1005 2151 1061 2185 (78)
1077 2150 1149 2178 sedis
1162 2150 1270 2177 nomine
1287 2147 1435 2175 indicatur.
1451 2145 1517 2172 Nam
1532 2150 1559 2172 et
1575 2144 1668 2171 Domi-

26 2201 235 2238 μονιμότητος.
253 2200 290 2226 Τὸ
301 2190 356 2235 γὰρ
368 2199 415 2226 καὶ
435 2198 516 2225 αὐτὸν
537 2198 582 2224 τὸν
603 2198 704 2231 Κύριον
717 2197 824 2223 καθίσαι

919 2207 943 2225 ιιι
972 2198 1067 2225 sedere
1094 2199 1119 2224 in
1136 2197 1246 2224 dextera
1273 2195 1358 2222 Patris
1380 2193 1504 2220 stabilem
1529 2191 1554 2218 in
1577 2190 1667 2217 divina

24 2250 60 2274 ἐν
75 2248 158 2282 δεξιᾷ
176 2247 223 2273 τοῦ
243 2246 348 2281 Πατρὺς
372 2244 420 2280 τὴν
453 2245 481 2270 ὲν
494 2245 527 2278 τῇ
542 2243 602 2279 θείᾳ
614 2243 677 2279 δόξῃ
698 2243 827 2278 σημαίνει

24 2293 180 2328 σταθερὰν
206 2292 386 2327 μονιμότητα.
411 2291 476 2317 Ἰδοι
510 2290 538 2317 δέ
563 2299 604 2321 τις
627 2289 761 2324 καθέδραν
781 2290 829 2316 καὶ

21 2340 84 2375 τὴν
105 2339 137 2365 ἐν
154 2338 194 2373 τῷ
214 2337 292 2371 κακῷ
304 2337 440 2372 ὲμμονήν.
460 2337 496 2362 Τὸ
514 2335 580 2370 γὰρ,
595 2344 604 2360 ι
628 2335 688 2361 Ἐπὶ
710 2335 829 2370 καθέδρᾳ

21 2385 143 2419 λοιμῶν
160 2385 210 2411 οὐκ
233 2384 372 2412 ἐκάθισεν,
385 2392 395 2409 ι
413 2382 558 2418 εἰρημένον
581 2381 650 2416 πρὸς
669 2380 716 2407 τοῦ
735 2380 827 2414 Δαδὶδ,

21 2432 60 2458 οὐ
78 2430 192 2464 ταύτην
215 2428 343 2464 σημαίνει
369 2427 412 2461 ἐφ’
427 2425 460 2462 ἦς
480 2427 510 2453 τὺ
528 2427 607 2460 σῶμα
620 2425 828 2457 διαναπαύεται,

21 2475 106 2503 ἀλλὰ
119 2475 174 2506 τὴν
191 2474 321 2509 ἐπίμονον
333 2474 361 2500 ὲν
376 2474 409 2507 τῇ
430 2472 521 2507 κρίσει
535 2472 583 2507 τῆς
605 2471 704 2501 κακίας
718 2471 829 2505 διατρι-

21 2521 98 2556 ϐὴν.
118 2520 157 2555 ἢν
175 2520 238 2550 τοὺς
255 2519 392 2553 φυγόντας
403 2519 417 2544 δ
433 2517 538 2552 enim;
551 2511 730 2552 ὲμάκάρισεν.
750 2516 804 2543 Καὶ
817 2517 831 2543 ὁ

23 2567 65 2603 βα
75 2566 172 2597 nisi»;
187 2565 293 2598 Νινευῒ,
316 2564 450 2599 διδαχθεὶς
469 2563 543 2598 παρὰ
555 2563 602 2589 τοῦ
621 2563 762 2597 προφήτου
781 2562 831 2597 τῆς

77 2647 106 2663 ⁸⁷
130 2645 201 2673 an.
215 2654 243 2677 x.
262 2645 297 2673 38
314 2652 390 2679 seqq.

428 2644 450 2660 “
469 2643 557 2671 Galat.
576 2649 618 2675 III,
634 2642 679 2670 28.
718 2642 741 2658 ⁸9
760 2641 840 2669 Cant.

882 2245 967 2279 gloria
982 2244 1022 2278 sig
1035 2243 1114 2270 xifical
1135 2241 1299 2269 ﬁrmitatem.
1319 2239 1387 2273 Quin
1404 2242 1430 2265 et
1452 2238 1478 2264 in
1494 2237 1564 2264 malo
1582 2235 1668 2263 obsti-

883 2294 973 2316 natum
992 2288 1110 2314 animum
1133 2286 1207 2314 sedis
1229 2285 1336 2312 nomine
1357 2283 1442 2310 notari
1461 2282 1593 2316 quispiam
1611 2280 1668 2307 atti-

884 2333 1068 2360 madverterit.
1086 2331 1161 2365 Quod
1177 2331 1250 2357 enim
1265 2337 1278 2356 a
1296 2328 1397 2356 Davide
1413 2329 1511 2354 dictum
1525 2331 1566 2354 est
1583 2333 1590 2351 :
1610 2334 1620 2351 ι
1636 2325 1669 2352 Et

884 2380 909 2407 in
934 2379 1061 2407 cathedra
1090 2377 1249 2412 pestilentiae
1276 2383 1329 2402 non
1353 2375 1422 2402 sedit
1446 2374 1480 2405 ⁵⁸,
1512 2382 1520 2398 ι
1537 2380 1589 2399 non
1610 2377 1669 2398 eam

882 2425 1016 2458 significat
1031 2424 1133 2456 sedem,
1151 2424 1176 2450 in
1194 2430 1246 2457 quo
1263 2421 1409 2456 requiescit
1423 2427 1532 2453 corpus,
1547 2417 1594 2444 scil
1612 2424 1669 2451 pcr-

885 2470 998 2496 tinacem
1016 2468 1042 2495 in
1059 2467 1122 2494 mali
1139 2467 1272 2494 electione
1288 2465 1517 2500 pcrtnansionem,
1531 2469 1610 2496 quam
1623 2460 1669 2495 qui

885 2517 1018 2548 fugerent,
1036 2514 1129 2540 beatos
1142 2513 1269 2547 praedicat
1285 2510 1410 2537 Psalmus
1425 2509 1458 2536 “.
1474 2508 1532 2536 Jam
1548 2514 1612 2534 vero
1623 2512 1669 2532 rex

884 2562 978 2590 Ninivc
995 2561 1029 2588 de
1047 2560 1120 2587 urbis
1135 2558 1241 2587 excidio
1256 2565 1268 2584 ιι
1285 2556 1417 2592 propheta
1435 2555 1546 2582 edoctus
1564 2560 1579 2580 e
1607 2551 1671 2580 sede

861 2649 881 2674 ι,
904 2641 930 2668 5.
969 2641 992 2656 ¹⁰
1019 2640 1088 2667 Psal.
1113 2647 1132 2672 ι,
1151 2638 1177 2666 1.
1214 2638 1236 2654 ’ί
1255 2637 1320 2665 ibid.

663 2705 828 2737 Francisci
846 2705 949 2736 Scorsi
966 2707 1059 2734 notae.

71 2774 142 2807 (76)
165 2773 321 2800 Bethaniam
334 2771 424 2807 gloria
435 2772 551 2807 domum.
564 2769 600 2796 De
611 2768 662 2795 hac
675 2767 824 2804 etymologi:

914 2764 1062 2807 lmx‘fti‘ﬂ-‘b.
1074 2800 1079 2805 λ
1092 2763 1180 2805 tinem?
1196 2762 1337 2807 obtt_§cttv
1353 2762 1437 2802 άρρεν
1458 2760 1510 2807 κ]σῖ
1521 2758 1598 2807 Dialia.

25 2805 168 2836 (lix—imus
188 2810 220 2834 ad
243 2809 315 2835 hom.
333 2805 395 2838 xxv,
416 2811 473 2835 not,
494 2805 536 2831 78.

73 2835 142 2879 σγ)
164 2842 254 2878 Neque
271 2850 326 2869 nias
340 2835 394 2869 est.
404 2841 503 2868 Desunt
525 2841 579 2867 ha'c
595 2840 619 2867 in
635 2839 665 2866 C.
679 2838 708 2865 l’.
725 2835 835 2871 *Επειδὴ

926 2793 982 2835 (78)
1002 2793 1141 2826 Stobi/ita}
1166 2800 1191 2826 in
1220 2798 1309 2833 aliqua
1331 2793 1444 2832 negotio.
1462 2794 1527 2822 Vide
1544 2795 1614 2822 dicta
1637 2793 1671 2820 ad

892 2836 964 2863 hom.
982 2838 1044 2867 xxx,
1065 2839 1120 2862 not.
1135 2835 1163 2862 ‘2.
