1867 3055
230 71 296 104 ῙΟὗῚ

829 72 1076 103 THEOPIIANIS
1097 73 1267 103 CERHIEI

1780 79 1824 110 106i

227 126 370 165 Herodias,
384 133 417 154 nc
432 133 492 154 cum
510 133 542 154 ex
562 126 626 154 vino
649 126 842 160 deierbuisset,
856 127 956 155 donum
975 135 1003 154 re

1070 127 1135 162 γὰρ,
1151 128 1229 162 φησὶ,
1242 128 1286 155 διὰ
1303 129 1331 156 δὲ
1345 130 1407 161 τοὺς
1424 131 1522 165 ὅρκους
1551 132 1600 158 καὶ
1615 132 1684 163 τοὺς
1700 133 1826 161 συνανακει-

228 178 336 201 cusaret
354 172 485 201 Herodes.
505 173 551 200 llle
566 181 647 207 vero;
673 174 733 201 vide
754 174 870 201 animant
886 173 1016 208 jumentis

227 221 417 256 insipientibus
439 222 617 249 assimilatam
643 222 666 237 "
687 231 695 249 :
725 230 734 247 ι
752 221 934 248 Contristalus
963 225 1015 254 est,

226 269 324 304 inquit,
337 273 446 304 propter
456 267 640 302 juramentum
657 272 758 300 autem,
773 272 800 294 et
812 267 892 294 simul
907 271 1016 302 propter

227 315 431 342 discumbentes
446 313 531 341 noluit
543 314 616 341 illam
627 314 800 341 contristare.
816 323 825 339 1
844 313 1014 348 Figmenlum

224 360 358 395 quoddam
374 359 434 393 fuit,
446 364 472 387 et
490 364 649 395 praetextus.
666 359 804 386 simulatio
816 359 861 385 illa
877 359 1012 386 mmroris.

223 405 332 433 Etenim
358 405 402 433 illa
427 405 580 440 promissio,
598 413 679 440 quam
707 405 821 437 fecerat,
836 404 1017 440 jurejurando

224 452 329 478 ﬁrmata
348 452 380 478 ad
405 451 479 486 regni
501 451 640 478 dimidium
656 451 862 478 extendebatnr.
877 450 934 484 Qua
953 450 1014 486 qni-

223 498 284 525 dem
305 503 386 529 terra,
414 502 440 525 et
463 497 663 533 possessiones,
679 502 706 524 et.
728 497 858 532 pecuniae,
875 502 901 524 et
916 503 1014 531 pecora

223 545 417 572 continentur:
440 551 494 571 non
522 551 587 571 vero
616 544 753 579 prophetae
772 547 869 578 caput,
892 542 968 577 cujus
983 550 1017 570 ne

223 595 295 618 totus
315 591 424 626 quidem
447 591 562 617 mundus
578 590 688 624 dignum
716 590 832 624 pretium
854 594 937 616 esset.
960 588 1016 616 0b-

223 641 367 669 truncatur
383 636 465 672 igitur
481 635 686 663 sanctissimum
702 640 783 671 caput
794 656 801 669 ,
820 635 862 663 vel
884 635 951 670 ipsis
966 642 1016 661 an-

220 685 291 719 gelis
314 683 505 711 venerandum.
531 681 553 710 0
570 682 738 710 detestabilis
756 689 842 714 mens,
858 689 919 717 quae
934 681 1014 709 talem

220 735 320 763 caedem
344 737 386 761 est
411 733 583 760 machinata!
611 731 633 760 0
649 732 815 760 exsecranda
841 731 931 766 lingua
957 737 1016 765 qua:

220 782 302 808 talem
333 779 498 807 sententiam
525 777 660 814 protulit!
681 777 704 805 0
721 778 808 805 audax
840 785 938 804 manus
953 783 1013 811 quae

219 827 258 854 illi
275 825 405 854 famulata
421 825 482 853 estl
498 824 536 853 Ac
547 824 602 860 jam
620 824 781 852 introlertnr
805 824 832 851 in
855 824 931 850 disco
944 830 1009 858 per-

219 874 310 901 fusum
326 871 407 908 422
425 871 568 907 sanguine,
582 870 662 898 triste
681 870 802 898 convivis
815 869 1010 904 spectaculum,

219 926 298 955 atque
314 921 346 948 ad
372 923 555 947 comessantes
569 922 596 945 et
615 916 718 949 ebrios,
751 916 796 943 ille
816 915 861 950 qui
889 914 942 942 cibi
963 914 1012 942 ab-

218 969 346 995 stinentia
360 965 401 992 vel
413 972 474 992 cttm
489 963 593 999 angelis
617 962 808 994 contendebat,
824 965 851 988 et
864 960 1010 988 lasciviens

218 1013 347 1041 meretrix
367 1019 411 1044 eo,
431 1010 476 1046 qui
500 1009 674 1046 passionibus
696 1008 764 1035 liber
787 1011 856 1040 erat,
875 1011 901 1034 et
921 1007 1008 1040 virgo,

217 1061 300 1096 potita
326 1058 568 1090 tlelectabatur,-et
590 1055 782 1088 cachinnabat,
796 1061 856 1081 cum
880 1053 944 1081 illud
963 1053 1007 1086 ju-

218 1107 415 1138 cundissimum
442 1104 628 1140 spectaculum
651 1107 678 1130 et
704 1102 814 1138 plurimi
842 1100 1004 1128 restimatum

1069 173 1167 208 μένους
1183 175 1233 201 οὐκ
1253 175 1385 211 ἠθέλησεν
1407 177 1492 212 αὐτὴν
1520 177 1669 213 ἀθετῆσαι.
1692 188 1701 205 ι
1725 180 1827 206 Reum-

1070 219 1151 254 μένον
1159 221 1274 256 πλάσμα
1286 219 1319 256 ἦν
1333 222 1364 248 τὺ
1377 222 1428 258 τῆς
1437 222 1537 259 λύπης,
1564 225 1616 251 καὶ
1641 226 1784 260 πρόφασις.
1809 227 1828 252 ’Β

1067 266 1122 302 γὰρ
1138 265 1251 302 ἔνορκος
1272 268 1413 303 ὁμολογία,
1427 269 1461 304 ἢν
1473 270 1636 306 ἐποιήσατο,
1652 271 1718 297 ὅσον
1731 272 1759 298 τὸ
1772 272 1829 306 inus.

1067 313 1117 349 τῆς
1135 313 1279 349 βασιλείας
1294 313 1340 350 ἦν.
1353 315 1440 343 Τοῦτο
1457 316 1486 343 δὲ
1498 317 1670 353 κατάσχεσις
1690 318 1742 353 γῆς
1751 316 1790 353 ἦν,
1801 320 1831 345 ni

1067 360 1208 396 κτήματα,
1223 360 1270 387 καὶ
1281 362 1424 397 χρήματα,
1437 362 1485 390 καὶ
1507 363 1674 399 βοσκήματα
1684 384 1692 395 ,
1708 364 1739 391 οὗ
1752 373 1831 398 προῃ-

1066 406 1130 442 τικὴ
1147 407 1266 441 κεφαλὴ,
1279 405 1313 443 ἧς
1321 408 1376 435 οὐδ’
1389 409 1403 435 ό
1417 409 1519 445 κόσμος
1532 410 1593 441 ὅλος
1605 411 1746 443 ἀντάξιος.
1759 410 1835 444 Tean-

1067 460 1112 479 ται
1124 450 1200 488 οὗνὴ
1215 453 1344 489 πανίερος
1361 455 1446 490 κάρα,
1464 456 1481 490 ἡ
1498 456 1546 483 καὶ
1554 456 1650 489 αὐτοῖς
1665 458 1723 487 τοῖς
1735 457 1836 490 enim;

1067 499 1219 534 αἰδέσιμος.
1237 497 1272 526 Ὦ
1285 501 1372 535 μιαρὰ
1387 501 1469 538 φρὴν,
1487 503 1503 538 ἡ
1519 503 1643 530 τοιοῦτον
1659 503 1744 538 φόνον
1767 503 1828 537 ὁολορ

1069 546 1215 581 ραφήσασα
1233 547 1240 573 i
1280 543 1302 573 ὦ
1332 547 1447 582 βδελυρὰ
1459 548 1580 582 γλῶσσα,
1599 550 1615 585 ἠ
1634 549 1768 583 τοιαύτην
1790 550 1839 575 der;-

1068 600 1150 626 φασιν
1167 592 1318 626 ἐπιτάξασα
1333 593 1339 620 l
1356 591 1514 630 ὧτολμηρὰ
1541 596 1612 630 χεὶρ,
1634 596 1652 631 ή
1685 595 1755 630 πρὸς
1779 595 1839 621 mir-.9

1068 637 1279 672 ὑπηρετήσασα.
1293 639 1348 666 Καὶ
1360 640 1503 675 εἰσάγεται
1530 641 1578 668 ἐπὶ
1600 641 1722 673 πίνακος
1754 642 1839 675 πλήρης

1067 685 1183 719 αἵματος
1195 686 1252 717 τοῖς
1267 685 1410 721 δαιτυμόσι
1424 687 1514 722 θέαμα
1529 680 1698 723 σχυθρωτυίν
1716 688 1782 723 πρὸς
1794 690 1839 718 :92;

1067 731 1222 765 κωμῶντας
1233 732 1279 759 καὶ
1301 732 1451 766 μεθύοντας
1467 734 1526 769 ὁτῇ
1550 734 1647 770 ἀσιτίᾳ
1675 734 1778 769 μικροῦ
1807 735 1841 761 1:".

1067 777 1196 811 ἀγγέλοις
1212 779 1461 815 συναμιλλώμενος,
1473 780 1521 808 καὶ
1537 781 1675 816 μαχλῶσα
1706 783 1792 817 πόρνις
1810 783 1841 807 τι.

1063 823 1156 858 ἀπαοῆ
1183 824 1231 850 καὶ
1259 825 1394 861 παρθένον
1422 826 1564 861 κρατοῦσα
1598 827 1769 862 κατετρύφα
1788 836 1841 861 κατ·

1059 868 1193 904 χάζουσα,
1207 871 1247 902 εις
1265 872 1342 903 τέλος
1365 872 1471 899 ἀποσὰν
1498 873 1592 909 ὁρῶσα
1609 874 1643 901 eo
1664 874 1778 909 ἥδιστον
1790 875 1840 908 αὐτῇ

1059 915 1161 950 θέαμα,
1174 917 1220 943 καὶ
1233 917 1286 952 πρὸ
1301 918 1400 944 πολλοῦ
1417 911 1615 954 μελετώμενον,
1627 919 1693 954 ἣτις
1706 920 1756 946 καὶ
1767 919 1840 954 ὥπερ

1059 960 1196 988 δεδοικυῖα
1216 962 1254 997 μὴ
1269 962 1308 998 τῷ
1323 963 1411 999 λοιπῷ
1428 964 1534 999 σώματι
1549 965 1692 992 ἐνωθείσα
1717 966 1840 999 διαναστῇ

1060 1007 1109 1033 καὶ
1123 1005 1201 1040 αὖθις
1211 1008 1259 1035 τοῦ
1273 1009 1407 1044 συνήθους
1435 1011 1563 1046 ἐλέγχους
1585 1012 1744 1047 ἐφάψηται,
1776 1013 1840 1045 αὐτὴν

1062 1053 1112 1089 μὲν
1144 1056 1196 1089 γῆς
1238 1056 1462 1092 ὲγκατακρύπτει
1497 1059 1604 1093 μυχοῖς,
1650 1058 1684 1085 τὸ
1713 1059 1742 1085 δὲ
1767 1059 1841 1085 tciri-1

1057 1101 1135 1135 ἅγιον
1151 1101 1230 1136 σῶμα
1247 1102 1271 1128 οῖ
1292 1102 1413 1138 μαθηταὶ
1423 1103 1549 1135 λαῦύντες
1561 1104 1590 1130 ἐν
1606 1105 1644 1138 γῇ
1663 1105 1843 1139 κεκηδεύκαςι.

221 1154 331 1182 tandem
359 1150 489 1184 obtigisse
520 1150 573 1177 sibi
596 1149 720 1182 videret;
743 1153 771 1176 et
802 1147 916 1182 perinde
936 1153 968 1173 ac
995 1151 1149 1178 vereretur,
1173 1154 1207 1174 ne
1225 1152 1307 1182 caput
1331 1148 1395 1176 illud
1420 1149 1524 1184 reliquo
1552 1151 1741 1185 conjunctum
1765 1159 1843 1185 corpu.

221 1203 244 1229 ri
265 1201 496 1232 revivisceret,et
512 1188 671 1226 consuetam
687 1196 925 1231 reprehensionem
952 1202 1047 1222 rursus
1068 1195 1239 1230 inceptaret,
1271 1195 1361 1231 ipsum
1401 1198 1510 1232 quidem
1538 1198 1566 1225 in
1594 1205 1680 1226 terra:
1712 1200 1842 1227 visceribus

218 1249 330 1282 obruit;
357 1247 490 1282 reliquum
518 1253 582 1274 vero
614 1249 738 1274 sanctum
760 1250 859 1278 corpus
881 1242 1005 1277 discipuli
1027 1242 1156 1277 tulerunt,
1174 1249 1200 1270 et
1220 1244 1303 1271 humo
1324 1244 1495 1272 mandarunt.

254 1294 338 1329 Igitur
356 1301 415 1328 qua:
441 1293 474 1320 ad
499 1295 623 1319 sanctum
651 1290 850 1318 Praecursorem
877 1289 1005 1320 attinent,

218 1342 256 1368 ila
273 1342 344 1368 facta
362 1345 435 1366 sunt.
453 1338 601 1373 Oportebat
615 1337 743 1364 nimirum
757 1356 764 1368 ,
786 1335 928 1370 oportebat
942 1342 1004 1362 eum

1095 1288 1136 1316 Τὰ
1166 1289 1216 1325 μὲν
1247 1287 1294 1316 οὖν
1320 1291 1391 1318 κατὰ
1424 1284 1469 1318 -ἑὺν
1498 1291 1571 1328 ἱερὸν
1592 1293 1763 1328 Πρόδρομον
1786 1292 1841 1319 οἱτυ

1061 1335 1170 1370 συνέϐη.
1187 1335 1259 1363 Ἔδει
1271 1336 1336 1371 γὰρ,
1350 1336 1403 1363 ἔδει
1417 1337 1462 1364 τὸν
1470 1339 1501 1363 ἐκ
1511 1338 1664 1373 Λευῖτικῆς
1680 1339 1782 1374 ὀσφύος
1797 1347 1842 1372 τεν-

218 1386 263 1420 qui
274 1391 332 1412 crat
341 1393 372 1412 ex
386 1384 508 1411 Levitieo
517 1383 618 1411 semine
627 1382 676 1418 (8),
694 1386 720 1409 et
729 1390 761 1409 ex
772 1385 888 1416 utroque
897 1385 1005 1415 parente

1069 1380 1192 1415 Itbpsvov,
1234 1383 1295 1408 κατ’
1329 1383 1430 1417 ἀμφοῖν
1460 1385 1515 1410 τοῖν
1549 1385 1659 1418 γενεοῖν
1695 1385 1842 1419 Ἀαρωνίτῃ

218 1431 333 1456 Aaronis
343 1429 428 1463 stirpe
439 1432 599 1463 prognatus,
608 1433 715 1453 sacrum
724 1424 1007 1457 imlueretcoccinum,

218 1484 250 1503 ex
263 1479 370 1503 suomet
384 1474 515 1508 sanguine
526 1473 637 1500 tinctum
650 1476 676 1499 et
687 1471 732 1506 qui
745 1471 815 1498 inter
826 1475 904 1498 natos
915 1470 1011 1497 mulie-

217 1530 277 1549 rum
297 1520 381 1555 major
402 1524 472 1553 erat,
483 1521 553 1547 inter
572 1526 619 1547 eos
630 1520 675 1554 qui
688 1518 820 1554 sanguine
830 1517 1010 1545 consummati

218 1575 291 1600 sunt,
310 1576 364 1596 non
387 1572 460 1595 esset
473 1567 571 1595 minor.
587 1566 620 1594 Et
638 1566 718 1593 sicuti
741 1570 840 1593 caetera
863 1563 1009 1592 honorifica

217 1617 327 1644 nomina
345 1616 457 1643 sortitus
473 1620 525 1648 est,
538 1615 574 1642 ita
585 1621 674 1649 neque
685 1614 762 1641 titulo
774 1613 900 1649 martyris
914 1620 1009 1648 expers

216 1667 299 1690 esset.
313 1662 378 1689 Abit
400 1662 482 1697 igitur
501 1661 582 1689 sicuti
600 1662 628 1689 in
651 1661 731 1688 terris
754 1660 865 1694 fecerat,
881 1660 918 1688 ita
940 1660 1009 1695 apud

217 1708 319 1736 inferos
332 1708 506 1735 nuntiaturus
521 1708 667 1735 adventum
684 1707 793 1735 Domini
807 1706 861 1740 ille,
875 1706 921 1741 qui
936 1707 1024 1733 vete-'

217 1755 254 1782 ris
264 1755 330 1790 legis
341 1755 468 1787 cessatio,
480 1758 506 1782 et
518 1754 680 1790 principium
690 1753 793 1781 exstitit
806 1760 893 1785 novae,
906 1752 1010 1780 medius

214 1802 289 1829 inter
302 1805 454 1835 utramque,
468 1808 532 1834 vox,
552 1800 673 1834 lucerna,
687 1800 794 1833 lucifer,
808 1800 930 1836 angelus,
944 1807 1009 1835 apo-

215 1849 312 1879 stolus,
326 1846 443 1880 Levites,
455 1846 609 1880 Aaronites,
619 1846 761 1881 propheta,
772 1847 901 1873 montium
910 1846 1008 1878 cultor,

215 1896 334 1931 Baptista
350 1903 448 1930 praeco,
474 1902 638 1929 przecursor,
656 1896 743 1929 virgo,
764 1895 928 1929 pcenitentiae
952 1902 1011 1921 ma-

211 1943 309 1980 gister,
324 1941 472 1976 castigator
485 1941 598 1976 peccati,
617 1945 737 1975 martyr;
756 1941 807 1968 hoc
832 1941 904 1968 enim
925 1941 1008 1967 veluti

216 1988 332 2024 sigillum
358 1989 464 2016 caeteris
481 1988 637 2016 nominibus
652 1993 694 2015 est
711 1988 878 2023 appositum.

250 2067 305 2095 Nos
329 2075 404 2101 vero,
431 2075 447 2095 ο
476 2066 631 2095 Christiana
659 2067 766 2101 concio,
795 2075 902 2095 sacrum
931 2065 1041 2095 illiusD

214 2113 375 2149 martyrium
394 2113 573 2148 spiritualiter
588 2110 778 2147 celebremus;
798 2114 931 2149 nobisque
948 2121 1006 2142 ma-

215 2161 287 2188 xime
304 2168 464 2195 caveamus,
481 2167 513 2188 ne
535 2161 605 2188 idem
632 2161 703 2195 quod
726 2160 825 2188 Herodi
857 2162 1005 2196 contingat.

214 2207 352 2244 Contingit
366 2209 437 2235 enim
453 2207 575 2242 omnino,
591 2212 618 2235 et
631 2208 653 2235 si
678 2209 732 2236 alio
748 2209 828 2236 modo
845 2208 879 2235 iis
898 2209 943 2243 qui
955 2208 1007 2235 sibi

214 2255 321 2282 intento
347 2256 438 2282 animo
465 2262 518 2282 non
550 2255 733 2290 prospiciunt.
759 2255 809 2283 Ubi
831 2255 904 2282 enim
933 2261 1008 2282 mens

216 2301 298 2329 filiam
329 2301 399 2336 regis
415 2301 503 2329 Arelas
528 2309 560 2329 ex
578 2302 669 2329 divina
691 2302 742 2329 sibi
767 2301 919 2336 copulatam
946 2301 1006 2336 lege

214 2348 295 2376 inerit
326 2353 470 2375 aversata:
493 2348 622 2383 intelligis
649 2355 745 2382 porrro
767 2347 811 2375 διὰ
837 2347 885 2374 τοῦ
902 2347 1003 2383 Ἀρέτα

211 2396 262 2430 τὴν
288 2395 389 2431 ἀρετὴν
415 2403 463 2430 per
504 2395 615 2422 Aretam
640 2395 747 2422 scilicet
775 2396 919 2422 virtutem:
945 2394 1003 2421 hate

212 2441 284 2468 enim
316 2441 508 2468 honestissima
535 2446 562 2468 et
588 2441 720 2467 naturalis
747 2441 845 2467 mentis
869 2444 912 2468 est
937 2447 1003 2467 con-

209 2487 278 2522 jux;
305 2487 349 2514 ubi
374 2486 456 2521 igitur
483 2487 553 2514 hane
578 2486 748 2521 repudiarit,
774 2491 801 2513 et
824 2486 1000 2513 vitiositatem

211 2536 241 2560 ut
266 2532 428 2566 adulteram,
441 2537 522 2567 atque
544 2532 721 2560 adventitiam
742 2539 835 2559 amore
860 2532 999 2566 complexa

210 2578 301 2612 fuerit,
318 2578 363 2606 ubi
389 2579 516 2605 nimirum
539 2586 568 2606 se
596 2578 719 2612 corporis
748 2578 934 2612 voluptatibus
959 2579 1001 2605 in-

209 2624 360 2659 gurgitarit,
391 2629 454 2651 tunc
484 2623 553 2651 alter
579 2623 698 2651 Herodes
725 2625 852 2652 eilicitnr.
879 2624 999 2651 Herodes

241 2699 267 2717 "3
283 2698 355 2728 Psal.
372 2707 468 2733 XLVIII,
484 2699 526 2727 15.

1062 1426 1223 1462 ὑπάρξαντα
1248 1428 1309 1459 ταῖς
1326 1428 1355 1461 ἐξ
1373 1429 1498 1464 αἱμάτων
1514 1429 1617 1465 βαφαῖς
1630 1430 1663 1456 τὸ
1695 1432 1771 1466 ἱερὸν
1783 1439 1843 1465 πεμ-

1061 1472 1254 1507 χλαινίσασθαι
1271 1474 1412 1507 κόκκινον,
1425 1475 1530 1502 καὶτὸν
1540 1477 1658 1511 μείζονα
1672 1478 1705 1503 ὲν
1722 1478 1843 1511 ferrive";

1061 1520 1210 1553 γυναικῶν,
1230 1520 1292 1556 μηδ’
1307 1521 1336 1547 ἐν
1352 1521 1439 1556 τούτῳ
1455 1522 1659 1557 ἀπολειφθῆναι
1677 1524 1737 1550 τῶν
1751 1525 1843 1550 τελείαν.

1061 1565 1162 1592 θέντων
1178 1566 1211 1593 δι¹
1227 1566 1353 1602 αἳματος.
1372 1568 1426 1594 Καὶ
1439 1568 1533 1603 ὥσπερ
1555 1569 1654 1596 filia
1670 1570 1731 1597 τῶν
1745 1572 1842 1604 ὲντέμω

1060 1612 1201 1647 ὀνομάτων
1223 1614 1403 1649 κεκλήρωται,
1417 1614 1503 1646 οὕτως
1524 1616 1584 1642 οῦδὲ
1611 1617 1663 1651 τῆς
1684 1618 1844 1654 μαρτυριιῂ

1060 1659 1194 1694 ὴμοίρησε
1211 1660 1344 1694 κλήσεως.
1359 1661 1545 1695 Ἀπεισιγῡῦν
1558 1662 1657 1698 ὥσπερ
1677 1665 1737 1695 τοῖς
1763 1666 1793 1691 ἐν
1810 1666 1843 1697 γῗ.

1060 1704 1133 1731 οὕτω
1154 1706 1201 1732 καὶ
1211 1706 1268 1737 τοῖς
1283 1706 1312 1732 ἐν
1325 1705 1389 1741 ᾅδου
1412 1706 1539 1740 κηρύξων
1563 1708 1614 1742 τὴν
1642 1709 1695 1735 τοῦ
1734 1709 1845 1743 Satin,-

1061 1750 1185 1784 κάθοδον,
1202 1753 1217 1786 ἡ
1231 1752 1281 1786 τῆς
1295 1752 1412 1784 παλαιᾶς
1429 1752 1532 1784 παῦλα,
1549 1753 1565 1788 ὴ
1583 1753 1636 1788 τῆς
1666 1755 1736 1787 νέας
1748 1756 1823 1790 ἀρχὴ,
1838 1757 1844 1780 ι

1062 1797 1177 1832 μεσίτης
1192 1797 1305 1832 ἀμφοῖν,
1318 1798 1334 1833 ἡ
1350 1798 1438 1833 φωνὴ,
1451 1799 1465 1825 ὁ
1500 1797 1608 1833 λύχνος.
1628 1800 1642 1826 ὁ
1676 1801 1825 1835 ἑωσφόρος,
1839 1804 1843 1825 ‘:

1060 1843 1185 1877 ἄγγελος,
1198 1845 1212 1870 ὁ
1230 1844 1388 1876 ἀπόστολος,
1404 1845 1417 1871 ὁ
1442 1846 1568 1879 Λευῖτης,
1596 1847 1611 1872 ὁ
1644 1847 1846 1883 Ἀαρωνὶτη;,ό

1060 1890 1214 1925 προφήτης,
1228 1891 1421 1927 ὸόρειφοίτης.
1441 1892 1455 1918 ὁ
1480 1892 1651 1928 Βαπτιστὴς,
1693 1895 1709 1921 ὁ
1732 1895 1845 1929 acip-ait

1060 1936 1228 1971 ῐιρόδρομος,
1245 1937 1263 1963 ἀ
1275 1937 1418 1972 παρθένος,
1429 1939 1442 1965 ὁ
1452 1939 1611 1971 διδάσκαλος
1626 1941 1682 1975 τῆς
1699 1943 1846 1975 μετα-θοὰς.

1059 1983 1073 2008 ὁ
1091 1982 1204 2017 ἐλεγχος
1214 1983 1263 2018 τῆς
1276 1984 1423 2018 ἁμαρτιας,
1449 1986 1463 2011 ὁ
1476 1985 1582 2020 μάρτυς
1597 1993 1606 2001 ⁸
1635 1986 1722 2014 τοῦτο
1735 1988 1790 2022 γὰρ
1803 1985 1845 2013 οἷον

1060 2028 1271 2064 ἐπισφράγισμα
1283 2029 1428 2058 κάλλιστον
1440 2031 1494 2058 τῶν
1509 2032 1656 2067 ὀνομάτων
1684 2033 1820 2060 τέθεικεν.

1096 2076 1193 2110 Ἡμεῖς
1204 2076 1243 2109 δὲ,
1261 2073 1283 2103 ὦ
1295 2077 1493 2112 Χριστώνυμον
1505 2078 1657 2114 ἄθροισμα,
1678 2080 1782 2106 τούτου

1057 2123 1133 2158 ἱερὰν
1155 2123 1310 2158 μαρτυρίαν
1324 2124 1519 2159 πνευματικῶς
1533 2126 1732 2162 ἑορτάσωμεν,
1750 2128 1845 2155 ἑαυτοῖς

1056 2167 1085 2194 δὲ
1102 2168 1175 2203 μάλα
1192 2169 1371 2204 προσχῶμεν,
1389 2169 1426 2204 μὴ
1443 2170 1479 2196 τὰ
1500 2170 1548 2196 τοῦ
1584 2171 1712 2206 Ἡρώδου
1751 2174 1798 2198 καὶ
1824 2172 1845 2196 ἐν

1058 2214 1124 2249 ἡμῖν
1167 2215 1296 2247 γενέσθαι
1335 2216 1448 2251 συμϐῇ·
1481 2217 1628 2252 συμσαίνει
1659 2218 1714 2253 γὰρ
1748 2220 1846 2247 πάντες

1058 2260 1159 2295 τρόπον
1172 2260 1265 2296 ἕτερον
1293 2263 1349 2293 τοῖς
1367 2262 1405 2297 μὴ
1425 2263 1570 2298 ἀραρότως
1587 2266 1789 2299 προσέχουσιν.
1809 2264 1844 2289 ἰλ

1061 2308 1166 2342 πηνίκα
1181 2307 1235 2344 γὰρ
1248 2308 1262 2334 ὁ
1277 2309 1338 2340 νοῦς
1350 2309 1400 2344 τὴν
1416 2309 1465 2344 μὲν
1482 2310 1554 2336 κατὰ
1568 2311 1642 2337 θεῖον
1664 2312 1754 2348 νόμον
1767 2312 1846 2338 3-27.:-

1058 2360 1106 2379 κον
1118 2352 1296 2388 ἀποςτὲρξειε
1311 2353 1361 2387 τὴν
1373 2353 1511 2389 θυγατέρα
1526 2353 1574 2380 τοῦ
1587 2355 1727 2389 βασιλέως
1746 2355 1847 2390 Ἀρέτα·

1057 2399 1127 2430 νοεῖς
1139 2398 1167 2425 δὲ
1179 2398 1223 2425 διὰ
1234 2397 1281 2425 τοῦ
1302 2399 1401 2434 Ἀρέτα
1413 2399 1462 2434 τὴν
1477 2400 1590 2435 ἀρετήν·
1604 2400 1678 2436 αὕτη
1707 2402 1769 2436 γὰρ
1791 2409 1847 2435 t9:-

1057 2444 1215 2480 πωδεστάτη
1230 2445 1278 2471 καὶ
1291 2445 1365 2483 κατὰ,
1376 2444 1456 2479 φύσιν
1481 2445 1601 2479 σύζυγος
1623 2443 1675 2473 ἑοῦ
1691 2449 1757 2478 νοτὶς
1771 2455 1779 2462 ·
1794 2448 1850 2472 Em

1057 2488 1104 2517 οὖν
1123 2490 1226 2525 ταύτην
1237 2492 1496 2527 παραγκωνίσηται,
1529 2495 1576 2519 καὶ
1594 2493 1646 2528 τὴν
1672 2494 1843 2520 suisaut,

1055 2537 1104 2563 καὶ
1118 2537 1261 2572 μοιχαλίδα
1277 2539 1378 2563 κακίαν
1395 2537 1562 2573 ἐνστέρξειε,
1580 2540 1647 2574 περὶ
1676 2541 1730 2571 τὰς
1760 2547 1844 2571 σωμα-

1054 2581 1133 2612 τικὰς
1145 2581 1241 2617 ἡδονὰς
1253 2581 1474 2616 λιχνευσάμενος,
1496 2582 1559 2609 τότε
1582 2583 1708 2619 Ἡρώδης
1723 2585 1843 2617 ἄπας-,ς

1054 2626 1171 2660 γίνεται.
1192 2625 1377 2661 Ἦρώδηςγὰρ
1405 2626 1569 2661 δερμάτινος
1595 2629 1795 2664 ἑρμηνεύεται,
1820 2628 1827 2652 Γ

827 2747 986 2778 Francisci
1006 2747 1110 2778 Scorsi
1128 2753 1221 2778 notae.

245 2791 284 2828 (8)
314 2794 354 2822 Ea:
369 2795 482 2826 Leuitico
508 2805 610 2832 genere.
633 2797 700 2825 Vide
733 2798 765 2825 ad
791 2798 862 2825 Itoni.
883 2797 927 2829 55,
943 2801 1000 2825 not.
1023 2797 1066 2824 «Ω.
