1867 3055
44 93 120 126 ιοτο
312 137 320 142 Δ
720 96 781 128 H01

945 97 998 130 iII.
1614 107 1682 142 1070

39 147 80 178 οὗ
96 150 128 178 τὸ
141 149 234 185 χὸῐκὺν
255 137 420 182 είκονίζεται
445 150 586 186 φρόνημα.
611 150 696 178 Ὅταν
727 151 775 201 ουν

942 162 966 181 rn
1007 154 1144 188 pelliceum
1173 156 1384 193 interpretamur
1409 161 1487 198 (9),
1516 169 1564 198 per
1598 173 1679 201 quem

43 195 146 231 ρνεύσῃ
157 195 202 222 τὸν
218 195 280 222 νοῦν
293 195 344 231 τῆς
373 195 511 230 ἁμαρτίας
534 197 567 242 όη
581 196 686 232 ἵμερος,
720 197 780 224 τότε

942 199 1071 227 unbratur
1104 207 1193 235 terrae,
1228 211 1259 230 ac
1275 205 1376 239 pulveri
1391 195 1527 238 involutus
1553 195 1679 242 aﬂ‘ectas.

40 241 110 267 τότε
133 241 179 267 τὸν
200 240 348 275 ἐλέγχοντα
367 240 495 277 Ἰωάννην
509 240 599 268 πείθει
614 242 776 277 παραδοῦνα

944 253 960 272 u
978 245 1060 282 igitur
1074 249 1178 282 peccati
1202 257 1279 278 amor
1291 251 1319 279 in
1339 257 1458 282 mentem
1482 256 1678 293 dominabitur,

42 286 168 321 φυλακῇ.
185 286 268 318 Σύνες
280 286 311 312 τὸ
325 287 518 322 κεκρυμμένον
534 288 564 314 ὲν
574 288 613 323 τῷ
621 289 774 324 αἰνίγματι.

942 298 956 319 c
975 292 1097 327 proiecto
1120 299 1184 323 tunc
1211 297 1399 332 castigatorem
1414 299 1545 330 Joannem
1570 304 1596 331 in
1617 313 1679 333 cus-

41 333 131 369 dw'q;
150 333 224 360 ἐστὶν
241 333 257 369 ὴ
278 332 326 359 τοῦ
341 333 422 367 λόγου
437 334 517 369 χάρις
544 334 592 361 τοῦ
617 334 743 367 δοθέντος
774 345 778 361 τ

942 337 993 365 iam
1012 340 1069 366 dari
1086 340 1194 369 suadet.
1213 341 1334 378 lntellige
1348 345 1412 379 quid
1429 346 1479 374 hoc
1498 332 1679 379 abscondant:

41 381 79 407 ὲκ
97 379 176 412 Θεοῦ,
195 380 210 415 ἦ
226 380 257 406 τὸ
274 380 394 412 συνειδὸς
412 380 530 407 ἑκάστου
552 381 758 416 ἁμαρτάνοντος

946 383 971 419 3
985 385 1129 420 aenigmate
1143 395 1150 414 :
1166 386 1283 416 Joannes
1298 394 1338 418 est
1365 391 1442 419 nobis
1465 399 1480 419 a
1503 392 1557 421 Deo
1580 394 1680 430 imper-

40 426 214 461 πλήττουσα.
227 425 339 462 Ταύτην
362 426 412 461 τὴν
425 427 506 462 χάριν
538 427 586 454 τοῦ
608 426 677 454 Θεοῦ
706 428 777 462 ἁφαν

940 437 970 456 till
985 430 1084 458 donum
1103 433 1232 465 rationis,
1253 441 1314 468 quae
1336 437 1474 469 peccantis
1503 440 1677 474 uniuscujus-

38 472 92 507 ἀφ’
109 472 188 508 ἡμῶν
204 473 220 508 ή
234 473 358 508 ἁμαρτία
373 472 466 507 ζητεῖ,
478 473 516 505 ὡς
526 472 559 499 ἂν
589 473 639 509 μὴ,
654 475 709 505 τοῖς
734 475 766 502 ἐκ

940 487 942 499 ι
956 477 1151 504 conscientiam
1170 479 1273 513 plectit.
1290 480 1365 516 Hanc
1381 481 1429 509 Dei
1440 484 1554 518 gratiam
1569 493 1583 512 a
1599 469 1677 514 nobis

41 517 199 549 συνειδότος
213 517 337 553 ἐλέγχοις
349 517 570 552 Εαινόμενοι,διὰ
592 520 736 554 μετανοίας
750 521 778 547 ἀι

941 526 1030 548 catum
1056 523 1162 551 amoliri
1189 526 1340 559 contendit,
1371 535 1405 555 ne
1438 517 1611 558 conscientiae
1636 539 1678 559 re-

41 563 172 599 ρἰωμεν
196 564 248 599 τὴν
271 564 448 598 ἐπείσακτον,
477 565 526 592 καὶ
553 565 758 601 προσλάϐοιμεν

934 565 1115 596 ηὴειιεὶοηίὺυε
1146 569 1278 598 stimulati
1320 580 1369 608 per
1403 575 1591 607 paenitentiam
1623 577 1671 612 eji-

40 610 195 645 ὀμόζυγον,
213 611 261 638 καὶ
276 611 449 646 παραινοῦσα
463 611 563 644 πείθει,
576 612 613 644 ὡς
629 612 663 639 τὰ
679 612 777 640 πολλὰι

938 619 994 639 mus
1009 613 1126 641 alienam
1143 623 1268 650 uxorem.
1282 621 1309 645 et
1326 618 1473 654 legitimam
1489 622 1655 656 accipiamus
1669 633 1675 650 :

40 657 82 692 μὴ
100 658 247 692 νήφοντας,
269 657 315 684 καὶ
325 657 446 684 κλείεται
472 658 486 685 ό
514 657 633 694 ἐλέγχων
659 658 690 685 ἑν
714 659 777 692 φυλι

938 658 1018 686 uinus
1035 664 1163 694 attentos,
1188 669 1220 689 ac
1235 663 1342 690 sobrios
1367 663 1527 701 plerumque
1540 667 1675 696 hortando

38 703 141 730 Νοοίτο
152 703 185 730 ἂν
198 704 307 738 φυλακὴ
322 705 338 739 ή
352 704 409 736 ἕξις
422 705 469 731 τοῦ
485 704 584 731 κακοῦ.
603 705 765 740 Κρύπτεται

939 704 1013 738 pellit
1027 713 1035 732 :
1052 706 1173 742 adeoque
1186 709 1212 735 in
1229 716 1339 737 carcere
1354 711 1503 746 castigator
1518 713 1673 742 includitur.

37 749 54 774 ὁ
71 749 152 783 λόγος
172 749 220 783 ἀφ’
235 750 313 784 ἡμῶν
331 751 360 776 ὲν
377 749 431 782 ἕξει
445 750 594 785 γενομένης
614 752 664 785 τῆς
686 751 774 787 ἁμαρτ

928 757 940 775 r
953 757 1093 779 carcerem
1119 752 1239 781 habitum
1257 754 1410 790 intelligere
1435 759 1523 792 possis
1547 760 1574 786 in
1591 761 1662 789 male

35 795 89 822 τοῦ
105 796 163 827 νοὸς
175 795 246 830 μετὰ
259 796 313 823 τῶν
334 796 417 822 αὑτοῦ
428 796 600 831 δαιτυμόνων
616 797 772 832 μεθύοντος,

936 796 1075 824 scanditur
1088 797 1170 832 igitur
1186 807 1200 826 a
1218 801 1297 828 nobis
1313 804 1381 830 ratio
1397 811 1460 831 cum
1480 805 1593 833 invaluit
1608 814 1673 835 con-

35 841 132 868 αὐτῶν
142 841 282 876 λογισμῶν
295 841 408 877 δηλαδὴ,
425 841 584 878 ὲξορχεῖται
600 843 672 870 κατὰ
685 843 733 878 τῆς
752 845 768 879 ή

938 842 1001 870 ludo
1020 844 1123 878 peccati
1137 866 1145 877 ,
1162 852 1278 880 cumque
1295 855 1371 875 mens
1387 857 1438 877 una
1460 858 1520 878 cum
1537 852 1594 879 suis
1611 861 1675 880 con-

34 887 168 921 εὺηηείας
215 887 266 922 τῆς
276 886 414 922 ἁμαρτίας
429 886 554 924 θυγάτηρ
573 888 671 924 ἡδονὴ,
688 897 771 916 παντί

935 889 971 921 is,
989 888 1056 924 ipsis
1076 890 1180 918 scilicet
1199 893 1409 927 cogitationibus
1425 896 1557 924 inebriata
1581 898 1672 932 fuerit.

35 934 87 961 Θεν
102 935 174 969 ἡμᾶς
191 934 392 966 ὑποσαίνουσα,
407 935 456 962 καὶ
466 932 546 961 ἆθλον
567 933 687 971 ζητοῦσα
703 936 772 963 Ἰωάι

935 940 966 962 at
981 936 1085 970 peccati
1100 936 1155 964 lilia
1172 938 1293 973 voluptas
1311 941 1434 969 stultitiae
1447 963 1453 974 ,
1477 952 1509 971 ac
1538 946 1672 973 vecordia!

34 981 84 1006 τὸν
99 980 224 1019 θάνατον.
240 980 350 1007 Δέδοικε
366 981 420 1015 γὰρ
435 981 486 1016 μὴ,
501 980 551 1016 τῆς
577 981 702 1017 φυλακῆς
729 983 770 1008 ἀπ

938 986 986 1008 Irae
1013 986 1154 1016 tempore,
1181 991 1213 1012 ac
1240 985 1318 1013 nobis
1349 988 1521 1016 adblanditur
1546 993 1672 1020 omnibus

34 1027 110 1058 θεὶς,
123 1028 180 1058 τοῖς
196 1027 317 1062 ἐλέγχοις
333 1027 458 1054 διαλύσοι
471 1027 517 1054 τὸν
545 1027 678 1063 ἀθέμιτον
694 1027 771 1064 θάλαι

934 1028 972 1055 dis
984 1047 993 1060 ,
1021 1034 1047 1055 et
1061 1027 1176 1057 Joannis
1190 1031 1328 1059 interitum
1341 1053 1348 1065 ,
1367 1038 1395 1060 ut
1420 1036 1559 1069 praemium
1584 1039 1671 1072 petit;

35 1072 116 1098 llica
129 1073 144 1106 ή
157 1072 262 1107 ἱστορία
272 1073 316 1099 διὰ
331 1072 434 1099 τούτων
449 1073 619 1101 ἐνδείκνυται
632 1074 639 1100 l
660 1074 771 1102 Ἐπειδέι

935 1078 962 1100 et
981 1074 1054 1101 enim
1072 1082 1106 1102 ne
1124 1077 1303 1112 carcere'jam
1319 1078 1431 1107 liberata
1445 1101 1452 1113 ,
1476 1082 1672 1117 obiurgationi-

34 1118 98 1150 ἕξει
113 1118 160 1144 τοῦ
173 1118 260 1144 κακοῦ
275 1119 378 1156 ποιήσῃ
394 1120 468 1154 ἡμᾶς
485 1120 498 1146 ό
514 1119 651 1153 διάϐολος,
679 1121 720 1148 ἐτι
741 1122 769 1148 δε

933 1128 936 1146 ι
959 1121 1064 1149 crebris
1088 1122 1223 1150 nefarium
1247 1125 1403 1160 conjugitnn
1424 1127 1545 1155 dirimat.
1564 1129 1670 1162 Quanta

34 1164 147 1198 μήποτε
164 1163 357 1199 άνανήψωμεν,
369 1165 418 1196 κα),
426 1166 494 1200 πρὸς
504 1166 661 1200 ἀπόγνωσιν
675 1168 749 1202 ἡμᾶς
764 1168 771 1194 ί

930 1175 932 1180 ·
950 1167 1007 1194 haec
1031 1168 1279 1198 considerationum
1296 1173 1415 1207 suppetit
1435 1175 1523 1208 copia.
1552 1175 1601 1204 Ubi
1619 1185 1667 1205 nos

34 1210 91 1236 θεῖ.
107 1208 191 1242 Οὗτος
207 1211 262 1246 γὰρ
290 1211 304 1238 ό
328 1211 453 1239 Ἰωάννου
481 1213 561 1247 φόνος
586 1213 656 1246 ἐστὶ,
679 1214 726 1241 καὶ
755 1224 768 1241 ο

947 1214 1068 1241 habitum
1097 1216 1199 1249 peccati
1223 1216 1346 1245 diabolus
1371 1220 1426 1253 jam
1444 1220 1555 1255 adegit,
1583 1223 1669 1252 adhuc

33 1257 153 1292 Θνήσκει
169 1257 225 1292 ήὲν
238 1258 305 1292 ἡμῖν
320 1258 402 1293 χάρις
414 1258 462 1285 τοῦ
474 1259 566 1294 λόγου,
593 1260 679 1287 οἱονεὶ
709 1270 770 1297 καρι

933 1259 1004 1292 luit,
1026 1267 1061 1288 ne
1086 1261 1233 1296 aliquando
1249 1263 1458 1300 resipiscamus;
1476 1267 1598 1303 adeoque
1622 1278 1670 1298 nos

32 1303 162 1338 μουμένη
180 1303 218 1338 τῷ
235 1304 307 1338 ξίφει
321 1305 370 1339 τῆς
385 1305 581 1340 ἀπογνώσεως.
596 1307 680 1334 Ὅταν
691 1307 736 1334 οὖν
747 1317 769 1334 τ‹

939 1305 1157 1341 desperationem
1174 1309 1298 1344 impellit.
1323 1309 1385 1338 Haec
1400 1311 1470 1339 enim
1487 1315 1573 1342 caedes
1585 1314 1669 1342 Joan-

32 1349 162 1383 γένηται,
174 1350 310 1385 ἀναχωρεῖ
322 1351 368 1385 ἀφ’
384 1352 463 1386 ἡμῶν
480 1353 496 1388 ή
524 1354 647 1388 σωτηρία
663 1362 669 1370 ⁸
702 1364 711 1380 ι
735 1355 769 1381 ‘A:

953 1357 994 1379 est
1009 1372 1017 1385 ,
1045 1358 1127 1388 atque
1146 1354 1181 1381 ita
1198 1356 1224 1382 in
1242 1356 1319 1383 nobis
1347 1358 1460 1386 rationis
1475 1360 1561 1393 gratia
1587 1361 1668 1388 veluti

33 1404 87 1426 σας
106 1395 170 1430 γὰρ,
183 1397 276 1430 φησὶν,
291 1398 304 1423 ὁ
338 1398 441 1433 Ἰησοῦς
466 1399 651 1434 ἀνεχώρησεν.
671 1410 680 1426 ι
716 1401 761 1433 Ὠς

932 1401 1086 1432 .pcrationis
1114 1401 1206 1436 gladio
1222 1403 1384 1432 obtruncata
1401 1406 1527 1433 moritur.
1552 1407 1669 1440 Quando

31 1439 83 1467 οὖν
103 1441 140 1476 μὴ
160 1442 241 1468 τοῦτο
270 1444 373 1478 συμϐῇ,
409 1445 608 1481 σπουδάσωμεν
627 1446 741 1481 φεύγειν

930 1453 967 1472 ιυι·
983 1445 1009 1473 id
1024 1447 1154 1477 evenerit.
1174 1449 1273 1475 recedit
1285 1457 1299 1475 a
1316 1450 1394 1477 nobis
1405 1451 1497 1479 salus:
1512 1461 1522 1478 ι
1537 1452 1667 1485 Audiens.

39 1487 197 1522 Ἡρωδιάδα
214 1487 263 1523 τὴν
278 1489 456 1524 δερματίνην,
484 1492 706 1527 ὲνστερνίζεσοαι
732 1494 760 1520 δὲ

933 1499 970 1522 ιη,
991 1492 1089 1526 inquit,
1103 1492 1182 1520 Jesus
1198 1495 1324 1521 secessit.
1343 1505 1353 1521 ι
1372 1495 1411 1522 Ne
1429 1496 1511 1531 igitur
1526 1498 1577 1525 hoc
1592 1499 1669 1526 nobis

32 1533 133 1560 ποθεῖν
148 1534 197 1570 τὴν
210 1535 346 1570 όμόζυγον
362 1536 410 1562 τοῦ
430 1536 490 1568 νοὸς
500 1538 612 1573 ἀρετὴν,
626 1538 675 1573 τὴν
688 1538 769 1573 θυγαι

929 1538 1029 1573 tingat,
1046 1541 1204 1567 studeamus
1229 1541 1410 1570 llerodiadem
1434 1543 1507 1571 illam
1526 1544 1666 1579 pelliceam

31 1580 82 1606 τοῦ
101 1580 239 1612 Βασιλέως
251 1581 383 1617 Χριστοῦ,
414 1583 578 1617 ἐφεπόμενοι
595 1583 634 1620 τῷ
654 1586 768 1620 πατριάς

928 1590 972 1609 ere
988 1592 995 1616 ;
1011 1584 1160 1618 amplexari
1178 1593 1241 1613 vero
1264 1591 1290 1613 et
1317 1588 1511 1622 concupiscere
1526 1590 1665 1626 conjugem

39 1625 169 1661 ’Δεραάμ
185 1627 380 1661 ὑποδείγματι,
396 1627 440 1661 ὃς,
459 1628 583 1655 ἐκϐαλὼν
612 1630 662 1664 τὴν
680 1631 774 1657 παιδία

930 1630 979 1656 alis
993 1629 1139 1663 virtutem,
1154 1631 1234 1659 tiliam
1257 1633 1329 1660 illam
1343 1633 1445 1662 Christi
1476 1636 1547 1671 regis
1557 1657 1565 1669 ,
1580 1641 1608 1665 et
1620 1645 1667 1673 pa-

31 1672 149 1699 κατὰτὸ
171 1673 243 1701 Θεῖον
259 1674 413 1712 ἐπίταγμα,
432 1676 549 1710 κατέσχε
590 1676 639 1710 τὴν
667 1678 768 1712 ὲλευοέι

933 1676 1004 1702 rchte
1027 1677 1174 1705 Ahrahami
1206 1686 1396 1708 conscctemur
1421 1683 1592 1717 exemplum,
1620 1685 1666 1719 qui

33 1719 74 1745 Οὐ
88 1720 144 1754 γὰρ
156 1716 190 1755 ἧν
203 1719 281 1755 Θέμις
310 1722 430 1747 συνεῖναι
446 1723 479 1756 τῇ
503 1723 588 1757 ἀρετῇ
607 1722 657 1756 τὴν
683 1723 770 1750 κακία

932 1721 1022 1749 divino
1044 1730 1178 1758 prmcepto
1211 1725 1296 1759 ejecta
1313 1727 1411 1754 ancilla
1424 1747 1431 1760 ,
1451 1729 1564 1756 retinuit
1596 1729 1663 1757 libe-

30 1767 65 1801 τῇ
97 1765 144 1792 τοῦ
163 1767 334 1802 πατριάρχου
354 1767 438 1803 ψυχῇ,
475 1769 544 1803 ὅπερ
574 1769 618 1795 διὰ
644 1770 693 1804 τῆς
722 1770 766 1796 δού

925 1775 945 1795 t.
962 1767 1055 1803 Neque
1072 1771 1143 1796 enim
1161 1771 1201 1798 las
1214 1776 1316 1798 estuna
1337 1773 1440 1800 versari
1460 1774 1485 1801 in
1500 1776 1662 1810 patriarcha:

32 1813 82 1838 καὶ
103 1814 152 1847 τῆς
168 1812 314 1848 ἐλευθέρας
326 1814 340 1839 ὁ
353 1813 431 1848 λόγος
448 1815 570 1850 ᾐνίξατο.
590 1815 710 1851 Ἀληθῶς
722 1818 769 1852 γὰρ

927 1822 969 1841 mo
986 1822 1048 1842 cum
1067 1816 1168 1843 virtute
1193 1818 1323 1844 nlaliﬁam
1337 1838 1343 1850 ,
1372 1820 1443 1853 quod
1460 1828 1507 1855 per
1525 1823 1663 1856 ancillam,

30 1859 83 1893 τῆς
97 1859 196 1891 κακίας
217 1861 378 1895 γεννήματα
403 1862 434 1887 οὑ
459 1858 661 1898 κληρονομήσει
676 1871 745 1897 μετλ

932 1860 1046 1887 liberam
1068 1861 1156 1888 innuit
1182 1870 1273 1890 sermo
1296 1864 1413 1891 divinus.
1441 1865 1479 1892 Re
1505 1867 1577 1894 enim
1602 1876 1665 1896 vera

31 1905 156 1939 εὐγενῶν
170 1906 293 1940 ἐγγόνων
308 1908 358 1941 τῆς
374 1907 487 1942 ἀρετῆς,
505 1908 566 1934 οὐδὲ
588 1908 751 1943 ἐπιϐήσεται

933 1906 939 1933 i
955 1906 1063 1933 soboles
1088 1915 1149 1934 cum
1167 1907 1290 1942 ingenuis
1306 1909 1412 1937 virtutis
1431 1911 1523 1939 liberis
1540 1921 1592 1940 non
1612 1914 1665 1942 ha:-

31 1952 136 1986 νοητὴν
151 1953 202 1986 γῆν
218 1953 269 1987 τῆς
286 1953 466 1987 ἐπαγγελίας.
487 1954 520 1989 ἢν
532 1955 565 1981 0L
574 1956 673 1990 πραεῖς
688 1956 768 1990 κληρ(

930 1952 1020 1983 itabit,
1039 1960 1130 1987 neque
1147 1953 1179 1980 ad
1196 1954 1390 1990 intelligibiletu
1406 1958 1593 1990 promissionis
1613 1965 1666 1987 ter-

33 1999 155 2032 μήσουσι
167 1999 237 2025 κατὰ
251 1999 301 2035 τὴν
318 1999 393 2026 Θείαν
411 2002 515 2036 φωνήν.
533 2001 643 2035 Ταύτης
669 2003 715 2028 καὶ.
743 2004 770 2037 ﬁt

925 2006 937 2024 n
969 1997 1077 2031 adibit,
1109 2006 1190 2033 quam
1219 2000 1296 2034 juxta
1325 2002 1533 2035 promissionem
1560 2005 1662 2033 Domini

30 2043 235 2078 ὲπιΰαίνοιμεν,
254 2044 378 2070 καὶτῶν
415 2046 445 2072 ὲν
470 2046 539 2081 αὐτῇ
581 2047 674 2073 ἀϊδίων
714 2048 767 2082 ἀγα

928 2043 1055 2071 sidebunt
1082 2044 1164 2072 mites
1182 2045 1214 2073 ⁸⁸.
1231 2045 1272 2073 Ad
1298 2047 1366 2074 hanc
1392 2056 1441 2075 nos
1456 2052 1599 2083 pervenire
1611 2071 1619 2084 ,
1636 2057 1664 2080 et

28 2088 242 2123 ἀπολαύσαιμεν
269 2089 428 2124 πρεσὸιίαις
458 2091 505 2117 τοῦ
530 2092 651 2126 μεγάλου
669 2094 765 2128 προφήι

927 2090 1052 2124 tpiternis
1071 2091 1144 2118 illius
1173 2091 1252 2119 hortis
1282 2092 1385 2127 perfrui
1413 2095 1550 2123 enitamur
1578 2097 1664 2126 inter-

28 2134 201 2169 προδρόμου,
216 2135 263 2161 καὶ
277 2135 435 2162 Βαπτιστοῦ
456 2137 594 2170 Ἰωάννου,
610 2139 657 2165 καὶ
669 2140 762 2174 χάριτι

926 2137 1046 2164 sionibus
1064 2137 1154 2172 magni
1175 2138 1248 2166 illius
1263 2141 1412 2174 prophetae,
1435 2144 1620 2178 prmcursoris,
1637 2150 1663 2173 et

29 2181 268 2216 ὑπερφώτου,καὶ
283 2182 441 2218 ζωαρχικῆς
458 2183 588 2219 Τριάδος,
606 2185 654 2220 τῆς
671 2187 700 2212 ὲν
721 2187 762 2212 [Ια

923 2183 1005 2210 ηῑειιε
1018 2183 1131 2210 Joannis
1145 2203 1153 2216 ,
1178 2189 1204 2211 et
1219 2186 1304 2218 gratia
1325 2185 1465 2214 Trinitatis
1489 2189 1550 2216 vitae
1570 2189 1660 2224 fontis,

29 2229 79 2254 καὶ
105 2228 170 2263 Υίῷ,
193 2229 240 2255 καὶ
279 2229 349 2264 ἁγίῳ
379 2230 521 2265 Πνεύματι
539 2232 755 2268 γνωριζομένης,

924 2228 1011 2256 lucem
1027 2229 1183 2256 excedentis
1198 2238 1306 2258 omnem
1323 2231 1390 2266 (10),
1405 2241 1465 2267 quae
1483 2234 1508 2261 in
1533 2235 1613 2264 Patre
1636 2241 1661 2264 ct

29 2272 200 2307 ἀδιαιρέτου,
231 2274 278 2300 καὶ
312 2275 458 2310 ὁμοουσίου
473 2274 766 2313 φύσεως,ᾖπρέπειπη

930 2280 973 2302 cto
992 2274 1095 2309 Spiritu
1113 2278 1286 2311 cognoscitur
1298 2279 1378 2306 unius
1395 2280 1526 2314 iudivisae,
1545 2285 1662 2310 consub-

28 2319 108 2353 τιμὴ,
126 2319 174 2345 καὶ
188 2320 262 2353 δόξα,
273 2321 321 2346 καὶ
332 2321 445 2354 αῖνεσις,
462 2323 509 2348 καὶ
526 2323 762 2359 μεγαλοπρέπεια,

923 2321 1071 2356 ntialisquc
1089 2326 1213 2355 uatum,
1232 2323 1274 2350 cui
1295 2326 1423 2352 convertit
1448 2327 1538 2354 omnis
1563 2328 1660 2362 honor,

29 2366 78 2391 καὶ
99 2367 154 2398 ἀεὶ,
170 2366 218 2392 καὶ
229 2366 269 2397 είς
286 2366 348 2398 τοὺς
363 2367 466 2400 αἰῶνας
481 2368 535 2394 τῶν
549 2369 664 2397 αἰώνων.
687 2371 766 2407 ’Δμήι

924 2367 1014 2402 gleria,
1031 2371 1060 2395 et
1074 2367 1144 2400 laus,
1160 2374 1187 2396 ct
1204 2370 1406 2404 magniﬁcentia
1427 2380 1500 2400 nunc
1517 2378 1543 2401 et
1555 2382 1661 2410 semper

871 2420 898 2440 et
915 2414 940 2440 iu
958 2413 1054 2440 stecula
1072 2414 1240 2441 sa‘culorum.
1261 2418 1356 2445 Amen.

317 2455 448 2482 ὈΜΙΛΙΔ
462 2456 522 2484 ΞΒ¹.

1138 2459 1281 2487 HOMILIA
1313 2460 1393 2490 LXII.

209 2503 262 2534 Εὶς
272 2501 325 2529 τὸν
338 2503 503 2537 γενόμενον
516 2505 647 2539 αὐχμόν.

948 2505 985 2530 De
1000 2505 1120 2531 siccitate
1138 2505 1194 2540 (ll)
1210 2513 1267 2540 quae
1290 2515 1320 2533 eo
1338 2513 1452 2542 tempore
1469 2510 1586 2545 contigit.

68 2557 78 2574 ς
102 2547 151 2574 Tir
163 2547 244 2575 δώσει
255 2549 288 2584 τῇ
299 2548 407 2584 κεφαλῇ
423 2557 473 2585 μου
488 2549 571 2586 ὕδωρ,
589 2551 637 2578 καὶ
652 2552 708 2583 τοῖς
722 2553 805 2587 ὸφοαλ

921 2551 992 2587 ί24,
1015 2560 1023 2576 ι
1047 2550 1114 2583 Quis
1138 2551 1212 2578 dabit
1229 2552 1312 2586 capiti
1336 2561 1395 2581 tuco
1413 2562 1558 2589 aquam,et
1575 2558 1658 2585 oculis

111 2608 208 2636 Matth.
224 2617 251 2642 v,
266 2607 295 2636 4.
603 2640 611 2643 _
923 2645 928 2651 .

653 2647 812 2678 Franctsct
827 2647 930 2678 SCOi‘Sl
947 2648 1040 2677 notas.

67 2694 105 2730 (3)
135 2694 278 2737 Pelliceu_n_t
305 2696 523 2737 interprelamufr;
545 2694 607 2724 Haec
635 2696 822 2732 interpretatio
892 2695 966 2737 _(t.|)
994 2695 1035 2737 ρει
1052 2695 1176 2737 siccitate.
1198 2695 1268 2736 Τι’εεί
1304 2697 1440 2737 siccitates
1470 2705 1595 2737 agrorum
1622 2700 1657 2727 ob

31 2730 152 2757 disiusSa
167 2735 207 2756 est
223 2731 255 2756 ad
268 2732 341 2766 hom.
353 2731 399 2760 52.
417 2736 471 2758 not.
488 2731 533 2759 23.
704 2730 712 2732 ἡ
873 2731 970 2771 pluviae
984 2730 1114 2771 deiectum
1131 2730 1426 2771 Constantiuopqlitauo
1455 2730 1521 2771 etju
1539 2735 1657 2762 circum-

67 2766 125 2799 (l0)
150 2764 244 2791 Lucem
262 2759 409 2793 eludentis
432 2774 543 2793 omnem.
567 2766 757 2806 ’Υπεριρώτοιη
781 2767 821 2806 sit:
874 2759 946 2792 cina
978 2766 1131 2806 regionibus
1165 2759 1448 2806 contigissednaunes
1480 2768 1656 2806 Curopalate,

31 2800 138 2827 locutus
163 2801 233 2827 hom.
250 2801 277 2831 5,
297 2802 328 2826 ad
347 2808 427 2835 quam
438 2802 499 2840 vide
515 2808 572 2830 not.
594 2803 628 2836 ὃς
640 2800 679 2830 ibi
696 2802 767 2830 enim
788 2803 821 2830 de
873 2806 899 2840 et
911 2809 943 2840 ex
955 2808 987 2828 eo
999 2802 1134 2840 Cedrcnns
1146 2803 1291 2840 memmi-ie,
1304 2802 1454 2840 litterisque
1468 2800 1654 2837 prodiderunt.

31 2836 184 2867 huiusmodi
203 2835 330 2868 epithetis
343 2836 489 2870 copiosius.
873 2835 990 2862 l‘rimam
1019 2837 1114 2870 imper.
1145 2837 1253 2869 Basilio,
1282 2837 1325 2872 qui
1344 2835 1477 2873 imperare
1502 2840 1582 2873 cmpit
1596 2845 1655 2873 post
