1867 3055
55 164 118 199 1073

724 165 890 198 HOMILIA
909 167 1003 199 LXII.

1597 169 1669 203 1074

51 223 177 258 γέλλετοὸ
199 224 278 258 Θεὸς,
294 225 321 254 εἰ
339 225 503 261 φυλάττοιεν
525 224 576 257 τάς
599 222 694 251 ἀὐτοῦ
710 222 822 255 ἐντολὰς

905 224 992 252 lueret
1010 224 1124 252 imbrem
1151 225 1327 258 matutinum,
1342 229 1370 253 et
1384 225 1531 254 serotinum
1544 246 1553 260 ,
1580 230 1607 254 et
1624 234 1671 255 re-

50 271 181 306 ἐπιὸρέξαι
208 272 286 299 ὑετὸν
313 272 448 308 πρώῖμον,
479 272 527 298 καὶ
550 271 659 307 ἂψιμον,
686 270 733 298 καὶ
762 270 829 306 πλη-

50 317 218 353 θυνθήσεσθαι
245 318 294 350 τὰς
318 318 426 350 ἅλωνας
457 319 543 352 σίτου,
568 317 616 344 καὶ
637 317 700 349 τοὺς
731 317 828 352 ληνοὺς

46 365 127 394 οἴνου.

81 413 152 448 Ἦμῖν
162 413 187 439 δὲ
197 414 212 448 ἡ
223 412 374 446 ἐπαγγελία
385 412 454 448 αὕτη
464 412 504 444 είς
512 412 666 439 τούναντίον
677 412 827 447 μετεστρα-

45 466 121 491 τττσι,
136 458 230 493 μᾶλλον
243 459 271 486 δὲ
287 459 361 494 ἡμᾶς
379 459 395 493 ἡ
413 458 461 485 τοῦ
480 458 615 493 Ἰερεμίου
629 459 735 494 κατάρα.
761 466 828 485 κατ-

44 505 158 539 είληφεν.
178 506 285 532 (Ἔστω
301 514 352 538 σοι,
367 505 482 540 canali/,6
498 505 568 540 ὑπὲρ
581 505 702 541 κεφαλῆς
713 505 828 540 οὐρανὸς

48 551 247 587 χαλκοῦς,ιτὴν
272 551 392 586 παντελῆ
430 551 577 586 ξηρασίαν,
613 552 661 578 καὶ
691 551 827 587 ἐπίλειψιν

42 597 99 623 τῶν
114 598 208 624 ὑδάτων
244 597 292 624 τοῦ
318 597 497 633 ἀπειλητικοῦ
524 597 604 632 λόγου
633 598 826 633 σημαίνοντος,

44 642 82 669 ’ll
103 643 130 669 οὐ
151 643 229 670 τοῦτο
245 644 313 678 ἡμῖν
337 643 439 678 ἀρτίως
455 642 654 678 πεπλήρωται;
671 644 686 679 ὴ
706 644 755 677 μὲν
772 643 827 679 γὰρ

43 689 80 721 γῆ
93 688 293 724 χαραδρωθεῖσα
309 689 349 724 τῷ
364 688 541 724 αὐχμῷηκαὶ
557 686 613 715 οἷον
627 689 827 716 ἀπολιθωθεῖσα

39 734 97 760 τῶν
118 735 242 769 γεωργῶν
257 734 304 761 τὸν
322 735 404 762 πόνον
427 727 593 770 ὴμᾶλδυνεν.
617 734 688 761 Οὔτε
707 735 761 770 μὴν
774 736 826 771 τὴν

40 781 134 815 ἄροσιν
155 781 373 817 παραδεχομένη,
397 781 460 809 οὔτε
485 782 535 817 τὴν
559 782 698 817 σκάφησιν
712 790 719 798 ”
744 783 779 809 τὰ
798 782 826 809 δὲ

39 827 104 862 λήῖα
129 828 222 863 μικρὸν
246 828 483 863 ὲκΰλαστήααντα,
501 829 548 855 καὶ
571 829 695 864 χρηστὰς
715 827 826 860 ἐλπίδας

39 874 212 908 παρασχόντα
240 874 293 910 πρὸ
304 874 350 901 τοῦ
365 875 550 910 ὲγκυμονῆσαι
565 875 610 902 τὸν
621 874 827 910 ἀσταχυν,ἀπε-

40 920 174 954 μαράνθη,
192 920 239 947 καὶ
255 921 357 957 ᾤχετο,
369 922 437 956 μόνη
452 923 480 949 δὲ
507 922 648 949 λέλειπται
666 922 720 949 τῶν
733 922 824 957 ἀμπέ-

37 965 94 991 λων
112 966 220 992 καὶτῶν
236 967 328 1000 φυτῶν
342 967 358 1002 ἡ
372 967 536 1001 πετάλωσις,
554 967 624 1003 τάχα
636 967 683 994 καὶ
697 968 767 1004 αὐτὴ
778 968 824 995 τὸν

38 1013 103 1045 μετ’
119 1012 206 1046 ὀλίγον
225 1013 371 1048 μαρασμδν
385 1013 596 1049 ὑπεμφαίνουσα
610 1015 655 1041 τὸν
679 1015 821 1050 ἐσόμενον.

35 1055 162 1088 Τοιοῦτος
176 1057 229 1083 τῶν
250 1058 393 1093 ἁμαρτιῶν
409 1060 423 1086 ὁ
441 1060 560 1095 καρπὸς,
584 1060 699 1087 τοιαῦτα
719 1061 753 1087 τὰ
773 1062 824 1096 τῆς

34 1102 137 1133 κακίας
155 1103 287 1138 γεώργια.
309 1104 380 1131 Ἀιιθ“
392 1103 429 1132 ὧν
445 1105 495 1132 οὐκ
511 1106 701 1141 ἐπορεύθημεν
716 1107 745 1133 ἐν
764 1108 824 1139 ταῖς

33 1147 106 1179 ὁδοῖς
119 1149 229 1183 Κυρίου,
246 1150 314 1177 ἀλλά
330 1151 392 1182 ταῖς
405 1152 538 1186 πονηραῖς
551 1151 740 1188 ἐδουλώθημεν
753 1152 824 1188 πρά-

34 1193 121 1225 ξεσιν,
152 1194 274 1230 ἀλλήλων
316 1196 489 1230 φθονοῦντες,
520 1197 574 1224 τῶν
602 1197 751 1224 ἐλαττόνων
777 1199 824 1225 καὶ

34 1240 209 1276 πενεστέρων
238 1242 483 1278 κατεπαιρόμενοι,
513 1243 713 1278 ἐπιθυμοῦντες
742 1253 823 1280 κορε-

33 1286 132 1321 σθῆναι
151 1286 205 1313 τῶν
218 1287 377 1321 ἀλλοτρίων,
391 1288 533 1324 χαίροντες
547 1290 580 1324 τῇ
603 1289 762 1326 δυσπραγίᾳ
775 1291 822 1317 τοῦ

30 1329 164 1362 γείτονος,
191 1330 320 1366 ἀλλήλους
351 1333 541 1365 κατεσθίοντες
567 1335 601 1369 τῇ
637 1335 820 1372 συκοφαντίᾳ,

31 1375 148 1407 ἀτόποις
171 1375 329 1411 ἐπιθυμίαις
351 1377 617 1415 ὂουλαγωγούμενοι,
635 1380 714 1407 ἵπποι
739 1381 823 1416 θηλυ-

33 1424 132 1456 μανεῖς
152 1423 305 1457 γεγονότες,
321 1424 335 1451 ὃ
351 1433 435 1460 φησιν
450 1426 466 1461 ἠ
483 1426 590 1461 Γραφὴ,
606 1426 653 1454 καὶ
675 1427 752 1454 λύκοι
774 1428 824 1464 ἀρ-

29 1475 132 1501 παγες,
146 1468 194 1494 καὶ
206 1469 441 1504 μνησικακοῦντες
465 1471 502 1502 ὡς
512 1472 645 1507 κάμηλοι,
656 1473 824 1502 οὐκὲλεοῦν-

28 1521 78 1544 τες
98 1514 164 1544 τοὺς
179 1514 309 1550 πένητας,
327 1516 358 1542 οὗ
372 1516 581 1551 συμπαθοῦντες
594 1519 651 1549 τοῖς
665 1519 820 1553 πταίουσιν,

882 269 1023 305 plerentur
1039 277 1093 297 arae
1107 269 1255 304 frumento,
1271 274 1298 298 et
1311 270 1455 298 toreularia
1472 271 1536 298 vino
1548 271 1580 298 ".

919 411 1002 441 Nobis
1016 417 1105 440 autem
1122 413 1179 440 haec
1191 412 1332 447 prophetia
1343 412 1370 438 in
1385 411 1553 439 contrarium
1569 411 1650 439 vertit
1661 420 1669 428 -

883 457 930 485 sed
945 459 1035 492 potius
1057 465 1106 485 nos
1122 457 1248 485 Ieremia!
1273 457 1431 491 imprecatio
1454 457 1671 492 comprehendit.

884 511 895 528 ι
919 502 960 530 Sit
976 503 1035 536 tibi,
1064 503 1163 537 inquit,
1186 502 1283 530 cmlum
1300 509 1406 529 aeratam
1422 501 1478 536 (12)
1493 509 1574 536 super
1590 506 1672 536 caput

884 554 959 577 tuum
975 549 1011 582 ⁷⁰,
1030 557 1040 574 ι
1057 548 1157 583 quibus
1173 547 1326 575 minacibus
1343 547 1433 574 verbis
1447 547 1557 574 siccitas
1583 547 1672 574 maxi-

882 603 937 628 ma,
960 599 987 622 et
1002 602 1133 630 aquarum
1151 594 1266 622 defectio
1289 593 1379 621 futura
1396 593 1565 628 signiﬁcatur
1589 592 1672 628 5.25

882 649 972 669 nonne
989 641 1041 669 hoc
1072 641 1098 668 itt
1117 639 1195 668 nobis
1208 640 1296 674 :modo
1320 640 1482 674 completum
1507 638 1567 666 est?
1587 639 1671 666 Terra

884 687 957 714 enim
981 687 1035 714 hac
1050 687 1175 714 siccitate
1203 686 1323 720 torrida,
1345 690 1373 714 et
1397 686 1478 713 veluti
1505 685 1672 720 lapidcsccns

881 740 991 760 omnem
1011 732 1192 768 agricolarum
1215 732 1334 760 laborem
1361 732 1489 759 frustrata
1506 736 1548 758 est
1561 751 1568 763 ,
1585 737 1672 765 neque

883 778 1035 806 arationem
1075 784 1162 812 neque
1199 777 1346 805 fossionem
1377 775 1535 803 admittens.
1561 774 1671 810 Segetes

881 832 946 852 vero
970 824 1111 860 paululum
1137 824 1225 859 primo
1249 823 1434 855 virescentes,
1456 827 1482 849 et
1508 830 1569 857 spes
1585 822 1670 849 bonas

881 872 1074 903 ostendentes,
1100 876 1244 906 antequam
1274 875 1412 905 turgentes
1427 869 1518 913 ἐρίσαι
1540 869 1670 896 lactesce-

842 905 863 933 Β
879 923 959 952 rent,
979 919 1088 947 siccata:
1116 923 1177 945 sunt
1193 924 1220 946 et
1242 918 1393 953 perierunt.
1412 905 1474 944 εἷπε
1490 923 1554 943 vero
1576 916 1602 942 in
1626 914 1669 942 vi-

875 966 948 994 netis
967 969 994 993 et
1018 965 1137 992 arbttstis
1167 964 1292 991 foliorum
1313 963 1482 997 operitncnta
1498 962 1591 989 relicta
1606 965 1670 989 sunt

874 1020 935 1047 qua:
970 1011 1053 1039 etiant
1076 1011 1134 1046 ipsa
1163 1017 1314 1038 marcorem
1338 1009 1450 1043 janrjam
1477 1009 1528 1036 sibi
1551 1008 1669 1036 futurum

874 1057 1020 1086 ostendunt
1031 1056 1114 1091 titulis
1128 1062 1168 1084 est
1178 1061 1350 1091 peccatorum
1368 1055 1481 1087 fructus,
1495 1054 1556 1082 talis
1569 1055 1670 1089 impro-

875 1104 971 1132 bitatis
986 1103 1163 1138 agricultura.
1189 1101 1228 1129 Eo
1250 1102 1323 1137 quod
1349 1103 1375 1128 in
1401 1101 1452 1128 viis
1479 1100 1586 1127 Domini
1616 1107 1668 1127 non

875 1149 1096 1182 ambulavimtts,
1111 1149 1158 1177 sed
1176 1149 1254 1176 malis
1275 1148 1405 1183 operibus
1435 1148 1583 1182 mancipati
1615 1147 1670 1173 fui-

876 1204 937 1224 mus
955 1195 1073 1223 invicem
1101 1195 1273 1228 ittvidentes,
1289 1195 1316 1222 in
1349 1195 1458 1221 infimos
1484 1199 1511 1221 et
1537 1200 1671 1228 pauperes

876 1244 1066 1279 superbientes
1079 1263 1087 1276 ,
1116 1242 1214 1270 alienis
1236 1242 1317 1269 rebus
1330 1237 1459 1269 eisatiari
1476 1241 1671 1275 concupiscen-

876 1294 918 1318 tes
930 1309 938 1322 ,
956 1289 1038 1317 rebus
1054 1288 1178 1316 adversis
1193 1288 1274 1315 vicini
1291 1288 1440 1323 gaudentes
1453 1308 1461 1320 ,
1477 1286 1545 1314 alios
1560 1287 1604 1314 alii
1623 1294 1670 1314 ca-

875 1335 986 1363 lumniis
997 1335 1182 1366 comedentes,
1190 1334 1316 1362 absurdis
1325 1333 1517 1368 cupiditatibus
1528 1333 1551 1369 (1
1557 1333 1671 1368 5)obse-

875 1381 1085 1418 quentes,equi
1107 1380 1226 1408 furentes
1252 1381 1279 1407 in
1305 1380 1422 1408 feminas
1454 1379 1518 1408 facti
1545 1379 1613 1415 (11),
1639 1384 1669 1407 ut

879 1432 917 1459 ait
934 1430 1076 1465 Scriptura
1096 1430 1132 1464 τ’,
1147 1434 1174 1457 et
1194 1429 1249 1465 lupi
1272 1437 1385 1464 rapaces
1398 1449 1406 1462 ,
1429 1433 1457 1457 et
1483 1430 1552 1457 sicut
1575 1429 1671 1458 cameli

876 1484 1011 1504 memores
1036 1476 1195 1512 injttriarum
1218 1475 1296 1511 (15),
1321 1475 1392 1503 nulla
1420 1483 1483 1510 erga
1513 1482 1664 1510 pauperes,

876 1523 948 1551 nulla
995 1530 1058 1558 erga
1115 1527 1262 1556 peccantes
1311 1521 1547 1549 commiseratione
1579 1521 1666 1553 tacti,

28 1559 202 1593 ἀμελοῦντες
223 1561 278 1587 τῶν
301 1562 330 1588 ἐν
349 1563 382 1597 τῇ
407 1562 557 1599 Ἐκκλησία
573 1563 722 1597 συνάξεων,
735 1574 823 1593 κατα-

902 1576 973 1596 icras
1012 1575 1128 1605 synaxes
1173 1567 1300 1595 Ecclesia:
1330 1567 1516 1602 negligentes,
1555 1570 1665 1594 sanctos

27 1605 197 1639 φρονοῦντες
211 1607 264 1634 τῶν
277 1609 433 1642 ἀγίων,τὰς
449 1610 561 1645 μνήμας
574 1610 667 1637 αὐτῶν
686 1611 723 1647 μὴ
740 1612 819 1639 6566-

26 1660 121 1686 μενοι,
138 1652 288 1687 φεύγοντες
308 1654 360 1689 τὴν
383 1655 698 1693 ἐξομολόγησιν,ςῶσπερ
715 1659 740 1684 οί
755 1668 822 1695 φρε-

24 1697 181 1730 νητιῶντες
198 1699 260 1730 τοὺς
270 1698 487 1737 θεραπεύοντας.
507 1702 539 1728 Οί
553 1702 636 1738 ἱερεῖς
652 1703 739 1730 κακὸν
755 1704 821 1731 ὑπό-

25 1745 135 1780 δειγμα
150 1746 282 1781 γεγόνασι
297 1747 335 1783 τῷ
350 1748 407 1784 λαῷ
423 1749 591 1785 ὑϐρίζοντες,
614 1753 821 1788 μνησικακοῦν-

23 1800 84 1824 τες,
114 1792 318 1828 ἐχθραίνοντες,
351 1795 585 1829 ἐπιϐουλεύοντες,
610 1798 650 1829 είς
675 1798 823 1831 πρόσωπον

26 1839 195 1873 βλέποντες,
219 1841 268 1868 οὐκ
299 1841 470 1877 ἐλέγχοντες,
500 1843 549 1869 καὶ
578 1843 751 1879 διορθοῦντες
776 1844 824 1872 τὸν

22 1885 176 1919 πταίοντα,
191 1886 258 1913 ἀλλὰ
278 1889 310 1923 τῇ
325 1890 414 1924 σιωπῇ
430 1889 625 1922 κοινωνοῦντες
638 1892 689 1924 τῇς
704 1891 822 1925 ἀδικίας,

19 1931 61 1963 ὡς
75 1932 90 1958 ό
116 1932 233 1964 παλαιὸς
249 1934 353 1965 ἐκεῖνος
381 1934 466 1964 Ἡλεί,
483 1935 516 1962 Οἱ
542 1935 641 1969 λαῖκοὶ,
658 1937 774 1971 ἀφέντες
789 1938 824 1965 τὰ

19 1977 135 2004 ἑαυτῶν
152 1978 268 2010 ἕκαστος
283 1981 518 2014 περισκοπεῖν,τὰ
532 1981 586 2007 τῶν
602 1981 698 2017 ἱερέων
713 1991 825 2017 περιερ-

20 2024 176 2056 γάζονται,
206 2025 256 2051 καὶ
279 2025 407 2053 δικασταί
438 2028 508 2054 εἰσιν
537 2027 732 2064 ἀπαραίτητοι.
760 2026 824 2064 Ἆρ’

18 2070 74 2095 οὐκ
96 2069 234 2105 ἀλήθειαν
248 2070 320 2104 λέγω
332 2078 341 2103 ;
358 2071 394 2097 Οὐ
408 2071 512 2099 τούτων
522 2072 650 2108 ἔμπλεως
661 2073 716 2100 τῶν
730 2073 824 2101 κακῶν

18 2115 34 2148 ἡ
59 2114 147 2146 πόλις
168 2115 265 2150 ἡμῶν;
283 2116 330 2142 καὶ
343 2116 373 2143 οὐ
398 2116 460 2144 καθ’
476 2118 597 2153 ἑκάστην
611 2118 697 2146 ταῦτα
716 2119 824 2155 μαρτύ-
839 2120 842 2121 ⁷

18 2168 134 2195 potnt;
160 2162 211 2188 οὐκ
238 2161 373 2190 ἐκοπίασα
398 2163 508 2198 κράζων
543 2164 591 2190 καὶ
615 2165 750 2192 νουθετῶν
769 2165 825 2192 τῶν

14 2207 118 2241 ὅρκων
133 2206 288 2242 ἀπέχεσθαι
303 2216 311 2241 ;
333 2209 370 2235 Οὺ
386 2209 546 2244 προέλεγον,
564 2210 601 2242 ὡς
617 2210 648 2237 οὐ
670 2211 824 2246 παρόψεται

874 1621 1103 1648 contemnentes,
1131 1622 1279 1650 eorumque
1302 1614 1447 1641 memorias
1481 1614 1592 1641 minime
1622 1620 1670 1640 co-

875 1661 962 1688 lentes
1000 1661 1057 1697 (16)
1081 1669 1088 1688 :
1114 1661 1312 1689 confessionem
1345 1661 1462 1687 vitantes
1484 1680 1492 1692 ,
1530 1665 1556 1687 et
1590 1659 1669 1694 quasi

875 1707 1026 1742 phrenetici
1050 1707 1171 1734 medicos
1209 1706 1382 1742 refugientes.
1410 1706 1570 1733 Sacerdotes
1602 1712 1668 1740 pra-

876 1760 938 1779 vum
980 1753 1134 1788 exemplum
1169 1753 1268 1788 populo
1300 1753 1364 1780 facti
1389 1757 1454 1779 sunt
1493 1752 1667 1781 contumeliis

877 1798 945 1826 alios
962 1798 1109 1826 allicientes
1123 1818 1130 1830 ,
1148 1799 1262 1834 injurias
1287 1798 1337 1826 sibi
1351 1798 1437 1825 factas
1455 1798 1584 1825 memoria
1601 1798 1669 1825 reti~

877 1850 992 1877 nentes,
1009 1844 1168 1871 initnicitias
1197 1848 1367 1876 exercentes,
1385 1843 1562 1876 insidiantes,
1577 1844 1668 1878 respi-

878 1891 983 1918 cientes
1008 1890 1035 1917 in
1051 1889 1159 1922 faciem,
1177 1897 1229 1916 non
1251 1888 1492 1924 reprehendentes,
1509 1896 1564 1915 non
1580 1889 1668 1916 corri-

877 1941 972 1971 gentes
989 1939 1158 1971 peccantem,
1176 1935 1222 1963 sed
1235 1939 1265 1962 ut
1278 1939 1355 1962 vetus
1373 1934 1418 1961 ille
1436 1934 1493 1961 llcli
1508 1934 1543 1967 ",
1559 1933 1668 1962 silentio

876 1983 940 2010 facti
957 1982 1104 2018 participes
1125 1981 1278 2017 injustitiae.
1303 1980 1377 2008 Laici
1409 1989 1491 2016 porro
1512 1988 1561 2008 stta
1582 1987 1668 2008 unus-

877 2029 994 2064 quisque
1020 2028 1193 2056 consitlerare
1217 2028 1374 2055 omittentes
1399 2026 1570 2054 sacerdotum
1595 2025 1666 2053 facta

877 2075 1036 2109 inquirunt,
1061 2080 1087 2101 et
1108 2074 1215 2110 jtnlices
1240 2079 1303 2101 sunt
1331 2073 1517 2109 implacabiles
1541 2073 1608 2107 (l7).
1625 2073 1666 2099 An

877 2122 1021 2149 veritatem
1038 2128 1091 2148 non
1110 2121 1224 2155 loquor?
1241 2120 1297 2147 Non
1312 2120 1354 2148 Itis
1371 2120 1447 2155 plena
1461 2126 1502 2147 est
1518 2119 1597 2146 malis
1610 2118 1666 2154 (18)

879 2165 975 2193 civitas
1004 2165 1117 2192 nostra?
1136 2165 1231 2192 Nonne
1256 2165 1312 2192 luce
1328 2164 1441 2200 singulis
1459 2165 1554 2191 diebus
1573 2163 1653 2190 atltno

879 2219 941 2239 neo.
955 2210 1051 2239 Nonne
1066 2211 1188 2239 laboravi
1202 2211 1324 2238 clamans
1340 2216 1367 2238 et
1387 2210 1536 2238 admonens
1550 2214 1579 2237 ttt
1596 2218 1609 2237 a
1621 2209 1666 2244 ju-

53 2285 79 2301 ’⁵³
108 2283 173 2312 Joel
200 2293 247 2318 ιιι,
274 2285 322 2320 25,
339 2285 385 2314 24.
421 2286 446 2303 ⁷⁸
471 2286 550 2322 Deut.
567 2287 732 2321 xxvtnﬂl.
770 2287 822 2315 “J

902 2308 909 2316 .
925 2296 952 2319 ν.
973 2289 1001 2317 8.
1038 2289 1061 2305 ⁷³
1077 2288 1087 2315 l
1104 2288 1171 2324 Reg.
1189 2297 1226 2322 tt,
1240 2289 1258 2323 11
1276 2296 1352 2324 seqq.

649 2348 812 2380 Francisci
828 2349 934 2379 Scorsi
954 2352 1049 2380 notae.

51 2409 118 2444 (I‘Z)
152 2408 251 2436 Caelum
269 2418 386 2437 cet-zeum.
401 2408 490 2437 Locus
511 2414 554 2436 est
571 2410 649 2437 Deut.
666 2417 725 2445 cap.
738 2418 822 2438 xxvrtt
841 2413 862 2440 Ι)
912 2410 969 2444 (16)
993 2412 1093 2438 Earum
1116 2413 1257 2438 memorias
1289 2420 1340 2438 non
1366 2411 1516 2439 recolentes.
1543 2412 1581 2439 lix
1594 2412 1664 2441 Gali.

12 2445 65 2473 sed
82 2445 113 2471 in
131 2448 250 2480 utroque
260 2445 406 2480 egemplari
421 2444 611 2480 scriptum:’H
629 2444 821 2480 τοῦῚερεμίου

12 2480 150 2514 κατάρα.
177 2479 254 2512 Apud
279 2478 421 2507 Jeretn‘tatn
440 2486 504 2506 vero
521 2479 591 2506 banc
605 2478 821 2507 tnalcdictioitem

13 2524 75 2542 non
98 2513 194 2548 lego:
211 2521 295 2548 quare
320 2518 439 2541 erratum
469 2513 520 2541 hoc
542 2515 601 2541 loco
630 2514 672 2542 vel
693 2515 823 2543 memoria

12 2551 161 2581 dicentis,
175 2549 216 2577 vel
227 2549 370 2576 scribentis
389 2549 505 2576 incuria.

51 2584 119 2618 (15)
158 2584 286 2610 Absurdis
302 2583 511 2620 cupiditatibus
522 2583 646 2616 Ἂτόποις
661 2584 823 2620 ἐπιθυμίαις

11 2620 290 2652 δουλαγωγούμενοι
305 2627 335 2645 ex
350 2618 420 2646 Call.
436 2619 568 2653 suppleri.

49 2655 117 2690 (14)
154 2653 357 2690 eqtt'furentes
369 2654 396 2680 in
415 2654 536 2690 feminas.
555 2653 620 2690 \{ide
635 2654 669 2690 ad
686 2653 759 2690 born.
776 2654 821 2687 15,

11 2688 75 2717 not.
97 2691 129 2721 8,
157 2689 204 2715 ubi
231 2689 318 2715 locum
332 2688 455 2716 Jeremiae
467 2695 547 2723 quem
566 2688 653 2716 innuit
669 2689 713 2717 hic
728 2688 821 2716 Theo-

11 2727 143 2758 phanes,
158 2724 363 2751 illustravimtts.

48 2760 116 2793 (15)
137 2758 173 2784 Et
198 2759 264 2784 sicut
280 2759 375 2785 cameli
391 2766 516 2785 memores
535 2758 704 2790 iniuriarum.
723 2759 761 2787 De
772 2759 822 2787 hac

11 2793 211 2821 similitudine
234 2794 288 2827 agit
317 2795 372 2828 ipse
392 2793 574 2826 Theophanes
591 2801 670 2826 supra
687 2794 759 2822 boni.
775 2794 821 2827 45,

11 2835 38 2855 ut
75 2830 138 2855 ltoc
166 2829 249 2854 etiam
266 2829 301 2855 sit
320 2829 449 2856 indicium
466 2828 536 2855 inter
567 2832 664 2855 caetera
678 2837 737 2863 qua:
749 2834 823 2856 attu-

11 2864 104 2891 limus
124 2868 188 2890 not.
203 2863 227 2894 l,
240 2865 274 2891 ab
289 2864 383 2891 codem
401 2867 523 2896 auctore,
538 2868 564 2891 et
575 2864 668 2891 eodem
684 2865 742 2892 loco
752 2866 822 2892 hanc

11 2899 120 2927 bontil.
138 2898 256 2926 dictata.

877 2445 935 2472 haec
960 2446 1066 2482 reposui
1082 2446 1161 2472 verba
1187 2447 1278 2473 αὐτῶν
1296 2447 1333 2482 μὴ
1353 2447 1506 2481 σεϐόμενοι,
1523 2447 1549 2474 in
1565 2449 1665 2482 quibus

877 2479 1165 2513 emcndaviperperam
1179 2479 1309 2514 scriptum
1322 2479 1477 2515 σεϐόμενοι,
1493 2483 1539 2509 sed
1555 2479 1581 2509 iri
1595 2483 1663 2511 Pan.

878 2515 993 2550 μνήμας
1018 2519 1120 2550 tantum
1152 2521 1211 2542 erat
1235 2516 1378 2544 deficiente
1400 2524 1492 2550 sensu,
1521 2517 1662 2546 verborum

872 2549 1042 2582 sequentium
1063 2549 1182 2577 defectu.

909 2583 1014 2620 (l7)'Et
1025 2584 1128 2620 iudices
1140 2590 1199 2620 sum
1214 2585 1404 2619 impIaeabiIer.
1416 2585 1443 2613 ltt
1462 2586 1491 2614 P.
1503 2587 1579 2614 deest
1605 2588 1663 2616 hmc

872 2619 1015 2646 sententia.
1031 2619 1084 2646 Sed
1106 2620 1131 2646 id
1142 2619 1211 2648 Gali.
1228 2621 1359 2654 Scriptum
1368 2627 1409 2648 est
1424 2623 1473 2649 hoc
1494 2623 1574 2649 tnodo
1586 2631 1594 2651 :
1607 2624 1663 2650 Kal.

871 2654 1002 2688 δικαστής
1022 2655 1095 2681 ἐστιν
1120 2655 1317 2690 ἀπαραίτητος,
1334 2658 1478 2689 quodcum
1502 2659 1661 2685 mendosum

871 2697 931 2716 esse
957 2696 1094 2727 censerem
1110 2690 1229 2727 correxi_
1244 2691 1290 2727 καὶ
1311 2690 1438 2727 δικασταί
1456 2692 1527 2717 εἰσιν
1539 2692 1661 2727 ἀπαραί-

871 2731 958 2758 τητοι.
984 2723 1052 2750 Natn
1075 2724 1326 2758 profcctottltimum
1346 2726 1456 2752 verbum
1486 2723 1662 2760 ἀπαρέτήτος

871 2765 964 2795 aperte
980 2760 1106 2786 mendum
1117 2760 1246 2792 continet,
1262 2768 1322 2787 cum
1332 2768 1344 2786 ε
1357 2768 1405 2795 pro
1417 2769 1444 2787 αι
1458 2761 1494 2788 sit
1508 2762 1659 2795 scriptum;

872 2794 968 2821 deinde
981 2801 1109 2829 nutrierus
1123 2794 1268 2828 singularis
1293 2796 1338 2829 qui
1355 2796 1482 2822 convenit
1500 2803 1553 2822 nott
1566 2794 1659 2824 'video.

873 2864 888 2890 Γ
908 2828 964 2865 (18)
984 2827 1078 2857 Nomte
1094 2830 1140 2865 Itis
1154 2827 1244 2857 "talis.
1269 2827 1334 2858 Vide
1358 2835 1414 2857 not.
1442 2831 1454 2858 1
1477 2830 1556 2865 hujus
1573 2830 1661 2859 homi-

883 2873 924 2890 ιιιι.

883 2873 924 2892 ιικ.
