  <div class='ocr_page' id='page_1' title='image "/cluster/home/n/w/nwhite01/storage/ocr_20150623/132/njp.32101077773081/578.png"; bbox 0 0 1867 3055; ppageno 0'>
   <div class='ocr_carea' id='block_1_1' title="bbox 37 167 104 199">
    <p class='ocr_par' dir='ltr' id='par_1_1' title="bbox 37 167 104 199">
     <span class='ocr_line' id='line_1_1' title="bbox 37 167 104 199; baseline 0 0"><span class='ocrx_word' id='word_1_1' title='bbox 37 167 104 199; x_wconf 71' lang='grc' dir='ltr'><strong>ῙΟἸἿ</strong></span> 
     </span>
    </p>
   </div>
   <div class='ocr_carea' id='block_1_2' title="bbox 697 168 974 199">
    <p class='ocr_par' dir='ltr' id='par_1_2' title="bbox 697 168 974 199">
     <span class='ocr_line' id='line_1_2' title="bbox 697 168 974 199; baseline -0.004 0"><span class='ocrx_word' id='word_1_2' title='bbox 697 168 794 199; x_wconf 86' lang='lat' dir='ltr'><strong>HOMI</strong></span> <span class='ocrx_word' id='word_1_3' title='bbox 802 168 863 199; x_wconf 83' lang='lat' dir='ltr'><strong>LIA</strong></span> <span class='ocrx_word' id='word_1_4' title='bbox 881 169 974 199; x_wconf 78' lang='lat' dir='ltr'><strong>LXII.</strong></span> 
     </span>
    </p>
   </div>
   <div class='ocr_carea' id='block_1_3' title="bbox 1562 143 1657 198">
    <p class='ocr_par' dir='ltr' id='par_1_3' title="bbox 1562 143 1657 198">
     <span class='ocr_line' id='line_1_3' title="bbox 1562 143 1657 198; baseline -0.021 0"><span class='ocrx_word' id='word_1_5' title='bbox 1562 143 1568 149; x_wconf 63' lang='grc'><em>’</em></span> <span class='ocrx_word' id='word_1_6' title='bbox 1594 165 1657 198; x_wconf 77' lang='grc' dir='ltr'><strong>10ῑὸ</strong></span> 
     </span>
    </p>
   </div>
   <div class='ocr_carea' id='block_1_4' title="bbox 36 222 805 261">
    <p class='ocr_par' dir='ltr' id='par_1_4' title="bbox 36 224 804 261">
     <span class='ocr_line' id='line_1_4' title="bbox 36 224 804 261; baseline 0 -10"><span class='ocrx_word' id='word_1_7' title='bbox 36 225 125 260; x_wconf 76' lang='grc' dir='ltr'>ἡμεῖς,</span> <span class='ocrx_word' id='word_1_8' title='bbox 144 225 191 251; x_wconf 62' lang='grc' dir='ltr'>καὶ</span> <span class='ocrx_word' id='word_1_9' title='bbox 209 224 243 252; x_wconf 82' lang='grc' dir='ltr'><strong>τὰ</strong></span> <span class='ocrx_word' id='word_1_10' title='bbox 272 225 381 261; x_wconf 85' lang='grc' dir='ltr'>στοχεῖα</span> <span class='ocrx_word' id='word_1_11' title='bbox 402 224 562 258; x_wconf 74' lang='grc' dir='ltr'>κολάζονται</span> <span class='ocrx_word' id='word_1_12' title='bbox 579 233 585 239; x_wconf 92' lang='grc'><strong>·</strong></span> <span class='ocrx_word' id='word_1_13' title='bbox 603 224 749 260; x_wconf 77' lang='grc' dir='ltr'><strong>πταίομεν,</strong></span> <span class='ocrx_word' id='word_1_14' title='bbox 770 233 804 251; x_wconf 80' lang='grc' dir='ltr'><strong>κα</strong></span> 
     </span>
    </p>
   </div>
   <div class='ocr_carea' id='block_1_5' title="bbox 900 222 1659 261">
    <p class='ocr_par' dir='ltr' id='par_1_5' title="bbox 905 222 1659 258">
     <span class='ocr_line' id='line_1_5' title="bbox 905 222 1659 258; baseline -0.001 -8"><span class='ocrx_word' id='word_1_15' title='bbox 905 232 975 250; x_wconf 89' lang='lat' dir='ltr'><strong>mur.</strong></span> <span class='ocrx_word' id='word_1_16' title='bbox 998 223 1146 251; x_wconf 80' lang='lat' dir='ltr'><strong>Considera</strong></span> <span class='ocrx_word' id='word_1_17' title='bbox 1161 223 1232 251; x_wconf 87' lang='lat' dir='ltr'><strong>enim</strong></span> <span class='ocrx_word' id='word_1_18' title='bbox 1251 223 1407 258; x_wconf 72' lang='lat' dir='ltr'><strong>patientiam</strong></span> <span class='ocrx_word' id='word_1_19' title='bbox 1424 223 1479 250; x_wconf 84' lang='lat' dir='ltr'><strong>Dei.</strong></span> <span class='ocrx_word' id='word_1_20' title='bbox 1496 222 1549 250; x_wconf 80' lang='lat' dir='ltr'><strong>Nos</strong></span> <span class='ocrx_word' id='word_1_21' title='bbox 1564 229 1659 256; x_wconf 77' lang='lat' dir='ltr'><strong>pecca-</strong></span> 
     </span>
    </p>
   </div>
   <div class='ocr_carea' id='block_1_6' title="bbox 35 271 818 307">
    <p class='ocr_par' dir='ltr' id='par_1_6' title="bbox 35 271 818 307">
     <span class='ocr_line' id='line_1_6' title="bbox 35 271 818 307; baseline 0.001 -11"><span class='ocrx_word' id='word_1_22' title='bbox 35 271 197 306; x_wconf 77' lang='grc' dir='ltr'><strong>τιμωρεῖται</strong></span> <span class='ocrx_word' id='word_1_23' title='bbox 213 272 230 307; x_wconf 82' lang='grc' dir='ltr'>ὴ</span> <span class='ocrx_word' id='word_1_24' title='bbox 254 272 291 307; x_wconf 88' lang='grc' dir='ltr'><strong>γῆ</strong></span> <span class='ocrx_word' id='word_1_25' title='bbox 304 280 312 288; x_wconf 89' lang='grc'><strong>·</strong></span> <span class='ocrx_word' id='word_1_26' title='bbox 335 271 438 307; x_wconf 81' lang='grc' dir='ltr'>φαῦλον</span> <span class='ocrx_word' id='word_1_27' title='bbox 467 272 524 307; x_wconf 85' lang='grc' dir='ltr'>βίον</span> <span class='ocrx_word' id='word_1_28' title='bbox 547 272 638 307; x_wconf 79' lang='grc' dir='ltr'>ζῶμεν</span> <span class='ocrx_word' id='word_1_29' title='bbox 657 272 749 306; x_wconf 87' lang='grc' dir='ltr'><strong>ἡμεῖς,</strong></span> <span class='ocrx_word' id='word_1_30' title='bbox 770 272 818 297; x_wconf 70' lang='grc' dir='ltr'>καὶ</span> 
     </span>
    </p>
   </div>
   <div class='ocr_carea' id='block_1_7' title="bbox 37 317 820 355">
    <p class='ocr_par' dir='ltr' id='par_1_7' title="bbox 37 317 820 355">
     <span class='ocr_line' id='line_1_7' title="bbox 37 317 820 355; baseline 0 -12"><span class='ocrx_word' id='word_1_31' title='bbox 37 317 199 352; x_wconf 78' lang='grc' dir='ltr'>μαστίζεται</span> <span class='ocrx_word' id='word_1_32' title='bbox 214 318 248 345; x_wconf 85' lang='grc' dir='ltr'><strong>τὰ</strong></span> <span class='ocrx_word' id='word_1_33' title='bbox 269 319 361 354; x_wconf 79' lang='grc' dir='ltr'>ἄψυχα</span> <span class='ocrx_word' id='word_1_34' title='bbox 372 327 380 335; x_wconf 93' lang='grc'><strong>·</strong></span> <span class='ocrx_word' id='word_1_35' title='bbox 398 318 545 355; x_wconf 74' lang='grc' dir='ltr'>ὑϐρίζομεν</span> <span class='ocrx_word' id='word_1_36' title='bbox 561 319 607 345; x_wconf 71' lang='grc' dir='ltr'><strong>τὸν</strong></span> <span class='ocrx_word' id='word_1_37' title='bbox 632 318 758 352; x_wconf 83' lang='grc' dir='ltr'>Πλάστην</span> <span class='ocrx_word' id='word_1_38' title='bbox 775 317 820 344; x_wconf 74' lang='grc' dir='ltr'>διὰ</span> 
     </span>
    </p>
   </div>
   <div class='ocr_carea' id='block_1_8' title="bbox 36 363 819 401">
    <p class='ocr_par' dir='ltr' id='par_1_8' title="bbox 36 363 819 401">
     <span class='ocr_line' id='line_1_8' title="bbox 36 363 819 401; baseline 0 -10"><span class='ocrx_word' id='word_1_39' title='bbox 36 363 89 391; x_wconf 85' lang='grc' dir='ltr'>τῶν</span> <span class='ocrx_word' id='word_1_40' title='bbox 102 365 222 400; x_wconf 71' lang='grc' dir='ltr'>αἰσχρῶν</span> <span class='ocrx_word' id='word_1_41' title='bbox 237 366 315 401; x_wconf 81' lang='grc' dir='ltr'>ἡμῶν</span> <span class='ocrx_word' id='word_1_42' title='bbox 330 366 467 401; x_wconf 82' lang='grc' dir='ltr'>πράξεων,</span> <span class='ocrx_word' id='word_1_43' title='bbox 485 367 533 394; x_wconf 73' lang='grc' dir='ltr'>καὶ</span> <span class='ocrx_word' id='word_1_44' title='bbox 547 366 653 401; x_wconf 81' lang='grc' dir='ltr'>δέχεται</span> <span class='ocrx_word' id='word_1_45' title='bbox 663 366 712 401; x_wconf 87' lang='grc' dir='ltr'>τὴν</span> <span class='ocrx_word' id='word_1_46' title='bbox 723 364 819 400; x_wconf 87' lang='grc' dir='ltr'>ποινὴν</span> 
     </span>
    </p>
   </div>
   <div class='ocr_carea' id='block_1_9' title="bbox 35 409 820 447">
    <p class='ocr_par' dir='ltr' id='par_1_9' title="bbox 35 409 820 447">
     <span class='ocr_line' id='line_1_9' title="bbox 35 409 820 447; baseline 0.003 -12"><span class='ocrx_word' id='word_1_47' title='bbox 35 409 69 436; x_wconf 77' lang='grc' dir='ltr'><strong>τὰ</strong></span> <span class='ocrx_word' id='word_1_48' title='bbox 88 409 170 444; x_wconf 78' lang='grc' dir='ltr'>μηδὲν</span> <span class='ocrx_word' id='word_1_49' title='bbox 183 410 237 445; x_wconf 83' lang='grc' dir='ltr'>ἁμα</span> <span class='ocrx_word' id='word_1_50' title='bbox 243 410 380 447; x_wconf 80' lang='grc' dir='ltr'>ρτήσαντα</span> <span class='ocrx_word' id='word_1_51' title='bbox 393 417 400 425; x_wconf 93' lang='grc'><strong>·</strong></span> <span class='ocrx_word' id='word_1_52' title='bbox 415 410 510 446; x_wconf 79' lang='grc' dir='ltr'>ὥσπερ</span> <span class='ocrx_word' id='word_1_53' title='bbox 524 410 557 438; x_wconf 75' lang='grc' dir='ltr'>ἂν</span> <span class='ocrx_word' id='word_1_54' title='bbox 567 411 593 437; x_wconf 84' lang='grc' dir='ltr'>ετ</span> <span class='ocrx_word' id='word_1_55' title='bbox 608 419 649 443; x_wconf 88' lang='grc' dir='ltr'><strong>τις</strong></span> <span class='ocrx_word' id='word_1_56' title='bbox 663 410 709 437; x_wconf 86' lang='grc' dir='ltr'>τοῦ</span> <span class='ocrx_word' id='word_1_57' title='bbox 725 409 820 442; x_wconf 73' lang='grc' dir='ltr'>παιδὸς</span> 
     </span>
    </p>
   </div>
   <div class='ocr_carea' id='block_1_10' title="bbox 37 455 819 492">
    <p class='ocr_par' dir='ltr' id='par_1_10' title="bbox 37 455 819 492">
     <span class='ocr_line' id='line_1_10' title="bbox 37 455 819 492; baseline 0.004 -11"><span class='ocrx_word' id='word_1_58' title='bbox 37 455 184 489; x_wconf 80' lang='grc' dir='ltr'><strong>σφαλέντος</strong></span> <span class='ocrx_word' id='word_1_59' title='bbox 204 456 276 483; x_wconf 83' lang='grc' dir='ltr'>κατὰ</span> <span class='ocrx_word' id='word_1_60' title='bbox 299 456 347 484; x_wconf 80' lang='grc' dir='ltr'>τοῦ</span> <span class='ocrx_word' id='word_1_61' title='bbox 365 456 459 484; x_wconf 80' lang='grc' dir='ltr'>δούλου</span> <span class='ocrx_word' id='word_1_62' title='bbox 481 457 591 492; x_wconf 78' lang='grc' dir='ltr'><strong>ἐκφέρει</strong></span> <span class='ocrx_word' id='word_1_63' title='bbox 618 458 667 492; x_wconf 83' lang='grc' dir='ltr'>τὴν</span> <span class='ocrx_word' id='word_1_64' title='bbox 692 457 819 492; x_wconf 77' lang='grc' dir='ltr'>βάσανον.</span> 
     </span>
    </p>
   </div>
   <div class='ocr_carea' id='block_1_11' title="bbox 34 501 820 539">
    <p class='ocr_par' dir='ltr' id='par_1_11' title="bbox 34 501 820 539">
     <span class='ocr_line' id='line_1_11' title="bbox 34 501 820 539; baseline 0.004 -12"><span class='ocrx_word' id='word_1_65' title='bbox 34 501 161 528; x_wconf 78' lang='grc' dir='ltr'>Τοιοῦτον</span> <span class='ocrx_word' id='word_1_66' title='bbox 189 501 288 538; x_wconf 81' lang='grc' dir='ltr'>ἔχομεν</span> <span class='ocrx_word' id='word_1_67' title='bbox 317 503 420 538; x_wconf 77' lang='grc' dir='ltr'>ἀγαθὸν</span> <span class='ocrx_word' id='word_1_68' title='bbox 434 503 583 539; x_wconf 73' lang='grc' dir='ltr'>’Δεσπότην</span> <span class='ocrx_word' id='word_1_69' title='bbox 603 512 610 519; x_wconf 72' lang='grc' dir='ltr'><strong>ο</strong></span> <span class='ocrx_word' id='word_1_70' title='bbox 634 503 721 535; x_wconf 78' lang='grc' dir='ltr'>οὕτως</span> <span class='ocrx_word' id='word_1_71' title='bbox 745 503 820 539; x_wconf 81' lang='grc' dir='ltr'>ἡμᾶς</span> 
     </span>
    </p>
   </div>
   <div class='ocr_carea' id='block_1_12' title="bbox 35 547 820 585">
    <p class='ocr_par' dir='ltr' id='par_1_12' title="bbox 35 547 820 585">
     <span class='ocr_line' id='line_1_12' title="bbox 35 547 820 585; baseline 0.004 -12"><span class='ocrx_word' id='word_1_72' title='bbox 35 547 157 574; x_wconf 79' lang='grc' dir='ltr'>νουθετεῖ</span> <span class='ocrx_word' id='word_1_73' title='bbox 171 549 317 582; x_wconf 79' lang='grc' dir='ltr'><strong>ἐπανάγων</strong></span> <span class='ocrx_word' id='word_1_74' title='bbox 336 550 404 585; x_wconf 74' lang='grc' dir='ltr'>πρὸς</span> <span class='ocrx_word' id='word_1_75' title='bbox 423 550 474 583; x_wconf 82' lang='grc' dir='ltr'>τὴν</span> <span class='ocrx_word' id='word_1_76' title='bbox 490 550 642 585; x_wconf 77' lang='grc' dir='ltr'><strong>διόρθωσιν.</strong></span> <span class='ocrx_word' id='word_1_77' title='bbox 668 550 723 577; x_wconf 78' lang='grc' dir='ltr'><strong>Καὶ</strong></span> <span class='ocrx_word' id='word_1_78' title='bbox 738 550 820 576; x_wconf 80' lang='grc' dir='ltr'><strong>τείνει</strong></span> 
     </span>
    </p>
   </div>
   <div class='ocr_carea' id='block_1_13' title="bbox 37 591 821 629">
    <p class='ocr_par' dir='ltr' id='par_1_13' title="bbox 37 591 821 629">
     <span class='ocr_line' id='line_1_13' title="bbox 37 591 821 629; baseline 0.004 -12"><span class='ocrx_word' id='word_1_79' title='bbox 37 591 87 625; x_wconf 82' lang='grc' dir='ltr'>μὲν</span> <span class='ocrx_word' id='word_1_80' title='bbox 103 591 132 618; x_wconf 81' lang='grc' dir='ltr'><strong>τὸ</strong></span> <span class='ocrx_word' id='word_1_81' title='bbox 151 591 228 624; x_wconf 80' lang='grc' dir='ltr'>τόξον</span> <span class='ocrx_word' id='word_1_82' title='bbox 245 593 295 628; x_wconf 84' lang='grc' dir='ltr'><strong>τῆς</strong></span> <span class='ocrx_word' id='word_1_83' title='bbox 311 593 438 627; x_wconf 78' lang='grc' dir='ltr'><strong>ἀπειλῆς,</strong></span> <span class='ocrx_word' id='word_1_84' title='bbox 462 593 555 628; x_wconf 83' lang='grc' dir='ltr'>ὲπέχει</span> <span class='ocrx_word' id='word_1_85' title='bbox 578 593 606 619; x_wconf 76' lang='grc' dir='ltr'><strong>δὲ</strong></span> <span class='ocrx_word' id='word_1_86' title='bbox 631 593 660 619; x_wconf 85' lang='grc' dir='ltr'>τὸ</span> <span class='ocrx_word' id='word_1_87' title='bbox 675 593 751 628; x_wconf 81' lang='grc' dir='ltr'>βέλος</span> <span class='ocrx_word' id='word_1_88' title='bbox 771 593 821 629; x_wconf 84' lang='grc' dir='ltr'><strong>τῆς</strong></span> 
     </span>
    </p>
   </div>
   <div class='ocr_carea' id='block_1_14' title="bbox 34 637 820 674">
    <p class='ocr_par' dir='ltr' id='par_1_14' title="bbox 34 637 820 674">
     <span class='ocr_line' id='line_1_14' title="bbox 34 637 820 674; baseline 0.005 -12"><span class='ocrx_word' id='word_1_89' title='bbox 34 637 176 672; x_wconf 71' lang='grc' dir='ltr'>ὀργῆς.οὑ</span> <span class='ocrx_word' id='word_1_90' title='bbox 190 638 245 674; x_wconf 73' lang='grc' dir='ltr'><strong>γὰρ</strong></span> <span class='ocrx_word' id='word_1_91' title='bbox 261 638 387 674; x_wconf 86' lang='grc' dir='ltr'>βούλεται</span> <span class='ocrx_word' id='word_1_92' title='bbox 399 639 445 666; x_wconf 81' lang='grc' dir='ltr'><strong>τὸν</strong></span> <span class='ocrx_word' id='word_1_93' title='bbox 457 639 575 674; x_wconf 73' lang='grc' dir='ltr'>ψυχικὸν</span> <span class='ocrx_word' id='word_1_94' title='bbox 594 639 673 674; x_wconf 80' lang='grc' dir='ltr'>ἡμῶν</span> <span class='ocrx_word' id='word_1_95' title='bbox 693 638 820 673; x_wconf 85' lang='grc' dir='ltr'>θάνατον,</span> 
     </span>
    </p>
   </div>
   <div class='ocr_carea' id='block_1_15' title="bbox 34 683 820 721">
    <p class='ocr_par' dir='ltr' id='par_1_15' title="bbox 34 683 820 721">
     <span class='ocr_line' id='line_1_15' title="bbox 34 683 820 721; baseline 0.004 -12"><span class='ocrx_word' id='word_1_96' title='bbox 34 683 106 710; x_wconf 79' lang='grc' dir='ltr'><strong>ἀλλὰ</strong></span> <span class='ocrx_word' id='word_1_97' title='bbox 121 683 170 719; x_wconf 87' lang='grc' dir='ltr'>τὴν</span> <span class='ocrx_word' id='word_1_98' title='bbox 192 684 361 721; x_wconf 73' lang='grc' dir='ltr'>ἐπιστροφὴν</span> <span class='ocrx_word' id='word_1_99' title='bbox 378 685 520 721; x_wconf 75' lang='grc' dir='ltr'><strong>ἀναμένει,</strong></span> <span class='ocrx_word' id='word_1_100' title='bbox 537 685 584 713; x_wconf 72' lang='grc' dir='ltr'>καὶ</span> <span class='ocrx_word' id='word_1_101' title='bbox 598 685 648 720; x_wconf 88' lang='grc' dir='ltr'>τὴν</span> <span class='ocrx_word' id='word_1_102' title='bbox 665 685 820 721; x_wconf 85' lang='grc' dir='ltr'>μετάνοιαν.</span> 
     </span>
    </p>
   </div>
   <div class='ocr_carea' id='block_1_16' title="bbox 35 727 821 767">
    <p class='ocr_par' dir='ltr' id='par_1_16' title="bbox 35 727 821 767">
     <span class='ocr_line' id='line_1_16' title="bbox 35 727 821 767; baseline 0.003 -11"><span class='ocrx_word' id='word_1_103' title='bbox 35 729 182 765; x_wconf 88' lang='grc' dir='ltr'>Γενώμεθα</span> <span class='ocrx_word' id='word_1_104' title='bbox 196 727 253 763; x_wconf 82' lang='grc' dir='ltr'>οὖν,</span> <span class='ocrx_word' id='word_1_105' title='bbox 270 731 393 765; x_wconf 75' lang='grc' dir='ltr'>ἀδελφοὶ,</span> <span class='ocrx_word' id='word_1_106' title='bbox 405 732 433 758; x_wconf 80' lang='grc' dir='ltr'>ὲν</span> <span class='ocrx_word' id='word_1_107' title='bbox 448 731 575 764; x_wconf 71' lang='grc' dir='ltr'>αἰσθήσει</span> <span class='ocrx_word' id='word_1_108' title='bbox 589 731 637 758; x_wconf 85' lang='grc' dir='ltr'>τοῦ</span> <span class='ocrx_word' id='word_1_109' title='bbox 648 731 801 767; x_wconf 73' lang='grc' dir='ltr'>πρέποντος</span> <span class='ocrx_word' id='word_1_110' title='bbox 813 739 821 747; x_wconf 89' lang='grc'><strong>·</strong></span> 
     </span>
    </p>
   </div>
   <div class='ocr_carea' id='block_1_17' title="bbox 35 774 823 813">
    <p class='ocr_par' dir='ltr' id='par_1_17' title="bbox 35 774 823 813">
     <span class='ocr_line' id='line_1_17' title="bbox 35 774 823 813; baseline 0.004 -12"><span class='ocrx_word' id='word_1_111' title='bbox 35 774 217 810; x_wconf 78' lang='grc' dir='ltr'>ἱλεωσώμεοα</span> <span class='ocrx_word' id='word_1_112' title='bbox 241 776 288 803; x_wconf 83' lang='grc' dir='ltr'>τὸν</span> <span class='ocrx_word' id='word_1_113' title='bbox 299 776 484 812; x_wconf 80' lang='grc' dir='ltr'>εὖσπλαγχνον</span> <span class='ocrx_word' id='word_1_114' title='bbox 501 777 603 812; x_wconf 78' lang='grc' dir='ltr'>Κύριον</span> <span class='ocrx_word' id='word_1_115' title='bbox 615 785 622 793; x_wconf 89' lang='grc'><strong>·</strong></span> <span class='ocrx_word' id='word_1_116' title='bbox 638 779 675 813; x_wconf 85' lang='grc' dir='ltr'>μὴ</span> <span class='ocrx_word' id='word_1_117' title='bbox 700 778 823 813; x_wconf 82' lang='grc' dir='ltr'>χείρονες</span> 
     </span>
    </p>
   </div>
   <div class='ocr_carea' id='block_1_18' title="bbox 32 822 823 858">
    <p class='ocr_par' dir='ltr' id='par_1_18' title="bbox 32 822 823 858">
     <span class='ocr_line' id='line_1_18' title="bbox 32 822 823 858; baseline 0.005 -10"><span class='ocrx_word' id='word_1_118' title='bbox 32 822 163 858; x_wconf 71' lang='grc' dir='ltr'>ὀφθῶμεν</span> <span class='ocrx_word' id='word_1_119' title='bbox 176 823 231 850; x_wconf 78' lang='grc' dir='ltr'><strong>τῶν</strong></span> <span class='ocrx_word' id='word_1_120' title='bbox 246 823 407 851; x_wconf 77' lang='grc' dir='ltr'>Νινευῖτῶν.</span> <span class='ocrx_word' id='word_1_121' title='bbox 426 824 550 857; x_wconf 80' lang='grc' dir='ltr'>Ἐκεῖνοι,</span> <span class='ocrx_word' id='word_1_122' title='bbox 565 824 667 852; x_wconf 78' lang='grc' dir='ltr'>ἐθνικοὶ</span> <span class='ocrx_word' id='word_1_123' title='bbox 688 825 763 858; x_wconf 77' lang='grc' dir='ltr'>ὄντες</span> <span class='ocrx_word' id='word_1_124' title='bbox 777 825 823 852; x_wconf 67' lang='grc' dir='ltr'><strong>καὶ¹</strong></span> 
     </span>
    </p>
   </div>
   <div class='ocr_carea' id='block_1_19' title="bbox 31 868 822 906">
    <p class='ocr_par' dir='ltr' id='par_1_19' title="bbox 31 868 822 906">
     <span class='ocr_line' id='line_1_19' title="bbox 31 868 822 906; baseline 0.005 -12"><span class='ocrx_word' id='word_1_125' title='bbox 31 868 156 900; x_wconf 83' lang='grc' dir='ltr'>ἄπιστοι,</span> <span class='ocrx_word' id='word_1_126' title='bbox 175 868 269 905; x_wconf 69' lang='grc' dir='ltr'>ἐπειδὴ</span> <span class='ocrx_word' id='word_1_127' title='bbox 283 869 359 905; x_wconf 77' lang='grc' dir='ltr'>παρὰ</span> <span class='ocrx_word' id='word_1_128' title='bbox 378 869 425 896; x_wconf 86' lang='grc' dir='ltr'>τοῦ</span> <span class='ocrx_word' id='word_1_129' title='bbox 441 871 584 906; x_wconf 79' lang='grc' dir='ltr'>προφήτου</span> <span class='ocrx_word' id='word_1_130' title='bbox 598 870 648 906; x_wconf 80' lang='grc' dir='ltr'>τὴν</span> <span class='ocrx_word' id='word_1_131' title='bbox 667 879 822 905; x_wconf 82' lang='grc' dir='ltr'>καταστρο·</span> 
     </span>
    </p>
   </div>
   <div class='ocr_carea' id='block_1_20' title="bbox 33 915 822 953">
    <p class='ocr_par' dir='ltr' id='par_1_20' title="bbox 33 915 822 953">
     <span class='ocr_line' id='line_1_20' title="bbox 33 915 822 953; baseline 0.004 -12"><span class='ocrx_word' id='word_1_132' title='bbox 33 915 90 950; x_wconf 73' lang='grc' dir='ltr'><strong>φῆν</strong></span> <span class='ocrx_word' id='word_1_133' title='bbox 104 915 154 950; x_wconf 88' lang='grc' dir='ltr'><strong>τῆς</strong></span> <span class='ocrx_word' id='word_1_134' title='bbox 169 915 274 947; x_wconf 79' lang='grc' dir='ltr'>πόλεως</span> <span class='ocrx_word' id='word_1_135' title='bbox 298 915 412 951; x_wconf 80' lang='grc' dir='ltr'>ἔμαθον,</span> <span class='ocrx_word' id='word_1_136' title='bbox 429 916 564 952; x_wconf 82' lang='grc' dir='ltr'><strong>τοσαύτην</strong></span> <span class='ocrx_word' id='word_1_137' title='bbox 579 917 752 950; x_wconf 70' lang='grc' dir='ltr'>ἐπεδείξαντο</span> <span class='ocrx_word' id='word_1_138' title='bbox 774 926 822 953; x_wconf 90' lang='grc' dir='ltr'>με-</span> 
     </span>
    </p>
   </div>
   <div class='ocr_carea' id='block_1_21' title="bbox 31 963 823 1002">
    <p class='ocr_par' dir='ltr' id='par_1_21' title="bbox 31 963 823 1002">
     <span class='ocr_line' id='line_1_21' title="bbox 31 963 823 1002; baseline 0.004 -13"><span class='ocrx_word' id='word_1_139' title='bbox 31 963 160 996; x_wconf 70' lang='grc' dir='ltr'>τάνοιαν,</span> <span class='ocrx_word' id='word_1_140' title='bbox 175 963 213 995; x_wconf 86' lang='grc' dir='ltr'>ὡς</span> <span class='ocrx_word' id='word_1_141' title='bbox 231 964 278 990; x_wconf 79' lang='grc' dir='ltr'>καὶ</span> <span class='ocrx_word' id='word_1_142' title='bbox 291 964 326 990; x_wconf 83' lang='grc' dir='ltr'>τὰ</span> <span class='ocrx_word' id='word_1_143' title='bbox 354 964 439 1000; x_wconf 86' lang='grc' dir='ltr'>νήπια</span> <span class='ocrx_word' id='word_1_144' title='bbox 453 966 501 992; x_wconf 73' lang='grc' dir='ltr'><strong>καὶ</strong></span> <span class='ocrx_word' id='word_1_145' title='bbox 523 965 557 992; x_wconf 83' lang='grc' dir='ltr'>τὰ</span> <span class='ocrx_word' id='word_1_146' title='bbox 575 966 664 1002; x_wconf 86' lang='grc' dir='ltr'>κτήνη</span> <span class='ocrx_word' id='word_1_147' title='bbox 679 966 823 1001; x_wconf 81' lang='grc' dir='ltr'>νηστεύειν</span> 
     </span>
    </p>
   </div>
   <div class='ocr_carea' id='block_1_22' title="bbox 30 1012 822 1050">
    <p class='ocr_par' dir='ltr' id='par_1_22' title="bbox 30 1012 822 1050">
     <span class='ocr_line' id='line_1_22' title="bbox 30 1012 822 1050; baseline 0.005 -13"><span class='ocrx_word' id='word_1_148' title='bbox 30 1012 206 1046; x_wconf 74' lang='grc' dir='ltr'>ἡνάγκασαν,</span> <span class='ocrx_word' id='word_1_149' title='bbox 224 1012 272 1038; x_wconf 77' lang='grc' dir='ltr'>καὶ</span> <span class='ocrx_word' id='word_1_150' title='bbox 286 1012 382 1040; x_wconf 80' lang='grc' dir='ltr'>σποδὸν</span> <span class='ocrx_word' id='word_1_151' title='bbox 403 1014 450 1040; x_wconf 71' lang='grc' dir='ltr'><strong>καὶ</strong></span> <span class='ocrx_word' id='word_1_152' title='bbox 479 1014 582 1040; x_wconf 79' lang='grc' dir='ltr'>σάκκον</span> <span class='ocrx_word' id='word_1_153' title='bbox 602 1014 822 1050; x_wconf 78' lang='grc' dir='ltr'>περιεϐάλλοντο,</span> 
     </span>
    </p>
   </div>
   <div class='ocr_carea' id='block_1_23' title="bbox 31 1058 821 1097">
    <p class='ocr_par' dir='ltr' id='par_1_23' title="bbox 31 1058 821 1097">
     <span class='ocr_line' id='line_1_23' title="bbox 31 1058 821 1097; baseline 0.004 -12"><span class='ocrx_word' id='word_1_154' title='bbox 31 1058 85 1085; x_wconf 70' lang='grc' dir='ltr'><strong>καὶ.</strong></span> <span class='ocrx_word' id='word_1_155' title='bbox 93 1058 172 1087; x_wconf 68' lang='grc' dir='ltr'>οὕτω</span> <span class='ocrx_word' id='word_1_156' title='bbox 184 1058 453 1095; x_wconf 62' lang='grc' dir='ltr'>τῆςδικαίας-ὐργῆς</span> <span class='ocrx_word' id='word_1_157' title='bbox 465 1059 511 1087; x_wconf 82' lang='grc' dir='ltr'>τοῦ</span> <span class='ocrx_word' id='word_1_158' title='bbox 527 1059 596 1088; x_wconf 86' lang='grc' dir='ltr'>Θεοῦ</span> <span class='ocrx_word' id='word_1_159' title='bbox 612 1060 821 1097; x_wconf 74' lang='grc' dir='ltr'><strong>ἀπηλλάγησαν.</strong></span> 
     </span>
    </p>
   </div>
   <div class='ocr_carea' id='block_1_24' title="bbox 70 1149 823 1187">
    <p class='ocr_par' dir='ltr' id='par_1_24' title="bbox 70 1149 823 1187">
     <span class='ocr_line' id='line_1_24' title="bbox 70 1149 823 1187; baseline 0.004 -11"><span class='ocrx_word' id='word_1_160' title='bbox 70 1149 259 1185; x_wconf 83' lang='grc' dir='ltr'>Δακρύσωμεν</span> <span class='ocrx_word' id='word_1_161' title='bbox 284 1149 330 1176; x_wconf 74' lang='grc' dir='ltr'>οὖν</span> <span class='ocrx_word' id='word_1_162' title='bbox 359 1150 407 1177; x_wconf 74' lang='grc' dir='ltr'>καὶ</span> <span class='ocrx_word' id='word_1_163' title='bbox 434 1151 533 1186; x_wconf 77' lang='grc' dir='ltr'>ἡμεῖς,</span> <span class='ocrx_word' id='word_1_164' title='bbox 560 1150 823 1187; x_wconf 74' lang='grc' dir='ltr'>ἐξομολογησώμεθα</span> 
     </span>
    </p>
   </div>
   <div class='ocr_carea' id='block_1_25' title="bbox 29 1195 823 1234">
    <p class='ocr_par' dir='ltr' id='par_1_25' title="bbox 29 1195 823 1234">
     <span class='ocr_line' id='line_1_25' title="bbox 29 1195 823 1234; baseline 0.004 -12"><span class='ocrx_word' id='word_1_165' title='bbox 29 1195 152 1228; x_wconf 73' lang='grc' dir='ltr'>ἕκαστος</span> <span class='ocrx_word' id='word_1_166' title='bbox 178 1196 212 1224; x_wconf 83' lang='grc' dir='ltr'>τὰ</span> <span class='ocrx_word' id='word_1_167' title='bbox 237 1197 291 1223; x_wconf 82' lang='grc' dir='ltr'>ἴδια</span> <span class='ocrx_word' id='word_1_168' title='bbox 308 1196 467 1232; x_wconf 71' lang='grc' dir='ltr'>πταίσματα</span> <span class='ocrx_word' id='word_1_169' title='bbox 483 1205 490 1212; x_wconf 92' lang='grc'><strong>·</strong></span> <span class='ocrx_word' id='word_1_170' title='bbox 513 1198 736 1234; x_wconf 74' lang='grc' dir='ltr'>προσληψώμεθα</span> <span class='ocrx_word' id='word_1_171' title='bbox 752 1199 823 1234; x_wconf 72' lang='grc' dir='ltr'>πρὸς</span> 
     </span>
    </p>
   </div>
   <div class='ocr_carea' id='block_1_26' title="bbox 29 1241 824 1278">
    <p class='ocr_par' dir='ltr' id='par_1_26' title="bbox 29 1241 824 1278">
     <span class='ocr_line' id='line_1_26' title="bbox 29 1241 824 1278; baseline 0.005 -10"><span class='ocrx_word' id='word_1_172' title='bbox 29 1241 103 1268; x_wconf 82' lang='grc' dir='ltr'>Θεὸν</span> <span class='ocrx_word' id='word_1_173' title='bbox 116 1241 240 1278; x_wconf 79' lang='grc' dir='ltr'>μεσίτους</span> <span class='ocrx_word' id='word_1_174' title='bbox 254 1243 317 1273; x_wconf 76' lang='grc' dir='ltr'>τοὺς</span> <span class='ocrx_word' id='word_1_175' title='bbox 332 1242 436 1277; x_wconf 80' lang='grc' dir='ltr'>ἁγίους,</span> <span class='ocrx_word' id='word_1_176' title='bbox 454 1242 516 1274; x_wconf 82' lang='grc' dir='ltr'>τούς</span> <span class='ocrx_word' id='word_1_177' title='bbox 532 1252 561 1270; x_wconf 83' lang='grc' dir='ltr'><strong>τε</strong></span> <span class='ocrx_word' id='word_1_178' title='bbox 577 1243 673 1275; x_wconf 78' lang='grc' dir='ltr'>ἄλλους</span> <span class='ocrx_word' id='word_1_179' title='bbox 690 1245 738 1271; x_wconf 77' lang='grc' dir='ltr'><strong>καὶ</strong></span> <span class='ocrx_word' id='word_1_180' title='bbox 758 1253 824 1272; x_wconf 85' lang='grc' dir='ltr'>κατ-</span> 
     </span>
    </p>
   </div>
   <div class='ocr_carea' id='block_1_27' title="bbox 29 1288 822 1327">
    <p class='ocr_par' dir='ltr' id='par_1_27' title="bbox 29 1288 822 1327">
     <span class='ocr_line' id='line_1_27' title="bbox 29 1288 822 1327; baseline 0.005 -12"><span class='ocrx_word' id='word_1_181' title='bbox 29 1288 176 1324; x_wconf 81' lang='grc' dir='ltr'>εξαίρετον</span> <span class='ocrx_word' id='word_1_182' title='bbox 198 1288 247 1324; x_wconf 88' lang='grc' dir='ltr'>τὴν</span> <span class='ocrx_word' id='word_1_183' title='bbox 264 1288 429 1324; x_wconf 65' lang='grc' dir='ltr'>,ύπέραγνον</span> <span class='ocrx_word' id='word_1_184' title='bbox 454 1290 614 1322; x_wconf 77' lang='grc' dir='ltr'>Δέσποιναν,</span> <span class='ocrx_word' id='word_1_185' title='bbox 635 1291 684 1326; x_wconf 84' lang='grc' dir='ltr'>τὴν</span> <span class='ocrx_word' id='word_1_186' title='bbox 711 1293 822 1327; x_wconf 85' lang='grc' dir='ltr'>ταχεῖαν</span> 
     </span>
    </p>
   </div>
   <div class='ocr_carea' id='block_1_28' title="bbox 29 1334 824 1374">
    <p class='ocr_par' dir='ltr' id='par_1_28' title="bbox 29 1334 824 1374">
     <span class='ocr_line' id='line_1_28' title="bbox 29 1334 824 1374; baseline 0.005 -13"><span class='ocrx_word' id='word_1_187' title='bbox 29 1335 207 1370; x_wconf 80' lang='grc' dir='ltr'>προστασίαν</span> <span class='ocrx_word' id='word_1_188' title='bbox 224 1335 272 1362; x_wconf 79' lang='grc' dir='ltr'>καὶ</span> <span class='ocrx_word' id='word_1_189' title='bbox 301 1334 408 1372; x_wconf 79' lang='grc' dir='ltr'>ἄμαχον</span> <span class='ocrx_word' id='word_1_190' title='bbox 421 1344 427 1350; x_wconf 94' lang='grc'><strong>·</strong></span> <span class='ocrx_word' id='word_1_191' title='bbox 451 1336 653 1372; x_wconf 83' lang='grc' dir='ltr'>προσπέσωμεν</span> <span class='ocrx_word' id='word_1_192' title='bbox 670 1337 739 1373; x_wconf 76' lang='grc' dir='ltr'>αὐτῇ</span> <span class='ocrx_word' id='word_1_193' title='bbox 754 1338 824 1374; x_wconf 82' lang='grc' dir='ltr'>μετὰ</span> 
     </span>
    </p>
   </div>
   <div class='ocr_carea' id='block_1_29' title="bbox 27 1380 308 1416">
    <p class='ocr_par' dir='ltr' id='par_1_29' title="bbox 27 1380 308 1416">
     <span class='ocr_line' id='line_1_29' title="bbox 27 1380 308 1416; baseline 0 -9"><span class='ocrx_word' id='word_1_194' title='bbox 27 1380 162 1416; x_wconf 74' lang='grc' dir='ltr'>δακρύων</span> <span class='ocrx_word' id='word_1_195' title='bbox 175 1381 308 1416; x_wconf 76' lang='grc' dir='ltr'>δεόμενοι.</span> 
     </span>
    </p>
   </div>
   <div class='ocr_carea' id='block_1_30' title="bbox 69 1426 824 1466">
    <p class='ocr_par' dir='ltr' id='par_1_30' title="bbox 69 1426 824 1466">
     <span class='ocr_line' id='line_1_30' title="bbox 69 1426 824 1466; baseline 0.009 -14"><span class='ocrx_word' id='word_1_196' title='bbox 69 1426 164 1462; x_wconf 84' lang='grc' dir='ltr'>Κυρία</span> <span class='ocrx_word' id='word_1_197' title='bbox 185 1426 328 1458; x_wconf 78' lang='grc' dir='ltr'>Δέσποινα.</span> <span class='ocrx_word' id='word_1_198' title='bbox 342 1427 358 1463; x_wconf 83' lang='grc' dir='ltr'>ἡ</span> <span class='ocrx_word' id='word_1_199' title='bbox 378 1428 424 1454; x_wconf 78' lang='grc' dir='ltr'>τὸν</span> <span class='ocrx_word' id='word_1_200' title='bbox 439 1427 505 1456; x_wconf 76' lang='grc' dir='ltr'>Θεὸν</span> <span class='ocrx_word' id='word_1_201' title='bbox 520 1429 606 1463; x_wconf 79' lang='grc' dir='ltr'>Λόγον</span> <span class='ocrx_word' id='word_1_202' title='bbox 625 1430 654 1456; x_wconf 79' lang='grc' dir='ltr'>ἐν</span> <span class='ocrx_word' id='word_1_203' title='bbox 665 1431 764 1466; x_wconf 84' lang='grc' dir='ltr'>γαστρί</span> <span class='ocrx_word' id='word_1_204' title='bbox 776 1440 824 1459; x_wconf 86' lang='grc' dir='ltr'><strong>σου</strong></span> 
     </span>
    </p>
   </div>
   <div class='ocr_carea' id='block_1_31' title="bbox 28 1473 824 1513">
    <p class='ocr_par' dir='ltr' id='par_1_31' title="bbox 28 1473 824 1513">
     <span class='ocr_line' id='line_1_31' title="bbox 28 1473 824 1513; baseline 0.006 -14"><span class='ocrx_word' id='word_1_205' title='bbox 28 1473 107 1507; x_wconf 80' lang='grc' dir='ltr'>ὑπὲρ</span> <span class='ocrx_word' id='word_1_206' title='bbox 123 1473 203 1507; x_wconf 79' lang='grc' dir='ltr'>λόγον</span> <span class='ocrx_word' id='word_1_207' title='bbox 228 1475 391 1509; x_wconf 83' lang='grc' dir='ltr'>χωρήσασα,</span> <span class='ocrx_word' id='word_1_208' title='bbox 409 1475 425 1510; x_wconf 85' lang='grc' dir='ltr'><strong>ἡ</strong></span> <span class='ocrx_word' id='word_1_209' title='bbox 450 1475 500 1510; x_wconf 85' lang='grc' dir='ltr'>τὴν</span> <span class='ocrx_word' id='word_1_210' title='bbox 520 1475 601 1509; x_wconf 84' lang='grc' dir='ltr'>φύσιν</span> <span class='ocrx_word' id='word_1_211' title='bbox 626 1477 704 1512; x_wconf 84' lang='grc' dir='ltr'>ἡμῶν</span> <span class='ocrx_word' id='word_1_212' title='bbox 725 1477 763 1513; x_wconf 84' lang='grc' dir='ltr'>τῷ</span> <span class='ocrx_word' id='word_1_213' title='bbox 785 1477 824 1513; x_wconf 85' lang='grc' dir='ltr'><strong>σῷ</strong></span> 
     </span>
    </p>
   </div>
   <div class='ocr_carea' id='block_1_32' title="bbox 25 1519 823 1560">
    <p class='ocr_par' dir='ltr' id='par_1_32' title="bbox 25 1519 823 1560">
     <span class='ocr_line' id='line_1_32' title="bbox 25 1519 823 1560; baseline 0.008 -15"><span class='ocrx_word' id='word_1_214' title='bbox 25 1519 109 1553; x_wconf 78' lang='grc' dir='ltr'>τόκῳ</span> <span class='ocrx_word' id='word_1_215' title='bbox 125 1519 262 1551; x_wconf 76' lang='grc' dir='ltr'>θεὼσασα.</span> <span class='ocrx_word' id='word_1_216' title='bbox 278 1521 295 1555; x_wconf 85' lang='grc' dir='ltr'>ἠ</span> <span class='ocrx_word' id='word_1_217' title='bbox 313 1519 373 1555; x_wconf 83' lang='grc' dir='ltr'><strong>Θεῷ</strong></span> <span class='ocrx_word' id='word_1_218' title='bbox 388 1521 436 1547; x_wconf 77' lang='grc' dir='ltr'>καὶ</span> <span class='ocrx_word' id='word_1_219' title='bbox 457 1521 612 1557; x_wconf 80' lang='grc' dir='ltr'>ἀνθρώποις</span> <span class='ocrx_word' id='word_1_220' title='bbox 632 1523 672 1558; x_wconf 87' lang='grc' dir='ltr'>τῷ</span> <span class='ocrx_word' id='word_1_221' title='bbox 687 1523 760 1560; x_wconf 72' lang='grc' dir='ltr'>τόκῳ</span> <span class='ocrx_word' id='word_1_222' title='bbox 776 1532 823 1552; x_wconf 89' lang='grc' dir='ltr'><strong>σου</strong></span> 
     </span>
    </p>
   </div>
   <div class='ocr_carea' id='block_1_33' title="bbox 870 269 1656 304">
    <p class='ocr_par' dir='ltr' id='par_1_33' title="bbox 870 269 1656 304">
     <span class='ocr_line' id='line_1_33' title="bbox 870 269 1656 304; baseline -0.004 -7"><span class='ocrx_word' id='word_1_223' title='bbox 870 278 943 304; x_wconf 89' lang='lat' dir='ltr'><strong>mus,</strong></span> <span class='ocrx_word' id='word_1_224' title='bbox 962 274 986 296; x_wconf 92' lang='lat' dir='ltr'><strong>ct</strong></span> <span class='ocrx_word' id='word_1_225' title='bbox 1000 270 1135 297; x_wconf 82' lang='lat' dir='ltr'><strong>elementa</strong></span> <span class='ocrx_word' id='word_1_226' title='bbox 1160 270 1323 299; x_wconf 76' lang='lat' dir='ltr'><strong>multantur:</strong></span> <span class='ocrx_word' id='word_1_227' title='bbox 1350 278 1401 297; x_wconf 88' lang='lat' dir='ltr'><strong>nos</strong></span> <span class='ocrx_word' id='word_1_228' title='bbox 1429 269 1608 301; x_wconf 76' lang='lat' dir='ltr'><strong>oﬂ&#39;endimus,</strong></span> <span class='ocrx_word' id='word_1_229' title='bbox 1629 272 1656 295; x_wconf 84' lang='lat' dir='ltr'><strong>ct</strong></span> 
     </span>
    </p>
   </div>
   <div class='ocr_carea' id='block_1_34' title="bbox 871 317 1659 354">
    <p class='ocr_par' dir='ltr' id='par_1_34' title="bbox 871 317 1659 354">
     <span class='ocr_line' id='line_1_34' title="bbox 871 317 1659 354; baseline 0 -10"><span class='ocrx_word' id='word_1_230' title='bbox 871 322 941 345; x_wconf 84' lang='lat' dir='ltr'><strong>terra</strong></span> <span class='ocrx_word' id='word_1_231' title='bbox 964 318 1074 352; x_wconf 75' lang='lat' dir='ltr'><strong>punitur</strong></span> <span class='ocrx_word' id='word_1_232' title='bbox 1091 317 1167 353; x_wconf 70' lang='lat'><strong>(22);</strong></span> <span class='ocrx_word' id='word_1_233' title='bbox 1181 319 1277 345; x_wconf 85' lang='lat' dir='ltr'><strong>malam</strong></span> <span class='ocrx_word' id='word_1_234' title='bbox 1296 326 1345 346; x_wconf 90' lang='lat' dir='ltr'><strong>nos</strong></span> <span class='ocrx_word' id='word_1_235' title='bbox 1359 319 1440 354; x_wconf 65' lang='grc'><strong>427</strong></span> <span class='ocrx_word' id='word_1_236' title='bbox 1455 318 1558 353; x_wconf 79' lang='lat' dir='ltr'><strong>agimus</strong></span> <span class='ocrx_word' id='word_1_237' title='bbox 1578 318 1659 344; x_wconf 79' lang='lat' dir='ltr'><strong>vitam</strong></span> 
     </span>
    </p>
   </div>
   <div class='ocr_carea' id='block_1_35' title="bbox 869 363 1658 400">
    <p class='ocr_par' dir='ltr' id='par_1_35' title="bbox 869 363 1658 400">
     <span class='ocr_line' id='line_1_35' title="bbox 869 363 1658 400; baseline 0 -10"><span class='ocrx_word' id='word_1_238' title='bbox 869 368 896 390; x_wconf 90' lang='lat' dir='ltr'><strong>et</strong></span> <span class='ocrx_word' id='word_1_239' title='bbox 908 364 1025 391; x_wconf 82' lang='lat' dir='ltr'><strong>inanima</strong></span> <span class='ocrx_word' id='word_1_240' title='bbox 1035 363 1220 400; x_wconf 79' lang='lat' dir='ltr'><strong>ﬂagellantur;</strong></span> <span class='ocrx_word' id='word_1_241' title='bbox 1233 365 1358 400; x_wconf 89' lang='lat' dir='ltr'><strong>turpibus</strong></span> <span class='ocrx_word' id='word_1_242' title='bbox 1371 365 1470 392; x_wconf 84' lang='lat' dir='ltr'><strong>nostris</strong></span> <span class='ocrx_word' id='word_1_243' title='bbox 1484 364 1658 396; x_wconf 82' lang='lat' dir='ltr'><strong>facinoribus,</strong></span> 
     </span>
    </p>
   </div>
   <div class='ocr_carea' id='block_1_36' title="bbox 870 409 1659 446">
    <p class='ocr_par' dir='ltr' id='par_1_36' title="bbox 870 409 1659 446">
     <span class='ocr_line' id='line_1_36' title="bbox 870 409 1659 446; baseline 0.003 -11"><span class='ocrx_word' id='word_1_244' title='bbox 870 409 997 444; x_wconf 87' lang='lat' dir='ltr'><strong>injuriam</strong></span> <span class='ocrx_word' id='word_1_245' title='bbox 1014 409 1137 438; x_wconf 81' lang='lat' dir='ltr'><strong>Creatori</strong></span> <span class='ocrx_word' id='word_1_246' title='bbox 1162 410 1297 446; x_wconf 78' lang='lat' dir='ltr'><strong>iacimus;</strong></span> <span class='ocrx_word' id='word_1_247' title='bbox 1323 416 1350 439; x_wconf 91' lang='lat' dir='ltr'><strong>et</strong></span> <span class='ocrx_word' id='word_1_248' title='bbox 1367 419 1474 446; x_wconf 77' lang='lat' dir='ltr'><strong>poenam</strong></span> <span class='ocrx_word' id='word_1_249' title='bbox 1498 411 1659 445; x_wconf 62' lang='lat' dir='ltr'><strong>suscipiunt,</strong></span> 
     </span>
    </p>
   </div>
   <div class='ocr_carea' id='block_1_37' title="bbox 871 455 1658 492">
    <p class='ocr_par' dir='ltr' id='par_1_37' title="bbox 871 455 1658 492">
     <span class='ocr_line' id='line_1_37' title="bbox 871 455 1658 492; baseline 0.004 -12"><span class='ocrx_word' id='word_1_250' title='bbox 871 461 931 488; x_wconf 66' lang='lat' dir='ltr'><strong>quas</strong></span> <span class='ocrx_word' id='word_1_251' title='bbox 945 455 1012 482; x_wconf 87' lang='lat' dir='ltr'><strong>nihil</strong></span> <span class='ocrx_word' id='word_1_252' title='bbox 1036 461 1234 491; x_wconf 84' lang='lat' dir='ltr'><strong>peccaverunt:</strong></span> <span class='ocrx_word' id='word_1_253' title='bbox 1252 457 1362 492; x_wconf 80' lang='lat' dir='ltr'><strong>perinde</strong></span> <span class='ocrx_word' id='word_1_254' title='bbox 1378 463 1405 484; x_wconf 93' lang='grc' dir='ltr'><strong>ιιι</strong></span> <span class='ocrx_word' id='word_1_255' title='bbox 1424 457 1446 484; x_wconf 88' lang='lat' dir='ltr'><strong>si</strong></span> <span class='ocrx_word' id='word_1_256' title='bbox 1464 457 1524 492; x_wconf 89' lang='lat' dir='ltr'><strong>quis</strong></span> <span class='ocrx_word' id='word_1_257' title='bbox 1540 457 1593 484; x_wconf 92' lang='lat' dir='ltr'><strong>ﬁlio</strong></span> <span class='ocrx_word' id='word_1_258' title='bbox 1613 457 1658 483; x_wconf 79' lang='lat' dir='ltr'><strong>dc-</strong></span> 
     </span>
    </p>
   </div>
   <div class='ocr_carea' id='block_1_38' title="bbox 872 499 1658 534">
    <p class='ocr_par' dir='ltr' id='par_1_38' title="bbox 872 499 1658 534">
     <span class='ocr_line' id='line_1_38' title="bbox 872 499 1658 534; baseline 0.003 -8"><span class='ocrx_word' id='word_1_259' title='bbox 872 499 1010 534; x_wconf 89' lang='lat' dir='ltr'><strong>linquente</strong></span> <span class='ocrx_word' id='word_1_260' title='bbox 1034 508 1142 529; x_wconf 90' lang='lat' dir='ltr'><strong>servum</strong></span> <span class='ocrx_word' id='word_1_261' title='bbox 1166 503 1308 530; x_wconf 91' lang='lat' dir='ltr'><strong>tormentis</strong></span> <span class='ocrx_word' id='word_1_262' title='bbox 1334 502 1442 530; x_wconf 86' lang='lat' dir='ltr'><strong>aﬁiciat.</strong></span> <span class='ocrx_word' id='word_1_263' title='bbox 1465 503 1538 529; x_wconf 84' lang='lat' dir='ltr'><strong>Adeo</strong></span> <span class='ocrx_word' id='word_1_264' title='bbox 1560 502 1658 529; x_wconf 88' lang='lat' dir='ltr'><strong>bonum</strong></span> 
     </span>
    </p>
   </div>
   <div class='ocr_carea' id='block_1_39' title="bbox 871 546 1659 582">
    <p class='ocr_par' dir='ltr' id='par_1_39' title="bbox 871 546 1659 582">
     <span class='ocr_line' id='line_1_39' title="bbox 871 546 1659 582; baseline 0.001 -9"><span class='ocrx_word' id='word_1_265' title='bbox 871 546 1004 575; x_wconf 82' lang='lat' dir='ltr'><strong>habemus</strong></span> <span class='ocrx_word' id='word_1_266' title='bbox 1021 547 1162 575; x_wconf 88' lang='lat' dir='ltr'><strong>Dominum</strong></span> <span class='ocrx_word' id='word_1_267' title='bbox 1173 567 1180 580; x_wconf 87' lang='lat'><em>.</em></span> <span class='ocrx_word' id='word_1_268' title='bbox 1200 549 1238 576; x_wconf 86' lang='lat' dir='ltr'><strong>ita</strong></span> <span class='ocrx_word' id='word_1_269' title='bbox 1256 556 1305 576; x_wconf 89' lang='lat' dir='ltr'><strong>nos</strong></span> <span class='ocrx_word' id='word_1_270' title='bbox 1320 548 1454 580; x_wconf 79' lang='lat' dir='ltr'><strong>admonet,</strong></span> <span class='ocrx_word' id='word_1_271' title='bbox 1465 552 1494 574; x_wconf 90' lang='lat' dir='ltr'><strong>nt</strong></span> <span class='ocrx_word' id='word_1_272' title='bbox 1507 548 1539 575; x_wconf 89' lang='lat' dir='ltr'><strong>ad</strong></span> <span class='ocrx_word' id='word_1_273' title='bbox 1556 547 1659 582; x_wconf 77' lang='lat' dir='ltr'><strong>frugem</strong></span> 
     </span>
    </p>
   </div>
   <div class='ocr_carea' id='block_1_40' title="bbox 872 593 1659 629">
    <p class='ocr_par' dir='ltr' id='par_1_40' title="bbox 872 593 1659 629">
     <span class='ocr_line' id='line_1_40' title="bbox 872 593 1659 629; baseline -0.003 -8"><span class='ocrx_word' id='word_1_274' title='bbox 872 594 969 621; x_wconf 88' lang='lat' dir='ltr'><strong>bonam</strong></span> <span class='ocrx_word' id='word_1_275' title='bbox 984 593 1100 621; x_wconf 80' lang='lat' dir='ltr'><strong>adducat</strong></span> <span class='ocrx_word' id='word_1_276' title='bbox 1111 601 1118 626; x_wconf 86' lang='lat'><strong>;</strong></span> <span class='ocrx_word' id='word_1_277' title='bbox 1131 598 1157 621; x_wconf 90' lang='lat' dir='ltr'><strong>et</strong></span> <span class='ocrx_word' id='word_1_278' title='bbox 1167 601 1259 622; x_wconf 89' lang='lat' dir='ltr'><strong>arcum</strong></span> <span class='ocrx_word' id='word_1_279' title='bbox 1271 593 1378 629; x_wconf 87' lang='lat' dir='ltr'><strong>quidem</strong></span> <span class='ocrx_word' id='word_1_280' title='bbox 1393 594 1522 621; x_wconf 91' lang='lat' dir='ltr'><strong>minarum</strong></span> <span class='ocrx_word' id='word_1_281' title='bbox 1535 593 1659 624; x_wconf 84' lang='lat' dir='ltr'><strong>intendit,</strong></span> 
     </span>
    </p>
   </div>
   <div class='ocr_carea' id='block_1_41' title="bbox 873 640 1660 676">
    <p class='ocr_par' dir='ltr' id='par_1_41' title="bbox 873 640 1660 676">
     <span class='ocr_line' id='line_1_41' title="bbox 873 640 1660 676; baseline -0.001 -8"><span class='ocrx_word' id='word_1_282' title='bbox 873 640 983 669; x_wconf 82' lang='lat' dir='ltr'><strong>cohibet</strong></span> <span class='ocrx_word' id='word_1_283' title='bbox 1003 649 1068 670; x_wconf 89' lang='lat' dir='ltr'><strong>vero</strong></span> <span class='ocrx_word' id='word_1_284' title='bbox 1087 642 1235 671; x_wconf 76' lang='lat' dir='ltr'><strong>iracundiae</strong></span> <span class='ocrx_word' id='word_1_285' title='bbox 1251 642 1350 676; x_wconf 86' lang='lat' dir='ltr'><strong>telum;</strong></span> <span class='ocrx_word' id='word_1_286' title='bbox 1368 650 1425 670; x_wconf 90' lang='lat' dir='ltr'><strong>non</strong></span> <span class='ocrx_word' id='word_1_287' title='bbox 1441 642 1513 670; x_wconf 91' lang='lat' dir='ltr'><strong>enim</strong></span> <span class='ocrx_word' id='word_1_288' title='bbox 1528 642 1584 669; x_wconf 85' lang='lat' dir='ltr'><strong>vult</strong></span> <span class='ocrx_word' id='word_1_289' title='bbox 1600 641 1660 668; x_wconf 88' lang='lat' dir='ltr'><strong>ani-</strong></span> 
     </span>
    </p>
   </div>
   <div class='ocr_carea' id='block_1_42' title="bbox 873 687 1662 722">
    <p class='ocr_par' dir='ltr' id='par_1_42' title="bbox 873 687 1662 722">
     <span class='ocr_line' id='line_1_42' title="bbox 873 687 1662 722; baseline -0.001 -8"><span class='ocrx_word' id='word_1_290' title='bbox 873 695 924 715; x_wconf 70' lang='lat' dir='ltr'><strong>mae</strong></span> <span class='ocrx_word' id='word_1_291' title='bbox 941 692 1041 716; x_wconf 66' lang='lat' dir='ltr'><strong>nostra:</strong></span> <span class='ocrx_word' id='word_1_292' title='bbox 1065 692 1180 716; x_wconf 88' lang='lat' dir='ltr'><strong>mortem</strong></span> <span class='ocrx_word' id='word_1_293' title='bbox 1192 709 1200 721; x_wconf 90' lang='lat'><strong>,</strong></span> <span class='ocrx_word' id='word_1_294' title='bbox 1223 689 1270 717; x_wconf 84' lang='lat' dir='ltr'><strong>sed</strong></span> <span class='ocrx_word' id='word_1_295' title='bbox 1295 688 1500 717; x_wconf 82' lang='lat' dir='ltr'><strong>conversionem</strong></span> <span class='ocrx_word' id='word_1_296' title='bbox 1512 708 1519 721; x_wconf 91' lang='lat'><strong><em>,</em></strong></span> <span class='ocrx_word' id='word_1_297' title='bbox 1534 691 1560 715; x_wconf 89' lang='lat' dir='ltr'><strong>et</strong></span> <span class='ocrx_word' id='word_1_298' title='bbox 1574 687 1662 722; x_wconf 81' lang='lat' dir='ltr'><strong>poeni-</strong></span> 
     </span>
    </p>
   </div>
   <div class='ocr_carea' id='block_1_43' title="bbox 873 732 1662 770">
    <p class='ocr_par' dir='ltr' id='par_1_43' title="bbox 873 732 1662 770">
     <span class='ocr_line' id='line_1_43' title="bbox 873 732 1662 770; baseline 0.003 -12"><span class='ocrx_word' id='word_1_299' title='bbox 873 732 987 759; x_wconf 91' lang='lat' dir='ltr'><strong>tentiam</strong></span> <span class='ocrx_word' id='word_1_300' title='bbox 1009 737 1161 768; x_wconf 84' lang='lat' dir='ltr'><strong>exspectat.</strong></span> <span class='ocrx_word' id='word_1_301' title='bbox 1178 733 1381 770; x_wconf 81' lang='lat' dir='ltr'><strong>Resipiscamus</strong></span> <span class='ocrx_word' id='word_1_302' title='bbox 1396 734 1488 769; x_wconf 80' lang='lat' dir='ltr'><strong>igitur,</strong></span> <span class='ocrx_word' id='word_1_303' title='bbox 1503 732 1603 760; x_wconf 81' lang='lat' dir='ltr'><strong>fratres</strong></span> <span class='ocrx_word' id='word_1_304' title='bbox 1613 753 1620 765; x_wconf 86' lang='lat'>,</span> <span class='ocrx_word' id='word_1_305' title='bbox 1634 737 1662 760; x_wconf 90' lang='lat' dir='ltr'><strong>et</strong></span> 
     </span>
    </p>
   </div>
   <div class='ocr_carea' id='block_1_44' title="bbox 874 777 1661 814">
    <p class='ocr_par' dir='ltr' id='par_1_44' title="bbox 874 777 1661 814">
     <span class='ocr_line' id='line_1_44' title="bbox 874 777 1661 814; baseline 0.001 -9"><span class='ocrx_word' id='word_1_306' title='bbox 874 785 934 812; x_wconf 71' lang='lat' dir='ltr'><strong>quae</strong></span> <span class='ocrx_word' id='word_1_307' title='bbox 950 785 999 806; x_wconf 89' lang='lat' dir='ltr'><strong>nos</strong></span> <span class='ocrx_word' id='word_1_308' title='bbox 1008 778 1101 806; x_wconf 78' lang='lat' dir='ltr'><strong>facere</strong></span> <span class='ocrx_word' id='word_1_309' title='bbox 1111 779 1238 813; x_wconf 81' lang='lat' dir='ltr'><strong>deceant,</strong></span> <span class='ocrx_word' id='word_1_310' title='bbox 1251 780 1410 812; x_wconf 84' lang='lat' dir='ltr'><strong>sentiamus,</strong></span> <span class='ocrx_word' id='word_1_311' title='bbox 1425 778 1570 814; x_wconf 84' lang='lat' dir='ltr'><strong>propitium</strong></span> <span class='ocrx_word' id='word_1_312' title='bbox 1583 777 1661 806; x_wconf 89' lang='lat' dir='ltr'><strong>nobis</strong></span> 
     </span>
    </p>
   </div>
   <div class='ocr_carea' id='block_1_45' title="bbox 875 825 1660 858">
    <p class='ocr_par' dir='ltr' id='par_1_45' title="bbox 875 825 1660 858">
     <span class='ocr_line' id='line_1_45' title="bbox 875 825 1660 858; baseline -0.001 -5"><span class='ocrx_word' id='word_1_313' title='bbox 875 825 1020 854; x_wconf 81' lang='lat' dir='ltr'><strong>reddamus</strong></span> <span class='ocrx_word' id='word_1_314' title='bbox 1029 826 1172 854; x_wconf 88' lang='lat' dir='ltr'><strong>Dominum</strong></span> <span class='ocrx_word' id='word_1_315' title='bbox 1182 827 1286 854; x_wconf 85' lang='lat' dir='ltr'><strong>viscera</strong></span> <span class='ocrx_word' id='word_1_316' title='bbox 1296 826 1489 855; x_wconf 62' lang='lat' dir='ltr'><strong>misericordiae</strong></span> <span class='ocrx_word' id='word_1_317' title='bbox 1499 825 1642 853; x_wconf 84' lang='lat' dir='ltr'><strong>habentem</strong></span> <span class='ocrx_word' id='word_1_318' title='bbox 1653 833 1660 858; x_wconf 90' lang='lat'><strong>;</strong></span> 
     </span>
    </p>
   </div>
   <div class='ocr_carea' id='block_1_46' title="bbox 875 869 1663 908">
    <p class='ocr_par' dir='ltr' id='par_1_46' title="bbox 875 869 1663 908">
     <span class='ocr_line' id='line_1_46' title="bbox 875 869 1663 908; baseline -0.003 -8"><span class='ocrx_word' id='word_1_319' title='bbox 875 880 910 900; x_wconf 89' lang='lat' dir='ltr'><strong>ne</strong></span> <span class='ocrx_word' id='word_1_320' title='bbox 926 873 1033 908; x_wconf 73' lang='lat' dir='ltr'><strong>pejores</strong></span> <span class='ocrx_word' id='word_1_321' title='bbox 1047 872 1174 901; x_wconf 90' lang='lat' dir='ltr'><strong>Ninivitis</strong></span> <span class='ocrx_word' id='word_1_322' title='bbox 1186 873 1337 902; x_wconf 81' lang='lat' dir='ltr'><strong>videamur.</strong></span> <span class='ocrx_word' id='word_1_323' title='bbox 1353 873 1393 900; x_wconf 92' lang='lat' dir='ltr'><strong>llli</strong></span> <span class='ocrx_word' id='word_1_324' title='bbox 1409 873 1481 901; x_wconf 87' lang='lat' dir='ltr'><strong>enim</strong></span> <span class='ocrx_word' id='word_1_325' title='bbox 1497 869 1619 907; x_wconf 79' lang='lat' dir='ltr'><strong>gentiles,</strong></span> <span class='ocrx_word' id='word_1_326' title='bbox 1636 877 1663 898; x_wconf 89' lang='lat' dir='ltr'><strong>et</strong></span> 
     </span>
    </p>
   </div>
   <div class='ocr_carea' id='block_1_47' title="bbox 873 919 1662 955">
    <p class='ocr_par' dir='ltr' id='par_1_47' title="bbox 873 919 1662 955">
     <span class='ocr_line' id='line_1_47' title="bbox 873 919 1662 955; baseline -0.001 -9"><span class='ocrx_word' id='word_1_327' title='bbox 873 919 997 947; x_wconf 86' lang='lat' dir='ltr'><strong>inﬁdeles</strong></span> <span class='ocrx_word' id='word_1_328' title='bbox 1012 926 1074 947; x_wconf 89' lang='lat' dir='ltr'><strong>cum</strong></span> <span class='ocrx_word' id='word_1_329' title='bbox 1094 924 1199 951; x_wconf 81' lang='lat' dir='ltr'><strong>essent.</strong></span> <span class='ocrx_word' id='word_1_330' title='bbox 1228 920 1307 947; x_wconf 81' lang='lat' dir='ltr'><strong>simul</strong></span> <span class='ocrx_word' id='word_1_331' title='bbox 1325 927 1357 947; x_wconf 89' lang='lat' dir='ltr'><strong>ac</strong></span> <span class='ocrx_word' id='word_1_332' title='bbox 1375 927 1389 947; x_wconf 83' lang='lat' dir='ltr'><strong>a</strong></span> <span class='ocrx_word' id='word_1_333' title='bbox 1410 919 1542 955; x_wconf 82' lang='lat' dir='ltr'><strong>pr0pheta</strong></span> <span class='ocrx_word' id='word_1_334' title='bbox 1558 919 1590 946; x_wconf 91' lang='lat' dir='ltr'><strong>de</strong></span> <span class='ocrx_word' id='word_1_335' title='bbox 1606 926 1662 945; x_wconf 57' lang='lat' dir='ltr'><strong>suae</strong></span> 
     </span>
    </p>
   </div>
   <div class='ocr_carea' id='block_1_48' title="bbox 874 963 1662 1001">
    <p class='ocr_par' dir='ltr' id='par_1_48' title="bbox 874 963 1662 1001">
     <span class='ocr_line' id='line_1_48' title="bbox 874 963 1662 1001; baseline -0.001 -10"><span class='ocrx_word' id='word_1_336' title='bbox 874 964 995 993; x_wconf 83' lang='lat' dir='ltr'><strong>civitatis</strong></span> <span class='ocrx_word' id='word_1_337' title='bbox 1011 965 1154 993; x_wconf 76' lang='lat' dir='ltr'><strong>eversione</strong></span> <span class='ocrx_word' id='word_1_338' title='bbox 1177 969 1381 1001; x_wconf 81' lang='lat' dir='ltr'><strong>cognoverunt,</strong></span> <span class='ocrx_word' id='word_1_339' title='bbox 1399 965 1478 992; x_wconf 88' lang='lat' dir='ltr'><strong>talem</strong></span> <span class='ocrx_word' id='word_1_340' title='bbox 1498 963 1662 999; x_wconf 71' lang='lat' dir='ltr'><strong>pmnilentim</strong></span> 
     </span>
    </p>
   </div>
   <div class='ocr_carea' id='block_1_49' title="bbox 874 1010 1662 1046">
    <p class='ocr_par' dir='ltr' id='par_1_49' title="bbox 874 1010 1662 1046">
     <span class='ocr_line' id='line_1_49' title="bbox 874 1010 1662 1046; baseline -0.003 -8"><span class='ocrx_word' id='word_1_341' title='bbox 874 1017 1018 1046; x_wconf 84' lang='lat' dir='ltr'><strong>suscepere</strong></span> <span class='ocrx_word' id='word_1_342' title='bbox 1027 1012 1148 1044; x_wconf 85' lang='lat' dir='ltr'><strong>modum,</strong></span> <span class='ocrx_word' id='word_1_343' title='bbox 1157 1017 1185 1039; x_wconf 93' lang='lat' dir='ltr'><strong>ut</strong></span> <span class='ocrx_word' id='word_1_344' title='bbox 1194 1017 1221 1039; x_wconf 90' lang='lat' dir='ltr'><strong>et</strong></span> <span class='ocrx_word' id='word_1_345' title='bbox 1229 1011 1357 1043; x_wconf 79' lang='lat' dir='ltr'><strong>infantes,</strong></span> <span class='ocrx_word' id='word_1_346' title='bbox 1369 1016 1395 1038; x_wconf 90' lang='lat' dir='ltr'><strong>et</strong></span> <span class='ocrx_word' id='word_1_347' title='bbox 1403 1011 1525 1046; x_wconf 78' lang='lat' dir='ltr'><strong>iumenta</strong></span> <span class='ocrx_word' id='word_1_348' title='bbox 1539 1010 1662 1045; x_wconf 77' lang='lat' dir='ltr'><strong>jejunum</strong></span> 
     </span>
    </p>
   </div>
   <div class='ocr_carea' id='block_1_50' title="bbox 875 1057 1662 1094">
    <p class='ocr_par' dir='ltr' id='par_1_50' title="bbox 875 1057 1662 1094">
     <span class='ocr_line' id='line_1_50' title="bbox 875 1057 1662 1094; baseline -0.004 -10"><span class='ocrx_word' id='word_1_349' title='bbox 875 1057 1033 1094; x_wconf 81' lang='lat' dir='ltr'><strong>coegerint,</strong></span> <span class='ocrx_word' id='word_1_350' title='bbox 1058 1058 1216 1086; x_wconf 73' lang='lat' dir='ltr'><strong>etcinerem</strong></span> <span class='ocrx_word' id='word_1_351' title='bbox 1233 1062 1259 1085; x_wconf 87' lang='lat' dir='ltr'><strong>et</strong></span> <span class='ocrx_word' id='word_1_352' title='bbox 1274 1065 1382 1086; x_wconf 73' lang='lat' dir='ltr'><strong>saccum</strong></span> <span class='ocrx_word' id='word_1_353' title='bbox 1398 1057 1555 1090; x_wconf 90' lang='lat' dir='ltr'><strong>induerint,</strong></span> <span class='ocrx_word' id='word_1_354' title='bbox 1580 1059 1662 1091; x_wconf 85' lang='lat' dir='ltr'><strong>atque</strong></span> 
     </span>
    </p>
   </div>
   <div class='ocr_carea' id='block_1_51' title="bbox 875 1103 1439 1139">
    <p class='ocr_par' dir='ltr' id='par_1_51' title="bbox 875 1103 1439 1139">
     <span class='ocr_line' id='line_1_51' title="bbox 875 1103 1439 1139; baseline 0 -8"><span class='ocrx_word' id='word_1_355' title='bbox 875 1104 912 1132; x_wconf 88' lang='lat' dir='ltr'><strong>ita</strong></span> <span class='ocrx_word' id='word_1_356' title='bbox 925 1112 940 1131; x_wconf 88' lang='lat' dir='ltr'><strong>a</strong></span> <span class='ocrx_word' id='word_1_357' title='bbox 958 1104 1030 1139; x_wconf 86' lang='lat' dir='ltr'><strong>justa</strong></span> <span class='ocrx_word' id='word_1_358' title='bbox 1046 1103 1093 1132; x_wconf 85' lang='lat' dir='ltr'><strong>Dei</strong></span> <span class='ocrx_word' id='word_1_359' title='bbox 1110 1105 1228 1132; x_wconf 86' lang='lat' dir='ltr'><strong>vindicta</strong></span> <span class='ocrx_word' id='word_1_360' title='bbox 1245 1112 1273 1132; x_wconf 88' lang='lat' dir='ltr'><strong>se</strong></span> <span class='ocrx_word' id='word_1_361' title='bbox 1289 1103 1439 1132; x_wconf 85' lang='lat' dir='ltr'><strong>liberariut.</strong></span> 
     </span>
    </p>
   </div>
   <div class='ocr_carea' id='block_1_52' title="bbox 910 1147 1662 1184">
    <p class='ocr_par' dir='ltr' id='par_1_52' title="bbox 910 1147 1662 1184">
     <span class='ocr_line' id='line_1_52' title="bbox 910 1147 1662 1184; baseline -0.003 -8"><span class='ocrx_word' id='word_1_362' title='bbox 910 1148 1052 1177; x_wconf 86' lang='lat' dir='ltr'><strong>Ploremus</strong></span> <span class='ocrx_word' id='word_1_363' title='bbox 1071 1149 1153 1184; x_wconf 82' lang='lat' dir='ltr'><strong>igitur</strong></span> <span class='ocrx_word' id='word_1_364' title='bbox 1168 1153 1194 1176; x_wconf 82' lang='lat' dir='ltr'><strong>et</strong></span> <span class='ocrx_word' id='word_1_365' title='bbox 1207 1157 1258 1177; x_wconf 89' lang='lat' dir='ltr'><strong>nos</strong></span> <span class='ocrx_word' id='word_1_366' title='bbox 1272 1150 1447 1177; x_wconf 71' lang='lat' dir='ltr'><strong>conﬁteantur</strong></span> <span class='ocrx_word' id='word_1_367' title='bbox 1455 1147 1563 1184; x_wconf 83' lang='lat' dir='ltr'><strong>propria</strong></span> <span class='ocrx_word' id='word_1_368' title='bbox 1579 1154 1662 1175; x_wconf 88' lang='lat' dir='ltr'><strong>unus-</strong></span> 
     </span>
    </p>
   </div>
   <div class='ocr_carea' id='block_1_53' title="bbox 876 1195 1660 1230">
    <p class='ocr_par' dir='ltr' id='par_1_53' title="bbox 876 1195 1660 1230">
     <span class='ocr_line' id='line_1_53' title="bbox 876 1195 1660 1230; baseline -0.001 -9"><span class='ocrx_word' id='word_1_369' title='bbox 876 1195 991 1229; x_wconf 83' lang='lat' dir='ltr'><strong>quisque</strong></span> <span class='ocrx_word' id='word_1_370' title='bbox 1014 1200 1141 1230; x_wconf 84' lang='lat' dir='ltr'><strong>peccala;</strong></span> <span class='ocrx_word' id='word_1_371' title='bbox 1170 1196 1359 1230; x_wconf 83' lang='lat' dir='ltr'><strong>deprecatores</strong></span> <span class='ocrx_word' id='word_1_372' title='bbox 1384 1195 1417 1222; x_wconf 83' lang='lat' dir='ltr'><strong>ad</strong></span> <span class='ocrx_word' id='word_1_373' title='bbox 1436 1195 1518 1222; x_wconf 90' lang='lat' dir='ltr'><strong>Deum</strong></span> <span class='ocrx_word' id='word_1_374' title='bbox 1542 1199 1660 1227; x_wconf 88' lang='lat' dir='ltr'><strong>sanctos,</strong></span> 
     </span>
    </p>
   </div>
   <div class='ocr_carea' id='block_1_54' title="bbox 876 1240 1670 1277">
    <p class='ocr_par' dir='ltr' id='par_1_54' title="bbox 876 1240 1670 1277">
     <span class='ocr_line' id='line_1_54' title="bbox 876 1240 1670 1277; baseline -0.004 -8"><span class='ocrx_word' id='word_1_375' title='bbox 876 1241 1121 1277; x_wconf 80' lang='lat' dir='ltr'><strong>conciliatoresque</strong></span> <span class='ocrx_word' id='word_1_376' title='bbox 1138 1241 1322 1275; x_wconf 81' lang='lat' dir='ltr'><strong>asciscamns,</strong></span> <span class='ocrx_word' id='word_1_377' title='bbox 1346 1248 1406 1269; x_wconf 89' lang='lat' dir='ltr'><strong>cum</strong></span> <span class='ocrx_word' id='word_1_378' title='bbox 1422 1240 1489 1268; x_wconf 89' lang='lat' dir='ltr'><strong>alios</strong></span> <span class='ocrx_word' id='word_1_379' title='bbox 1501 1261 1508 1273; x_wconf 93' lang='lat'>,</span> <span class='ocrx_word' id='word_1_380' title='bbox 1524 1245 1580 1267; x_wconf 94' lang='lat' dir='ltr'><strong>tum</strong></span> <span class='ocrx_word' id='word_1_381' title='bbox 1598 1241 1670 1267; x_wconf 83' lang='lat' dir='ltr'><strong>vero</strong></span> 
     </span>
    </p>
   </div>
   <div class='ocr_carea' id='block_1_55' title="bbox 876 1286 1660 1321">
    <p class='ocr_par' dir='ltr' id='par_1_55' title="bbox 876 1286 1660 1321">
     <span class='ocr_line' id='line_1_55' title="bbox 876 1286 1660 1321; baseline -0.001 -8"><span class='ocrx_word' id='word_1_382' title='bbox 876 1293 932 1321; x_wconf 78' lang='lat' dir='ltr'><strong>prae</strong></span> <span class='ocrx_word' id='word_1_383' title='bbox 948 1286 1053 1314; x_wconf 58' lang='lat' dir='ltr'><strong>caeteris</strong></span> <span class='ocrx_word' id='word_1_384' title='bbox 1064 1287 1261 1314; x_wconf 84' lang='lat' dir='ltr'><strong>sanctissimam</strong></span> <span class='ocrx_word' id='word_1_385' title='bbox 1277 1287 1416 1314; x_wconf 82' lang='lat' dir='ltr'><strong>Dominam</strong></span> <span class='ocrx_word' id='word_1_386' title='bbox 1429 1286 1570 1321; x_wconf 83' lang='lat' dir='ltr'><strong>eligamus;</strong></span> <span class='ocrx_word' id='word_1_387' title='bbox 1583 1286 1660 1313; x_wconf 78' lang='lat' dir='ltr'><strong>velox</strong></span> 
     </span>
    </p>
   </div>
   <div class='ocr_carea' id='block_1_56' title="bbox 876 1329 1661 1368">
    <p class='ocr_par' dir='ltr' id='par_1_56' title="bbox 876 1329 1661 1368">
     <span class='ocr_line' id='line_1_56' title="bbox 876 1329 1661 1368; baseline -0.003 -10"><span class='ocrx_word' id='word_1_388' title='bbox 876 1336 903 1359; x_wconf 90' lang='lat' dir='ltr'><strong>et</strong></span> <span class='ocrx_word' id='word_1_389' title='bbox 923 1331 1129 1367; x_wconf 78' lang='lat' dir='ltr'><strong>inexpugnabile</strong></span> <span class='ocrx_word' id='word_1_390' title='bbox 1146 1332 1299 1368; x_wconf 63' lang='lat' dir='ltr'><strong>prmsidium</strong></span> <span class='ocrx_word' id='word_1_391' title='bbox 1314 1332 1382 1367; x_wconf 69' lang='lat'><strong>(23),</strong></span> <span class='ocrx_word' id='word_1_392' title='bbox 1396 1331 1585 1366; x_wconf 86' lang='lat' dir='ltr'><strong>provolvamur</strong></span> <span class='ocrx_word' id='word_1_393' title='bbox 1603 1329 1661 1366; x_wconf 81' lang='lat' dir='ltr'><strong>ejus</strong></span> 
     </span>
    </p>
   </div>
   <div class='ocr_carea' id='block_1_57' title="bbox 877 1378 1523 1417">
    <p class='ocr_par' dir='ltr' id='par_1_57' title="bbox 877 1378 1523 1417">
     <span class='ocr_line' id='line_1_57' title="bbox 877 1378 1523 1417; baseline 0.002 -13"><span class='ocrx_word' id='word_1_394' title='bbox 877 1378 990 1412; x_wconf 75' lang='lat' dir='ltr'><strong>genibus</strong></span> <span class='ocrx_word' id='word_1_395' title='bbox 1002 1385 1062 1405; x_wconf 91' lang='lat' dir='ltr'><strong>cum</strong></span> <span class='ocrx_word' id='word_1_396' title='bbox 1076 1378 1204 1414; x_wconf 85' lang='lat' dir='ltr'><strong>lacrymis</strong></span> <span class='ocrx_word' id='word_1_397' title='bbox 1222 1378 1417 1413; x_wconf 81' lang='lat' dir='ltr'><strong>deprecantes:</strong></span> <span class='ocrx_word' id='word_1_398' title='bbox 1518 1412 1523 1417; x_wconf 84' lang='lat'><strong><em>_</em></strong></span> 
     </span>
    </p>
   </div>
   <div class='ocr_carea' id='block_1_58' title="bbox 913 1431 1661 1466">
    <p class='ocr_par' dir='ltr' id='par_1_58' title="bbox 913 1431 1661 1466">
     <span class='ocr_line' id='line_1_58' title="bbox 913 1431 1661 1466; baseline -0.001 -8"><span class='ocrx_word' id='word_1_399' title='bbox 913 1431 1025 1459; x_wconf 83' lang='lat' dir='ltr'><strong>Domina</strong></span> <span class='ocrx_word' id='word_1_400' title='bbox 1043 1436 1146 1464; x_wconf 88' lang='lat' dir='ltr'><strong>nostra,</strong></span> <span class='ocrx_word' id='word_1_401' title='bbox 1164 1439 1224 1466; x_wconf 66' lang='lat' dir='ltr'><strong>qua:</strong></span> <span class='ocrx_word' id='word_1_402' title='bbox 1238 1431 1355 1459; x_wconf 87' lang='lat' dir='ltr'><strong>Verbum</strong></span> <span class='ocrx_word' id='word_1_403' title='bbox 1374 1432 1457 1458; x_wconf 87' lang='lat' dir='ltr'><strong>Deum</strong></span> <span class='ocrx_word' id='word_1_404' title='bbox 1476 1431 1503 1458; x_wconf 92' lang='lat' dir='ltr'><strong>in</strong></span> <span class='ocrx_word' id='word_1_405' title='bbox 1523 1436 1600 1459; x_wconf 87' lang='lat' dir='ltr'><strong>utero</strong></span> <span class='ocrx_word' id='word_1_406' title='bbox 1616 1435 1661 1457; x_wconf 90' lang='lat' dir='ltr'><strong>tuo</strong></span> 
     </span>
    </p>
   </div>
   <div class='ocr_carea' id='block_1_59' title="bbox 876 1477 1661 1512">
    <p class='ocr_par' dir='ltr' id='par_1_59' title="bbox 876 1477 1661 1512">
     <span class='ocr_line' id='line_1_59' title="bbox 876 1477 1661 1512; baseline -0.001 -8"><span class='ocrx_word' id='word_1_407' title='bbox 876 1484 961 1511; x_wconf 83' lang='lat' dir='ltr'><strong>supra</strong></span> <span class='ocrx_word' id='word_1_408' title='bbox 976 1480 1083 1504; x_wconf 74' lang='lat' dir='ltr'><strong>naturae</strong></span> <span class='ocrx_word' id='word_1_409' title='bbox 1097 1477 1229 1504; x_wconf 77' lang='lat' dir='ltr'><strong>rationem</strong></span> <span class='ocrx_word' id='word_1_410' title='bbox 1252 1477 1346 1512; x_wconf 89' lang='lat' dir='ltr'><strong>cepisti</strong></span> <span class='ocrx_word' id='word_1_411' title='bbox 1361 1497 1369 1510; x_wconf 91' lang='lat'>,</span> <span class='ocrx_word' id='word_1_412' title='bbox 1395 1483 1453 1511; x_wconf 63' lang='lat' dir='ltr'><strong>quas</strong></span> <span class='ocrx_word' id='word_1_413' title='bbox 1468 1481 1593 1504; x_wconf 88' lang='lat' dir='ltr'><strong>naturam</strong></span> <span class='ocrx_word' id='word_1_414' title='bbox 1611 1484 1661 1503; x_wconf 90' lang='lat' dir='ltr'><strong>no-</strong></span> 
     </span>
    </p>
   </div>
   <div class='ocr_carea' id='block_1_60' title="bbox 877 1521 1660 1557">
    <p class='ocr_par' dir='ltr' id='par_1_60' title="bbox 877 1521 1660 1557">
     <span class='ocr_line' id='line_1_60' title="bbox 877 1521 1660 1557; baseline -0.001 -8"><span class='ocrx_word' id='word_1_415' title='bbox 877 1526 961 1549; x_wconf 87' lang='lat' dir='ltr'><strong>stram</strong></span> <span class='ocrx_word' id='word_1_416' title='bbox 978 1521 1036 1556; x_wconf 68' lang='lat' dir='ltr'><strong>(2t)</strong></span> <span class='ocrx_word' id='word_1_417' title='bbox 1059 1526 1105 1549; x_wconf 90' lang='lat' dir='ltr'><strong>luo</strong></span> <span class='ocrx_word' id='word_1_418' title='bbox 1131 1526 1209 1557; x_wconf 85' lang='lat' dir='ltr'><strong>partu</strong></span> <span class='ocrx_word' id='word_1_419' title='bbox 1225 1521 1356 1549; x_wconf 79' lang='lat' dir='ltr'><strong>deiﬁeasti</strong></span> <span class='ocrx_word' id='word_1_420' title='bbox 1370 1541 1378 1554; x_wconf 87' lang='lat'><strong>,</strong></span> <span class='ocrx_word' id='word_1_421' title='bbox 1398 1529 1458 1556; x_wconf 75' lang='lat' dir='ltr'><strong>quae</strong></span> <span class='ocrx_word' id='word_1_422' title='bbox 1481 1521 1554 1549; x_wconf 86' lang='lat' dir='ltr'><strong>inter</strong></span> <span class='ocrx_word' id='word_1_423' title='bbox 1576 1522 1660 1549; x_wconf 88' lang='lat' dir='ltr'><strong>Deum</strong></span> 
     </span>
    </p>
   </div>
   <div class='ocr_carea' id='block_1_61' title="bbox 27 1565 805 1607">
    <p class='ocr_par' dir='ltr' id='par_1_61' title="bbox 27 1565 805 1607">
     <span class='ocr_line' id='line_1_61' title="bbox 27 1565 805 1607; baseline 0.009 -16"><span class='ocrx_word' id='word_1_424' title='bbox 27 1565 233 1600; x_wconf 75' lang='grc' dir='ltr'>μισιτεύσασα,</span> <span class='ocrx_word' id='word_1_425' title='bbox 249 1566 361 1602; x_wconf 74' lang='grc' dir='ltr'>ἐλέησον</span> <span class='ocrx_word' id='word_1_426' title='bbox 375 1566 421 1593; x_wconf 71' lang='grc' dir='ltr'>τὸν</span> <span class='ocrx_word' id='word_1_427' title='bbox 439 1567 504 1594; x_wconf 79' lang='grc' dir='ltr'>λαόν</span> <span class='ocrx_word' id='word_1_428' title='bbox 520 1576 578 1601; x_wconf 87' lang='grc' dir='ltr'>σου,</span> <span class='ocrx_word' id='word_1_429' title='bbox 598 1569 645 1596; x_wconf 79' lang='grc' dir='ltr'>καὶ</span> <span class='ocrx_word' id='word_1_430' title='bbox 660 1569 711 1605; x_wconf 86' lang='grc' dir='ltr'>τὴν</span> <span class='ocrx_word' id='word_1_431' title='bbox 726 1571 805 1607; x_wconf 78' lang='grc' dir='ltr'>κληρι</span> 
     </span>
    </p>
   </div>
   <div class='ocr_carea' id='block_1_62' title="bbox 900 1565 1661 1607">
    <p class='ocr_par' dir='ltr' id='par_1_62' title="bbox 900 1566 1661 1603">
     <span class='ocr_line' id='line_1_62' title="bbox 900 1566 1661 1603; baseline 0 -9"><span class='ocrx_word' id='word_1_432' title='bbox 900 1568 1048 1596; x_wconf 52' lang='grc' dir='ltr'>ηιιοιιιίιιειιι</span> <span class='ocrx_word' id='word_1_433' title='bbox 1060 1572 1103 1595; x_wconf 85' lang='lat' dir='ltr'><strong>tua</strong></span> <span class='ocrx_word' id='word_1_434' title='bbox 1117 1568 1192 1603; x_wconf 80' lang='lat' dir='ltr'><strong>prole</strong></span> <span class='ocrx_word' id='word_1_435' title='bbox 1204 1572 1344 1603; x_wconf 86' lang='lat' dir='ltr'><strong>sequestra</strong></span> <span class='ocrx_word' id='word_1_436' title='bbox 1360 1575 1400 1600; x_wconf 90' lang='lat' dir='ltr'><strong>es,</strong></span> <span class='ocrx_word' id='word_1_437' title='bbox 1419 1567 1548 1595; x_wconf 87' lang='lat' dir='ltr'><strong>miserere</strong></span> <span class='ocrx_word' id='word_1_438' title='bbox 1563 1566 1661 1601; x_wconf 89' lang='lat' dir='ltr'><strong>populo</strong></span> 
     </span>
    </p>
   </div>
   <div class='ocr_carea' id='block_1_63' title="bbox 24 1612 824 1651">
    <p class='ocr_par' dir='ltr' id='par_1_63' title="bbox 24 1612 824 1651">
     <span class='ocr_line' id='line_1_63' title="bbox 24 1612 824 1651; baseline 0.008 -14"><span class='ocrx_word' id='word_1_439' title='bbox 24 1612 135 1645; x_wconf 86' lang='grc' dir='ltr'>νομίαν</span> <span class='ocrx_word' id='word_1_440' title='bbox 157 1620 222 1638; x_wconf 88' lang='grc' dir='ltr'>σου·</span> <span class='ocrx_word' id='word_1_441' title='bbox 251 1612 471 1647; x_wconf 80' lang='grc' dir='ltr'>σπλαγχνίσθητι</span> <span class='ocrx_word' id='word_1_442' title='bbox 491 1613 538 1640; x_wconf 77' lang='grc' dir='ltr'><strong>ἐπὶ</strong></span> <span class='ocrx_word' id='word_1_443' title='bbox 568 1613 656 1651; x_wconf 82' lang='grc' dir='ltr'>ταύτῃ</span> <span class='ocrx_word' id='word_1_444' title='bbox 685 1616 717 1651; x_wconf 79' lang='grc' dir='ltr'><strong>τῇ</strong></span> <span class='ocrx_word' id='word_1_445' title='bbox 746 1617 824 1644; x_wconf 86' lang='grc' dir='ltr'>πόλει</span> 
     </span>
    </p>
   </div>
   <div class='ocr_carea' id='block_1_64' title="bbox 25 1657 824 1694">
    <p class='ocr_par' dir='ltr' id='par_1_64' title="bbox 25 1657 824 1694">
     <span class='ocr_line' id='line_1_64' title="bbox 25 1657 824 1694; baseline 0.009 -11"><span class='ocrx_word' id='word_1_446' title='bbox 25 1665 98 1688; x_wconf 86' lang='grc' dir='ltr'>σου,</span> <span class='ocrx_word' id='word_1_447' title='bbox 114 1658 146 1692; x_wconf 87' lang='grc' dir='ltr'>τῇ</span> <span class='ocrx_word' id='word_1_448' title='bbox 163 1658 191 1684; x_wconf 81' lang='grc' dir='ltr'>ὲν</span> <span class='ocrx_word' id='word_1_449' title='bbox 209 1657 247 1692; x_wconf 86' lang='grc' dir='ltr'>τῷ</span> <span class='ocrx_word' id='word_1_450' title='bbox 268 1658 307 1693; x_wconf 86' lang='grc' dir='ltr'>σῷ</span> <span class='ocrx_word' id='word_1_451' title='bbox 329 1658 496 1694; x_wconf 82' lang='grc' dir='ltr'><strong>καυχωμένη</strong></span> <span class='ocrx_word' id='word_1_452' title='bbox 514 1659 637 1694; x_wconf 85' lang='grc' dir='ltr'>ὀνόματι.</span> <span class='ocrx_word' id='word_1_453' title='bbox 654 1661 824 1690; x_wconf 88' lang='grc' dir='ltr'>Μεσίτευσον</span> 
     </span>
    </p>
   </div>
   <div class='ocr_carea' id='block_1_65' title="bbox 23 1703 825 1741">
    <p class='ocr_par' dir='ltr' id='par_1_65' title="bbox 23 1703 825 1741">
     <span class='ocr_line' id='line_1_65' title="bbox 23 1703 825 1741; baseline 0.009 -12"><span class='ocrx_word' id='word_1_454' title='bbox 23 1703 108 1738; x_wconf 83' lang='grc' dir='ltr'>ὑπὲρ</span> <span class='ocrx_word' id='word_1_455' title='bbox 132 1703 210 1738; x_wconf 84' lang='grc' dir='ltr'>ἡμῶν</span> <span class='ocrx_word' id='word_1_456' title='bbox 236 1704 289 1731; x_wconf 86' lang='grc' dir='ltr'><strong>τῶν</strong></span> <span class='ocrx_word' id='word_1_457' title='bbox 314 1704 433 1738; x_wconf 78' lang='grc' dir='ltr'>ἀναξίων</span> <span class='ocrx_word' id='word_1_458' title='bbox 452 1705 555 1732; x_wconf 83' lang='grc' dir='ltr'>δούλων</span> <span class='ocrx_word' id='word_1_459' title='bbox 580 1715 639 1740; x_wconf 85' lang='grc' dir='ltr'>σου,</span> <span class='ocrx_word' id='word_1_460' title='bbox 662 1707 825 1741; x_wconf 85' lang='grc' dir='ltr'>δυσώπησον</span> 
     </span>
    </p>
   </div>
   <div class='ocr_carea' id='block_1_66' title="bbox 22 1749 825 1789">
    <p class='ocr_par' dir='ltr' id='par_1_66' title="bbox 22 1749 825 1789">
     <span class='ocr_line' id='line_1_66' title="bbox 22 1749 825 1789; baseline 0.009 -14"><span class='ocrx_word' id='word_1_461' title='bbox 22 1749 79 1776; x_wconf 78' lang='grc' dir='ltr'>τὸν</span> <span class='ocrx_word' id='word_1_462' title='bbox 100 1749 232 1785; x_wconf 84' lang='grc' dir='ltr'>μονογενῆ</span> <span class='ocrx_word' id='word_1_463' title='bbox 249 1758 297 1777; x_wconf 91' lang='grc' dir='ltr'><strong>σου</strong></span> <span class='ocrx_word' id='word_1_464' title='bbox 312 1750 376 1776; x_wconf 82' lang='grc' dir='ltr'>Υίδν</span> <span class='ocrx_word' id='word_1_465' title='bbox 391 1751 439 1778; x_wconf 68' lang='lat' dir='ltr'><strong>lui.</strong></span> <span class='ocrx_word' id='word_1_466' title='bbox 451 1752 508 1783; x_wconf 87' lang='grc' dir='ltr'>τοῖς</span> <span class='ocrx_word' id='word_1_467' title='bbox 523 1752 667 1788; x_wconf 76' lang='grc' dir='ltr'>ἡμετέροις</span> <span class='ocrx_word' id='word_1_468' title='bbox 685 1755 825 1789; x_wconf 82' lang='grc' dir='ltr'>μακροθυ-</span> 
     </span>
    </p>
   </div>
   <div class='ocr_carea' id='block_1_67' title="bbox 25 1795 824 1837">
    <p class='ocr_par' dir='ltr' id='par_1_67' title="bbox 25 1795 824 1837">
     <span class='ocr_line' id='line_1_67' title="bbox 25 1795 824 1837; baseline 0.01 -16"><span class='ocrx_word' id='word_1_469' title='bbox 25 1795 127 1829; x_wconf 85' lang='grc' dir='ltr'>μῆσαι</span> <span class='ocrx_word' id='word_1_470' title='bbox 139 1795 304 1830; x_wconf 80' lang='grc' dir='ltr'>πταίσμασι,</span> <span class='ocrx_word' id='word_1_471' title='bbox 320 1796 368 1823; x_wconf 77' lang='grc' dir='ltr'>καὶ</span> <span class='ocrx_word' id='word_1_472' title='bbox 383 1796 464 1824; x_wconf 87' lang='grc' dir='ltr'>λῦσαι</span> <span class='ocrx_word' id='word_1_473' title='bbox 483 1797 533 1833; x_wconf 81' lang='grc' dir='ltr'>τὴν</span> <span class='ocrx_word' id='word_1_474' title='bbox 556 1798 617 1825; x_wconf 76' lang='grc' dir='ltr'>καθ’</span> <span class='ocrx_word' id='word_1_475' title='bbox 631 1799 710 1834; x_wconf 76' lang='grc' dir='ltr'>ἡμῶν</span> <span class='ocrx_word' id='word_1_476' title='bbox 721 1800 824 1837; x_wconf 84' lang='grc' dir='ltr'>ταύτην</span> 
     </span>
    </p>
   </div>
   <div class='ocr_carea' id='block_1_68' title="bbox 22 1841 824 1879">
    <p class='ocr_par' dir='ltr' id='par_1_68' title="bbox 22 1841 824 1879">
     <span class='ocr_line' id='line_1_68' title="bbox 22 1841 824 1879; baseline 0.009 -12"><span class='ocrx_word' id='word_1_477' title='bbox 22 1841 145 1868; x_wconf 81' lang='grc' dir='ltr'>δικαίαν</span> <span class='ocrx_word' id='word_1_478' title='bbox 174 1842 271 1877; x_wconf 83' lang='grc' dir='ltr'>ὀργὴν,</span> <span class='ocrx_word' id='word_1_479' title='bbox 300 1843 348 1869; x_wconf 80' lang='grc' dir='ltr'>καὶ</span> <span class='ocrx_word' id='word_1_480' title='bbox 379 1843 440 1875; x_wconf 77' lang='grc' dir='ltr'>ταῖς</span> <span class='ocrx_word' id='word_1_481' title='bbox 469 1844 600 1879; x_wconf 80' lang='grc' dir='ltr'>νεφέλαις</span> <span class='ocrx_word' id='word_1_482' title='bbox 624 1845 751 1878; x_wconf 71' lang='grc' dir='ltr'>ἐπιτάξαι</span> <span class='ocrx_word' id='word_1_483' title='bbox 777 1847 824 1875; x_wconf 81' lang='grc' dir='ltr'>τὸν</span> 
     </span>
    </p>
   </div>
   <div class='ocr_carea' id='block_1_69' title="bbox 22 1887 825 1926">
    <p class='ocr_par' dir='ltr' id='par_1_69' title="bbox 22 1887 825 1926">
     <span class='ocr_line' id='line_1_69' title="bbox 22 1887 825 1926; baseline 0.009 -14"><span class='ocrx_word' id='word_1_484' title='bbox 22 1887 116 1913; x_wconf 80' lang='grc' dir='ltr'>ὑετὸν</span> <span class='ocrx_word' id='word_1_485' title='bbox 134 1887 310 1923; x_wconf 78' lang='grc' dir='ltr'>ὲπομϐρῆσαι</span> <span class='ocrx_word' id='word_1_486' title='bbox 333 1888 467 1923; x_wconf 83' lang='grc' dir='ltr'>συνήθως,</span> <span class='ocrx_word' id='word_1_487' title='bbox 486 1890 534 1916; x_wconf 78' lang='grc' dir='ltr'>καὶ</span> <span class='ocrx_word' id='word_1_488' title='bbox 548 1889 596 1916; x_wconf 85' lang='grc' dir='ltr'>τδν</span> <span class='ocrx_word' id='word_1_489' title='bbox 611 1890 718 1926; x_wconf 83' lang='grc' dir='ltr'>αὐχμὸν</span> <span class='ocrx_word' id='word_1_490' title='bbox 731 1891 825 1919; x_wconf 73' lang='grc' dir='ltr'>διαλῦ-</span> 
     </span>
    </p>
   </div>
   <div class='ocr_carea' id='block_1_70' title="bbox 22 1932 825 1969">
    <p class='ocr_par' dir='ltr' id='par_1_70' title="bbox 22 1932 825 1969">
     <span class='ocr_line' id='line_1_70' title="bbox 22 1932 825 1969; baseline 0.007 -11"><span class='ocrx_word' id='word_1_491' title='bbox 22 1940 94 1963; x_wconf 79' lang='grc' dir='ltr'>σαι,</span> <span class='ocrx_word' id='word_1_492' title='bbox 110 1932 158 1959; x_wconf 80' lang='grc' dir='ltr'>καὶ</span> <span class='ocrx_word' id='word_1_493' title='bbox 173 1932 223 1968; x_wconf 84' lang='grc' dir='ltr'><strong>τῆς</strong></span> <span class='ocrx_word' id='word_1_494' title='bbox 242 1933 295 1967; x_wconf 84' lang='grc' dir='ltr'><strong>γῆς</strong></span> <span class='ocrx_word' id='word_1_495' title='bbox 314 1933 437 1969; x_wconf 86' lang='grc' dir='ltr'>δροσίσαι</span> <span class='ocrx_word' id='word_1_496' title='bbox 462 1934 508 1961; x_wconf 80' lang='grc' dir='ltr'>τὸν</span> <span class='ocrx_word' id='word_1_497' title='bbox 525 1934 664 1963; x_wconf 86' lang='grc' dir='ltr'>καύσωνα.</span> <span class='ocrx_word' id='word_1_498' title='bbox 694 1936 758 1969; x_wconf 70' lang='grc' dir='ltr'>Ναὶ,</span> <span class='ocrx_word' id='word_1_499' title='bbox 774 1937 825 1964; x_wconf 80' lang='grc' dir='ltr'><strong>Δέ-</strong></span> 
     </span>
    </p>
   </div>
   <div class='ocr_carea' id='block_1_71' title="bbox 22 1977 826 2016">
    <p class='ocr_par' dir='ltr' id='par_1_71' title="bbox 22 1977 826 2016">
     <span class='ocr_line' id='line_1_71' title="bbox 22 1977 826 2016; baseline 0.007 -13"><span class='ocrx_word' id='word_1_500' title='bbox 22 1986 135 2004; x_wconf 77' lang='grc' dir='ltr'>σποινα</span> <span class='ocrx_word' id='word_1_501' title='bbox 150 1978 166 2012; x_wconf 82' lang='grc' dir='ltr'>ὴ</span> <span class='ocrx_word' id='word_1_502' title='bbox 179 1977 226 2004; x_wconf 81' lang='grc' dir='ltr'>τοῦ</span> <span class='ocrx_word' id='word_1_503' title='bbox 241 1978 345 2013; x_wconf 82' lang='grc' dir='ltr'>κόσμου</span> <span class='ocrx_word' id='word_1_504' title='bbox 361 1978 515 2015; x_wconf 83' lang='grc' dir='ltr'>ἀντίληψις,</span> <span class='ocrx_word' id='word_1_505' title='bbox 543 1979 654 2015; x_wconf 71' lang='grc' dir='ltr'>ἐλέησον</span> <span class='ocrx_word' id='word_1_506' title='bbox 672 1979 826 2016; x_wconf 77' lang='grc' dir='ltr'>θηλάςοντα</span> 
     </span>
    </p>
   </div>
   <div class='ocr_carea' id='block_1_72' title="bbox 22 2024 825 2063">
    <p class='ocr_par' dir='ltr' id='par_1_72' title="bbox 22 2024 825 2063">
     <span class='ocr_line' id='line_1_72' title="bbox 22 2024 825 2063; baseline 0.005 -12"><span class='ocrx_word' id='word_1_507' title='bbox 22 2026 62 2060; x_wconf 81' lang='grc' dir='ltr'>νή</span> <span class='ocrx_word' id='word_1_508' title='bbox 70 2024 267 2060; x_wconf 79' lang='grc' dir='ltr'>πια,γέροντας</span> <span class='ocrx_word' id='word_1_509' title='bbox 277 2024 459 2060; x_wconf 77' lang='grc' dir='ltr'>κεκμηκότας,</span> <span class='ocrx_word' id='word_1_510' title='bbox 471 2026 590 2061; x_wconf 87' lang='grc' dir='ltr'>πένητας</span> <span class='ocrx_word' id='word_1_511' title='bbox 596 2028 805 2063; x_wconf 80' lang='grc' dir='ltr'>πεφρυγμένους</span> <span class='ocrx_word' id='word_1_512' title='bbox 814 2035 825 2046; x_wconf 77' lang='grc'>⁶</span> 
     </span>
    </p>
   </div>
   <div class='ocr_carea' id='block_1_73' title="bbox 22 2071 824 2109">
    <p class='ocr_par' dir='ltr' id='par_1_73' title="bbox 22 2071 824 2109">
     <span class='ocr_line' id='line_1_73' title="bbox 22 2071 824 2109; baseline 0.005 -12"><span class='ocrx_word' id='word_1_513' title='bbox 22 2072 75 2106; x_wconf 79' lang='grc' dir='ltr'>μὴ</span> <span class='ocrx_word' id='word_1_514' title='bbox 99 2071 185 2107; x_wconf 77' lang='grc' dir='ltr'>ἐάσῃς</span> <span class='ocrx_word' id='word_1_515' title='bbox 201 2071 287 2107; x_wconf 51' lang='grc' dir='ltr'>ἡμᾶς,</span> <span class='ocrx_word' id='word_1_516' title='bbox 299 2071 449 2098; x_wconf 81' lang='grc' dir='ltr'>ἀπολέσθαι</span> <span class='ocrx_word' id='word_1_517' title='bbox 464 2072 523 2104; x_wconf 81' lang='grc' dir='ltr'>ταῖς</span> <span class='ocrx_word' id='word_1_518' title='bbox 559 2073 710 2108; x_wconf 83' lang='grc' dir='ltr'>ἁμαρτίαις</span> <span class='ocrx_word' id='word_1_519' title='bbox 732 2074 824 2109; x_wconf 80' lang='grc' dir='ltr'>ἡμῶν.</span> 
     </span>
    </p>
   </div>
   <div class='ocr_carea' id='block_1_74' title="bbox 24 2117 826 2155">
    <p class='ocr_par' dir='ltr' id='par_1_74' title="bbox 24 2117 826 2155">
     <span class='ocr_line' id='line_1_74' title="bbox 24 2117 826 2155; baseline 0.002 -11"><span class='ocrx_word' id='word_1_520' title='bbox 24 2117 230 2152; x_wconf 75' lang='grc' dir='ltr'>Ἥμαρτομεν,</span> <span class='ocrx_word' id='word_1_521' title='bbox 256 2117 436 2153; x_wconf 82' lang='grc' dir='ltr'>ὴνομήσαμεν</span> <span class='ocrx_word' id='word_1_522' title='bbox 451 2139 459 2149; x_wconf 86' lang='grc'><strong>,</strong></span> <span class='ocrx_word' id='word_1_523' title='bbox 496 2118 542 2144; x_wconf 82' lang='grc' dir='ltr'><strong>τὸν</strong></span> <span class='ocrx_word' id='word_1_524' title='bbox 565 2117 685 2154; x_wconf 77' lang='grc' dir='ltr'>καθαρὸν</span> <span class='ocrx_word' id='word_1_525' title='bbox 709 2118 756 2145; x_wconf 84' lang='grc' dir='ltr'>τοῦ</span> <span class='ocrx_word' id='word_1_526' title='bbox 779 2119 826 2155; x_wconf 85' lang='grc' dir='ltr'><strong>βα-</strong></span> 
     </span>
    </p>
   </div>
   <div class='ocr_carea' id='block_1_75' title="bbox 22 2162 826 2199">
    <p class='ocr_par' dir='ltr' id='par_1_75' title="bbox 22 2162 826 2199">
     <span class='ocr_line' id='line_1_75' title="bbox 22 2162 826 2199; baseline 0.002 -9"><span class='ocrx_word' id='word_1_527' title='bbox 22 2163 191 2197; x_wconf 81' lang='grc' dir='ltr'>πτίσματος</span> <span class='ocrx_word' id='word_1_528' title='bbox 200 2162 300 2197; x_wconf 80' lang='grc' dir='ltr'>χιτῶνα</span> <span class='ocrx_word' id='word_1_529' title='bbox 314 2162 580 2199; x_wconf 80' lang='grc' dir='ltr'>κατερῤυπώσαμεν,</span> <span class='ocrx_word' id='word_1_530' title='bbox 593 2163 643 2195; x_wconf 85' lang='grc' dir='ltr'><strong>τὰς</strong></span> <span class='ocrx_word' id='word_1_531' title='bbox 653 2165 826 2199; x_wconf 83' lang='grc' dir='ltr'>Δεσποτικὰς</span> 
     </span>
    </p>
   </div>
   <div class='ocr_carea' id='block_1_76' title="bbox 22 2207 826 2245">
    <p class='ocr_par' dir='ltr' id='par_1_76' title="bbox 22 2207 826 2245">
     <span class='ocr_line' id='line_1_76' title="bbox 22 2207 826 2245; baseline 0.002 -10"><span class='ocrx_word' id='word_1_532' title='bbox 22 2209 149 2239; x_wconf 65' lang='grc' dir='ltr'>ἐντολὰς</span> <span class='ocrx_word' id='word_1_533' title='bbox 172 2208 345 2243; x_wconf 75' lang='grc' dir='ltr'>ὴθετὴσαμεν</span> <span class='ocrx_word' id='word_1_534' title='bbox 361 2216 368 2223; x_wconf 91' lang='grc'><strong>·</strong></span> <span class='ocrx_word' id='word_1_535' title='bbox 395 2207 462 2235; x_wconf 83' lang='grc' dir='ltr'><strong>ἀλλὰ</strong></span> <span class='ocrx_word' id='word_1_536' title='bbox 484 2208 536 2236; x_wconf 78' lang='grc' dir='ltr'>κᾶν</span> <span class='ocrx_word' id='word_1_537' title='bbox 551 2208 758 2245; x_wconf 79' lang='grc' dir='ltr'>ὀλισθαίνωμεν,</span> <span class='ocrx_word' id='word_1_538' title='bbox 775 2210 826 2237; x_wconf 84' lang='grc' dir='ltr'>οὐκ</span> 
     </span>
    </p>
   </div>
   <div class='ocr_carea' id='block_1_77' title="bbox 22 2254 824 2291">
    <p class='ocr_par' dir='ltr' id='par_1_77' title="bbox 22 2254 824 2291">
     <span class='ocr_line' id='line_1_77' title="bbox 22 2254 824 2291; baseline 0.002 -10"><span class='ocrx_word' id='word_1_539' title='bbox 22 2254 211 2289; x_wconf 62' lang='grc' dir='ltr'>ἐπιστάμεθα</span> <span class='ocrx_word' id='word_1_540' title='bbox 234 2254 301 2280; x_wconf 78' lang='grc' dir='ltr'>Θεὸν</span> <span class='ocrx_word' id='word_1_541' title='bbox 321 2254 426 2290; x_wconf 72' lang='grc' dir='ltr'>ἕτερον,</span> <span class='ocrx_word' id='word_1_542' title='bbox 450 2254 537 2290; x_wconf 79' lang='grc' dir='ltr'>ἀλλ’ἢ</span> <span class='ocrx_word' id='word_1_543' title='bbox 554 2255 601 2281; x_wconf 77' lang='grc' dir='ltr'>τὸν</span> <span class='ocrx_word' id='word_1_544' title='bbox 617 2255 751 2291; x_wconf 87' lang='grc' dir='ltr'>μονογενῆ</span> <span class='ocrx_word' id='word_1_545' title='bbox 776 2265 824 2283; x_wconf 89' lang='grc' dir='ltr'><strong>σου</strong></span> 
     </span>
    </p>
   </div>
   <div class='ocr_carea' id='block_1_78' title="bbox 22 2299 825 2336">
    <p class='ocr_par' dir='ltr' id='par_1_78' title="bbox 22 2299 825 2336">
     <span class='ocr_line' id='line_1_78' title="bbox 22 2299 825 2336; baseline 0.001 -9"><span class='ocrx_word' id='word_1_546' title='bbox 22 2301 114 2330; x_wconf 73' lang='grc' dir='ltr'>Υἱὸν.</span> <span class='ocrx_word' id='word_1_547' title='bbox 133 2300 179 2326; x_wconf 67' lang='grc' dir='ltr'><strong>τὸν</strong></span> <span class='ocrx_word' id='word_1_548' title='bbox 195 2300 243 2326; x_wconf 81' lang='grc' dir='ltr'><strong>σὺν</strong></span> <span class='ocrx_word' id='word_1_549' title='bbox 257 2301 346 2336; x_wconf 79' lang='grc' dir='ltr'>Πατρὶ</span> <span class='ocrx_word' id='word_1_550' title='bbox 373 2300 420 2326; x_wconf 76' lang='grc' dir='ltr'><strong>καὶ</strong></span> <span class='ocrx_word' id='word_1_551' title='bbox 438 2299 507 2336; x_wconf 85' lang='grc' dir='ltr'>ἁγίῳ</span> <span class='ocrx_word' id='word_1_552' title='bbox 523 2300 663 2336; x_wconf 85' lang='grc' dir='ltr'>Πνεύματι</span> <span class='ocrx_word' id='word_1_553' title='bbox 680 2301 825 2336; x_wconf 75' lang='grc' dir='ltr'>δοξαζόμε-</span> 
     </span>
    </p>
   </div>
   <div class='ocr_carea' id='block_1_79' title="bbox 22 2345 456 2382">
    <p class='ocr_par' dir='ltr' id='par_1_79' title="bbox 22 2345 456 2382">
     <span class='ocr_line' id='line_1_79' title="bbox 22 2345 456 2382; baseline -0.002 -7"><span class='ocrx_word' id='word_1_554' title='bbox 22 2356 80 2375; x_wconf 66' lang='grc' dir='ltr'><strong>νον</strong></span> <span class='ocrx_word' id='word_1_555' title='bbox 94 2347 136 2378; x_wconf 80' lang='grc' dir='ltr'><strong>εἰς</strong></span> <span class='ocrx_word' id='word_1_556' title='bbox 151 2347 213 2378; x_wconf 74' lang='grc' dir='ltr'>τοὺς</span> <span class='ocrx_word' id='word_1_557' title='bbox 226 2346 337 2378; x_wconf 87' lang='grc' dir='ltr'>αἰῶνας.</span> <span class='ocrx_word' id='word_1_558' title='bbox 358 2345 456 2382; x_wconf 80' lang='grc' dir='ltr'>Ἀμήν.</span> 
     </span>
    </p>
   </div>
   <div class='ocr_carea' id='block_1_80' title="bbox 877 1612 1662 1647">
    <p class='ocr_par' dir='ltr' id='par_1_80' title="bbox 877 1612 1662 1647">
     <span class='ocr_line' id='line_1_80' title="bbox 877 1612 1662 1647; baseline -0.003 -7"><span class='ocrx_word' id='word_1_559' title='bbox 877 1619 923 1641; x_wconf 88' lang='grc' dir='ltr'>ιιιο</span> <span class='ocrx_word' id='word_1_560' title='bbox 935 1633 943 1645; x_wconf 90' lang='grc'><strong>,</strong></span> <span class='ocrx_word' id='word_1_561' title='bbox 961 1617 989 1641; x_wconf 91' lang='lat' dir='ltr'><strong>et</strong></span> <span class='ocrx_word' id='word_1_562' title='bbox 1005 1613 1158 1641; x_wconf 71' lang='lat' dir='ltr'><strong>haereditati</strong></span> <span class='ocrx_word' id='word_1_563' title='bbox 1175 1618 1243 1647; x_wconf 67' lang='lat' dir='ltr'><strong>luat;</strong></span> <span class='ocrx_word' id='word_1_564' title='bbox 1259 1613 1337 1641; x_wconf 83' lang='lat' dir='ltr'><strong>ﬂecte</strong></span> <span class='ocrx_word' id='word_1_565' title='bbox 1352 1613 1454 1641; x_wconf 82' lang='lat' dir='ltr'><strong>viscera</strong></span> <span class='ocrx_word' id='word_1_566' title='bbox 1470 1612 1662 1640; x_wconf 66' lang='lat' dir='ltr'><strong>misericordiae</strong></span> 
     </span>
    </p>
   </div>
   <div class='ocr_carea' id='block_1_81' title="bbox 877 1657 1661 1694">
    <p class='ocr_par' dir='ltr' id='par_1_81' title="bbox 877 1657 1661 1694">
     <span class='ocr_line' id='line_1_81' title="bbox 877 1657 1661 1694; baseline -0.004 -7"><span class='ocrx_word' id='word_1_567' title='bbox 877 1664 929 1687; x_wconf 66' lang='lat' dir='ltr'><strong>tua:</strong></span> <span class='ocrx_word' id='word_1_568' title='bbox 953 1666 1016 1694; x_wconf 79' lang='lat' dir='ltr'><strong>erga</strong></span> <span class='ocrx_word' id='word_1_569' title='bbox 1041 1658 1111 1687; x_wconf 83' lang='lat' dir='ltr'><strong>hanc</strong></span> <span class='ocrx_word' id='word_1_570' title='bbox 1125 1659 1263 1687; x_wconf 87' lang='lat' dir='ltr'><strong>civitatem</strong></span> <span class='ocrx_word' id='word_1_571' title='bbox 1288 1659 1316 1687; x_wconf 94' lang='lat' dir='ltr'><strong>in</strong></span> <span class='ocrx_word' id='word_1_572' title='bbox 1343 1665 1389 1687; x_wconf 91' lang='lat' dir='ltr'><strong>tuo</strong></span> <span class='ocrx_word' id='word_1_573' title='bbox 1415 1658 1524 1686; x_wconf 88' lang='lat' dir='ltr'><strong>nomine</strong></span> <span class='ocrx_word' id='word_1_574' title='bbox 1543 1657 1661 1693; x_wconf 75' lang='lat' dir='ltr'><strong>glorian-</strong></span> 
     </span>
    </p>
   </div>
   <div class='ocr_carea' id='block_1_82' title="bbox 879 1704 1660 1741">
    <p class='ocr_par' dir='ltr' id='par_1_82' title="bbox 879 1704 1660 1741">
     <span class='ocr_line' id='line_1_82' title="bbox 879 1704 1660 1741; baseline -0.003 -9"><span class='ocrx_word' id='word_1_575' title='bbox 879 1710 933 1733; x_wconf 89' lang='lat' dir='ltr'><strong>tem</strong></span> <span class='ocrx_word' id='word_1_576' title='bbox 951 1704 1028 1741; x_wconf 72' lang='lat'><strong>(25);</strong></span> <span class='ocrx_word' id='word_1_577' title='bbox 1042 1705 1181 1733; x_wconf 86' lang='lat' dir='ltr'><strong>intercede</strong></span> <span class='ocrx_word' id='word_1_578' title='bbox 1198 1713 1247 1740; x_wconf 92' lang='lat' dir='ltr'><strong>pro</strong></span> <span class='ocrx_word' id='word_1_579' title='bbox 1260 1705 1337 1733; x_wconf 89' lang='lat' dir='ltr'><strong>nobis</strong></span> <span class='ocrx_word' id='word_1_580' title='bbox 1356 1704 1473 1738; x_wconf 74' lang='lat' dir='ltr'><strong>indignis</strong></span> <span class='ocrx_word' id='word_1_581' title='bbox 1488 1704 1574 1731; x_wconf 85' lang='lat' dir='ltr'><strong>servis</strong></span> <span class='ocrx_word' id='word_1_582' title='bbox 1589 1704 1660 1737; x_wconf 89' lang='lat' dir='ltr'><strong>tuis;</strong></span> 
     </span>
    </p>
   </div>
   <div class='ocr_carea' id='block_1_83' title="bbox 877 1749 1661 1786">
    <p class='ocr_par' dir='ltr' id='par_1_83' title="bbox 877 1749 1661 1786">
     <span class='ocr_line' id='line_1_83' title="bbox 877 1749 1661 1786; baseline -0.004 -8"><span class='ocrx_word' id='word_1_583' title='bbox 877 1757 973 1786; x_wconf 87' lang='lat' dir='ltr'><strong>pacem</strong></span> <span class='ocrx_word' id='word_1_584' title='bbox 991 1757 1121 1786; x_wconf 78' lang='lat' dir='ltr'><strong>exposce,</strong></span> <span class='ocrx_word' id='word_1_585' title='bbox 1138 1755 1165 1778; x_wconf 91' lang='lat' dir='ltr'><strong>et</strong></span> <span class='ocrx_word' id='word_1_586' title='bbox 1180 1758 1263 1778; x_wconf 79' lang='lat' dir='ltr'><strong>exora</strong></span> <span class='ocrx_word' id='word_1_587' title='bbox 1280 1751 1446 1786; x_wconf 83' lang='lat' dir='ltr'><strong>unigenitum</strong></span> <span class='ocrx_word' id='word_1_588' title='bbox 1459 1749 1558 1777; x_wconf 81' lang='lat' dir='ltr'><strong>Filium</strong></span> <span class='ocrx_word' id='word_1_589' title='bbox 1575 1754 1661 1781; x_wconf 89' lang='lat' dir='ltr'><strong>tuum,</strong></span> 
     </span>
    </p>
   </div>
   <div class='ocr_carea' id='block_1_84' title="bbox 876 1795 1662 1831">
    <p class='ocr_par' dir='ltr' id='par_1_84' title="bbox 876 1795 1662 1831">
     <span class='ocr_line' id='line_1_84' title="bbox 876 1795 1662 1831; baseline -0.003 -7"><span class='ocrx_word' id='word_1_590' title='bbox 876 1801 906 1824; x_wconf 91' lang='lat' dir='ltr'><strong>ut</strong></span> <span class='ocrx_word' id='word_1_591' title='bbox 932 1797 1032 1825; x_wconf 84' lang='lat' dir='ltr'><strong>toleret</strong></span> <span class='ocrx_word' id='word_1_592' title='bbox 1049 1801 1159 1831; x_wconf 83' lang='lat' dir='ltr'><strong>peccata</strong></span> <span class='ocrx_word' id='word_1_593' title='bbox 1175 1801 1281 1828; x_wconf 82' lang='lat' dir='ltr'><strong>nostra,</strong></span> <span class='ocrx_word' id='word_1_594' title='bbox 1293 1801 1320 1824; x_wconf 91' lang='lat' dir='ltr'><strong>et</strong></span> <span class='ocrx_word' id='word_1_595' title='bbox 1335 1797 1404 1823; x_wconf 88' lang='lat' dir='ltr'><strong>hanc</strong></span> <span class='ocrx_word' id='word_1_596' title='bbox 1419 1800 1513 1824; x_wconf 87' lang='lat' dir='ltr'><strong>contra</strong></span> <span class='ocrx_word' id='word_1_597' title='bbox 1529 1803 1576 1823; x_wconf 90' lang='lat' dir='ltr'><strong>nos</strong></span> <span class='ocrx_word' id='word_1_598' title='bbox 1589 1795 1662 1830; x_wconf 88' lang='lat' dir='ltr'><strong>juste</strong></span> 
     </span>
    </p>
   </div>
   <div class='ocr_carea' id='block_1_85' title="bbox 875 1843 1661 1878">
    <p class='ocr_par' dir='ltr' id='par_1_85' title="bbox 875 1843 1661 1878">
     <span class='ocr_line' id='line_1_85' title="bbox 875 1843 1661 1878; baseline -0.001 -6"><span class='ocrx_word' id='word_1_599' title='bbox 875 1843 1040 1872; x_wconf 85' lang='lat' dir='ltr'><strong>concitatam</strong></span> <span class='ocrx_word' id='word_1_600' title='bbox 1057 1844 1223 1872; x_wconf 84' lang='lat' dir='ltr'><strong>iracundiam</strong></span> <span class='ocrx_word' id='word_1_601' title='bbox 1240 1848 1322 1878; x_wconf 86' lang='lat' dir='ltr'><strong>ponat</strong></span> <span class='ocrx_word' id='word_1_602' title='bbox 1341 1853 1348 1872; x_wconf 93' lang='lat'><strong>:</strong></span> <span class='ocrx_word' id='word_1_603' title='bbox 1370 1845 1483 1878; x_wconf 88' lang='lat' dir='ltr'><strong>imperet</strong></span> <span class='ocrx_word' id='word_1_604' title='bbox 1501 1843 1616 1872; x_wconf 87' lang='lat' dir='ltr'><strong>nubibus</strong></span> <span class='ocrx_word' id='word_1_605' title='bbox 1633 1848 1661 1871; x_wconf 89' lang='lat' dir='ltr'><strong>ut</strong></span> 
     </span>
    </p>
   </div>
   <div class='ocr_carea' id='block_1_86' title="bbox 875 1889 1661 1924">
    <p class='ocr_par' dir='ltr' id='par_1_86' title="bbox 875 1889 1661 1924">
     <span class='ocr_line' id='line_1_86' title="bbox 875 1889 1661 1924; baseline -0.003 -7"><span class='ocrx_word' id='word_1_606' title='bbox 875 1895 1033 1918; x_wconf 88' lang='lat' dir='ltr'><strong>consuetam</strong></span> <span class='ocrx_word' id='word_1_607' title='bbox 1059 1890 1137 1918; x_wconf 89' lang='lat' dir='ltr'><strong>nobis</strong></span> <span class='ocrx_word' id='word_1_608' title='bbox 1163 1889 1280 1924; x_wconf 87' lang='lat' dir='ltr'><strong>pluviam</strong></span> <span class='ocrx_word' id='word_1_609' title='bbox 1306 1889 1433 1922; x_wconf 77' lang='lat' dir='ltr'><strong>mittant;</strong></span> <span class='ocrx_word' id='word_1_610' title='bbox 1460 1893 1487 1916; x_wconf 87' lang='lat' dir='ltr'><strong>et</strong></span> <span class='ocrx_word' id='word_1_611' title='bbox 1509 1889 1661 1924; x_wconf 82' lang='lat' dir='ltr'><strong>squalorem</strong></span> 
     </span>
    </p>
   </div>
   <div class='ocr_carea' id='block_1_87' title="bbox 876 1935 1662 1971">
    <p class='ocr_par' dir='ltr' id='par_1_87' title="bbox 876 1935 1662 1971">
     <span class='ocr_line' id='line_1_87' title="bbox 876 1935 1662 1971; baseline -0.003 -8"><span class='ocrx_word' id='word_1_612' title='bbox 876 1936 949 1963; x_wconf 90' lang='lat' dir='ltr'><strong>hunc</strong></span> <span class='ocrx_word' id='word_1_613' title='bbox 961 1935 1094 1968; x_wconf 86' lang='lat' dir='ltr'><strong>eximant,</strong></span> <span class='ocrx_word' id='word_1_614' title='bbox 1109 1940 1138 1963; x_wconf 85' lang='lat' dir='ltr'><strong>et</strong></span> <span class='ocrx_word' id='word_1_615' title='bbox 1152 1936 1264 1971; x_wconf 70' lang='lat' dir='ltr'><strong>irrigant</strong></span> <span class='ocrx_word' id='word_1_616' title='bbox 1281 1939 1359 1963; x_wconf 72' lang='lat' dir='ltr'><strong>terrae</strong></span> <span class='ocrx_word' id='word_1_617' title='bbox 1375 1935 1557 1963; x_wconf 88' lang='lat' dir='ltr'><strong>adustionem.</strong></span> <span class='ocrx_word' id='word_1_618' title='bbox 1572 1935 1662 1962; x_wconf 84' lang='lat' dir='ltr'><strong>Etiam</strong></span> 
     </span>
    </p>
   </div>
   <div class='ocr_carea' id='block_1_88' title="bbox 876 1980 1660 2015">
    <p class='ocr_par' dir='ltr' id='par_1_88' title="bbox 876 1980 1660 2015">
     <span class='ocr_line' id='line_1_88' title="bbox 876 1980 1660 2015; baseline -0.001 -7"><span class='ocrx_word' id='word_1_619' title='bbox 876 1981 990 2008; x_wconf 91' lang='lat' dir='ltr'><strong>Domina</strong></span> <span class='ocrx_word' id='word_1_620' title='bbox 1005 1981 1097 2008; x_wconf 91' lang='lat' dir='ltr'><strong>mundi</strong></span> <span class='ocrx_word' id='word_1_621' title='bbox 1113 1980 1282 2015; x_wconf 89' lang='lat' dir='ltr'><strong>recuperatio</strong></span> <span class='ocrx_word' id='word_1_622' title='bbox 1296 1999 1304 2013; x_wconf 87' lang='lat'><strong><em>,</em></strong></span> <span class='ocrx_word' id='word_1_623' title='bbox 1328 1981 1460 2009; x_wconf 83' lang='lat' dir='ltr'><strong>miserere</strong></span> <span class='ocrx_word' id='word_1_624' title='bbox 1473 1980 1602 2008; x_wconf 85' lang='lat' dir='ltr'><strong>lactentes</strong></span> <span class='ocrx_word' id='word_1_625' title='bbox 1618 1981 1660 2007; x_wconf 92' lang='lat' dir='ltr'><strong>in-</strong></span> 
     </span>
    </p>
   </div>
   <div class='ocr_carea' id='block_1_89' title="bbox 877 2025 1661 2061">
    <p class='ocr_par' dir='ltr' id='par_1_89' title="bbox 877 2025 1661 2061">
     <span class='ocr_line' id='line_1_89' title="bbox 877 2025 1661 2061; baseline -0.001 -7"><span class='ocrx_word' id='word_1_626' title='bbox 877 2026 985 2058; x_wconf 79' lang='lat' dir='ltr'><strong>fantes.</strong></span> <span class='ocrx_word' id='word_1_627' title='bbox 1000 2033 1079 2054; x_wconf 85' lang='lat' dir='ltr'><strong>senes</strong></span> <span class='ocrx_word' id='word_1_628' title='bbox 1103 2025 1311 2059; x_wconf 79' lang='lat' dir='ltr'><strong>defatiscentes.</strong></span> <span class='ocrx_word' id='word_1_629' title='bbox 1327 2033 1458 2061; x_wconf 85' lang='lat' dir='ltr'><strong>pauperes</strong></span> <span class='ocrx_word' id='word_1_630' title='bbox 1474 2027 1661 2059; x_wconf 83' lang='lat' dir='ltr'><strong>tabescentes;</strong></span> 
     </span>
    </p>
   </div>
   <div class='ocr_carea' id='block_1_90' title="bbox 876 2071 1659 2104">
    <p class='ocr_par' dir='ltr' id='par_1_90' title="bbox 876 2071 1659 2104">
     <span class='ocr_line' id='line_1_90' title="bbox 876 2071 1659 2104; baseline -0.001 -3"><span class='ocrx_word' id='word_1_631' title='bbox 876 2080 911 2101; x_wconf 90' lang='lat' dir='ltr'><strong>ne</strong></span> <span class='ocrx_word' id='word_1_632' title='bbox 920 2073 995 2100; x_wconf 88' lang='lat' dir='ltr'><strong>sinas</strong></span> <span class='ocrx_word' id='word_1_633' title='bbox 1004 2080 1053 2100; x_wconf 87' lang='lat' dir='ltr'><strong>nos</strong></span> <span class='ocrx_word' id='word_1_634' title='bbox 1060 2072 1159 2100; x_wconf 87' lang='lat' dir='ltr'><strong>nostris</strong></span> <span class='ocrx_word' id='word_1_635' title='bbox 1170 2071 1329 2101; x_wconf 85' lang='lat' dir='ltr'><strong>criminibus</strong></span> <span class='ocrx_word' id='word_1_636' title='bbox 1341 2072 1462 2100; x_wconf 86' lang='lat' dir='ltr'><strong>interire.</strong></span> <span class='ocrx_word' id='word_1_637' title='bbox 1471 2072 1659 2104; x_wconf 84' lang='lat' dir='ltr'><strong>Peccavimus,</strong></span> 
     </span>
    </p>
   </div>
   <div class='ocr_carea' id='block_1_91' title="bbox 876 2118 1662 2154">
    <p class='ocr_par' dir='ltr' id='par_1_91' title="bbox 876 2118 1662 2154">
     <span class='ocr_line' id='line_1_91' title="bbox 876 2118 1662 2154; baseline 0 -8"><span class='ocrx_word' id='word_1_638' title='bbox 876 2118 977 2154; x_wconf 85' lang='lat' dir='ltr'><strong>injuste</strong></span> <span class='ocrx_word' id='word_1_639' title='bbox 985 2119 1196 2153; x_wconf 81' lang='lat' dir='ltr'><strong>egimus,puram</strong></span> <span class='ocrx_word' id='word_1_640' title='bbox 1206 2118 1332 2153; x_wconf 88' lang='lat' dir='ltr'><strong>baptismi</strong></span> <span class='ocrx_word' id='word_1_641' title='bbox 1343 2123 1444 2146; x_wconf 89' lang='lat' dir='ltr'><strong>vcstem</strong></span> <span class='ocrx_word' id='word_1_642' title='bbox 1455 2119 1662 2147; x_wconf 52' lang='lat' dir='ltr'><strong>commaculavi;</strong></span> 
     </span>
    </p>
   </div>
   <div class='ocr_carea' id='block_1_92' title="bbox 877 2163 1662 2199">
    <p class='ocr_par' dir='ltr' id='par_1_92' title="bbox 877 2163 1662 2199">
     <span class='ocr_line' id='line_1_92' title="bbox 877 2163 1662 2199; baseline -0.001 -7"><span class='ocrx_word' id='word_1_643' title='bbox 877 2172 947 2195; x_wconf 87' lang='lat' dir='ltr'><strong>mus.</strong></span> <span class='ocrx_word' id='word_1_644' title='bbox 963 2163 1067 2191; x_wconf 91' lang='lat' dir='ltr'><strong>Domini</strong></span> <span class='ocrx_word' id='word_1_645' title='bbox 1082 2168 1217 2199; x_wconf 75' lang='lat' dir='ltr'><strong>praecepta</strong></span> <span class='ocrx_word' id='word_1_646' title='bbox 1238 2164 1450 2199; x_wconf 77' lang='lat' dir='ltr'><strong>contempsimus</strong></span> <span class='ocrx_word' id='word_1_647' title='bbox 1462 2172 1470 2192; x_wconf 92' lang='lat'><strong>:</strong></span> <span class='ocrx_word' id='word_1_648' title='bbox 1482 2172 1575 2192; x_wconf 78' lang='lat' dir='ltr'><strong>verum</strong></span> <span class='ocrx_word' id='word_1_649' title='bbox 1597 2168 1624 2192; x_wconf 83' lang='lat' dir='ltr'><strong>et</strong></span> <span class='ocrx_word' id='word_1_650' title='bbox 1639 2165 1662 2192; x_wconf 89' lang='lat' dir='ltr'><strong>si</strong></span> 
     </span>
    </p>
   </div>
   <div class='ocr_carea' id='block_1_93' title="bbox 876 2210 1661 2246">
    <p class='ocr_par' dir='ltr' id='par_1_93' title="bbox 876 2210 1661 2246">
     <span class='ocr_line' id='line_1_93' title="bbox 876 2210 1661 2246; baseline -0.001 -8"><span class='ocrx_word' id='word_1_651' title='bbox 876 2211 993 2246; x_wconf 89' lang='lat' dir='ltr'><strong>prolapsi</strong></span> <span class='ocrx_word' id='word_1_652' title='bbox 1004 2218 1108 2243; x_wconf 74' lang='lat' dir='ltr'><strong>sumus,</strong></span> <span class='ocrx_word' id='word_1_653' title='bbox 1122 2210 1202 2238; x_wconf 90' lang='lat' dir='ltr'><strong>alium</strong></span> <span class='ocrx_word' id='word_1_654' title='bbox 1214 2215 1302 2238; x_wconf 88' lang='lat' dir='ltr'><strong>tamen</strong></span> <span class='ocrx_word' id='word_1_655' title='bbox 1312 2219 1364 2239; x_wconf 96' lang='lat' dir='ltr'><strong>non</strong></span> <span class='ocrx_word' id='word_1_656' title='bbox 1372 2211 1558 2245; x_wconf 81' lang='lat' dir='ltr'><strong>cognoscimus</strong></span> <span class='ocrx_word' id='word_1_657' title='bbox 1566 2212 1661 2242; x_wconf 86' lang='lat' dir='ltr'><strong>Deum.</strong></span> 
     </span>
    </p>
   </div>
   <div class='ocr_carea' id='block_1_94' title="bbox 877 2256 1659 2293">
    <p class='ocr_par' dir='ltr' id='par_1_94' title="bbox 877 2256 1659 2293">
     <span class='ocr_line' id='line_1_94' title="bbox 877 2256 1659 2293; baseline 0 -9"><span class='ocrx_word' id='word_1_658' title='bbox 877 2257 929 2285; x_wconf 89' lang='lat' dir='ltr'><strong>nisi</strong></span> <span class='ocrx_word' id='word_1_659' title='bbox 947 2256 1121 2292; x_wconf 78' lang='lat' dir='ltr'><strong>Unigenitum</strong></span> <span class='ocrx_word' id='word_1_660' title='bbox 1137 2261 1224 2290; x_wconf 87' lang='lat' dir='ltr'><strong>tuum,</strong></span> <span class='ocrx_word' id='word_1_661' title='bbox 1244 2257 1363 2292; x_wconf 88' lang='lat' dir='ltr'><strong>quicum</strong></span> <span class='ocrx_word' id='word_1_662' title='bbox 1378 2256 1461 2285; x_wconf 87' lang='lat' dir='ltr'><strong>Patre</strong></span> <span class='ocrx_word' id='word_1_663' title='bbox 1474 2277 1483 2290; x_wconf 84' lang='lat'><strong>,</strong></span> <span class='ocrx_word' id='word_1_664' title='bbox 1511 2263 1537 2285; x_wconf 87' lang='lat' dir='ltr'><strong>et</strong></span> <span class='ocrx_word' id='word_1_665' title='bbox 1556 2257 1659 2293; x_wconf 90' lang='lat' dir='ltr'><strong>Spiritu</strong></span> 
     </span>
    </p>
   </div>
   <div class='ocr_carea' id='block_1_95' title="bbox 879 2302 1601 2337">
    <p class='ocr_par' dir='ltr' id='par_1_95' title="bbox 879 2302 1601 2337">
     <span class='ocr_line' id='line_1_95' title="bbox 879 2302 1601 2337; baseline 0.001 -8"><span class='ocrx_word' id='word_1_666' title='bbox 879 2307 974 2330; x_wconf 89' lang='lat' dir='ltr'><strong>sancto</strong></span> <span class='ocrx_word' id='word_1_667' title='bbox 989 2303 1154 2337; x_wconf 77' lang='lat' dir='ltr'><strong>gloriﬁcatur</strong></span> <span class='ocrx_word' id='word_1_668' title='bbox 1167 2302 1193 2330; x_wconf 92' lang='lat' dir='ltr'><strong>in</strong></span> <span class='ocrx_word' id='word_1_669' title='bbox 1206 2302 1305 2331; x_wconf 69' lang='lat' dir='ltr'><strong>samula</strong></span> <span class='ocrx_word' id='word_1_670' title='bbox 1318 2303 1488 2331; x_wconf 77' lang='lat' dir='ltr'><strong>saeculorum.</strong></span> <span class='ocrx_word' id='word_1_671' title='bbox 1505 2304 1601 2331; x_wconf 73' lang='lat' dir='ltr'><strong>Amen.</strong></span> 
     </span>
    </p>
   </div>
   <div class='ocr_carea' id='block_1_96' title="bbox 657 2419 1054 2452">
    <p class='ocr_par' dir='ltr' id='par_1_96' title="bbox 657 2419 1054 2452">
     <span class='ocr_line' id='line_1_96' title="bbox 657 2419 1054 2452; baseline 0.003 -3"><span class='ocrx_word' id='word_1_672' title='bbox 657 2419 767 2450; x_wconf 84' lang='lat' dir='ltr'><strong>Franci</strong></span> <span class='ocrx_word' id='word_1_673' title='bbox 773 2419 819 2451; x_wconf 91' lang='lat' dir='ltr'><strong>sci</strong></span> <span class='ocrx_word' id='word_1_674' title='bbox 838 2419 943 2452; x_wconf 92' lang='lat' dir='ltr'><strong>Scorsi</strong></span> <span class='ocrx_word' id='word_1_675' title='bbox 960 2422 1054 2451; x_wconf 72' lang='lat' dir='ltr'><strong>notae.</strong></span> 
     </span>
    </p>
   </div>
   <div class='ocr_carea' id='block_1_97' title="bbox 67 2493 825 2530">
    <p class='ocr_par' dir='ltr' id='par_1_97' title="bbox 67 2493 825 2530">
     <span class='ocr_line' id='line_1_97' title="bbox 67 2493 825 2530; baseline 0.001 -9"><span class='ocrx_word' id='word_1_676' title='bbox 67 2495 131 2529; x_wconf 67' lang='lat'><strong>(‘2‘!)</strong></span> <span class='ocrx_word' id='word_1_677' title='bbox 145 2494 179 2521; x_wconf 82' lang='lat' dir='ltr'><strong>Et</strong></span> <span class='ocrx_word' id='word_1_678' title='bbox 193 2498 264 2521; x_wconf 78' lang='lat' dir='ltr'><strong>terra</strong></span> <span class='ocrx_word' id='word_1_679' title='bbox 277 2494 395 2530; x_wconf 61' lang='lat' dir='ltr'><strong>punitur,</strong></span> <span class='ocrx_word' id='word_1_680' title='bbox 432 2494 487 2522; x_wconf 78' lang='grc' dir='ltr'><strong>Καὶ</strong></span> <span class='ocrx_word' id='word_1_681' title='bbox 501 2495 665 2530; x_wconf 67' lang='grc' dir='ltr'>τιμωρεῖται</span> <span class='ocrx_word' id='word_1_682' title='bbox 679 2495 696 2530; x_wconf 87' lang='grc' dir='ltr'>ὴ</span> <span class='ocrx_word' id='word_1_683' title='bbox 709 2495 757 2529; x_wconf 83' lang='grc' dir='ltr'>γῆ.</span> <span class='ocrx_word' id='word_1_684' title='bbox 775 2493 825 2522; x_wconf 86' lang='lat' dir='ltr'><strong>Se-</strong></span> 
     </span>
    </p>
   </div>
   <div class='ocr_carea' id='block_1_98' title="bbox 22 2528 823 2568">
    <p class='ocr_par' dir='ltr' id='par_1_98' title="bbox 22 2528 823 2568">
     <span class='ocr_line' id='line_1_98' title="bbox 22 2528 823 2568; baseline -0.001 -11"><span class='ocrx_word' id='word_1_685' title='bbox 22 2528 132 2568; x_wconf 60' lang='lat' dir='ltr'><strong>;uitur</strong></span> <span class='ocrx_word' id='word_1_686' title='bbox 148 2530 181 2568; x_wconf 69' lang='lat' dir='ltr'><strong>ad</strong></span> <span class='ocrx_word' id='word_1_687' title='bbox 193 2528 294 2568; x_wconf 84' lang='lat' dir='ltr'><strong>_vo_ce_m</strong></span> <span class='ocrx_word' id='word_1_688' title='bbox 323 2529 498 2568; x_wconf 41' lang='grc' dir='ltr'>πταίομεν-ἰῇ</span> <span class='ocrx_word' id='word_1_689' title='bbox 511 2528 590 2568; x_wconf 48' lang='lat' dir='ltr'><strong>fall.</strong></span> <span class='ocrx_word' id='word_1_690' title='bbox 605 2529 639 2568; x_wconf 72' lang='lat' dir='ltr'><strong>Et</strong></span> <span class='ocrx_word' id='word_1_691' title='bbox 661 2528 757 2568; x_wconf 64' lang='lat' dir='ltr'><strong>deinde</strong></span> <span class='ocrx_word' id='word_1_692' title='bbox 771 2530 823 2556; x_wconf 88' lang='lat' dir='ltr'><strong>alia</strong></span> 
     </span>
    </p>
   </div>
   <div class='ocr_carea' id='block_1_99' title="bbox 22 2564 826 2600">
    <p class='ocr_par' dir='ltr' id='par_1_99' title="bbox 22 2564 826 2600">
     <span class='ocr_line' id='line_1_99' title="bbox 22 2564 826 2600; baseline -0.004 -7"><span class='ocrx_word' id='word_1_693' title='bbox 22 2564 172 2595; x_wconf 61' lang='lat' dir='ltr'><strong>{enlentia</strong></span> <span class='ocrx_word' id='word_1_694' title='bbox 193 2565 287 2600; x_wconf 85' lang='lat' dir='ltr'><strong>incipit</strong></span> <span class='ocrx_word' id='word_1_695' title='bbox 301 2564 423 2592; x_wconf 69' lang='grc' dir='ltr'>ιΦαῦλον</span> <span class='ocrx_word' id='word_1_696' title='bbox 437 2565 493 2599; x_wconf 87' lang='grc' dir='ltr'>βίον</span> <span class='ocrx_word' id='word_1_697' title='bbox 508 2564 600 2599; x_wconf 78' lang='grc' dir='ltr'>ζῶμεν</span> <span class='ocrx_word' id='word_1_698' title='bbox 619 2565 699 2599; x_wconf 80' lang='grc' dir='ltr'>ἡμεῖς</span> <span class='ocrx_word' id='word_1_699' title='bbox 713 2564 762 2591; x_wconf 63' lang='grc' dir='ltr'><strong>καὶ</strong></span> <span class='ocrx_word' id='word_1_700' title='bbox 773 2573 826 2599; x_wconf 84' lang='grc' dir='ltr'>μα-</span> 
     </span>
    </p>
   </div>
   <div class='ocr_carea' id='block_1_100' title="bbox 22 2599 823 2632">
    <p class='ocr_par' dir='ltr' id='par_1_100' title="bbox 22 2599 823 2632">
     <span class='ocr_line' id='line_1_100' title="bbox 22 2599 823 2632; baseline 0 -6"><span class='ocrx_word' id='word_1_701' title='bbox 22 2601 172 2632; x_wconf 74' lang='grc' dir='ltr'>ςτεζεται,</span> <span class='ocrx_word' id='word_1_702' title='bbox 196 2604 248 2627; x_wconf 89' lang='lat' dir='ltr'><strong>etc.</strong></span> <span class='ocrx_word' id='word_1_703' title='bbox 277 2600 312 2626; x_wconf 85' lang='lat' dir='ltr'><strong>At</strong></span> <span class='ocrx_word' id='word_1_704' title='bbox 341 2599 367 2626; x_wconf 93' lang='lat' dir='ltr'><strong>in</strong></span> <span class='ocrx_word' id='word_1_705' title='bbox 391 2600 520 2627; x_wconf 84' lang='lat' dir='ltr'><strong>Panorm.</strong></span> <span class='ocrx_word' id='word_1_706' title='bbox 539 2607 573 2626; x_wconf 77' lang='lat' dir='ltr'><strong>ex</strong></span> <span class='ocrx_word' id='word_1_707' title='bbox 596 2599 639 2627; x_wconf 88' lang='lat' dir='ltr'><strong>his</strong></span> <span class='ocrx_word' id='word_1_708' title='bbox 659 2600 823 2626; x_wconf 84' lang='lat' dir='ltr'><strong>duabusnna</strong></span> 
     </span>
    </p>
   </div>
   <div class='ocr_carea' id='block_1_101' title="bbox 22 2634 823 2670">
    <p class='ocr_par' dir='ltr' id='par_1_101' title="bbox 22 2634 823 2670">
     <span class='ocr_line' id='line_1_101' title="bbox 22 2634 823 2670; baseline -0.004 -7"><span class='ocrx_word' id='word_1_709' title='bbox 22 2640 108 2664; x_wconf 76' lang='lat' dir='ltr'><strong>’acta</strong></span> <span class='ocrx_word' id='word_1_710' title='bbox 115 2639 143 2662; x_wconf 86' lang='lat' dir='ltr'><strong>et</strong></span> <span class='ocrx_word' id='word_1_711' title='bbox 156 2636 286 2670; x_wconf 77' lang='lat' dir='ltr'><strong>permista</strong></span> <span class='ocrx_word' id='word_1_712' title='bbox 299 2639 358 2662; x_wconf 85' lang='lat' dir='ltr'><strong>crat</strong></span> <span class='ocrx_word' id='word_1_713' title='bbox 383 2634 521 2670; x_wconf 78' lang='grc' dir='ltr'>Πταίομεν</span> <span class='ocrx_word' id='word_1_714' title='bbox 533 2635 615 2670; x_wconf 76' lang='grc' dir='ltr'>ἡμεῖς</span> <span class='ocrx_word' id='word_1_715' title='bbox 630 2635 678 2661; x_wconf 77' lang='grc' dir='ltr'>καὶ</span> <span class='ocrx_word' id='word_1_716' title='bbox 690 2634 823 2670; x_wconf 80' lang='grc' dir='ltr'>μαστίζε-</span> 
     </span>
    </p>
   </div>
   <div class='ocr_carea' id='block_1_102' title="bbox 22 2669 726 2704">
    <p class='ocr_par' dir='ltr' id='par_1_102' title="bbox 22 2669 726 2704">
     <span class='ocr_line' id='line_1_102' title="bbox 22 2669 726 2704; baseline -0.004 -5"><span class='ocrx_word' id='word_1_717' title='bbox 22 2680 79 2699; x_wconf 73' lang='grc' dir='ltr'><strong>ται</strong></span> <span class='ocrx_word' id='word_1_718' title='bbox 92 2671 128 2696; x_wconf 83' lang='grc' dir='ltr'>τὰ</span> <span class='ocrx_word' id='word_1_719' title='bbox 143 2669 246 2704; x_wconf 79' lang='grc' dir='ltr'>ἄψυχα.</span> <span class='ocrx_word' id='word_1_720' title='bbox 473 2669 477 2670; x_wconf 55' lang='grc'><strong><em>⁷</em></strong></span> <span class='ocrx_word' id='word_1_721' title='bbox 556 2669 560 2670; x_wconf 55' lang='grc'><strong><em>⁷</em></strong></span> 
     </span>
    </p>
   </div>
   <div class='ocr_carea' id='block_1_103' title="bbox 65 2703 827 2739">
    <p class='ocr_par' dir='ltr' id='par_1_103' title="bbox 65 2703 827 2739">
     <span class='ocr_line' id='line_1_103' title="bbox 65 2703 827 2739; baseline 0.001 -8"><span class='ocrx_word' id='word_1_722' title='bbox 65 2705 129 2739; x_wconf 70' lang='lat'><strong>(25)</strong></span> <span class='ocrx_word' id='word_1_723' title='bbox 153 2705 234 2731; x_wconf 74' lang='lat' dir='ltr'><strong>Velox</strong></span> <span class='ocrx_word' id='word_1_724' title='bbox 250 2708 274 2731; x_wconf 77' lang='lat' dir='ltr'><strong>et</strong></span> <span class='ocrx_word' id='word_1_725' title='bbox 302 2704 502 2739; x_wconf 69' lang='lat' dir='ltr'><strong>inexpugnabile</strong></span> <span class='ocrx_word' id='word_1_726' title='bbox 518 2704 681 2739; x_wconf 64' lang='lat' dir='ltr'><strong>praesidium.</strong></span> <span class='ocrx_word' id='word_1_727' title='bbox 697 2703 751 2732; x_wconf 85' lang='lat' dir='ltr'><strong>Hoc</strong></span> <span class='ocrx_word' id='word_1_728' title='bbox 763 2711 827 2732; x_wconf 90' lang='lat' dir='ltr'><strong>vero</strong></span> 
     </span>
    </p>
   </div>
   <div class='ocr_carea' id='block_1_104' title="bbox 22 2739 825 2774">
    <p class='ocr_par' dir='ltr' id='par_1_104' title="bbox 22 2739 825 2774">
     <span class='ocr_line' id='line_1_104' title="bbox 22 2739 825 2774; baseline 0 -9"><span class='ocrx_word' id='word_1_729' title='bbox 22 2741 153 2774; x_wconf 69' lang='lat' dir='ltr'><strong>:Ioglllll]</strong></span> <span class='ocrx_word' id='word_1_730' title='bbox 181 2739 210 2766; x_wconf 86' lang='grc' dir='ltr'><strong>Β.</strong></span> <span class='ocrx_word' id='word_1_731' title='bbox 235 2739 350 2773; x_wconf 80' lang='lat' dir='ltr'><strong>Virginis</strong></span> <span class='ocrx_word' id='word_1_732' title='bbox 372 2740 427 2773; x_wconf 88' lang='lat' dir='ltr'><strong>ipsa</strong></span> <span class='ocrx_word' id='word_1_733' title='bbox 439 2740 547 2774; x_wconf 84' lang='lat' dir='ltr'><strong>dignum</strong></span> <span class='ocrx_word' id='word_1_734' title='bbox 573 2741 690 2774; x_wconf 82' lang='lat' dir='ltr'><strong>cpiScopi</strong></span> <span class='ocrx_word' id='word_1_735' title='bbox 714 2739 825 2773; x_wconf 84' lang='lat' dir='ltr'><strong>pietate,</strong></span> 
     </span>
    </p>
   </div>
   <div class='ocr_carea' id='block_1_105' title="bbox 22 2774 825 2808">
    <p class='ocr_par' dir='ltr' id='par_1_105' title="bbox 22 2774 825 2808">
     <span class='ocr_line' id='line_1_105' title="bbox 22 2774 825 2808; baseline -0.001 -5"><span class='ocrx_word' id='word_1_736' title='bbox 22 2784 90 2803; x_wconf 82' lang='lat' dir='ltr'><strong>mn</strong></span> <span class='ocrx_word' id='word_1_737' title='bbox 107 2775 166 2801; x_wconf 88' lang='lat' dir='ltr'><strong>sine</strong></span> <span class='ocrx_word' id='word_1_738' title='bbox 186 2775 326 2808; x_wconf 82' lang='lat' dir='ltr'><strong>utriusque</strong></span> <span class='ocrx_word' id='word_1_739' title='bbox 347 2775 443 2808; x_wconf 83' lang='lat' dir='ltr'><strong>injuria</strong></span> <span class='ocrx_word' id='word_1_740' title='bbox 465 2775 605 2806; x_wconf 86' lang='lat' dir='ltr'><strong>omissum,</strong></span> <span class='ocrx_word' id='word_1_741' title='bbox 645 2776 670 2800; x_wconf 92' lang='lat' dir='ltr'><strong>in</strong></span> <span class='ocrx_word' id='word_1_742' title='bbox 699 2774 825 2802; x_wconf 87' lang='lat' dir='ltr'><strong>Panorm.</strong></span> 
     </span>
    </p>
   </div>
   <div class='ocr_carea' id='block_1_106' title="bbox 22 2809 827 2846">
    <p class='ocr_par' dir='ltr' id='par_1_106' title="bbox 22 2809 827 2846">
     <span class='ocr_line' id='line_1_106' title="bbox 22 2809 827 2846; baseline -0.004 -7"><span class='ocrx_word' id='word_1_743' title='bbox 22 2810 192 2839; x_wconf 76' lang='lat' dir='ltr'><strong>&#39;estituiex</strong></span> <span class='ocrx_word' id='word_1_744' title='bbox 214 2809 285 2838; x_wconf 85' lang='lat' dir='ltr'><strong>Gali.</strong></span> <span class='ocrx_word' id='word_1_745' title='bbox 296 2809 340 2837; x_wconf 90' lang='lat' dir='ltr'><strong>ubi</strong></span> <span class='ocrx_word' id='word_1_746' title='bbox 363 2810 419 2845; x_wconf 85' lang='grc' dir='ltr'><strong>Τὴν</strong></span> <span class='ocrx_word' id='word_1_747' title='bbox 435 2810 548 2845; x_wconf 80' lang='grc' dir='ltr'>ταχεῖαν</span> <span class='ocrx_word' id='word_1_748' title='bbox 569 2810 750 2846; x_wconf 84' lang='grc' dir='ltr'>προστασίαν,</span> <span class='ocrx_word' id='word_1_749' title='bbox 777 2809 827 2836; x_wconf 76' lang='grc' dir='ltr'>καὶ</span> 
     </span>
    </p>
   </div>
   <div class='ocr_carea' id='block_1_107' title="bbox 878 2493 1240 2529">
    <p class='ocr_par' dir='ltr' id='par_1_107' title="bbox 878 2493 1240 2529">
     <span class='ocr_line' id='line_1_107' title="bbox 878 2493 1240 2529; baseline -0.003 -7"><span class='ocrx_word' id='word_1_750' title='bbox 878 2495 983 2528; x_wconf 73' lang='grc' dir='ltr'>ἄμαχον</span> <span class='ocrx_word' id='word_1_751' title='bbox 998 2493 1126 2528; x_wconf 90' lang='lat' dir='ltr'><strong>scriptum</strong></span> <span class='ocrx_word' id='word_1_752' title='bbox 1141 2494 1240 2529; x_wconf 85' lang='lat' dir='ltr'><strong>reperi.</strong></span> 
     </span>
    </p>
   </div>
   <div class='ocr_carea' id='block_1_108' title="bbox 915 2526 1661 2564">
    <p class='ocr_par' dir='ltr' id='par_1_108' title="bbox 915 2526 1661 2564">
     <span class='ocr_line' id='line_1_108' title="bbox 915 2526 1661 2564; baseline -0.003 -8"><span class='ocrx_word' id='word_1_753' title='bbox 915 2526 971 2564; x_wconf 60' lang='lat'><strong>(21)</strong></span> <span class='ocrx_word' id='word_1_754' title='bbox 1000 2526 1072 2564; x_wconf 66' lang='grc' dir='ltr'>ρηρ</span> <span class='ocrx_word' id='word_1_755' title='bbox 1096 2526 1220 2564; x_wconf 58' lang='lat' dir='ltr'><strong>naturam</strong></span> <span class='ocrx_word' id='word_1_756' title='bbox 1241 2533 1368 2557; x_wconf 77' lang='lat' dir='ltr'><strong>nostram.</strong></span> <span class='ocrx_word' id='word_1_757' title='bbox 1383 2526 1434 2564; x_wconf 21' lang='lat' dir='ltr'><strong>rEt</strong></span> <span class='ocrx_word' id='word_1_758' title='bbox 1449 2528 1522 2564; x_wconf 70' lang='lat' dir='ltr'><strong>imo</strong></span> <span class='ocrx_word' id='word_1_759' title='bbox 1535 2527 1615 2555; x_wconf 89' lang='lat' dir='ltr'><strong>etiam</strong></span> <span class='ocrx_word' id='word_1_760' title='bbox 1629 2528 1661 2555; x_wconf 78' lang='lat' dir='ltr'><strong>ad</strong></span> 
     </span>
    </p>
   </div>
   <div class='ocr_carea' id='block_1_109' title="bbox 879 2562 1662 2599">
    <p class='ocr_par' dir='ltr' id='par_1_109' title="bbox 879 2562 1662 2599">
     <span class='ocr_line' id='line_1_109' title="bbox 879 2562 1662 2599; baseline -0.003 -8"><span class='ocrx_word' id='word_1_761' title='bbox 879 2562 1047 2599; x_wconf 62' lang='lat' dir='ltr'><strong>maiestatem</strong></span> <span class='ocrx_word' id='word_1_762' title='bbox 1059 2563 1090 2590; x_wconf 90' lang='grc' dir='ltr'><strong>Β.</strong></span> <span class='ocrx_word' id='word_1_763' title='bbox 1102 2563 1173 2599; x_wconf 85' lang='lat' dir='ltr'><strong>Virg.</strong></span> <span class='ocrx_word' id='word_1_764' title='bbox 1188 2564 1362 2599; x_wconf 76' lang='lat' dir='ltr'><strong>pertinentia,</strong></span> <span class='ocrx_word' id='word_1_765' title='bbox 1381 2563 1414 2590; x_wconf 86' lang='lat' dir='ltr'><strong>&#39;H</strong></span> <span class='ocrx_word' id='word_1_766' title='bbox 1429 2562 1477 2599; x_wconf 82' lang='grc' dir='ltr'>τὴν</span> <span class='ocrx_word' id='word_1_767' title='bbox 1488 2563 1569 2598; x_wconf 80' lang='grc' dir='ltr'>φύσιν</span> <span class='ocrx_word' id='word_1_768' title='bbox 1583 2563 1662 2598; x_wconf 84' lang='grc' dir='ltr'>ἡμῶν</span> 
     </span>
    </p>
   </div>
   <div class='ocr_carea' id='block_1_110' title="bbox 875 2598 1662 2634">
    <p class='ocr_par' dir='ltr' id='par_1_110' title="bbox 875 2598 1662 2634">
     <span class='ocr_line' id='line_1_110' title="bbox 875 2598 1662 2634; baseline 0 -9"><span class='ocrx_word' id='word_1_769' title='bbox 875 2598 966 2634; x_wconf 83' lang='grc' dir='ltr'><strong>τῷσῷ</strong></span> <span class='ocrx_word' id='word_1_770' title='bbox 981 2599 1055 2633; x_wconf 85' lang='grc' dir='ltr'>τόκῳ</span> <span class='ocrx_word' id='word_1_771' title='bbox 1070 2598 1208 2626; x_wconf 77' lang='grc' dir='ltr'>θεώσασα.</span> <span class='ocrx_word' id='word_1_772' title='bbox 1236 2598 1301 2631; x_wconf 66' lang='lat' dir='ltr'><strong>Qum</strong></span> <span class='ocrx_word' id='word_1_773' title='bbox 1330 2598 1590 2634; x_wconf 38' lang='lat' dir='ltr'><strong>naturam&#39;nostrgm</strong></span> <span class='ocrx_word' id='word_1_774' title='bbox 1618 2603 1662 2625; x_wconf 81' lang='lat' dir='ltr'><strong>tuo</strong></span> 
     </span>
    </p>
   </div>
   <div class='ocr_carea' id='block_1_111' title="bbox 876 2632 1608 2668">
    <p class='ocr_par' dir='ltr' id='par_1_111' title="bbox 876 2632 1608 2668">
     <span class='ocr_line' id='line_1_111' title="bbox 876 2632 1608 2668; baseline -0.001 -8"><span class='ocrx_word' id='word_1_775' title='bbox 876 2632 957 2668; x_wconf 64' lang='lat' dir='ltr'><strong>primi</strong></span> <span class='ocrx_word' id='word_1_776' title='bbox 968 2632 1153 2668; x_wconf 70' lang='lat' dir='ltr'><strong>sancti/itaut,</strong></span> <span class='ocrx_word' id='word_1_777' title='bbox 1178 2634 1300 2661; x_wconf 80' lang='lat' dir='ltr'><strong>restituta</strong></span> <span class='ocrx_word' id='word_1_778' title='bbox 1316 2640 1377 2660; x_wconf 89' lang='lat' dir='ltr'><strong>sunt</strong></span> <span class='ocrx_word' id='word_1_779' title='bbox 1393 2641 1424 2660; x_wconf 84' lang='lat' dir='ltr'><strong>ex</strong></span> <span class='ocrx_word' id='word_1_780' title='bbox 1433 2634 1526 2661; x_wconf 87' lang='lat' dir='ltr'><strong>eodem</strong></span> <span class='ocrx_word' id='word_1_781' title='bbox 1537 2632 1608 2660; x_wconf 86' lang='lat' dir='ltr'><strong>Gali.</strong></span> 
     </span>
    </p>
   </div>
   <div class='ocr_carea' id='block_1_112' title="bbox 912 2668 1659 2704">
    <p class='ocr_par' dir='ltr' id='par_1_112' title="bbox 912 2668 1659 2704">
     <span class='ocr_line' id='line_1_112' title="bbox 912 2668 1659 2704; baseline -0.003 -8"><span class='ocrx_word' id='word_1_782' title='bbox 912 2669 967 2704; x_wconf 73' lang='grc'>(25)</span> <span class='ocrx_word' id='word_1_783' title='bbox 984 2668 1120 2696; x_wconf 79' lang='lat' dir='ltr'><strong>Civitatem</strong></span> <span class='ocrx_word' id='word_1_784' title='bbox 1136 2670 1162 2696; x_wconf 84' lang='lat' dir='ltr'><strong>in</strong></span> <span class='ocrx_word' id='word_1_785' title='bbox 1173 2674 1217 2695; x_wconf 80' lang='lat' dir='ltr'><strong>tuo</strong></span> <span class='ocrx_word' id='word_1_786' title='bbox 1229 2669 1333 2696; x_wconf 79' lang='lat' dir='ltr'><strong>nomine</strong></span> <span class='ocrx_word' id='word_1_787' title='bbox 1347 2669 1514 2704; x_wconf 80' lang='lat' dir='ltr'><strong>gloriantem.</strong></span> <span class='ocrx_word' id='word_1_788' title='bbox 1541 2669 1579 2696; x_wconf 81' lang='lat' dir='ltr'><strong>0h</strong></span> <span class='ocrx_word' id='word_1_789' title='bbox 1595 2668 1659 2695; x_wconf 87' lang='lat' dir='ltr'><strong>ima-</strong></span> 
     </span>
    </p>
   </div>
   <div class='ocr_carea' id='block_1_113' title="bbox 876 2704 1661 2739">
    <p class='ocr_par' dir='ltr' id='par_1_113' title="bbox 876 2704 1661 2739">
     <span class='ocr_line' id='line_1_113' title="bbox 876 2704 1661 2739; baseline -0.001 -9"><span class='ocrx_word' id='word_1_790' title='bbox 876 2706 964 2738; x_wconf 72' lang='lat' dir='ltr'><strong>ginem</strong></span> <span class='ocrx_word' id='word_1_791' title='bbox 975 2704 1006 2732; x_wconf 84' lang='grc' dir='ltr'><strong>Β.</strong></span> <span class='ocrx_word' id='word_1_792' title='bbox 1037 2704 1154 2739; x_wconf 76' lang='lat' dir='ltr'><strong>Virginis</strong></span> <span class='ocrx_word' id='word_1_793' title='bbox 1181 2704 1389 2739; x_wconf 84' lang='grc' dir='ltr'>ἀχειροποίητον</span> <span class='ocrx_word' id='word_1_794' title='bbox 1407 2712 1461 2731; x_wconf 91' lang='lat' dir='ltr'><strong>non</strong></span> <span class='ocrx_word' id='word_1_795' title='bbox 1479 2706 1661 2739; x_wconf 58' lang='lat' dir='ltr'><strong>manngtclam</strong></span> 
     </span>
    </p>
   </div>
   <div class='ocr_carea' id='block_1_114' title="bbox 876 2737 1662 2774">
    <p class='ocr_par' dir='ltr' id='par_1_114' title="bbox 876 2737 1662 2774">
     <span class='ocr_line' id='line_1_114' title="bbox 876 2737 1662 2774; baseline -0.003 -8"><span class='ocrx_word' id='word_1_796' title='bbox 876 2737 978 2767; x_wconf 80' lang='lat' dir='ltr'><strong>dictum</strong></span> <span class='ocrx_word' id='word_1_797' title='bbox 1006 2737 1175 2774; x_wconf 51' lang='lat' dir='ltr'><strong>potissimum</strong></span> <span class='ocrx_word' id='word_1_798' title='bbox 1198 2737 1342 2766; x_wconf 33' lang='lat' dir='ltr'><strong>arb&#39;itrora</strong></span> <span class='ocrx_word' id='word_1_799' title='bbox 1369 2739 1542 2772; x_wconf 80' lang='lat' dir='ltr'><strong>Theophane,</strong></span> <span class='ocrx_word' id='word_1_800' title='bbox 1559 2737 1662 2774; x_wconf 80' lang='lat' dir='ltr'><strong>Tauro-</strong></span> 
     </span>
    </p>
   </div>
   <div class='ocr_carea' id='block_1_115' title="bbox 877 2772 1661 2809">
    <p class='ocr_par' dir='ltr' id='par_1_115' title="bbox 877 2772 1661 2809">
     <span class='ocr_line' id='line_1_115' title="bbox 877 2772 1661 2809; baseline 0 -9"><span class='ocrx_word' id='word_1_801' title='bbox 877 2775 994 2801; x_wconf 86' lang='lat' dir='ltr'><strong>menium</strong></span> <span class='ocrx_word' id='word_1_802' title='bbox 1007 2772 1044 2800; x_wconf 25' lang='lat' dir='ltr'><strong>Vin</strong></span> <span class='ocrx_word' id='word_1_803' title='bbox 1065 2773 1184 2808; x_wconf 76' lang='lat' dir='ltr'><strong>Virginis</strong></span> <span class='ocrx_word' id='word_1_804' title='bbox 1208 2774 1317 2809; x_wconf 78' lang='lat' dir='ltr'><strong>nomine</strong></span> <span class='ocrx_word' id='word_1_805' title='bbox 1333 2774 1447 2807; x_wconf 78' lang='lat' dir='ltr'><strong>gloriari</strong></span> <span class='ocrx_word' id='word_1_806' title='bbox 1462 2782 1469 2800; x_wconf 87' lang='lat'><strong>:</strong></span> <span class='ocrx_word' id='word_1_807' title='bbox 1485 2774 1518 2802; x_wconf 87' lang='lat' dir='ltr'><strong>de</strong></span> <span class='ocrx_word' id='word_1_808' title='bbox 1535 2781 1588 2809; x_wconf 89' lang='lat' dir='ltr'><strong>quo</strong></span> <span class='ocrx_word' id='word_1_809' title='bbox 1601 2772 1661 2800; x_wconf 72' lang='lat' dir='ltr'><strong>vide</strong></span> 
     </span>
    </p>
   </div>
   <div class='ocr_carea' id='block_1_116' title="bbox 877 2808 1360 2844">
    <p class='ocr_par' dir='ltr' id='par_1_116' title="bbox 877 2808 1360 2844">
     <span class='ocr_line' id='line_1_116' title="bbox 877 2808 1360 2844; baseline -0.002 -8"><span class='ocrx_word' id='word_1_810' title='bbox 877 2814 934 2836; x_wconf 90' lang='lat' dir='ltr'><strong>not.</strong></span> <span class='ocrx_word' id='word_1_811' title='bbox 952 2809 994 2844; x_wconf 90' lang='lat' dir='ltr'><strong>ll,</strong></span> <span class='ocrx_word' id='word_1_812' title='bbox 1011 2814 1038 2836; x_wconf 90' lang='lat' dir='ltr'><strong>ct</strong></span> <span class='ocrx_word' id='word_1_813' title='bbox 1051 2809 1171 2837; x_wconf 72' lang='lat' dir='ltr'><strong>Prowm.</strong></span> <span class='ocrx_word' id='word_1_814' title='bbox 1183 2808 1316 2844; x_wconf 52' lang='grc' dir='ltr'>πιέσῃ-,ς</span> <span class='ocrx_word' id='word_1_815' title='bbox 1333 2809 1360 2836; x_wconf 77' lang='lat'><strong>5.</strong></span> 
     </span>
    </p>
   </div>
  </div>
