1867 3055
22 157 103 190 1085

576 161 734 192 NOTITIA
756 161 1130 192 PATRIARCHATUUM.

1599 159 1671 192 1036

20 213 118 249 αὐτὴν
133 214 161 241 δὲ
177 213 280 250 ὑστέρα
307 214 389 249 ἡτῶν
405 215 532 251 Περσῶν.
548 216 580 242 Αἱ
601 216 629 243 δὲ
640 217 719 244 ἄλλαι
735 217 781 243 δύο
794 218 823 243 ὲν

918 217 979 252 iqua
998 217 1051 244 duo
1067 217 1092 244 in
1112 216 1229 251 Europa,
1243 216 1352 244 tertium
1363 216 1458 244 ordine
1479 215 1669 248 Macedonum,

19 261 62 294 τῇ
81 259 241 296 Εὐρώπῃ,ή
259 260 349 296 τρίτη,
367 261 469 298 δηλαδὴ
486 263 502 297 ἡ
516 262 571 289 τῶν
589 263 766 297 Μακεδόνων,
780 263 828 290 καὶ

22 306 43 339 ἡ
68 307 188 342 τετάρτη
222 308 268 334 καὶ
297 307 453 341 τελευταία,
484 309 586 344 μείζων
613 310 827 345 πάντωνὴτῶν

29 351 194 387 Ῥωμαίων.
215 353 356 387 ¹Γεγόνασι
380 354 408 380 δὲ
436 355 483 380 καὶ
516 356 545 381 ὲν
560 355 703 390 διαφόροις
722 356 827 391 χώραις

24 397 161 432 μέγισται
181 398 327 433 βασιλεῖαι,
343 399 390 426 καὶ
404 400 553 435 τοπαρχίαι
582 401 706 436 μερικαὶ,
732 401 771 433 ὡς
798 402 828 429 ἐν

22 444 163 480 Αἰγύπτῳ
182 446 230 472 καὶ
254 446 283 471 ἐν
304 446 515 481 Ἱεροσολύμοις,
535 448 584 474 καὶ
616 449 646 473 ὲν
669 448 759 480 ἄλλοις
770 448 826 475 τισὶ¹

24 491 138 523 τόποις.
159 491 235 518 ἘπΞὶ
247 492 349 523 τοίνυν,
361 492 407 518 τοῦ
422 494 526 528 Κυρίου
539 494 585 520 καὶ
601 495 730 531 Σωτῆρος
747 495 827 530 ἡμῶν

32 538 129 572 Ἰησοῦ
149 539 269 574 Χριστοῦ
294 540 471 574 γεννηθέντος
494 542 523 567 έν
547 542 587 577 τῷ
610 543 826 579 τεσσαρακοστῷ

25 585 153 620 δευτέρῳ
172 585 228 612 ἔτει
244 586 294 620 τῆς
308 586 448 621 βασιλείας
460 588 616 622 Αὐγούστου
629 589 769 626 Καίσαρος
779 591 826 618 τοῦ

27 630 146 666 πρώτου
162 633 386 667 μοναρχήσαντος
413 634 442 660 ἐν
467 633 573 670 Ῥώμῃ,
591 636 639 662 καὶ
655 637 745 664 πᾶσαν
759 637 828 664 ἀπο-

25 677 211 712 γραψαμένου
223 678 272 713 τὴν
284 679 457 714 οἰκουμένην,
470 681 518 706 καὶ
531 681 656 716 μετὰ,τὴν
668 681 715 708 τοῦ
724 682 826 718 Κυρίου

24 725 71 754 εἰς
87 724 220 758 οὐρανοὺς
234 724 367 759 ἀνάληψιν
382 726 406 752 oi
437 728 587 761 σοφώτατοι
600 728 744 755 ἀπόστολοι
753 729 827 756 ᾶπα-

26 778 83 796 σαν
97 771 284 806 περιέδραμον
304 772 354 806 τὴν
369 772 547 808 οἰκουμένην,
573 774 622 801 καὶ
650 775 700 810 τὴν
724 776 826 811 εὐσεϐῆ

25 816 80 842 καὶ
91 817 223 852 ἀληθινὴν
236 818 329 844 πίστιν
350 818 389 850 είς
413 818 518 854 ταύτην
549 821 687 856 ἐκήρυξαν
702 830 709 838 ·
725 822 778 849 ἔδει
799 823 827 850 δὲ

25 863 143 893 πάντως
159 863 195 915 μὴ
213 863 295 898 μέχρι
307 864 357 899 τῆς
373 864 463 891 αὐτῶν
479 865 571 901 βιοτῆς
585 867 619 894 τὰ
633 867 684 901 τῆς
703 867 825 900 πίστεως
843 887 864 915 Β

25 908 254 943 περιορισθῆναι,
271 909 339 936 ἀλλὰ
357 911 440 945 μέχρι
459 911 619 944 συντελείας
635 914 740 949 χρόνων
756 915 825 941 αίῶ-

25 962 75 984 νος
95 954 200 988 ταύτην
230 954 380 989 ἀκλόνητον
407 955 557 991 διαμεῖναι,
574 959 621 985 καὶ
656 960 826 995 συντηρῆσαι

26 999 111 1033 παρὰ
126 1003 181 1027 τῶν
193 1001 257 1032 τοὺς
273 1001 386 1028 ἐκείνων
412 1003 616 1038 διαδεξαμένων
631 1005 743 1041 θρόνους
756 1015 763 1022 ·
781 1006 827 1034 διὰ

25 1045 113 1071 τοῦτο
125 1046 175 1077 τὰς
195 1046 289 1081 χώρας
320 1049 531 1084 περιερχόμενοι
555 1051 724 1084 ἐπισκόπους
748 1053 827 1080 καθί-

28 1099 106 1117 στων
131 1092 160 1118 ὲν
177 1092 291 1125 ταύταις
318 1094 418 1129 ἄνδρας
435 1096 546 1128 ἱκανοὺς
561 1097 609 1124 καὶ
633 1100 758 1131 πιστοὺς.
777 1100 827 1126 καὶ

28 1138 211 1171 ἀξιοπίστους
226 1140 273 1166 ἐπὶ
285 1141 377 1167 πᾶσαν
404 1141 544 1178 θεοπρεπῆ
561 1144 713 1172 πολιτείαν.
729 1146 827 1173 Τοίνυν

28 1186 81 1211 καὶ
106 1186 120 1211 ὁ
136 1186 223 1220 μέγας
249 1187 398 1220 ἀπόστολος
424 1189 539 1224 Πέτρος,
580 1190 633 1226 πρὸ
663 1192 718 1218 τῶν
739 1193 827 1220 ἄλλων

27 1232 151 1259 ἐθνικῶν
165 1233 269 1260 πόλεων
285 1234 401 1269 πρώτων
424 1237 631 1265 πιστευσάντων
647 1239 701 1265 τῶν
715 1240 743 1266 ὲν
765 1240 827 1266 Ἀν-

28 1280 140 1315 τιοχείᾳ
169 1282 201 1316 τῇ
225 1281 276 1316 τῆς
301 1282 403 1319 Κοίλης
416 1284 516 1319 Συρίας
530 1285 643 1320 δηλαδὴ,
659 1287 783 1322 προ-ἦρχε
796 1287 825 1314 δὲ

29 1325 105 1362 αὕτη
122 1327 217 1354 πασῶν
232 1329 286 1355 τῶν
298 1329 327 1355 ἐν
344 1331 376 1365 τῇ
399 1331 478 1366 Ἀσίᾳ
503 1332 550 1358 καὶ
567 1332 696 1368 Ἀνατολῇ
709 1334 825 1368 πόλεων,

36 1372 207 1409 Ἐκκλησίαν
229 1375 397 1410 πηξάμενος,
423 1378 469 1403 καλ¹
490 1378 548 1404 ἀντ’
564 1378 649 1406 αὑτοῦ
674 1379 827 1408 ἐπίσκοπον

30 1419 62 1445 ὲν
81 1419 150 1454 αὐτῇ
180 1420 225 1446 τὸν
250 1421 347 1448 Εὔοδον
367 1425 563 1459 χειροτονήσας
589 1425 766 1462 ἀπεδήμησεν
786 1428 827 1459 εἰς

37 1464 150 1501 Ῥώμην
165 1466 214 1502 τὴν
236 1467 359 1502 βασιλίδα
378 1470 440 1496 τότε
460 1471 555 1497 πασῶν
572 1471 627 1498 τῶν
643 1473 760 1506 πόλεων,
774 1474 827 1509 τὴν

30 1512 251 1549 προκαθημένην
279 1515 374 1541 πασῶν
402 1516 457 1542 τῶν
486 1518 535 1552 τῆς
555 1517 691 1554 Εὐρώπης
710 1519 826 1554 πόλεων,

879 267 1005 297 quartum
1021 267 1049 290 et
1073 263 1196 290 ultimum
1212 268 1240 291 et
1260 263 1380 291 omnium
1395 271 1477 298 quam
1498 263 1616 291 maxime
1630 264 1673 291 in-

879 316 946 342 gens
976 309 1170 336 Romanorum.
1187 309 1275 337 Fuere
1288 310 1369 336 etiam
1387 309 1414 337 in
1433 309 1494 337 aliis
1516 309 1672 345 regionibus

879 355 996 381 maxima
1025 363 1107 390 regna
1133 359 1160 382 et
1186 355 1360 390 particularia
1389 355 1508 382 dominia
1528 355 1612 382 veluti
1642 355 1670 382 in

878 401 1004 436 Egyplo,
1021 401 1225 437 Hierosolymis,
1246 406 1273 429 et
1300 402 1361 428 aliis
1373 401 1440 430 locis
1455 410 1462 429 :
1476 405 1670 429 verumtamen

879 446 994 474 Domino
1021 452 1047 474 et
1064 447 1206 474 Salvatore
1218 452 1311 475 nostro
1320 446 1385 475 Jesu
1397 447 1504 474 Christo
1528 452 1590 474 nato
1600 455 1674 474 anno

879 493 1088 528 quadragesimo
1117 493 1238 521 secundo
1262 493 1367 529 imperii
1400 493 1515 528 Augusti
1542 493 1672 524 Caesaris.

879 540 924 574 qui
939 540 1041 574 primus
1055 540 1176 566 omnium
1195 544 1222 568 et
1235 539 1309 567 solus
1324 539 1467 566 arbitrium
1486 540 1560 567 orbis
1579 539 1674 566 Romae

879 585 975 617 tenuit,
991 589 1018 612 et
1035 585 1189 612 universum
1213 589 1345 611 terrarum
1362 584 1631 619 orbcmldescripsit,
1647 589 1675 612 et

879 636 938 666 post
953 631 1025 658 illius
1054 631 1244 658 ascensionem
1270 631 1297 658 in
1316 631 1410 663 caelos,
1423 638 1485 658 cum
1495 631 1610 666 apostoli
1628 639 1674 658 sa-

878 677 1040 712 pientissimi
1053 682 1139 705 totum
1154 677 1248 705 orbem
1264 682 1467 714 peragrassent,
1483 685 1576 705 veram
1587 679 1675 713 piam-

878 731 930 759 que
958 724 1037 752 ﬁdem
1067 732 1115 759 per
1141 732 1203 752 eum
1232 725 1427 760 div-tigerunt;
1445 732 1506 752 cum
1523 731 1588 751 vero
1601 728 1675 752 esset

879 779 992 799 necesse
1015 779 1109 799 eorum
1126 772 1188 799 vine
1214 772 1329 799 termino
1344 778 1388 799 res
1406 771 1468 798 ﬁdei
1484 778 1537 799 non
1554 771 1675 798 circum-

878 817 971 850 scribi,
986 817 1034 845 sed
1066 817 1099 844 ad
1117 817 1382 845 consummationem
1400 824 1485 852 usque
1507 816 1598 845 saeculi
1614 824 1673 844 eam

880 862 1068 890 inconcussam
1081 869 1241 898 permanere
1254 866 1281 889 et
1294 861 1334 889 sic
1351 861 1508 889 conservari
1520 861 1556 888 ab
1579 868 1675 888 eorum

878 907 1092 941 successoribus,
1109 911 1250 942 propterea
1266 907 1350 936 urbes
1365 907 1577 939 circumeuntes,
1614 906 1676 942 epi-

878 963 976 991 scopos
993 956 1020 983 in
1037 955 1089 983 illis
1103 956 1242 989 creabant,
1256 955 1331 983 viros
1346 954 1509 983 suﬁicicntes
1525 959 1552 982 et
1567 954 1672 988 ﬁdeles,

878 1007 906 1030 et
921 1010 989 1037 quos
1015 1003 1077 1030 vita:
1092 1002 1245 1030 institutum
1260 1002 1382 1030 divinum
1401 1001 1514 1036 reliquis
1530 1008 1673 1028 commen-

880 1048 990 1076 dabant.
1020 1048 1193 1084 Quapropter
1220 1052 1247 1076 et
1281 1055 1396 1083 magnus
1421 1047 1560 1083 apostolus
1577 1045 1675 1074 Petrus

878 1103 951 1129 cum,
981 1101 1045 1123 ante
1070 1095 1138 1123 alios
1169 1094 1295 1130 gentiles,
1324 1094 1416 1129 primi,
1438 1094 1483 1129 qui
1503 1093 1676 1121 Antiochiam

879 1141 1008 1168 tenebant
1023 1149 1082 1175 quae
1092 1141 1119 1168 in
1131 1140 1302 1177 Coele-Syria
1317 1145 1370 1174 est,
1393 1140 1585 1173 credidissent,
1597 1140 1678 1175 (prae-

878 1188 993 1216 cellebat
1014 1188 1086 1216 enim
1112 1187 1157 1215 illa
1184 1188 1296 1223 reliquis
1322 1187 1432 1215 Asianis
1442 1191 1469 1215 et
1483 1186 1672 1214 Orientalibus

879 1234 1005 1269 urbibus)
1036 1234 1062 1261 in
1093 1241 1126 1261 ea
1151 1233 1299 1261 Ecclesiam
1318 1233 1446 1265 fundans,
1461 1237 1488 1260 et
1513 1233 1574 1261 loco
1590 1232 1631 1261 sui
1647 1233 1675 1260 in

879 1281 936 1315 ipsa
967 1280 1059 1308 Evado
1083 1280 1110 1307 in
1140 1280 1325 1315 episcopatum
1352 1284 1486 1314 promoto.
1511 1279 1625 1307 Romam
1642 1286 1676 1307 eo

880 1332 1001 1362 tempore
1027 1327 1193 1362 reliquarum
1205 1327 1313 1355 urbium
1339 1327 1488 1363 principem
1504 1331 1531 1354 et
1542 1334 1597 1361 prae
1613 1326 1676 1354 aliis

879 1374 995 1409 Europa:
1021 1373 1134 1401 urbibus
1164 1373 1356 1408 conspicuam,
1381 1373 1566 1409 progreditur,
1584 1372 1677 1407 ibique

879 1423 1031 1450 Ecclesium
1053 1422 1173 1457 erigens.
1198 1422 1297 1449 Linum
1330 1421 1484 1457 episcopum
1521 1421 1674 1449 constituit.

880 1469 932 1495 Alii
957 1473 1080 1501 narrant,
1109 1468 1207 1495 ibidem
1230 1467 1329 1495 Linum
1348 1467 1498 1498 invenisse.
1515 1472 1597 1494 antea
1610 1474 1624 1494 a
1641 1467 1676 1494 D.

879 1514 964 1543 Paulo
988 1514 1014 1541 in
1030 1514 1187 1549 episcopum
1205 1518 1369 1549 promotum,
1389 1521 1506 1549 ettmque
1521 1514 1676 1548 excepisse,

31 1559 118 1584 κάκεῖ
141 1559 306 1595 Ἐκκλησίαν
324 1562 493 1597 πηξάμενος,
507 1565 553 1590 καὶ
565 1565 610 1591 τὸν
622 1564 701 1592 Λῖνον
716 1567 745 1593 ὲν
757 1566 828 1602 αὐτῇ

917 1568 941 1590 st
952 1567 1066 1590 mortem
1080 1561 1261 1598 LiniXystum
1277 1562 1304 1589 in
1320 1562 1479 1597 episcopum
1492 1561 1674 1597 promovisse,

31 1604 186 1632 ἐπίσκοπον
199 1609 373 1642 καταστήσας
386 1617 392 1623 ε
407 1608 445 1641 ὡς
455 1609 482 1644 ᾃέ
499 1610 572 1642 τινές
583 1619 675 1644 φασιν,
692 1612 733 1639 ὅτι
744 1614 828 1649 εὑρη-

31 1648 93 1680 κὼς
123 1650 168 1677 τὸν
180 1651 259 1678 Δίνον
277 1652 327 1688 ἤδη
343 1655 572 1688 προκαταστάντα
591 1657 669 1692 παρὰ
682 1657 730 1684 τοῦ
748 1648 827 1693 ἁΫίου

33 1695 156 1727 Παύλου,
178 1697 226 1723 καὶ
250 1698 347 1725 τοῦτον
381 1700 593 1736 ἀποδεξάμενος,
628 1703 697 1738 μετὰ
712 1704 828 1732 θάνατον

32 1741 84 1768 τοῦ
99 1743 192 1775 Λίνου,
209 1743 253 1770 τὸν
276 1744 372 1772 Ξίστον
400 1747 550 1775 ἐπίσκοπον
571 1749 752 1786 κατέστησεν,
767 1749 828 1779 εἶτα

34 1788 99 1822 μετ’
110 1789 217 1816 ἐκεῖνον
230 1790 276 1817 τὸν
290 1791 448 1826 Κλήμεντα.
468 1794 522 1820 Καὶ
540 1793 625 1826 οὕτως
655 1796 684 1823 ὲν
697 1798 754 1828 τοῖς
766 1797 828 1824 δυσὶ

35 1833 136 1868 μέρεσι
149 1834 196 1860 τοῦ
212 1835 315 1869 κόσμου
331 1838 364 1872 τῇ
387 1837 465 1873 Ἀσίᾳ
477 1838 578 1874 δηλαδὴ
593 1840 641 1866 καὶ
652 1840 687 1876 τῇ
707 1841 828 1878 Εὐρώπῃ

33 1879 64 1904 ἐν
78 1879 140 1910 ταῖς
154 1880 336 1914 προεχούσαις
351 1881 445 1908 πόλεσι
461 1883 570 1917 πρῶτος
583 1884 666 1916 αὑτὸς
675 1885 830 1921 ἐπισκοπή-

35 1932 100 1956 σας,
115 1925 162 1951 καὶ
177 1926 237 1951 ἀντ’
250 1926 334 1953 αὑτοῦ
359 1927 457 1960 ἄλλους
485 1930 671 1965 καταστήσας,
687 1931 830 1965 ἐφρόντισε

33 1972 83 1998 καὶ
98 1971 138 2006 τῷ
152 1971 240 2007 ἑτέρῳ
250 1972 335 2008 τρίτῳ
354 1973 431 2009 μέρει
444 1974 493 2009 τῆς
509 1976 673 2012 οἰκουμένης
690 1979 723 2013 τῇ
740 1977 829 2014 Λιϐύῃ

33 2018 243 2052 ἐγκαταστῆσαι
269 2020 330 2046 τινὰ
352 2020 511 2047 ἐπίσκοπον.
527 2022 581 2048 Καὶ
610 2023 642 2058 δὴ
667 2023 699 2050 ὲκ
719 2023 831 2060 Ῥώμης

33 2063 144 2090 στέλλει
158 2065 197 2096 είς
222 2065 371 2099 Αἴγυπτον,
388 2068 436 2093 καὶ
457 2067 667 2104 Ἀλεξάνδρειαν
691 2070 742 2106 τὴν
762 2079 831 2107 προ-

32 2109 197 2144 καθημένην
213 2110 303 2146 πάσης
321 2111 434 2147 Λιϐύης,
453 2113 499 2140 τὸν
510 2114 662 2142 ἀπόστολον
689 2116 736 2143 καὶ
747 2117 831 2151 εὐαγ-

32 2155 166 2190 γελιστὴν
193 2157 366 2191 Μάρκον,ὂς,
386 2159 434 2185 καὶ
454 2160 494 2191 εἰς
515 2159 718 2196 Ἀλεξάνδρειαν
734 2163 831 2196 ἀφικό-

35 2209 132 2235 μενος,
151 2203 199 2228 καὶ
220 2203 385 2239 Ἐκκλησίαν
410 2205 581 2240 πηξάμενος,
604 2208 695 2235 πᾶσαν
724 2209 829 2245 Λιϐύην

881 1615 906 1636 et
920 1614 981 1644 post
993 1609 1109 1644 Syxtum
1132 1608 1310 1636 Clementem.
1334 1609 1367 1636 Et
1382 1608 1434 1636 hac
1448 1608 1553 1636 ratione
1567 1608 1593 1635 in
1608 1608 1677 1635 dua-

881 1657 932 1684 bus
966 1656 1089 1690 partibus
1115 1656 1246 1688 universi,
1274 1655 1338 1682 Asia
1367 1662 1464 1689 nempe
1475 1658 1503 1682 et
1520 1653 1636 1689 Europa,
1648 1654 1676 1680 in

881 1701 1019 1736 primariis
1049 1701 1162 1728 urbibus
1200 1701 1303 1735 pritnus
1339 1700 1398 1735 ipse
1422 1699 1541 1735 episcopi
1564 1697 1677 1727 munere

882 1746 1002 1780 functus,
1031 1751 1058 1773 et
1070 1747 1112 1774 sui
1131 1747 1191 1774 loco
1214 1746 1284 1774 alios
1303 1745 1458 1778 instituens,
1473 1745 1500 1772 in
1515 1745 1593 1772 tertia
1610 1752 1678 1780 quo-

880 1800 934 1827 que
960 1797 1048 1826 parte.
1079 1791 1166 1827 Libya
1195 1798 1303 1826 nempe,
1330 1791 1448 1827 aliquem
1459 1791 1617 1826 episcopum
1633 1789 1675 1817 fa-

881 1846 943 1866 cere
959 1839 985 1865 in
1001 1838 1092 1865 animo
1103 1838 1173 1865 ﬁxit.
1189 1837 1280 1871 Quare
1294 1837 1381 1865 Rorna
1395 1837 1478 1864 mittit
1488 1837 1514 1864 in
1526 1836 1675 1872 Egyptum

881 1890 907 1913 ct
935 1885 1140 1918 Alexandriam,
1164 1886 1297 1913 universa:
1311 1885 1403 1921 Libyae
1420 1885 1558 1913 civitatem
1573 1885 1677 1920 prima-

880 1936 960 1968 riam,
989 1935 1108 1962 Marcum
1136 1935 1290 1969 apostolum
1317 1938 1345 1962 et
1377 1934 1583 1970 evangelistam,
1627 1934 1675 1969 qui

881 1980 1074 2008 Alexandriam
1115 1986 1287 2014 progressus,
1324 1979 1359 2007 ibi
1403 1979 1515 2006 fundata
1543 1978 1674 2013 Ecclesia,

881 2033 990 2054 omnem
1008 2024 1121 2060 Libyam
1132 2024 1309 2053 illuminavit.
1323 2023 1375 2052 Sed
1393 2029 1420 2053 et
1434 2024 1530 2059 reliqui
1548 2025 1675 2060 apostoli,

881 2078 1044 2107 quacunque
1066 2071 1221 2106 gradientes
1233 2074 1260 2098 et
1273 2070 1448 2106 Evangelium
1469 2071 1674 2106 annuntiantes,

882 2121 910 2146 in
939 2117 1053 2153 singulis
1069 2116 1238 2149 civitatibus,
1262 2117 1295 2144 ad
1307 2124 1375 2152 quas
1390 2117 1532 2151 pervenire
1547 2117 1677 2151 conligis.

882 2167 936 2197 set,
969 2163 1111 2199 episcopos
1125 2162 1265 2190 creabant.
1293 2162 1391 2190 Verum
1408 2161 1511 2197 primas
1531 2167 1594 2190 ante
1609 2161 1676 2190 alios

882 2209 1041 2236 obtinebant
1067 2214 1120 2237 tres
1147 2208 1281 2243 praedicti;
1309 2209 1335 2235 in
1360 2207 1436 2241 Asia,
1454 2207 1565 2236 Oriente
1579 2215 1676 2243 nempe

34 2247 183 2281 ἐφώτισεν.
207 2250 289 2276 ’Δλλὰ
320 2251 366 2278 καὶ
379 2253 403 2278 οἱ
421 2252 510 2279 λοιποὶ
524 2254 668 2281 ἀπόστολοι
690 2257 828 2292 πανταχοῦ

914 2255 1020 2286 πίνει-σο,
1045 2254 1253 2287 Antiochenus;
1271 2254 1298 2281 in
1313 2254 1432 2289 Europa,
1457 2254 1603 2282 Occidente
1619 2255 1675 2282 sci-

34 2295 218 2329 πορευόμενοι
230 2296 277 2322 καὶ
293 2297 478 2332 κηρύσσοντες
505 2300 673 2333 ἐπισκόπους
691 2302 828 2330 καθίστων

914 2307 954 2333 :et,
972 2300 1129 2335 Romanus;
1145 2305 1173 2328 et
1187 2300 1213 2328 in
1232 2300 1318 2335 Libya
1331 2300 1544 2333 Alexandrinus,
1559 2299 1610 2327 sub
1621 2307 1675 2335 quo

34 2342 64 2367 ὲν
88 2341 192 2377 ἑκάστῃ
219 2342 306 2374 πόλει,
325 2345 365 2375 εὶς
391 2344 424 2379 ἦν
447 2346 639 2381 περιήρχοντο.
656 2347 730 2379 Τέως
745 2348 792 2375 οὖν
805 2349 828 2376 οΙ

914 2354 940 2377 ιιι
965 2348 1110 2376 Palaestina
1133 2348 1222 2377 omnis
1236 2357 1244 2382 ;
1260 2348 1287 2376 in
1302 2356 1355 2383 qua
1380 2347 1567 2383 Hierosolyma
1584 2348 1674 2375 locum

35 2389 201 2422 προέχοντες
232 2386 303 2423 ἦσαν
321 2391 345 2416 οἱ
363 2391 562 2426 προειρημένοι
578 2391 663 2427 τρεῖς,
681 2394 694 2419 ό
710 2393 760 2429 τῆς
785 2395 831 2421 ’Δ-

35 2432 110 2462 σίας,
135 2432 219 2466 ἤγουν
243 2433 500 2469 “Ανατολῆςπᾶσης,
516 2437 530 2462 ὁ
553 2437 732 2472 Ἀντιοχείας,
747 2440 761 2466 ὁ
779 2440 829 2473 τῆς

36 2478 184 2512 Εὐρώπης,
213 2479 297 2513 ἤγουν
312 2480 361 2515 τῆς
371 2480 490 2513 Δύσεως,
515 2483 528 2509 ὁ
551 2482 670 2520 Ῥώμης,
689 2486 736 2512 καὶ
750 2488 764 2513 ὁ
777 2487 828 2523 τῆς

34 2523 152 2557 Ana-3:5,
170 2525 419 2570 6_‘A).eEaVGpsfa;,
447 2527 493 2559 ὑφ’
508 2529 541 2564 ἢν
559 2530 606 2557 καὶ
622 2531 638 2566 ἡ
658 2531 825 2570 Παλαιστίνη

881 2396 1010 2423 habebat.
1034 2395 1178 2422 Palaestina
1205 2402 1322 2429 namque
1337 2394 1422 2431 Libya
1445 2399 1498 2422 est.
1516 2393 1675 2429 Hierosoly-

882 2443 934 2470 mis
959 2449 1025 2469 vero
1051 2441 1194 2476 episcopus
1221 2445 1290 2472 erat,
1304 2440 1349 2475 qui
1376 2441 1517 2468 aDomino
1529 2440 1565 2468 ibi
1583 2439 1674 2468 fuerat

883 2493 1033 2524 promotus,
1063 2488 1158 2515 beatus
1170 2486 1286 2515 Jacobus
1299 2487 1447 2523 apostolus,
1458 2487 1541 2516 frater
1556 2488 1672 2516 Domini.

881 2535 970 2568 Quare
984 2538 1011 2561 et
1022 2533 1210 2568 Hierosolyma
1228 2533 1286 2568 ipsa
1301 2534 1352 2561 sub
1366 2533 1449 2570 Libya
1466 2539 1536 2562 erat.

37 2571 124 2602 πᾶσα,
140 2572 169 2596 ἐν
215 2571 249 2598 τὰ
275 2571 448 2609 Ἰεροσόλυμα
461 2582 469 2590 θ
483 2575 530 2602 καὶ
550 2576 566 2610 ἡ
597 2577 766 2615 Παλαιστίνη
793 2568 848 2616 γαρ
867 2580 957 2614 Λιϐύη
967 2579 1054 2606 ἐστίν,
1068 2578 1113 2604 ‘Ev
1130 2578 1223 2613 μέντοι
1255 2580 1312 2610 τοῖς
1327 2568 1530 2616 Ἰεροσολύμοις
1559 2579 1673 2607 ἐπίσκο-

36 2625 87 2647 πος
117 2617 224 2651 ἔμεινεν
253 2619 268 2645 ὁ
291 2621 357 2654 παρ’
395 2620 477 2646 αὑτοῦ
512 2621 560 2648 τοῦ
587 2622 691 2658 Κυρίου
716 2627 858 2658 καταστὰς
875 2626 999 2658 ὲκεῖσε,ό
1024 2624 1162 2660 μακάριος
1192 2624 1342 2657 ἀπόστολος
1369 2624 1499 2659 Ἰάκωεος
1519 2627 1534 2654 ό
1558 2626 1674 2662 ἁδελφός

35 2667 109 2698 θεος.
127 2668 251 2695 Ἐτέλουν
266 2668 312 2695 οὖν
330 2668 375 2694 καὶ
390 2669 424 2695 τὰ
447 2669 623 2706 Ἱεροσόλυμα
639 2672 691 2700 ὑπὸ
711 2673 760 2709 τὴν
777 2674 894 2711 Διϐύην.

72 2738 193 2772 Κατεῖχε
207 2737 257 2772 μὲν
272 2735 318 2764 οὖν
333 2739 348 2764 ό
373 2737 483 2773 Ῥώμης
507 2740 597 2766 πᾶσαν
614 2740 664 2776 τὴν
691 2741 828 2777 Εὐρώπην

38 2785 123 2818 μέχρι
139 2783 193 2809 τῶν
219 2783 302 2818 ὁρίων
323 2783 437 2815 Μαζῶν,
459 2785 506 2810 καὶ
536 2785 654 2818 Γάλλων,
675 2785 825 2820 Ἱσπανίας,

914 2740 1075 2768 Possidebat
1099 2741 1191 2775 itaque
1204 2739 1341 2768 Ronnanus
1355 2741 1493 2777 Europam
1512 2743 1670 2772 universam

881 2788 914 2815 ad
928 2787 1046 2814 conﬁnia
1062 2794 1146 2821 usque
1157 2786 1305 2820 Malorum,
1320 2791 1347 2814 et
1361 2787 1511 2821 Gallorum,
1526 2789 1671 2825 Hispania,

36 2829 187 2864 Φραγγίας,
206 2833 253 2856 καὶ
280 2830 327 2856 τοῦ
345 2829 493 2865 Ἱλλυρικοῦ
509 2831 590 2867 μέχρι
612 2832 747 2868 Γαδείρων
778 2834 826 2860 καὶ

915 2834 1011 2867 aucize,
1037 2837 1064 2861 et
1091 2833 1201 2869 Illyrici,
1226 2841 1310 2868 usque
1320 2835 1355 2862 ad
1383 2834 1482 2863 Gadira
1492 2841 1520 2863 et
1531 2836 1671 2865 columnas

42 2877 216 2912 'Hpaxkitov
226 2877 332 2912 στηλῶν
345 2876 474 2903 Ὠκεανοῦ
485 2877 552 2911 ἔχων
569 2878 608 2909 είς
623 2878 728 2913 δυσμὰς
736 2879 824 2915 ἡλίου,

914 2881 1033 2914 rculeas,
1061 2880 1198 2908 Oceanqu
1225 2881 1270 2916 qui
1286 2876 1312 2909 in
1336 2888 1464 2910 occasum
1489 2883 1555 2912 solis
1570 2884 1667 2920 vergit,
