1867 3055
37 106 106 139 10°9

577 104 736 136 ΝΟΤΙΤῙΛ
755 104 1128 138 PATRIARCHATUUM.

1592 109 1661 142 1030

33 165 170 199 πολίταις,
182 164 241 193 ἀλλ’
253 165 329 201 αὐτῷ
342 165 381 201 τῷ
409 165 568 202 πατριάρχῃ
579 165 760 201 Ἀντιοχείας,

926 165 1141 201 [uemadmodum
1157 164 1258 201 ubique
1279 166 1454 202 metropoles,
1481 174 1530 202 per
1542 175 1571 195 se
1582 163 1663 203 capuI

33 210 104 238 εἶναι
119 211 312 246 αὑτοκέφαλοι,
326 212 363 243 ὡς
391 213 420 238 αἱ
436 212 530 238 λοιπαὶ
558 211 751 247 μητροπόλεις.
772 211 819 238 Διὸ

33 258 81 284 καὶ
97 257 141 284 διὰ
153 259 183 284 τὸ
195 255 266 284 εἶναι
280 258 376 293 πρώην
401 258 552 284 ἑπισκοπαὶ
571 258 621 284 οὐκ
649 257 757 292 ἔχουσιν
775 256 820 292 ὑφ’

33 305 132 334 ἑαυτὰς
157 305 336 336 ἐπισκόπους,
364 304 403 336 ὡς
429 305 457 331 αι
482 303 598 330 παλαιαὶ
626 303 819 339 μητροπόλεις.

34 351 109 377 Εξπὶν
124 348 171 377 οὖν
187 351 214 376 αί
229 350 301 377 ὀκτὼ
316 351 397 378 αὑταὶ
414 351 596 386 μητροπόλεις
609 358 616 365 ·
631 349 666 378 α’.
684 349 818 386 Βηρυτοῦ·

34 396 67 431 β’.
89 397 298 429 Ἡλιουπόλεως,
313 398 375 432 ἥτις
404 397 570 432 ἀπεσπάσθη
585 396 633 423 τοῦ
648 397 743 433 θρόνου
770 397 822 423 Δαο

35 442 153 476 μασκοῦ*
165 445 198 476 γ’.
212 442 385 474 Λαοδικείας·
400 441 431 470 δ’.
444 442 500 468 τῶν
508 442 687 476 Σαμοσατῶν.
697 440 727 468 ε’.
741 442 821 477 Μαρ-

32 486 215 521 τυροπόλεως·
234 485 271 519 ς’.
284 486 484 521 Μοψουεστίας·
502 485 534 517 ζ’.
549 486 663 517 Ἀδάνας
673 495 681 503 υ
699 489 733 520 η’.
747 486 821 519 Πομ-

32 533 114 566 πηῐου
132 532 246 564 πόλεως.
263 533 325 559 Ἐτι
345 532 401 568 ἔχει
428 533 445 567 ἡ
459 532 612 567 Ἀντιόχεια
633 531 679 558 καὶ
692 532 820 567 ἀρχιεπι-

32 578 136 609 σκοπὰς
152 578 274 612 μεγάλας
287 578 369 605 ὀκτώ*
383 581 418 605 α’.
431 579 482 614 τὴν
500 579 624 614 Βέροιαν·
641 577 673 613 β’.
686 578 734 613 τὴν
747 577 820 604 Χαλ-

33 624 137 658 κηδόνα
150 632 158 639 ·
179 628 213 659 γ’.
231 625 280 661 τὴν
294 625 463 659 Ἅγάιϐαλλα⁸
476 624 506 652 δ’.
523 624 573 660 τὴν
596 625 756 651 Σελεύκειαν
770 624 821 659 τῆς

33 669 149 704 Πιερίας
162 677 170 686 ⁸
188 670 219 696 ε’.
239 671 288 703 τὴν
302 670 488 705 Ἀνασάροην,
513 670 573 705 ἥτις
600 670 646 696 καὶ¹
666 669 820 704 Θεοδωρού-

31 717 110 748 πόλις
143 716 276 743 καλεῖται·
296 715 332 749 ς’.
354 716 404 750 τὴν
426 716 542 743 Πάλτον·
569 715 602 748 ζ’.
624 715 673 751 τὴν
687 716 707 742 Γ
709 715 818 742 αὸολάν·

30 762 66 798 η’.
91 763 140 798 τὴν
170 762 332 797 Βαλαάμαν.
352 763 412 788 Ἔτι
442 761 499 796 ἔχει
526 762 573 788 καὶ
601 761 821 796 ἀρχιεπισκοπὰς

31 808 111 839 λιτὰς
140 808 186 834 καὶ
201 807 349 843 ἐλευθέρας
374 807 467 833 πέντε·
484 805 519 835 α’,
535 806 584 842 τὴν
611 806 765 840 Σαλαμίων·
785 805 818 841 β’.

874 216 976 244 essent,
1002 216 1029 239 et
1054 211 1126 246 quod
1141 217 1205 239 ante
1232 217 1310 239 erant
1326 212 1496 247 episcopatus
1509 214 1596 242 nullos
1612 215 1664 241 sub

874 265 905 286 se
929 258 1029 286 habent
1055 259 1207 294 episcopos,
1224 258 1449 293 quemadmodum
1475 261 1664 294 antiquaeme-

875 304 1009 338 tropoles;
1023 309 1121 332 etsunt
1137 312 1250 331 nutnero
1265 309 1327 331 octo
1342 312 1349 332 :
1368 304 1393 337 l,
1409 304 1510 337 Bariti;
1531 305 1559 332 2.
1575 306 1665 333 lleliu-

874 350 978 386 poleos.
992 357 1052 385 quae
1064 358 1096 378 ex
1111 349 1207 377 throno
1217 349 1342 377 Damasci
1360 350 1478 378 abscissa
1489 356 1547 384 est;
1559 351 1585 378 ὅ.
1599 351 1666 378 Lao-

874 397 968 424 diceae.
1003 397 1031 424 4.
1069 396 1285 424 δοιιιοεθιοτιιῐηι
1308 396 1334 424 5.
1370 395 1610 431 Martyropoleos;
1636 396 1663 424 6.

875 442 1053 477 Mopsuestae;
1085 443 1113 469 7.
1143 442 1244 470 Adanae
1256 451 1264 476 ;
1278 442 1305 469 8.
1321 442 1554 476 Pompeiupoleos.
1572 443 1665 469 Adhuc

875 490 955 516 etiam
971 490 1156 516 Antiochenus
1168 489 1250 516 habet
1270 489 1395 524 ingentes
1416 488 1665 523 archiepiscopatus

874 542 935 563 octo
948 545 954 563 :
973 537 998 563 l.
1008 535 1162 569 Berrmam;
1173 536 1200 562 2.
1215 535 1414 563 Chalcedonem
1424 556 1431 568 ,
1446 535 1473 562 5.
1490 535 1664 569 Agahallam;

875 582 901 609 4.
919 582 1069 609 Seleuciam
1084 581 1198 614 Pieria;
1225 581 1252 608 5.
1269 581 1447 608 Anasartliam
1461 589 1522 615 qua:
1535 585 1560 607 et
1575 580 1666 607 Theo-

875 628 1135 663 dorupolisgdicitur:
1149 628 1183 661 6;
1197 627 1291 655 Polton
1307 636 1314 660 ;
1334 627 1360 654 7.
1372 627 1518 660 Gabulam;
1534 626 1560 654 8.
1572 627 1666 654 Balaa-

874 681 957 701 mam.
989 673 1090 700 Pro-ter
1114 673 1162 700 hos
1183 675 1263 700 habet
1281 678 1306 700 et
1331 672 1397 699 alios
1418 673 1665 707 archiepisropatus

876 724 970 746 tenues
993 723 1019 746 et
1041 719 1140 746 liberos
1157 719 1277 753 quinque
1294 727 1300 745 :
1317 718 1342 744 1.
1364 718 1530 750 Salamiam;
1554 717 1580 744 2.
1599 718 1666 744 Ber-

875 773 951 797 cum;
972 766 998 793 3.
1015 765 1141 798 Rliason;
1158 765 1185 792 4.
1200 765 1349 798 Agathem;
1371 764 1405 792 5..
1423 764 1614 792 Barcusorum.
1633 763 1665 791 Et

876 811 916 838 lia:
940 811 1065 838 Beclesiae
1080 818 1175 838 omnes
1198 810 1295 837 throno
1313 810 1482 837 Antiocheno
1500 809 1663 842 subduntur,

31 854 82 888 τὴν
114 854 217 889 Βέρκον
230 862 237 869 ”
251 856 286 888 γ’.
316 853 366 889 τὴν
386 854 488 880 Ῥασᾶν
504 861 512 868 ”
533 852 564 879 δ’.
581 853 630 888 τὴν
644 852 768 888 Ἀγάθην1

924 857 947 884 id
963 856 1053 891 plures
1067 856 1221 892 provincias
1235 860 1261 882 et
1275 855 1408 888 civitates,
1428 856 1519 890 utjam
1534 855 1661 887 diximus.

30 900 83 935 τὴν
99 900 276 935 Βαρκουσῶν.
289 897 375 927 Δῦται
390 900 438 935 μὲν
449 900 536 926 πᾶσαι
550 899 577 926 αἱ
593 899 738 935 ἐκκλησίαι
757 899 823 925 ὑπό-

32 953 143 971 κεινται
162 945 201 979 τῷ
218 945 306 979 θρόνῳ
333 944 517 979 ’Δντιοχείας,
534 944 579 971 διὰ
601 944 632 970 τὸ
654 943 702 970 καὶ
722 943 822 975 πολλὰς

31 992 169 1026 ἐπαρχίας
183 992 230 1017 καὶ
246 991 339 1026 χώρας
357 991 429 1026 ἔχειν
452 991 497 1025 ὑφ’
512 990 622 1026 ἑαυτὴν,
637 990 674 1022 ὡς
693 991 827 1030 εἴπομεν..

33 1039 108 1074 Πρὸς
131 1038 184 1073 γὰρ
206 1040 239 1073 τῇ
267 1038 410 1065 Βαϐυλῶνι
420 1038 468 1064 καὶ
479 1039 512 1073 τῇ
527 1037 623 1072 Ἰνδίᾳ,
641 1037 690 1063 καὶ
702 1038 735 1072 τῇ
752 1037 823 1071 Περ-

31 1082 92 1116 σίᾳ,
107 1082 164 1118 ἔχει
175 1082 224 1118 τὴν
237 1083 373 1117 ἐπαρχίαν
389 1084 440 1117 τῆς
451 1082 551 1118 Κοίλης
562 1082 673 1117 Συρίας,
685 1081 734 1116 τὴν
746 1080 822 1116 πρώ-

30 1137 96 1162 την,
115 1129 183 1155 ὅπου
196 1129 213 1163 ὴ
238 1129 404 1163 Ἀντιόχεια,
420 1129 467 1155 καὶ
482 1128 532 1164 τὴν
549 1129 692 1164 δευτέραν,
710 1127 758 1154 καὶ
772 1127 822 1162 τὴν

31 1172 175 1205 Κιλικίαν,
192 1172 239 1199 καὶ
255 1173 304 1208 τὴν
322 1173 469 1208 Ίσαυρίαν,
485 1173 534 1208 τὴν
550 1172 599 1199 καὶ
623 1173 758 1207 ἐπαρχίαν
771 1173 822 1198 Εὐ-

30 1219 203 1254 φρατησίας,
219 1218 268 1246 καὶ
287 1219 497 1253 ’Δγιουπόλεως,
514 1218 622 1253 καὶτῆς
637 1217 822 1252 Θεοδωριάδος

30 1265 84 1299 τῆς
97 1263 250 1299 Ὀσροηνῆς
271 1264 320 1299 τῆς
341 1263 556 1298 Μεσοποταμίας
573 1282 580 1294 ,
619 1263 678 1298 ἦτοι
702 1263 821 1297 τετάρτη

37 1310 185 1346 Ἀρμενία,
202 1310 297 1337 καὶτὰ
315 1309 443 1345 μεθόριοι,
457 1309 505 1336 καὶ
521 1310 584 1340 τοὺς
599 1309 680 1345 ὅρους
707 1309 820 1345 Συρίας,

28 1356 82 1383 καὶ
96 1357 225 1392 Περσίας.
240 1357 300 1383 Ἔτι
312 1357 394 1384 δὲκαὶ
407 1357 505 1391 ἐτέρας
516 1357 652 1392 ἐπαρχίας
660 1356 819 1391 διαφόρους,

27 1404 80 1430 καὶ
96 1403 217 1437 κλίματα
239 1403 289 1429 οὐκ
316 1403 405 1436 ὀλίγα.
430 1403 549 1438 Κατεῖχε
567 1403 595 1429 δὲ
622 1403 756 1439 πρότερον
769 1402 820 1434 ἕως

27 1450 81 1484 τῆς
102 1449 275 1485 Χαλκηδόνος
289 1448 341 1484 τῆς
373 1449 508 1483 ἀντίπερα
523 1448 570 1475 τοῦ
594 1448 755 1481 Βυζαντίου,
770 1448 822 1482 τῆς

27 1496 81 1522 νῦν
103 1495 429 1527 Κωνσταντινουπόλεως,
445 1495 496 1529 τῆς
523 1495 552 1521 ὲν
581 1495 613 1530 τῇ
645 1494 819 1529 Προποντίδι,

873 903 923 930 sub
945 910 974 930 se
1001 903 1162 930 contineret.
1194 901 1317 936 Namque
1342 907 1441 936 pra'ter
1455 901 1619 936 Babylonem
1636 906 1664 929 et

872 947 974 975 Indiam
998 951 1026 974 et
1042 946 1175 979 Persiam,
1201 945 1281 974 habet
1298 947 1378 973 etiam
1406 945 1488 973 leaa
1504 946 1590 981 Syriae
1601 954 1664 981 pro-

873 992 988 1019 vinciam
1015 991 1144 1027 primam,
1171 991 1198 1019 in
1225 998 1277 1026 qua
1307 991 1450 1018 Antiochia
1484 992 1537 1018 sita
1569 996 1664 1025 est,et

873 1038 1033 1070 secundam,
1055 1042 1082 1065 et
1109 1037 1242 1069 Ciliciam,
1272 1042 1299 1065 et
1323 1037 1465 1070 Isauriam,
1483 1045 1542 1072 qua:
1557 1043 1597 1065 est
1612 1038 1664 1064 Eu-

872 1083 1016 1118 phratesia:
1039 1084 1177 1118 provincia
1206 1087 1258 1116 est,
1280 1088 1307 1111 et
1322 1082 1511 1118 llagiupoleos,
1534 1088 1560 1111 et
1575 1083 1664 1110 Theo-

872 1128 991 1156 doriadis
1013 1127 1142 1156 Osroenae
1170 1128 1381 1163 Mesopotamiae,
1398 1129 1455 1156 sive
1467 1136 1591 1163 quartam
1613 1131 1665 1155 Ar-

873 1175 988 1202 meniam
1019 1179 1047 1202 et
1068 1175 1184 1202 conﬁnia
1215 1175 1273 1202 loca
1303 1182 1328 1202 ei
1356 1175 1486 1202 terminos
1508 1175 1608 1209 Syria»,
1636 1180 1664 1202 et

872 1220 982 1254 Persia,
1005 1228 1055 1249 nec
1077 1228 1130 1249 non
1155 1225 1184 1249 et
1197 1221 1264 1248 alias
1278 1221 1430 1255 provincias
1445 1226 1473 1248 et.
1486 1221 1620 1254 diversas,
1636 1225 1664 1248 et

871 1267 995 1302 regiones
1029 1267 1174 1294 admodum
1212 1266 1312 1294 multas
1338 1276 1344 1294 :
1366 1267 1492 1303 illiusque
1514 1267 1661 1294 dominium

871 1309 1070 1338 dill‘uudebatur
1094 1319 1177 1346 usque
1192 1312 1225 1338 ad
1250 1311 1459 1344 Chalcedonem,
1476 1320 1536 1347 quae
1548 1314 1662 1340 adversa

871 1361 914 1385 est
931 1357 1073 1393 Byzantio,
1090 1365 1161 1385 nunc
1174 1358 1420 1393 Constantinopoli,
1447 1360 1474 1385 in
1499 1358 1664 1392 Propontide

871 1403 941 1435 siue,
972 1403 998 1430 in
1012 1411 1064 1438 qtta
1095 1405 1167 1439 quod
1194 1404 1293 1432 dicitur
1303 1405 1453 1432 Damalium
1471 1405 1604 1433 cernitur.
1622 1404 1661 1432 lbi

871 1449 943 1477 enim
966 1449 1085 1477 Damalis
1109 1450 1202 1484 bucula
1226 1457 1241 1477 e
1256 1458 1392 1478 marmore
1413 1458 1494 1485 super
1509 1450 1662 1478 columnam

871 1495 971 1523 stabat.
1000 1494 1062 1522 Haec
1076 1496 1166 1530 itaque
1191 1496 1280 1522 omnia
1294 1496 1480 1524 Autiochenus
1494 1495 1662 1531 possidebat.

26 1543 100 1570 ὅπου
114 1543 162 1568 καὶ
179 1542 211 1568 τὸ
222 1542 369 1577 λεγόμενον
385 1541 521 1577 Δάμαλον.
538 1541 645 1568 Ίστατο
665 1541 720 1576 γὰρ
744 1540 862 1577 δαμαλίς
880 1550 922 1574 τις
939 1542 1099 1578 μαρμαρίνη
1127 1543 1220 1570 ἐπάνω
1241 1542 1331 1575 κίονος
1358 1542 1500 1579 ἱδρυμένη.
1528 1543 1664 1578 Κατεῖχεν

26 1589 78 1616 οὖν
99 1589 146 1615 καὶ
159 1589 172 1614 δ
189 1588 355 1623 ’Δντιοχείας
368 1588 456 1614 ταῦτα
471 1588 573 1614 πάντα.

71 1635 157 1662 Ἀλλὰ
174 1635 222 1661 καὶ
238 1636 252 1661 ὁ
275 1634 480 1669 Ἀλεξανδρείας
498 1635 626 1669 κατεῖχεν
644 1634 755 1661 ἃπασαν
768 1633 808 1670 τὴι

925 1635 1106 1662 ηιοχιιηύιῖιιυδ
1125 1635 1206 1662 etiam
1232 1640 1314 1663 totam
1329 1635 1442 1671 Libyam
1471 1637 1662 1670 possidebatct

26 1681 150 1716 Λιϐύην,
167 1682 215 1708 καὶ
230 1681 280 1715 τὴν
296 1680 452 1713 Αἰθιοπίαν,
466 1681 514 1706 καὶ
533 1681 585 1712 ἕως
614 1680 816 1716 Μαρμαρικῆς,

25 1730 79 1756 καὶ
97 1728 233 1763 Ἀφρικῆς
247 1728 417 1762 Τριπόλεως,
439 1728 487 1754 καὶ
508 1729 598 1754 πᾶσαν
615 1727 665 1762 τὴν
677 1727 818 1762 Αιγυπτον

24 1777 79 1802 καὶ
96 1774 182 1810 αὐτὴν
195 1775 245 1809 τὴν
271 1773 468 1809 Παλαιστίνην,
485 1773 550 1801 ἔνθα
577 1774 612 1800 τὰ
631 1774 815 1809 Ἰεροσόλυμα.

26 1823 110 1856 Ἔχει
124 1820 170 1848 οὖν
191 1821 238 1847 καὶ
256 1816 334 1852 οὗτος
354 1820 490 1855 ἐπαρχίας
513 1819 671 1854 διαφόρους,
692 1820 739 1846 καὶ
763 1828 818 1854 μη.

22 1867 176 1904 τροπόλεις
196 1867 340 1902 δεκατρεῖς
355 1874 362 1881 ·
384 1866 498 1902 πρώτην
512 1866 660 1901 ἐπαρχίαν,
676 1865 725 1902 τὴν
743 1865 819 1901 πρώ-

22 1923 81 1950 την
98 1913 267 1948 Σταμνίκης,
275 1910 328 1949 ένῇ
343 1912 438 1947 πρώτη
450 1912 615 1948 μητορόπλις
626 1913 656 1940 τὸ
666 1911 818 1947 Πηλούσιον

21 1961 135 1996 ἔχουσα
161 1960 309 1994 διαφόρους
337 1959 501 1991 ἐπισκοπὰς,
533 1957 582 1985 καὶ
611 1960 661 1994 τὴν
687 1957 819 1992 δευτέραν

21 2007 170 2042 ἐπαρχίαν
187 2006 363 2041 Σταμνίκης,
387 2006 415 2032 ἐν
478 2005 645 2041 μητρόπολις
667 2005 780 2040 δευτέρα
802 2005 819 2039 ἡ

20 2051 151 2085 Λεοντὼ,
162 2052 263 2086 ἔχουσα
278 2051 426 2086 διαφόρους
441 2051 604 2082 ἐπισκοπὰς,
623 2051 671 2077 καὶ
682 2050 732 2085 τὴν
745 2050 821 2087 πρώ-

20 2110 81 2137 την
101 2101 241 2135 ἐπαρχίαν
266 2099 418 2133 Αἰγύπτου,
442 2099 470 2124 ἐν
525 2099 571 2125 καὶ
585 2099 601 2132 ἡ
617 2098 819 2133 ’Λλεξάνδρεια,

20 2148 40 2184 ἡ
64 2145 175 2181 κεφαλὴ
188 2144 293 2176 πασῶν,
306 2143 354 2170 καὶ
373 2143 423 2179 τὴν
441 2144 572 2178 δευτέραν
585 2143 721 2178 ἐπαρχίαν
739 2143 821 2176 Αίγύ-

20 2202 112 2226 πτου,
128 2192 176 2218 καὶ
194 2191 243 2227 τὴν
263 2190 400 2226 ἐπαρχίαν
413 2190 574 2225 Ἀρκαδίας,
599 2187 655 2226 ὲνῇ
672 2190 751 2224 τρίτη
769 2197 821 2224 μη-

20 2239 161 2276 τρόπολις
197 2237 360 2273 Ὀξύρυχος,
388 2237 486 2272 ἔχουσα
498 2236 651 2266 ἐπισκοπὰς
664 2236 820 2270 διαφόρους,

20 2287 77 2314 καὶ
93 2287 145 2318 τὴν
161 2284 292 2318 δευτέραν
313 2283 451 2317 ἐπαρχίαν
464 2281 609 2316 Θηϐαΐδος,
625 2282 654 2307 ἐν
707 2282 822 2315 πέμπτη

869 1681 1034 1716 λΕιΙιὶορίοιη
1052 1687 1078 1709 et
1093 1681 1293 1714 Marmaricam,
1306 1690 1393 1717 usque
1405 1683 1437 1709 ad
1454 1683 1578 1716 Tripolin
1590 1683 1665 1710 Afri-

868 1734 977 1758 canam.
991 1734 1041 1754 nec
1053 1735 1104 1754 non
1120 1728 1273 1755 universam
1285 1727 1431 1762 Egyptum
1447 1732 1473 1754 et
1487 1727 1660 1755 Palmstinam

869 1773 967 1807 ipsam,
981 1773 1019 1806 ;in
1046 1781 1097 1807 qua
1122 1778 1185 1801 sunt
1217 1773 1414 1810 Hierosolyma,
1429 1774 1510 1801 habet
1530 1775 1620 1808 itaque
1635 1782 1662 1800 ct

869 1818 927 1852 ipse
965 1819 1119 1853 provincias
1159 1820 1248 1847 varias
1272 1823 1300 1846 et
1321 1819 1484 1854 tnetropoles
1521 1819 1661 1847 tredecim‘

869 1862 988 1890 Primam
1017 1864 1196 1898 provinciam,
1227 1865 1342 1900 primam
1371 1864 1517 1892 Stamnicaa
1548 1866 1574 1892 in
1601 1874 1657 1900 qua

869 1910 956 1942 prima
984 1909 1146 1944 metropolis
1166 1915 1207 1937 est
1224 1909 1371 1942 Pelusium,
1388 1909 1479 1937 varios
1504 1909 1554 1938 sub
1568 1917 1598 1937 se
1612 1910 1662 1937 lia-

869 1956 938 1984 bens
955 1956 1138 1990 episcopatus,
1152 1961 1178 1982 ct
1192 1956 1337 1983 secundam
1348 1956 1522 1991 |provinciam
1541 1956 1661 1983 Stamni-

870 2009 908 2028 cae
926 2002 951 2028 iu
982 2008 1035 2036 qua
1052 2006 1094 2028 est
1118 2001 1237 2028 secunda
1257 2001 1413 2035 metropolis
1427 2000 1545 2033 Leonto.
1558 2001 1662 2029 habens

872 2049 995 2075 diversos
1012 2048 1198 2083 episcopatus;
1220 2052 1247 2075 et
1260 2047 1374 2083 pritnam
1399 2047 1566 2082 provinciam
1579 2047 1662 2082 Αἰτεῖ-

871 2094 921 2129 pti,
950 2095 1042 2129 inqua
1078 2095 1242 2122 Alexandria
1263 2098 1314 2126 est,
1345 2098 1503 2121 czeterarum
1520 2098 1619 2128 caput;
1636 2098 1663 2120 ct

873 2141 1019 2166 secundam
1050 2139 1217 2174 provinciam
1232 2139 1352 2174 Egypti,
1368 2145 1393 2166 et
1423 2139 1586 2173 provinciam
1609 2141 1662 2166 Ar-

873 2186 967 2219 cadiae,
988 2187 1013 2212 in
1030 2194 1083 2220 qua
1100 2183 1178 2212 tertia
1209 2191 1252 2213 est
1276 2185 1432 2220 metropolis
1448 2185 1591 2220 Oxyricus,
1613 2185 1662 2212 ha-

873 2232 940 2259 bcus
957 2232 1007 2259 sub
1035 2239 1064 2259 se
1081 2233 1171 2259 varios
1195 2233 1381 2267 episcopatus,
1398 2237 1425 2259 ct
1439 2233 1584 2260 secundam
1602 2240 1662 2266 pro-

874 2278 988 2304 vinciam
1015 2277 1172 2310 Tltebuidis,
1207 2279 1234 2306 in
1266 2286 1317 2313 qua
1340 2279 1487 2312 estquiuta
1505 2278 1663 2312 metropolis

20 2314 204 2368 μητρόπολις
217 2314 380 2364 Πτολεμαῒς,
388 2314 546 2363 ἐχουσαόφ¹
556 2327 655 2363 ἐαυτὴν
667 2314 757 2354 επισκι

928 2324 1030 2358 letnais,
1068 2324 1171 2352 habens
1188 2326 1238 2352 sub
1252 2332 1280 2352 se
1295 2325 1467 2359 episcopatus
1491 2324 1621 2357 diversos,
1636 2328 1662 2350 ct

20 2379 191 2412 διαφόρους,
221 2377 268 2403 καὶ
303 2376 353 2410 τὴν
383 2374 520 2409 ἐπαρχίαν
535 2373 649 2407 Λιϐύης,
673 2374 702 2399 ἑν
752 2372 822 2408 αὕτη

20 2423 205 2461 μητρόπολις
217 2421 339 2457 Δαρικὼ,
355 2421 456 2456 ἔχουσα
477 2420 632 2451 ἐπισκοπας
652 2428 740 2450 τινας.
762 2420 824 2446 Ἔτι

20 2472 88 2506 ἔχει
103 2470 200 2503 ἑτέραν
232 2467 432 2503 μητρόπολινή
454 2466 656 2500 Ἀλεξάνδρεια,
683 2465 731 2492 καὶ
749 2463 824 2491 ἕϐδό-

20 2526 88 2554 μην
112 2516 162 2550 τὴν
179 2515 299 2550 Μάριατ,
325 2515 373 2540 καὶ
400 2513 497 2548 ὀγδόην
523 2513 573 2547 τὴν
608 2512 714 2538 Γονέσιν
737 2512 766 2537 ἐν
785 2510 824 2545 τῷ

20 2563 139 2598 ἑϐδόμῳ
172 2562 287 2596 στόματι
314 2562 359 2587 τοῦ
377 2561 487 2588 Νείλου.
509 2559 596 2586 Ἑπτὰ
611 2560 666 2594 γὰρ
681 2559 737 2593 ἔχει
758 2557 821 2584 στό-

20 2618 108 2647 ματα
123 2610 137 2635 ὁ
152 2608 258 2639 Νεῖλος,
276 2608 305 2633 ἐν
323 2605 363 2639 οἷς
389 2607 481 2637 πόλεις
512 2606 650 2640 διάςςοροι.
666 2602 752 2630 Λῦται
771 2603 820 2638 μὲν

20 2650 76 2685 οὖν
95 2655 168 2682 ὀκτὼ
200 2654 386 2689 μητροπόλεις
401 2652 619 2687 Ἀλεξανδρείας,
647 2651 759 2686 ἔχουσαι
773 2649 822 2675 καὶ

20 2702 187 2733 ἐπισκοπὰς
214 2701 361 2736 διαφόρους
390 2700 435 2734 ὑφ’
463 2699 574 2730 ἑαυτάς.
591 2698 651 2724 Εἰσὶ
668 2697 697 2724 δὲ
728 2697 821 2723 λοιπαὶ

20 2751 114 2779 πέντε
142 2747 326 2784 μητροπόλεις
356 2747 442 2781 αὐτῆς
468 2746 518 2772 οὐκ
538 2745 648 2780 ἔχουσαι
667 2743 820 2774 ἐπισκοπὰς

20 2796 75 2831 ὕφ’
94 2795 207 2826 ἑαυτάς.
234 2794 297 2821 Είσὶ
313 2793 342 2821 δέ
367 2793 451 2820 αὐταὶ
467 2793 483 2826 ἡ
503 2791 639 2826 Δαμιάτα,
664 2791 681 2826 ἡ
703 2791 787 2822 Σατα,
801 2790 818 2824 ἡ

20 2844 81 2880 τῆς
103 2842 237 2878 Ἐρυθρᾶς
255 2841 404 2877 θαλάσσης,
421 2841 438 2876 ἡ
450 2839 550 2876 Φαρὰν,
562 2840 609 2865 καὶ
625 2839 641 2874 ἡ
657 2837 818 2874 ’Δριμὸμοῦ

872 2369 1040 2404 provinciam
1069 2368 1168 2404 Libyae,
1185 2370 1211 2396 in
1241 2376 1293 2404 qua
1305 2373 1346 2396 cst
1362 2369 1520 2403 metropolis
1535 2369 1662 2400 Dat-inca,

872 2415 975 2442 habens
990 2415 1133 2442 nonnullos
1145 2415 1325 2449 episcopatus.
1339 2414 1434 2441 Adhuc
1445 2414 1525 2441 habet
1539 2418 1567 2440 et
1581 2414 1661 2440 aliam

872 2467 1033 2502 metropolin
1059 2467 1270 2499 Alexandrinus,
1299 2474 1358 2502 qua:
1372 2467 1451 2494 luerit
1479 2467 1594 2502 septima
1607 2467 1663 2494 illa-

872 2514 926 2540 riat
949 2518 976 2541 et
1003 2519 1126 2540 octavam
1157 2514 1294 2544 Tonesim,
1326 2513 1351 2540 in
1381 2514 1496 2548 septimo
1526 2512 1576 2540 Nili
1593 2514 1663 2540 ostio

875 2559 964 2590 sitam,
979 2565 1080 2593 septem
1099 2558 1169 2586 enim
1181 2558 1258 2585 ostiis
1281 2557 1356 2585 Nilus
1369 2558 1394 2584 in
1411 2565 1486 2585 mare
1501 2556 1665 2591 infunditur,

876 2603 901 2629 iu
913 2603 1010 2637 quibus
1040 2604 1120 2630 variae
1151 2603 1276 2630 civitates
1297 2603 1398 2638 jacent.
1427 2602 1573 2637 Hmitaque
1601 2611 1662 2631 octo

874 2649 1051 2676 Alexandrini
1080 2650 1255 2684 metropoies,
1288 2657 1348 2684 quae
1373 2651 1461 2677 varios
1477 2650 1527 2678 sub
1553 2658 1582 2678 se
1608 2651 1663 2685 epi-

871 2701 999 2728 scopatus
1029 2695 1147 2728 habent;
1170 2697 1294 2724 quamvis
1321 2695 1375 2722 sint
1402 2701 1429 2722 et
1458 2696 1518 2722 alia:
1543 2696 1663 2730 quinque

870 2745 950 2772 nullis
977 2744 1178 2779 episcopalibus
1203 2745 1376 2780 conspicuzc,
1407 2753 1503 2780 nempe
1528 2744 1661 2776 Datuiata,

869 2791 945 2822 Sata,
969 2791 1051 2818 maris
1067 2791 1162 2822 Rubri,
1182 2790 1298 2823 Pharan,
1313 2792 1385 2825 Are;
1400 2799 1493 2819 omnes
1513 2791 1592 2819 simul
1607 2796 1662 2818 tre-

868 2837 970 2866 decim.
1011 2837 1093 2864 Erant
1121 2837 1306 2865 Alexandrino
1323 2842 1350 2866 et
1378 2837 1424 2866 alii
1444 2838 1531 2865 throni
1549 2838 1662 2868 diversi,
