1867 3055
54 114 115 147 1093

581 113 738 143 NOTITIA
758 111 1132 143 Pz’tTRlARCHATUU-M.

1605 113 1674 146 109's

53 174 179 208 μέγισται,
199 170 246 197 καὶ
268 169 368 206 μικρδν
398 170 608 198 ἀποπίπτουσαι
633 170 684 205 τῆς
704 169 829 205 πρώτης.

925 172 1051 200 astantes,
1080 173 1109 196 et
1134 175 1149 196 a
1175 168 1259 204 prima
1288 168 1332 196 illa
1353 177 1447 203 parum
1463 170 1630 205 dill'ereutes,
1645 173 1673 200 in

52 220 151 246 ἐποίουν
165 218 266 250 ταύτας
285 217 509 254 ἀρχιεπισκοπάς
524 226 531 233 ’
553 217 658 247 αἵτινες
683 217 734 243 οὐκ
756 214 829 252 εἶχον

51 266 193 297 ὲπισκοπὰς
205 265 251 300 ὑφ’
261 265 374 296 ἑαυτάς·
384 265 432 291 δύο
440 265 494 300 γὰρ
507 264 691 299 μητροπόλεις
706 263 830 298 γίνεσθαι

52 312 80 338 ὲν
95 313 140 346 μιᾷ
150 311 269 346 ἐπαρχίᾳ
281 311 413 348 ἀδόκιμον
426 311 535 346 ἐκρίθη,
553 312 576 337 εἰ
594 311 631 346 μή
653 319 704 337 που
717 309 830 344 ὕστερον

52 360 90 390 εἰς
102 358 239 394 βασιλικὴν
266 358 425 393 φιλοτιμίαν
445 358 612 394 ἀποσπασθῇ
637 366 679 389 τις
692 356 830 391 ἐπισκοπὴ

51 404 102 430 ἀπό
127 413 195 435 τινος
216 403 423 439 μητροπόλεως,
457 403 506 430 καὶ
534 403 638 438 τιμηθῇ
664 401 830 437 μητρόπολις

51 449 122 483 παρὰ
136 449 180 475 τοῦ
194 448 339 483 βασιλέως,
360 449 375 484 ἢ
392 448 601 484 ἀρχιεπισκοπὴ
630 448 675 475 διὰ
700 447 750 484 τὴν
766 448 831 483 ἀρε-

49 495 98 530 τὴν
114 495 157 522 τοῦ
176 495 247 521 κατὰ
259 495 308 530 τὴν
327 495 435 530 ἡμέραν
446 495 609 521 ἐπισκόπου.
628 495 683 521 Καὶ
695 494 764 528 αὕτη
775 494 830 528 γὰρ

49 540 165 566 καλεῖται
184 538 366 574 μητρόπολις,
384 540 407 565 εἰ
432 539 479 565 καὶ
497 538 535 574 μὴ
556 539 615 574 ἔχει
637 538 730 569 πόλεις
746 538 830 570 ἄλλας

48 587 93 621 ᾧφ¹
110 586 204 621 ἑαυτὴν
231 587 279 612 καὶ
303 586 476 617 ὲπισκοπας,
494 583 532 613 ὦν
551 586 627 612 ἔσται
650 584 828 620 μητρόπολις.

48 633 80 658 Οἱ
95 632 140 667 μὲν
164 630 210 658 οὖν
236 631 346 666 ἔξαρχοι
360 631 414 658 τῶν
437 631 577 666 ἐπαρχιῶν
599 629 674 666 εῐχον
694 631 766 666 τάχα
783 629 830 664 ὑφ’

48 678 154 708 ἑαυτοὺς
178 679 241 708 τοὺς
258 677 474 713 μητροπολίτας,
490 678 537 703 καὶ
563 677 750 712 ἐχειροτόνουν
768 675 831 702 τού-

46 731 118 754 τους,
129 723 227 757 ὁμοίως
237 724 286 750 καὶ
320 724 384 755 τοὺς
405 724 653 759 άρχιεπισκόπους,
671 723 718 750 καὶ
737 723 830 750 ἐδίκα-

47 769 94 801 ζον
104 770 206 801 αὐτοὺς,
222 770 247 796 οἰ
262 770 291 796 δὲ
306 770 508 805 μητροπολίται
530 771 594 802 τοὺς
610 770 663 798 ὑπὸ
673 772 724 802 τὰς
738 769 828 797 αὐτῶν

883 212 936 239 illis
962 212 1183 248 archiepiscopus
1210 215 1421 249 constituebant,
1452 217 1498 250 qui
1526 219 1613 245 nullos
1623 220 1684 250 sub

882 264 912 285 se
934 258 1078 293 episcopos
1101 259 1248 288 habebant.
1281 260 1421 295 Siquidem
1445 264 1511 290 tluos
1532 265 1556 291 in
1577 266 1673 293 eadem

883 306 1023 340 provincia
1049 307 1272 342 metropolilauos
1295 316 1355 336 esse
1365 309 1437 336 haud
1454 311 1593 345 probatum
1614 319 1673 348 est;

882 352 934 379 nisi
962 357 1056 385 postea
1092 353 1265 387 imperatoria
1312 355 1474 383 liberalitate
1504 358 1674 392 episnopatus

882 398 1017 433 quispiam
1050 406 1065 426 a
1100 407 1147 426 sua
1165 400 1308 434 metropoli
1321 402 1440 435 excisus,
1462 403 1487 429 iu
1518 406 1674 438 tnttroro'is

881 444 1040 477 dignitatem
1064 450 1221 480 assumptus
1240 446 1319 473 fuerit
1333 454 1355 478 ;-
1369 447 1410 474 vel
1427 448 1673 483 archiepiscopatus

883 497 994 525 propter
1013 491 1145 526 episcopi.
1159 492 1203 526 qui
1222 497 1285 518 tunc
1301 493 1416 523 vivebat,
1440 497 1633 529 prtestantium,
1646 500 1674 524 et

883 537 940 564 haec
961 538 1070 572 quidem
1095 538 1252 572 metropolis
1271 538 1379 571 dicitur,
1410 539 1473 566 licet
1499 540 1586 567 nullas
1607 542 1674 569 alias

882 584 964 611 turbes
984 584 1034 611 sub
1050 591 1079 612 se
1095 584 1204 616 habcat,
1232 589 1278 611 aut
1292 585 1475 620 episcopatus.
1488 594 1602 621 quorum
1618 596 1675 615 nne-

883 629 995 661 tropolis
1011 628 1102 656 fuerit.
1120 628 1236 656 Exarcbi
1253 630 1343 664 itaque
1355 631 1554 665 provinciarum
1570 632 1621 659 sub
1631 640 1673 666 se,

881 679 911 701 ut
928 675 1275 710 vitietur,metropolitanos
1306 677 1451 709 habebant,
1476 685 1578 712 eosque
1598 679 1674 705 ordi-

882 720 995 751 nabant,
1027 721 1154 748 similiter
1165 725 1190 748 et
1209 721 1438 756 archiepiscopos.
1451 722 1550 757 quibus
1560 722 1622 757 jura
1633 723 1676 750 di-

883 765 992 799 cebant,
1009 766 1209 801 metropolitani
1223 774 1288 795 vero
1313 768 1436 796 subditos
1447 768 1497 796 sibi
1519 769 1546 795 in
1560 776 1590 796 ea
1611 777 1674 803 pro-

46 814 176 849 ἐπαρχίας
187 815 367 847 ἐπισκόπους.
390 816 421 842 Ol
437 815 466 842 δὲ
483 815 594 851 ἐξαρχοι
609 817 754 843 ὑπέκειντο
765 815 831 843 ἐκα-

925 812 970 840 ιϐίὲ
993 812 1145 848 episcopos.
1176 814 1293 841 Exarchi
1322 822 1417 843 omnes
1442 815 1552 850 proprio
1580 816 1673 850 capiti,

47 844 109 890 στοξ
120 844 246 895 ﬁatut;
257 844 374 896 κεφαλῇ,
387 860 482 896 καὶτῷ
492 844 597 896 μείζονι
611 861 708 897 θρόνῳ.
725 862 829 893 Πάντες

934 860 1068 896 superiori
1098 860 1196 901 throno
1219 861 1329 889 obnoxii
1362 867 1450 889 erant.
1463 860 1565 889 Omnes
1581 862 1673 897 itaque

44 907 74 934 δὲ
104 907 183 941 οὗτοι,
210 908 236 934 οῖ
250 916 279 934 τε
305 907 428 943 ἐξαρχοι,
446 908 476 935 of
484 917 515 935 τε
530 908 741 944 μητροπολῖται,
758 908 830 935 οἵτε

932 906 1043 934 exarchi
1065 906 1279 941 metropolitani,
1305 906 1498 942 archiepiscOpi
1510 911 1537 934 et
1551 907 1673 942 episcopi

46 954 267 988 ἀοχιεπίσκοποι,
281 954 327 980 καὶ
342 954 367 980 οἱ
389 954 536 980 ἐπίσκοποι
552 954 699 980 ὑπέκειντο
708 953 747 988 τῷ
772 953 832 988 μεί-

927 952 1017 979 icriori
1042 952 1139 979 throno
1167 952 1363 980 subdebantur.
1400 952 1467 980 Etsi
1491 954 1671 980 exarchorttui

45 999 103 1031 ζονι
116 999 228 1029 ἕκαστος
251 998 340 1034 θρόνῳ
355 1007 361 1014 ·
380 999 428 1025 καὶ
444 999 468 1025 εἰ
489 999 683 1033 ἀπηρέσκοντο
697 999 757 1030 ταῖς
774 997 832 1031 κρί-

925 999 982 1026 licia
1013 998 1225 1035 metropolitanis
1249 1003 1294 1026 aut
1321 999 1544 1034 archiepiscopis,
1572 1003 1599 1026 ct
1617 1007 1676 1026 mc-

45 1053 105 1071 σεσι
116 1045 167 1071 τῶν
181 1044 304 1080 ἐξάρχων
325 1045 350 1071 οί
368 1045 597 1080 μητροπολίταιῆ
613 1047 637 1072 οἰ
650 1046 831 1082 ὰρχιεπίσκο-

928 1044 1108 1079 politanorum
1136 1045 1272 1079 episcopis
1287 1052 1338 1072 non
1354 1044 1547 1078 probabantur,
1568 1045 1593 1072 hi
1613 1045 1675 1080 qni-

46 1099 102 1123 ποι,
117 1091 162 1117 καὶ
176 1091 230 1118 τῶν
262 1091 471 1126 μητροπολιτῶν
485 1093 510 1118 οί
524 1092 684 1125 ἐπίσκοποι,
714 1092 831 1128 ἀνεκλή-

925 1098 944 1117 ιι
953 1091 987 1118 ad
1001 1098 1125 1126 suprema
1136 1091 1316 1126 appellabant,
1328 1091 1447 1126 episcopi
1467 1091 1499 1118 ad
1514 1091 1673 1122 exarchum.

42 1146 123 1163 τευον
143 1138 165 1164 οἱ
182 1137 232 1173 μὲν
252 1141 292 1169 εἰς
307 1139 341 1165 τά
356 1138 478 1174 με’ζονα,
495 1139 519 1165 οἰ
534 1138 561 1165 δὲ
573 1139 717 1166 ἐπίσκοποι
732 1141 771 1171 εἰς
786 1139 832 1166 τὸν

925 1138 1012 1173 quue,
1037 1138 1059 1165 si
1087 1138 1113 1166 id
1139 1138 1308 1170 adlibuisset,
1341 1138 1374 1165 ad
1405 1137 1552 1172 majorem:
1591 1146 1676 1174 nuper

42 1182 166 1218 ἔξαρχον,
176 1183 304 1209 κάκεῖθεν
315 1182 352 1214 ὡς
361 1182 408 1210 τὸν
424 1182 535 1218 μείζονα
543 1184 624 1210 καὶεί
634 1183 713 1210 τοῦτο
722 1183 829 1219 ἧθελον.

925 1192 965 1212 am
981 1184 1094 1212 exarchi
1106 1185 1274 1212 vocabantur
1291 1183 1497 1219 archiepiscopi.

42 1229 117 1260 Τέως
134 1229 161 1255 δὲ
179 1229 217 1261 ὡς
240 1229 349 1265 ἐξαρχοι
380 1230 528 1257 ἐκαλοῦντο
543 1230 590 1257 καὶ
607 1231 830 1266 άρχιεπίσκοποι.

80 1277 190 1311 Ῥητέον
211 1276 305 1303 λοιπὸν
323 1277 382 1308 πῶς
398 1277 515 1312 αἰτρεῖς
533 1276 617 1304 αὑταὶ
633 1276 752 1312 μεγάλαι
770 1277 832 1304 Ἐκ-

925 1273 1070 1302 Dicendum
1087 1279 1128 1302 est
1139 1279 1268 1310 praeterea
1283 1276 1420 1310 quomodo
1432 1275 1472 1303 hat
1494 1280 1549 1303 tres
1565 1283 1670 1311 magna:

41 1324 153 1360 κλησίαι
168 1323 282 1360 διῴκουν
294 1325 343 1356 τὰς
353 1324 398 1358 ὑφ’
412 1323 514 1356 ἑαυτὰς
544 1324 635 1355 πάσας
654 1323 829 1359 Ἐκκλησίας,

925 1322 1022 1355 ειεείω.
1048 1323 1168 1351 Romana
1195 1331 1302 1358 nempe,
1335 1324 1528 1358 Alexandrina,
1541 1329 1568 1353 et
1579 1325 1676 1352 Antio-

40 1372 129 1406 ἤγουν
148 1371 164 1407 ὴ
192 1371 300 1407 Ῥώμη,
317 1372 334 1406 ἡ
349 1370 552 1405 ’Δλεξάνδρεια,
563 1371 611 1398 καὶ
637 1371 654 1406 ἡ
669 1370 830 1406 Ἀντιόχεια,

925 1376 970 1396 ana
985 1377 1080 1397 omnes
1102 1377 1161 1404 qua:
1178 1370 1228 1396 sub
1246 1377 1275 1397 se
1290 1375 1368 1398 erant
1389 1370 1528 1398 Ecclesias
1541 1371 1678 1406 guberna-

39 1419 92 1446 καὶ
117 1418 174 1450 πῶς
193 1418 310 1454 ἰσότιμοι
342 1418 438 1450 αὑταῖς
469 1417 599 1452 γεγόνασι
624 1418 671 1444 καὶ
687 1417 717 1444 αἰ
738 1417 832 1444 λοιπαὶ

925 1420 963 1447 ιιι,
984 1419 1136 1450 etquanam
1152 1416 1256 1443 ratione
1274 1424 1352 1450 pares
1365 1417 1392 1443 in
1402 1417 1532 1451 dignitate
1546 1418 1605 1444 alia-
1618 1418 1678 1445 dua:

38 1464 91 1490 δύο
104 1463 277 1498 Ἐκκλησίαι,
291 1464 308 1499 ἡ
329 1463 380 1498 τῆς
406 1463 614 1490 Κωνσταντίνου
633 1462 738 1493 πόλεως
753 1462 800 1488 καὶ
814 1463 831 1497 ή

925 1461 1006 1489 :lesiaa
1030 1461 1331 1497 Constantinopolitana
1356 1467 1383 1490 et
1413 1462 1522 1490 JEIiana
1536 1463 1592 1491 sive
1605 1463 1671 1490 (lie-

37 1510 92 1544 τῆς
120 1509 222 1540 Αἰλίας,
251 1509 310 1545 ἦτοι
346 1509 401 1536 τῶν
435 1507 644 1543 Ἰεροσολύμων.
671 1506 831 1542 Αἰλίαιγὰρ

925 1507 1091 1543 solymitana,
1107 1508 1185 1535 facta:
1203 1509 1267 1536 sint.
1285 1508 1355 1536 [Elia
1372 1516 1486 1544 namque
1503 1511 1675 1544 postmodum

37 1556 200 1592 ἐκλήθησαν
230 1556 345 1592 ὕστερον
372 1556 407 1582 τὰ
426 1555 602 1591 Ἰεροσόλυμα
621 1555 654 1581 ἑκ
672 1553 719 1582 τοῦ
739 1554 830 1580 Αἰλίου

952 1554 1024 1582 ιΕΙίο
1048 1554 1168 1582 Adriano
1195 1555 1319 1583 Romano
1347 1555 1455 1583 Caesare
1478 1556 1547 1584 dicta
1561 1562 1613 1584 est.
1628 1556 1679 1586 Hic

44 1603 188 1638 ’Δδριανοῦ
200 1602 247 1629 τοῦ
262 1602 403 1638 Καίσαρος
422 1601 544 1637 Ῥώμης.
555 1598 640 1633 Οὗτος
651 1601 706 1636 γάρ
717 1601 832 1634 ὕστερον

35 1649 126 1676 πάλιν
151 1649 210 1684 μετ’
226 1648 444 1682 Οὐεσπασιανὸν,
463 1649 511 1675 καὶ
535 1649 615 1675 Τίτον
640 1648 782 1684 πορθήσας
797 1646 833 1674 τὰ

44 1695 225 1730 Ἰεροσόλυμα
237 1695 281 1722 διὰ
293 1695 322 1720 τὸ
335 1695 417 1721 πάλιν
431 1694 576 1721 στασιάσαι
594 1694 657 1725 τοὺς
674 1693 832 1725 Ἰουδαίους,

36 1740 192 1775 θυμωθεὶς,
219 1740 319 1771 αὐτούς
344 1748 374 1766 τε
401 1739 592 1774 διεσκόρπισεν
611 1740 651 1770 εἰς
672 1739 763 1765 πᾶσαν
783 1738 834 1773 τὴν

33 1787 218 1821 οἰκουμένην,
231 1786 340 1818 εὐώνως
357 1785 487 1821 πωλήσας
502 1786 612 1817 αὐτοὺς,
625 1785 671 1811 καί
694 1785 740 1811 τὸν
765 1783 834 1811 καθ-

34 1833 91 1859 ἐνα
109 1831 267 1867 προστάξας
289 1830 441 1858 πωλεῖσθαι
466 1831 510 1857 ἐπ’
521 1831 599 1866 ὀλίγῃ
614 1831 706 1865 κριθῇ,
723 1830 770 1856 καὶ
784 1829 834 1864 τὴν

32 1880 122 1906 πόλιν
151 1879 324 1913 ἀνασκάψας,
338 1878 386 1904 καὶ
410 1878 456 1904 τὸν
481 1877 554 1910 ναὸν,
573 1877 767 1913 ἀνῳκοδόμησε
784 1877 834 1913 τὴν

31 1925 121 1952 πόλιν
134 1925 183 1951 ἐπὶ
202 1923 241 1959 τῷ
256 1924 313 1958 ἰδίῳ
334 1923 462 1958 ὀνόματι,
476 1923 523 1950 καὶ
551 1923 597 1950 τὸν
614 1923 689 1956 ναὸν,
707 1923 773 1961 ὅπου
788 1923 836 1949 καὶ

30 1971 69 1998 τὸ
85 1971 190 1997 οἰκεῖον
202 1969 311 1996 εἴδωλον
325 1969 440 2004 ἔστησεν
469 1970 510 2000 είς
535 1969 731 2004 προσκύνησιν,
745 1967 776 1994 τὸ
792 1968 836 1994 όν-

33 2025 96 2047 tu);
115 2015 255 2050 βδέλυγμα
270 2013 318 2049 τῆς
339 2013 525 2049 ἐρημώσεως,
541 2015 589 2040 καὶ
618 2012 771 2048 προσέταξε
787 2011 835 2039 τοῦ

32 2061 141 2089 λοιποῦ
159 2061 214 2087 ἀπὸ
228 2059 276 2087 τοῦ
296 2060 364 2087 ἰδίου
381 2060 514 2095 ὀνόματος
533 2060 584 2096 τὴν
599 2059 678 2086 πόλιν
692 2057 835 2086 καλεῖσθαι

29 2108 152 2136 Αίλίαν.

71 2155 195 2183 Μετὰδὲ
214 2154 302 2181 ταῦτα
315 2153 433 2190 ἐτιμήθη
451 2154 496 2180 καὶ
514 2152 836 2190 όθρόνοςἿεροσολύμων

890 1601 964 1628 enim
989 1606 1050 1636 post
1069 1601 1278 1635 aVespasiannm
1289 1606 1315 1630 et
1335 1601 1425 1630 Titum
1441 1604 1601 1641 expugnatis
1616 1604 1678 1632 Ille.

887 1647 1033 1683 rosolymis
1044 1647 1115 1681 quod
1133 1648 1221 1675 denuo
1252 1648 1336 1675 Judaei
1359 1648 1599 1682 rebellassent,ira
1615 1656 1678 1684 per-

886 1694 968 1726 citus,
994 1695 1104 1721 eosdem
1126 1702 1173 1729 per
1192 1702 1300 1721 onmem
1319 1700 1437 1722 .terram
1468 1696 1618 1730 dissipavit,
1632 1696 1680 1723 vili

886 1741 976 1775 pretio
1003 1747 1049 1768 eos
1074 1740 1222 1768 divendens
1248 1748 1309 1768 cum
1334 1741 1448 1776 singulis
1460 1742 1552 1770 hordei
1567 1749 1676 1778 parvam

886 1793 1042 1814 mensuram
1065 1786 1182 1821 pretium
1210 1786 1362 1820 statuisset,
1386 1792 1413 1814 et
1433 1795 1529 1815 eversa
1566 1788 1632 1816 urbe
1647 1795 1680 1815 ao

888 1831 999 1867 templo,
1028 1832 1079 1860 sub
1105 1832 1215 1867 proprio
1239 1833 1348 1860 nomine
1377 1833 1473 1860 urbem
1494 1841 1526 1861 ac
1550 1840 1678 1869 templum

887 1877 1074 1905 retetlilicarit.
1101 1877 1128 1904 In
1160 1877 1258 1912 templo
1289 1877 1427 1912 propriutn
1444 1878 1632 1912 simulacrum,
1650 1888 1680 1906 Ill.

888 1923 1061 1957 adoraretur,
1093 1923 1165 1958 quod
1193 1931 1261 1952 sane
1277 1925 1365 1952 fuerat
1389 1925 1554 1953 abominan
1573 1926 1679 1953 desmm

889 1969 982 2000 tionis.
1002 1970 1139 2005 apposuit,
1158 1970 1274 2004 indeque
1291 1970 1442 1998 institutum
1459 1976 1489 1999 ut
1504 1973 1613 2006 proprio
1631 1981 1681 2000 nt)-

889 2016 961 2044 mine
974 2017 999 2044 in
1016 2021 1152 2052 posterum
1171 2017 1235 2044 urbs
1247 2016 1318 2044 [Elia
1333 2011 1545 2053 nuncuparetur.

925 2157 1022 2184 Postea
1043 2157 1155 2185 thronus
1183 2157 1445 2193 llierosolymtlanus
1471 2166 1505 2187 ex
1524 2159 1680 2188 dioecesim:

26 2202 233 2234 ἀποσπασθεὶς
250 2202 298 2236 τῆς
309 2201 427 2236 ὲνορίας,
437 2201 485 2227 καὶ
494 2200 618 2233 ὲξουσίας
627 2201 835 2238 Ἀλεξανδρέων,

929 2208 1025 2232 testate
1036 2204 1212 2232 Alexandrini
1237 2205 1356 2237 avulsus,
1373 2205 1399 2232 in
1417 2206 1678 2241 tlignitatemelatus,

26 2250 85 2278 καὶ
99 2249 216 2284 γέγονεν
229 2273 232 2276 ,
244 2248 442 2283 αὺτοκέφαλος,
456 2249 504 2274 καὶ
516 2248 631 2284 κεφαλὴ,
652 2249 700 2275 καὶ
716 2249 837 2284 ἰσότιμος

26 2299 94 2329 τοῖς
107 2297 187 2332 τρισί
200 2295 318 2331 θρόνοις.
333 2294 407 2330 Πλὴν
418 2295 520 2330 ἐτάχθη
537 2295 607 2330 μετά
618 2295 663 2322 τὸν
672 2296 837 2331 Ἀντιοχείας

26 2342 188 2379 τιμᾶσθαι,
201 2343 250 2369 καὶ
265 2341 464 2377 ἀναφέρεσθαι,
478 2341 527 2368 καὶ
545 2340 694 2376 καθῆσθαι,
717 2342 836 2378 Ἐκλήθη

26 2391 60 2418 δὲ
81 2389 136 2416 καὶ
153 2388 331 2424 πατριάρχης
357 2387 404 2414 καὶ
419 2387 501 2420 αὐτὸς
514 2388 529 2414 ὁ
551 2388 759 2424 Ἱεροσολύμων,
780 2389 838 2416 καί·

26 2446 74 2464 τοι
91 2435 232 2471 πρότερον
257 2434 408 2466 ἐπίσκοπος
436 2434 475 2461 ὢν
487 2435 535 2461 τοῦ
547 2436 718 2471 Καισαρείας
740 2436 791 2472 τῆς
807 2437 837 2464 ἐν

26 2483 226 2520 Παλαιστίνῃ·
244 2483 261 2518 ή
271 2482 334 2519 ’γὰρ
349 2482 520 2517 Παλαιστίνη
534 2480 591 2518 εἶχε
606 2483 774 2518 μητρόπολιν
786 2484 837 2518 τὴν

26 2530 241 2565 Καισάρειαν,
268 2529 314 2563 ὑφ’
344 2526 361 2566 ᾖ
392 2529 479 2556 ἐτέλει
503 2528 537 2556 τὰ
565 2529 741 2565 Ἰεροσόλυμα
775 2529 836 2557 ἐπι-

26 2575 131 2611 πκοπὴ
152 2576 222 2603 οὖσα
247 2575 347 2612 αὐτῆς.
371 2574 435 2612 Εἶχε
457 2575 485 2603 δὲ
508 2576 557 2603 καὶ
580 2576 677 2612 ἑτέρας
700 2578 838 2612 μητροπό-

26 2626 94 2654 λεις
113 2622 237 2657 ἐχούσας
247 2622 293 2656 ὑφ’
303 2622 403 2654 ἑαυτὰς
414 2623 561 2658 διαφόρους
574 2622 738 2657 ὲπισκοπὰς,
752 2623 837 2659 ἤγουν

26 2671 176 2704 Ξευτέραν
203 2669 253 2705 τὴν
282 2668 464 2701 Σκυθόπολιν,
481 2669 542 2705 ἦτοι
555 2669 659 2701 Βασὰν,
677 2669 774 2705 τρίτην
787 2669 837 2706 τὴν

26 2716 162 2751 Πέτραν,
178 2716 316 2752 τετάρτην
330 2715 380 2751 τὴν
393 2710 527 2751 Βόατρην,
537 2715 746 2752 ἦτοιἋραϐίαν.
761 2717 837 2752 Ἔχει

26 2765 55 2790 ie
84 2763 139 2789 καὶ
176 2761 385 2797 αὑτοκεφάλους
410 2762 566 2794 ὲπισκοπάς
590 2763 773 2796 εἰκοσιπέντε,
798 2763 837 2799 μὴ

26 2809 161 2845 ἐχούσας
174 2809 222 2845 ὑφ’
241 2809 343 2842 ἑαυτὰς
371 2810 536 2843 ἔπισκοπὶς,
559 2809 732 2842 ὑπόκεινται,
753 2810 782 2837 δὲ
798 2811 837 2846 τῷ

26 2857 129 2893 ὶρόνῳ
145 2856 204 2884 τῶν
229 2856 438 2893 Ἰεροσολύμων,
451 2856 486 2885 σι’.
502 2857 552 2893 τὴν
575 2857 757 2891 Διοσπόλεως,
776 2858 836 2894 lito:

890 2259 937 2286 per
952 2258 981 2278 se
998 2256 1080 2285 caput
1098 2250 1214 2278 aliarum
1233 2250 1414 2278 Ecclesiarum
1432 2252 1536 2279 exstitit
1551 2256 1578 2280 et
1593 2254 1679 2281 tribus

889 2299 949 2326 aliis
977 2300 1083 2327 tbronis
1111 2299 1241 2327 facultate
1269 2307 1318 2334 par
1341 2300 1473 2328 sancitum
1503 2301 1679 2330 nihilominus

888 2349 931 2373 est
945 2350 1006 2380 post
1021 2345 1217 2373 Antiochenum
1242 2345 1347 2374 honore
1359 2346 1423 2379 frui,
1435 2351 1461 2374 et
1470 2347 1567 2375 referri
1581 2349 1607 2376 in
1638 2349 1681 2375 di-

888 2393 1008 2429 ptychis,
1024 2396 1050 2420 et
1067 2393 1157 2420 sedem
1173 2399 1315 2427 occupare.
1331 2392 1490 2428 Nomenque
1500 2394 1550 2421 sibi
1566 2395 1681 2429 patriar-

888 2439 946 2466 cha:
961 2437 1224 2474 Hierosolymitanus
1239 2439 1341 2472 habuit,
1371 2439 1434 2467 licet
1446 2445 1524 2467 antea
1534 2441 1679 2476 episcopus

888 2492 961 2515 esset
989 2488 1039 2515 sub
1050 2487 1211 2515 Ctesarieusi
1238 2486 1403 2520 Palaestinae,
1419 2496 1480 2515 cum
1493 2489 1564 2516 illius
1580 2494 1681 2517 metro-

887 2535 957 2572 polis
981 2535 1103 2564 Cmsarea
1121 2540 1203 2569 esset,
1218 2541 1245 2564 et
1272 2535 1388 2564 Cmsarte
1406 2536 1606 2573 Hierosolyma,
1620 2543 1680 2566 tan-

889 2589 969 2617 quam
988 2589 1047 2617 quaa
1065 2582 1198 2610 Caesareae
1217 2582 1389 2618 episcopatus
1404 2589 1474 2618 erat,
1488 2585 1678 2613 subderentur.

888 2628 989 2657 Habuit
1013 2635 1077 2656 vero
1103 2633 1131 2656 et
1144 2628 1212 2655 alias
1239 2629 1402 2664 tnetropoles
1428 2638 1487 2665 quae
1511 2631 1602 2658 varios
1621 2633 1681 2666 epi-

888 2678 1016 2710 scopatus
1027 2674 1077 2702 sub
1096 2681 1126 2702 se
1138 2674 1285 2708 habebant,
1301 2682 1397 2711 nempe
1405 2676 1553 2704 secundam
1564 2676 1667 2713 Scytho

888 2721 969 2756 polim
979 2721 1035 2748 sive
1043 2720 1142 2754 Basan,
1156 2721 1261 2749 tertiam
1273 2720 1392 2755 Petram,
1404 2726 1527 2757 quartam
1544 2723 1678 2757 Bostram,

889 2767 946 2794 sive
963 2766 1101 2794 Arabiam.
1126 2766 1213 2795 Habet
1231 2772 1362 2802 praeterea
1377 2772 1404 2795 et
1420 2768 1678 2804 archiepiscopatus,

889 2813 990 2840 nemini
1002 2813 1144 2846 obnoxios,
1156 2813 1251 2848 viginti
1262 2813 1381 2848 quinque
1393 2813 1474 2841 nullis
1481 2814 1680 2848 episcopalibus

889 2859 1006 2894 nobiles,
1033 2864 1059 2888 et
1078 2859 1125 2895 qui
1151 2859 1291 2895 subiacent
1311 2859 1408 2887 throno
1424 2859 1678 2896 llierosolytnitano.
