1867 3055
76 153 137 188 H33

455 155 504 186 DE
525 154 787 187 MONASTERUS
807 154 934 185 LAICIS
953 153 1030 185 NON
1048 154 1279 186 TRADENDIS.

1611 156 1680 190 113i

75 213 168 244 πάντως
181 221 242 244 τους
258 212 307 248 τὴν
322 212 462 240 θάλασσαν
478 212 527 239 τοῦ
545 211 605 247 βίου
622 211 757 244 πλέοντας
782 212 844 238 ὕπο-

932 211 992 239 eito.
1032 210 1127 239 Nonne
1155 213 1210 239 scis
1241 212 1370 247 quidnam
1405 214 1460 241 sint
1493 216 1683 243 monasteria!

73 259 198 293 δεχόμενοι
215 259 261 285 καὶ
274 257 463 290 διασώζοντες.
483 257 513 285 '0
527 258 593 292 γοῦν
610 257 697 285 ταῦτα
707 259 764 290 τοῖς
779 258 845 294 βιω-

74 306 150 336 τικοῖς
173 304 364 341 χαριζόμενος,
399 304 478 331 οὐδὲν
510 304 574 332 ἄλλο
604 306 696 339 ποιεῖ,
729 305 745 341 ἢ
781 306 845 338 τοὺς

74 352 202 386 φραγμοὺς
226 351 282 378 τῶν
308 351 428 386 λιμένων
456 350 606 387 περιελὼν,
631 351 781 387 ὡδοποίησε
805 352 846 387 τῷ

72 396 174 424 κλύδωνι
192 397 241 432 τῆς
261 397 412 432 Θαλάσσης,
432 397 482 432 τὴν
498 397 539 429 είς
556 398 622 430 τοὺς
635 397 751 434 λιμένας
773 398 845 425 εἴσο-

71 443 121 470 δον·
134 445 176 471 καὶ
190 444 282 471 οὐκέτι
297 444 352 471 είσὶ
366 444 489 480 λιμένεςσ
504 444 552 471 καὶ
563 444 677 479 γέγονεν
689 446 846 481 οίκουμενι-

70 489 116 516 κδν
126 490 152 516 τὸ
165 490 303 524 ναυάγιον.

105 534 143 563 ια’.
162 536 214 562 0.ὑκ
226 534 302 567 οἶδας
312 536 339 562 τί
349 536 407 562 ἐστι
419 537 615 572 μοναστήριον;
629 537 753 571 Πάντως,
767 537 845 572 ἅγιος

68 579 136 612 οἶκος
150 582 189 608 ἐπ’
202 581 314 616 ὀνόματι
328 581 447 617 Χριστοῦ
463 582 512 609 τοῦ
530 582 598 609 Θεοῦ
624 583 709 617 τυχὸν
733 583 845 619 ἱδρυμέ-

69 635 121 659 νος,
137 628 221 662 φέρων
241 627 323 654 αὐτὴν
341 629 370 654 ὲν
391 629 448 660 τοῖς
468 629 552 664 ἱεροῖς
573 629 680 661 ἀδύτοις
699 630 845 664 ἀνιστορη-

69 673 152 707 μένον,
165 673 208 699 καὶ
223 673 256 699 τὰ
270 673 400 708 Θαύματα
414 673 496 700 αὐτοῦ
506 674 594 701 καὶτὰ
609 674 668 702 θεῖα
682 675 842 710 παοήματα·

66 720 95 746 ὲν
105 720 139 755 τῷ
149 720 201 754 ναῷ
218 721 312 752 παντὶ,
342 720 430 755 βίϐλοι
457 721 529 756 ἱεραὶ
545 722 593 748 καὶ
609 721 668 749 θεῖα
685 721 816 757 κειμήλια.
835 729 841 736 ⁸

66 764 168 790 συνοδία
187 763 266 797 ἁγία,
283 764 317 790 δι’
336 764 420 791 αὐτὸν
433 783 440 796 ,
461 764 564 799 κόσμον
575 784 582 797 ,
599 765 634 791 τὰ
651 766 678 791 ὲν
693 765 789 800 κόσμῳ
813 772 844 791 τε

64 809 111 848 καλί
123 808 217 844 ἑαυτὴν
247 809 470 844 ἀπαρνησαμένη
484 828 492 841 ,
509 809 557 835 καὶ
582 808 659 845 αὑτῷ
682 808 844 844 κολληθεῖσα

63 853 111 880 καὶ
129 854 340 889 προσανέχουσα,
363 854 412 881 καὶ
437 854 514 890 αὐτῷ
534 854 631 886 νυκτὸς
660 853 708 881 καὶ
735 854 844 889 ἡμέρας

898 255 997 283 Portus
1020 255 1108 289 plane,
1126 256 1173 291 qui
1199 257 1226 283 in
1241 257 1303 284 vita:
1320 258 1387 285 mari
1412 259 1570 294 navigantes
1593 261 1683 288 sua-i-

898 302 977 337 piunt
995 306 1022 329 et
1037 305 1209 330 conservant.
1230 301 1279 335 Qui
1293 310 1357 337 ergo
1371 303 1428 330 hmo
1438 305 1615 334 saecularibus
1629 308 1684 334 lar-

897 348 979 383 gitur,
995 348 1063 376 nihil
1093 348 1165 376 aliud
1182 348 1247 382 agit,
1273 356 1353 383 quam
1382 351 1528 386 aggeribus
1553 348 1694 387 portuum

897 393 1022 426 sublatis,
1039 394 1113 422 viam
1131 395 1197 422 dare
1210 394 1337 422 ﬂuctibus
1349 397 1442 428 maris,
1466 404 1519 432 qua
1537 398 1562 425 in
1587 403 1682 434 portus

897 440 1105 476 ingrediantur:
1123 441 1193 469 unde
1209 449 1262 469 non
1274 442 1390 477 amplius
1411 447 1504 478 portus
1519 450 1602 479 sunt;
1618 453 1684 473 con-

895 487 1029 522 tingitque
1043 487 1198 515 universale
1213 488 1396 523 naufragium.

932 534 978 561 Xl.
995 524 1090 562 Nonne
1108 535 1180 562 nosti
1197 535 1262 570 quid
1275 535 1532 564 sitmonasterium?
1545 537 1593 565 Est
1604 537 1683 572 plane

896 584 989 607 sancta
1000 579 1096 608 donius
1114 579 1139 606 in
1159 581 1266 608 nomine
1281 581 1373 609 forsan
1392 581 1495 610 Christi
1510 582 1556 610 Dei
1574 590 1679 617 erecta,

895 632 992 659 gerens
1014 631 1075 652 eum
1105 625 1131 652 in
1151 626 1237 653 sacris
1265 627 1354 661 adytis
1385 626 1543 660 depictum,
1570 628 1683 662 ejusque

895 671 1024 698 miracula
1050 675 1078 698 ct
1096 672 1198 699 divinas
1215 673 1402 707 perpessiones
1415 681 1422 706 ;
1437 673 1462 700 in
1479 674 1553 700 omni
1568 675 1680 709 templo,

896 716 958 744 libri
977 717 1058 749 sacri,
1077 721 1104 744 et
1119 717 1207 744 divina
1224 718 1397 752 pretiosaque
1414 719 1554 753 supellex;
1581 725 1675 747 sancta

895 763 1013 790 societas
1033 763 1174 791 hominum
1190 764 1234 798 qui
1255 765 1396 797 mundum,
1413 772 1444 792 ea
1471 765 1569 800 quzein
1582 767 1683 794 mundo

895 814 968 842 sunt,
983 809 1112 845 ipsosque
1125 817 1155 837 se
1170 810 1374 846 abnegaverunl
1395 817 1505 846 propter
1528 811 1626 844 Deum,
1643 812 1683 839 ei-

895 861 947 888 que
969 854 1121 888 adhacrent,
1147 856 1301 888 attendunt,
1333 856 1376 883 die
1389 861 1522 890 nocteque
1538 863 1683 884 canuntac

63 900 160 935 ᾄδουσα
174 901 221 927 καὶ
235 901 376 936 ψάλλουσα
387 908 395 916 '
418 902 466 928 καὶ
481 902 510 928 ὲν
524 901 563 937 τῷ
577 901 634 937 ναῷ
653 900 748 935 αὑτοῦ,
773 901 844 928 κατὰ

932 900 1012 927 allunt
1025 908 1031 933 ;
1044 905 1125 936 atque
1139 900 1167 928 in
1181 901 1280 936 templo
1293 901 1362 936 ejus,
1374 901 1451 936 juxta
1464 901 1636 930 Psalmistam
1648 903 1681 936 ι’,

61 947 107 972 τὸν
118 946 277 982 Ψαλμῳδὺν,
295 947 436 975 ἄπαυστον
455 947 574 981 λέγουσα
588 947 669 981 δόξαν
680 954 686 961 ·
698 946 746 973 καὶ
763 946 844 982 μέσον

61 991 145 1027 αὐτῆς
161 992 260 1027 ἔχουσα
281 993 378 1020 τοῦτον
398 993 455 1025 ἀεὶ,
478 993 551 1020 κατὰ
567 992 617 1028 τὴν
639 992 844 1027 ἀψευδεστάτην

60 1038 143 1064 αὐτοῦ
155 1039 200 1065 καὶ
221 1039 296 1066 θείαν
312 1040 471 1075 ὑπόσχεσιν·
485 1038 582 1067 ’⁷οπου
596 1038 652 1074 γάρ
666 1040 725 1066 εισι
751 1039 805 1066 δύο
824 1039 844 1073 ἢ

59 1083 136 1117 τρεῖς
150 1084 335 1119 συνηγμένοι
352 1086 397 1118 είς
413 1084 447 1112 τὸ
463 1084 537 1120 ἐμὸν
553 1084 658 1119 ὄνομα,
676 1084 767 1119 φησὶν,
784 1083 849 1110 ἐκεῖ

57 1131 119 1167 εἰμὶ
131 1133 255 1168 ἐνμέσῳ
266 1132 375 1160 αὐτῶν.
384 1133 516 1169 Πρόσοδοι
534 1132 582 1159 ἐπὶ
593 1133 696 1164 τῖύτιις
712 1133 784 1168 ἱεραὶ
798 1132 846 1159 καὶ

56 1179 190 1214 διάφοροι,
207 1179 387 1214 πολυτρόπως
399 1178 611 1214 συλλεγόμεναι,
627 1179 695 1214 πρὸς
711 1177 844 1205 σύστασιν

57 1226 107 1253 καὶ
125 1226 255 1261 διαμονὴν
269 1225 317 1252 καὶ
342 1225 478 1261 διοίκησιν
496 1224 551 1253 τῶν
567 1226 720 1261 εἰρημένων
734 1234 844 1260 χρημα-

54 1271 189 1306 τίζουσαι,
203 1272 231 1299 al
247 1271 322 1308 παρὰ
339 1272 394 1299 τῶν
405 1272 548 1308 μακαρίων
558 1272 708 1308 κτητὸρων,
723 1273 763 1304 εἰς
780 1272 843 1299 τοῦ-

52 1327 87 1345 το
101 1319 306 1354 ἀφιερωοεῖσαι.
326 1319 420 1345 Ταῦτα
432 1319 522 1346 τοίνυν
539 1319 629 1346 πάντα
639 1319 672 1346 τὰ
685 1319 744 1354 ίερά
757 1327 786 1345 τε
798 1319 844 1346 καὶ

53 1364 117 1391 Οεῖα
134 1365 305 1400 μοναστήρια
318 1364 366 1391 καὶ
378 1365 442 1392 ὄντα
458 1365 504 1391 καὶ
518 1364 651 1399 λεγόμενα
663 1384 670 1396 ,
683 1365 707 1390 οἱ
723 1365 777 1391 ἀπὸ
796 1364 844 1392 τοῦ

51 1409 124 1437 Θεοῦ
145 1411 292 1446 τολμηρῶς
315 1410 528 1447 ἀφαιρούμενοι,
552 1410 599 1436 καὶ
621 1410 665 1437 διὰ
680 1410 782 1445 δωρεᾶς
795 1411 844 1437 ἀν-

52 1456 160 1492 θρώπῳ
174 1455 223 1492 [σί.
240 1456 406 1492 ἀνθρώπων]
421 1455 662 1488 καταδουλοῦντες,
673 1455 700 1482 τί
716 1455 844 1491 ἁμαρτά-

49 1511 155 1536 νουσιν;
175 1503 340 1538 ίεροσυλίαν;
353 1504 423 1539 οὐχί.
448 1502 477 1530 '0
490 1502 545 1538 γὰρ
559 1502 714 1538 ἱερόσυλος,
733 1502 809 1535 ἅπαξ
824 1503 841 1538 ἢ

47 1550 83 1577 τὸ
106 1549 176 1576 πολὺ
196 1549 237 1581 δὶς
254 1549 315 1585 ἱερὰ
331 1549 448 1583 συλῆσαι
462 1548 599 1584 δυνηθεὶς.
621 1545 680 1576 εἷτα
695 1549 843 1585 κρατηθεὶς

47 1596 189 1630 ἐκολάσθη
207 1596 254 1622 καὶ
269 1595 451 1631 ἐφυλακῐσθη,
470 1595 517 1622 καὶ
535 1595 674 1622 πέπαυται
689 1595 718 1622 τὸ
735 1595 818 1623 κακόν
832 1603 841 1612 ⁸

46 1641 171 1669 ἐνταῦθα
191 1642 219 1668 δὲ
241 1641 365 1676 διηνεκὲς
385 1641 416 1668 τὸ
438 1641 535 1674 κακὸν,
549 1641 596 1668 καὶ
609 1641 640 1667 τὸ
651 1640 842 1677 πλημμέλημα

44 1687 90 1722 τῷ
115 1687 168 1723 βίῳ
193 1688 277 1714 παντὶ
302 1687 629 1723 συμπαρεκτεινόμενονσ
652 1688 700 1715 καὶ
723 1689 754 1715 οὺ
774 1689 843 1724 μετὰ

44 1732 149 1766 φόόου,
167 1731 294 1766 καθάπερ
310 1732 379 1763 ἐκεῖ,
397 1731 435 1763 ὡς
448 1731 601 1767 ἁμάρτημα
614 1731 762 1767 δρώμενον,
774 1732 843 1760 ἀλλὰ

44 1777 123 1814 μετᾶ
150 1778 310 1813 παῤῥησίας
330 1777 556 1814 διενεργούμενον
583 1779 621 1810 ὼς
636 1777 841 1813 ἀναμάρτητον.

42 1823 84 1850 Τί
101 1821 152 1851 οὖν
171 1824 362 1860 κληθήσεται;
379 1823 538 1856 πλεονεξία;
554 1823 696 1858 οῠμενουν.
714 1825 770 1860 Τὴν
788 1824 843 1859 γὰρ

41 1869 119 1905 πρὸς
138 1870 203 1901 τοὺς
219 1869 382 1905 ὁμοδούλους
397 1869 569 1901 πλεονεξίαν,
584 1869 597 1895 ὁ
607 1869 679 1900 θεῖος
693 1869 843 1901 ἀπόστολος

40 1916 161 1946 Παῦλος
177 1916 389 1951 είδωλολατρίαν
403 1916 534 1944 ἐκάλεσεν
545 1916 575 1943 ’ὃ
592 1916 640 1943 καὶ
659 1915 818 1951 ἑρμηνεύων
828 1916 843 1942 ὸ

40 1962 121 1993 θεῖος
134 1961 345 1998 Χρυσὸστομος,
361 1960 496 1996 πολλαχοῦ
510 1969 539 1988 τε
552 1961 601 1988 καὶ
613 1961 642 1988 ἐν
655 1961 693 1996 τῷ
707 1962 842 1988 ὀκτωκαι-

39 2008 158 2042 δεκάτῳ
173 2008 245 2041 λόγῳ
252 2009 301 2043 τῆς
314 2008 381 2043 πρὸς
390 2006 530 2042 Ἐφεσίους
548 2006 719 2041 Ἐπιστολῆς,
732 2008 777 2034 καὶ
788 2008 843 2042 χεῖ-

41 2062 96 2088 ρον
123 2053 340 2089 εἰδωλολατρίας
366 2053 520 2085 ἀπέδειξεν.
545 2052 576 2078 Ei
599 2050 645 2079 οὖν
666 2053 765 2088 ήπρδς
780 2053 843 2085 τοὺς

39 2098 220 2133 ὁμοδούλους
234 2099 390 2132 πλεονεξία,
409 2099 603 2136 εἰδωλολατρία
619 2099 703 2125 ἐστίν.
728 2098 760 2125 Ἡ
775 2099 843 2134 πρὸς

39 2144 114 2170 Θεὸν
138 2144 332 2177 διαϐαίνουσα,
355 2146 383 2172 τί
404 2146 469 2173 ἄλλο
487 2146 719 2181 ὀνομασθήσεται,
749 2145 773 2171 εί
804 2145 842 2180 μὴ

39 2190 177 2224 ﬁrst-565m;
197 2191 228 2217 Εί
245 2191 299 2227 γὰρ
313 2192 327 2218 ὁ
340 2191 370 2218 ἐν
389 2201 418 2219 τι
435 2192 488 2218 τῶν
509 2193 591 2219 θείων
610 2191 684 2224 ἅπαξ
710 2192 843 2224 κοινώσας

895 953 1032 981 nunquam
1068 947 1234 975 desinentem
1267 948 1361 976 dicunt.
1392 948 1529 983 gloriam;
1564 957 1682 984 eumque

895 991 921 1019 in
945 993 1034 1021 medio
1057 993 1099 1021 sui
1127 1001 1235 1029 semper
1252 994 1363 1029 habent,
1393 995 1469 1029 juxta
1496 995 1677 1023 certissimam

894 1036 1070 1072 divinamquc
1099 1037 1186 1073 ipsius
1208 1039 1439 1074 promissionem:
1464 1038 1515 1066 Ubi
1530 1040 1597 1067 enim
1618 1045 1678 1067 sunt

894 1083 946 1110 duo
972 1084 1012 1111 vel
1027 1089 1079 1111 tres
1104 1085 1255 1120 congregati
1271 1085 1298 1113 in
1314 1086 1418 1113 nomine
1440 1094 1507 1118 meo,
1525 1086 1624 1121 inquit,
1642 1086 1680 1113 ibi

894 1137 950 1156 sunt
963 1129 990 1156 in
1006 1129 1091 1157 medio
1105 1139 1194 1157 eorum
1214 1131 1247 1158 ³ο.
1274 1132 1314 1158 Ad
1330 1131 1387 1159 hzec
1403 1132 1474 1159 sacri
1501 1132 1625 1167 variique
1640 1139 1683 1160 re-

896 1176 981 1210 ditus,
996 1177 1089 1204 multis
1108 1177 1195 1205 modis
1220 1177 1340 1211 collecti,
1358 1178 1392 1206 ad
1409 1178 1604 1214 praedictorum
1613 1186 1682 1206 con-

895 1222 1058 1256 sistentiam,
1099 1223 1320 1258 permansionem
1359 1229 1386 1252 et
1413 1224 1681 1264 administrationem

894 1269 992 1301 coacti,
1009 1273 1089 1302 atque
1105 1277 1119 1296 a
1144 1269 1232 1297 beatis
1257 1270 1461 1303 possessoribus
1477 1270 1512 1297 ad
1538 1271 1590 1298 hoc
1611 1278 1680 1298 con-

894 1312 1005 1340 secrati.
1022 1312 1084 1341 Hazc
1103 1320 1167 1348 ergo
1179 1314 1269 1342 omnia
1282 1321 1359 1342 sacra
1376 1315 1520 1350 divinaque
1539 1323 1599 1350 qua)
1616 1320 1682 1343 sunt

895 1358 1077 1394 tliounturque
1099 1360 1272 1393 monasteria,
1293 1361 1338 1396 qui
1353 1369 1367 1389 a
1383 1361 1438 1389 Deo
1454 1361 1579 1389 auferunt
1597 1363 1682 1390 conli-

894 1405 999 1438 denter,
1015 1411 1043 1433 et
1060 1406 1163 1434 homini
1176 1415 1224 1442 per
1245 1408 1345 1435 donum
1361 1408 1520 1443 subjiciunt,
1544 1409 1681 1443 quodnam

894 1452 1070 1481 committunt
1096 1454 1262 1489 peccatum?
1278 1454 1478 1489 Sacrilegium?
1492 1453 1681 1489 Nequaquam.

895 1498 1052 1534 Sacrilegus
1069 1500 1140 1527 enim
1167 1503 1312 1535 postquam
1327 1499 1410 1527 semel
1433 1504 1481 1527 aut
1505 1501 1538 1527 ad
1567 1501 1681 1527 multum

895 1545 935 1572 bis
951 1552 1028 1572 sacra
1059 1546 1175 1580 praedari
1194 1546 1292 1581 potuit,
1309 1551 1400 1580 postea
1427 1546 1641 1581 comprehensus
1653 1547 1679 1573 in

895 1597 1031 1617 carcerem
1047 1591 1148 1619 missus
1172 1596 1213 1619 est
1226 1599 1257 1618 ac
1273 1591 1392 1626 punitus,
1414 1591 1548 1626 desiitque
1562 1591 1680 1619 malum:

894 1636 937 1664 hic
954 1641 1044 1664 autem
1061 1642 1220 1672 perpetuum
1244 1643 1285 1665 est
1301 1638 1414 1671 malum,
1444 1642 1471 1665 et
1486 1638 1614 1665 delictum
1633 1646 1683 1673 per

894 1687 976 1710 totam
986 1683 1068 1710 vitam
1086 1688 1241 1716 protensum
1255 1692 1262 1717 ;
1286 1691 1373 1718 neque
1388 1690 1449 1711 cum
1463 1684 1572 1718 timore,
1587 1690 1682 1719 quem-

892 1728 1038 1756 admodum
1073 1729 1138 1762 illic,
1171 1729 1257 1757 instar
1279 1729 1384 1765 peccati
1414 1735 1607 1765 perpetratum,
1633 1731 1681 1758 sed

893 1781 953 1802 cum
972 1775 1068 1803 ﬁducia
1092 1780 1182 1803 actum
1201 1780 1326 1811 tanquam
1341 1777 1444 1812 peccati
1469 1777 1598 1804 immune.
1620 1776 1680 1810 Quo

894 1823 978 1858 igitur
994 1824 1105 1852 nomine
1133 1824 1303 1852 donabitur?
1330 1825 1481 1852 Avaritiae?
1509 1824 1678 1852 Nullatenus.

893 1869 961 1897 Nam
981 1877 1044 1905 erga
1064 1877 1211 1898 conservos
1233 1870 1387 1903 avaritiam,
1400 1870 1510 1898 divinus
1535 1870 1681 1905 Apostolus

895 1915 1001 1944 vocavit
1016 1916 1148 1944 idolorum
1171 1917 1374 1944 servitutem".
1391 1916 1469 1949 Quod
1494 1917 1681 1951 interpretans

893 1962 999 1989 divinus
1026 1960 1248 1995 Chrysostomus,
1264 1961 1357 1989 multis
1382 1962 1409 1989 in
1423 1962 1501 1995 locis,
1517 1967 1545 1990 et
1558 1962 1681 1990 oratione

894 2007 996 2034 decima
1022 2011 1117 2035 octava
1143 2007 1170 2034 in
1187 2007 1335 2042 Epistolam
1354 2009 1387 2035 ad
1419 2007 1564 2043 EphesiOs,
1594 2008 1679 2036 etiam

894 2053 1044 2081 idololatria
1070 2053 1132 2088 quid
1151 2053 1226 2088 pejus
1249 2061 1311 2082 esse
1330 2054 1538 2082 demonstrat-it.
1560 2054 1636 2087 Quod
1656 2054 1680 2081 si

893 2106 956 2134 erga
990 2106 1138 2127 conservos
1162 2100 1288 2133 avaritia,
1312 2100 1445 2128 idolorum
1476 2100 1593 2128 servitus
1613 2105 1679 2133 est;

893 2150 953 2177 quae
971 2143 1003 2170 ad
1023 2145 1104 2171 Deum
1133 2144 1266 2179 pervenit,
1283 2145 1347 2179 quid
1375 2145 1447 2173 aliud
1462 2146 1578 2178 dicetur,
1598 2153 1679 2181 quam

895 2189 1040 2224 impietas?
1065 2190 1134 2218 Nam
1154 2192 1174 2218 si
1194 2191 1240 2218 ille
1251 2192 1295 2226 qui
1314 2199 1339 2219 ο.
1357 2192 1438 2219 rebus
1455 2192 1554 2219 divinis
1581 2200 1678 2228 quam-

39 2237 54 2270 ἧ
74 2236 269 2272 καθυϐρίσας,
283 2234 339 2264 οἷον
351 2238 435 2272 ἁγίαν
449 2237 555 2270 εἰκόνα,
569 2238 585 2273 ἦ
601 2239 673 2273 ἱερὸν
687 2238 840 2273 κειμήλιον.

932 2242 965 2261 un
987 2235 1070 2261 semel
1092 2235 1277 2270 prolanaverit
1293 2241 1339 2263 aut
1353 2238 1514 2265 tractaverit
1537 2242 1681 2266 contmno-

39 2282 54 2317 ἢ
73 2283 217 2317 χρήματα
236 2284 297 2319 ιερὰ
319 2284 441 2320 μερικῶς
457 2284 667 2319 νοσφισάμενος,
693 2284 841 2319 θεοστυγὴς

39 2328 89 2354 καὶ
107 2328 293 2363 κατάκριτος,
309 2329 353 2356 διὰ
373 2329 403 2356 τὺ
417 2329 467 2365 τὴν
483 2329 563 2365 ὓϐριν
579 2329 627 2356 ἐπὶ
640 2329 686 2356 τὸν
701 2329 767 2356 Θεὸν
781 2329 839 2355 δια-

39 2372 166 2406 Ξαίνειν,
187 2372 283 2409 ὥσπερ
302 2373 349 2401 καὶ
363 2373 414 2410 τὴν
437 2375 521 2410 τιμήν
535 2383 543 2391 ·
566 2375 613 2401 καὶ
638 2374 778 2408 βεϐαιοῦσι
796 2375 841 2402 τὸν

39 2417 137 2450 λόγον,
170 2418 203 2444 ἐν
224 2419 274 2453 μὲν
301 2420 334 2455 τῇ
362 2419 478 2455 Παλαιᾷ,
503 2419 572 2454 πρὸς
597 2421 653 2452 τοῖς
680 2420 771 2452 ἄλλοις
793 2420 840 2447 καὶ

39 2463 138 2498 Ἀχαρ
154 2462 228 2499 (12),
251 2464 283 2491 ἐκ
303 2465 360 2492 τῶν
386 2465 425 2501 τῷ
448 2465 508 2501 Θεῷ
532 2466 751 2502 ἀνατεθειμένων
766 2466 840 2500 ἅπαξ

39 2507 207 2542 ιεκλοφὼς,
219 2509 268 2536 καὶ
283 2509 337 2536 ima
353 2510 402 2537 τοῦ
419 2509 486 2536 λαοῦ
499 2511 611 2538 πανοικὶ
624 2511 819 2542 καταλευσθείς
831 2519 838 2526 ·

39 2562 62 2579 ,ν
81 2554 115 2580 δὲ
131 2555 169 2590 τῇ
188 2555 289 2590 Καινῇ,
310 2555 435 2588 Ἁνανίας
447 2557 495 2584 καὶ
510 2556 663 2592 Σάπφειρα,
682 2557 714 2583 ὲκ
730 2557 784 2584 τῶν
801 2557 839 2592 τῷ

70 2633 96 2649 ²⁹
118 2632 203 2661 Psal.
225 2641 323 2669 xxvm,
339 2635 366 2663 9.
405 2635 428 2651 ²⁰
448 2634 624 2669 Mattb.xvm,
649 2635 694 2663 20.
733 2636 754 2652 ²¹
773 2635 869 2671 Ephes.
885 2644 911 2668 ν,
933 2638 960 2665 5.

892 2279 970 2312 liose,
996 2281 1069 2308 verbi
1086 2282 1172 2316 gratia
1185 2286 1307 2310 sanctam
1323 2283 1480 2319 imaginem,
1493 2291 1600 2312 sacrum
1619 2293 1676 2317 vas,

892 2326 934 2353 vel
955 2327 1083 2360 pecunias
1102 2335 1194 2355 sacras
1218 2335 1249 2355 ex
1277 2333 1354 2364 parte
1370 2331 1499 2365 rapuerit,
1514 2330 1567 2358 Deo
1581 2339 1679 2359 exosus

892 2378 924 2398 ac
938 2379 1001 2399 rcus
1019 2377 1069 2405 est,
1085 2380 1117 2400 eo
1132 2374 1202 2408 quod
1216 2375 1377 2403 contumelia
1399 2378 1433 2403 ad
1448 2376 1531 2404 Deum
1545 2380 1679 2411 transeat,

893 2424 959 2447 utet
981 2421 1084 2448 honor:
1103 2428 1312 2457 sermonemque
1338 2424 1511 2458 conﬁrmant,
1538 2426 1564 2453 in
1589 2425 1679 2453 Veteri

892 2466 1001 2500 quidem
1026 2467 1211 2501 Testamento,
1226 2477 1287 2496 cum
1304 2470 1366 2497 aliis
1382 2470 1463 2497 etiam
1477 2471 1578 2504 Achar,
1594 2472 1641 2506 qui
1664 2478 1680 2498 e

893 2512 949 2540 Deo
964 2513 1059 2541 dicatis
1073 2514 1157 2542 semel
1186 2514 1300 2548 furatus,
1316 2523 1330 2542 a
1345 2515 1443 2551 populo
1457 2523 1517 2544 cum
1532 2522 1585 2544 tota
1599 2517 1679 2545 domo

892 2557 1026 2593 lapidatus
1037 2565 1076 2587 est
1087 2560 1110 2576 "
1121 2569 1128 2594 ;
1140 2560 1166 2588 in
1177 2560 1252 2589 Novo
1265 2566 1365 2596 autem,
1377 2561 1497 2591 Ananias
1509 2567 1535 2590 et
1551 2563 1678 2598 Saphira,

1017 2639 1038 2653 ²¹
1055 2637 1137 2666 Josae
1152 2647 1200 2673 vn,
1215 2640 1226 2667 l
1240 2647 1316 2675 seqq.

624 2705 715 2736 Joan.
732 2706 819 2745 Bupt.
840 2707 987 2738 Colelerii
1004 2713 1097 2740 notae.

67 2777 258 2824 (12)ςέχαρ.
270 2777 837 2824 golabamkadpriuatimggneaapostolicus,
892 2782 996 2824 Domini
1020 2784 1177 2824 advertunt;
1193 2787 1266 2824 l_inm.
1285 2786 1328 2824 12,
1354 2787 1382 2814 in
1400 2787 1476 2818 Acta,
1492 2787 1519 2820 6,
1536 2789 1563 2815 in
1589 2787 1677 2822 Epist.
1701 2788 1705 2824 ξ

39 2811 127 2858 ιιιησ
147 2811 242 2858 loe'qni
264 2813 453 2858 'Clnzysostomi
480 2811 780 2858 ῃριυζἿὲὕηὶίινβιῄείῖ
804 2816 837 2858 ad
891 2817 926 2842 ad
943 2817 1088 2858 Ephesios,-
1102 2820 1128 2854 8,
1143 2811 1177 2848 ad
1193 2811 1701 2858 rziéisaii'aiijiié'éi'iié

39 2849 118 2875 lom.
141 2847 270 2875 conferri
283 2847 364 2875 velim
377 2855 438 2883 cum
461 2849 532 2882 aliis,
552 2849 598 2876 lib.
625 2849 662 2875 De
675 2849 834 2883 virginitate,
891 2847 1021 2882 revocari.

40 2890 94 2918 ap.
113 2883 170 2918 24,
186 2883 260 2911 hom.
276 2883 302 2918 l,
315 2883 346 2912 de
363 2882 446 2912 verbis
462 2883 554 2918 Ιδαίαι,
567 2883 640 2912 Ιιοιη.
654 2884 680 2911 in
695 2885 835 2912 secundum
