1867 3055
48 173 114 207 1137

442 173 491 203 DE
513 172 775 205 MONASTERIIS
796 173 922 204 LAIClS
945 173 1022 205 NON
1043 172 1273 204 TBADENDIS.

1600 169 1611 201 1
1618 170 1669 203 138

48 233 182 261 Συσταθὲν
213 233 241 260 δὲ
270 233 318 260 καὶ
345 232 542 260 ἀνακαινισθὲν
565 235 641 269 παρὰ
671 242 780 269 χαριστι

933 237 986 260 tata
1011 233 1038 260 in
1058 232 1199 259 snburhia.
1213 230 1419 259 Constabilitum
1434 237 1499 258 vero
1519 229 1668 258 acinstau-

48 281 106 316 ρίου
125 280 180 315 (Η)
198 279 401 314 μοναστήριον,
420 280 471 306 οὐκ
491 279 571 313 ἴσμεν
588 281 613 306 εἰ
627 280 806 316 εὑρεθήσεται
822 288 829 296 ·

48 327 114 355 ἀλλὰ
125 327 169 354 καὶ
180 327 205 353 εἰ
218 326 412 362 εὑρεθήσεται,
430 327 606 361 παρανομίας
621 327 708 361 δῶρον
719 326 784 358 Θεὸς
800 327 831 353 οὐ

48 373 198 409 προσίεται.
215 373 292 403 Τέως
310 373 443 407 σήμερον,
456 372 490 398 τὰ
501 372 632 407 ἐλεύθερα
645 371 771 399 θάλλουσι
786 372 832 398 καὶ

48 419 211 447 ἐπιδιδόασι⁸
223 419 256 445 τὰ
273 419 302 445 δὲ
317 419 411 450 δοῦλα,
430 417 624 445 καταλύονται.
644 418 679 445 Σὺ
693 418 721 444 δὲ
738 417 831 452 ὅμοιόν

48 476 71 493 τι
90 467 186 501 λέγεις,
213 466 253 502 τῷ
276 466 473 501 διατεινομένῳ
494 466 544 501 τὴν
571 465 685 501 διηνεκῆ
708 465 832 492 δουλείαν

48 514 187 548 κρείττονα
200 511 271 539 εἶναι
284 514 335 548 τῆς
352 512 523 548 ἐλευθερίας,
539 513 601 539 Ὅτι
615 513 643 539 δὲ
660 513 710 539 οὐκ
726 513 771 538 ἐπὶ
786 521 832 538 συ·-

48 559 139 585 στάσει
150 559 195 585 καὶ
207 559 323 594 διαμονῇ
339 559 427 585 ταῦτα
439 558 604 594 δωροῦνται,
619 558 700 594 δῆλον
712 558 830 586 ἐκεῖθεν.

49 606 85 632 Οὐ
104 605 156 641 γὰρ
173 605 207 632 τὰ
228 605 438 640 καταλελυμένα
459 605 610 641 δωροῦνται
625 612 631 619 ·
647 604 715 631 ἀλλά
732 604 832 639 μᾶλλον

48 652 81 678 τὰ
98 651 292 685 συνιστάμενα,
310 651 359 678 καὶ
381 651 483 686 εὐθαλῆ
504 651 555 686 τὴν
575 651 706 687 πρόσοδον
723 651 831 686 ἔχοντα.

50 698 106 725 Καὶ
121 699 135 733 ἡ
153 698 212 730 ταῖς
231 697 318 729 ὲνίαις
331 696 359 724 δὲ
373 697 427 724 τῶν
440 697 551 732 δωρεῶν
570 697 761 733 προσκειμένῃ
782 697 831 733 [aL

49 743 232 779 προκειμένη]
247 744 328 779 χάρις
352 744 429 780 δηλοῖ
441 743 521 771 τοῦτο
541 744 724 780 σαφέστερον,
744 745 774 771 ὲν
792 743 833 776 οἷς

48 792 116 826 φησὶ
132 791 181 823 τὰς
197 791 266 826 μετὰ
276 790 325 826 τὴν
335 790 454 826 τυπικὴν
469 791 520 825 τῆς
533 791 617 826 μονῆς
632 790 720 823 ἔξοδον
735 799 832 826 περιτ-

48 835 174 866 τευούσας
189 836 350 870 προσόδους,
371 835 580 869 ἀποκερδαίνειν
597 835 833 871 ἁλογοπραγήτως

48 880 93 906 τὸν
109 880 324 915 χαριστικάριον.
353 880 384 906 Et
401 879 428 906 δὲ
444 879 526 906 πάλιν
542 879 615 914 λέγει
637 879 687 916 [αι.
703 879 832 915 λέγοιεν],
850 904 871 934 Β

48 926 87 952 ὅτι
106 926 148 952 διὰ
157 926 187 952 τὸ
203 926 436 959 ὲξκουσσεύεσθαι
454 926 508 953 ἀπὸ
521 926 576 954 τῶν
588 926 731 962 ἐπηρειῶν
750 926 832 953 τοῦτο

48 970 226 1005 πράττουσιν,
243 971 435 998 ἀκουέτωσαν”
447 971 477 998 τὸ
493 972 660 1007 ἐπηρεάζειν
679 971 695 1007 ἦ
718 972 755 1008 μὴ
781 974 832 998 ἐπ-

48 1016 185 1050 ηρεάζειν,
202 1017 251 1051 τῆς
280 1017 356 1052 ὑμῶν
380 1016 505 1049 ἐξουσίας
527 1018 604 1044 ἐστι·
622 1017 745 1045 παύσατε
769 1019 833 1050 τοὺς

48 1062 234 1098 ὲπηρεαστὰς,
254 1063 302 1090 καὶ
325 1063 516 1096 ἐξκουσσάτων
533 1064 580 1100 [aL
604 1065 833 1102 ὲξκουσσάτοςος]

48 1108 128 1145 χρεία
144 1108 192 1135 οὐκ
211 1108 297 1136 ἔστιν.
320 1109 350 1135 '0
370 1110 424 1144 γὰρ
453 1110 541 1137 ταῦτα
567 1110 656 1144 λέγων
675 1111 766 1140 ἔοικεν
784 1113 835 1148 ἄρ-

48 1164 132 1189 χοντι,
148 1154 291 1189 ἐλεύθερον
308 1155 414 1190 πένητα
439 1155 484 1182 διὰ
505 1156 560 1183 τῶν
578 1157 661 1184 αὐτοῦ
687 1158 834 1194 ὑπηρετῶν

48 1200 265 1235 ξενοπροσώπως
282 1200 474 1236 ἐπηρεάζοντι,
488 1200 547 1229 εἶτα
562 1204 602 1235 εἰς
613 1203 686 1231 ἔλεον
697 1205 778 1240 δῆθεν
786 1205 833 1232 τοῦ

48 1247 166 1281 πένητος
182 1247 331 1282 κινηθέντι,
348 1247 396 1274 καὶ
419 1249 617 1283 προστάξαντι,
640 1251 709 1285 μετὰ
725 1251 834 1278 πάντων

48 1294 103 1320 τῶν
130 1294 286 1329 προσόντων
313 1294 400 1329 αὐτῷ,
427 1295 474 1321 καὶ
496 1295 546 1330 τὴν
573 1296 732 1332 ἐλευθερίαν
750 1298 833 1325 αὑτοῦ

48 1342 205 1376 ἀφελέσθαι,
221 1342 267 1369 καὶ
278 1342 372 1369 δοῦλον
386 1340 457 1370 εἶναι
468 1343 527 1370 ἀντ’
543 1344 689 1380 ἐλευθέρου
709 1354 715 1360 ·
736 1347 779 1374 ἵνα
795 1347 833 1383 μὴ

48 1387 250 1424 ὲπηρεάζηέαι,
264 1388 342 1424 φησί.
358 1389 460 1424 Σκῆψις
473 1388 560 1416 ταῦτα
571 1392 618 1417 καὶ
630 1392 777 1426 πρόφασις,
787 1394 835 1420 καὶ

48 1435 98 1469 τῆς
116 1434 342 1469 αἰσχροκερδείας
358 1434 586 1470 ἐπικαλύμματα.
605 1436 674 1463 Ποία
692 1438 834 1472 εὐαγγελι-

48 1481 83 1516 κὴ
98 1481 145 1507 καὶ
158 1480 217 1507 θεία
231 1480 307 1516 φωνὴ
324 1481 486 1514 ἐνετείλατο,
506 1482 570 1509 ποία
584 1483 752 1520 ἀποστολικὴ
764 1494 834 1520 παρ-

48 1527 152 1559 αίνεσις
162 1527 314 1561 διετάξατο,
331 1528 396 1555 ποία
406 1528 530 1564 πατρική
545 1529 591 1555 καὶ
608 1531 735 1567 κονονικὴ
747 1532 835 1567 παρά-

48 1575 123 1606 δοσις
150 1574 257 1609 ὥρισε,
286 1575 352 1601 ποία
378 1575 507 1611 πολιτικὴ
532 1577 680 1612 νομοθεσία
704 1578 759 1604 ἀπὸ
787 1579 834 1605 τοῦ

48 1620 146 1651 αἰῶνος
162 1620 300 1653 ἐθέσπισε,
318 1620 383 1647 ναὸν
403 1621 494 1655 ἅγιον,
514 1622 561 1648 καὶ
577 1624 762 1659 μοναστήριον
781 1625 836 1651 δω-

48 1667 155 1702 ρεῖσθαί
173 1675 244 1700 τινι;
262 1667 322 1694 οὐδὲ
337 1668 392 1702 γὰρ
408 1668 486 1695 αὐτοὶ
502 1668 527 1695 οἱ
543 1668 676 1705 Ἕλληνες
691 1671 835 1706 εὑρίσκον-

48 1720 91 1738 ται
106 1711 246 1739 εἰδωλικόν
261 1720 322 1738 τινα
336 1712 401 1739 ναόν
413 1713 478 1740 ποτέ
494 1721 548 1740 τινι
568 1713 773 1750 δωρησάμενοι.
799 1716 836 1743 Τὸ

48 1755 112 1790 γοῦν
123 1755 199 1792 παρὰ
207 1756 294 1783 ταῦτα
302 1757 508 1791 γινόμενον,τίς
524 1757 558 1785 ἂν
574 1757 706 1794 λογισμοῦ
722 1760 833 1795 Κύριος,

48 1802 151 1836 ὶγαθὸν
168 1803 273 1838 καλέσῃ
290 1804 306 1838 ἢ
328 1804 481 1839 συμφέρον,
506 1805 523 1840 ἢ
543 1805 711 1840 οἰκονομίαν,
728 1807 744 1841 ἢ
770 1816 837 1842 προ-

48 1850 203 1885 μήθειαν,ἥ
219 1850 353 1883 ὠφέλειαν
365 1851 412 1877 καὶ
428 1851 557 1878 σύστασιν
568 1860 574 1868 ·
586 1852 644 1878 ἀλλ’
658 1852 719 1888 οὐχὶ
737 1853 836 1888 μᾶλλον

48 1896 205 1931 παράϐασιν
224 1897 271 1923 καὶ
284 1897 438 1933 παρακοὴν,
455 1899 502 1924 καὶ
517 1898 693 1934 παρανομίαν
717 1899 837 1935 ἐσχάτην

48 1945 96 1970 ut
111 1943 251 1977 ὀλεθρίαν;
266 1944 333 1970 Εἰπὲ
351 1944 405 1978 γάρ
422 1953 482 1979 μοι,
500 1945 524 1971 εἰ
540 1945 553 1971 ὁ
570 1945 609 1980 τῷ
624 1946 738 1981 ὲπιγείῳ
753 1947 836 1974 ἀντά-

48 1998 96 2020 σας
116 1989 234 2024 βασιλεῖ,
252 1990 300 2016 καὶ
314 1989 349 2016 τὰ
368 1991 544 2026 προσήκοντα
561 1991 636 2026 αὑτῷ
650 1993 781 2028 χρήματα
790 1994 838 2020 καὶ

48 2035 176 2070 κτήματα
204 2035 455 2071 σφετερισάμενος,
489 2037 588 2064 ἔπειτα
616 2038 646 2064 δὲ
676 2039 723 2064 καὶ
753 2039 836 2066 αὐτοῦ

48 2081 232 2115 στρατοπέδου
245 2080 455 2118 [στρατόπεδον]
471 2083 600 2118 δυνηθεὶς
611 2084 779 2120 ἀποστῆσαι,
790 2087 837 2112 καὶ

48 2127 92 2160 'sz’
110 2127 208 2153 ἑαυτὸν
226 2127 407 2162 ποιήσασθαι,
421 2128 515 2155 οὐκέτι
530 2130 591 2156 ἐστὶ
608 2129 701 2162 δοῦλος
727 2133 837 2164 πάντως

48 2173 59 2207 ῆ
79 2173 158 2207 φίλος
173 2173 221 2200 τοῦ
238 2173 382 2208 βασιλέως,
398 2174 457 2201 ἀλλ’
473 2175 570 2210 ἐχθρὸς
590 2176 637 2202 καὶ
659 2177 789 2212 πολέμιος
805 2187 811 2193 ·
824 2179 837 2204 ὁ

48 2221 78 2246 τὰ
103 2220 144 2254 τῷ
171 2220 329 2256 ἐπουρανίῳ
353 2221 462 2256 βασιλεῖ
484 2223 597 2258 Χριστῷ
621 2223 661 2258 τῷ
680 2224 740 2258 Θεῷ
756 2224 836 2259 ἡμῶν

48 2267 249 2302 ἰνατεθειμένα
269 2268 331 2295 θεῖα
352 2269 400 2295 καὶ
426 2269 488 2304 ιερὰ
511 2270 682 2305 πράγματα,
701 2268 745 2297 οἷα
762 2272 784 2297 δ’
802 2272 835 2298 ἂν

48 2313 90 2340 (at!
108 2311 178 2346 εἷεν,
191 2314 292 2340 κοινῶν
309 2315 355 2341 καὶ
371 2315 601 2350 σφετεριζόμενος
614 2317 661 2343 καὶ
679 2316 770 2349 ἄλλοις
783 2319 835 2344 δω-

48 2359 193 2394 ιούμενος,
210 2360 250 2387 ἔτι
266 2361 294 2387 δὲ
308 2361 354 2388 καὶ
370 2361 399 2387 τὸ
412 2361 484 2388 θεῖον
495 2362 541 2388 καὶ
561 2362 633 2397 ἱερὸν
645 2363 728 2390 αὑτοῦ
750 2373 835 2398 στρα-

48 2405 157 2432 τόπεδον
169 2414 177 2421 ·
195 2406 268 2441 φημὶ
277 2406 320 2441 δὴ,
332 2407 362 2433 τὸ
372 2407 425 2434 τῶν
438 2408 564 2443 μοναχῶν
580 2408 627 2434 καὶ
644 2409 832 2444 μοναζουσῶνσ

48 2453 69 2477 ιν)
86 2451 172 2486 μόνον
183 2451 228 2478 διὰ
240 2452 290 2486 τῆς
304 2452 358 2479 τῶν
372 2452 529 2486 ἀναγκαίων
545 2453 649 2485 ἐνδείας
668 2454 772 2486 πιέζων
786 2456 834 2482 καὶ

48 2506 120 2523 κτενί
127 2497 236 2533 χωρῶν,
254 2498 324 2524 ἀλλὰ
341 2499 390 2524 καὶ
405 2498 449 2525 διὰ
459 2498 565 2534 δωρεᾶς
578 2499 734 2535 ἀνθρώποις
749 2509 836 2528 κατα-

48 2545 159 2576 .ουλῶν,
176 2545 224 2571 καὶ
237 2545 301 2572 ὅσον
311 2545 342 2571 τὸ
351 2545 395 2572 ἐπ’
409 2545 490 2572 αὑτὸν
505 2546 662 2579 ἀφιστάνων
677 2547 775 2580 αὐτοὺς
788 2549 835 2575 τοῦ

48 2591 214 2626 ,πουρανίου
229 2591 373 2626 βασιλέως,
395 2591 454 2624 πῶς
466 2592 577 2619 δύναται
591 2592 662 2620 εἶναι
677 2593 693 2628 ἢ
705 2593 835 2628 λέγεσθαι

884 284 973 308 ratum
999 287 1014 306 a
1048 278 1238 307 charislicario
1263 276 1469 309 monasterium,
1492 284 1525 304 an
1553 276 1669 304 inveniri

883 331 962 361 queat
988 326 1160 360 ignoramus:
1189 324 1234 351 sed
1250 323 1313 350 licet
1328 322 1505 354 inveniretur,
1519 322 1671 356 iniquitatis

884 373 983 400 donum
1003 379 1054 399 non
1076 371 1194 398 admittit
1213 370 1296 397 Dens.
1327 368 1425 396 Verum
1454 368 1546 401 hodie,
1564 375 1624 403 quae
1638 368 1672 395 li-

883 418 947 446 bera
969 423 1042 450 sunt,
1079 425 1108 444 ea
1138 417 1243 447 ﬂorent,
1273 419 1300 442 et
1320 414 1430 449 capiunt
1449 414 1670 445 incrementum;

884 471 943 498 qua:
966 470 1055 496 serva,
1082 467 1250 490 evertuntur.
1272 461 1312 487 Tu
1336 467 1400 487 vero
1420 458 1507 486 simile
1526 459 1590 493 quid
1607 465 1672 493 pro-

886 510 939 537 fers
954 511 989 542 ei,
1006 509 1052 544 qui
1081 508 1255 535 contenderet
1276 510 1432 541 perpetuam
1464 505 1623 532 servitutem
1638 503 1674 531 li-

884 556 988 583 bertate
1004 556 1136 590 potiorem
1157 561 1227 581 esse.
1263 553 1339 586 Quod
1358 559 1440 587 porro
1461 559 1512 578 non
1526 551 1560 578 ad
1586 551 1672 578 stabi-

884 602 1023 628 limetttttm
1060 606 1086 627 et
1129 599 1356 635 persevcrantiam
1397 597 1441 624 illa
1480 597 1590 630 dentur,
1608 596 1695 623 bino.

884 651 1004 676 constat.
1037 647 1095 674 Non
1116 646 1187 673 enim
1212 645 1267 680 jam
1288 643 1418 671 dissoluta
1449 644 1597 676 donantur,
1624 642 1674 669 sed

884 693 974 728 potius
997 692 1108 723 stantia,
1140 696 1221 725 atque
1246 689 1359 716 reditum
1391 688 1518 716 ltabenlia
1549 687 1672 714 uberem.

884 739 993 766 Necnon
1025 737 1187 772 quihusdam
1217 736 1391 763 donationttrn
1410 734 1500 761 addita
1514 733 1598 769 gratia
1616 740 1672 760 rem

884 785 1004 820 apertius
1029 784 1162 816 declarat,
1192 790 1252 809 cum
1281 782 1390 813 dicitur,
1423 785 1453 808 ut
1481 781 1585 808 reditus
1613 784 1675 814 post

885 830 1036 865 regularem
1066 828 1225 857 monasterii
1255 835 1401 862 expensam
1418 826 1554 858 rcsidnos,
1581 825 1674 852 citari-

886 877 1014 904 sticarius
1042 877 1163 903 obtineat
1188 876 1292 908 absque
1313 874 1447 900 rationum
1462 873 1626 900 redditione.
1641 871 1671 899 Si

886 930 949 950 vero
967 927 1059 949 rursus
1080 921 1211 953 dixerint,
1244 929 1273 948 se
1287 920 1313 947 id
1329 927 1421 954 agere,
1444 923 1472 946 ut
1486 926 1500 945 a
1519 917 1675 946 vexationi-

886 970 935 997 hus
952 969 1108 996 immunitas
1133 971 1289 1003 przestetnr,
1309 966 1421 993 audiant
1447 965 1672 1001 responsionem:

887 1016 992 1044 Vexare
1018 1020 1063 1042 aut
1082 1023 1134 1041 non
1155 1021 1262 1046 vexare,
1288 1014 1315 1040 in
1337 1017 1425 1040 vestra
1456 1015 1589 1047 potestate
1609 1015 1673 1038 est:

873 1061 1055 1097 'comprimite
1085 1064 1237 1091 vexatores,
1265 1067 1314 1086 nec
1329 1059 1381 1086 erit
1403 1065 1470 1092 opus
1493 1057 1675 1084 immunitati-

885 1108 947 1135 bus.
981 1107 1050 1134 Nam
1070 1107 1115 1141 qui
1132 1105 1331 1140 hiecloquilur,
1349 1105 1449 1132 similis
1479 1108 1520 1131 est
1553 1102 1678 1138 prasidi,

886 1154 933 1189 qui
956 1154 1072 1181 liberant
1096 1160 1243 1188 pauperem
1265 1159 1314 1187 per
1333 1151 1474 1178 ministros
1501 1158 1565 1178 suos
1596 1150 1680 1185 quasi

886 1201 936 1229 Sub
953 1200 1004 1227 alia
1015 1207 1129 1235 persona
1143 1203 1267 1230 vexaret,
1282 1198 1380 1226 deinde
1392 1197 1426 1225 ad
1444 1196 1675 1229 misericordiam,

887 1250 1002 1283 scilicet,
1029 1249 1156 1285 pauperis
1173 1252 1263 1276 motus
1289 1251 1373 1280 esset,
1400 1240 1584 1281 jussissetque
1611 1252 1676 1272 cum

886 1297 1012 1325 omnibus
1027 1295 1084 1331 ejus
1094 1295 1281 1327 faetiltatibus,
1292 1295 1374 1322 etiam
1390 1293 1543 1321 libertatem
1560 1292 1674 1323 auferri,

886 1347 913 1370 et
939 1350 987 1376 pro
1014 1341 1099 1368 lihero
1122 1347 1231 1368 servum
1262 1339 1335 1366 illttm
1372 1339 1450 1372 ﬁeri;
1493 1345 1528 1365 ne
1552 1342 1675 1369 vexetur,

887 1389 1013 1417 diceret:
1043 1387 1128 1415 Fictio
1144 1387 1195 1414 ista
1213 1391 1285 1419 sunt,
1305 1390 1332 1413 et
1356 1390 1515 1421 praeteritus,
1535 1385 1678 1419 turpisque

887 1435 955 1462 lucri
975 1433 1119 1461 velamina.
1133 1433 1262 1466 Quaenam
1287 1432 1443 1467 evangelica
1458 1431 1606 1466 divinaque
1620 1438 1673 1458 vox

887 1481 1034 1513 mandavit,
1049 1479 1186 1515 quodnam
1214 1479 1400 1514 apostolorum
1421 1478 1555 1505 monitum
1571 1477 1676 1505 consti-

889 1527 950 1560 tttit,
962 1527 1115 1562 qualisnam
1133 1525 1241 1553 Patrum
1258 1529 1286 1553 et
1301 1532 1435 1553 canonum
1452 1524 1562 1552 traditio
1576 1523 1675 1551 deﬁni-

848 1571 871 1603 C
888 1573 936 1606 vit,
960 1581 1020 1608 qua:
1044 1573 1132 1601 civilis
1149 1571 1331 1600 lexaszeculo
1357 1570 1457 1603 sanxit,
1485 1574 1515 1598 ut
1541 1569 1674 1608 templum

887 1625 1015 1648 sanctum
1032 1624 1059 1647 et
1074 1618 1399 1658 monasteriumcuipiam
1418 1616 1582 1644 concedatur
1597 1616 1609 1642 ?
1623 1616 1676 1642 Ne-

887 1673 942 1701 que
956 1665 1030 1693 enim
1062 1665 1104 1693 vel
1130 1666 1179 1700 ipsi
1207 1665 1321 1700 gentiles
1346 1663 1519 1699 reperiuntur
1558 1670 1677 1697 unquam

888 1714 951 1742 idoli
965 1713 1095 1748 templum
1116 1713 1197 1741 alicui
1208 1713 1364 1741 tradidisse.
1391 1712 1468 1745 Quod
1484 1712 1566 1747 igitur
1576 1717 1672 1738 contra

888 1763 945 1790 haec
972 1763 1011 1795 t‘tt,
1035 1762 1096 1796 quis
1114 1763 1204 1789 mente
1223 1761 1352 1795 prteditus
1373 1761 1472 1788 bonum
1487 1759 1675 1794 appellaverit,

888 1813 935 1836 aut
946 1808 1128 1839 commodum,
1137 1807 1374 1842 dispensationem,
1385 1805 1593 1841 providentiam,
1606 1805 1679 1832 utili-

889 1859 985 1886 tatem,
1000 1860 1026 1881 et
1042 1854 1307 1886 commodationem;
1336 1860 1367 1880 ac
1384 1860 1437 1880 non
1469 1852 1559 1888 potius
1585 1857 1677 1879 trans-

888 1901 1066 1936 gressionem,
1079 1900 1304 1931 inobcdientiatn,
1332 1899 1502 1933 iniquitatem
1522 1903 1674 1926 extremam

889 1955 919 1975 ac
944 1946 1204 1982 perniciosissimam
1219 1945 1230 1972 ?
1258 1945 1347 1972 Eﬂ'are
1365 1944 1431 1972 mihi
1448 1952 1456 1972 :
1478 1944 1500 1972 si
1528 1945 1551 1972 is
1565 1943 1612 1980 qui
1628 1943 1677 1971 ad-

888 1999 984 2020 versus
1016 1997 1152 2019 terrenum
1165 1991 1356 2025 imperatorem
1376 1989 1531 2022 rebellavit,
1544 1989 1675 2024 pecunias

887 2038 1129 2075 possessionesque
1146 2037 1178 2064 ad
1189 2045 1250 2064 eum
1264 2036 1432 2072 pertinentes
1444 2035 1593 2064 vindicavit
1610 2035 1675 2069 sibi,

887 2084 985 2112 deinde
1003 2083 1151 2110 exercitum
1169 2083 1227 2118 ejus
1245 2082 1332 2117 potuit
1347 2085 1472 2109 avertere
1486 2080 1593 2116 sibique
1603 2087 1673 2108 cort-

888 2130 991 2163 ciliare,
1010 2138 1060 2157 non
1080 2129 1190 2156 omnino
1205 2128 1321 2162 amplius
1337 2128 1559 2162 estimperatoris
1575 2135 1672 2155 servus

888 2177 930 2204 vel
950 2176 1067 2207 amicus,
1086 2175 1133 2202 sed
1161 2174 1290 2202 inimicus
1315 2179 1342 2202 et
1369 2173 1470 2206 hostis;
1497 2173 1542 2207 qui
1571 2173 1677 2201 cmlesli

889 2221 1045 2256 itupcratori
1072 2221 1180 2249 Christo
1209 2220 1263 2247 Deo
1288 2225 1383 2247 nostro
1407 2220 1543 2248 dedicatas
1570 2219 1676 2247 divinas

889 2277 1036 2303 sacrasque
1050 2276 1102 2300 res,
1128 2268 1329 2303 qualescunque
1359 2266 1410 2295 illa:
1435 2271 1511 2298 sunt,
1539 2266 1676 2301 profanat,

888 2315 1050 2348 intervertit,
1067 2315 1150 2341 donat
1168 2314 1240 2346 aliis,
1272 2318 1457 2348 praetereaque
1481 2312 1603 2340 divinum
1631 2319 1678 2339 sa-

887 2368 1019 2396 crumque
1049 2361 1106 2396 ejus
1127 2360 1276 2388 exercitum
1297 2359 1468 2395 (monachos
1494 2363 1522 2386 ct
1544 2358 1678 2386 monialcs

861 2418 864 2421 ‘
890 2409 1033 2444 intelligo)
1058 2417 1109 2436 non
1144 2408 1230 2435 solum
1263 2415 1312 2443 per
1337 2415 1427 2434 rerttm
1457 2406 1676 2434 necessariarum

890 2456 1065 2491 indigentiam
1099 2455 1199 2490 premit
1228 2460 1254 2481 et
1280 2459 1416 2488 angustat,
1443 2453 1491 2480 Sed
1522 2453 1605 2479 etiam
1629 2460 1678 2487 per

890 2503 989 2530 douum
998 2502 1155 2530 hominibus
1166 2502 1191 2528 in
1202 2501 1360 2528 servitutem
1376 2499 1468 2532 tradit,
1490 2505 1678 2534 quantumque

891 2549 917 2576 in
931 2556 960 2576 se
972 2553 1013 2575 est
1035 2552 1130 2575 avocat
1150 2555 1164 2574 a
1179 2546 1281 2574 caelesti
1299 2547 1474 2580 imperatore,
1496 2552 1550 2579 qua
1568 2545 1676 2571 ratione

891 2601 952 2622 esse
965 2600 1011 2621 aut
1024 2594 1076 2622 dici
1093 2599 1180 2629 potest
1202 2591 1392 2620 Christianus?
1410 2591 1456 2620 Sic
1468 2598 1533 2626 ergo
1551 2591 1678 2618 inimicus

624 2673 716 2704 Joan.
736 2674 825 2713 Bapt.
843 2673 992 2705 Cotelerii
1008 2677 1100 2704 notte.

56 2772 61 2776 ι
78 2737 101 2771 (ι
112 2736 137 2776 ἦ)
154 2736 402 2776 xamen-impiger,
420 2736 618 2776 Cltaristicarii,
634 2742 661 2764 et
671 2738 832 2776 charistiea-

48 2772 101 2801 'iue,
120 2771 194 2798 infra
210 2780 217 2798 :
233 2772 331 2805 quibus
350 2772 376 2799 in
394 2773 552 2799 beneﬁcium
566 2778 593 2799 et
607 2773 722 2806 gratiam
740 2773 832 2801 trade-

52 2811 146 2833 iantur
160 2814 192 2833 ac
209 2807 398 2840 prmbebantur
413 2808 593 2840 monasteria;
617 2808 692 2834 laicis
718 2807 774 2835 loca
789 2817 832 2835 sa-

48 2849 87 2867 n-a
101 2851 107 2873 ;
123 2841 304 2873 hcneticiarii,
317 2842 505 2876 przebcndarii.
520 2841 586 2869 Vide
599 2848 652 2868 tum
665 2843 832 2870 Glossarium

48 2876 158 2903 Ioannis
182 2876 302 2908 Menrsii,
326 2882 381 2904 tum
401 2877 587 2904 lialsatnonem
606 2878 640 2904 ad
656 2886 785 2905 canonetn
801 2879 833 2906 19

48 2920 78 2939 ιιι
98 2911 206 2948 synodi,
223 2915 249 2940 et
271 2912 317 2941 Jus
338 2912 596 2941 Graeco-[totumtqu
614 2921 639 2948 p.
658 2913 716 2948 142,
733 2913 794 2942 235i.
812 2915 834 2941 Δ

885 2738 990 2765 Latinis
1018 2738 1213 2770 ablncomites,
1240 2736 1436 2766 ahhicomites;
1464 2735 1574 2762 abbatcs
1599 2735 1671 2768 laici,

885 2774 997 2800 abhatcs
1015 2774 1159 2801 milites.et
1172 2773 1307 2800 ahbatiani
1320 2771 1499 2805 appellantur.
1517 2771 1545 2797 In
1559 2770 1676 2797 concilio

885 2808 1027 2840 Meldensi,
1042 2807 1208 2835 Antichristi
1224 2813 1251 2834 et
1270 2806 1417 2842 apocryphi
1435 2810 1565 2842 rectores.
1584 2805 1674 2842 Betim,

887 2843 924 2870 De
939 2844 1023 2876 laicis,
1044 2850 1095 2870 non
1112 2843 1236 2870 monachi
1252 2840 1299 2870 sed
1312 2841 1432 2871 abbales.
1450 2841 1577 2877 Egberto,
1591 2840 1678 2868 abbas

887 2883 927 2907 tes
941 2879 999 2908 sine
1011 2879 1113 2908 ordine.
1129 2878 1195 2907 Aliis
1210 2878 1298 2907 aliter.
