1875 3056
70 146 136 177 illi

460 145 510 175 DE
531 143 794 174 MONASTERIIS
813 143 941 174 LAICIS
962 144 1040 175 NON
1057 144 1289 176 TRADENDIS.

1623 145 1699 180 ill?

69 206 120 239 τῆς
141 203 226 239 μονῆς
243 203 413 239 προεστῶτος
429 202 475 229 καὶ
491 202 545 229 τῶν
565 202 809 237 ἀδελφῶν,δοκιμά

951 202 1055 230 :nnium
1075 203 1214 237 probetur,
1243 211 1276 231 an
1302 203 1358 232 fieri
1371 203 1460 239 possit
1479 204 1648 240 monachus;
1663 211 1691 234 et

70 251 133 278 σθαι
157 251 184 277 δὲ
208 250 289 277 αὐτὸν
307 250 353 276 ἐπὶ
379 249 500 285 τριετίαν
515 249 592 284 ὅλην,
608 249 633 276 εἰ
647 249 758 276 δύναται
776 248 854 281 γενέ-

71 297 135 324 σθαι
153 296 271 332 μοναχός
284 303 293 310 ·
310 295 358 322 καὶ
381 296 406 322 εἰ
433 295 483 331 μὲν
500 296 572 330 φανῇ
600 294 766 330 ἐπιτήδειος,
788 295 856 322 ἀπο-

71 342 224 378 κείρεσθαι,
240 341 288 368 καὶ
300 341 339 376 τῷ
353 341 448 377 κλήρῳ
459 341 514 368 τῶν
535 340 707 376 μοναζόντων
720 349 856 375 συγκατα-

72 388 198 423 λέγεσθαι
220 395 228 404 ·
255 388 280 414 εἰ
306 387 329 414 δ’
356 386 400 426 οὒ,
438 387 660 423 ἐπαναστρέφειν
682 387 762 414 αὑτὸν
794 387 857 415 ὅθεν

72 435 196 472 ἐλήλυθε.
225 435 280 462 Καὶ
301 434 476 470 ἀποκαρέντα
500 434 529 461 δὲ
550 434 656 467 τοῦτον,
674 435 688 462 ὁ
714 433 857 469 προεστὼς

72 481 241 517 παραδίδωσί
270 490 323 508 τινι
354 481 409 508 τῶν
443 481 494 516 τὴν
527 480 680 516 ἀσκητικὴν
711 480 784 516 ζωὴν
810 480 856 506 καὶ

72 528 175 563 ἀρετὴν
203 527 431 563 κατορθωκότων,
450 527 498 553 ἐπὶ
512 527 550 562 τῷ
577 527 784 561 στοιχειωθῆναι
811 526 857 554 ὑπ’

72 573 157 600 αὑτοῦ
186 574 225 605 είς
246 573 295 609 τὴν
313 573 413 608 τέχνην
439 573 493 599 τῶν
514 573 617 608 τεχνῶν
637 573 684 600 καὶ
702 573 858 608 ἐπιστήμην

71 618 127 645 τῶν
147 619 308 655 ἐπιστημῶν
335 627 342 634 ·
367 619 439 654 φημὶ
452 619 489 654 Ιδὴ
511 619 560 655 τὴν
581 620 731 655 μοναχικὴν
749 619 857 654 φιλοσο-

72 665 150 698 φίαν.
173 665 288 692 Κελλιου
317 665 345 692 δὲ
379 666 535 698 ἰδιαζόντως
563 666 624 692 τότε
653 666 787 699 ἀξιοῦται,
813 666 858 693 ὅτε

72 711 174 746 δηλαδὴ
199 712 295 747 ἀρκεῖν
310 713 392 739 αὑτὸν
407 712 497 748 ἑαυτῷ
510 713 550 745 εἰς
567 712 705 748 σωτηρίαν
721 712 798 748 παρὰ
811 713 858 740 τοῦ

73 758 247 792 προεστῶτος
275 758 447 793 κριθήσεται.
483 759 538 785 Καὶ
572 758 643 785 οὕτω
669 758 719 794 μὲν
745 759 760 784 ὁ
786 758 858 793 ίερδς

73 803 174 838 θεσμός
201 812 230 830 τε
260 804 306 830 καὶ
334 803 460 838 θεμέλιος
491 804 563 839 ἀρχή
595 813 625 831 τε
647 805 694 830 καὶ
721 803 784 839 ῥίζα
809 804 859 839 τῆς

73 850 150 882 θείας
173 850 298 882 εὐζωῖας.
319 850 352 877 Ἦ
374 850 403 877 δὲ
417 850 536 885 ἄθεσμος
554 849 682 886 πονηρία,
697 849 742 877 τὸν
757 849 859 885 θεσμὸν

73 897 238 933 ἀναιροῦσα,
257 897 422 932 πρόσταγμα
443 897 582 932 ἔγγραφον
600 897 775 932 καταπέμπει
791 897 859 933 πρὸς

72 944 120 970 τὸν
137 943 299 978 ἡγούμενον,
316 943 417 969 οὑτωσὶ
428 943 568 978 περιέχον·
580 943 625 970 τὸν
636 943 710 970 δεῖνα
724 943 860 979 ἐτάξαμεν

73 988 195 1023 ἀδελφὸν
211 990 251 1020 είς
265 989 315 1024 τὴν
342 988 389 1023 ὑφ’
413 989 486 1024 ἡμᾶς
508 988 558 1023 [aL
577 988 638 1015 καθ’
659 988 744 1024 ὑμᾶς]
763 989 859 1024 μονὴν,

73 1035 122 1061 καὶ
138 1034 188 1068 [σί.
202 1033 263 1070 τὴν]
278 1035 364 1066 δεῖνα,
380 1035 427 1060 καὶ
441 1034 586 1069 παράλαϐε
608 1034 703 1068 αὑτὸν,
720 1033 860 1070 καθηγού-

74 1090 153 1116 μενε,
171 1081 219 1108 καὶ
234 1081 396 1116 ἁπόκειρον,
412 1082 460 1108 καὶ
476 1081 605 1116 πάρασχε
617 1081 692 1117 αὑτῷ
709 1081 803 1108 κελλία
820 1082 861 1113 είς

72 1127 180 1155 οἰκείαν
204 1128 364 1163 καταμονὴν
386 1127 435 1155 καὶ
451 1127 605 1155 ἀνάπαυσιν
622 1137 629 1144 ·
652 1127 814 1162 λαμϐανέτω
833 1127 861 1154 δὲ

74 1176 124 1202 καὶ
141 1175 233 1208 αὐτὸς,
248 1175 275 1202 ll.’
286 1183 314 1202 τι
330 1174 378 1201 καὶ
393 1174 418 1201 οί
433 1174 524 1201 λοιποὶ
537 1174 649 1208 ἀδελφοὶ⁸
665 1174 837 1210 λαμϐάνουσι
851 1182 860 1190 ⁸

73 1221 190 1256 ποίησον
206 1220 235 1248 δὲ
257 1221 304 1248 καὶ
319 1214 351 1248 τό
367 1218 428 1248 ἴσον
451 1220 500 1255 τῆς
512 1220 655 1255 παρούσης
677 1220 757 1256 ἡμῶν
774 1229 861 1256 προσ-

72 1268 190 1301 τάξεως,
208 1267 256 1294 καὶ
271 1267 364 1299 ἐπίδος
389 1267 428 1302 τῷ
448 1266 564 1303 τοιούτῳ
580 1267 621 1298 είς
636 1267 796 1302 ἀσφάλειαν.
807 1267 862 1294 Καὶ

75 1312 167 1339 ταῦτα
182 1312 244 1347 μὲν,
262 1312 309 1339 ὲάν
325 1320 368 1343 τις
384 1311 439 1339 τῶν
456 1311 663 1347 εὐλαϐεστέρων
679 1312 722 1347 εἴη
736 1320 861 1348 χαριστι-

75 1359 194 1394 καρίων,
213 1359 238 1385 εί
252 1359 281 1385 δὲ
300 1359 356 1385 τῶν
370 1358 457 1391 ἄλλως
472 1360 590 1394 ἑχόντων
603 1361 690 1390 ἐστὶν.
708 1360 769 1386 οὐδὲ
780 1359 862 1394 ψιλῆς

74 1406 259 1441 προσρήσεως
289 1405 335 1432 τὸν
357 1405 511 1440 ἡγούμενον
536 1405 628 1438 ἀξιοῖ·
656 1405 725 1432 ἀλλὰ
743 1406 811 1440 πρὸς
832 1406 862 1432 ὃν

73 1451 212 1486 ἐπέστησε
229 1451 263 1478 τὰ
278 1450 330 1485 τῆς
352 1451 437 1485 μονῆς
457 1450 633 1485 προνοεῖσθαι
650 1450 796 1486 ἄνθρωπον
813 1450 863 1477 αὐ-

72 1497 135 1529 τοῦ,
151 1496 180 1524 τὸ
196 1497 280 1532 ῥηθὲν
291 1496 452 1523 ἀποστέλλει
467 1495 635 1532 πρόσταγμα
648 1505 655 1513 ’
669 1497 730 1524 οὐδὲ
745 1497 770 1523 εί
788 1495 862 1523 ἔστιν

905 248 1051 284 siquidem
1068 249 1141 277 visus
1158 248 1239 276 fuerit
1255 249 1377 281 itl0ueus,
1404 249 1558 284 tondeatur,
1579 255 1608 279 et
1631 258 1692 279 coo-

907 300 998 332 ptetur
1015 295 1049 322 ad
1069 296 1264 323 monachorum
1288 295 1452 330 collegium;
1471 296 1512 324 sin
1539 297 1631 325 minus
1646 304 1690 324 re-

906 342 969 370 deat
986 343 1056 370 unde
1079 341 1216 377 profectus
1229 347 1281 370 est.
1309 342 1369 370 lam
1391 350 1454 371 vero
1477 347 1583 371 tonsum
1614 343 1694 371 illum

908 388 1068 424 praepositus
1081 387 1163 416 tradit
1190 388 1297 416 cuidam
1326 396 1420 416 eorum
1451 389 1496 423 qui
1521 389 1548 416 in
1572 390 1694 417 aseetica

907 435 962 463 vita
989 438 1016 462 et
1027 435 1126 462 virtute
1145 434 1313 470 praecellunt,
1328 439 1357 462 ut
1372 435 1406 463 ab
1432 442 1464 462 eo
1479 435 1636 463 instituatur
1664 436 1693 463 in

907 486 967 509 arte
982 481 1080 508 artium
1105 489 1137 508 ac
1166 481 1283 509 scientia
1308 481 1509 514 scientiarum;
1528 482 1692 514 monastica.

908 527 1030 561 inquam,
1057 526 1210 562 disciplina.
1231 525 1307 554 Tunc
1332 534 1396 554 vero
1416 533 1542 556 seorsum
1557 526 1625 554 cella
1643 527 1694 554 do-
1748 543 1756 553 ι

908 579 998 606 natur,
1012 574 1120 609 quando
1135 579 1231 608 nempe
1243 573 1301 607 ipse
1319 572 1369 600 sibi
1387 572 1419 599 ad
1437 572 1551 600 salutem
1569 572 1694 600 sullicere

909 627 923 648 a
937 620 1063 656 praefecto
1074 619 1250 655 judicabitur.
1272 619 1362 654 Atque
1375 619 1411 646 ita
1424 618 1533 654 quidem
1545 625 1623 646 sacra
1636 618 1695 651 lex.

909 667 1125 699 fundamentum,
1145 666 1307 702 principium
1327 671 1355 694 et
1372 666 1447 693 radix
1468 665 1567 694 divinat
1593 666 1698 693 beata:-

909 721 962 749 que
986 714 1058 742 vitae.
1084 715 1117 741 At
1139 714 1216 742 exlex
1241 713 1343 741 malitia
1358 714 1445 748 legem
1463 717 1601 746 evertens,
1614 719 1694 740 man-

909 762 1000 789 datum
1028 762 1158 796 seriptum
1176 761 1209 788 ad
1236 761 1415 796 hegumenum
1451 767 1498 787 seu
1517 760 1696 795 praepositum

910 805 1003 838 mittit,
1027 806 1099 840 quod
1120 806 1158 833 ita
1184 805 1393 841 complectitur:
1412 804 1488 832 illum
1504 805 1695 832 constituimus

910 851 1023 879 fratrem
1041 852 1067 879 in
1083 851 1247 878 monasterio
1265 856 1359 879 nostro
1372 850 1418 878 illo
1433 859 1440 883 ;
1455 855 1481 878 et
1497 850 1605 885 suscipe
1620 857 1694 882 eum,

911 897 1065 934 praeposite,
1078 905 1111 925 ac
1128 898 1255 930 tonde,et
1270 898 1346 925 trade
1354 897 1378 924 ei
1393 896 1475 925 cellas
1485 896 1511 924 in
1523 896 1696 924 mansionem

911 951 987 970 suam
1012 947 1040 970 et
1065 943 1208 977 requiem:
1235 942 1294 978 ipse
1320 942 1402 970 etiam
1419 941 1536 977 accipiat
1565 940 1696 976 quidquid

911 989 1008 1024 reliqui
1019 989 1117 1017 fratres
1134 989 1270 1024 accipiunt
1287 997 1295 1017 :
1321 988 1402 1016 facito
1424 994 1532 1023 quoque
1542 986 1696 1021 exemplum

912 1035 1023 1070 hujusce
1040 1035 1125 1063 nostri
1142 1035 1274 1068 mandati,
1291 1042 1324 1062 ac
1350 1033 1467 1070 prebeto
1488 1033 1533 1061 tali
1558 1033 1592 1060 ad
1619 1039 1698 1060 secu-

912 1081 1032 1109 ritatem.
1056 1081 1146 1117 Atque
1162 1081 1221 1109 hzee
1236 1081 1358 1116 quidem,
1389 1081 1412 1107 si
1428 1079 1474 1108 ille
1493 1079 1564 1106 inter
1587 1078 1697 1114 religio-

913 1129 1000 1156 siores
1031 1127 1236 1155 charisticarios
1260 1127 1349 1155 locum
1377 1130 1461 1154 tenet.
1484 1125 1552 1153 Nam
1575 1124 1600 1153 si
1623 1125 1697 1152 inter

912 1174 992 1202 aliter
1013 1173 1124 1202 affectos
1147 1178 1286 1206 censetur,
1299 1180 1387 1207 neque
1398 1171 1514 1207 simplici
1529 1171 1701 1200 salutatione

912 1220 1092 1255 hcgumenum
1109 1220 1255 1255 dignatur;
1271 1220 1318 1248 sed
1333 1221 1364 1247 ad
1376 1227 1437 1247 eum
1453 1225 1532 1254 quem
1555 1217 1699 1246 constituit

912 1273 942 1295 ut
959 1267 1038 1295 rebus
1048 1267 1363 1301 monasteriiprovideat,
1380 1265 1519 1293 hominem
1535 1271 1625 1297 suum,
1638 1270 1699 1291 me-

914 1316 1047 1342 moratum
1062 1312 1144 1339 mittit
1159 1304 1312 1339 mandatum
1325 1320 1332 1342 ς
1356 1318 1444 1345 neque
1459 1318 1494 1337 an
1508 1309 1545 1337 sit
1565 1309 1696 1344 prmposi-

914 1360 956 1383 tus
971 1355 1082 1391 cogitat.
1100 1355 1305 1384 Labefactatum
1330 1355 1413 1391 igitur
1435 1354 1507 1382 illico
1521 1357 1563 1382 est
1593 1353 1698 1388 princi-

912 1401 999 1436 pium,
1026 1401 1196 1429 subtractum
1218 1399 1270 1428 fuit
1292 1399 1497 1427 fundamentum
1521 1399 1607 1427 divini
1627 1399 1696 1427 aedi-

914 1446 980 1479 ﬁcii,
997 1451 1025 1474 et
1041 1445 1117 1474 radix
1126 1446 1244 1475 exaruit.
1255 1444 1429 1473 Labefactato
1443 1450 1534 1473 autem
1549 1445 1695 1479 principio,

913 1499 1024 1520 necesse
1037 1495 1077 1519 est
1094 1491 1174 1519 simul
1185 1491 1340 1518 labefactari
1358 1495 1440 1518 totum
1454 1499 1462 1524 ;
1478 1490 1610 1518 subducto
1635 1490 1698 1518 fun-

72 1541 241 1578 ἡγούμενος,
260 1541 480 1577 καθηγούμενος.
497 1541 640 1576 Διέᾳθειρε
654 1541 704 1577 [αι.
721 1542 812 1576 διέφθο

959 1542 1051 1571 nenlo,
1067 1538 1149 1565 etiam
1176 1537 1319 1564 aedilicium
1344 1537 1501 1564 necessario
1528 1536 1652 1570 corruit;
1671 1540 1699 1564 et

72 1588 142 1623 γοῦν
160 1588 320 1624 παραυτίκα
338 1589 355 1624 ἡ
373 1588 445 1624 ἀρχὴ
457 1609 465 1621 ,
484 1587 531 1615 κα)⁸
547 1588 672 1623 ὑπεσύρη
695 1590 709 1615 ὁ
735 1588 860 1624 θεμέλιος

71 1635 126 1670 τῆς
149 1634 226 1666 θείας
251 1634 408 1669 οἰκοδομῆς,
432 1633 480 1660 καὶ
505 1634 522 1668 ἡ
546 1633 608 1669 ῥίζα
623 1634 782 1669 ἐξήρανται.
805 1635 861 1670 Τῆς

72 1681 165 1717 ἀρχῆς
180 1680 209 1708 οὲ
224 1680 425 1718 διαφθαρείσης
435 1699 443 1712 ,
460 1679 566 1716 ἀνάγκη
582 1680 814 1716 συνδιαφθαρῆναι
831 1681 861 1707 τδ

72 1728 131 1754 πᾶν
141 1735 148 1742 ι
162 1727 211 1754 καὶ
225 1726 271 1753 τοῦ
288 1725 416 1762 θεμελίου
431 1725 666 1758 ὑποσπασθέντος,
690 1725 798 1760 ἀνάγκη
813 1726 861 1752 καὶ

71 1774 125 1808 τὴν
148 1773 294 1808 οἰκοδομὴν
323 1771 575 1807 συγκατενεχθῆναί
591 1779 598 1787 ·
629 1773 676 1798 καὶ
698 1771 749 1806 τῆς
781 1770 860 1806 ῥίζης

73 1819 271 1855 ξηρανθείσης,
289 1819 397 1855 ἀνάγκη
419 1820 467 1846 καὶ
484 1819 515 1846 τὸ
531 1819 656 1854 δένδρον·
680 1819 785 1855 ἤργησε
806 1817 861 1854 γὰρ

71 1867 185 1899 αὐτίκα,
200 1867 274 1893 πᾶσα
288 1866 469 1898 θεόπνευστος
483 1863 645 1893 διδασκαλία
665 1866 719 1892 τῶν
728 1874 860 1902 προειρη-

74 1911 167 1945 μένων
191 1909 344 1937 θεσπεσίων
368 1910 512 1945 Πατέρων,
539 1909 606 1944 περὶ
631 1909 785 1945 ἀποταγῆς,
814 1910 860 1937 καὶ

72 1954 227 1989 ὑποταγῆς,
248 1954 296 1980 καὶ
312 1953 499 1988 είσαγωγικῆς
517 1953 725 1988 στοιχειώσεως,
744 1955 792 1981 καὶ
815 1954 861 1982 ὲκ-

72 2000 164 2033 κοπῆς
187 1999 341 2034 θελήματος
363 1998 534 2026 συντεθεῖσα.
551 1999 661 2026 Τούτων
685 1999 715 2025 δὲ
738 2000 776 2035 μὴ
791 2008 860 2036 προ-

73 2044 260 2080 ῡπαρξάντων
289 2044 328 2079 τῷ
360 2045 477 2080 μονάσαι
509 2044 624 2077 θέλοντι,
657 2045 719 2072 οὐδὲ
743 2045 808 2072 ἄλλο
833 2054 861 2073 τι

72 2089 188 2123 πάντως
200 2090 297 2126 ἕψεται
310 2090 364 2118 τῶν
378 2090 459 2118 θείων
475 2090 524 2118 τοῦ
539 2091 730 2126 πνευματικοῦ
751 2093 799 2120 καὶ
812 2101 860 2128 μο-

71 2137 190 2172 ναχικοῦ
208 2137 292 2172 νόμου
312 2137 564 2174 παραγγελμάτων.
581 2138 637 2174 Τῆς
657 2139 713 2175 γὰρ
725 2139 772 2166 τοῦ
794 2149 861 2174 προ-

71 2184 197 2215 εστῶτος
218 2183 346 2215 ἐξουσίας
373 2183 550 2220 ἀνῃρημένης
576 2183 629 2211 ὑπὸ
654 2184 704 2219 τῆς
722 2186 861 2221 κοσμικῆς

71 2229 214 2261 ἐξουσίας,
229 2228 267 2260 ὡς
283 2228 404 2264 εἴρηται,
421 2229 471 2264 τῆς
482 2230 642 2265 σωματικῆς
657 2238 687 2257 τε
699 2231 794 2266 χρείας
804 2232 861 2264 τοῖς

74 2276 207 2311 μοναχοϊς
222 2275 271 2310 οὑχ
284 2274 329 2302 ὑπ’
343 2274 438 2307 αὑτοῦ,
449 2275 506 2303 ἀλλ’
522 2275 575 2303 ὑπὸ
590 2276 638 2303 τοῦ
652 2278 860 2313 χαριστικαρίου

72 2321 280 2356 παρεχομένης,
306 2321 348 2353 τίς
374 2321 466 2348 αὐτῶν
481 2321 520 2358 τῷ
536 2324 689 2358 προεστῶτι
712 2325 860 2360 προσέξεις

72 2367 119 2398 τίς
143 2367 348 2402 φοϐηθήσεται;
364 2367 405 2399 τίς
423 2369 485 2400 ταῖς
506 2368 628 2400 ἐντολαῖς
643 2369 726 2396 αὐτοῦ
747 2370 862 2406 πειθαρ-

71 2414 166 2448 χήσει;
181 2411 224 2443 τίς
236 2412 423 2446 πνευματικὸν
433 2413 571 2448 καυτῆρα,
585 2413 601 2449 ἢ
614 2414 713 2450 τομὴν,
725 2415 742 2450 ἢ
759 2415 862 2451 μικρὰν

72 2457 144 2492 γοῦν
161 2457 323 2493 ἐπιτίμησιν
338 2458 538 2493 καταδέξεται;
557 2460 661 2487 τούτων
686 2461 715 2488 δὲ
736 2461 784 2489 καὶ
805 2462 862 2489 τῶν

73 2504 209 2530 τοιούτων
224 2505 418 2540 ἀνῃρημένων,
436 2505 545 2541 ἀνάγκη
565 2506 625 2532 ἐστὶ
641 2507 734 2534 λοιπὸν
746 2527 753 2540 ,
770 2509 862 2535 πᾶσαν

72 2552 127 2584 τὴν
149 2550 300 2586 μοναχικὴν
315 2551 360 2578 καὶ
378 2551 532 2587 ἀσκητικὴν
548 2553 688 2581 πολιτείαν
712 2555 759 2581 καὶ
775 2554 862 2582 κατά·
881 2553 894 2559 “

74 2605 172 2623 στασιν
186 2596 314 2639 ,οἴχεσθαι
337 2597 514 2634 πανωλεθρίᾳ
524 2607 531 2614 ·
546 2599 632 2635 μόνην
647 2600 695 2635 τὴν
713 2601 862 2637 περιϐολὴν

71 2642 112 2673 ὡς
127 2643 300 2677 προσωπεῖον
315 2644 526 2678 περικειμένους
545 2645 617 2672 κατὰ
630 2646 676 2672 τὸν
689 2646 742 2678 ἔξω
753 2647 861 2682 ἄνθρω-

73 2695 138 2714 πον.
164 2687 246 2713 Ἀλλὰ
263 2687 311 2714 καὶ
327 2687 396 2722 αὑτὴ
411 2689 428 2722 ἡ
449 2689 549 2720 ἔξωθεν
567 2689 719 2724 μόρφωσις,
737 2690 863 2725 ἀπήρξα-

70 2740 106 2760 το
120 2733 170 2769 ἤδη
188 2733 370 2767 ἀφανίζεσθαι
380 2742 386 2748 ⁸
404 2733 442 2765 ὡς
458 2734 532 2761 ἐστιν
543 2735 610 2770 ὀρᾷν
624 2737 664 2768 εἰς
676 2736 711 2763 τὰ
724 2736 856 2764 δεδουλω-

73 2779 146 2815 μένα
163 2779 309 2814 κοσμικοῖς
328 2780 513 2816 μοναστήρια.
535 2781 702 2818 Ἰσαρίθμιοι
727 2783 782 2818 γάρ
808 2785 861 2811 εἱσι

73 2823 171 2860 σχεδὸν
187 2825 245 2856 τοῖς
260 2825 389 2860 μοναχοῖς
400 2826 425 2852 ot
443 2827 636 2862 ὲνταττόμενοι
651 2829 727 2864 παρὰ
741 2830 796 2856 τῶν
814 2829 861 2865 βα-

74 2871 174 2899 σιλέων
196 2871 242 2897 καὶ
256 2871 473 2906 χαριστικῖρίων
487 2875 618 2910 κοσμικοὶ
629 2875 740 2910 ἀδελφοὶ
755 2877 861 2911 ὲσωμο-

914 1582 1006 1610 radice
1026 1581 1153 1615 arefacta,
1174 1581 1244 1608 idem
1261 1588 1373 1609 necesse
1387 1585 1429 1608 est
1443 1581 1582 1616 contingat
1594 1580 1697 1608 arbori.

914 1627 975 1655 Mox
988 1628 1061 1656 enim
1088 1627 1204 1655 cessavit
1218 1626 1307 1654 omnis
1333 1626 1464 1654 divinitus
1481 1626 1614 1661 inspirata
1625 1633 1699 1661 pra:-

914 1676 1048 1704 dictorum
1077 1678 1233 1702 sanctorum
1268 1674 1378 1700 Patrum
1408 1671 1530 1700 doctrina
1541 1678 1557 1705 ,‘
1577 1680 1637 1708 quas
1664 1672 1698 1700 de

914 1722 1127 1753 renuntiatione,
1136 1720 1301 1754 obedientia,
1310 1720 1507 1749 introducloria
1518 1719 1698 1752 institutione,

915 1777 945 1796 ac
958 1769 1097 1796 excisione
1111 1767 1259 1795 voluntatis
1274 1767 1341 1803 agit.
1367 1767 1430 1795 Hth
1443 1771 1535 1795 autem
1550 1766 1577 1794 in
1593 1773 1626 1794 eo
1652 1765 1704 1800 qui

914 1815 1091 1843 monasticam
1119 1814 1202 1842 vitam
1228 1814 1328 1842 ducere
1353 1815 1411 1842 vult
1428 1815 1453 1842 si
1480 1821 1533 1842 non
1555 1813 1698 1848 prreexsti-

913 1861 1008 1893 terint,
1036 1867 1124 1896 neque
1147 1859 1221 1887 aliud
1248 1859 1360 1887 omnino
1387 1860 1539 1888 divinorum
1567 1858 1700 1894 spiritalis

913 1912 942 1936 et
958 1906 1115 1936 monasticae
1131 1905 1199 1941 legis
1219 1910 1416 1940 praeceptorum
1438 1908 1578 1940 sequetur.
1593 1903 1698 1938 Quippe

913 1954 1064 1989 superioris
1095 1953 1258 1981 auctoritate
1278 1960 1327 1988 per
1353 1951 1511 1980 Stecularem
1537 1954 1698 1986 potestatem

914 2000 1030 2032 sublata,
1051 1999 1122 2027 sicut
1138 1999 1240 2027 dictum
1266 2003 1320 2031 est,
1338 2003 1365 2026 et
1383 1997 1518 2033 corporali
1532 1995 1698 2025 necessitate

915 2054 967 2074 non
983 2053 1030 2081 per
1048 2046 1146 2080 ipsum,
1171 2044 1219 2072 sed
1239 2052 1287 2079 per
1301 2044 1522 2073 eharisticurium
1554 2043 1699 2071 monachis

914 2092 1038 2128 praebita,
1058 2092 1120 2127 quis
1131 2099 1224 2119 eorntn
1239 2091 1277 2119 illi
1301 2091 1423 2119 attendet
1434 2091 1446 2118 Ἰ
1456 2091 1523 2124 Quis
1536 2098 1598 2119 eum
1615 2090 1700 2117 time-

913 2137 974 2167 bit?
996 2137 1060 2172 Quis
1076 2137 1274 2172 obtemperahit
1299 2137 1435 2164 mandatis
1449 2137 1532 2171 ejus?
1558 2136 1625 2170 Quis
1644 2135 1701 2171 spi-

915 2185 1019 2214 ritalem
1035 2189 1183 2217 cauterem,
1200 2185 1242 2213 vel
1262 2185 1421 2216 sectionem,
1450 2184 1492 2213 vel
1507 2191 1618 2219 parvam
1634 2190 1700 2210 sano

878 2225 900 2253 υ
916 2232 1155 2268 reprehensionem
1179 2231 1330 2259 admittet?
1347 2231 1396 2259 llis
1416 2239 1482 2259 vero
1496 2238 1527 2259 ac
1542 2229 1699 2265 huiusmodi

913 2279 1038 2312 sublatis,
1067 2279 1130 2305 inde
1161 2285 1273 2306 necesse
1304 2281 1356 2310 est,
1383 2284 1492 2305 omnem
1521 2275 1699 2304 monasticam

913 2325 1113 2359 asceticamque
1133 2324 1215 2351 vitam
1237 2329 1263 2351 et
1281 2323 1480 2352 institutionem
1509 2323 1600 2359 perire
1633 2322 1698 2350 fun-

912 2371 1006 2404 ditus;
1032 2374 1114 2405 atque
1129 2370 1274 2398 monachos
1303 2371 1361 2398 solo
1388 2369 1552 2398 circumdari
1584 2368 1697 2401 amictu,

914 2417 1000 2444 instar
1016 2416 1108 2449 larvae,
1126 2416 1274 2444 secundum
1288 2416 1452 2444 exteriorem
1480 2416 1629 2444 hominem.
1642 2414 1697 2443 Sed

912 2471 940 2494 et
954 2467 1011 2502 ipsa
1029 2466 1150 2494 exterior
1176 2464 1432 2500 formatura,cmpit
1450 2464 1506 2499 jam
1515 2470 1695 2492 evanescere:

913 2517 941 2540 ut
959 2519 1071 2539 cernere
1095 2512 1174 2539 datur
1198 2511 1224 2538 in
1250 2510 1424 2538 monasteriis
1437 2517 1497 2546 qua:
1521 2510 1698 2538 saecularibus

912 2558 1043 2598 serviunt.
1073 2557 1132 2585 Non
1152 2557 1261 2585 totidem
1280 2556 1338 2584 fere
1355 2563 1387 2584 ac
1409 2555 1534 2584 monachi
1563 2560 1636 2589 sunt,
1652 2557 1697 2590 qui

913 2605 948 2633 ab
970 2604 1181 2639 imperatoribus
1202 2608 1230 2632 et
1241 2603 1438 2632 charistieariis
1451 2602 1621 2632 collocantur
1642 2609 1695 2630 stc-

913 2650 1020 2678 culares
1047 2650 1158 2682 fratres,
1183 2650 1255 2677 intra
1269 2650 1464 2678 monasterium
1494 2650 1649 2679 habitantes
1670 2652 1697 2676 ct

912 2699 989 2722 extra
1011 2695 1206 2723 monasterium
1222 2700 1373 2723 manentes.
1387 2696 1475 2731 Atque
1487 2696 1558 2724 intra
1573 2700 1697 2724 sanctam

913 2740 1075 2774 mandratn;
1094 2748 1110 2767 ο
1125 2748 1180 2768 rem
1199 2741 1362 2768 absurdam!
1387 2741 1532 2769 sreculares
1562 2745 1697 2772 mactant,

913 2792 1022 2812 carnem
1049 2786 1205 2818 comedunt,
1245 2786 1392 2820 tragoedias
1422 2792 1514 2822 agunt,
1544 2790 1697 2820 cunctaque

912 2830 1052 2858 saecularia
1068 2831 1190 2859 instituta
1205 2836 1402 2867 persequuntur
1413 2839 1474 2860 cum
1488 2832 1561 2860 omni
1574 2833 1697 2862 licentia.

914 2877 945 2905 lit
957 2877 1018 2912 quis
1037 2878 1159 2915 ambigit,
1176 2879 1240 2914 quin
1266 2878 1431 2916 procedente
1443 2883 1562 2914 tempore
1574 2887 1605 2908 ac
1626 2879 1696 2908 malo
