1875 3056
46 122 118 155 1161

561 129 703 160 ORATIO
722 130 736 160 Ι
756 130 905 161 CONTRA
926 131 1131 165 ARMENIOS.

1605 137 1673 171 llb2

40 181 135 215 δεῖξαι
150 182 308 219 δυνήσονται
320 184 345 211 οῖ
358 184 492 220 αἱρετικοὶ
506 186 654 222 Ἀρμένιοι,
666 187 696 214 τὺ
705 188 828 222 πανάγιοπ

919 197 989 224 ιτριις
1015 193 1137 225 tempore
1163 192 1306 226 passionis,
1328 193 1545 229 inseparabiliter
1566 196 1620 226 Deo
1640 206 1672 227 ae

41 227 129 262 σῶμα
139 228 258 263 Χριστοῦ
275 229 322 256 τοῦ
335 230 403 258 Θεοῦ
419 232 449 258 ὲν
463 232 502 267 τῷ
519 233 608 268 καιρῷ
620 233 667 261 τοῦ
686 235 788 266 πάθους
808 235 837 261 ἐν

41 273 175 308 οὐρανοῖς
189 275 351 311 άχωρίστως
371 277 409 312 τῷ
419 277 479 313 Θεῷ
497 279 545 306 καὶ
564 280 652 315 Πατρὶ
668 280 838 314 συγκαθεζό-

49 327 137 353 μενον
149 321 220 355 μετὰ
229 322 279 356 τῆς
290 322 428 358 θεότητος,
444 324 491 351 καὶ
502 324 530 350 ἐν
541 324 580 360 τῷ
594 325 683 361 τάφῳ,
700 326 746 353 καὶ
759 326 788 352 ὲν
798 325 836 360 τῷ

41 364 100 400 ᾄδῃ
117 365 187 400 μετὰ
204 366 253 401 τῆς
265 366 366 402 ψυχῆς,
380 369 429 395 καὶ
442 370 472 396 ἐν
487 369 526 405 τῷ
540 370 700 407 παραδείσῳ
709 373 777 407 μετὰ
788 375 835 401 τοῦ

41 411 159 448 λῃστοῦ,
189 414 331 449 πανταχοῦ
362 415 506 451 ἀνελλιπῆ,
535 417 583 444 καὶ
608 418 761 453 ἀχώριστον
786 421 836 448 καὶ

42 458 213 494 ἀδιαίρετον,
232 459 326 495 ὥσπερ
341 462 386 488 καὶ
402 463 434 498 τῇ
457 462 564 498 θεότητι
583 464 622 499 (5)
637 465 720 492 αὐτοῦ
732 474 740 482 ο
755 466 834 502 εὔδη-

41 503 93 529 λον
105 504 145 531 ὅτι
159 504 232 540 καὶὴ
249 505 317 541 σὰρξ
333 506 416 533 αὑτοῦ
428 506 507 541 φύσει
524 507 651 543 θεότητος
666 510 772 544 γέγονε.
801 512 832 539 El

40 549 73 575 δὲ
93 551 120 576 ἐν
131 550 169 585 τῷ
184 551 261 586 τάφῳ
277 552 368 579 ἔκειτο
386 553 492 588 νεκρὸν,
515 553 562 580 καὶ
572 554 675 590 ἄψυχον
685 576 694 589 ,
712 557 760 582 καὶ
773 557 834 584 ἀκί-

41 604 138 629 νητον,
153 597 200 623 καὶ
211 597 273 624 οὕτε
285 599 314 624 ὲν
330 599 459 634 οὐρανοῖς
474 600 512 634 τῷ
524 600 583 635 Θεῷ
599 601 646 628 καὶ
662 601 749 637 Πατρὶ
761 603 834 637 ἀχώ-

42 651 141 678 ριστον
167 644 375 677 συνεκαθέζετο,
392 644 453 672 οὔτε
479 647 508 672 ὲν
528 646 566 681 τῷ
583 647 634 683 ᾄδῃ
660 647 729 683 μετὰ
745 648 836 684 ψυχῆς

38 684 89 722 ἦν,
103 688 164 714 οὔτε
177 689 207 715 ἐν
222 690 380 725 παραδείσῳ
391 691 462 724 μετὰ
481 691 527 718 τοῦ
543 691 643 727 λῃστοῦ
659 699 667 707 ο
684 692 742 719 ἀλλ’
755 693 784 719 ὲν
795 693 834 727 τῷ

39 735 124 770 τάφῳ
138 735 212 771 μόνῳ
228 737 417 771 περιγραπτδν
430 737 575 765 κατέκειτο
588 746 595 754 ·
614 738 674 770 πῶς
694 738 745 766 οὐκ
763 738 834 766 εἰσὶν

39 778 119 808 οὗτοι
131 781 245 816 ψεῦσται
257 783 303 809 καὶ
319 783 455 818 αῐρετικοὶ
470 783 516 810 καὶ
527 783 726 819 χριστομάχοι;

82 825 120 858 ς’.
142 826 174 852 Et
199 824 245 854 οὖν
269 827 337 863 σὰρξ
358 827 406 854 τοῦ
432 828 552 862 Χριστοῦ
577 828 704 863 θεότητος
725 828 831 863 γέγονε,

38 871 104 903 πῶς
118 871 198 903 αὐτὸς
216 872 230 898 ὁ
251 873 353 908 Κύριος
370 872 417 900 ἐπὶ
434 873 553 908 σταυροῦ
575 873 650 907 ἔλεγε
664 881 672 889 ·
689 873 743 900 Θεέ
761 882 833 908 μου,

40 917 100 944 Θεέ
109 926 179 952 μου,
196 918 247 945 ἵνα
261 919 289 945 τί
297 927 335 953 με
349 918 564 954 ἑγκατέλιπες;
586 919 650 946 Ἐὰν
665 918 719 954 γὰρ
735 920 751 954 ἡ
766 919 834 954 σὰρξ

38 961 92 989 τοῦ
107 963 225 998 Χριστοῦ
244 963 370 1001 θεότητος
395 962 439 1000 ἦν,
457 966 504 991 καὶ
528 965 557 992 ἐν
575 965 701 1001 οὐρανοῖς
717 965 763 992 τοῦ
779 966 834 993 Πα-

38 1009 108 1043 τρδς
137 1009 301 1045 άχώριστος,
328 1011 375 1037 καὶ
402 1010 451 1045 μία
478 1011 574 1047 θεότης
601 1008 635 1046 ἦν
656 1010 702 1038 τοῦ
728 1011 834 1047 [ἰατρὸς

39 1055 160 1091 καὶτῆς
181 1056 282 1091 σαρκὸς
305 1055 354 1083 τοῦ
380 1057 510 1092 Χριστοῦ,
537 1058 585 1084 καὶ
613 1058 630 1093 ή
654 1057 721 1092 σὰρξ
748 1057 830 1084 αὑτοῦ

39 1101 172 1134 agema;
192 1099 226 1137 ἦν
239 1102 285 1128 τοῦ
301 1102 408 1136 Πατρδς
420 1102 588 1138 ἀχῶριστος³
607 1103 665 1135 πῶς
681 1104 698 1139 ἡ
721 1104 770 1139 μία
786 1104 833 1131 καὶ

38 1147 196 1182 ἀδιαίρετος
209 1148 303 1183 θεότης
321 1148 489 1184 διαιρεθεῖσα
503 1149 603 1184 ἑαυτὴν
618 1149 831 1183 ὲγχατέλειπεν;

79 1194 117 1220 Z'.
143 1193 222 1220 Ἀλλὰ
236 1193 263 1220 τί
280 1202 346 1229 φασι
362 1194 429 1230 πρὸς
439 1194 525 1220 ταῦτα
540 1194 565 1220 οῖ
581 1194 754 1229 ἀγνώμονεςς
771 1195 832 1222 ’Ὁτι

41 1241 134 1268 ταῦτα
160 1241 195 1268 τὰ
226 1241 337 1276 ῥήματα
362 1242 477 1269 ταπεινά
489 1241 502 1268 ὁ
517 1242 634 1278 Χριστὸς
654 1242 695 1269 διὰ
709 1242 754 1269 τὸν
769 1242 829 1270 διά-

39 1286 122 1313 σολον
136 1286 239 1321 ἔλεγεν.
257 1287 301 1314 ἵνα
316 1287 353 1323 μὴ
370 1287 459 1324 φεύγῃ
473 1288 501 1321 ἐξ
519 1287 614 1315 αὐτοῦ.
625 1288 656 1314 Ὢ
670 1288 718 1322 τῆς
730 1288 831 1315 ἀτόπου

38 1333 91 1360 καὶ
105 1333 283 1368 ἀναισχύντου
302 1334 474 1368 ἀποκρίσεως
490 1333 594 1361 αὐτῶνί
612 1334 761 1369 Προφανῶς
777 1334 832 1368 γὰρ

38 1378 90 1404 τὸν
103 1378 221 1413 Χριστὸν
234 1378 384 1414 ὑποκριτὴν
394 1378 576 1413 κηρύττουσιν
591 1386 598 1394 ·
615 1378 684 1406 ἄλλα
699 1378 747 1413 μὲν
757 1378 831 1414 ἔχειν

39 1425 72 1450 ὲν
85 1425 117 1458 τῇ
132 1424 241 1459 καρδίᾳ,
257 1423 339 1460 ἕτερα
350 1423 378 1450 δὲ
391 1423 436 1450 διά
449 1425 498 1459 τῆς
512 1423 634 1459 γλώττης
650 1423 829 1458 φθέγγεσθαι.

39 1471 152 1506 ’Ὥσπερ
164 1471 216 1506 γὰρ
236 1470 323 1502 αὐτοὶ,
349 1470 444 1505 μεστοὶ
462 1470 630 1505 ὑποκρίσεως
646 1470 693 1496 καὶ
709 1470 831 1506 δολιότη-

38 1524 88 1546 τος
103 1516 282 1551 ὑπάρχοντες,
295 1517 424 1547 τοιούτως
440 1515 488 1543 καὶ
505 1515 550 1542 τὸν
561 1515 679 1550 Χριστὸν
694 1515 828 1550 ὀνομάσαι

38 1563 92 1589 οὐκ
113 1562 287 1597 ἐφοϐήθησαν
308 1563 332 1588 οῑ
355 1562 520 1598 παράνομοι.
545 1562 611 1593 Θεὸς
631 1559 677 1589 οὖν
695 1562 827 1589 παντοδύ-

38 1618 128 1644 ναμος
159 1608 197 1636 ὢν
223 1610 237 1635 ό
256 1609 391 1644 Χριστος,
419 1611 434 1636 ὁ
458 1608 595 1644 πανταχοῦ
621 1608 717 1644 παρών
737 1617 744 1624 ·
772 1608 826 1636 ποῦ

38 1655 158 1690 ἠδύνατο
177 1656 192 1682 ὁ
207 1655 329 1687 διάϐολος
358 1655 388 1688 EE
416 1655 499 1681 αὑτοῦ
519 1656 636 1690 φυγεῖνς
660 1655 705 1686 Ὠς
722 1655 777 1690 γὰρ
793 1655 826 1682 ὲκ

38 1703 161 1735 πάντων,
178 1702 249 1729 οὕτω
265 1703 311 1729 καὶ
326 1703 359 1728 ὲκ
369 1701 482 1733 τούτων,
497 1702 521 1728 οἱ
535 1702 644 1733 ἀσεϐεῖς
656 1701 825 1737 ἐλέγχονται,

38 1749 126 1784 μηδὲν
145 1749 177 1776 ὲκ
194 1748 244 1784 τῆς
259 1748 433 1780 διδασκαλίας
447 1747 501 1774 τῶν
516 1747 603 1782 ἁγίων
620 1748 688 1783 μήτε
703 1748 823 1782 φρονεῖν,

38 1796 111 1831 μήτε
139 1794 276 1821 διδάσκειν
293 1801 303 1810 δ
326 1793 426 1827 ἀλλ’ἐξ
453 1793 559 1820 ἑαυτῶν
587 1792 688 1828 μύθους
716 1792 825 1827 ψευδεῖς

38 1839 234 1873 ἀναπλάττειν,
264 1839 307 1866 ἵνα
328 1838 465 1873 δυνηθῶσι
493 1838 573 1874 μόνον
594 1837 643 1874 τὴν
663 1838 753 1871 σάρκα
776 1836 823 1863 τοῦ

38 1885 159 1918 Χριστοῦ
174 1885 358 1921 ἀρνήσασθαι.
368 1885 443 1911 aera
459 1885 513 1920 γὰρ
528 1883 563 1910 τὰ
573 1883 688 1910 ταπεινὰ
701 1883 822 1918 ῥήματα,

38 1930 131 1963 καθὼς
148 1931 248 1962 πάντες
273 1931 297 1957 ol
317 1931 390 1964 ἆγιοι
414 1930 461 1957 καὶ
484 1929 608 1964 θεοφόροι
626 1929 757 1964 Πατέρες,
777 1929 823 1955 εὑ-

38 1977 136 2012 ιιςώνως
153 1977 182 2010 ἐξ
196 1977 274 2012 ἁγίου
289 1977 446 2012 Πνεύματος
455 1976 662 2012 ἑρμηνεύονται,
679 1975 693 2001 ό
707 1974 824 2010 Χριστὸς

38 2024 107 2059 πρὸς
133 2024 279 2059 βεσαίωσιν
299 2024 346 2050 καὶ
363 2023 495 2050 πίσ·.ωσιν
517 2022 567 2057 τῆς
593 2020 690 2048 ἑαυτοῦ
711 2021 822 2056 σαρκὸς,

38 2071 84 2096 καὶ
105 2069 277 2105 ἀνθρωπίνης
299 2069 416 2103 φύσεως,
439 2068 516 2102 ἔλεγε
531 2068 579 2094 καὶ
596 2068 717 2103 ἐνήργει,
729 2068 775 2093 καὶ
792 2067 822 2093 οὐ

38 2115 99 2142 καθ’
125 2116 269 2150 ὑπόκρισιν
295 2115 338 2142 διὰ
356 2115 401 2141 τδν
419 2115 552 2141 διάϐολον.
572 2114 648 2140 Ἐπεὶ
669 2113 728 2145 πῶς
745 2113 822 2147 ἔλεγε

38 2161 171 2196 πρότερον
183 2168 190 2175 ·
206 2160 336 2194 Λάζαρος
351 2160 492 2192 ἀπέθανε,
507 2159 556 2186 καί
577 2159 669 2193 χαίρω
691 2157 728 2185 δι’
744 2157 822 2193 ὑμᾶς

38 2206 87 2232 ἵνα
98 2205 295 2239 πιστεύσητε,
310 2204 354 2231 ὅτι
368 2205 423 2231 οὐκ
437 2204 519 2238 ἥμην
531 2203 610 2236 sui;

74 2250 114 2278 ﬂ'.
138 2251 167 2278 Ei
183 2249 231 2277 οὖν
244 2250 290 2277 καὶ
304 2251 319 2286 ή
334 2249 403 2284 σὰρξ
426 2249 510 2277 αὐτοῦ
531 2249 611 2284 φύσει
632 2247 758 2282 θεότητος
778 2245 823 2283 ἦν,

38 2296 176 2331 πανταχοῦ
198 2296 345 2331 ἀνελλιπὴς
365 2297 411 2322 καὶ
435 2295 586 2330 ἀχώριστος
603 2294 650 2321 καὶ
670 2294 823 2329 ἀπερίγρα-

38 2351 115 2375 ιιτος,
132 2342 250 2376 (θεότης)
264 2339 298 2377 ἦν
319 2341 367 2368 καὶ
383 2341 400 2376 ἡ
416 2340 486 2376 σὰρξ
503 2340 550 2366 τοῦ
565 2339 684 2374 Χριστοῦ
701 2338 749 2365 τοῦ
768 2339 822 2365 Πα-

38 2388 100 2423 τρδς
113 2387 273 2423 άχώριστος,
291 2387 386 2422 ὥσπερ
403 2386 451 2413 καὶ
466 2388 482 2421 ὴ
501 2385 596 2421 θεότης
616 2385 711 2418 αὐτοῦ,
729 2385 822 2416 καθὼς

38 2434 116 2466 ιὺτὸς
138 2435 152 2460 ὁ
177 2433 281 2468 Κύριος
305 2433 380 2467 λέγει
405 2432 536 2467 περὶτῆς
557 2431 655 2458 ἑαυτοῦ
679 2431 819 2466 θεότητος·

38 2479 116 2515 Ἐγὼ
139 2480 189 2506 καὶ
203 2481 219 2507 d
236 2479 339 2514 Πατὴρ
355 2479 390 2506 ἕν
417 2479 533 2513 ἐσμεν·
554 2478 601 2505 καὶ
627 2477 728 2505 πάλιν·
751 2477 821 2512 Ἐγὼ

38 2527 67 2553 ἓν
80 2525 122 2558 τῷ
133 2526 235 2560 Harp),
254 2527 303 2552 καὶ
317 2525 418 2560 Πατὴρ
433 2525 468 2552 ἐν
487 2525 567 2558 ἐμοί·
587 2524 646 2556 πῶς
663 2523 736 2558 λέγει
750 2524 821 2559 μετὰ

38 2574 84 2608 τὴν
101 2572 250 2599 ἀνάστασιν
266 2574 299 2608 τῇ
325 2572 421 2607 Μαρίᾳ
434 2579 441 2586 ”
459 2571 506 2605 Μή
519 2579 579 2606 μου
598 2570 695 2598 ἅπτου
712 2578 719 2585 ·
736 2569 821 2597 οὔπω

38 2620 89 2654 Γὰρ
104 2619 274 2652 ἀναϐέϐηκα
286 2619 360 2654 πρὸς
380 2619 434 2645 τὸν
452 2618 565 2652 Πατέρα
579 2625 638 2652 μου
650 2625 660 2650 ;
675 2616 723 2643 καὶ
737 2616 821 2643 πάλιν

38 2667 45 2691 5
59 2665 143 2696 αὐτὸς
153 2666 210 2696 τοῖς
223 2665 381 2696 umquam;
406 2664 476 2699 μετὰ
490 2663 539 2699 τὴν
557 2664 707 2690 ἀνάστασιν
722 2662 797 2696 λέγει
811 2670 818 2677 ·

38 2710 243 2745 Ψηλαφήσατε
257 2710 308 2738 καὶ
322 2710 427 2742 εἴδετε.
449 2710 493 2737 ὅτι
516 2710 634 2745 πνεῦμα
651 2709 750 2744 σάρκα
770 2708 821 2736 καὶ

38 2803 110 2886 5925)
132 2850 167 2878 ΊΙ
183 2850 282 2885 θεότης
559 2889 564 2893 ο

193 2897 330 2942 Ρκιιιιοι..
355 2897 414 2929 Gn.
440 2896 582 2928 CXXXII.

70 2767 80 2783 ι
96 2767 191 2795 Matth.
208 2775 293 2800 xxt'tt,
306 2767 352 2795 46.
390 2766 490 2801 'Joan,
510 2775 549 2800 tu,
565 2766 609 2794 14.
649 2766 660 2782 ²
681 2765 761 2794 Juan.
789 2773 817 2798 ι,

922 2762 933 2778 ⁸
946 2762 1023 2790 Joan.
1043 2768 1099 2794 τιν,
1115 2760 1159 2787 l0.

887 233 960 262 Patri
976 243 1027 263 ttna
1044 244 1105 263 cum
1127 236 1226 266 deitate
1241 240 1407 273 consedisse,
1430 245 1509 278 atque
1531 243 1556 271 in
1581 244 1672 278 scpul-

886 289 943 313 cro,
958 283 1039 317 inque
1051 282 1156 310 inferno
1169 291 1229 311 cum
1245 285 1333 313 anima
1351 294 1382 314 ac
1395 295 1455 315 cum
1471 288 1574 317 latrone
1587 290 1612 317 in
1622 298 1671 325 pa-

887 329 990 362 radiso,
1008 330 1081 358 nullo
1098 330 1196 365 ubiqtte
1215 331 1332 366 delectu,
1348 340 1379 360 ac
1396 334 1576 369 inseparabile
1598 337 1670 364 indi-

887 375 1029 409 vidtthue,
1048 376 1086 402 uti
1108 380 1135 403 et
1159 377 1243 404 deitas
1266 383 1335 410 erat.
1352 378 1436 407 fuisse
1454 389 1460 407 :
1480 380 1558 415 plane
1574 381 1670 415 liquet.

886 421 944 456 ejus
958 428 1065 456 quoque
1090 429 1210 456 carnem,
1233 428 1329 452 natura
1353 424 1461 452 deitatis
1480 426 1578 454 factam
1599 435 1669 456 esse.

887 465 933 493 Sin
947 471 1036 494 autent
1051 466 1115 495 illud
1131 469 1255 503 sepulcro
1282 473 1416 497 mortuum
1432 470 1550 505 Iacebat,
1567 477 1595 500 et
1610 474 1670 500 ina-

886 511 959 539 nime
986 517 1067 547 atque
1094 513 1249 548 immotum;
1265 521 1296 542 ac
1310 522 1397 550 neque
1424 516 1450 543 in
1472 517 1549 544 caelis
1570 518 1623 545 Deo
1638 527 1670 547 ac

885 556 958 584 Patri
975 557 1107 586 iudivulao
1125 566 1195 587 nexu
1213 560 1386 594 coniunctum
1402 563 1570 596 cousidebat,
1581 572 1669 600 neque

885 603 912 630 in
928 603 1033 630 inferno
1047 612 1108 631 cum
1126 605 1227 638 anima,
1246 613 1295 634 nec
1306 614 1367 634 cutn
1382 607 1485 636 latrone
1502 609 1527 635 in
1543 611 1668 642 paradiso

885 653 954 680 erat.
969 649 1015 676 sed
1026 649 1400 687 duutaxatcircumscriptum
1415 653 1441 680 in
1455 654 1579 688 sepulcro
1593 655 1669 690 jace-

885 692 930 719 bat
951 701 957 721 :
980 695 1117 728 quomodo
1144 695 1187 723 isti
1215 697 1386 724 mendacium
1417 705 1449 725 ac
1481 699 1668 727 haereticorum

884 738 1040 774 Christique
1054 740 1171 768 hostium
1190 746 1281 769 notam
1298 742 1463 778 ell‘ugerint?

919 827 963 855 Vl.
977 827 1114 862 Siquidem
1129 837 1193 865 ergo
1207 836 1272 857 caro
1285 830 1388 859 Christi
1402 831 1473 860 facta
1493 838 1534 861 est
1547 834 1666 869 deitatis,

849 865 871 892 Β
886 873 1019 906 quomodo
1033 874 1162 902 Dominus
1177 876 1233 910 ipse
1248 877 1274 904 itt
1290 884 1370 905 cruce
1384 878 1452 906 dixit
1470 888 1477 906 :
1491 879 1559 907 Deus
1581 865 1667 914 meus;

885 919 953 948 Dem
973 928 1056 953 meus,
1082 926 1111 948 ut
1140 922 1203 957 quid
1227 923 1390 958 dereliquisti
1416 925 1500 953 me“?
1527 926 1667 962 Siquidem

884 966 954 993 enim
972 966 1074 995 Christi
1095 975 1159 995 caro
1185 968 1292 997 deitatis
1312 975 1382 1003 erat,
1399 976 1481 1006 atque
1506 972 1532 1000 in
1549 973 1625 1002 ccelis
1651 982 1667 1001 a

883 1012 1101 1041 l'atreindivulsa
1114 1014 1272 1043 exsistebat.
1286 1023 1393 1051 uuaqtte
1405 1023 1464 1045 erat
1477 1017 1563 1046 deitas
1580 1018 1669 1048 Patris

883 1066 914 1085 ac
928 1058 1018 1086 carnis
1032 1059 1144 1092 Christi,
1161 1060 1272 1095 ejusque
1289 1068 1353 1089 caro
1375 1070 1390 1089 a
1409 1063 1495 1090 Patris
1509 1063 1609 1092 deitate
1622 1066 1669 1093 in-

883 1104 1042 1138 separabilis
1057 1109 1116 1133 erat
1129 1114 1136 1133 ι
1150 1107 1286 1141 quomodo
1299 1114 1352 1135 una
1369 1115 1401 1136 ac
1416 1108 1554 1137 individua
1569 1110 1666 1145 deitas,

886 1150 942 1184 ipsa
958 1157 988 1177 se
1003 1149 1088 1179 divisa
1100 1151 1283 1187 derelinquit?

921 1201 973 1228 ΠΙ.
994 1202 1150 1237 Enimvero,
1164 1204 1228 1239 quid
1246 1205 1279 1232 ad
1301 1205 1357 1234 haec
1377 1207 1492 1243 improbi
1512 1209 1570 1238 illi?
1584 1211 1668 1240 Aiunt

882 1247 1021 1281 niutirum,
1032 1248 1170 1277 Christum
1182 1251 1261 1278 verba
1278 1251 1334 1279 haec
1346 1252 1431 1280 humil
1445 1262 1460 1281 a
1473 1254 1591 1284 locutum
1607 1264 1667 1286 esse

882 1298 994 1329 propter
1004 1294 1150 1328 diabolum,
1166 1301 1196 1324 ut.
1209 1304 1242 1324 ne
1258 1298 1291 1325 ab
1306 1298 1366 1333 ipso
1380 1299 1522 1336 etl‘ugeret.
1539 1301 1562 1330 0
1578 1303 1667 1331 abso-

883 1347 943 1367 nam
957 1347 989 1368 ac
1004 1340 1186 1375 impudentem
1202 1343 1340 1371 hominum
1355 1347 1575 1377 responsionem!
1600 1349 1666 1378 Per-

882 1387 976 1420 spiette
1008 1387 1079 1413 enirn
1113 1386 1249 1415 Christum
1279 1390 1466 1419 simulatorem
1496 1394 1664 1428 prtedicant.

881 1436 911 1458 ut
923 1431 974 1459 alia
992 1433 1101 1467 quidem
1115 1434 1227 1462 haberet
1242 1435 1268 1462 in
1282 1436 1373 1470 corde,
1391 1437 1444 1464 alia
1461 1445 1551 1467 autem
1571 1440 1662 1477 lingua

881 1477 1062 1512 eloqueretttr.
1084 1479 1313 1512 Quemadmodum
1327 1482 1410 1515 enim.
1426 1483 1472 1518 qui
1489 1485 1663 1516 simulatione

882 1529 913 1549 ac
930 1522 1075 1551 dolositatc
1093 1524 1164 1558 pleni
1186 1526 1328 1559 exsistant,
1345 1534 1393 1556 nec
1407 1527 1544 1557 Christum
1561 1531 1601 1558 sic
1617 1539 1664 1566 ap-

883 1568 983 1602 pc'llare
999 1576 1111 1604 nequam
1124 1570 1247 1599 homines
1262 1572 1339 1599 veriti
1353 1578 1427 1601 sunt.
1446 1574 1584 1610 Siquidem
1598 1585 1664 1613 ergo

881 1613 1014 1647 Christus,
1038 1615 1083 1649 qui
1107 1615 1277 1651 omnipotens
1303 1623 1384 1650 esset,
1401 1620 1474 1647 omni
1504 1621 1564 1649 loco
1591 1628 1662 1657 erat,

881 1667 997 1694 qttonam
1014 1660 1048 1688 ab
1060 1667 1092 1688 eo
1106 1661 1228 1689 diabolus
1251 1662 1345 1698 fugere
1364 1665 1471 1698 potuit?
1490 1665 1525 1694 Ut
1545 1667 1616 1695 enim
1630 1676 1664 1696 ex

880 1705 1005 1732 omnibus
1021 1706 1093 1738 aliis,
1116 1707 1156 1734 sic
1171 1715 1278 1742 quoque
1293 1716 1325 1736 ex
1347 1709 1388 1737 ltis
1408 1716 1558 1745 arguuntur
1574 1713 1660 1748 impii.

881 1750 947 1778 nihil
964 1758 1060 1786 sapere
1075 1757 1123 1780 aut
1137 1754 1234 1781 docere
1249 1762 1280 1782 ex
1299 1762 1453 1784 sanctorum
1471 1758 1662 1789 doctrinatsetl

879 1804 911 1824 ex
934 1798 1051 1832 propriis
1075 1797 1157 1828 talsas
1179 1799 1284 1828 fabulas
1309 1802 1488 1836 comminisci,
1504 1807 1534 1831 ut
1557 1810 1661 1834 tantum

879 1841 979 1869 Cltristl
1009 1851 1118 1870 carttetn
1144 1852 1242 1881 negare
1269 1845 1383 1880 possint.
1411 1847 1550 1882 Siquidem
1579 1851 1661 1879 verba

879 1888 936 1915 haec
952 1888 1073 1922 humilia,
1090 1890 1126 1916 uti
1154 1897 1248 1918 omnes
1275 1892 1363 1919 sancti
1387 1899 1419 1920 ac
1447 1894 1541 1921 deiferi
1566 1894 1661 1923 Patres

880 1934 1012 1961 concinne
1027 1942 1040 1960 a
1060 1935 1162 1969 Spiritu
1181 1941 1276 1963 sancto
1292 1936 1516 1972 interpretantur,
1534 1947 1566 1967 eo
1581 1941 1661 1968 Chri-

878 1985 936 2006 stus
952 1984 979 2006 et
995 1980 1154 2014 loquebatur
1174 1985 1200 2008 et
1216 1981 1323 2015 agebat,
1342 1989 1395 2017 quo
1410 1990 1519 2011 carnem
1534 1993 1611 2012 suam
1629 1994 1662 2015 ac

878 2024 1024 2051 humanam
1039 2029 1163 2051 naturam
1173 2029 1323 2059 astrueret;
1342 2035 1394 2054 non
1410 2033 1494 2063 utper
1511 2029 1663 2059 simulatio-

877 2079 938 2099 nem
963 2071 1098 2099 diabolum
1115 2071 1230 2099 falleret.
1247 2071 1365 2107 Alioqui,
1380 2077 1515 2108 quomodo
1529 2076 1602 2109 prius
1613 2078 1661 2104 di—

877 2117 953 2144 cebat
969 2125 975 2143 :
990 2115 1109 2143 Lazarus
1129 2123 1247 2144 mortuus
1266 2124 1313 2149 est,
1328 2124 1352 2146 et
1368 2119 1467 2153 gaudeo
1480 2127 1588 2156 propter
1605 2131 1660 2157 vos,

877 2166 904 2188 ut
919 2162 1043 2193 credatis,
1058 2162 1120 2197 quia
1136 2170 1186 2189 mm
1201 2171 1272 2190 eram
1286 2163 1322 2190 ibi
1334 2164 1365 2190 ’?

917 2247 986 2276 Vlll.
1006 2248 1144 2283 Siquidem
1159 2257 1224 2284 ergo
1241 2251 1340 2287 Christi
1358 2260 1465 2287 quoque
1480 2260 1552 2286 caro,
1565 2259 1661 2284 natura

878 2295 986 2322 deitatis
1003 2299 1073 2327 erat,
1089 2294 1163 2323 nullo
1178 2297 1277 2331 ubique
1288 2296 1405 2329 delectu,
1419 2307 1450 2325 ac
1461 2299 1661 2335 inseparabilis,

878 2340 1178 2375 ineircumsuriptaque,
1201 2341 1300 2369 Christi
1327 2351 1436 2378 quoque
1461 2352 1527 2372 caro
1546 2353 1560 2373 a
1580 2346 1660 2374 Patre

876 2386 1065 2420 inseparabilis
1087 2392 1156 2419 erat,
1177 2388 1402 2422 quemadmodum
1426 2395 1453 2417 et
1476 2391 1562 2419 deitas
1581 2391 1657 2426 ejus;

876 2432 945 2459 sicut
961 2431 1017 2466 ipse
1035 2431 1162 2458 Dominus
1176 2432 1208 2458 de
1224 2439 1272 2459 sua
1289 2433 1327 2460 ait
1341 2432 1441 2461 deitate
1460 2441 1467 2460 :
1485 2433 1542 2469 Ego
1558 2439 1583 2461 et
1607 2434 1661 2462 l’a-

876 2482 915 2504 ter
930 2484 1010 2503 unum
1028 2476 1148 2508 sumue',
1171 2481 1198 2504 et
1214 2477 1309 2506 iterum
1328 2486 1336 2505 :
1350 2479 1406 2515 Ego
1421 2479 1448 2506 in
1465 2478 1556 2513 Patre,
1567 2485 1591 2507 et
1604 2480 1660 2507 Pa-
1703 2488 1707 2491 ‘

876 2531 915 2551 ter
934 2524 960 2549 in
977 2528 1016 2549 me
1037 2521 1114 2549 eu‘:
1128 2522 1262 2556 quomodo
1284 2526 1346 2556 post
1368 2524 1595 2552 resurrectionem
1621 2524 1660 2551 ait

876 2569 966 2597 Mariae
979 2578 986 2596 :
1001 2567 1065 2595 Noti
1079 2575 1119 2595 me
1138 2572 1257 2602 tangere;
1273 2569 1388 2596 nondum
1406 2570 1477 2596 enim
1501 2571 1609 2597 arcendi
1624 2570 1659 2598 ad

878 2615 984 2642 Putrem
996 2614 1101 2640 metuatll
1116 2613 1129 2640 ἲ
1143 2620 1174 2640 ac
1190 2614 1287 2640 iterum
1299 2615 1338 2641 ait
1353 2614 1411 2650 ipse
1431 2615 1561 2650 apostolis
1583 2621 1660 2651 post~

874 2669 955 2697 qttam
972 2658 1165 2688 reettrrexisset
1181 2667 1188 2685 :
1208 2658 1317 2693 Palpate
1330 2664 1355 2686 et
1371 2660 1463 2692 videte,
1475 2662 1536 2696 quia
1550 2662 1659 2696 spiritus

875 2713 981 2734 carnem
996 2708 1019 2730 et
1038 2711 1098 2730 oua
1113 2711 1164 2730 non
1175 2703 1263 2736 habet,
1279 2704 1345 2731 sicut
1361 2712 1401 2732 me
1415 2705 1505 2732 videtis
1521 2706 1614 2734 habere
1625 2706 1634 2720 '
1647 2707 1659 2733 ῖ

1208 2761 1219 2777 ⁸
1235 2759 1312 2789 Joan.
1328 2769 1374 2795 xx,
1391 2762 1433 2790 l7.
1472 2763 1482 2779 ⁸
1497 2762 1563 2792 Luc.
1583 2771 1657 2798 xxiv,

915 2846 951 2882 (ϐ)
971 2844 1052 2879 Grog.
1068 2848 1141 2872 orat.
1155 2841 1190 2869 20
1421 2890 1458 2920 37
