1875 3056
44 160 66 192 1
79 162 144 195 165
608 166 753 199 ORATIO
774 168 788 198 Ι
809 167 959 199 CONTRA
977 169 1186 202 ARMENIOS.
1637 170 1706 206 1166

40 218 182 245 στιανοὶ
201 218 342 246 καλεῖσθαι
352 219 490 255 δύνανται,
508 222 554 249 καὶ
569 222 599 249 οὐ
629 223 730 258 μᾶλλον
744 224 855 253 διαϐολι-

935 224 973 258 tri,
991 233 1023 253 ac
1038 233 1091 254 non
1108 227 1194 263 magis
1207 227 1355 257 diabolicii
1371 228 1491 258 Dicendo
1510 229 1605 266 itaque
1623 230 1709 259 Joan-

40 263 109 290 κοί
120 273 130 296 ;
148 263 249 290 Εἰπὼν
256 265 367 292 τοίνυνό
379 265 508 302 Θεολόγος
516 268 655 305 Ἰωάννης,
675 271 716 298 ὅτι
732 271 760 298 '0
770 273 855 308 Λόγοι

937 278 967 300 es
978 272 1149 309 Theologus:
1171 273 1284 302 Verbum
1296 282 1358 302 cura
1370 275 1469 309 factum
1480 280 1528 307 est.
1541 263 1567 303 et
1577 276 1708 305 habitavit

42 309 150 343 σὰρξ
166 309 300 344 ἐγένετο,
317 311 367 338 καὶ
384 311 563 344 ἐσκήνωσεν
587 314 622 341 ἐν
636 315 710 350 ἡμῖν
724 324 731 332 ·
745 318 803 349 πῶς
816 318 855 345 oin

935 326 944 344 ιι
957 318 1030 345 nobis
1042 318 1063 335 "
1073 338 1081 352 ,
1097 320 1231 353 quomodo
1245 327 1299 348 non
1311 320 1374 348 item
1390 321 1469 354 dixit,
1483 320 1582 350 fecisse
1593 329 1704 351 carnem

41 352 150 381 εἶπεν
175 355 219 382 δτι
242 356 292 391 τὴν
309 357 399 392 σάρκα
417 358 505 392 Λόγον
516 360 662 396 πεποίηκε,
677 362 724 388 καὶ
737 362 778 394 εις
804 363 855 390 θεό-

935 363 1046 397 ’erbum,
1061 372 1094 392 ac
1105 352 1113 353 ί
1129 365 1155 392 in
1181 365 1291 394 deitatis
1313 371 1437 394 naturam
1461 352 1649 396 convertisse?
1665 369 1704 396 Ac

43 410 154 437 τητος
181 403 266 438 φύσιν
294 404 446 440 μετέϐαλε;
464 407 520 433 Καὶ
548 408 655 440 Παῦλος
679 409 721 442 δὲ,
741 410 867 447 Τιμοθέῳ

45 448 192 483 γράφων
210 449 274 485 περὶ
293 450 423 485 πίστεως,
436 452 484 479 καὶ
511 453 597 487 λέγων
611 460 618 468 ·
652 455 866 491 Ὀμολογουμέ·

46 501 128 527 νως
143 494 228 529 μέγα
240 495 306 522 ἐστὶ
322 496 355 523 τὸ
366 496 421 531 τῆς
434 498 587 532 εὐσεϐείας
594 500 763 535 μυστήριον
777 510 784 517 ·
793 502 866 535 Θεὸς

47 537 249 574 ἐφανερώθη
262 541 398 576 ear-caput
417 550 425 558 ·
443 543 502 575 πῶς
521 545 572 572 οὐκ
584 543 660 573 εἶπεν
681 547 724 574 ὃτι
749 548 796 575 καὶ
812 548 861 585 τὴν

51 586 165 620 σάρκα
186 587 300 622 θεότητα
319 589 454 625 πεποίηκε
465 591 558 624 ςΜετὰ
570 593 715 628 τριακόσια
726 594 865 624 δεκαοκτὼ

50 630 115 666 ἐτη
133 631 189 666 τῆς
204 632 251 659 τοῦ
267 633 386 670 Χριστοῦ
409 636 654 674 ὲνανθρωπήσεως,
676 641 700 667 οί
712 642 864 676 τριακόσιοι

50 676 217 704 δεκαοκτὼ
231 678 304 713 ἆγιοι
323 681 444 716 Πατέρες
460 682 489 708 ὲν
504 683 607 721 Νικαίᾳ
619 685 803 720 συνελθόντες,
816 690 864 716 καὶ

50 721 112 748 τὸν
131 721 272 756 σύμϐολον
284 724 334 759 τῆς
352 724 473 758 πίστεως
489 728 656 763 γράψαντες,
682 731 741 763 πῶς
755 732 864 766 δεῖτοὺς

50 765 259 800 Χριστιανοὺς
270 769 410 796 πιστεύειν
422 771 469 798 καὶ
486 772 632 807 ὁμολογεῖν
660 775 706 802 τὸν
725 776 789 804 Υίὸν
815 765 862 805 τοῦ

52 811 153 845 Θεοῦ,
168 813 218 839 καὶ
232 814 355 846 εἰπόντες
372 816 490 851 περὶτοῦ
502 818 632 853 Χριστοῦ,
643 820 683 847 ὅτι
698 823 863 851 κατελθόντα

53 857 99 884 ὲκ
120 858 181 884 τῶν
197 858 335 894 οὐρανῶν,
351 861 399 887 καὶ
416 863 607 896 σαρκωθέντα,
624 866 671 891 καὶ
686 867 855 905 ὲνανθρωπή-

935 870 987 898 isse
999 870 1024 897 in
1039 870 1132 903 ctelos,
1146 875 1228 906 atque
1249 857 1282 898 ad
1301 870 1391 899 Patris
1412 872 1553 898 dexteram
1575 873 1671 900 sedere
1690 881 1698 900 :

56 912 169 937 σαντα,
178 905 226 932 καὶ
235 906 437 940 σταυρωθέντα,
447 908 494 936 καὶ
501 910 632 944 ταφέντα,
643 912 689 938 καὶ
698 913 851 942 ἀναστάντα

935 915 1050 951 iquidem
1062 905 1193 943 noverant
1205 923 1315 944 carnem
1333 916 1360 943 in
1380 916 1488 944 deitatis
1501 923 1625 944 naturam
1638 925 1703 945 con-

55 951 116 976 καὶ
132 950 284 979 ἀνελθόντα
299 953 339 984 εις
354 953 417 985 τοὺς
427 954 570 990 οὐρανοὺς,
604 957 652 984 καὶ
677 959 855 996 καθεζόμενοι

935 950 1035 994 ereum,
1044 962 1137 997 quidni
1150 961 1211 989 ﬁdei
1223 961 1383 990 addiderunt
1393 967 1493 997 postea
1510 962 1609 991 verba:
1623 962 1702 991 Sedet

57 996 95 1021 ὲν
115 996 196 1032 δεξιᾷ
211 997 258 1024 τοῦ
275 998 384 1034 Πατρός
395 1007 402 1016 ·
424 1000 450 1026 εί
466 999 513 1027 οὖν
527 1001 577 1036 τὴν
594 1003 684 1039 σάρκα
710 1006 754 1038 εις
783 1006 855 1042 φύσιι

935 1009 950 1036 d
973 1009 1105 1035 dexteram
1129 1007 1230 1041 Patris,
1250 1016 1322 1036 nunc
1345 996 1454 1044 quoque
1474 1016 1582 1036 carnem
1603 1007 1702 1038 fecisse

57 1043 226 1077 τραπεῖσαν
241 1043 370 1080 θεότητος
385 1045 546 1081 ἐγίνωσκον,
560 1048 619 1080 πῶς
637 1050 668 1076 οὺ
687 1052 855 1088 προσέθηκαι

935 1055 1054 1087 eitatem,
1073 1055 1112 1082 uti
1134 1055 1208 1089 impii
1223 1055 1268 1082 isti
1288 1043 1456 1090 contingunt,
1476 1062 1529 1082 non
1545 1059 1576 1083 ut
1595 1055 1701 1084 Christi

917 417 978 437 cum
1000 409 1098 438 Paulus
1117 410 1260 439 Timotheo
1280 411 1401 440 scribens
1414 411 1447 440 de
1460 412 1512 440 ﬁde
1526 413 1599 441 dicat
1615 423 1622 442 :
1640 414 1704 442 Ma-

917 455 1010 490 nifesta
1023 464 1146 491 magnum
1158 461 1197 484 ut
1210 457 1314 491 pietatis
1328 463 1521 485 sacramentum
1534 466 1544 486 .'
1559 458 1630 487 Deus
1645 468 1704 487 ma-

916 501 1025 537 m'fetlus
1045 503 1073 530 in
1095 503 1226 536 carne",
1249 503 1342 539 quidni
1364 504 1444 538 dixit,
1470 512 1580 533 carnem
1606 506 1704 534 iecisse

916 549 1062 580 deitatem!
1083 548 1148 577 Post
1177 554 1313 578 trecentos
1334 550 1462 584 deinceps
1482 551 1576 579 decem
1599 557 1627 579 et.
1641 557 1705 580 octo

915 600 1001 621 annos
1011 602 1025 620 a
1040 593 1141 622 Christi
1158 594 1359 628 incarnatione,
1369 596 1482 623 trecenti
1497 596 1592 624 decem
1605 601 1632 624 et
1641 602 1704 625 octo

915 639 1003 667 sancti
1019 639 1115 668 Patres
1128 640 1244 668 Nicaeam
1258 643 1463 675 convenientes,
1474 649 1507 670 ac
1521 642 1583 670 ﬁdei
1596 644 1706 679 symbo-

915 685 969 713 lum
992 687 1152 720 scribentes,
1177 693 1207 714 ut
1231 687 1346 716 debeant
1370 688 1519 717 Christiani
1547 689 1660 717 credere
1673 696 1706 717 ac

914 732 1036 760 conﬁteri
1052 733 1098 760 Dei
1121 733 1239 767 Filium;
1256 741 1366 771 ac_cum
1383 734 1517 762 dixissent
1532 735 1566 762 de
1581 735 1704 768 Christo,

913 779 1088 807 descendisse
1098 780 1132 807 'de
1143 779 1232 811 caelis.
1246 780 1419 808 incarnatum
1433 788 1505 815 esse,
1523 780 1624 808 factum
1649 781 1703 809 ho-

914 825 1025 857 minem,
1041 824 1210 858 cruciﬁxum,
1227 825 1372 860 sepultum.
1390 825 1586 858 resurrexisse,
1603 833 1703 854 ascen-

59 1089 96 1114 ὲν
117 1090 152 1124 τῇ
169 1089 270 1123 πίστει,
284 1092 352 1125 μετὰ
365 1091 396 1118 τὸ
410 1092 498 1120 εἰπεῖν
514 1093 554 1120 ὅτι
575 1094 626 1122 Ἐν
635 1095 720 1131 δεξιᾷ
732 1098 785 1126 τοῦ
801 1101 860 1126 Πα-

913 1102 1047 1129 houorent
1059 1108 1182 1133 earnem,
1198 1100 1246 1128 sed
1260 1105 1289 1128 ut
1301 1100 1360 1135 ejus
1377 1107 1478 1136 corpus
1496 1101 1666 1129 inticienturi

58 1135 142 1169 τρὸς
164 1137 358 1171 καθήμενον,
388 1138 431 1166 ότι
452 1140 500 1167 καὶ
533 1140 582 1176 τὴν
607 1142 697 1177 σάρκα
720 1144 837 1181 θεότητα
880 1149 1054 1184 ποιήσαντα-
1071 1146 1110 1179 ὡς
1138 1143 1211 1174 οῦτοι
1225 1146 1250 1173 οἱ
1278 1146 1397 1179 ἀσεϐεῖς,
1413 1146 1445 1174 οὐ
1463 1147 1508 1174 διὰ
1536 1146 1619 1183 τιμὴν
1650 1147 1700 1183 τῆς

63 1181 176 1216 σαρκὸς
191 1183 239 1209 τοῦ
257 1183 390 1220 Χριστοῦ,
407 1185 477 1213 ἀλλὰ
490 1186 523 1214 δι’
534 1188 650 1223 ἄρνησιν
664 1190 712 1217 τοῦ
728 1190 856 1228 σώματος
876 1181 971 1228 αὑτοῦ,
987 1193 1102 1221 τοιαῦτα
1119 1193 1316 1228 μυθολογοῦσιν
1330 1201 1338 1226 ;

106 1228 160 1256 IB'.
197 1230 323 1258 Ἐναντία
344 1232 435 1260 τοίνυν
447 1233 495 1260 τοῦ
514 1235 645 1270 Χριστοῦ,
661 1237 776 1266 καὶτῶν
797 1241 865 1267 άπο-

63 1275 175 1302 στόλων
204 1276 322 1304 καὶτῶν
349 1277 488 1315 θεοφόρων
514 1280 645 1316 Πατέρων
681 1283 864 1319 διδάσκοντες,

63 1321 277 1357 ἀλλοτριοῦνται
300 1323 347 1350 τοῦ
368 1323 497 1360 Χριστοῦ,
522 1325 752 1363 κληρονομοῦνται
777 1330 806 1357 δὲ
833 1332 864 1358 τὸ

65 1367 208 1403 ἀνάθεμα,
221 1368 312 1401 καθώς
327 1378 411 1406 φησιν
423 1371 438 1397 ὸ
453 1370 531 1405 ἆγιος
546 1372 651 1406 Παῦλος
667 1375 681 1400 ὁ
697 1376 785 1410 μέγας
799 1377 863 1404 ἀπόη

67 1413 170 1445 στολος
186 1422 193 1429 ’
207 1414 244 1442 Et
258 1423 304 1448 τις
319 1415 373 1451 γὰρ
397 1417 617 1452 εὐαγγελίζεται
646 1421 726 1456 ὑμᾶς
765 1423 833 1458 παρ’
846 1424 862 1450 ὃ

66 1459 205 1494 ἐλάϐετε,
221 1460 355 1496 ἀνάθεμα
368 1461 456 1490 ἔστω.
485 1465 590 1492 Οὐκοῦν
617 1466 667 1501 τὴν
696 1468 785 1503 σάρκα
815 1469 861 1496 τοῦ

67 1506 193 1541 Χριστοῦ
205 1507 246 1539 είς
260 1507 343 1542 φύσιν
354 1508 482 1545 θεότητος
493 1512 643 1546 τραπῆναι,
659 1514 706 1540 καὶ
716 1514 862 1549 όμοούσιου

69 1553 180 1588 θεότητι
197 1554 374 1588 γεγενῆσθαι,
411 1544 480 1591 μήτε
503 1544 551 1584 τοῦ
574 1544 694 1594 Χριστοῦ
725 1544 858 1594 εἰπόντος,
874 1544 894 1572 c

71 1599 146 1634 μήτε
160 1599 214 1626 τῶν
228 1594 431 1634 εὐαγγελιστῶν
444 1602 673 1637 συγγραψάντων,
704 1605 774 1641 μήτε
804 1605 860 1634 τῶν

70 1644 230 1671 ἀποστόλων
241 1645 414 1679 διδαξάντων,
425 1647 494 1682 μήτε
506 1648 623 1685 τῶντιη¹
631 1650 717 1685 ἁγίων
727 1651 859 1688 Πατέρων

71 1691 102 1717 ὲν
120 1692 153 1726 τῇ
167 1691 258 1718 πίστει
273 1692 462 1726 προτεθέντων
479 1693 754 1730 ἢμνημονευσάντων
768 1705 775 1713 ·
791 1698 859 1725 ἀνά-

71 1737 147 1772 θεμα
161 1736 283 1765 ἔστωσαν
309 1734 384 1765 οῦτοι
398 1740 421 1766 οἱ
434 1741 614 1777 χριστομάχοι
640 1743 774 1775 αἰρετικοὶ
797 1743 859 1782 Ἀρ·

75 1783 174 1817 μένιοι,
201 1783 440 1820 εὐαγγελιζόμενοι
465 1787 512 1813 καὶ
543 1787 734 1822 κηρύττοντες,
763 1788 829 1824 παρ’
845 1790 860 1816 ὃ

74 1828 144 1862 παρ’
158 1828 269 1856 ἐκείνων
282 1830 438 1865 παρέλαϐον
454 1839 461 1846 ·
472 1832 519 1858 καὶ
534 1832 632 1860 άπολεῐ
641 1833 740 1866 αὐτοὺς
756 1834 859 1870 Κύριος

74 1873 224 1906 λαλοῦντας
239 1875 270 1901 τὺ
281 1875 390 1909 ψεῦδος,
404 1876 496 1909 καθὼς
510 1877 556 1904 καὶ
566 1879 581 1904 ό
596 1878 684 1913 μέγας
700 1879 859 1912 Ἀθανάσιος

74 1921 89 1945 ὁ
110 1919 324 1955 Ἀλεξανδρείας,
346 1921 465 1957 ἐλέγχων
492 1923 591 1956 αὐτοὺς
616 1924 718 1960 γράφει
747 1924 834 1957 οὕτως
849 1934 856 1941 ·

80 1974 90 1990 ι
121 1965 197 1996 Ποίος
210 1965 276 2001 ᾇδης
291 1967 429 2003 ήρεύξατο
449 1968 498 2003 τὴν
518 1970 611 2004 φωνὴν
638 1970 688 2006 τὴν
715 1970 857 2005 λέγουσαν,

75 2010 216 2046 ὁμοούσιον
227 2010 297 2039 εἶναι
324 2012 355 2040 τὸ
373 2013 463 2048 σῶμα,
485 2015 532 2041 καὶ
568 2015 614 2042 τὸν
637 2015 705 2044 Θεὸν
729 2018 855 2052 Δόγονς)

84 2057 197 2092 Ὁμοίως
215 2058 263 2084 καὶ
280 2059 294 2085 ό
307 2057 386 2093 ἅγιος
400 2060 556 2095 Κύριλλοςό
570 2061 773 2099 Ἀλεξανδρείας
790 2065 858 2100 πρὸς

77 2102 224 2130 Σοὺκενσον
239 2104 388 2132 ιπίσκοπον
404 2106 506 2141 γράφει
524 2106 625 2139 οὕτως·
653 2117 663 2135 ι
687 2108 856 2142 Ἐννοοῦντες

77 2149 166 2174 τοίνυν
178 2148 225 2184 τῆς
242 2148 475 2184 ὲνανθρωπήσεως
488 2151 600 2186 τρόπον,
615 2152 723 2188 ὁρῶμεν
745 2155 787 2181 ὅτι
810 2155 857 2181 δὶο

78 2193 172 2228 φύσεις
187 2194 317 2229 συνῆλθον
331 2196 456 2231 ἀλλήλοις
471 2198 532 2224 καθ’
550 2198 648 2225 ἕνωσιν
659 2199 856 2235 ἀδιάσπαστον,

79 2239 232 2274 ἀχωρίστως
250 2240 301 2276 (7),
318 2241 472 2277 ἀτρέπτως.
490 2242 522 2269 Ἦ
536 2243 591 2279 γὰρ
609 2244 689 2280 σάρξ,
703 2245 771 2281 σάρξ
784 2247 853 2280 ἔστι,

80 2284 128 2311 καὶ
141 2285 169 2311 οὐ
180 2285 286 2321 Θεότης,
299 2287 324 2312 εί
338 2287 385 2313 καὶ
398 2287 507 2322 λέγεται
519 2288 558 2325 (8)
574 2289 641 2317 Θεοῦ
654 2290 723 2326 σάρξ
736 2299 743 2306 ·
755 2292 855 2327 ὁμοίως

80 2330 107 2356 δὲ
124 2330 169 2357 καὶ
181 2332 195 2358 ὀ
206 2332 291 2366 Λόγος
305 2332 371 2365 Θεός
385 2334 455 2365 ἐστι,
467 2335 514 2361 καὶ
527 2335 556 2361 οὐ
573 2336 651 2372 σὰρξ,
665 2337 690 2363 εί
710 2338 758 2364 καὶ
785 2338 855 2365 ίδίαν

80 2377 223 2413 ἐποιήσατο
234 2379 283 2414 τὴν
298 2379 388 2414 σάρκα
401 2381 594 2416 οἰκονομικῶς.
616 2392 626 2408 ›
642 2383 725 2411 οὐδὲν
735 2385 763 2411 δὲ
787 2386 856 2417 τέως

80 2423 104 2449 οἱ
113 2423 225 2457 ἀσεϐεῖς,
238 2424 255 2460 ἢ
271 2424 320 2460 τὴν
336 2425 474 2461 σάρκωσιν
487 2427 607 2462 Χριστοῦ
620 2429 761 2464 ἀρνεῖσθαι
790 2430 854 2465 βου-

81 2466 191 2502 λόμενοι,
210 2469 297 2496 ταῦτα
312 2469 503 2506 βλασφημοῦσι
521 2473 568 2499 καὶ
583 2473 772 2509 μυθολογοῦσι.

332 2595 530 2624 ΚΕΦΑΛΔΙΟΝ
544 2597 581 2625 B’.

271 2640 340 2675 napi
353 2640 407 2668 τοῦ
423 2642 652 2678 εὐαγγελισμοῦ.

118 2687 215 2715 Ὂτιδὲ
228 2689 253 2715 οἱ
286 2689 425 2725 Ἀρμένιοι
453 2693 599 2726 προφανῶς
632 2693 777 2728 ἀρνοῦνται
805 2695 855 2730 τὴν

116 2746 135 2762 ¹¹
147 2747 218 2775 Joan.
232 2756 253 2780 ι,
271 2749 315 2776 ιι.
355 2750 399 2777 ¹³Ι
417 2750 487 2778 Tim.
502 2759 543 2784 ιιι,
561 2753 603 2779 i6.
645 2753 666 2768 “
682 2752 771 2780 Galat.
789 2761 808 2786 ι,
825 2754 851 2781 9.

118 2794 154 2830 (Ἰ)
166 2794 233 2830 ﬁdit.
249 2795 421 2830 ἁσυγχύτως.

118 2828 152 2866 (β)
165 2829 231 2866 Edit.
248 2828 341 2866 Cyrili.
357 2828 465 2866 γέγονε.

118 2864 151 2899 (9)
164 2864 326 2894 Αιιιιιιι.ὀςι
349 2864 430 2902 apud.
447 2869 541 2897 Ambr.
561 2870 608 2899 lib.
628 2871 665 2899 De
680 2870 788 2900 Iuram.
809 2881 854 2900 m-

953 1241 1011 1269 Xll.
1034 1241 1101 1269 Cum
1128 1241 1217 1276 itaque
1241 1241 1328 1269 aliena
1344 1249 1358 1269 a
1377 1241 1497 1274 Christo,
1517 1249 1549 1269 ac
1570 1243 1700 1277 apostolis

915 1289 1078 1325 deiferisque
1090 1287 1214 1316 Patribus
1226 1289 1350 1321 doceant,
1361 1288 1440 1316 alieni
1448 1296 1462 1316 a
1474 1289 1583 1318 Christo
1595 1291 1700 1318 consti-

915 1337 1036 1367 tuuntur,
1059 1341 1090 1361 ac
1117 1334 1258 1361 anathema
1283 1333 1446 1366 sortiuntur,
1463 1334 1501 1362 uti
1526 1335 1700 1370 magnusille

913 1378 1051 1413 apostolus
1063 1377 1162 1406 Paulus
1182 1378 1219 1405 ait
1237 1377 1288 1406 :Si
1300 1379 1359 1413 quis
1378 1378 1450 1405 vol/is
1467 1379 1699 1414 suaugelt'savcrit,

913 1428 1009 1457 praeter
1023 1421 1050 1449 id
1063 1421 1133 1457 quod
1149 1421 1295 1456 accepistis,
1312 1421 1452 1449 anathema
1472 1422 1507 1449 sit
1518 1422 1552 1450 ".
1567 1422 1697 1456 Proinde,

912 1472 972 1492 cum
983 1465 1084 1492 Chrisd
1099 1472 1208 1492 carnem
1224 1465 1249 1492 in
1263 1465 1371 1494 deitatis
1384 1471 1509 1493 naturain
1525 1474 1696 1502 conversam,

911 1517 944 1537 ac
964 1510 1075 1538 deitatis
1097 1509 1195 1538 factam
1217 1511 1489 1544 consubstantialem,
1507 1519 1556 1540 nec
1571 1513 1699 1541 Christus

911 1556 1023 1589 dixerit,
1048 1563 1097 1584 nec
1119 1556 1291 1592 evangelista;
1315 1558 1536 1593 conscripserint,
1561 1567 1611 1587 nec
1632 1567 1698 1595 apo-

911 1602 974 1629 stoli
987 1602 1136 1635 docuerint,
1150 1609 1200 1630 nec
1210 1603 1321 1630 trecenti
1330 1603 1423 1631 decem
1437 1608 1465 1631 et
1476 1609 1536 1632 octo
1548 1606 1633 1633 sancti
1645 1606 1697 1633 Pa-

913 1652 967 1675 tres
980 1647 1007 1675 in
1033 1648 1191 1683 exponenda
1216 1648 1269 1675 tide
1291 1651 1495 1683 proposuerint,
1509 1655 1556 1678 aut
1580 1652 1618 1680 rei
1635 1651 1694 1686 ejus

911 1694 1074 1721 mentionem
1095 1692 1219 1726 fecerint,
1234 1695 1378 1723 anathema
1403 1695 1458 1723 sint
1486 1696 1533 1724 Dei
1554 1697 1645 1726 hostes
1662 1706 1695 1726 ac

909 1739 1028 1767 haeretici
1042 1739 1070 1766 hi
1086 1740 1219 1772 Armenii,
1234 1739 1280 1775 qui
1293 1741 1480 1776 evangelizent
1490 1749 1522 1770 ac
1534 1744 1694 1778 praedicent,

910 1790 1008 1820 praeter
1036 1785 1061 1812 id
1079 1785 1150 1820 quod
1165 1785 1200 1812 ab
1219 1785 1271 1813 illis
1285 1791 1464 1820 acceperunt;
1481 1788 1630 1824 perdatque
1660 1790 1694 1817 il-

910 1835 949 1863 los
964 1836 1046 1868 Deus,
1057 1839 1085 1862 ut
1099 1835 1145 1870 qui
1161 1834 1308 1869 loquantur
1324 1838 1504 1871 mendacium,
1518 1840 1695 1874 quemadmo-

907 1880 971 1907 dum
995 1879 1076 1907 etiam
1102 1888 1214 1915 magnus
1236 1881 1280 1909 ille
1301 1882 1465 1911 Athanasius
1487 1884 1691 1914 Alexandrinus

909 1933 1026 1961 arguens
1043 1925 1103 1953 illos
1118 1926 1145 1952 in
1163 1925 1221 1954 htec
1234 1926 1317 1955 verba
1331 1928 1426 1956 scribit
1443 1937 1451 1956 :
1476 1937 1486 1956 ‹
1503 1929 1631 1963 Quisnam
1647 1931 1690 1958 in-

908 1972 1000 2000 fernus
1020 1978 1079 1999 eam
1105 1978 1197 1999 vocem
1211 1973 1342 2007 evomuit,
1359 1980 1412 2008 qua
1439 1974 1548 2007 dicitur,
1570 1976 1691 2010 ejusdem

905 2025 968 2046 esse
992 2018 1150 2045 substantiae
1176 2025 1292 2053 corpus,
1313 2025 1345 2046 ae
1369 2019 1451 2047 Deum
1471 2019 1590 2048 Verbum
1606 2022 1666 2057 (9)!
1679 2031 1689 2048 ι

908 2063 995 2091 Simili
1018 2070 1125 2098 quoque
1152 2063 1257 2091 ratione
1280 2063 1400 2099 Cyriiln
1422 2065 1624 2094 Alexandrinus
1650 2066 1689 2094 ita

906 2108 1003 2137 scribit
1028 2109 1062 2136 ad
1088 2108 1238 2137 Sncensum
1255 2109 1411 2145 episcopum
1427 2119 1435 2138 :
1452 2119 1463 2136 ι
1482 2111 1690 2141 Considerantes

909 2152 990 2188 igitur
1006 2153 1113 2181 modum
1128 2153 1339 2187 humanalionis,
1351 2154 1526 2190 intelligimus
1536 2155 1604 2184 duas
1619 2156 1690 2185 inter

873 2214 895 2242 υ
910 2205 939 2226 se
966 2198 1143 2225 indissolubili
1166 2197 1266 2226 unione
1289 2200 1450 2228 convenisse
1472 2204 1595 2234 naturas,
1621 2202 1689 2230 citra

909 2241 1096 2271 confusionem
1122 2248 1203 2278 atque
1222 2244 1398 2272 mutationem
1416 2245 1508 2274 ullam.
1525 2247 1597 2275 Caro
1616 2249 1688 2276 enim

906 2295 970 2316 caro
982 2293 1034 2320 est,
1047 2292 1074 2316 et
1100 2295 1153 2315 non
1179 2288 1317 2323 divinitas,
1333 2290 1441 2319 etiamsi
1462 2291 1509 2319 Dei
1533 2299 1598 2320 caro
1615 2293 1687 2322 facta

906 2338 949 2362 est
965 2343 972 2361 :
990 2334 1106 2369 itemque
1120 2333 1236 2363 Verbum
1251 2334 1321 2364 Deus
1334 2340 1387 2367 est,
1400 2332 1496 2364 etnon
1511 2344 1688 2373 σοι-ομισσιον

908 2380 950 2408 vis
963 2380 1160 2413 dispensatoris
1175 2381 1280 2409 ratione
1297 2382 1432 2417 propriam
1448 2383 1500 2410 sibi
1516 2383 1611 2411 fecerit
1624 2392 1686 2412 caro

907 2430 970 2450 nem
987 2422 1060 2457 '(10).
1078 2431 1088 2449 ›
1110 2423 1139 2450 Id
1167 2425 1240 2451 enim
1261 2432 1343 2453 unum
1364 2427 1471 2454 interim
1492 2427 1567 2463 itnpii
1595 2429 1687 2457 animo

907 2468 1084 2495 constitutum
1113 2468 1258 2502 trahentes,
1288 2475 1318 2498 ut
1343 2470 1446 2500 Christi
1470 2477 1569 2507 negent
1596 2473 1688 2501 incar-

907 2513 1055 2547 nationem,
1080 2515 1169 2541 omnia
1201 2515 1258 2544 hzc
1279 2516 1466 2551 blasphemant
1489 2524 1517 2545 et
1544 2519 1688 2547 remmini~

903 2564 1024 2586 scuntur.

1212 2607 1327 2635 CAPUT
1343 2609 1376 2636 ll.

1167 2652 1205 2680 De
1217 2654 1430 2682 Annuntiutione.

941 2695 1017 2729 Quod
1041 2702 1130 2725 autem
1149 2698 1269 2726 Armenii
1291 2699 1392 2728 Christi
1415 2701 1502 2736 palam
1522 2701 1688 2730 iucaruatio.

906 2810 995 2840 cram:
1005 2811 1063 2840 cap.
1080 2804 1108 2840 β.

944 2838 999 2874 (i0)
1014 2838 1106 2876 cyrm.
1125 2839 1204 2874 epist.
1222 2840 1247 2873 Ι,
1264 2840 1296 2868 ad
1310 2840 1375 2869 Suc.
