1875 3056
197 88 263 121 1171

732 96 858 128 ISAACI
876 99 1063 131 ΑΒΜΕΝῙᾸΞ
1083 100 1289 134 CATHOLICI

1762 105 1815 139 iii"!

193 149 240 180 tia,
255 148 344 183 utqui
359 147 430 177 Deus
451 157 531 177 verus
552 158 584 179 ac
600 151 671 180 Patri
694 153 729 182 sit
756 157 953 185 t‘onsubslanti:

1043 159 1077 185 ιαὶ
1096 159 1243 195 ὀμοούσιος
1259 161 1326 196 ἡμῖν
1340 162 1411 189 κατά
1425 161 1456 189 τὸ
1465 162 1558 199 σῶμα,
1571 162 1679 200 ὁρατὸς
1699 162 1750 190 καὶ
1770 172 1815 191 κτι-

190 192 225 221 tis
244 201 252 220 :
267 193 356 229 sitque
371 203 476 223 rursum
496 204 559 224 vere
571 198 652 227 etiam
670 199 762 234 homo,
778 201 898 237 ejusdem
928 211 976 231 no-

193 236 298 264 hiscum
316 238 486 275 substantiae,
506 243 577 277 quod
589 248 695 278 spectat
711 246 744 273 ad
769 236 878 281 corpus,
909 248 976 276 visi-

191 282 265 317 bilis,
280 289 402 319 creatus,
426 291 562 321 terrenus,
589 291 722 323 mortalis,
751 294 899 327 passibilis,
921 296 976 323 cir‘

189 332 391 366 cumscriptus;
420 334 466 369 qui
485 343 536 362 non
551 337 644 370 utique
656 338 723 365 duas
741 339 828 374 palam
863 344 975 369 naturas

190 375 237 404 Dei
251 384 282 404 ac
293 378 409 406 hominis
422 380 537 408 habeat?
551 381 629 410 Modo
644 383 717 410 enim
735 384 854 414 haeretici
876 387 973 416 Arme-

188 421 226 448 nii
241 423 330 450 omnia
347 423 403 452 haec
418 425 444 452 in
457 424 568 455 Christo
593 428 747 464 admittant,
772 430 910 467 Deumque
939 434 974 460 il-

188 466 242 494 lum
259 475 292 495 ac
305 468 443 497 hominem
460 472 652 507 conﬁteantur,
680 474 734 502 Deo
746 483 778 504 ac
809 466 884 505 Patri
903 486 972 507 eon-

186 513 405 549 substantialem,
418 516 593 554 ejusdemque
607 520 782 550 nihilominus
797 530 860 550 cum
881 524 972 552 homi-

186 559 267 587 nibus
281 561 452 596 substantiae,
469 564 608 593 caelestem
622 573 655 594 ac
671 570 809 596 terrenum
820 589 828 602 ,
850 575 971 599 creatum

185 611 217 631 ac
228 604 394 639 iucreatum,
410 609 551 636 mortalem
576 617 608 638 ac
634 610 831 647 immortalem;
856 616 972 649 passibi-

185 649 238 677 lem
253 657 286 678 ac
299 651 493 686 impassihilem
507 663 514 688 ;
528 655 612 684 oculis
629 657 777 692 subiectum
791 667 823 687 ac
840 667 893 688 non
908 661 972 689 sub-

184 693 301 729 iectum;
316 697 375 725 sine
385 703 460 732 patre
476 707 508 727 ac
532 700 591 729 sine
607 707 713 736 matre;
731 704 968 743 circumscriptum

183 747 215 766 ac
232 739 497 779 incircumscriptum
511 754 520 779 ;
537 746 695 781 dummodo,
711 749 835 784 inquam,
849 751 906 780 haec
932 753 969 781 illi

183 786 272 813 onmia
287 786 314 814 in
329 787 438 817 Christo
453 790 567 818 veritate
582 793 740 828 prsedicent,
751 795 853 830 liquido
866 802 894 824 et
917 798 967 833 ipsi

183 830 250 859 duas
264 831 290 858 in
304 839 337 859 eo
351 839 476 868 naturas,
503 835 699 871 velintnolint,
730 838 875 868 allirmant.
905 830 969 870 Ilaec
986 835 1006 862 Β

181 876 282 911 quippe
298 877 435 912 universa,
451 877 564 916 propria
577 887 640 910 sunt
652 883 766 918 duplicis
785 891 899 916 naturae.
922 887 968 915 Si-

182 922 289 955 quidem
306 929 370 951 vero
387 924 454 953 duas
470 926 496 953 in
508 925 617 955 Christo
634 934 743 956 naturas
755 930 906 959 detrectant
928 933 969 960 di-

180 974 252 1001 cere,
266 969 354 1003 palam
367 976 494 999 asserunt
507 979 615 1007 spectro
632 979 710 1002 lenus
733 975 851 1004 hominis
877 978 968 1010 specie

181 1014 349 1048 apparuisse,
363 1023 417 1044 non
431 1024 493 1044 vere
503 1018 671 1046 incarnatum
683 1027 754 1048 esse.
767 1020 835 1049 Nam
853 1023 965 1059 alioqui,

181 1065 241 1086 cum
254 1060 307 1086 duo
316 1061 424 1088 nomina
432 1061 458 1089 in
469 1061 589 1097 Christo,
600 1063 682 1092 Deum
689 1068 716 1092 et
728 1065 863 1094 hominem
873 1068 966 1097 dicant

180 1103 268 1132 insani
286 1105 403 1140 ratione,
417 1111 551 1140 naturam,
563 1109 614 1137 hoc
629 1114 681 1141 est,
697 1109 810 1139 alterius
825 1113 964 1141 nominum

179 1150 332 1184 veritatem,
344 1157 453 1187 negant.
469 1153 650 1187 Quamobrem
670 1161 808 1192 comperta
839 1165 884 1186 res
909 1163 963 1192 est,

179 1195 280 1223 nudum
295 1205 395 1225 nomen
414 1198 590 1229 humanitatis
608 1201 708 1235 dicere,
725 1207 800 1231 utne
815 1211 964 1240 arguantur

178 1246 307 1276 tanquam
326 1242 466 1272 Manichaei
480 1254 487 1273 :
502 1253 559 1274 rem
582 1251 674 1275 autem
704 1249 833 1283 nominis,
864 1258 962 1286 nempe

1032 204 1106 238 στὺς,
1121 207 1168 232 καὶ
1181 207 1344 241 χοῖκὺς,καὶ
1377 208 1485 243 θνητὸς,
1517 210 1566 236 καὶ
1604 209 1749 244 παθητὸς,
1780 210 1816 236 ui

1031 252 1224 287 περιγραπτός
1239 261 1246 268 ·
1262 253 1321 285 πῶς
1339 253 1393 288 ἆρα
1406 255 1456 281 οὐκ
1470 254 1527 289 ἔχει
1543 254 1591 282 δύο
1627 255 1734 289 φύσεις
1763 263 1816 289 πρι-

1029 297 1131 331 ῳανῶς,
1147 298 1214 325 Θεοῦ
1225 299 1273 326 καὶ
1283 299 1444 335 ἀνθρώπους
1462 301 1525 327 Ἐὰν
1536 301 1592 336 γὰρ
1605 301 1656 327 καὶ
1675 301 1703 327 οι
1727 302 1815 336 αἱρετι-

1030 343 1074 370 κοὶ
1092 344 1229 379 ’Δρμένιοι
1239 345 1324 372 ταῦτα
1335 345 1425 372 πάντα
1437 346 1565 377 λέγουσιν
1571 345 1646 373 εῖναι
1662 347 1694 373 ὲν
1706 346 1813 381 Χριστῷ.

1033 388 1081 414 καὶ
1089 387 1265 423 ὁμολογοῦσιν
1278 389 1358 416 αὑτὸν
1367 390 1432 418 Θεὸν
1443 391 1491 418 καὶ
1502 391 1662 426 ἄνθρωπον,
1682 390 1814 426 ὁμωύσῑτν

1027 434 1086 469 Θεῷ
1100 434 1145 461 καὶ
1157 434 1300 470 ὀμοούοιον
1312 437 1369 468 τοῖς
1383 436 1687 472 ἀνθρώποις,οὑράνιον
1704 437 1751 463 καὶ
1766 438 1815 462 ἐπ’·

1027 487 1100 513 γειον
1110 487 1117 494 ·
1139 481 1248 507 κτιστδν
1262 481 1310 508 καὶ
1323 481 1451 509 ἄκτιστον
1467 490 1474 497 ·
1491 481 1588 517 θνητὸν
1598 483 1649 509 καὶ
1666 482 1812 509 ἀθάνατον·

1025 524 1149 560 παθητὸν
1181 526 1228 552 καὶ
1253 526 1361 564 ἀπαθῆ·
1375 528 1471 563 όρατδν
1487 528 1535 555 καὶ
1545 529 1667 565 ἀόρατον
1677 536 1684 544 °
1701 529 1814 563 ἀπὰτῡρι

1027 571 1074 597 καὶ
1100 571 1241 607 ἀμήτορα·
1257 573 1443 608 περιγραπτὸν
1458 574 1505 601 καὶ
1519 575 1736 610 ἀπερίγραπτον
1753 582 1761 590 ·
1775 575 1814 600 ἐὰν

1026 616 1094 652 γὰρ,
1110 616 1148 648 ὡς
1165 615 1252 651 εἷπον,
1268 618 1297 645 ἐν
1311 618 1424 654 ἀληθείᾳ
1437 619 1524 646 ταῦτα
1550 620 1643 647 πάντα
1664 621 1695 647 ὲν
1713 620 1814 655 Χριστῷ

1024 662 1201 698 κηρύττουσι,
1225 663 1359 700 πρόδηλον
1381 666 1423 692 ὅτι
1447 664 1494 692 δύο
1510 665 1619 699 φύσεις,
1633 666 1686 692 καὶ
1703 666 1779 692 αὑτοί
1791 667 1814 691 ὲν

1026 707 1099 742 αὐτῷ
1116 707 1239 742 λέγουσι,
1263 709 1315 736 κᾶν
1331 709 1370 745 μὴ
1390 709 1499 738 θέλωσι.
1530 710 1626 738 Ταῦτα
1649 711 1710 746 γὰρ
1735 712 1814 738 πάντα

1008 753 1070 779 ’δύο
1087 753 1194 788 φύσεών
1211 755 1281 782 εἰσιν
1298 755 1443 791 ἰδιώματα.
1463 756 1494 783 El
1511 757 1540 784 δὲ
1570 757 1619 784 δύο
1645 756 1748 791 φύσεις
1774 758 1814 783 ἔτι

1023 799 1148 836 Χριστοῦ
1158 800 1306 836 ἀρνοῦνται
1324 801 1426 836 λέγειν,
1445 802 1593 837 προφανῶς
1625 803 1656 829 ὲν
1684 803 1812 838 φαντασίᾳ

1020 844 1102 871 αὑτὸν
1117 845 1234 880 φανῆναι
1252 846 1376 880 λέγουσιν
1392 847 1430 879 ὡς
1444 847 1601 883 ἄνθρωπον,
1619 848 1672 874 καὶ
1690 848 1744 873 οὐκ
1757 847 1802 880 diu

1022 889 1084 926 θείᾳ
1099 891 1286 926 σαρκωθῆναι.
1303 892 1382 919 Ἐπεὶ
1400 894 1424 920 ει
1440 893 1477 929 μὴ
1494 892 1528 929 ἦν
1557 893 1652 927 τοῦτο,
1685 894 1746 925 πῶς
1773 894 1812 920 δύο

1019 935 1141 971 ὀνόματα
1154 936 1220 963 Θεὸν
1233 938 1280 965 καὶ
1296 938 1443 974 ἄνθρωπον
1464 939 1510 966 ἐπὶ
1527 939 1652 975 Χριστοῦ
1680 939 1811 973 λέγονπ,

1019 981 1110 1016 φύσιν,
1124 983 1249 1010 τουτέστι
1261 984 1311 1019 τὴν
1325 983 1454 1018 ἀλήθειαν
1470 984 1516 1011 τοῦ
1537 985 1597 1016 ἑνὸς
1613 985 1754 1020 ὀνόματος
1769 987 1812 1020 ἀρ-

1018 1028 1126 1055 νοῦνται
1142 1028 1167 1055 οἱ
1185 1029 1385 1065 ματαιόφρονες
1403 1039 1410 1063 ;
1430 1031 1510 1058 Ὀθεν
1523 1031 1676 1066 πρόδηλον,
1716 1032 1758 1058 ὅτι
1785 1031 1811 1056 τὸ

1018 1072 1104 1108 ὄνομα
1121 1074 1201 1109 μόνον
1214 1074 1263 1109 τῆς
1275 1075 1485 1111 ἀνθρωπότητος
1499 1075 1641 1110 λέγουσιν,
1656 1077 1707 1103 ἴνα
1729 1077 1766 1111 μὴ
1779 1077 1810 1108 ὡς

1017 1119 1165 1154 Μανιχαῖοι
1181 1119 1350 1156 ἐλεγχθῶσι·
1369 1121 1400 1148 τὸ
1411 1121 1439 1148 δὲ
1458 1123 1576 1157 πρᾶγμα
1589 1121 1641 1149 τοῦ
1671 1122 1809 1156 ὀνόματος.

1017 1164 1068 1200 τὴν
1077 1165 1159 1199 φύσιν
1168 1166 1217 1193 καὶ
1229 1167 1279 1202 τὴν
1291 1166 1422 1202 ἀλήθειαν
1436 1167 1583 1204 ἀρνοῦνται
1593 1177 1602 1184 ·
1611 1169 1660 1195 καὶ
1667 1168 1717 1195 διὰ
1727 1168 1809 1200 τοῦτο,

1017 1210 1063 1237 καὶ
1081 1210 1126 1238 τὸν
1138 1211 1355 1249 Εὐαγγελισμδν,
1366 1213 1414 1240 καὶ
1424 1213 1472 1250 τὴν
1480 1214 1612 1249 Γέννησιν
1630 1214 1722 1242 αὐτοῦ
1736 1213 1810 1241 οὐδα-

1017 1255 1075 1290 μῶς
1089 1256 1275 1292 ἑορτάζουσιν.

178 1293 302 1316 naturam
320 1297 353 1318 ac
370 1291 523 1326 veritatem,
536 1299 654 1329 negare:
677 1302 710 1322 ac
723 1294 783 1323 ideo
799 1303 850 1325 nec
865 1291 1126 1329 Aununciationemr
1140 1302 1318 1338 Dominicam,
1337 1310 1388 1331 nec
1416 1303 1474 1339 elus
1490 1302 1671 1333 Nativitatem
1702 1312 1807 1341 prorsus

175 1335 326 1365 celebrare.

489 1390 603 1420 CAPUT
621 1393 652 1421 V.

410 1437 451 1464 De
463 1437 563 1466 Christi
573 1439 725 1469 sudoribus.

209 1480 430 1519 Pervestigemus
453 1492 528 1518 vero,
558 1493 627 1520 quas
653 1486 693 1514 illi
716 1487 836 1522 reliquas
866 1496 961 1519 omnes

176 1525 357 1562 hlasphemias
371 1537 403 1557 ac
416 1530 605 1564 iuticiationes,
618 1533 748 1561 adversus
771 1533 908 1563 Christum
928 1543 961 1564 ac

1266 1394 1466 1424 ΚΕΦΑΛΑΙΟΝ
1482 1396 1521 1424 Ε’.

1144 1441 1214 1476 Περὶ
1228 1442 1289 1470 τῶν
1305 1443 1434 1477 ἱδρώτων
1446 1443 1500 1470 τοῦ
1517 1444 1664 1479 Χριστοῦ.

1048 1489 1088 1516 A’.
1105 1489 1314 1525 Ἐρευνήσωμεν
1323 1492 1371 1518 καὶ
1386 1491 1436 1522 τὰς
1449 1492 1540 1523 πάσας
1556 1492 1650 1518 αὐτῶν
1685 1492 1803 1528 βλασςθη-

1015 1533 1080 1569 μιας
1094 1535 1142 1562 καὶ
1156 1535 1298 1570 ἀρνήσεις,
1315 1535 1348 1568 ὃς
1368 1536 1439 1563 κατὰ
1449 1537 1569 1571 Χριστοῦ
1584 1537 1634 1564 καὶ
1649 1538 1702 1564 τοῦ
1721 1539 1804 1572 Εὐαγ-

174 1571 362 1608 Evangelium,
379 1576 569 1611 apostolosque
593 1585 626 1605 ac
640 1583 749 1607 sanctos
770 1579 864 1609 Patres
892 1589 953 1610 con-

1045 1581 1115 1615 λιου,
1129 1582 1243 1609 καὶτῶν
1258 1583 1426 1615 ἀποστόλων,
1438 1584 1486 1610 καὶ
1501 1583 1556 1610 τῶν
1572 1584 1663 1618 ἁγίων
1677 1585 1802 1617 Πατέρων

175 1617 321 1646 ﬁnxerunt.
347 1619 415 1648 Cum
448 1621 574 1651 Christus
616 1631 673 1651 suae
711 1626 806 1653 mortis
838 1631 960 1662 tempore

174 1673 266 1698 orans,
291 1674 323 1694 ac
352 1668 474 1696 sudorem
496 1674 622 1703 tanquam
654 1676 743 1708 guttas
769 1675 907 1709 sanguinis
937 1675 960 1692 "

174 1711 305 1746 deﬂuens,
317 1722 374 1742 sua:
387 1716 478 1743 carnis
491 1720 615 1744 naturam
646 1723 767 1752 astruat;
797 1721 960 1757 Christoque

175 1757 350 1788 adversantes
362 1760 482 1788 Armenii
498 1762 536 1796 hi,
550 1762 609 1797 ejus
617 1771 649 1790 ex
672 1763 818 1800 Evangelio
845 1768 958 1794 sudores

173 1803 356 1838 ohliterarint,
384 1807 430 1841 qui
456 1815 508 1834 non
536 1809 624 1842 palam
646 1809 691 1837 Dei
714 1811 863 1840 adversarii
884 1813 960 1841 sint?

171 1847 229 1875 Nisi
242 1850 313 1876 enim
326 1857 421 1878 revera
450 1859 484 1880 eo
504 1853 557 1881 tale
583 1854 688 1882 facinus
716 1863 956 1893 praesumpserunt,

171 1895 235 1930 quia
260 1903 353 1924 veram
384 1897 486 1926 Christi
513 1899 728 1930 incarnationem
753 1903 868 1932 inliciari
900 1905 957 1933 vel-

172 1940 237 1975 lent,
264 1943 408 1970 ostendant
433 1943 510 1972 nobis
538 1945 612 1980 impii
623 1946 755 1981 homines,
779 1950 954 1984 quamobrem

169 1985 271 2013 Christi
287 1986 324 2013 ita
337 1987 451 2015 sudores
466 1991 668 2023 expunxerint?
686 1998 731 2020 aut
747 1994 882 2028 quomodo
912 2003 957 2023 sa-

171 2030 441 2064 pientioresChristo
452 2036 668 2071 etevaugelistis
694 2045 726 2066 ac
754 2040 885 2077 apostolis
914 2041 954 2068 ef-

170 2075 245 2109 fecti,
274 2077 328 2105 tale
354 2079 419 2113 quid
438 2086 596 2116 perpetrare
630 2083 690 2112 ausi
719 2085 793 2112 sint?
813 2075 954 2121 Siquidem

167 2122 241 2149 enim
269 2130 334 2152 vere
360 2124 446 2153 Deum
462 2127 637 2162 conﬁtentur,
660 2131 795 2165 quomodo
825 2140 878 2160 non
908 2133 953 2161 Dei

168 2168 262 2197 hostes
276 2171 389 2199 veritate
400 2173 545 2207 exsistunt,
565 2183 626 2202 cum
646 2183 706 2211 quae
725 2177 769 2205 ille
791 2184 899 2213 praestat
921 2187 953 2208 ac

168 2215 300 2254 loquitur,
330 2217 382 2252 ipsi
410 2220 562 2254 approbare
595 2229 627 2250 ac
645 2224 764 2258 recipere
779 2225 885 2253 nolint?
907 2226 951 2254 Si-

167 2261 276 2295 quidem
291 2262 362 2290 enim
379 2263 503 2293 Christus
520 2273 595 2294 more
611 2268 728 2296 hominis
744 2275 884 2305 operatur,
898 2279 952 2306 quo

165 2314 222 2334 sua
235 2308 324 2336 carnis
338 2313 463 2337 naturam
474 2313 621 2341 astruxerit
638 2321 645 2341 :
657 2315 703 2349 qui
718 2316 810 2344 omnia
824 2317 949 2345 inﬁcian-

165 2356 212 2380 tur
222 2358 303 2388 atque
313 2360 448 2390 evertunt,
464 2358 509 2392 qui
524 2358 637 2387 omnino
655 2360 816 2397 Christiani,
840 2371 874 2392 ac
895 2371 950 2392 non

165 2400 254 2434 magis
270 2400 373 2429 Christi
389 2403 538 2453 advers‘arii
554 2405 632 2434 sint?

462 2532 578 2561 CAPUT
592 2533 636 2562 Vl.

372 2576 411 2604 De
426 2586 504 2612 pane,
519 2579 592 2613 vino,
611 2586 635 2608 ει
653 2589 732 2617 aqua.

197 2629 218 2657 ι.
233 2629 274 2658 Ad
286 2631 345 2659 haec
358 2639 463 2667 rursus,
481 2641 542 2662 cum
552 2635 676 2666 Christus
685 2638 821 2674 accipiens
835 2648 945 2675 panem,

162 2674 284 2710 dansque
296 2677 435 2712 discipulis
446 2679 502 2707 suis
516 2681 614 2710 dixerit
627 2691 634 2710 :
652 2680 777 2719 Accipite,
790 2674 918 2715 comedit:

161 2719 210 2747 hoc
226 2725 265 2748 est
282 2729 376 2756 corpus
396 2733 482 2753 uicum
503 2726 547 2760 '7;
568 2735 600 2755 ac
629 2728 755 2758 similiter
782 2739 844 2759 cum
872 2733 946 2762 acci-

199 2811 220 2827 ⁸⁵
230 2812 294 2841 Luc.
313 2822 391 2849 nm,
410 2816 456 2844 Η.
496 2817 516 2834 ¹⁷
534 2817 628 2849 Matth.
653 2828 726 2856 xm,
753 2821 799 2850 26.

1012 1627 1180 1656 ὲπλάσαντο.
1196 1628 1242 1655 Ἐν
1254 1628 1294 1664 τῷ
1305 1628 1393 1664 καιρῷ
1411 1628 1458 1655 τοῦ
1474 1629 1580 1661 Πάθους
1612 1629 1661 1656 τοῦ
1687 1631 1802 1665 Χριστοῦ

1011 1673 1242 1708 προσευχομένου,
1261 1674 1308 1700 καὶ
1320 1674 1435 1709 ῑδρῶτας
1446 1674 1515 1701 ὡσεὶ
1530 1675 1675 1710 θρόμϐους
1691 1677 1803 1710 αἳματος

1011 1717 1231 1752 ρεύσαντος,καὶ
1244 1718 1294 1754 τὴν
1321 1719 1402 1754 φύσιν
1428 1719 1477 1754 τῆς
1507 1721 1611 1755 σαρκὸς
1643 1721 1733 1747 αὑτοῦ
1761 1721 1803 1756 βε-

1012 1763 1165 1797 ϐαιοῦντος,
1191 1761 1266 1791 οῦτοι
1291 1765 1316 1791 oi
1346 1765 1525 1800 χριστομάχοι
1555 1766 1713 1801 Ἀρμένιοι,
1745 1768 1802 1797 τοὺς

1011 1808 1127 1842 ἱδρῶτας
1145 1808 1229 1836 αὐτοῦ
1253 1809 1285 1836 ἐκ
1302 1809 1349 1836 τοῦ
1381 1810 1547 1844 Εὑαγγελίου
1584 1811 1801 1846 ἀπαλείψαντες.

1009 1854 1069 1885 πῶς
1083 1854 1133 1881 οὐκ
1147 1854 1201 1881 εἰσὶ
1219 1855 1367 1891 προφανῶς
1381 1855 1510 1891 θεομάχοι
1523 1864 1530 1889 ;
1557 1856 1590 1883 El.
1608 1857 1665 1892 γὰρ
1681 1859 1720 1892 μή
1731 1858 1800 1884 ἐστιν

1009 1899 1120 1935 ἀληθὲς,
1136 1900 1177 1927 ὅτι
1194 1901 1243 1936 τὴν
1252 1900 1382 1936 ἀλήθειαν
1398 1902 1516 1938 Χριστοῦ
1532 1903 1706 1936 σαρκώσεως
1716 1904 1801 1939 ἀρνεῖ-

1008 1944 1072 1971 σθαι
1088 1945 1262 1981 θελήσαντες,
1277 1946 1358 1974 τοῦτο
1377 1948 1490 1982 ποιῆσαι
1509 1949 1661 1984 τολμηρῶς
1677 1950 1731 1976 οὐκ
1742 1952 1800 1984 ἐφε-

1007 1991 1131 2027 δήθησαν
1143 1999 1151 2008 ⁶
1166 1992 1332 2025 δειξάτωσαν
1347 1994 1412 2029 ἡμῖν
1427 1995 1451 2020 οἱ
1476 1992 1596 2026 ’ἀσεϐεῖς
1632 1995 1687 2030 τὴν
1715 1997 1800 2022 αἰτίαν

1006 2037 1057 2073 τῆς
1074 2038 1127 2065 τῶν
1141 2038 1261 2074 ἱδρώτων
1276 2039 1561 2076 Χριστοῦἀπαλειφῆς
1576 2049 1582 2056 ·
1603 2041 1621 2076 ῆ
1643 2042 1709 2073 πῶς
1735 2051 1797 2076 φρφ

1008 2084 1155 2120 νιμώτεροι
1171 2084 1218 2111 τοῦ
1231 2085 1350 2120 Χριστοῦ
1365 2086 1519 2121 γενόμενοι,
1535 2088 1583 2114 καὶ
1597 2087 1656 2114 τῶν
1685 2089 1799 2123 εὐαγγε-

1008 2130 1108 2158 λιστῶν
1124 2130 1171 2157 καὶ
1183 2131 1352 2163 ἀποστόλων,
1385 2132 1465 2159 τοῦτο
1492 2134 1596 2166 πρᾶξαι
1629 2135 1797 2170 ἐτόλμησαν.

1013 2176 1077 2203 Ἐὰν
1089 2177 1142 2212 γὰρ
1167 2176 1234 2204 Θεὸν
1244 2177 1351 2213 ἀληθῶς
1366 2178 1539 2212 ὁμολογοῦσι,
1553 2181 1613 2211 πῶς
1624 2180 1738 2215 ἀληθῶς
1753 2181 1798 2206 οὐκ

1006 2221 1061 2249 εἰσὶ
1077 2221 1224 2256 θεομάχοι,
1249 2223 1290 2249 ὅτι
1313 2222 1386 2258 ἅπερ
1414 2224 1518 2256 ἐκεῖνος
1534 2226 1609 2252 ποιεῖ
1638 2227 1688 2252 καὶ
1715 2227 1797 2260 φθέγ-

1006 2277 1095 2302 γεται,
1111 2265 1185 2295 οὗτοι
1198 2269 1350 2305 ἀρεσθῆναι
1363 2270 1393 2296 οὐ
1409 2271 1604 2306 καταδὲχονται
1616 2281 1625 2304 ;
1638 2272 1671 2298 Et
1686 2274 1736 2307 μὲν
1747 2274 1797 2307 γὰρ

1005 2315 1020 2340 ὁ
1031 2314 1149 2348 Χριστὸς
1161 2315 1269 2350 ἐνεργεῖ
1285 2316 1476 2350 ἀνθρωπίνως,
1492 2318 1542 2353 τὴν
1562 2319 1647 2353 φύσιν
1664 2319 1719 2352 τῆς
1732 2327 1797 2354 σαρ-

1005 2359 1053 2391 κὸς
1068 2359 1153 2386 αὐτοῦ
1170 2360 1362 2388 πιστώσασθαι
1378 2361 1540 2397 βουλόμενος
1554 2371 1561 2378 ·
1595 2363 1673 2399 ᾇπερ
1695 2366 1797 2396 ἐκεῖνος

1002 2404 1111 2439 ἐνεργεῖ
1118 2405 1164 2432 καὶ
1174 2405 1323 2440 φθέγγεται
1340 2407 1520 2443 ἀνθρωπίνως
1530 2409 1623 2436 πάντα
1648 2411 1797 2447 ἀρνοῦντες

1003 2449 1050 2476 καὶ
1060 2450 1269 2486 ἀνατρέποντες,
1280 2453 1338 2485 πῶς
1350 2453 1419 2486 ὅλως
1432 2455 1593 2490 Χριστιανοι
1620 2457 1691 2490 εισι,
1710 2459 1758 2484 καὶ
1768 2458 1796 2484 οὗ

1005 2496 1105 2531 μᾶλλον
1114 2498 1294 2533 χριστυμάχοι
1306 2507 1314 2532 ;

1281 2544 1479 2574 ΚΕΦΑΔΛΙΟΝ
1492 2548 1538 2581 ς’.

1002 2587 1072 2623 Περὶ
1084 2587 1137 2615 τοῦ
1154 2588 1256 2624 ἄρτου,
1271 2590 1319 2618 καὶ
1331 2592 1385 2619 τοῦ
1399 2593 1495 2625 οινου,
1509 2593 1558 2620 καὶ
1583 2594 1640 2621 τοῦ
1673 2595 1792 2630 ὓδατος.

1038 2643 1078 2671 A'.
1093 2643 1160 2672 Εἴτσ.
1174 2646 1256 2673 πάλιν
1270 2647 1316 2674 τοῦ
1333 2649 1450 2683 Χριστοῦ
1465 2649 1599 2682 λαϐόντος
1626 2651 1724 2687 ἄρτον,
1747 2653 1790 2679 καὶ

1000 2689 1091 2722 δόντος
1107 2692 1163 2723 τοῖς
1180 2692 1314 2728 μαθηταῖς
1328 2693 1421 2726 αὐτοῦ,
1434 2695 1480 2722 καὶ
1497 2696 1624 2728 εἰπόντος
1637 2705 1644 2712 ·
1670 2698 1789 2729 Λάϐετε.

1001 2734 1108 2770 φάγετε
1121 2743 1128 2750 ⁸
1144 2737 1232 2765 τοῦτό
1242 2738 1307 2766 ἐστι
1323 2739 1357 2767 τὸ
1381 2739 1468 2775 σῶμά
1482 2749 1545 2775 μου
1559 2750 1568 2759 '
1590 2742 1728 2776 ὡσαύτως
1746 2744 1787 2771 ul
