1875 3056
50 159 122 192 1157

592 155 738 188 ORATIO
759 155 908 186 CONTRA
929 154 1137 186 ABMENIOS.

1616 154 1686 189 1158

47 226 127 252 γονε,
153 216 199 244 καὶ
221 216 271 242 οὐκ
297 214 354 250 ἔχει
375 215 389 242 ὁ
411 214 528 250 Χριστὸς
555 214 584 240 ὲν
609 212 683 248 αὑτῷ
707 214 780 238 σώαν

946 209 1048 238 inilatis
1069 210 1237 237 demutatam
1258 209 1345 243 aiunt,
1358 217 1408 238 nec
1422 209 1572 247 Christum,
1588 212 1685 241 humata

47 263 193 298 ἡμετέραν
207 260 289 296 φύσιν
303 269 310 276 ·
325 260 355 286 οὺ
368 259 447 295 σῶμα
459 259 525 294 ἡμῖν
537 258 679 293 ὀμοοὺσιον
690 277 697 288 ,
712 257 742 283 οὐ
756 258 845 292 σάρκα

47 309 102 336 καὶ
126 308 210 335 ὀστᾶ·
226 308 257 334 οὺ
283 306 407 341 κεφαλήν
420 314 427 322 '
444 305 474 332 οὐ
497 306 593 340 χεῖρας
618 304 664 330 καὶ
690 303 775 334 πόδας
791 311 798 318 ·
812 303 844 329 οὐ

48 355 148 390 σχῆμα
171 352 317 388 ἀνθρώπου
330 361 338 369 ·
359 352 428 379 ἀλλὰ
443 351 556 386 γέγονεν
572 350 674 379 ἁπλοῦς
693 350 739 376 καὶ
762 348 846 375 ἀσύν-

48 400 141 432 οετος,
155 399 251 434 ὥσπερ
264 396 297 434 ἦν
311 398 358 425 καὶ
370 398 422 433 πρὸ
431 398 479 433 τῆς
493 397 666 433 σαρκώσεως.
680 397 734 423 Καὶ
748 395 843 431 ὥσπερ

49 443 163 477 σταγὼν
177 442 308 478 μέλιτοςῆ
323 442 400 475 ὄξους
417 442 631 477 συνανακραθὲν,
647 442 695 469 καὶ
708 450 844 468 καταπον-

47 488 144 515 τισθὲν
159 489 189 514 ὲν
203 487 317 522 πελάγει
328 487 381 523 τῆς
394 487 541 524 Θαλάσσης,
555 488 646 514 οὐκέτι
661 487 767 523 ὁρᾶται,
781 485 843 513 οὔτε

48 534 222 568 ὑφίσταται·
237 533 325 566 οὕτως
343 534 410 568 φασὶ
432 534 479 561 καὶ
493 534 524 560 τὸ
539 533 619 569 σῶμα
636 534 723 561 ἐκεῖνο
745 534 775 560 ὲν
793 529 814 567 ᾧ
829 533 843 559 ὁ

47 580 170 614 Χριστὸς
191 580 229 615 (2)
254 580 380 614 ἀνέλαϐε,
402 580 609 616 συνανακραοὲν
629 580 677 606 καὶ
703 588 842 606 καταπον-

47 624 146 650 τισΟὲν
166 625 194 651 ὲν
223 624 340 658 πελάγει
367 624 418 658 τῆς
436 624 574 659 Θεότητος,
593 624 684 650 οὐκέτι
700 624 794 658 ὁρᾶται
813 624 843 649 ἐν

47 671 176 706 Χριστῷ,
199 671 262 698 οὔτε
280 671 349 698 σῶον
365 671 394 698 ὲν
406 671 480 706 αὖτῷ
496 671 654 706 ὑφίσταται,
676 670 739 697 οὔτε
761 670 843 702 σώζει

47 717 102 751 τὴν
120 717 218 744 ἑαυτοῦ
237 717 329 751 φύσιν,
356 716 418 744 οὕτε
435 718 567 751 φυλάττει
588 717 638 751 τὴν
661 716 758 744 ἑαυτοῦ
777 717 842 743 ἰδιόυ

47 771 122 796 τητα
135 771 142 778 ·
158 763 206 789 καὶ
219 763 265 790 διὰ
277 762 357 790 τοῦτό
367 771 460 798 φασιν,
476 762 527 789 οῦκ
541 764 610 789 εἰσιν
627 764 656 790 ὲν
669 762 780 798 Χριστῷ
796 762 842 789 δύο

49 809 162 842 φύσεις,
181 809 305 845 θεότητος
319 809 365 836 καὶ
379 809 601 845 ἀνθρωπότητος·
613 809 680 836 ἀλλὰ
697 809 747 842 μία
762 808 842 843 φύσις

48 855 101 890 ὅλη
125 855 175 890 τῆς
199 855 338 892 θεότητος.
355 856 437 883 Ὅθεν
457 857 504 883 καὶ
526 856 575 888 τὰς
598 855 764 891 παραδόσεις
791 857 841 890 τῆς

48 901 203 936 καθολικῆς
239 902 423 938 Ἐκκλησίας,
452 902 500 929 καὶ
526 902 581 929 τῶν
611 902 768 937 μυστηρίων
794 901 842 928 τοῦ

48 947 184 982 Χριστοῦ,
205 948 277 975 κατὰ
290 948 340 984 τὴν
362 948 427 984 μίαν
443 947 536 983 φύσιν,
550 947 583 983 ἣν
599 948 627 974 ὲν
636 947 746 983 Χριστῷ
762 947 843 982 βλασ-

49 994 194 1029 φημοῦσι,
228 995 319 1026 πάσας
358 994 616 1030 μεταστρέψαντες,
653 994 843 1029 παραπλήσιον

47 1040 157 1072 ταύτας
181 1041 400 1075 ἐκαινοτόμησαν
413 1047 420 1055 '
440 1041 488 1068 καὶ
510 1040 560 1076 τὴν
582 1039 727 1067 κοινωνίαν
743 1040 770 1066 δὲ
788 1039 843 1066 τῶν

51 1088 227 1122 μυστηρίων,
243 1088 326 1123 ἧγουν
343 1088 392 1123 τὴν
407 1087 502 1115 θυσίαν
513 1088 558 1114 τοῦ
574 1088 669 1123 ἄρτου,
682 1087 731 1122 τῆς
744 1086 844 1122 σαρκὸς

49 1131 103 1157 τοῦ
119 1132 251 1166 Χριστοῦ,
268 1133 298 1158 οὺ
319 1132 397 1168 σῶμα
413 1132 532 1168 Χριστοῦ
549 1132 596 1159 τοῦ
616 1132 685 1159 Θεοῦ
707 1132 842 1167 λέγουσιν,

49 1177 92 1209 ὡς
117 1179 198 1210 αὐτὸς
219 1180 232 1205 ὁ
253 1178 369 1214 Χριστὸς
395 1179 527 1215 εἴρηκεν·
551 1179 619 1206 ἀλλὰ
641 1179 766 1214 Θεότητα.
788 1178 844 1206 Καὶ

49 1224 171 1256 ταύταις
190 1226 250 1256 ταῖς
267 1225 441 1260 μυθολογίαις
462 1226 509 1253 καὶ
532 1226 718 1262 βλασφημίαις
733 1226 844 1261 ὑπερει-

50 1271 165 1305 δόμενοι
178 1280 185 1286 ·
205 1271 305 1306 μᾶλλον
321 1272 348 1298 δὲ
370 1271 524 1308 καλαμίνην
542 1272 640 1307 ῥάϐδον
661 1273 767 1304 ἑαυτοῖς
778 1273 844 1298 ὑπο-

51 1319 218 1353 στήσαντες,
238 1317 288 1353 τὴν
303 1317 512 1353 ὲνανορώπησιν
535 1318 582 1345 τοῦ
600 1319 761 1354 μονογενοῦς
777 1319 843 1346 Υίοῦ

49 1365 103 1391 τοῦ
119 1364 199 1397 Θεοῦ,
213 1365 247 1400 ἣν
263 1365 295 1391 τὰ
310 1365 432 1399 τέσσαρα
448 1365 603 1400 Εὐαγγέλια
615 1366 781 1399 δεικνύουσι,
797 1368 845 1394 καὶ

51 1411 158 1441 πάντες
174 1410 199 1436 οἱ
220 1409 365 1437 ἀπόστολοι
391 1411 461 1444 μετὰ
476 1411 531 1438 τῶν
554 1411 694 1446 θεοφόρων
713 1411 844 1446 Πατέρων

51 1454 252 1489 κηρύττουσιν,
268 1451 341 1481 οὗτοι
352 1455 491 1487 παντελῶς
507 1455 653 1490 ἀρνοῦνται
670 1456 717 1483 καὶ
731 1455 845 1492 ἀνατρέ-

51 1510 165 1528 πουτιν.

92 1545 130 1573 Γ¹.
150 1545 234 1573 Ὅθεν
258 1547 349 1582 ἡμεῖς,
371 1548 431 1583 οὐχὶ
454 1547 652 1583 διορθώσασθαι
669 1549 767 1581 αὐτοὺς
784 1548 880 1586 βου-οξ]⁵

49 1593 164 1628 λόμενοι
184 1593 269 1620 ταῦτα
285 1595 428 1629 γράφομεν
441 1603 447 1609 ·
463 1594 662 1630 διορθώσασθαι
679 1596 733 1631 γὰρ
745 1596 844 1628 αὐτοὺς

49 1638 187 1665 ἀδύνατον
203 1639 250 1665 καὶ
262 1640 318 1670 τοῖς
332 1639 468 1673 ἀγγέλοις.
485 1640 515 1665 ΟΖ
530 1641 583 1674 γὰρ
595 1640 669 1675 αὐτῷ
680 1640 718 1675 τῴ
734 1641 845 1676 Χριστῷ

50 1684 95 1719 τῷ
115 1684 174 1719 Υῐῷ
191 1684 238 1710 τοῦ
255 1684 321 1710 Θεοῦ
344 1684 383 1720 τῷ
403 1687 607 1721 σεσαρκωμένῳ
632 1686 702 1722 Θεῷ,
724 1687 845 1719 καὶτοῖς

50 1731 266 1765 εὐαγγελισταῖς
297 1732 344 1758 καὶ
366 1732 526 1763 ἀποστόλοις
547 1733 630 1760 αὐτοῦ
649 1733 686 1769 μὴ
716 1734 847 1769 πειθόμε-

50 1786 108 1811 νοι,
129 1777 199 1813 μήτε
219 1777 406 1810 πιστεύοντες,
424 1778 479 1805 τίνι
499 1779 585 1815 ἑτέρῳ
601 1780 671 1815 ἁγίῳ
692 1779 845 1816 διδασκάλῳ

51 1823 183 1859 ὲπιγείῳ,
201 1823 218 1858 ἢ
234 1824 389 1861 ἐπουρανίῳ
411 1824 520 1860 ἀγγέλῳ
544 1825 736 1852 πιστεύσουσιν
751 1825 766 1861 ἢ
786 1834 846 1852 πει-

37 1871 225 1904 ’σθήσονταις
259 1870 329 1897 Ἀλλ’
356 1870 398 1897 ἵνα
421 1870 550 1898 ἁσέόειαν
575 1871 623 1898 καὶ
647 1872 845 1908 χριστομαχίαν

51 1918 160 1950 αὐτῶν,
171 1917 200 1950 ἐξ
223 1916 307 1944 αὑτοῦ
321 1917 368 1944 τοῦ
386 1917 517 1953 Χριστοῦ,
534 1919 580 1944 καὶ
596 1918 646 1953 ,τοῦ
663 1919 843 1953 Εὑαγγελίου,

51 1961 173 1989 καὶτῶν
192 1961 276 1988 αὑτοῦ
298 1961 456 1988 ἀποστόλων
474 1961 644 1996 ὲλέγξαντες,
662 1963 725 1995 τοὺς
743 1964 775 1990 ὲκ
795 1964 845 2001 τῆς

51 2006 198 2042 ὁρθοδόξου
215 2006 332 2038 πίστεως
353 2006 400 2033 ὑπ’
417 2007 507 2034 αὐτῶν
529 2007 573 2034 διὰ
585 2008 686 2040 παντὸς
698 2009 844 2044 πλανωμέ-

51 2061 120 2084 νους
135 2053 167 2079 ὲκ
183 2052 233 2087 τῆς
246 2051 336 2079 αὐτῶν
349 2052 476 2084 ἀσεϐείας
491 2052 730 2089 ἐλευθερώσωμεν.
745 2055 776 2081 Ei
790 2055 844 2090 γὰρ

50 2097 121 2125 οὔτε
145 2097 184 2132 τῷ
211 2097 322 2133 Χριστῷ
343 2098 502 2124 πιστεύουσι
524 2100 588 2134 περὶ
603 2100 701 2126 ἑαυτοῦ
727 2100 844 2135 λέγοντι,

51 2146 121 2172 οὔτε
137 2147 192 2176 τοῖς
216 2145 427 2179 εὐαγγελισταῖς
449 2145 499 2183 xat
518 2146 678 2177 ἀποστόλοις
692 2146 843 2181 πείθονται,

50 2193 113 2223 τοίς
139 2191 219 2217 αὑτὸν
246 2191 457 2226 σεσαρκωμένον
477 2191 538 2217 καθ’
564 2192 638 2226 ἡμᾶς
654 2192 842 2228 κηρύττουσιν,

896 264 958 283 nam
976 262 1101 283 naturam
1119 256 1144 282 in
1157 256 1216 291 ipso
1231 263 1341 283 servare
1354 256 1515 284 incolumem
1529 266 1535 285 :
1550 266 1604 286 non
1623 267 1686 287 cor-

896 310 945 337 pus
961 303 1082 337 ejusdem
1097 303 1238 330 nohiscum
1264 302 1435 336 substantiae,
1453 311 1505 331 non
1523 312 1632 333 carnem
1652 313 1686 334 ac

895 356 968 380 ossa,
982 355 1034 375 non
1053 351 1146 383 caput,
1165 355 1217 375 non
1240 355 1335 376 manus
1348 355 1379 375 ac
1395 349 1488 383 pedes,
1504 356 1555 377 non
1570 351 1686 378 hominis

894 393 1018 429 ﬁgurato,
1038 395 1085 420 sed
1103 393 1209 426 factum,
1222 393 1384 428 simplicem,
1405 401 1437 421 ac
1452 399 1591 429 expertem
1611 403 1687 423 com-

895 440 1056 475 positionis,
1074 440 1209 474 quomodo
1229 439 1346 466 habebat
1369 443 1433 466 ante
1458 440 1684 469 incarnationem.

893 486 982 520 Atque
1015 490 1045 513 ut
1067 486 1155 513 mellis
1185 491 1231 512 ant
1261 485 1330 512 aceti
1358 491 1450 520 gutta,
1480 487 1565 515 maris
1590 488 1686 523 pelago

894 532 1050 564 comtnista,
1073 537 1154 566 alque
1178 531 1204 558 in
1221 539 1253 559 eo
1269 538 1368 564 mersa,
1386 539 1439 559 non
1466 534 1581 568 amplius
1597 534 1685 562 oculis

894 582 1039 617 conspicua
1073 586 1125 614 est,
1158 587 1238 609 atttve
1271 582 1397 610 consistit
1425 591 1432 609 :
1465 583 1513 615 ita,
1547 583 1685 619 inquiunt,

893 632 920 656 et
944 629 1015 663 quod
1042 628 1168 656 Christus
1190 630 1337 663 assumpsit
1366 636 1477 664 corpus,
1496 630 1637 658 confusum
1654 638 1686 658 ac

894 681 1011 701 morsqu
1025 674 1132 701 deitatis
1148 675 1252 709 pelago,
1267 674 1339 701 haud
1358 674 1487 710 deinceps
1502 675 1528 702 in
1547 677 1605 710 ipso
1627 683 1686 703 cer-

894 720 978 752 nitur,
997 724 1043 746 aut
1058 719 1184 747 consisrit
1202 719 1356 753 incolume;
1373 728 1422 748 nec
1446 727 1537 749 servat
1562 727 1684 750 naturam

893 773 980 797 suam,
992 770 1038 792 aut
1048 766 1238 799 proprietatem
1253 766 1359 793 retinet:
1370 772 1450 801 atque
1460 768 1537 800 adeo,
1549 768 1683 804 inquiunt,

894 818 945 837 non
960 811 1018 837 dua:
1034 817 1097 837 sunt
1120 811 1145 838 in
1163 811 1270 839 Christo
1285 816 1388 839 natura:
1411 813 1519 840 deitatis
1535 821 1566 841 ac
1587 815 1687 842 huma-

894 856 997 888 nitatis,
1014 857 1059 884 sed
1078 865 1128 883 una
1142 859 1287 890 duntaxat,
1303 861 1356 885 tota
1371 859 1488 886 deitatis.
1499 859 1589 893 Quare
1602 860 1686 888 etiam

894 902 1022 929 Ecclesiae
1047 903 1187 929 catholicte
1212 903 1382 937 traditiones,
1406 912 1437 932 ac
1463 905 1567 933 Christi
1594 913 1686 934 sacra-

894 951 1065 978 mentorum,
1082 954 1129 981 pro
1147 946 1226 974 unius
1249 948 1321 975 illius
1340 953 1446 976 natura).
1469 950 1584 983 ratione,
1603 958 1686 985 quam

894 992 1080 1026 blasphemant
1096 993 1122 1019 in
1139 993 1259 1026 Christo,
1284 999 1432 1028 mutantes,
1450 995 1576 1023 similiter
1601 1004 1688 1025 novas

895 1038 981 1065 tnoliti
999 1043 1082 1071 sunt;
1101 1046 1133 1065 ac
1147 1044 1381 1067 sacramentorum
1403 1042 1633 1075 communionem,
1656 1042 1686 1069 id

893 1091 946 1118 est,
962 1093 1040 1120 [)aIIlS
1065 1087 1241 1119 sacriﬁcium,
1256 1087 1300 1122 qui
1317 1092 1359 1115 est
1381 1088 1481 1116 Christi
1507 1096 1583 1120 caro.
1598 1079 1693 1116 haudJ

893 1141 1029 1168 quaquam
1045 1133 1144 1161 Christi
1169 1133 1215 1161 Dei
1230 1142 1330 1169 corpus
1346 1134 1491 1169 appellant,
1505 1135 1543 1162 uti
1556 1135 1685 1164 Christus

894 1181 952 1215 ipse
968 1180 1047 1213 dixit,
1062 1181 1108 1208 sed
1128 1181 1256 1208 deitatem
1272 1189 1279 1208 :
1294 1182 1385 1216 iisque
1396 1181 1494 1209 fabulis
1510 1190 1543 1210 ac
1557 1182 1685 1218 blasphe-

895 1227 957 1253 miis
976 1226 1043 1258 nixi,
1069 1226 1133 1260 quin
1160 1227 1250 1261 potius
1277 1234 1327 1254 ceu
1353 1227 1532 1254 arundincum
1558 1228 1685 1256 baculum

894 1272 944 1299 sibi
963 1271 1134 1305 adhibentes,
1155 1272 1284 1307 unigeniti
1306 1271 1367 1299 Filii
1388 1273 1435 1300 Dei
1451 1273 1684 1306 incarnationem,

894 1324 974 1351 quant
1009 1322 1142 1352 quaterna
1171 1317 1316 1352 Evangelia
1343 1318 1509 1352 ostendunt,
1536 1326 1685 1355 omnesque

895 1364 1008 1399 apestoli
1026 1371 1087 1392 cum
1102 1364 1212 1392 deiteris
1226 1364 1351 1392 Patribus
1367 1366 1527 1400 praedicant,
1543 1365 1561 1392 ii
1575 1366 1686 1401 penitus

895 1415 995 1445 negant
1011 1414 1093 1445 atque
1110 1414 1247 1438 evertunt.

932 1542 977 1571 lli.
998 1542 1130 1576 Quoeirca
1155 1549 1219 1575 nos,
1242 1549 1295 1569 non
1314 1546 1442 1577 tanquam
1460 1543 1596 1578 corrigere
1619 1543 1685 1571 veli-

896 1598 972 1623 mus,
1002 1590 1038 1617 ita
1070 1589 1231 1623 scribimus;
1259 1597 1320 1616 nam
1350 1596 1401 1616 nec
1426 1589 1512 1625 angeli
1538 1591 1685 1618 emendare

895 1637 1011 1671 possint.
1029 1636 1079 1669 Qui
1097 1635 1168 1663 enim
1185 1644 1234 1663 nec
1247 1636 1297 1670 ipsi
1317 1635 1428 1662 Christo
1444 1636 1488 1663 Dei
1511 1635 1580 1663 Filio
1589 1636 1685 1670 incar-

895 1688 970 1715 nato,
997 1683 1110 1717 ejusque
1141 1682 1314 1716 evangelistis
1344 1689 1376 1709 ac
1403 1682 1533 1716 apostolis
1558 1683 1682 1716 credunt,

895 1730 987 1764 utique
1002 1736 1052 1756 nec
1074 1728 1121 1755 ulli
1141 1727 1187 1755 alii
1210 1733 1317 1755 terreno
1340 1728 1456 1760 doctori,
1477 1733 1559 1755 autve
1578 1727 1685 1756 etulein

894 1775 990 1811 angelo
1003 1775 1155 1806 credentes,
1172 1774 1252 1801 ﬁdem
1265 1773 1320 1801 sint
1333 1774 1464 1807 habituri,
1480 1781 1512 1801 ac
1525 1775 1566 1802 eis
1581 1782 1685 1802 morem

895 1820 1016 1856 gesturi:
1033 1821 1080 1848 sed
1097 1823 1125 1847 ut
1143 1826 1236 1846 eorum
1253 1819 1421 1853 impietatem
1445 1826 1477 1846 ac
1498 1819 1524 1846 in
1544 1819 1685 1847 Christum

895 1866 1006 1893 hostiles
1028 1865 1144 1897 animos,
1172 1872 1204 1892 ex
1232 1865 1292 1898 ipso
1325 1864 1447 1897 Christo,
1472 1872 1504 1892 ac
1527 1865 1685 1900 Evangelio,

895 1912 1007 1946 ejusque
1023 1911 1154 1946 apostolis
1170 1915 1360 1945 coarguentes,
1383 1918 1451 1945 quos
1475 1911 1513 1938 illi
1535 1911 1568 1939 de
1590 1911 1685 1939 ortho—

895 1959 1027 1985 doxorum
1043 1957 1143 1984 castris
1159 1957 1185 1983 in
1203 1964 1323 1984 errorem
1338 1957 1478 1991 impellere
1492 1965 1544 1984 non
1563 1963 1683 1990 cessant,

896 2005 930 2032 ab
956 2011 1050 2031 eorum
1075 2003 1214 2038 impietate
1239 2002 1395 2030 liberemus.
1426 2002 1494 2030 Cum
1527 2003 1600 2030 enim
1634 2011 1686 2031 nec

895 2051 1001 2079 Christo
1016 2051 1048 2077 de
1065 2057 1093 2078 sc
1107 2049 1225 2084 loquenti
1245 2049 1367 2082 credant,
1388 2057 1438 2076 nec
1460 2049 1635 2084 evangelistis
1651 2057 1684 2077 ac

895 2097 1025 2132 apostolis
1044 2097 1240 2131 obsequantur,
1257 2095 1303 2130 qui
1321 2102 1382 2122 eum
1405 2096 1484 2123 nobis
1503 2095 1618 2123 similem
1639 2096 1685 2124 in-

895 2148 1037 2171 carnatum
1055 2142 1219 2177 prtedicant;
1234 2148 1284 2168 nec
1299 2141 1402 2168 sanctis
1418 2148 1450 2168 ac
1469 2141 1579 2168 deiter-is
1596 2141 1685 2169 Patri—

896 2190 947 2217 bus
965 2190 1150 2224 acquiescant,
1166 2188 1210 2222 qui
1228 2187 1261 2215 iis
1277 2195 1405 2219 consorte,
1424 2187 1573 2222 perlectum
1600 2188 1684 2215 Deum

52 2241 120 2265 οὒτε
132 2239 188 2269 τοῖς
203 2238 291 2272 ἁγίοις
304 2238 352 2264 καὶ
366 2237 504 2272 θεοφόροις
517 2238 655 2274 Πατράσιν
669 2239 792 2274 ἀρέσκον

944 2236 1093 2270 perfectum
1110 2235 1256 2267 hominem,
1270 2234 1296 2261 in
1312 2234 1418 2261 duabus
1434 2234 1562 2268 perlectis
1580 2234 1684 2261 naturis

53 2285 114 2315 τοῖς
132 2283 284 2318 συμφώνως
299 2283 401 2310 τέλειον
414 2283 492 2316 Θεὸν,
509 2284 556 2310 καὶ
573 2284 674 2311 τέλειον
691 2286 845 2320 ἄνθρωπον,

52 2332 86 2357 ὲν
102 2329 150 2356 δύο
175 2330 291 2361 τελείαις
317 2330 413 2364 φύσεσι
437 2330 483 2356 τὸν
503 2331 621 2365 Χριστὸν
643 2331 820 2365 ὁμολογοῦσιν
837 2340 844 2348 ·

53 2377 121 2404 οὗτε
144 2377 172 2404 δὲ
196 2378 256 2409 ταῖς
285 2377 361 2409 ἰδίαις
386 2378 489 2404 ἑαυτῶν
518 2380 720 2413 πανηγυρικαῖς
744 2379 847 2414 βίϐλοις

53 2424 229 2455 πιστεύουσι,
245 2423 291 2449 δύο
306 2422 413 2458 φύσεις,
429 2423 476 2449 καὶ
491 2422 537 2449 δύο
554 2424 696 2458 ἐνεργείας
710 2425 756 2450 ἐπὶ
777 2425 846 2459 Χρι-

54 2470 125 2497 στοῦ
153 2470 357 2502 διδασκούσαις,
384 2469 475 2500 καθὼς
503 2470 635 2504 μυριάκις
665 2471 847 2506 ὑπεδείξαμεν

52 2517 151 2547 αὐτοῖς
168 2517 200 2542 ἑκ
212 2516 266 2542 τῶν
283 2515 356 2542 ίδίων
376 2515 465 2542 αὐτῶν
486 2516 606 2550 βιϐλίων,
625 2516 673 2543 καὶ⁸
689 2518 722 2552 τῇ
747 2517 847 2552 ’Δρμε-

52 2562 122 2590 νιων
135 2561 265 2597 διαλέκτῳ
275 2561 486 2596 γεγραμμένων,
499 2561 556 2592 πῶς
569 2562 620 2588 οὐκ
634 2562 687 2589 εἰσὶ
702 2563 848 2597 προφανῶς

53 2607 248 2645 χριστομάχοι,
261 2609 316 2642 ριαί
339 2608 498 2642 Μανιχαῖοι,
523 2608 587 2643 μίαν
608 2609 689 2643 φύσιν
716 2610 764 2636 καὶ
784 2609 848 2644 μίαν

53 2656 198 2690 ἐνέργειαν
215 2656 243 2681 ἐν
259 2654 369 2690 Χριστῷ
385 2655 608 2690 βλασφημοῦντες
620 2656 658 2691 (ὅ)
674 2656 723 2692 τὴν
738 2656 846 2692 σάρκω-

53 2713 97 2730 σιι
111 2712 117 2734 ;
142 2703 171 2728 Εἰ
187 2703 251 2738 γὰρ,
267 2702 335 2729 ἄλλα
355 2703 404 2738 μὲν
416 2703 430 2728 ὁ
444 2703 561 2739 Χριστὸς
577 2703 699 2730 διδάσκει
721 2704 785 2739 ’περὶ¹
800 2703 846 2730 αὗ-

47 2750 114 2778 τοῦ,
135 2749 181 2774 καὶ
195 2750 219 2774 οἱ
245 2747 450 2782 εὐαγγελισταὶ,
476 2748 522 2774 καὶ
537 2748 561 2774 ot
582 2747 735 2779 ἀπόστολοι,
759 2748 806 2774 καὶ
821 2748 845 2774 οἱ

52 2797 130 2827 ἅγιοι
146 2796 282 2830 Πατέρες·
299 2791 376 2821 οὗτοι
389 2794 418 2822 δὲ
436 2794 520 2831 ἕτερα
534 2794 644 2834 ἐναντία
660 2794 708 2821 τοῦ
724 2794 845 2830 Χριστοῦ

93 2859 132 2892 (Ξ)
153 2858 224 2893 Lege
240 2859 254 2885 ὃ
270 2859 397 2894 Χριστός.

93 2894 132 2929 (5)
155 2896 232 2922 υυυιι
248 2895 328 2929 μετά.

897 2281 1034 2309 Christum
1061 2281 1242 2308 conﬁtentur:
1266 2287 1298 2307 ac
1320 2287 1370 2307 nec
1393 2280 1511 2314 propriis
1528 2287 1621 2307 eorum
1644 2280 1684 2315 (ι)

897 2328 1001 2355 ίθειίνὶε
1015 2327 1090 2355 libris
1108 2327 1224 2354 habeant
1239 2327 1328 2359 tidem,
1355 2326 1452 2360 quibus
1474 2326 1541 2352 duas
1562 2331 1684 2359 naturas,

898 2382 930 2401 ac
952 2374 1018 2401 duas
1041 2374 1211 2408 operatioaes
1236 2373 1262 2399 iu
1291 2371 1400 2399 Christo
1424 2371 1565 2402 docentur,
1583 2371 1622 2398 uti
1648 2379 1684 2399 ex

899 2421 993 2448 iisdem
1014 2421 1080 2456 ipsis
1094 2419 1170 2447 libris
1185 2419 1275 2453 lingua
1292 2417 1435 2445 Armenica
1450 2417 1570 2452 scriptis,
1587 2417 1686 2444 millies

897 2467 950 2494 illis
973 2467 1164 2502 probavimus;
1189 2466 1324 2500 quomodo
1340 2472 1395 2492 non
1418 2464 1560 2499 perspicue
1581 2463 1685 2504 Christi

898 2514 989 2541 hostes
1001 2518 1064 2540 sunt
1078 2520 1108 2539 ac
1124 2511 1275 2544 Manichari,
1291 2510 1337 2544 qui
1354 2517 1434 2537 unam
1448 2513 1576 2537 naturam
1592 2515 1686 2535 unam-

896 2567 950 2596 que
977 2560 1164 2595 operationem
1189 2559 1216 2585 in
1249 2557 1356 2585 Christo
1380 2561 1441 2591 post
1469 2555 1685 2583 incarnationem

897 2606 1108 2642 blasphement?
1135 2605 1275 2640 Siquidem
1301 2604 1394 2637 enim,
1421 2602 1545 2630 Christus
1574 2601 1685 2637 quidem

898 2655 957 2690 ipse
982 2654 1034 2681 alia
1061 2654 1094 2686 de
1119 2653 1219 2688 seipso,
1246 2659 1278 2679 ac
1303 2650 1475 2684 evangelista:
1500 2656 1532 2676 ac
1558 2648 1684 2683 apostoli,

899 2697 1040 2736 sanctique
1057 2699 1152 2727 Patres
1169 2701 1284 2731 docent;
1299 2698 1325 2725 hi
1336 2702 1425 2724 autem
1440 2695 1503 2727 alia,
1523 2695 1642 2727 Christo,
1658 2697 1686 2721 et

899 2747 1072 2782 evangelistis
1107 2753 1139 2773 ac
1174 2744 1304 2780 apostolis
1337 2744 1474 2772 contraria
1490 2743 1640 2777 loquuntur
1653 2748 1685 2768 ac

900 2793 1060 2829 prmdicant,
1076 2799 1135 2827 quae
1147 2798 1234 2826 neque
1246 2789 1385 2823 Christus,
1402 2797 1489 2824 neque
1501 2786 1683 2824 evangelisttla,

930 2858 969 2895 (ι)
991 2857 1095 2892 Potius,
1111 2856 1233 2887 omnium
1247 2856 1374 2885 manibus
1390 2856 1473 2884 tritis.
