1875 3056
81 119 152 153 1161

595 127 737 158 ORATIO
757 128 770 158 Ι
790 128 939 159 CONTRA
960 129 1166 163 ARMENiOS.

1640 136 1707 170 ilb2

75 179 169 212 δεῖξαι
184 179 343 217 δυνήσονται
355 181 379 208 οε
393 182 527 218 αῑριτικοὶ
541 184 688 220 Ἀρμένιοι,
700 185 731 212 τὸ
740 186 862 220 πανάγιοπ

952 195 1023 222 ιγριις
1049 191 1172 223 tempore
1198 191 1340 225 passionis,
1363 192 1579 229 inseparabiliter
1601 195 1655 224 Deo
1674 205 1707 225 ac

77 224 163 260 σῶμα
173 226 292 261 Χριστοῦ
309 227 356 254 τοῦ
369 228 437 256 Θεοῦ
454 230 484 256 ἐν
498 229 537 265 τῷ
553 231 642 266 καιρῷ
654 232 701 259 τοῦ
720 233 822 264 πάθους
842 234 871 259 ὲν

76 271 209 306 οὐρανοῖς
223 272 385 309 ἀχωρίστως
405 275 443 310 τῷ
453 275 514 311 Θεῷ
531 277 579 304 καὶ
598 278 686 313 Πατρὶ
702 278 872 312 συγκαθεζό-

85 325 171 351 μενον
183 319 254 353 μετὰ
264 319 313 354 τῆς
324 319 462 355 θεότητος,
478 322 525 349 καὶ
536 322 565 348 ὲν
575 322 614 358 τῷ
628 323 717 358 τάφῳ,
733 324 781 351 καὶ
793 324 822 350 ὲν
831 323 870 358 τῷ

77 361 134 397 ᾄδῃ
151 363 221 398 μετὰ
238 364 287 399 τῆς
299 364 400 400 ψυχῆς,
414 367 463 393 καὶ
477 367 506 394 ὲν
521 367 561 403 τῷ
574 368 812 405 παραδείσῳμετὰ
821 373 869 400 τοῦ

77 409 193 445 λῃστοῦ,
224 412 365 447 πανταχοῦ
396 413 540 449 ἀνελλιπῆ,
568 415 617 442 καὶ
642 416 796 451 ἀχώριστον
820 419 870 446 καὶ

77 456 247 492 ἀδιαίρετον,
266 457 360 493 ὥσπερ
375 460 421 486 καί
436 461 468 495 τῇ
491 460 597 495 θεότητι
617 462 656 497 (5)
671 462 754 490 αὑτοῦ
766 472 774 480 ο
789 464 868 500 εὔδη-

76 501 127 527 λον
138 501 179 528 ’ὁτι
192 502 266 538 καὶή
283 503 351 539 σὰρξ
367 504 450 531 αὑτοῦ
461 505 541 539 φύσει
558 506 684 540 θεότητος
700 508 806 543 γέγονε.
835 511 867 537 Ei

75 547 107 573 δὲ
126 548 154 573 ἐν
165 548 203 583 τῷ
217 549 295 584 τάφῳ
311 549 402 577 ἔκειτο
419 551 526 586 νεκρὸν,
549 551 596 578 καὶ
606 552 709 588 ἄψυχον
719 574 728 587 ,
746 555 793 581 καὶ
807 555 868 582 ἀκί-

76 601 172 627 νητον,
187 595 233 621 καὶ
244 595 307 622 οὕτε
319 597 348 622 ὲν
363 597 493 632 οὐρανοῖς
507 598 546 632 τῷ
558 598 617 633 Θεῷ
633 599 680 626 καὶ
696 599 783 635 Πατρὶ
794 601 868 635 ἀχώ-

77 649 175 676 ριστον
200 641 409 675 συνεκαθέζετο,
426 642 486 670 οὔτε
513 645 542 670 ἐν
561 644 600 679 τῷ
617 644 668 681 ᾄδῃ
694 645 763 681 μετὰ
779 646 869 682 ψυχῆς

73 682 123 720 ἧν,
136 686 198 712 οὔτε
211 687 241 713 ὲν
256 688 414 723 παραδείσῳ
424 689 495 722 μετὰ
514 689 561 715 τοῦ
577 689 676 725 λῃστοῦ
693 698 700 705 ·
718 690 776 717 ἀλλ’
789 691 818 717 ἐν
828 691 868 726 τῷ

74 733 158 768 τάφῳ
172 733 245 769 μόνῳ
262 735 450 770 περιγραπτδν
464 735 608 763 κατέκειτο
622 744 629 752 ⁸
648 736 708 768 πῶς
728 736 779 764 οὐκ
797 736 868 764 εἰσὶν

74 776 153 806 οὗτοι
164 779 279 814 ψεῦσται
290 781 336 807 καὶ
352 780 488 816 αἱρετικοὶ
504 782 550 808 καὶ
561 781 761 817 χριστομάχοι;

116 822 155 856 ς’.
176 823 207 850 El
233 822 279 852 οὖν
302 825 370 860 σὰρξ
391 825 439 852 τοῦ
465 826 586 860 Χριστοῦ
611 826 738 861 θεότητος
759 826 865 861 γέγονε,

73 869 138 901 πῶς
152 869 231 901 αὐτος
250 870 264 896 ὁ
284 871 387 905 Κύριος
403 870 450 898 ὲπὶ
468 871 586 906 σταυροῦ
608 871 684 906 ἔλεγε
697 879 705 887 ·
723 871 776 899 Θεέ
795 880 866 906 μου.
883 863 904 890 Β

75 914 133 942 Θεέ
143 924 213 950 μου,
229 916 280 943 ἵνα
295 917 323 943 τί
330 925 369 951 με
382 916 598 951 ὲγκατέλιπες;
619 917 683 944 Ἐὰν
698 916 753 952 γὰρ
768 918 784 952 ἡ
799 917 867 952 σὰρξ

72 959 124 986 τοῦ
141 960 258 996 Χριστοῦ
278 961 404 998 θεότητος
428 960 472 998 ἦν,
490 965 537 989 καὶ
561 963 590 990 ἐν
609 963 735 999 οὐρανοῖς
750 963 797 990 τοῦ
812 964 867 991 Πα-

71 1007 142 1042 τρδς
170 1007 335 1042 ἀχώριστος,
361 1009 409 1035 καὶ
435 1008 485 1043 μία
511 1008 607 1044 θεότης
635 1006 668 1044 ἦν
689 1008 735 1036 τοῦ
761 1009 867 1045 Πατρὸς

74 1052 126 1079 καὶ
145 1053 193 1088 τῆς
215 1054 316 1089 σαρκὸς
339 1053 387 1081 τοῦ
413 1054 544 1090 Χριστοῦ,
571 1056 618 1082 καὶ
646 1056 663 1090 ἡ
687 1055 754 1090 σὰρξ
781 1055 863 1082 αὑτοῦ

74 1098 205 1132 θεότητος
225 1097 259 1135 ἦν
272 1099 318 1126 τοῦ
335 1100 441 1134 Πατρδς
454 1100 621 1136 ἀχὼριστοςο
640 1101 699 1133 πῶς
715 1102 731 1137 ἡ
754 1102 803 1137 μία
820 1102 866 1129 καὶ

71 1144 230 1180 ἀδιαίρετος
242 1146 337 1181 θεότης
355 1145 522 1182 διαιρεθεῖσα
537 1147 636 1181 ἑαυτὴν
651 1147 864 1181 ἐγχατέλειπενς

111 1191 150 1218 Z'.
176 1190 256 1218 Ἀλλὰ
270 1190 296 1218 τί
313 1199 379 1226 φασι
395 1192 462 1228 πρὸς
472 1191 558 1218 ταῦτα
573 1191 598 1218 οἱ
614 1191 787 1227 ἁγνώμονεςς
804 1193 865 1219 Ὅτι

76 1239 167 1265 ταῦτα
194 1238 228 1266 τὰ
260 1239 371 1274 ῥήματα
395 1240 510 1266 ταπεινά
522 1239 536 1265 ὁ
550 1240 667 1275 Χριστὸς
687 1240 728 1267 διὰ
741 1240 786 1266 τὸν
803 1240 861 1268 διά-

73 1284 155 1311 ϐολον
169 1283 272 1319 ἔλεγεν,
291 1285 335 1312 ῐνα
350 1284 386 1320 μὴ
403 1285 493 1322 φεύγῃ
506 1286 533 1318 ἐξ
552 1285 647 1313 αὑτοῦ.
658 1286 690 1311 Ὢ
703 1286 752 1320 τῆς
763 1286 864 1313 ἀτόπου

73 1331 123 1358 καὶ
138 1330 317 1366 ἀναισχύντου
335 1331 507 1366 ἀποκρίσεως
523 1331 628 1358 αὺτῶνί
645 1332 794 1367 Προφανῶς
809 1332 864 1366 γάρ

71 1375 122 1402 τὸν
137 1375 254 1411 Χριστὸν
268 1375 417 1411 ὑποκριτὴν
427 1376 608 1411 κηρύττουσιν
623 1383 631 1391 ·
648 1376 717 1404 ἄλλα
733 1375 780 1411 μὲν
790 1375 864 1412 ἔχειν

73 1422 105 1448 ὲν
117 1423 151 1456 τῇ
165 1421 275 1456 καρδίᾳ,
290 1421 372 1457 ἕτερα
384 1421 411 1448 δὲ
425 1421 468 1448 διά
481 1423 530 1457 τῆς
545 1421 667 1457 γλώττης
683 1421 862 1455 φθέγγεσθαι.

73 1467 185 1503 Ὥσπερ
196 1469 250 1504 γὰρ
269 1467 356 1500 αὐτοὶ,
383 1468 477 1503 μεστοὶ
495 1468 663 1503 ὑποκρίσεως
679 1468 726 1494 καὶ
742 1467 864 1504 δολιότη-

70 1521 120 1544 τος
136 1514 315 1549 ὑπάρχοντες,
328 1514 457 1545 τοιούτως
473 1513 521 1540 καὶ
538 1513 582 1540 τὸν
594 1513 712 1548 Χριστὸν
727 1513 862 1548 ὀνομάσαι

70 1560 126 1587 οὐκ
147 1559 320 1595 ὲφοῦήθησαν
341 1560 365 1586 οῑ
387 1560 553 1595 παράνομοι.
578 1559 644 1590 Θεὸς
664 1557 710 1586 οὖν
729 1560 860 1587 παντοδύ-

70 1615 161 1642 ναμος
191 1606 230 1633 ὢν
256 1608 270 1633 ὁ
288 1606 424 1642 Χριστὸς,
452 1608 466 1633 ὁ
490 1606 629 1642 πανταχοῦ
654 1606 750 1642 παρών
770 1615 777 1622 ·
805 1606 859 1634 ποῦ

70 1653 191 1687 ἠδύνατο
211 1654 225 1679 ὁ
240 1653 362 1685 διάϐολος
392 1653 421 1686 ἐξ
448 1653 531 1679 αὑτοῦ
551 1654 668 1687 φυγείνς
693 1653 737 1685 Ὠς
755 1653 810 1688 γὰρ
826 1653 860 1680 ὲκ

69 1701 194 1733 πάντων,
211 1700 282 1726 οὕτω
297 1700 344 1726 καὶ
359 1700 391 1726 ὲκ
402 1699 514 1730 τούτων.
530 1700 553 1726 ol
568 1699 676 1731 ἀσεϐεῖς
689 1699 857 1735 ἐλέγχονται,

71 1746 160 1782 μηδὲν
179 1747 210 1773 ὲκ
227 1745 277 1782 τῆς
292 1746 465 1778 διδασκαλίας
479 1745 534 1772 τῶν
548 1745 636 1780 ἁγίων
652 1746 721 1781 μήτε
736 1746 856 1780 φρονεῖν,

70 1793 144 1828 μήτε
172 1792 309 1819 διδάσκειν
326 1799 335 1807 ⁸
359 1791 459 1825 ἀλλ’ἐξ
486 1791 592 1818 ἑαυτῶν
619 1790 720 1826 μύθους
749 1790 858 1825 ψευδεῖς

69 1836 267 1870 ἀναπλάττειν,
297 1837 340 1864 ῐνα
360 1836 497 1871 δυνηθῶσι
526 1836 606 1872 μόνον
627 1835 675 1872 τὴν
695 1836 785 1869 σάρκα
809 1835 856 1861 τοῦ

69 1882 192 1916 Χριστοῦ
207 1883 390 1918 ἀρνήσασθαι.
401 1882 475 1909 assa;
492 1882 546 1917 γὰρ
560 1881 596 1908 τὰ
606 1881 721 1908 ταπεινὰ
734 1882 855 1916 ῥήματα,

68 1928 165 1960 καθὼς
181 1928 281 1960 πάντες
306 1929 330 1955 οἱ
349 1928 422 1962 ἆγιοι
446 1928 494 1955 καὶ
517 1928 641 1962 θεοφόροι
658 1927 790 1962 Ιῖατέρες,
809 1927 856 1953 εὑ-

69 1975 169 2010 φώνως
185 1975 215 2008 ἐξ
229 1975 307 2010 ἁγίου
321 1974 695 2010 Πνεῦματοςέρμηνεύονται,
711 1973 725 1999 ὁ
740 1973 857 2008 Χριστὸς

68 2021 140 2057 πρὸς
166 2021 312 2057 βεὸαίωσιν
332 2021 379 2047 καὶ
396 2021 528 2047 nicum-rw
549 2020 599 2055 τῆς
625 2019 722 2046 ἑαυτοῦ
744 2019 855 2054 σαρκίης.

67 2068 119 2094 καὶ
138 2067 310 2103 ἀνθρωπίνης
331 2066 448 2101 φύσεως,
471 2066 548 2100 ἔλεγε
564 2066 611 2092 καὶ
628 2066 750 2101 ἐνήργει,
761 2066 807 2091 καὶ
824 2065 855 2091 οὐ

68 2113 133 2140 καθ’
157 2113 301 2147 ὑπόκρισιν
327 2113 371 2139 διὰ
389 2113 433 2139 τὸν
451 2112 584 2139 διάϐολον.
604 2112 680 2138 Ἐπεὶ
701 2111 761 2143 πῶς
777 2110 854 2145 ἔλεγε

67 2157 203 2193 πρότερον
216 2166 222 2173 ·
238 2157 368 2192 Λάζαρος
383 2157 524 2190 ἀπέθανε,
539 2157 588 2184 καὶ
609 2157 702 2191 χαίρω
723 2155 760 2182 δι’
776 2155 854 2191 ὑμᾶς

67 2203 120 2229 Ira
131 2203 327 2237 πιστεύσητε,
342 2201 386 2229 ὅτι
400 2203 455 2229 οὐκ
468 2201 551 2236 ἤμην·
563 2201 626 2228 ἐκεῖ
632 2209 642 2234 ;

108 2247 146 2275 H'.
171 2248 199 2275 Ei
216 2247 263 2275 οὖν
276 2248 323 2274 καὶ
336 2249 351 2283 ἡ
366 2248 435 2282 σὰρξ
458 2247 542 2275 αὑτοῦ
563 2246 643 2282 φύσει
664 2246 790 2280 θεότητος
811 2243 856 2281 ἦν,

67 2293 208 2328 πανταχοῦ
230 2293 377 2329 ἀνελλιπὴς
397 2294 443 2320 καὶ
467 2293 618 2328 ἀχώριστος
635 2292 683 2319 καὶ
703 2292 855 2327 ἀπερίγρα-

66 2348 147 2373 πτος,
165 2339 282 2374 (θεότης)
296 2336 330 2374 ἦν
352 2339 398 2365 καὶ
415 2339 432 2373 ἡ
448 2338 518 2373 σὰρξ
535 2338 582 2365 τοῦ
597 2337 716 2372 Χριστοῦ
733 2337 781 2363 τοῦ
801 2337 854 2363 Πα-

65 2385 132 2421 τρδς
145 2385 305 2420 ὰχώριστος,
323 2384 418 2420 ὥσπερ
435 2384 482 2410 καὶ
498 2385 515 2419 ἡ
533 2383 628 2418 θεότης
648 2383 744 2416 αὐτοῦ,
762 2383 854 2414 καθὼς

65 2432 148 2463 αὐτὸς
170 2432 184 2458 ὁ
209 2431 313 2466 Κύριος
337 2430 412 2465 λέγει
437 2430 568 2465 περὶτῆς
590 2429 687 2456 ἑαυτοῦ
711 2429 852 2464 θεότητος’

71 2477 149 2512 Ἐγὼ
171 2478 221 2504 καὶ
235 2479 252 2505 ὁ
268 2477 371 2511 Πατὴρ
387 2477 423 2504 ἐν
449 2477 565 2511 ἐσμεν·
586 2477 633 2503 καὶ
659 2475 740 2503 πάλιν
755 2485 761 2492 υ
783 2475 853 2510 Ἐγὼ

63 2524 101 2551 ἐν
114 2523 154 2556 τῷ
165 2523 268 2557 Πατρὶ,
286 2524 334 2550 καὶ
349 2522 450 2557 Πατὴρ
465 2523 500 2550 ἐν
519 2522 586 2556 ἐμοι
594 2531 600 2538 ”
619 2522 678 2554 πῶς
695 2521 768 2556 λέγει
783 2522 853 2557 μετὰ

64 2571 117 2605 τὴν
133 2569 282 2596 ἀνάστασιν
298 2571 331 2605 τῇ
356 2569 453 2605 Μαρίᾳ
466 2577 472 2585 ·
491 2568 538 2602 Μή
551 2577 611 2604 μου
631 2568 727 2596 ἅπτου
745 2576 752 2584 ⁸
768 2567 852 2595 οὔπω

65 2617 122 2651 γὰρ
136 2616 306 2650 ἀναϐέϐηκα
318 2617 392 2651 πρὸς
412 2616 465 2643 τὸν
483 2616 597 2650 Πατέρα
611 2623 692 2650 μου;
708 2614 755 2641 καὶ
770 2614 852 2641 πάλιν

64 2664 79 2688 ὀ
93 2662 174 2693 αὐτὸς
185 2663 242 2693 τοῖς
255 2663 413 2694 ἀποστόλοις
437 2662 508 2697 μετὰ
521 2661 571 2697 τὴν
589 2662 739 2689 ἀνάστασιν
754 2660 828 2694 λέγει
843 2668 850 2675 ·

68 2707 274 2742 Ψηλαφήσατε
289 2707 340 2735 καί
354 2708 458 2740 εἴδετε,
480 2708 525 2735 ὅτι
548 2708 666 2743 πνεῦμα
683 2707 782 2742 σάρκα
803 2706 852 2733 καὶ

65 2800 111 2828 59.
414 2820 416 2822 -

103 2848 142 2883 (5)
164 2847 198 2876 ’11
216 2847 314 2882 θεότης
591 2887 595 2890 1

223 2895 362 2943 Panos.
386 2895 446 2926 Gn.
472 2894 613 2927 CXXXII.

103 2764 112 2780 ι
128 2764 223 2792 Matth.
240 2772 325 2796 xxvu,
338 2764 383 2793 46.
422 2766 432 2781 ²
444 2763 522 2792 Joan.
542 2772 581 2797 τι,
597 2764 642 2792 ll.
680 2763 692 2780 ’
713 2763 793 2791 Joan.
821 2771 850 2795 ι,

954 2760 965 2776 δ
977 2760 1055 2788 Joan.
1075 2767 1131 2792 xiv,
1147 2758 1191 2785 10.

921 231 994 260 Patri
1010 241 1062 261 una
1078 242 1139 262 cum
1161 235 1260 264 deitate
1275 239 1440 272 consedisse,
1464 244 1543 276 atque
1565 241 1591 270 in
1615 243 1706 278 sepul-

920 287 977 311 cro,
992 280 1073 316 inque
1085 280 1190 309 inferno
1203 289 1263 309 cttm
1279 284 1367 312 anima
1385 293 1416 312 ac
1429 293 1489 314 cum
1506 287 1609 316 latrone
1620 289 1646 316 in
1656 297 1705 324 pa-

922 327 1024 360 radiso,
1042 328 1115 356 nullo
1133 329 1231 364 ubique
1249 330 1366 364 defectu,
1382 339 1413 359 ac
1430 333 1610 368 inseparabile
1632 336 1704 363 indi-

921 373 1063 407 viduequc,
1082 374 1120 401 ttti
1142 379 1169 402 et
1193 376 1277 402 deitas
1300 382 1368 409 erat,
1386 377 1470 406 fuisse
1488 387 1494 405 :
1515 379 1592 414 plane
1608 380 1704 414 liquet.

920 419 978 453 ejus
992 427 1099 454 quoque
1124 428 1243 454 carnem,
1267 426 1362 450 natura
1387 423 1495 451 deitatis
1514 425 1612 453 factam
1633 434 1703 454 esse.

921 463 967 491 Sin
981 469 1070 492 autent
1085 465 1149 493 illud
1165 467 1289 501 sepulcro
1316 472 1450 495 mortuum
1466 469 1584 503 jacebat,
1601 477 1629 499 et
1644 473 1704 500 ina-

920 510 992 537 nime
1020 516 1101 545 atque
1128 512 1283 546 immotum;
1299 519 1330 540 ac
1344 521 1432 549 neque
1458 515 1484 542 in
1506 516 1583 543 ccelis
1603 517 1657 544 Deo
1672 526 1704 546 ac

919 554 991 582 Patri
1008 556 1140 584 indivulao
1159 565 1229 585 nexu
1247 559 1420 592 conjunctum
1436 562 1702 599 cousidebat,ncqne

919 601 946 628 in
962 601 1066 629 inferno
1081 610 1142 629 cum
1160 604 1261 637 anima,
1280 612 1329 632 nec
1340 612 1401 633 cum
1415 606 1519 635 latrone
1536 608 1561 634 in
1577 609 1702 641 paradiso

918 651 988 678 erat,
1002 648 1049 674 sed
1060 647 1435 686 duntaxatcircumscriplum
1449 652 1475 679 iu
1489 652 1612 687 sepulcro
1627 654 1702 688 jace-

919 690 964 717 bat
984 700 991 719 :
1013 694 1151 726 quomodo
1177 693 1221 721 isti
1248 695 1420 722 mendacium
1450 704 1482 724 ac
1515 698 1702 726 haereticorum

917 737 1073 772 Christique
1088 738 1205 767 hostium
1224 744 1315 767 notam
1332 740 1497 777 eﬂ‘ngerint?

953 825 996 853 Vl.
1010 825 1147 861 Siquidem
1162 835 1227 863 ergo
1241 835 1306 856 caro
1319 829 1422 858 Christi
1435 830 1507 859 facta
1527 836 1567 860 est
1581 832 1700 868 deitatis,

919 871 1053 904 quomodo
1066 872 1195 900 Dominus
1210 874 1267 909 ipse
1282 875 1308 902 in
1323 883 1405 904 cruce
1418 877 1486 904 dixit
1504 886 1510 904 :
1524 877 1593 906 Deus
1615 888 1700 913 meas,

919 917 987 945 Deus
1006 926 1090 951 meus,
1115 924 1145 946 ut
1174 920 1236 955 quid
1260 921 1423 957 dereliquixti
1449 924 1533 951 me'?
1561 925 1700 960 Siquidem

917 964 988 992 enim
1005 964 1107 993 Christi
1128 973 1192 993 caro
1218 967 1326 995 deitatis
1346 973 1416 1002 erat,
1433 974 1514 1004 atque
1539 970 1565 998 in
1582 971 1659 1000 ctrlis
1685 980 1701 1000 a

917 1010 1134 1039 l'atreiudivulsa
1147 1012 1306 1042 exsistebat.
1319 1021 1427 1050 unaque
1439 1021 1498 1043 erat
1510 1016 1596 1045 deitas
1613 1017 1702 1046 Patris

916 1064 947 1083 ac
962 1056 1051 1084 carnis
1065 1057 1177 1090 Christi,
1195 1058 1305 1094 ejusque
1322 1066 1386 1087 caro
1409 1069 1424 1088 a
1442 1061 1528 1089 Patris
1542 1062 1642 1091 deitate
1655 1064 1702 1092 in-

916 1102 1075 1136 separabilis
1090 1108 1169 1131 erat:
1183 1105 1318 1139 quomodo
1332 1113 1386 1133 una
1403 1113 1434 1134 ac
1450 1106 1588 1136 individua
1602 1109 1700 1143 deitas,

919 1148 975 1182 ipsa
991 1155 1021 1175 se
1036 1147 1121 1177 divisa
1134 1149 1316 1185 derelinquit?

954 1199 1006 1226 ΠΙ.
1027 1200 1183 1235 Enimvero,
1197 1202 1261 1237 quid
1280 1204 1313 1230 ad
1334 1204 1391 1232 haec
1411 1206 1525 1241 improbi
1545 1208 1604 1237 illi?
1617 1209 1700 1239 Aiunt

915 1245 1054 1279 nimirum,
1065 1246 1203 1275 Christum
1215 1249 1295 1276 verba
1311 1250 1367 1278 hac
1379 1250 1464 1279 humil
1479 1260 1493 1280 a
1506 1253 1624 1283 locutum
1640 1263 1700 1284 esse

915 1296 1027 1327 propter
1037 1293 1183 1326 diabolum,
1199 1299 1229 1322 ut
1243 1303 1275 1323 ne
1291 1297 1324 1324 ab
1340 1297 1399 1331 ipso
1413 1297 1555 1334 cﬂ‘ugeret.
1573 1300 1595 1329 0
1612 1301 1700 1330 abso-

916 1345 976 1364 nam
991 1345 1022 1366 ac
1037 1338 1219 1374 impudentem
1235 1341 1374 1370 hominum
1389 1345 1608 1375 responsionem!
1633 1349 1699 1377 Per-

915 1385 1009 1418 spicue
1041 1385 1112 1412 enim
1146 1384 1282 1414 Christum
1312 1388 1499 1418 simulatorem
1529 1393 1696 1428 prmdicant,

914 1435 944 1456 ιιι
956 1429 1007 1457 alia
1025 1431 1134 1465 quidem
1148 1432 1260 1460 haberet
1275 1434 1301 1460 in
1315 1435 1406 1468 corde,
1425 1435 1476 1463 alia
1495 1443 1584 1465 autem
1603 1439 1695 1475 lingua

914 1475 1095 1511 eloqueretur.
1117 1477 1346 1511 Quemadmodum
1360 1480 1443 1514 enim.
1459 1482 1504 1517 qni
1522 1483 1696 1514 simulatione

915 1527 946 1547 ac
963 1521 1108 1549 dolositate
1127 1522 1197 1557 pleni
1219 1524 1361 1558 exsistant,
1378 1532 1426 1553 nec
1440 1526 1577 1555 Christum
1594 1529 1633 1557 sic
1650 1538 1697 1566 ap-

916 1566 1016 1600 pellare
1032 1574 1144 1602 nequam
1157 1569 1280 1598 homines
1295 1570 1372 1598 veriti
1386 1576 1460 1599 sunt.
1479 1573 1616 1608 Siquidem
1630 1584 1696 1612 ergo

915 1611 1047 1645 Christus,
1071 1614 1116 1648 qni
1140 1614 1310 1649 omnipotens
1336 1622 1417 1649 esset.
1434 1619 1507 1645 omni
1537 1620 1597 1648 loco
1624 1611 1694 1655 erat,

913 1665 1030 1692 quonam
1047 1658 1080 1686 ab
1092 1665 1125 1686 eo
1139 1659 1260 1688 diabolus
1283 1660 1377 1696 fugere
1396 1663 1504 1697 potuit?
1523 1664 1557 1693 Ut
1578 1666 1648 1694 enim
1662 1675 1696 1695 ex

913 1703 1038 1730 onntibns
1054 1704 1125 1737 aliis.
1149 1705 1189 1733 sic
1204 1713 1311 1740 quoque
1326 1715 1357 1734 ex
1380 1708 1420 1736 bis
1441 1715 1591 1744 arguuntur
1607 1711 1693 1747 impii.

914 1748 980 1776 nihil
997 1757 1094 1785 sapere
1108 1755 1156 1778 aut
1169 1753 1266 1780 docere
1282 1761 1313 1780 ex
1331 1760 1486 1782 sanctorum
1504 1757 1694 1787 doctrlnazsetl

912 1802 943 1822 ex
967 1796 1084 1831 propriis
1108 1796 1190 1827 falsas
1212 1797 1317 1826 fabulas
1342 1801 1520 1834 comminisci,
1536 1806 1566 1829 ut
1589 1809 1693 1832 tantum

912 1839 1011 1868 Christi
1042 1849 1151 1869 carnem
1177 1851 1274 1879 negare
1301 1845 1416 1878 posﬂnt.
1444 1846 1582 1881 Siquidem
1612 1851 1694 1878 verba

912 1886 968 1913 hmo
985 1887 1106 1920 ltumllia,
1122 1888 1160 1915 uti
1187 1895 1281 1916 omnes
1308 1890 1396 1918 saneti
1420 1898 1451 1918 ac
1479 1892 1574 1920 deil'eri
1599 1893 1693 1922 Patres

913 1933 1045 1960 concinne
1059 1941 1073 1959 a
1092 1933 1195 1968 Spiritu
1214 1939 1309 1962 sancto
1325 1935 1549 1970 interpretantur,
1566 1947 1598 1966 eo
1614 1940 1694 1967 Chri-

911 1982 969 2004 stus
984 1983 1012 2004 et
1027 1978 1187 2012 loquebatur
1206 1983 1233 2006 et
1249 1980 1357 2014 agebat,
1374 1988 1427 2016 quo
1442 1989 1551 2010 carnem
1567 1991 1643 2012 suam
1661 1994 1695 2014 ac

911 2022 1057 2049 humanam
1072 2027 1196 2049 naturam
1206 2027 1356 2058 astrueret;
1375 2033 1426 2053 non
1443 2032 1526 2062 utper
1544 2028 1695 2058 simulatio-

909 2078 970 2097 nem
996 2069 1131 2097 diabolutn
1147 2069 1262 2097 falleret.
1279 2070 1398 2106 Alioqui,
1412 2075 1547 2107 quomodo
1562 2075 1635 2108 prius
1645 2077 1694 2103 di-

909 2115 986 2143 ccbat
1001 2123 1008 2142 :
1022 2114 1141 2142 Lazarus
1161 2121 1279 2143 mortuus
1298 2123 1346 2148 est,
1360 2123 1385 2145 et
1400 2118 1499 2153 gaudeo
1513 2126 1620 2155 propter
1638 2130 1692 2156 vos,

909 2164 937 2186 ut
952 2160 1075 2192 credatis,
1090 2161 1152 2194 quia
1168 2169 1219 2188 mm
1234 2169 1305 2188 eram
1319 2161 1355 2189 ibi
1367 2163 1397 2189 '2’

949 2246 1019 2274 Vill.
1039 2247 1177 2281 Siquidem
1191 2255 1256 2283 ergo
1274 2249 1372 2285 Christi
1390 2258 1498 2286 quoque
1512 2259 1585 2285 caro,
1598 2259 1693 2283 natura

910 2293 1019 2321 deitatis
1036 2297 1105 2325 erat,
1121 2293 1196 2321 nullo
1210 2295 1309 2329 nbiqttc
1320 2295 1437 2328 delectu,
1451 2306 1482 2324 ac
1494 2298 1692 2334 inseparabilis,

910 2338 1210 2374 incircumStrriptaqtte,
1233 2340 1332 2367 Christi
1360 2350 1468 2377 quoque
1494 2351 1559 2371 caro
1578 2353 1593 2372 ιι
1612 2345 1692 2373 Patre

909 2384 1097 2418 inseparabilis
1119 2390 1188 2418 erat,
1209 2387 1434 2420 quemadmodum
1458 2394 1485 2416 et
1508 2390 1594 2418 deitas
1614 2391 1689 2426 ejus;

908 2430 977 2457 sicut
994 2430 1049 2464 ipse
1067 2429 1194 2457 Dominus
1208 2430 1240 2457 de
1256 2437 1305 2457 sua
1321 2431 1359 2458 ait
1374 2431 1473 2459 tleitate
1492 2440 1499 2459 :
1517 2432 1574 2468 Ego
1590 2438 1615 2461 et
1639 2434 1693 2462 l’a-

908 2480 947 2502 ter
962 2483 1041 2502 unum
1060 2482 1149 2501 sumus
1160 2474 1180 2506 ³,
1203 2479 1230 2502 ct
1246 2476 1342 2504 iterum
1361 2484 1368 2504 :
1383 2478 1438 2515 Ego
1453 2478 1480 2504 in
1497 2477 1588 2513 Patre,
1600 2484 1623 2506 et
1637 2479 1692 2506 Pa-
1734 2488 1738 2492 '

908 2529 947 2549 rer
966 2522 992 2547 in
1009 2526 1049 2547 me
1069 2518 1294 2553 ett‘:quomodu
1317 2525 1378 2555 post
1400 2523 1628 2551 resurrectionem
1653 2523 1692 2550 ait

907 2567 1017 2595 Mariae:
1033 2566 1096 2593 Noti
1110 2573 1151 2592 me
1169 2570 1289 2600 tangere;
1305 2567 1420 2594 nondum
1438 2568 1509 2595 enim
1533 2569 1641 2597 ιιιιεικίί
1656 2570 1691 2597 ad

910 2613 1016 2640 Putrem
1028 2612 1133 2639 meum“
1149 2611 1160 2638 ἲ
1175 2618 1206 2638 ac
1222 2611 1319 2638 iterum
1332 2613 1370 2639 ait
1386 2612 1443 2648 ipse
1464 2614 1593 2649 apostolis
1614 2621 1692 2650 post~

906 2667 987 2695 quam
1003 2657 1197 2686 resurrexisset
1213 2666 1220 2684 :
1238 2656 1350 2691 Palpate
1362 2662 1387 2685 et
1403 2658 1496 2691 videte,
1507 2661 1569 2694 quin
1581 2660 1690 2695 spiritus

907 2711 1013 2732 carnem
1028 2707 1051 2729 et
1070 2709 1130 2728 oua
1145 2709 1196 2728 non
1207 2701 1295 2735 habet,
1311 2702 1378 2729 sicut
1393 2711 1433 2730 me
1447 2703 1537 2731 videtis
1553 2705 1647 2733 habere
1657 2705 1666 2719 '
1679 2706 1691 2731 τ

1241 2759 1251 2775 ³
1267 2758 1344 2787 Joan.
1361 2767 1406 2793 xx,
1423 2760 1466 2789 Π.
1504 2761 1514 2777 ⁶
1529 2761 1595 2790 an.
1616 2770 1689 2796 xnv,

946 2843 983 2879 (6)
1004 2843 1084 2877 (ἔτεκε.
1100 2847 1172 2870 ornt.
1187 2840 1222 2868 20
1454 2888 1490 2919 37
