1875 3056
91 161 162 195 1165

616 163 760 195 ORATIO
781 164 795 194 Ι
816 163 966 195 CONTRA
983 164 1193 196 ARMENIOS.

1643 162 1713 197 1166

88 217 192 245 στιανοὶ
209 217 498 253 καλεῖσθαιδύνανται,
515 220 562 246 καὶ
576 220 607 247 οὗ
636 220 737 256 μᾶλλον
751 221 859 249 διαϐολι-

951 219 981 253 ri.
998 228 1030 249 ac
1045 228 1098 249 non
1115 221 1201 257 magis
1215 221 1363 251 diabolici‘i
1379 221 1498 251 Dicendo
1517 221 1612 258 itaque
1630 221 1716 250 Joan-

87 263 150 297 xoi;
165 263 257 290 Εἰπὼν
264 264 353 291 τοίνυν
361 264 375 291 ό
387 264 516 299 Θεολόγος
524 266 663 302 Ἰωάννης,
682 268 724 295 ὅτι
740 267 767 295 ὀ
778 270 875 305 Λόγος

86 310 165 343 σὰρξ
179 308 308 344 ἐγένετο,
325 309 375 337 καὶ
391 310 571 342 ἐσκήνωσεν
595 312 630 338 ἐν
644 312 718 347 ἡμῖν
732 321 739 329 ·
753 314 810 346 πῶς
823 314 874 342 οὑκ

86 353 166 381 εἶπεν
186 355 228 381 ὅτι
250 355 299 390 τὴν
317 356 407 390 σάρκα
425 356 514 390 Λόγον
525 357 670 393 πεποίηκε,
685 359 733 385 καὶ
745 359 786 391 είς
812 360 873 387 θεό-

86 411 168 437 τητος
192 402 275 438 φύσιν
302 403 455 439 μετέδαλες
473 405 528 431 Καὶ
557 405 663 438 Παῦλος
688 406 729 439 δὲ,
749 407 875 443 Τιμοθέῳ

86 449 201 484 γράφων
218 449 282 484 περὶ
301 449 432 483 πίστεως,
445 450 492 477 καὶ
520 450 606 485 λέγων
620 457 627 465 ⁸
660 451 875 488 ὀμολογουμέ-

86 502 147 526 νως
160 494 236 528 μέγα
248 494 315 522 ἐστι
331 495 364 522 τὸ
375 494 430 530 τῆς
443 496 596 529 εὐσεϐείας
603 497 772 532 μυσττψιον
786 506 793 514 ·
802 498 875 531 Θεὸς

85 538 258 574 ἐφανερώθη
271 540 408 574 ἐνσαρκί
426 549 434 556 ·
453 541 512 573 πῶς
530 543 581 569 οὐκ
594 540 670 570 εἶπεν
691 544 733 571 ὅτι
758 545 805 571 καὶ
821 545 871 581 τὴν

87 586 178 621 σάρκα
196 586 310 621 θεότητα
328 588 463 623 πεποίηκε
475 588 567 622 ςΜετὰ
580 590 725 625 τριακόσια
736 591 874 620 δεκαοκτὼ

86 631 134 666 ἐτη
151 631 199 666 τῆς
214 632 261 658 τοῦ
276 633 396 668 Χριστοῦ
419 635 664 671 ἐνανθρωπήσεως,
686 638 710 664 oi
722 638 873 672 τριακόσιοι

85 676 227 703 δεκαοκτὼ
242 678 315 712 ἅγιοι
333 679 455 715 lla-cepe;
470 681 499 706 ὲν
514 681 618 718 Νικαίᾳ
629 682 813 716 συνελθόντες,
826 686 874 712 καὶ

84 722 131 748 τὸν
148 721 283 756 σύμϐολον
294 724 344 758 τῆς
362 723 483 757 πίστεως
499 725 666 761 γράψαντες,
692 727 751 760 πῶς
765 728 874 762 δεῑτοὺς

84 766 270 800 Χριστιανοὺς
280 768 420 795 πιστεύειν
433 770 480 796 καὶ
497 771 643 805 ὁμολογεῖν
671 772 716 799 τὸν
735 773 800 800 Υίὸν
825 774 873 801 τοῦ

84 811 167 845 Θεοῦ,
181 813 229 839 καὶ
242 813 365 845 εἰπόντες
383 814 501 849 περὶτοῦ
513 816 643 851 Χριστοῦ,
653 817 694 844 ὅτι
709 819 874 847 κατελθόντα

84 858 118 884 ὲκ
138 858 193 884 τῶν
209 857 346 893 οὐρανῶν,
362 860 410 886 καὶ
427 861 618 894 σαρκωθέντα,
635 863 682 888 καὶ¹
697 863 873 901 ὲνανθρωπή-

85 912 182 937 σαντα,
191 905 238 931 καὶ
247 905 449 939 σταυρωθέντα,
458 906 506 934 καὶ
513 907 643 942 ταφέντα,
654 909 701 935 καὶ
710 910 874 946 ἀναστάντα,

85 951 133 977 καὶ
148 950 296 978 ἀνελθόντα
310 952 351 983 είς
366 951 428 984 τοὺς
439 952 582 988 οὐρανοὺς,
616 955 664 982 καὶ
689 955 876 992 καθεζόμενον

84 996 115 1022 ὲν
132 996 209 1031 δεξιᾷ
223 996 269 1023 τοῦ
287 997 396 1033 Πατρός
407 1006 414 1015 ·
436 998 462 1025 εί
478 998 524 1025 οὖν
539 999 589 1034 τὴν
606 1001 697 1036 σάρκα
723 1003 766 1034 είς
795 1003 876 1038 φύσιν

84 1044 238 1078 τραπεῖσαν
253 1043 382 1079 θεότητος
397 1044 559 1079 ἐγίνωσκον,
571 1046 631 1078 πῶς
649 1047 680 1074 οὺ
699 1048 874 1084 προσέθηκαν

84 1089 115 1115 ὲν
133 1090 166 1124 τῇ
183 1089 283 1122 πίστει,
296 1091 365 1125 μετὰ
377 1090 408 1117 τὸ
423 1091 511 1118 εἰπεῖν
527 1092 567 1118 ὅτι
587 1092 638 1120 Ἐν
648 1092 732 1128 δεξιᾷ
744 1094 798 1122 τοῦ
813 1097 872 1122 ﬂa-

925 274 975 295 nes
986 267 1156 303 Theologus:
1179 267 1291 295 Verbum
1303 275 1365 295 caro
1378 268 1476 302 factum
1487 272 1536 299 est,
1548 273 1572 296 ιι
1585 268 1716 296 habitarit

924 314 952 340 in
964 313 1037 340 nobis
1050 313 1071 330 ι’
1080 333 1088 346 ,
1105 314 1240 348 quomodo
1253 321 1307 341 non
1319 313 1381 341 item
1398 313 1477 347 dixit,
1491 313 1589 342 fecisse
1601 321 1712 342 carnem

925 358 1054 392 Verbum,
1070 367 1102 387 ac
1136 360 1163 386 in
1189 359 1300 387 deitatis
1321 364 1445 387 naturam
1471 360 1657 388 convertisse?
1673 361 1712 388 Ac

925 413 987 433 cum
1008 404 1106 433 Paulus
1125 405 1269 433 Timotheo
1288 405 1409 433 scribens
1422 405 1455 433 de
1468 405 1520 433 ﬁde
1535 405 1607 433 dicat
1623 415 1630 434 :
1649 406 1712 434 lla-

925 451 1018 486 m'feste
1031 459 1154 486 magnum
1166 455 1205 478 est
1218 451 1322 485 pietatis
1337 456 1530 478 sacramentum
1542 458 1552 478 ε
1568 450 1638 479 Deus
1654 460 1712 479 ma-

925 497 1034 532 nifestus
1054 498 1082 524 in
1104 498 1235 530 carne",
1258 497 1351 533 quidni
1373 497 1453 531 dixit,
1479 505 1588 526 carnem
1615 498 1713 526 iecisse

925 543 1071 574 deitatem?
1091 543 1158 571 Post
1186 548 1323 572 trecentos
1343 543 1471 577 deinceps
1491 543 1585 571 decem
1608 548 1636 571 et
1650 548 1714 572 octo

925 596 1010 616 annos
1020 597 1034 616 a
1050 588 1150 617 Christi
1168 589 1369 620 incarnatione,
1379 589 1491 617 trecenti
1507 589 1601 616 decem
1615 593 1642 616 et
1650 594 1713 617 octo

925 634 1012 662 sancti
1029 634 1125 662 Patres
1138 635 1254 662 Nicaeam
1267 636 1473 668 convenientes,
1484 642 1516 663 ac
1531 635 1592 663 lidei
1605 636 1716 671 symbo-

925 680 979 708 lum
1003 681 1162 714 scribentes,
1188 687 1217 709 ut
1241 681 1356 709 debeant
1380 681 1529 709 Christiani
1557 681 1670 709 credere
1683 688 1716 708 ac

924 727 1047 756 conllteri
1062 727 1108 755 Dei
1132 727 1250 761 Filium;
1266 734 1376 765 acOcum
1393 727 1527 755 dixissent
1542 727 1576 754 de
1591 727 1714 759 Christo,

924 773 1099 802 descendisse
1109 774 1143 801 'de
1154 774 1242 805 caelis,
1257 774 1430 801 incarnatum
1444 780 1516 807 esse,
1534 772 1634 800 factum
1659 773 1714 800 ho-

925 820 1036 852 minem,
1051 819 1222 852 cruciﬁxum,
1238 818 1384 854 sepultum.
1401 817 1598 850 resurrexisse,
1614 824 1714 845 ascen-

926 866 998 893 disse
1010 865 1036 892 in
1050 865 1143 898 malos,
1157 869 1239 900 atque
1260 864 1292 891 ad
1312 863 1402 891 Patris
1423 864 1564 891 dexteram
1585 865 1709 892 sedere:

928 911 1061 947 siquidem
1073 915 1204 938 noverant
1217 917 1327 938 carnem
1345 909 1371 936 in
1392 909 1499 937 deitatis
1512 915 1636 936 naturam
1649 916 1715 936 con-

927 964 1046 989 versam,
1055 956 1149 992 quidni
1162 956 1222 984 iidei
1234 955 1395 985 addiderunt
1405 959 1505 990 postea
1521 954 1620 983 verba:
1634 954 1713 982 Sedet

927 1004 962 1031 ad
985 1005 1117 1031 dexteram
1141 1002 1242 1035 Patris,
1262 1009 1334 1029 nunc
1357 1009 1466 1036 quoque
1486 1008 1594 1028 carnem
1614 999 1713 1029 fecisse

927 1050 1066 1083 deitatem,
1085 1050 1125 1077 uti
1146 1049 1220 1084 impii
1235 1049 1279 1076 isti
1300 1048 1468 1083 contingunt,
1488 1054 1541 1075 non
1557 1051 1588 1075 ut
1607 1046 1714 1075 Christi

926 1098 1060 1125 hoinorent
1071 1102 1194 1128 carnem,
1210 1094 1258 1122 sed
1272 1098 1302 1121 ιιι
1313 1093 1371 1128 ejus
1389 1100 1490 1128 corpus
1508 1093 1678 1121 inlicientur?

83 1135 157 1169 πρὸς
178 1136 370 1171 καθήμενον,
401 1137 444 1165 ότι
465 1138 513 1165 καὶ
545 1138 594 1174 τὴν
619 1139 710 1175 σάρκα
733 1141 850 1177 Oed-mea
893 1144 1066 1179 ποιήσαντα·
1083 1141 1122 1173 ὼς
1151 1137 1224 1168 οῦτοι
1238 1140 1263 1167 οἱ
1291 1139 1410 1172 ἀσεϐεῖς,
1426 1139 1457 1167 οὐ
1476 1139 1521 1167 διὰ
1548 1138 1631 1175 τιμὴν
1663 1139 1713 1175 τῆς

86 1182 190 1217 σαρκὸς
205 1182 251 1209 τοῦ
269 1183 404 1219 Χριστοῦ,
420 1184 489 1211 ἀλλὰ
502 1183 537 1211 δι’
547 1185 662 1221 ἄρνησιν
677 1187 725 1214 τοῦ
742 1187 869 1224 σώματος
889 1190 983 1223 αὑτοῦ,
1000 1188 1115 1216 τοιαῦτα
1132 1187 1329 1223 μυθολογοῦσιν
1342 1194 1351 1220 ;

122 1228 174 1256 lB’.
211 1230 336 1257 Ἐναντία
357 1231 448 1258 τοίνυν
460 1232 508 1259 τοῦ
527 1232 658 1268 Χριστοῦ,
675 1234 789 1263 καὶτῶν
810 1237 878 1264 ἀπο-

85 1275 190 1302 στόλων
218 1276 335 1303 καὶτῶν
362 1276 502 1313 θεοφόρων
527 1278 659 1314 Πατέρων
694 1279 878 1316 διδάσκοντες,

84 1321 291 1357 ἀλλοτριοῦνται
313 1322 361 1348 τοῦ
381 1320 511 1358 Χριστοῦ,
536 1323 766 1360 κληρονομοῦνται
791 1326 820 1353 δὲ
847 1328 878 1354 τὸ

85 1367 223 1403 ἀνάθεμα,
234 1367 326 1400 καθώς
341 1377 424 1405 φησιν
437 1369 452 1395 ὁ
467 1369 546 1404 ἅγιος
560 1370 665 1403 Παῦλος
681 1372 695 1398 ὁ
711 1372 799 1407 μέγας
813 1373 877 1400 ἅπόι

87 1413 184 1445 στολος
200 1422 207 1428 ·
222 1414 258 1441 Et
272 1422 318 1447 τις
333 1414 388 1450 γὰρ
412 1416 630 1450 εὐαγγελίζεται
660 1417 740 1453 ὑμᾶς
779 1419 847 1454 παρ’
860 1419 876 1446 δ

85 1459 220 1493 ἐλάϐετε,
235 1459 369 1495 ἀνάθεμα
382 1461 470 1489 ἔστω.
499 1463 605 1490 Οὐκοῦν
631 1464 682 1499 τὴν
711 1465 799 1500 σάρκα
829 1465 875 1492 τοῦ

85 1506 208 1542 Χριστοῦ
219 1507 260 1538 είς
274 1506 357 1541 φύσιν
369 1507 496 1543 θεότητος
507 1509 657 1545 τραπῆναι,
674 1511 720 1537 καλ¹
731 1510 876 1546 όμοούσιου

86 1553 195 1588 θεότητι
212 1553 389 1587 γεγενῆσθαι,
426 1554 495 1589 μήτε
519 1554 566 1582 τοῦ
589 1556 709 1591 Χριστοῦ
741 1556 873 1590 εἰπόντος,

87 1599 160 1634 μήτε
174 1598 229 1626 τῶν
243 1593 446 1633 εὐαγγελιστῶν
459 1600 688 1635 συγγραψάντων,
718 1601 789 1637 μήτε
820 1602 875 1630 τῶν

85 1644 245 1672 ἀποστόλων
257 1644 430 1678 διδαξάντων,
440 1646 509 1680 μήτε
521 1645 638 1682 τῶντιη¹
646 1648 732 1682 ἁγίων
743 1648 874 1684 Πατέρων

86 1692 116 1717 ὲν
133 1691 168 1726 τῇ
182 1690 274 1717 πίστει
289 1691 478 1726 προτεθέντων
494 1691 769 1728 ἢμνημονευσάντων
783 1702 791 1709 ·
807 1694 874 1721 ἀνά-

86 1737 161 1772 θεμα
176 1735 299 1764 ἔστωσαν
325 1734 400 1764 οῦτοι
414 1738 437 1764 οί
451 1739 630 1774 χριστομάχοι
656 1740 790 1772 αίρετικοὶ
813 1740 875 1775 ’Δρ-

89 1782 189 1817 μένιοι,
217 1782 456 1818 εὐαγγελιζόμενοι
481 1785 528 1811 καὶ
559 1784 750 1820 κηρύττοντες,
779 1784 846 1820 παρ’
857 1776 876 1812 Ἶὸ

88 1828 157 1862 παρ’
173 1828 286 1856 ἐκείνων
299 1828 454 1863 παρέλαὸον
471 1837 478 1844 '
489 1830 536 1856 καὶ
551 1830 648 1857 ἀπολεῖ
657 1829 756 1862 αὐτοὺς
772 1831 875 1866 Κύριος

87 1873 241 1905 λαλοῦντας
256 1873 287 1900 τὺ
298 1874 407 1908 ψεῦδος,
421 1874 513 1906 καθὼς
526 1875 573 1901 καὶ
583 1876 597 1902 ὸ
613 1875 701 1911 μέγας
717 1875 875 1908 Ἀθανάσιος

87 1921 102 1945 ὁ
122 1919 341 1955 ’Δλεξανδρείας,
363 1920 482 1955 ἐλέγχων
509 1921 608 1953 αὐτοὺς
633 1921 735 1957 γράφει
764 1921 852 1953 οὕτως
866 1929 873 1937 ·

93 1975 103 1990 ε
133 1965 213 1996 Ποϊος
227 1965 293 2001 ᾅδης
308 1965 446 2002 ὴρεύξατο
466 1966 516 2001 τὴν
535 1967 628 2002 φωνὴν
655 1967 705 2002 τὴν
732 1967 874 2002 λέγουσαν,

87 2010 233 2046 ὁμοούσιον
245 2009 314 2038 εῐναι
341 2011 372 2038 τὺ
391 2011 480 2047 σῶμα,
502 2013 549 2038 καὶ
585 2013 631 2040 τὸν
655 2013 722 2040 Θεὸν
747 2014 849 2048 Λόγον;
863 2023 873 2041 ι

95 2056 214 2092 Ὁμοίως
233 2057 281 2083 καὶ
298 2058 311 2084 6
325 2056 404 2092 ἅγιος
418 2057 573 2093 Κύριλλοςό
588 2059 791 2095 Ἀλεξανδρείας
807 2061 876 2096 πρὸς

88 2102 242 2130 Σούκινσον
257 2103 406 2130 ιπίσκοπον
422 2104 523 2139 γράφει
541 2103 643 2136 οὕτως’
672 2114 681 2131 ι
705 2105 875 2138 Ἐννοοῦντες

88 2149 182 2174 τοίνυν
195 2147 244 2183 τῆς
260 2147 493 2183 ὲνανθρωπήτεως
507 2149 618 2184 τρόπον,
633 2149 742 2185 ὁρῶμεν
764 2151 805 2177 ὅτι
828 2151 875 2178 δᾶο

967 1236 1024 1264 ΧΙΙ.
1047 1236 1114 1264 Cum
1142 1236 1231 1270 itaque
1253 1235 1341 1262 aliena
1357 1242 1371 1262 a
1390 1234 1510 1266 Christo,
1530 1241 1562 1261 ac
1583 1234 1713 1269 apostolis

928 1284 1091 1320 deiferisque
1103 1282 1228 1310 Patribus
1239 1283 1364 1314 doceant,
1375 1281 1476 1309 alienis
1487 1281 1596 1309 Christo
1608 1282 1712 1310 consti-

929 1333 1050 1362 tuuntttr,
1072 1335 1104 1356 ac
1130 1328 1272 1355 anathema
1297 1326 1459 1358 sortiuntur,
1476 1326 1514 1354 uti
1539 1334 1652 1362 magnus
1667 1327 1713 1354 ille

927 1373 1064 1408 apostolus
1077 1372 1176 1400 Paulus
1196 1371 1233 1399 ait
1251 1379 1258 1399 :
1272 1371 1301 1399 Si
1314 1371 1373 1407 quis
1392 1371 1464 1398 vobis
1481 1371 1712 1406 euangelisavsrit,

928 1423 1023 1452 prater
1037 1416 1064 1443 id
1077 1415 1147 1452 quod
1162 1415 1309 1450 accepistis,
1326 1414 1466 1442 anathema
1486 1415 1521 1442 sit
1532 1414 1566 1442 ".
1581 1414 1711 1448 Proinde,

926 1467 986 1488 cum
998 1459 1098 1487 Christi
1114 1465 1223 1487 carnem
1238 1459 1264 1486 in
1277 1458 1385 1486 deitatis
1399 1464 1523 1486 naturam
1539 1466 1710 1494 convenam,

925 1512 959 1533 ac
979 1505 1090 1533 deitatis
1112 1504 1210 1532 factam
1231 1504 1504 1536 consubstantialem,
1521 1511 1570 1532 nec
1585 1505 1713 1533 Christus

888 1540 909 1568 θ
926 1551 1038 1584 dixerit,
1063 1558 1112 1579 nec
1133 1550 1306 1586 evangelista:
1330 1551 1551 1586 conscripseriul,
1576 1558 1626 1580 nec
1647 1559 1713 1587 apo-

926 1597 989 1625 stoli
1003 1597 1152 1630 docuerint,
1165 1603 1215 1624 nec
1225 1596 1336 1624 trecenti
1346 1596 1438 1624 decem
1453 1601 1479 1624 et
1491 1601 1551 1625 octo
1563 1598 1648 1625 sancti
1660 1598 1712 1625 Pa-

928 1643 1023 1671 tresin
1048 1642 1206 1678 exponenda
1231 1642 1284 1669 tlde
1307 1644 1510 1676 proposuerint,
1524 1647 1571 1670 aut
1595 1643 1633 1671 rei
1650 1643 1710 1678 ejus

926 1689 1090 1716 mentionem
1110 1687 1235 1721 fecerint,
1250 1688 1393 1716 anathema
1419 1688 1473 1716 sint
1502 1688 1549 1717 Dei
1569 1690 1660 1718 hostes
1677 1697 1711 1718 ac

925 1735 1044 1762 heretici
1058 1734 1086 1761 hi
1102 1734 1234 1766 Armenii,
1250 1732 1296 1768 qui
1309 1734 1496 1769 evangelizent
1506 1742 1537 1763 ac
1550 1736 1710 1770 praedicent.

926 1785 1024 1815 praeter
1051 1779 1077 1807 id
1095 1780 1167 1814 quod
1181 1779 1216 1806 ab
1235 1779 1288 1806 illis
1301 1784 1480 1814 acceperunt;
1497 1781 1646 1816 perdatque
1676 1781 1710 1809 il-

926 1831 966 1858 los
980 1831 1062 1862 Deus,
1073 1834 1102 1856 ιιι
1116 1829 1161 1864 qui
1178 1829 1324 1863 loquantur
1340 1831 1521 1864 mendacium,
1534 1832 1711 1866 quemadmo-

924 1875 988 1902 dum
1012 1875 1093 1903 etiam
1118 1882 1231 1909 magnus
1252 1874 1297 1903 ille
1318 1875 1481 1904 Athanasius
1504 1877 1707 1906 Alexandrinus

926 1928 1043 1955 arguens
1060 1920 1121 1948 illos
1135 1921 1162 1947 in
1181 1920 1238 1948 hac
1251 1920 1334 1948 verba
1348 1921 1443 1949 scribit
1460 1929 1467 1949 :
1493 1930 1503 1948 ι
1520 1922 1648 1955 Quisnam
1665 1923 1708 1950 in-

925 1968 1017 1995 fernus
1037 1973 1096 1993 eam
1122 1973 1215 1993 vocem
1229 1966 1359 2000 evomuit,
1376 1973 1430 2000 qua
1456 1967 1565 2000 dicitur,
1587 1968 1708 2002 ejusdem

923 2020 985 2041 esse
1009 2012 1167 2040 substantia:
1194 2019 1310 2047 corpus,
1331 2019 1363 2039 ae
1386 2013 1468 2040 Deum
1488 2011 1607 2041 Verbum
1623 2013 1683 2049 (9)?
1696 2023 1706 2040 ι

926 2057 1013 2086 Simili
1035 2064 1143 2093 quoque
1170 2057 1275 2085 ratione
1298 2057 1418 2092 Cyrillus
1439 2057 1641 2086 Alexandrinus
1668 2058 1707 2086 ita

925 2103 1021 2132 scribit
1046 2104 1080 2131 ad
1106 2103 1256 2131 Sucensum
1273 2103 1429 2138 episcopum
1446 2111 1453 2131 :
1471 2112 1480 2129 ε
1500 2104 1708 2132 Considerantes

927 2148 1008 2184 igitur
1024 2148 1132 2176 modum
1146 2147 1357 2180 humanationis,
1370 2147 1544 2182 intelligimus
1554 2147 1622 2176 duas
1636 2148 1708 2176 inter

88 2193 189 2228 φύσεις
205 2193 336 2228 συνῆλθον
350 2194 475 2229 ἀλλήλοις
489 2195 550 2221 καθ’
568 2195 666 2222 ἕνωσιν
678 2196 859 2224 ἀδιάσπαστον

951 2201 958 2221 ξ
985 2192 1162 2220 indissolubili
1185 2191 1285 2219 unione
1308 2193 1469 2220 convenisse
1491 2196 1613 2226 naturas,
1638 2193 1708 2221 citra

88 2239 251 2274 ἀχωρίστως
269 2239 319 2274 (7),
337 2239 491 2276 ἀτρέπτως.
508 2239 541 2267 'H
555 2240 610 2276 γὰρ
628 2241 708 2276 σᾲρξ,
721 2242 790 2278 σάρξ
803 2243 872 2276 ἐστι,

88 2284 140 2311 καὶ
155 2284 185 2311 οὺ
198 2284 305 2320 θεότης,
319 2285 343 2311 εί
357 2286 404 2311 καὶ
416 2285 526 2320 λέγεται
538 2286 576 2322 (8)
593 2287 660 2314 Θεοῦ
673 2287 742 2323 σάρξ
755 2295 762 2303 ·
774 2288 874 2323 ὁμοίως

88 2331 117 2356 δὲ
137 2330 185 2357 καὶ
200 2331 214 2357 ό
225 2331 311 2365 Λόγος
324 2331 390 2363 Θεός
404 2332 474 2363 ἔστι,
486 2333 534 2359 καὶ
546 2332 576 2359 οὐ
592 2333 671 2369 σάρξ,
684 2334 709 2360 εἰ
729 2335 776 2360 καὶ
805 2334 875 2360 ίδίαν

88 2377 243 2413 ἐποιήσατο
254 2377 302 2413 τὴν
318 2377 407 2413 σάρκα
420 2379 614 2414 οἰκονομικῶς.
636 2389 646 2406 ι
661 2380 744 2407 Οὐδὲν
755 2381 783 2408 δὲ
806 2382 875 2413 τέως

87 2423 113 2449 oi.
124 2423 246 2456 ἀσεϐεῖς,
259 2423 275 2459 ἢ
291 2423 340 2458 τὴν
355 2423 494 2459 σάρκωσιν
507 2424 627 2460 Χριστοῦ
640 2425 781 2460 ἀρνεῖσθαι
810 2425 874 2461 βου-

87 2467 211 2502 λόμενοι,
230 2467 317 2495 ταῦτα
331 2468 523 2504 βλασφημοῦσι
541 2470 588 2496 καὶ
603 2470 792 2506 μυθολογοῦσι.

353 2594 550 2622 ΚΕΦΑΔΔΙΟΝ
565 2595 601 2622 B'.

292 2639 361 2673 Περὶ
375 2639 427 2667 τοῦ
444 2640 673 2676 εὐαγγελισμοῦ.

129 2687 236 2714 "mtas
249 2687 275 2714 οι
308 2688 446 2724 Ἀρμένιοι
474 2690 621 2724 προφανῶς
653 2690 799 2726 ἀρνοῦνται
827 2691 877 2726 τὴν

126 2746 148 2763 ι’
162 2746 240 2774 Joan.
254 2755 275 2779 t,
293 2747 337 2776 ﬂ.
376 2749 420 2776 "l
439 2749 508 2776 Tim.
524 2756 565 2782 ut,
582 2750 625 2777 i6.
667 2749 688 2765 "
704 2749 793 2777 Galat.
811 2757 830 2781 ι,
846 2750 873 2777 9.

129 2794 170 2827 (7)
185 2794 255 2821 Edit.
271 2794 442 2829 ἀσυγχύτως.

128 2828 168 2863 (8)
183 2829 253 2865 Edrit.
271 2828 363 2865 Cyrili.
379 2831 487 2864 γέγονε.

128 2864 166 2899 (9)
182 2864 283 2893 Athan.
296 2864 348 2893 'est
371 2867 452 2901 apud.
470 2867 564 2895 Ambr.
584 2867 630 2896 lib.
651 2867 687 2895 De
703 2867 810 2897 lucum.
832 2877 876 2896 sa-

928 2237 1115 2266 coni'usionem
1141 2241 1222 2272 atque
1240 2237 1417 2265 mutationem
1435 2238 1527 2265 uuam.
1544 2238 1615 2267 Caro
1634 2240 1707 2267 ettim

925 2290 990 2311 caro
1002 2288 1053 2315 est,
1066 2286 1094 2310 et
1119 2289 1172 2310 non
1198 2281 1336 2315 divinitas,
1352 2282 1460 2311 etiamsi
1481 2283 1529 2311 Dei
1551 2291 1617 2311 caro
1634 2284 1706 2313 facta

926 2333 968 2357 est
984 2338 991 2356 :
1009 2329 1126 2363 itemque
1139 2327 1255 2356 Verbum
1270 2328 1341 2357 Deus
1354 2333 1406 2360 est.
1420 2324 1450 2356 ὀι
1463 2336 1516 2357 non
1530 2336 1707 2365 caro,quam-

928 2375 970 2403 vis
983 2374 1179 2408 dispensatoria
1194 2375 1300 2402 ratione
1316 2375 1452 2410 propriam
1468 2375 1520 2403 sibi
1536 2375 1630 2403 fecerit
1643 2383 1706 2404 caro

927 2425 990 2446 nem
1007 2417 1080 2453 '(10).
1098 2426 1107 2443 ι
1130 2417 1158 2445 id
1187 2418 1260 2445 enim
1281 2426 1363 2446 unum
1385 2419 1491 2446 interim
1512 2419 1587 2454 impii
1615 2420 1706 2448 animo

927 2463 1104 2490 constitutum
1133 2463 1278 2496 habentes,
1308 2468 1339 2491 ut
1364 2463 1467 2492 Christi
1490 2469 1589 2499 negent
1615 2465 1708 2492 incas-

927 2509 1075 2542 nationem,
1100 2509 1189 2536 omnia
1221 2509 1279 2537 haec
1299 2509 1487 2544 blasphemant
1510 2516 1537 2537 et
1564 2511 1708 2539 romutini‘

924 2560 1044 2582 εοιιηιιιτ.

1233 2601 1348 2630 CAPUT
1364 2602 1397 2630 II.

1188 2647 1226 2674 De
1238 2649 1257 2675 Α
1263 2648 1451 2675 ηηιιηιίσιὶοιιε.

962 2690 1038 2724 Quod
1062 2697 1151 2720 autem
1171 2693 1291 2720 Armenii
1313 2693 1413 2722 Christi
1437 2693 1523 2729 palam
1543 2691 1709 2721 incarnatio.

928 2805 1017 2835 cram,
1027 2805 1085 2835 cap.
1102 2798 1131 2835 ti.

966 2833 1021 2868 (l0)
1035 2832 1128 2871 C'yriil.
1148 2832 1226 2868 epist.
1244 2833 1269 2866 Ι,
1287 2833 1318 2861 ad
1333 2833 1398 2862 Suc.
