1875 3056
182 153 256 187 116⁸1

716 154 843 186 ISAACI
860 154 1045 187 ΑΒΜΕΝΙᾸΞ
1066 156 1271 188 CATHOLICI

1741 155 1803 190 1168

179 219 243 240 nem
268 214 373 246 negent,
387 218 420 238 ex
442 218 474 238 cn
496 210 589 247 liquet.
607 211 674 241 Cum
699 212 771 240 enim
796 212 956 248 Evangeliun

1048 215 1143 251 ριστοῦ
1160 216 1312 251 σάρκωσιν,
1329 214 1408 251 δῆλον
1418 215 1554 244 ἐντεῦθεν.
1567 215 1623 244 Τοῦ
1640 216 1804 250 lieentum

172 259 265 291 dicat,
293 262 371 285 sexto
392 258 517 292 deinceps
540 265 632 286 mense
648 265 663 286 a
678 258 855 293 conceptione
879 258 968 286 Elisa-

178 305 254 337 belli,
268 304 380 332 missum
406 311 466 332 esse
488 304 678 339 archangelum
693 304 845 332 Gabrielem
859 304 893 332 ad
908 305 966 332 Ma-

176 350 248 378 riam
274 350 420 384 Virginem,
449 350 495 384 qui
520 349 686 377 Dominicam
711 350 735 378 ei
762 350 964 385 conceptionem

179 396 316 423 nuntiaret
335 404 342 423 :
360 395 387 423 hi
408 395 495 431 potius
506 395 594 423 latam
611 395 741 430 ejusmodi
757 403 789 423 ac
803 395 964 423 horrendam

179 441 389 473 solemnitatem,
414 441 584 476 primamque
612 442 703 468 mundi
730 441 856 474 salutem,
870 449 901 469 ac
916 442 963 470 Dei

176 486 323 514 Genitricis
331 487 468 521 gaudium,
481 494 556 514 more
567 486 719 514 Judaeorum
733 491 831 522 negant
843 495 850 520 ;
867 495 898 514 ac
909 487 964 515 Vul-

178 538 209 561 ut
221 533 322 561 luctum
336 532 525 567 suscipientes,
538 533 609 560 nulla
627 540 738 568 prorsus
750 533 853 560 ratione
864 532 961 560 festive

168 578 280 613 —colunt,
294 583 341 606 aut
353 579 484 606 celebrari
502 579 555 606 ulla
570 579 699 606 memoria
715 578 826 611 habent,
842 585 961 613 evange-

166 623 248 651 Jistis
266 631 298 651 ac
318 623 446 658 apostolis
471 623 645 651 adversantes
667 622 841 651 Hebraeorum
856 623 960 655 instar;

177 672 207 695 ut
228 676 288 703 qua:
307 669 351 696 illi
378 669 464 697 sancti
489 668 605 703 Spiritus
627 667 719 696 afﬂatu
731 667 961 703 conscripserunt,

175 715 229 750 ipsi
244 722 297 742 non
304 713 451 750 recipiant.

202 766 243 794 .ll.
253 766 404 794 Enimvero
416 767 480 801 quid
495 766 601 795 scelesti
619 765 802 802 respondenti
814 765 960 801 Haudqua-

164 820 258 848 uquam
273 813 411 841 Dominica
434 814 605 840 annuntiatio
621 813 717 840 Martio
731 820 823 840 mense
837 812 959 847 contigit,

168 867 261 894 zeaque
276 859 379 886 ratione
392 866 445 886 non
461 858 627 887 celebramus
639 859 736 894 ipsam.
751 857 774 885 0
787 858 898 885 multam
912 857 961 884 ho-

1017 260 1155 294 λέγοντος,
1183 261 1226 287 ὅτι
1243 261 1282 296 τῷ
1302 261 1375 296 ἕκτῳ
1401 261 1468 296 μηνὶ
1494 262 1549 288 ἀπὸ
1580 261 1633 296 τῆς
1646 261 1805 296 συλλήψεως

1023 305 1176 339 Ἐλισάὸετ,
1195 306 1335 341 ἀπεστάλη
1345 307 1358 332 ό
1366 307 1537 342 ἀρχάγγελος
1545 307 1669 343 Γαϐριὴλ
1678 308 1754 342 πρδς

1014 350 1159 385 Παρθένον
1171 350 1291 386 Μαρίαν,
1308 351 1559 386 εὐαγγελιζόμενος
1573 352 1644 387 αὐτῇ
1676 352 1733 386 τὴν
1766 351 1808 377 τοῦ

1016 396 1121 431 Κυρίου
1137 395 1269 431 σύλληψιν
1284 404 1291 412 υ
1305 394 1381 423 οὗτοι
1394 395 1444 431 τὴν
1458 396 1586 432 τοιαύτην
1612 397 1737 433 φαιδρὰν
1767 397 1810 423 καὶ

1017 441 1136 477 φρικτὴν
1150 442 1259 477 ἑορτὴν,
1273 442 1321 469 καὶ
1333 442 1447 477 πρώτην
1463 442 1512 468 τοῦ
1526 442 1632 477 κόσμου
1655 443 1809 478 σωτηρίαν,

1016 487 1064 513 καὶ
1078 487 1129 522 τῆς
1144 487 1277 514 Θεοτόκου
1291 487 1391 523 χαρὰν,
1407 487 1553 523 ἀρνοῦνται
1577 489 1680 523 μᾶλλον
1715 489 1810 523 ὥσπερ

1020 533 1156 567 Ἰουδαῖοι,
1169 533 1296 569 καθάπερ
1312 534 1410 566 πένθος
1429 534 1517 570 αὐτὴν
1542 534 1697 570 δεχόμενοι,
1730 535 1809 561 οὐδα-

1015 578 1073 613 μῶς
1085 579 1139 605 οὐδ’
1154 579 1223 612 ὅλως
1242 580 1327 615 αὐτὴν
1339 579 1517 616 ἑορτάζουσιν
1542 581 1556 615 ἦ
1587 581 1809 616 μνημονεύουσι,

1012 624 1071 655 τοῖς
1083 624 1291 658 εὐαγγελιστατς
1308 626 1356 652 καὶ
1372 626 1547 659 ἀποστόλοις,
1569 627 1664 662 ὥσπερ
1682 627 1809 661 Έὸραῖὺι

1012 668 1209 703 διαμαχόμενοι
1222 678 1229 685 ·
1245 669 1290 697 ἵνα
1312 670 1385 705 ἅπερ
1403 671 1503 697 ἐκεῖνοι
1518 671 1547 703 ἐξ
1576 671 1655 705 ἁγίου
1675 670 1810 705 Πνεῦμα-

1011 721 1057 744 τος
1071 713 1283 749 συνεγράψαντο,
1299 712 1372 742 οὗτοι
1390 715 1421 742 οὐ
1443 716 1663 751 παραδέχωνται.

1049 755 1086 785 B'.
1098 757 1179 784 Ἀλλὰ
1188 759 1214 785 τί
1228 767 1311 792 φασιν
1320 760 1344 786 oi
1353 759 1511 795 βδελυκτοίς
1526 761 1583 788 Οὐχ
1597 762 1626 787 ὲν
1636 760 1675 795 τῷ
1690 761 1809 795 Μαρτίῳ

1014 804 1080 838 μηνὶ
1094 804 1109 830 ό
1124 803 1323 839 εὖαγγελισμδς
1334 805 1440 840 γέγονε,
1458 806 1506 833 καὶ
1523 806 1568 832 διὰ
1579 806 1661 833 τοῦτο
1676 807 1732 841 οὐχ
1747 807 1807 841 ἑορ-

1011 848 1129 884 τάζομεν
1148 850 1240 876 αὐτόν.
1260 850 1292 876 ’Ώ
1307 851 1356 885 τῆς
1373 851 1475 886 πολλῆς
1488 852 1577 879 αὐτῶν
1593 852 1806 887 ἀναισχυντίας.

162 905 277 932 «uiuum
292 904 483 940 impudentiam
496 904 502 931 l
521 904 663 933 Mendaces
682 911 714 932 ac
727 904 886 932 seductoree
898 910 956 931 san-

1044 894 1140 926 εύστας
1153 895 1201 922 καὶ
1218 895 1338 928 πλάνους
1353 897 1460 924 ποιοῦσι
1476 898 1581 929 πάντας
1602 897 1668 928 τοὺς
1695 898 1805 931 ἁγίοκ.

164 956 235 980 -ctos
258 958 352 979 omnes
376 949 488 978 faciunt.
505 949 582 978 Unde
607 957 689 985 porro
705 949 850 985 contigisse
876 948 961 984 liquet

164 997 274 1025 Martio
290 1003 386 1024 mense
394 995 443 1023 Dei
459 995 606 1023 Genitricis
621 994 875 1023 annuntiationem?
887 993 959 1022 Sane

164 1044 215 1071 vsic
231 1041 411 1074 renishabere,
425 1046 454 1069 ut
472 1041 586 1076 Deipara
604 1040 699 1068 Martio
715 1047 809 1068 mense
825 1047 960 1075 concepe-

174 1089 212 1117 rit
229 1087 296 1124 (ll),
312 1080 386 1115 testis
401 1090 445 1114 est
458 1086 590 1114 Eusebius
604 1085 749 1121 Pamphili,
766 1085 807 1113 vir
819 1085 958 1113 studiosus

164 1142 207 1162 ,σε
231 1132 444 1165 scientissimus,
470 1130 661 1159 ecclesiasticae
683 1131 802 1158 historiae
830 1131 958 1165 scriptor,

174 1179 248 1208 inter
258 1177 354 1206 Patres
363 1176 579 1213 antiquissimus,
593 1184 662 1204 unus
674 1183 690 1205 e
704 1176 832 1204 trecentis
845 1176 897 1204 illis
911 1178 960 1205 de-

162 1231 234 1252 Jcem
251 1227 278 1250 et
297 1226 360 1251 octo
374 1221 477 1249 sanctis
504 1220 631 1250 Patribus
650 1221 768 1248 Nicena;
782 1221 888 1256 synodi,
905 1221 959 1250 Pa-

172 1274 245 1298 trum
272 1267 507 1303 eloquentissimus
527 1274 560 1295 ac
584 1266 960 1296 doctissimus:Athanasius

163 1323 282 1352 «quoque
292 1315 338 1343 ille
352 1322 469 1350 magnus
479 1314 694 1348 Alexandrinus,
708 1321 740 1341 ac
754 1320 866 1343 sanctus
875 1314 960 1343 Joan-

172 1370 222 1390 nes
248 1361 468 1397 Chrysostomns,
491 1366 642 1395 omnesque
662 1359 757 1387 deiferi
783 1359 889 1393 Patres,
911 1361 957 1395 qui

164 1409 265 1436 .dicutit
285 1411 406 1435 sanetam
426 1405 575 1441 »θείνει-ιω
603 1405 727 1433 vicesima
754 1406 848 1441 quinta
868 1405 958 1434 Martii

164 1454 260 1481 .iausta
271 1451 369 1479 nuntia
381 1451 517 1479 Gabrielis
543 1457 591 1478 ore
613 1451 761 1486 accepisse,
777 1457 828 1486 qua
845 1451 895 1486 ipsi
913 1458 957 1478 ra<

169 1499 257 1532 tione,
279 1505 313 1525 ac
337 1497 497 1533 demes-ores
515 1503 529 1523 a
547 1495 649 1524 sanctis
670 1496 803 1531 apostolis
829 1496 956 1523 traditum

172 1543 342 1578 accepissent
356 1551 363 1569 :
379 1550 412 1569 eo
426 1541 509 1577 quod,
530 1541 663 1576 inquiunt,
678 1541 723 1568 illa
740 1541 784 1569 die
796 1541 880 1568 Adam
898 1541 955 1568 fus:-

171 1594 214 1617 rat
228 1596 243 1616 a
261 1588 314 1616 Deo
327 1596 341 1615 a
354 1586 487 1623 principio
499 1587 622 1615 conditus
638 1597 644 1615 :
656 1594 717 1621 quae
728 1592 769 1614 est
784 1587 872 1621 primo
882 1587 955 1615 edita

169 1635 293 1670 ejusdem
320 1634 423 1661 mensis
447 1634 515 1665 dies,
533 1640 613 1668 quem
628 1632 734 1660 Hebraei
751 1633 886 1667 appellant
909 1632 956 1661 Ni-

170 1687 230 1711 san,
247 1687 279 1707 ac
292 1679 393 1707 nostris
416 1679 514 1706 dicitur
528 1678 654 1706 Martius.
678 1687 687 1704 ι
704 1678 743 1705 Ea
755 1678 827 1706 enim
845 1679 898 1712 die,
915 1678 955 1705 in-

170 1726 267 1761 quiunt
290 1724 421 1752 Eusebius
440 1730 472 1751 ac
501 1727 612 1750 sanctus
635 1722 812 1755 Athanasius,
827 1722 955 1750 conditus

170 1771 221 1798 l'uit
233 1770 332 1804 Adam,
349 1769 498 1803 eademque
513 1767 558 1796 Dei
574 1767 660 1795 Filius
672 1774 704 1795 ac
719 1767 835 1795 Verbum
851 1768 878 1795 in
893 1767 957 1796 Vir-

166 1815 240 1851 ginis
255 1819 332 1842 utero
354 1812 498 1845 habitavit,
516 1818 548 1839 ac
563 1811 670 1838 demum
687 1811 714 1838 in
734 1819 777 1844 ea,
796 1811 881 1846 pritna
901 1812 955 1839 Do-

162 1860 280 1893 minis-st,
297 1859 411 1894 contigit
429 1857 543 1892 Pascha,
557 1856 714 1892 Christique
737 1857 903 1885 resurrectio
918 1864 954 1886 ex

166 1907 293 1936 mortuis.
303 1915 322 1933 δ

191 1959 250 1988 Δ111.
269 1961 317 1988 Sin
332 1963 421 1987 autem
438 1958 520 1986 etiam
541 1957 658 1985 universi
671 1957 758 1985 sancti
775 1956 953 1991 mentiuntur,

168 2013 220 2035 nec
234 2004 401 2033 annuntiatio
418 2003 489 2031 facta
511 2008 553 2031 est
569 2009 662 2030 mense
677 2001 772 2030 Martio
789 2009 860 2037 :par
884 2007 953 2036 erat,

168 2057 199 2080 ut
216 2058 250 2079 ne
269 2051 307 2078 illi
323 2049 434 2078 omnino
458 2053 601 2084 negarent,
615 2055 649 2076 ac
670 2047 778 2075 silentio
804 2048 952 2079 traderent,

165 2097 217 2126 sed
229 2097 398 2125 celebrarent
410 2095 450 2122 vel
466 2094 614 2130 Apr-“incl
629 2093 710 2126 Maio,
720 2093 761 2121 vel
772 2093 827 2120 alio
849 2099 952 2126 mense,

161 2149 223 2178 quo
245 2142 286 2170 sic
306 2141 480 2177 perspicuum
505 2145 587 2172 esset,
615 2146 669 2166 non
688 2139 751 2174 quia
772 2143 883 2173 negent,
907 2137 954 2166 sed

167 2189 234 2224 quia
263 2195 356 2216 mense
377 2186 479 2215 Martio
505 2190 620 2221 negent,
640 2185 742 2213 idcirco
764 2192 819 2212 non
832 2191 893 2212 eam
909 2191 955 2212 ce-

1013 940 1075 967 Ὅτι
1087 941 1115 967 δὲ
1138 941 1253 977 Μαρτίῳ
1272 943 1338 978 μηνὶ
1356 943 1370 970 δ
1387 943 1592 978 εὐαγγελισμὸς
1604 943 1656 978 τῆς
1666 943 1806 970 Θεοτόχου

1011 986 1118 1021 γέγονε,
1136 988 1219 1015 πόθεν
1229 988 1326 1023 δῆλον;
1345 989 1407 1016 Ὀτι
1423 992 1493 1016 κατὰ
1505 990 1628 1025 Μάρτιον
1649 991 1729 1025 μῆνα
1744 998 1806 1016 συν-

1011 1034 1108 1061 έλαϐεν
1125 1035 1140 1070 ἡ
1156 1035 1298 1068 Θεοτόκος,
1316 1036 1422 1072 μάρτυς
1446 1036 1576 1068 Εὐσέϐιος
1603 1038 1617 1064 ό
1645 1037 1806 1072 Παμφίλιος

1011 1078 1168 1115 φιλομαθὴς
1182 1081 1230 1107 καὶ
1257 1080 1425 1117 πολυΐστωρ,
1450 1082 1464 1108 ό
1485 1081 1535 1116 τῆς
1563 1081 1806 1116 ὲκκλησιαστικῆς

1011 1123 1134 1159 ἱστορίας
1148 1125 1334 1160 συγγραφεὺς,
1349 1125 1364 1151 ὀ
1379 1126 1554 1161 ἀρχαιότερος
1569 1125 1623 1154 τῶν
1637 1126 1731 1160 ἁγίων
1750 1126 1806 1152 Πα-

1009 1169 1108 1205 τέρων,
1124 1168 1165 1202 εἷς
1180 1169 1217 1197 ὣν
1226 1171 1280 1198 τῶν
1287 1173 1340 1206 τιη¹
1350 1171 1436 1206 ἁγίων
1450 1172 1578 1207 Πατέρων
1592 1172 1643 1207 τῆς
1656 1172 1687 1198 ἐν
1698 1172 1806 1207 Nan-'4

1009 1215 1122 1251 πρώτης
1137 1216 1260 1249 συνόδου,
1280 1217 1415 1245 ἁπάντων
1429 1217 1484 1244 τῶν
1510 1217 1641 1253 Πατέρων
1669 1217 1804 1251 λογιώτε-

1010 1270 1056 1298 ρος
1069 1262 1116 1289 καὶ
1131 1262 1381 1299 πολυμαθέστερος.
1410 1262 1466 1290 Καὶ
1501 1262 1663 1295 ’Δθανάσιος
1678 1264 1694 1290 ὁ
1715 1263 1804 1297 μέγας

1015 1307 1231 1344 Ἀλεξανδρείας,
1248 1308 1295 1335 καὶ
1307 1309 1320 1335 ὁ
1331 1308 1410 1343 ἅγιος
1427 1308 1577 1344 Ἰωάννηςό
1590 1308 1801 1343 Χρυσόστομος,

1008 1353 1056 1380 καὶ
1070 1353 1170 1386 πάντες
1182 1354 1208 1381 οί
1220 1353 1344 1390 θεοφόροι
1358 1354 1489 1389 Πατέρες,
1504 1354 1537 1388 τῇ
1556 1356 1594 1379 κε’
1609 1353 1656 1380 τοῦ
1672 1353 1801 1388 Μαρτίου

1007 1399 1094 1435 μηνὸς
1115 1399 1239 1434 λέγοντες
1254 1400 1484 1434 εὐαγγελισθῆναι
1494 1399 1545 1434 τὴν
1558 1399 1693 1426 Θεοτόκον
1709 1401 1744 1426 ὲκ
1756 1399 1800 1425 τοῦ

1007 1444 1140 1481 Γαϐριὴλ,
1157 1444 1250 1477 καθὼς
1265 1445 1355 1479 αὐτοὶ,
1372 1444 1419 1472 καὶ
1435 1444 1460 1471 οί
1476 1444 1529 1479 πρὸ
1554 1444 1656 1477 αὐτῶν,
1685 1445 1723 1471 ἐκ
1747 1444 1801 1471 τῶν

1007 1490 1093 1525 ἁγίων
1109 1491 1267 1518 ἀποστόλων
1279 1489 1436 1526 παρέλαϐον
1449 1498 1456 1505 ·
1476 1490 1522 1517 διὰ
1546 1490 1577 1516 τδ
1607 1490 1724 1525 εκείνην
1752 1491 1800 1525 τὴν

1007 1536 1127 1571 ἡμέραν,
1162 1537 1240 1571 φασὶ.
1268 1536 1314 1563 τὸν
1349 1536 1438 1571 Ἀδὰμ
1467 1536 1520 1563 ὑπὸ
1548 1535 1614 1563 Θεοῦ
1638 1536 1800 1571 πλασθῆναι

1009 1580 1039 1613 ἐξ
1052 1581 1140 1616 ἀρχῆς
1153 1589 1159 1595 ·
1175 1581 1238 1616 ἥτις
1246 1581 1306 1607 ἐστὶ
1321 1581 1523 1617 πρωτόκτιστος
1542 1582 1633 1617 ἡμέρα
1647 1581 1698 1608 τοῦ
1716 1582 1751 1608 αὐ
1758 1581 1799 1607 τοῦ

1007 1626 1103 1662 μηνὸς,
1119 1627 1184 1663 παρ’
1210 1627 1352 1665 ιἘϐραίοις
1380 1628 1528 1663 λεγομένου
1554 1628 1652 1660 Νισὰν,
1683 1629 1717 1660 ὃς
1742 1630 1800 1655 ἐστι

1007 1675 1071 1710 παρ’
1084 1676 1150 1710 ἡμῖν
1167 1675 1301 1710 Μάρτιος.
1323 1685 1333 1702 ι
1359 1675 1403 1702 Ἐν
1418 1676 1487 1711 αὐτῇ
1503 1676 1557 1711 γὰρ
1573 1677 1606 1712 τῇ
1621 1676 1721 1711 ἡμέρᾳ
1747 1686 1800 1711 φη-

1007 1720 1050 1747 σὶν
1062 1720 1077 1746 ὀ
1092 1720 1235 1754 Εὐσέϐιος,
1247 1721 1294 1748 καὶ
1308 1721 1322 1747 ό
1349 1721 1426 1756 ἅγιος
1456 1721 1624 1755 ’Δοανάσιος,
1649 1721 1697 1747 τὸν
1714 1722 1799 1756 Ἀδὰμ

1005 1765 1160 1802 πλασθῆναι
1174 1775 1182 1782 ο
1200 1767 1249 1794 καὶ
1263 1768 1291 1794 ὲν
1304 1767 1385 1803 αὐτῇ,
1397 1768 1431 1803 τῇ
1447 1767 1548 1802 γαστρὶ
1573 1767 1624 1802 τῆς
1651 1767 1798 1803 Παρθέιιω

1005 1811 1146 1846 ἐνοικῆσαι
1160 1811 1206 1839 τδν
1219 1811 1266 1840 τοῦ
1290 1812 1358 1840 Θεοῦ
1381 1813 1445 1840 Υίὸν
1471 1813 1519 1840 καὶ
1547 1812 1652 1846 Λόγον·
1692 1814 1746 1840 καὶ
1771 1815 1798 1840 ἐν

1004 1857 1073 1893 αὐτῇ
1088 1857 1230 1892 γεγονέναι
1244 1859 1278 1894 τῇ
1293 1858 1390 1896 πρώτῃ
1405 1859 1534 1895 κυριακῇ
1549 1859 1657 1895 Πάσχα,
1675 1860 1730 1886 καὶ
1754 1863 1798 1887 sis

1004 1902 1124 1938 Χριστὸν
1139 1903 1290 1940 ἐγερθῆναι
1307 1905 1340 1932 ὲκ
1353 1905 1471 1941 νεκρῶν.

1039 1947 1077 1977 Γ.
1092 1949 1164 1976 stes
1177 1949 1225 1977 καὶ
1240 1949 1341 1981 πάντες
1350 1950 1374 1977 oi
1404 1951 1477 1985 ἅγιοι
1505 1949 1660 1985 ψεύδονται,
1691 1951 1745 1978 καὶ
1767 1951 1796 1978 οὐ

1004 1995 1120 2032 Μαρτίῳ
1135 1996 1225 2032 μηνὶό
1250 1996 1451 2031 εὖαγγελισμὺς
1465 1996 1578 2031 γέγονεν
1589 2004 1596 2012 ·
1618 1996 1673 2023 ἔδει
1691 1997 1797 2029 αὐτοὺς

1006 2042 1044 2078 μὴ
1056 2041 1200 2074 παντελῶς
1217 2042 1301 2070 αὐτὸν
1314 2042 1522 2078 ἀρνεῖσθαι,καὶ
1533 2044 1596 2078 σιγῇ
1608 2043 1795 2078 παραδοῦναι,

1003 2088 1063 2116 ἀλλ’
1078 2088 1219 2124 ἑορτάζειν
1229 2089 1335 2124 αὺτὺνῆ
1360 2089 1520 2125 Ἀπριλλίῳ,
1534 2091 1550 2125 ἢ
1564 2090 1658 2126 Μαΐῳ,
1673 2090 1691 2125 ἢ
1704 2090 1794 2125 ἑτέρῳ

1006 2134 1081 2169 μηνὶ,
1093 2133 1136 2161 ἵνα
1149 2133 1236 2167 οὕτως
1248 2134 1394 2167 ἐδείκνυτο,
1407 2135 1449 2161 ὅτι
1462 2135 1511 2161 οὐκ
1538 2134 1705 2170 ἀρνούμενοι
1729 2136 1795 2161 ταύ-

1003 2187 1055 2215 την
1067 2179 1185 2216 Μαρτίῳ
1202 2179 1279 2216 μηνὶ,
1294 2180 1340 2207 διὰ
1352 2180 1433 2207 τοῦτο
1446 2181 1495 2216 οὺχ
1503 2181 1693 2216 ἑορτάζουσιν.
1710 2182 1792 2208 ’Δλὶὰ

153 2223 283 2262 κίειν-ατε.
316 2232 460 2260 Enimvero
492 2231 531 2258 ita
561 2236 670 2265 quaque
699 2229 852 2262 habentes,
886 2228 952 2256 nihil

1044 2224 1129 2252 ὶοῦτω
1138 2225 1372 2259 ποιοῦντες,οὗδὲν
1379 2223 1460 2262 ἦττον
1469 2225 1609 2258 ἀσεϐοῦσι,
1618 2226 1683 2257 τοὺς
1693 2226 1792 2261 ἁγίους

169 2279 261 2309 minus
286 2278 360 2313 impii
382 2281 459 2308 sunt.
483 2277 528 2312 qui
549 2276 652 2304 sanctis
675 2282 707 2302 ac
729 2282 744 2302 a
769 2274 824 2302 Deo
850 2273 954 2302 amatos

165 2325 274 2356 Patres.
291 2323 433 2351 mendaces
446 2329 478 2350 ac
491 2323 650 2350 seductores
663 2321 830 2354 existiment,
843 2327 952 2347 eorum-

151 2378 222 2408 i-que
245 2369 376 2398 divinitus
400 2368 558 2403 inspiratam
580 2366 740 2399 doctrinam,
750 2365 852 2394 falsam
873 2373 953 2400 repu-

153 2420 238 2448 .~tent,
253 2420 334 2449 atque
357 2420 399 2447 ea,
413 2420 482 2448 quas
506 2413 556 2448 ipsi
572 2412 677 2440 fabulas
690 2412 947 2444 counniniseunlur,

166 2459 301 2489 tlrmiores
328 2458 457 2485 habeant.
472 2457 651 2491 Quamobrem
672 2457 759 2491 palam
780 2456 900 2484 haeretici
915 2463 949 2484 ac

165 2504 241 2539 impii
253 2503 439 2535 inveniuntur,
449 2503 496 2536 qui
510 2503 613 2530 sanctis
627 2501 751 2529 Patribus
760 2509 812 2529 non
826 2502 948 2536 credant,

162 2551 241 2586 juxta
257 2550 327 2585 quod
348 2549 385 2578 ait
400 2548 491 2576 divina
511 2548 651 2583 Seriptura
666 2557 673 2576 :
696 2547 797 2583 Impius
815 2548 884 2574 enim
898 2552 948 2581 est,

157 2597 210 2633 qui
224 2594 419 2623 honorabilia":
432 2594 526 2628 faciem
543 2602 594 2621 non
610 2599 741 2621 reveretur
757 2594 789 2622 ".
804 2593 881 2622 Nunc
897 2602 949 2621 au-

165 2647 233 2675 tem,
249 2648 309 2669 cum
331 2647 381 2668 nec
404 2638 513 2672 Martio,
530 2647 579 2667 nec
595 2639 691 2674 Aprili,
706 2647 757 2667 nec
784 2640 837 2668 alio
857 2647 950 2667 mense

161 2687 265 2716 Iestum
285 2688 335 2714 hoc
348 2686 495 2719 celebrent,
514 2693 563 2712 nce
584 2685 661 2720 juxta
682 2685 855 2720 Evangelium
871 2690 949 2713 sexto

161 2733 292 2769 deinceps
308 2739 401 2761 mense
418 2739 434 2759 a
455 2731 631 2766 conceptione
644 2731 783 2759 Elizabeih
808 2731 946 2765 recolant;

202 2802 224 2819 ⁸³
238 2802 302 2837 Sep.
318 2802 351 2835 it,
365 2800 407 2830 10.

189 2859 370 2903 Awﬂonl'er
382 2858 510 2886 .Combcf.
526 2859 552 2886 in
565 2864 628 2887 nota
645 2859 677 2887 ad
694 2863 763 2887 hunc
777 2860 873 2888 locum.

1002 2269 1050 2296 καὶ
1064 2268 1210 2304 θεοφόρους
1223 2270 1348 2306 Πατέρας
1357 2270 1477 2305 ψεύστας
1488 2270 1535 2297 καὶ
1542 2270 1661 2300 πλάνους
1667 2270 1789 2305 ἔχοντες,

1001 2316 1048 2342 καὶ
1058 2316 1107 2348 τὰς
1120 2316 1315 2348 θεοπνεύστους
1329 2316 1419 2344 αὐτῶν
1437 2317 1611 2349 διδασκαλίας
1624 2317 1739 2352 ψευδεῖς
1749 2318 1792 2344 λο-

999 2360 1149 2396 γιζόμενοι,
1165 2363 1212 2388 καὶ
1227 2363 1276 2394 τὰς
1288 2362 1391 2389 ἑαυτῶν
1414 2362 1580 2398 μυθολογίας
1607 2363 1791 2399 βεὸαιοτέρις

997 2407 1047 2442 τῆς
1062 2407 1237 2439 διδασκαλίας
1248 2408 1303 2434 τῶν
1324 2408 1409 2442 ἁγίων
1424 2408 1542 2443 ἔχοντες.
1560 2409 1643 2436 Ὅθεν
1658 2411 1706 2436 καὶ
1722 2419 1790 2445 προ-

1002 2454 1095 2488 φανῶς
1109 2454 1243 2489 αιρετικοὶ
1255 2455 1302 2481 καὶ
1315 2454 1424 2486 ἀσεὸεῖς
1438 2456 1622 2491 εὑρίσκονται,
1633 2458 1691 2488 τοῖς
1702 2458 1790 2490 ἁγίοις

1002 2500 1126 2535 Πατράσι
1140 2499 1178 2535 μὴ
1191 2500 1357 2535 πειθόμενοι,
1374 2501 1503 2536 κατὰτὴν
1512 2501 1587 2527 θείαν
1599 2502 1714 2537 Γραφὴν
1741 2503 1789 2537 τὴν

1002 2545 1143 2579 λέγουσανο
1159 2547 1280 2580 Ἀσεόὴς
1288 2545 1343 2581 γάρ
1355 2547 1451 2579 ἐστιν,
1463 2547 1557 2579 ὅςούκ
1565 2547 1680 2582 ᾐδέσθη
1694 2549 1787 2582 πρόσ-

999 2598 1081 2618 ωπον
1108 2592 1244 2626 ἐντίμων.
1287 2592 1345 2618 Νῦν
1378 2593 1422 2625 δὲ,
1450 2593 1522 2628 μήτε
1554 2593 1682 2629 Μαρτίῳ,
1719 2596 1787 2629 μήτε

1004 2636 1161 2672 Ἀπριλλίῳ,
1174 2637 1242 2673 μήτε
1259 2638 1288 2664 ὲν
1303 2638 1389 2673 ἑτέρῳ
1405 2638 1470 2673 μηνὶ
1487 2638 1589 2674 ταύτην
1599 2638 1786 2674 ἑορτάζοντες,

999 2684 1068 2718 μήτε
1079 2683 1149 2710 κατὰ
1164 2683 1194 2710 τὸ
1209 2684 1374 2718 Εὑαγγέλιον
1391 2684 1445 2710 ἀπὸ
1461 2685 1510 2720 τῆς
1540 2684 1701 2720 συλλήψεως
1722 2686 1787 2712 Ἐλι-

999 2729 1094 2762 σάῦετ,
1107 2729 1179 2765 ἕκτῳ
1194 2729 1260 2766 μηνὶ
1276 2730 1322 2757 τὸν
1334 2729 1534 2766 εὐαγγελισμὺν
1547 2731 1705 2766 πιιοῦντες,
1721 2733 1783 2768 πρό-
