1875 3056
179 106 245 138 1171

176 167 223 198 tia,
238 170 266 192 ut
280 165 326 200 qui
342 164 412 193 Deus
433 173 514 194 verus
535 173 566 194 ac
582 167 654 195 Patri
676 167 712 196 sit
739 170 959 198 consubstantia-
975 174 997 199 A

173 210 208 239 tis
227 219 235 238 :
250 211 339 247 sitque
354 219 459 239 rursum
479 220 542 240 vere
554 213 635 242 etiam
653 214 745 248 homo,
761 215 881 250 ejusdem
911 224 959 244 no-

176 254 281 282 hiscum
299 255 469 292 substantiae,
489 258 560 292 quod
572 263 678 294 spectat
695 260 727 287 ad
752 268 862 295 corpus,
892 261 960 289 visi-

174 300 249 335 bilis,
264 305 385 336 creatus,
410 308 546 337 terrenus,
573 306 705 338 mortalis,
735 307 883 342 passibilis,
904 309 959 336 cir-

173 349 375 383 cumscriptus;
403 350 449 386 qui
469 359 520 378 non
535 353 628 386 utique
640 353 707 380 duas
725 353 812 388 palam
847 358 959 382 naturas

174 393 221 422 Dei
234 402 266 422 ac
278 395 393 423 hominis
406 396 522 423 habent?
536 396 613 425 Modo
628 397 701 425 enim
719 398 838 427 haeretici
860 400 957 428 Arme-

172 439 211 466 nii
225 440 315 468 omnia
331 441 387 468 hanc
403 441 429 469 in
442 441 552 470 Christo
578 443 732 478 admittant,
756 444 895 480 Deumque
923 447 958 473 il-

172 484 227 512 lum
244 493 276 513 ac
290 486 428 514 hominem
444 488 637 522 conﬁteantur,
665 489 719 517 Deo
730 497 763 518 ac
794 490 868 519 Patri
888 499 956 520 con-

171 531 390 566 substantialem,
403 532 579 569 ejusdemque
592 535 767 564 nihilominus
783 543 845 564 cum
866 537 958 565 homi-

171 577 252 605 nibus
266 578 437 612 subslantiaa,
454 580 593 608 caelestem
607 589 640 609 ac
657 585 813 616 terrenum,
836 588 956 612 creatum

170 629 202 649 ac
213 622 380 656 increalum,
396 625 537 652 mortalem
562 632 594 654 ac
620 625 817 660 immortalem;
842 628 958 663 passibi-

171 667 224 694 Iem
239 675 273 696 ac
285 668 479 704 impassibilem
493 679 500 704 ;
513 670 599 699 oculis
615 671 764 706 subjectum
777 680 809 701 ac
826 681 879 701 non
894 674 958 702 sub-

170 711 287 747 jectum;
303 715 361 742 sine
371 719 447 749 patre
462 723 494 744 ac
518 716 577 744 sine
593 722 699 751 matre;
717 718 954 756 circumscriptum

170 765 202 785 ac
219 757 484 795 incircumscriptum
498 769 507 795 ;
523 761 681 796 dummodo,
697 764 822 799 inquam,
835 764 893 793 haec
919 766 956 794 illi

170 803 259 831 Omnia
274 804 300 831 in
316 804 425 833 Christo
439 806 553 834 veritate
569 808 727 842 praedicent,
738 808 841 844 liquido
853 815 881 837 et
904 811 954 846 ipsi

170 848 237 876 duas
251 848 277 876 in
291 857 324 877 eo
338 856 464 884 naturas,
491 851 575 880 velint
587 852 686 886 nolint,
717 851 863 882 aiﬁrmant.
893 854 956 883 llaec
973 847 993 875 Β

169 894 270 929 quippe
285 895 422 928 universa,
438 893 552 932 propria
565 903 628 925 sunt
640 898 754 933 duplicis
773 905 887 929 naturae.
910 900 956 928 Si-

169 939 277 973 quidem
294 947 358 968 vero
375 941 442 969 duas
457 942 484 969 in
496 941 606 970 Christo
622 948 730 970 naturas
743 944 894 972 detrectant
916 945 958 972 di-

169 992 241 1019 cere,
254 986 342 1021 palam
355 992 482 1015 asserunt
495 993 604 1023 spectro
620 994 698 1016 lenus
721 990 840 1018 hominis
866 991 956 1023 specie

170 1031 338 1066 apparuisse,
351 1040 405 1060 non
419 1040 482 1061 vere
491 1031 660 1061 incar‘uatum
672 1041 743 1062 esse.
756 1034 824 1063 Nam
842 1036 954 1072 alioqui,

169 1083 230 1104 cum
243 1077 296 1104 duo
305 1078 446 1105 nominain
458 1077 578 1112 Christo,
589 1078 671 1106 Deum
678 1084 705 1107 et
717 1079 852 1108 hominem
862 1081 956 1110 dicant

170 1122 257 1150 insani
275 1123 392 1157 ratione,
406 1128 540 1156 naturam,
552 1125 604 1152 hoc
617 1129 670 1156 est,
686 1124 800 1153 alterius
814 1126 954 1154 nominum

169 1169 321 1202 veritatem,
334 1173 442 1204 negant.
458 1169 639 1203 Quamobrem
659 1175 797 1206 comperta
829 1179 873 1200 res
898 1177 952 1204 est.

169 1213 270 1241 nudum
284 1222 384 1242 nomen
404 1215 580 1245 humanitatis
597 1216 698 1250 dicere,
715 1222 743 1245 ut
754 1225 790 1245 ne
804 1223 953 1253 arguantur

169 1264 297 1294 tanquam
316 1259 456 1289 Manichaei
470 1270 477 1289 :
492 1269 549 1290 rem
572 1266 664 1290 autem
695 1264 824 1297 nominis.
854 1271 953 1299 nempe

714 110 840 142 ISAACI
858 111 1046 143 ARMENUE
1065 112 1271 144 CATHOLICI

1752 111 1812 146 1172

1012 171 1060 197 καὶ
1078 170 1225 206 ὁμοούσιος
1241 171 1308 207 ἡμῖν
1322 171 1394 199 κατά
1408 171 1439 199 τὺ
1448 171 1540 208 σῶμα,
1553 170 1663 207 ὁρατὸς
1683 169 1739 198 καὶ
1761 178 1812 197 κτι-

1015 216 1151 249 erogitat
1164 217 1327 252 χοῖκδς,καὶ
1360 217 1468 253 θνητὸς,
1499 218 1548 244 καὶ
1587 216 1738 252 παθητὸς,
1772 216 1813 243 ul

1014 263 1207 298 περιγραπτός
1221 271 1229 279 ⁸
1245 263 1304 296 πῶς
1322 263 1376 298 ἄρα
1389 264 1439 290 οὐκ
1453 263 1511 298 ἔχει
1526 263 1575 290 δύο
1609 262 1721 297 φύσεις
1752 269 1813 296 προ-

1013 309 1114 344 φανῶς,
1130 309 1198 336 Θεοῦ
1209 309 1256 336 καὶ
1267 309 1428 346 ἀνθρώπου;
1446 309 1509 336 Ἐὰν
1519 310 1576 344 γὰρ
1588 309 1640 335 καὶ
1659 309 1687 335 οἱ
1713 309 1812 342 αἱρετι-

1013 355 1058 382 κοὶ
1076 356 1212 391 Ἀρμένιοι
1222 356 1308 382 ταῦτα
1319 355 1409 382 πάντα
1421 355 1548 386 λέγουσιν
1555 353 1631 381 εἶναι
1646 355 1678 381 ὲν
1690 353 1809 388 Χριστῷ,

1017 400 1065 426 καὶ
1073 399 1248 435 ὁμολογοῦσιν
1262 399 1343 426 αὑτὸν
1351 399 1416 427 Θεὸν
1428 400 1475 426 καὶ
1486 399 1647 434 ἄνθρωπον,
1666 397 1810 433 όμοοῦσιιν

1011 445 1071 481 Θεῷ
1085 445 1130 472 καὶ
1141 445 1284 481 ὁμοοὺσιον
1297 447 1353 477 τοῖς
1367 445 1671 481 ἀνθρώποις,οὺράν;ον
1688 444 1739 470 καὶ
1755 444 1811 469 ὲπῖ-

1012 499 1085 525 γειον
1095 498 1102 506 ·
1123 491 1232 518 κτιστδν
1247 491 1295 518 καὶ
1308 491 1436 518 ἄκτιστον
1451 499 1458 506 ·
1476 490 1573 526 θνητὸν
1583 490 1634 517 καὶ
1650 489 1808 517 ἀθάνατον·

1011 536 1134 572 παθητὸν
1165 537 1213 564 καὶ
1238 536 1346 574 ἀπαθῆ-
1360 537 1456 573 ὁρατὸν
1472 537 1520 564 καὶ
1530 537 1651 573 ἀόρατον
1661 544 1668 551 ·
1684 536 1811 570 dating:

1012 583 1059 609 καὶ
1085 582 1227 618 ἀμήτορα*
1242 583 1429 618 περιγραπτὸν
1443 583 1490 610 καὶ
1504 583 1722 618 ἀπερίτρεπτον
1742 589 1750 597 ·
1766 582 1810 607 ἐὰν

1012 628 1080 663 γὰρ,
1095 628 1134 660 ὥς
1150 626 1238 662 εἶπον,
1254 628 1283 655 ὲν
1297 628 1410 664 ἀληθείᾳ
1423 628 1510 655 ταῦτα
1535 628 1628 655 πάντα
1649 629 1679 654 ὲν
1699 627 1810 662 Χριστῷ

1010 674 1188 710 κηρύττουσι,
1211 674 1345 710 πρόδηλον
1367 675 1409 701 ὃτι
1433 673 1481 701 δύο
1496 673 1604 708 φύσεις,
1618 673 1672 700 καὶ
1687 673 1771 700 αὐτοὶ
1784 673 1810 698 ὲν

1013 718 1086 754 αὺτῷ
1103 719 1225 753 λέγουσι,
1249 719 1302 746 κᾶν
1318 719 1357 755 μὴ
1376 719 1486 747 θέλωσι.
1517 718 1610 746 Ταῦτα
1635 719 1697 754 γὰρ
1723 719 1810 745 πάντα

995 765 1057 792 ’δύο
1074 764 1181 799 φύσεών
1198 766 1268 792 εἰσιν
1285 765 1430 801 ἰδιώματα.
1450 766 1481 792 El
1498 765 1527 792 δὲ
1556 765 1605 792 δύο
1631 764 1737 799 φύσεις
1765 766 1810 790 ἐπὶ

1010 810 1129 847 Χριστοῦ
1146 811 1293 847 ἀρνοῦνται
1311 811 1413 846 λέγειν,
1432 811 1580 846 προφανῶς
1610 811 1643 837 ὲν
1670 810 1809 845 φαντασίᾳ

1008 855 1089 883 αὑτὸν
1104 856 1221 891 φανῆναι
1239 856 1363 891 λέγουσιν
1379 856 1417 888 ὡς
1432 856 1588 892 ἄνθρωπον,
1605 855 1659 882 καὶ
1677 855 1733 881 οὐκ
1747 854 1809 887 ἀληι

1010 901 1072 938 est;
1087 902 1274 937 σαρκωθῆναι.
1291 902 1370 929 Ἐπεὶ
1387 903 1412 929 ει
1428 902 1465 938 μὴ
1482 900 1516 938 ἦν
1544 901 1640 936 τοῦτο,
1673 901 1736 933 πῶς
1765 901 1809 927 δύο

1007 946 1129 983 ὀνόματα
1141 947 1209 975 Θεὸν
1221 948 1268 975 καὶ
1284 948 1431 984 ἄνθρωπον
1452 947 1498 974 ἐπὶ
1516 947 1641 984 Χριστοῦ
1668 947 1809 980 λέγοντες,

1007 993 1099 1028 φύσιν,
1112 994 1238 1021 τουτέστι
1249 995 1299 1030 τὴν
1313 993 1442 1028 ἀλήθειαν
1459 993 1504 1020 τοῦ
1525 993 1585 1025 ἐνὸς
1600 993 1746 1027 ὀνόματος
1762 994 1810 1026 ἀρ-

1007 1039 1114 1067 νοῦνται
1131 1039 1156 1066 οι
1174 1040 1374 1075 ματαιόφρονες
1391 1049 1399 1073 ;
1419 1040 1499 1067 Ὀθεν
1512 1040 1665 1075 πρόδηλον,
1705 1039 1751 1065 ὅτι
1780 1038 1809 1063 τὸ

1007 1084 1094 1120 ὄνομα
1110 1084 1190 1120 μόνον
1203 1085 1253 1120 τῆς
1264 1085 1475 1121 ἀνθρωπότητος
1488 1084 1631 1119 λέγουσιν,
1646 1085 1696 1111 ἵνα.
1720 1083 1759 1118 μὴ
1773 1083 1808 1115 ὡς

1007 1125 1155 1166 Μανιχαῖοι
1171 1130 1339 1166 ἐλεγχθῶσι·
1358 1131 1390 1157 τὸ
1400 1131 1429 1157 δὲ
1448 1131 1566 1166 πρᾶγμ-α
1579 1130 1631 1157 τοῦ
1661 1130 1806 1164 ὀνόματος.

1007 1176 1057 1212 τὴν
1066 1176 1149 1211 φύσιν
1158 1177 1207 1204 καὶ
1219 1177 1269 1212 τὴν
1281 1176 1412 1212 ἀλήθειαν
1426 1177 1574 1213 ἀρνοῦνται
1584 1185 1592 1192 ·
1600 1177 1651 1203 καὶ
1659 1176 1708 1202 διὰ
1718 1175 1807 1207 τοῦτο,

1007 1223 1053 1250 καὶ
1070 1222 1116 1250 τόν
1128 1223 1345 1259 Εὐαγγελισμδν,
1355 1223 1405 1250 καὶ
1413 1223 1462 1259 τὴν
1470 1222 1603 1257 Γέννησιν
1619 1221 1713 1249 αὐτοῦ
1727 1220 1807 1248 οὐδα-

1007 1267 1066 1302 μῶς
1080 1268 1265 1304 ἑορτάζουσιν.

168 1310 292 1333 naturam
311 1314 343 1335 ac
360 1307 513 1342 veritatem,
526 1315 645 1344 negare:
668 1316 700 1337 ac
714 1308 774 1338 ideo
789 1317 840 1338 nec
856 1309 1101 1341 Annuuciationem
1130 1313 1309 1348 Dominicam,
1327 1319 1378 1341 nec
1407 1312 1464 1348 eius
1481 1311 1663 1341 Nativitatem
1693 1319 1805 1348 prorsus

166 1353 318 1383 celebrare.

480 1407 594 1436 CAPUT
612 1408 643 1436 V.

401 1453 442 1481 De
455 1453 554 1482 Christi
564 1455 716 1484 sudoribus.

201 1498 421 1536 Pervestigemus
444 1508 520 1534 vero,
550 1508 618 1535 quas
645 1501 684 1529 illi
708 1501 828 1537 reliquas
857 1509 953 1532 omnes

168 1543 349 1579 blasphemias
364 1553 395 1574 ac
408 1546 597 1580 inliciationes,
609 1548 740 1576 adversus
763 1548 900 1576 Christum
920 1557 953 1577 ac

167 1590 354 1625 Evangelium,
372 1591 562 1628 apostolosque
585 1600 618 1620 ac
632 1597 742 1622 sanctos
762 1593 856 1622 Patres
884 1602 952 1623 con-
964 1598 987 1629 C

168 1636 314 1664 ﬁnxerunt.
340 1636 408 1665 Cum
441 1637 567 1666 Christus
609 1646 665 1666 suae
703 1640 799 1667 mortis
831 1645 952 1675 tempore

167 1691 259 1715 orans,
284 1692 316 1712 ac
345 1685 467 1713 sudorem
490 1691 615 1719 tanquam
647 1691 736 1722 guttas
762 1688 900 1722 sanguinis
929 1688 953 1705 ”

167 1729 298 1762 deﬂuens,
311 1739 367 1759 sua:
380 1732 471 1759 carnis
485 1736 608 1759 naturam
639 1737 760 1767 astruat;
790 1734 954 1770 Christoque

168 1775 344 1804 adversantes
355 1777 475 1804 Armenii
491 1778 530 1811 lii.
544 1778 603 1813 ejus
611 1786 643 1806 ex
666 1778 812 1814 Evangelio
839 1782 952 1808 sudores

168 1821 351 1855 ohliterarint,
378 1823 424 1858 qui
450 1831 502 1850 non
530 1824 618 1858 palam
640 1823 685 1852 Dei
708 1826 857 1854 adversarii
878 1827 953 1854 sint!

166 1865 223 1893 Nisi
235 1867 307 1893 enim
321 1874 415 1895 revera
444 1875 478 1895 eo
499 1869 552 1897 tale
577 1869 683 1897 facinus
710 1877 950 1907 praesumpserunt,

166 1913 230 1948 quia
255 1920 347 1941 veram
379 1913 481 1942 Christi
508 1915 723 1944 incarnationem
747 1917 863 1945 inllciari
895 1918 952 1946 vel-

167 1958 232 1993 lent,
258 1960 404 1987 ostendant
428 1959 505 1988 nobis
533 1961 607 1996 impii
618 1961 750 1995 homines,
774 1963 949 1998 quamobrem

164 2003 267 2031 Christi
282 2003 319 2030 ita
332 2004 446 2032 sudores
461 2006 664 2039 expunxerint?
681 2012 727 2034 aut
743 2007 878 2042 quomodo
907 2016 952 2036 sa-

167 2048 316 2083 pientiores
327 2048 437 2078 Christo
448 2055 476 2078 et
489 2051 664 2087 evangelistis
690 2060 722 2080 ac
750 2053 881 2090 apostolis
910 2053 950 2081 ef-

166 2093 241 2126 fecti,
270 2094 323 2122 tale
349 2096 415 2130 quid
434 2102 592 2132 perpetrare
626 2098 686 2126 ausi
715 2099 789 2126 sint?
809 2098 951 2135 Siquidem

164 2140 238 2167 enim
265 2148 330 2169 vere
358 2141 442 2169 Deum
458 2142 633 2177 conﬁtentur,
656 2145 791 2180 quomodo
822 2153 874 2173 non
904 2146 950 2174 Dei

165 2186 259 2214 hostes
272 2188 386 2216 veritate
397 2189 542 2223 exsistunt,
562 2198 623 2218 cum
643 2197 702 2226 qua:
722 2191 766 2219 ille
788 2197 896 2227 praestat
918 2200 949 2220 ac

166 2233 296 2272 loquitur.
327 2234 379 2270 ipsi
407 2236 559 2270 approbare
592 2244 624 2264 sc
642 2238 761 2272 recipere
776 2239 882 2266 nolint?
904 2238 948 2267 Si-

164 2278 274 2313 quidem
287 2279 359 2307 enim
376 2280 500 2309 Christus
517 2289 592 2309 more
609 2283 726 2311 hominis
741 2288 882 2319 operatur,
895 2292 949 2319 quo

163 2332 220 2352 sua:
233 2325 322 2354 carnis
335 2329 460 2354 naturam
472 2329 618 2356 astruxerit
635 2336 642 2355 :
654 2329 700 2364 qui
715 2330 807 2358 omnia
821 2330 947 2358 inﬁcian-

163 2374 210 2397 tur
220 2375 301 2406 atque
312 2377 446 2407 evertunt,
462 2373 507 2408 qui
522 2374 635 2403 omnino
653 2375 814 2410 Christiani,
838 2384 872 2405 ac
893 2385 947 2405 non

164 2418 253 2452 stragis
268 2417 371 2446 Christi
387 2419 536 2469 advers‘arii
552 2420 630 2449 sint?

461 2547 577 2577 CAPUT
590 2548 636 2577 Vl.

371 2592 410 2620 De
426 2602 504 2629 pane,
519 2595 592 2629 vino,
610 2601 635 2623 et
653 2604 732 2631 aqua.

197 2647 218 2674 I.
233 2647 274 2675 Ad
287 2648 345 2676 haec
358 2656 463 2683 rursus,
481 2658 542 2678 cum
552 2650 675 2680 Christus
685 2652 821 2688 accipiens
835 2661 945 2689 panem,

163 2692 284 2727 dansque
296 2694 435 2729 discipulis
446 2695 502 2724 suis
516 2696 614 2725 dixerit
627 2706 634 2725 :
652 2694 778 2733 Accipite,
790 2700 918 2728 comedite
936 2708 945 2728 :

162 2737 210 2765 hoc
227 2742 266 2765 εει
284 2746 377 2774 corpus
397 2749 482 2769 meum
503 2742 548 2776 ";
568 2750 600 2770 ac
629 2743 756 2772 similiter
783 2752 845 2773 cum
873 2747 946 2775 acci-

199 2829 296 2876 "lsuc.
315 2839 392 2866 nm,
412 2833 457 2860 Η.
497 2833 517 2850 ¹⁷
535 2833 629 2864 Matth.
654 2843 728 2870 xm,
754 2835 801 2864 26.

1257 1404 1457 1433 ΚΕΦΑΛΑΙΟΝ
1474 1405 1512 1432 ιζ’.

1135 1452 1205 1487 Περὶ
1220 1453 1280 1480 τῶν
1297 1452 1426 1488 ἱδρώτων
1438 1452 1492 1479 τοῦ
1508 1452 1657 1487 Χριστοῦ.

1040 1501 1080 1528 A'.
1097 1501 1306 1536 Ἐρευνήσωμεν
1316 1502 1363 1528 καὶ
1378 1500 1428 1531 τὰς
1441 1500 1532 1531 πάσας
1547 1500 1642 1526 αὐτῶν
1677 1499 1799 1535 βλασφη-

1007 1545 1072 1582 μιας
1086 1547 1134 1573 καὶ
1148 1546 1291 1582 ἀρνήσεις,
1308 1545 1340 1578 ὃς
1361 1546 1432 1573 κατὰ
1441 1545 1561 1580 Χριστοῦ
1577 1546 1626 1572 καὶ
1642 1546 1693 1572 τοῦ
1714 1546 1801 1579 Εὐαγ-

1005 1593 1107 1629 γελίου,
1122 1593 1235 1620 καὶτῶν
1250 1592 1419 1625 ἀποστόλων,
1432 1593 1480 1619 καὶ
1494 1592 1548 1618 τῶν
1564 1593 1656 1626 ἁγίων
1670 1592 1799 1625 Πατὲρων

1005 1639 1172 1667 ὲπλάσαντο.
1189 1638 1234 1665 Ἐν
1247 1638 1287 1674 τῷ
1298 1638 1386 1674 καιρῷ
1404 1637 1451 1664 τοῦ
1467 1638 1574 1669 Πάθους
1604 1637 1654 1664 τοῦ
1678 1638 1799 1672 Χριστοῦ

1004 1684 1235 1720 προσευχομένου,
1254 1684 1301 1711 καὶ
1313 1684 1429 1719 ἱδρῶτας
1439 1683 1508 1710 ὡσεὶ
1523 1683 1668 1718 θρόμϐους
1684 1684 1799 1718 «ipso;

1005 1729 1225 1765 ῥεύσαντος,καὶ
1237 1728 1287 1765 τὴν
1315 1729 1396 1764 φύσιν
1422 1729 1472 1763 τῆς
1501 1728 1604 1764 σαρκὸς
1636 1728 1726 1755 αὑτοῦ
1756 1728 1798 1763 βεο

1006 1775 1159 1808 ὁσιοῦντος,
1185 1772 1260 1802 οῦτοι
1285 1775 1310 1801 ot
1339 1774 1519 1810 χριστομάχοι
1548 1774 1706 1809 Ἀρμένιοι,
1739 1775 1798 1804 τοὺς

1005 1820 1121 1854 ἱδρῶτας
1139 1819 1224 1847 αὑτοῦ
1247 1820 1280 1847 ἐκ
1297 1819 1344 1846 τοῦ
1375 1819 1541 1854 Εὐαγγελίου
1579 1819 1797 1854 ἁπαλείψαντες,

1004 1866 1063 1898 πῶς
1077 1866 1127 1893 οὐκ
1141 1865 1195 1892 εἰσὶ
1213 1865 1361 1902 προφανῶς
1375 1865 1504 1900 (θεομάχοι
1517 1873 1525 1898 ;
1552 1865 1585 1891 El
1602 1865 1659 1900 γὰρ
1674 1866 1714 1900 μή
1725 1865 1796 1891 ἐστιν

1004 1911 1114 1947 ἀληθὲς,
1130 1912 1172 1938 ὅτι
1188 1911 1238 1947 τὴν
1247 1911 1377 1946 ἀλήθειαν
1392 1911 1511 1947 Χριστοῦ
1527 1911 1699 1944 σαρκώσεως
1710 1911 1796 1946 ἀρνεῖ-

1003 1957 1066 1984 σθαι
1083 1957 1257 1992 θελήσαντες,
1273 1956 1354 1984 τοῦτο
1372 1957 1485 1991 ποιῆσαι
1504 1957 1655 1992 τολμηρῶς
1671 1957 1725 1984 οὐκ
1736 1959 1796 1991 ἐφε-

1002 2003 1126 2039 σήθησαν
1138 2010 1146 2020 ⁸
1161 2003 1328 2036 δειξάτωσαν
1342 2003 1408 2039 ἡμῖν
1422 2004 1447 2030 οἰ
1472 2001 1591 2034 Δἀηδεῖς
1625 2003 1680 2038 τὴν
1708 2003 1795 2030 αἰτίαν

1002 2049 1052 2085 τῆς
1069 2050 1123 2076 τῶν
1136 2049 1257 2085 ἱδρώτων
1272 2049 1556 2085 Χριστοῡάπαλειφῆς
1571 2057 1578 2064 ·
1598 2049 1615 2084 ἦ
1638 2049 1702 2080 πῶς
1729 2058 1793 2083 φρο-

1004 2095 1151 2132 νιμώτεροι
1167 2095 1215 2122 τοῦ
1226 2095 1346 2131 Χριστοῦ
1362 2095 1514 2131 γενόμενοι,
1532 2096 1579 2123 καὶ
1592 2095 1651 2122 τῶν
1679 2096 1795 2130 εὐαγγε-

1004 2142 1104 2169 λιστῶν
1120 2141 1167 2169 καὶ
1179 2141 1349 2173 ἀποστόλων,
1381 2141 1462 2168 τοῦτο
1488 2143 1593 2175 πρᾶξαι
1623 2142 1793 2177 ἐτόλμησαν.

1010 2188 1074 2215 Ἐἀν
1085 2188 1139 2224 γὰρ
1163 2187 1231 2214 Θεὸν
1241 2187 1348 2223 ἀληθῶς
1363 2188 1536 2222 ὁμολογοῦσι,
1549 2189 1608 2219 πῶς
1618 2188 1734 2223 ἀληθῶς
1749 2188 1795 2213 οὐκ

1003 2234 1058 2261 εἰσὶ
1074 2233 1221 2268 θεομάχοι,
1246 2233 1288 2260 ὅτι
1311 2232 1384 2268 ἀπερ
1411 2234 1515 2265 ἐκεῖνος
1531 2234 1605 2260 ποιεῖ
1632 2235 1683 2260 καὶ
1710 2234 1795 2268 xii-85’1-

1004 2289 1092 2314 γεται,
1108 2276 1182 2306 οὗτοι
1195 2279 1348 2315 ἀρεσθῆναι
1361 2280 1391 2307 οὺ
1406 2280 1600 2315 καταδέχονται
1612 2289 1620 2312 ;
1633 2280 1668 2306 ει
1682 2281 1733 2314 μὶν
1744 2282 1795 2315 γὰρ

1003 2327 1017 2353 ὁ
1028 2326 1146 2360 Χριστος
1158 2326 1267 2361 ὲνεργεῖ
1283 2325 1474 2360 ἀνθρωπίνως,
1490 2327 1540 2361 τὴν
1559 2327 1644 2361 φύσιν
1662 2326 1715 2360 τῆς
1730 2335 1795 2362 σαρ-

1003 2371 1051 2402 κὸς
1066 2370 1152 2398 αὐτοῦ
1168 2371 1360 2398 πιστώσασθαι
1376 2371 1538 2407 βουλόμενος
1552 2379 1558 2386 ·
1593 2371 1671 2407 ἅπερ
1693 2374 1795 2404 ἐκεῖνος

1000 2416 1109 2451 ἐνεργεῖ
1117 2417 1162 2443 καὶ
1173 2416 1321 2452 φθέγγεται
1339 2417 1518 2453 ἀνθρωπίνως
1528 2417 1620 2444 πάντα
1647 2418 1796 2454 ἀρνοῦντες

1002 2461 1049 2488 καὶ
1058 2461 1268 2498 ἀνατρέποντες,
1279 2463 1337 2495 πῶς
1349 2463 1417 2496 ὅλως
1431 2463 1592 2499 Χριστιανοί
1618 2465 1690 2498 εισι,
1709 2466 1758 2492 καὶ
1768 2466 1796 2492 οὐ

1004 2508 1104 2543 μᾶλλον
1113 2509 1293 2544 χριστομάχοι
1305 2517 1313 2542 ;

1281 2554 1478 2582 rasos/tuon
1492 2557 1537 2590 (τ’.

1002 2599 1072 2635 Περὶ
1084 2599 1137 2627 τοῦ
1153 2599 1256 2635 ἄρτου,
1270 2600 1319 2628 καὶ
1331 2602 1385 2628 τοῦ
1398 2602 1495 2634 οῖνου,
1508 2602 1558 2629 καὶ
1582 2602 1640 2630 τοῦ
1675 2603 1794 2638 ὓδατος.

1038 2655 1078 2684 A'.
1094 2654 1160 2683 Εἶτα
1174 2657 1256 2684 πάλιν
1270 2657 1316 2684 τοῦ
1333 2659 1451 2694 Χριστοῦ
1465 2658 1600 2690 λαϐόντος
1626 2659 1726 2695 ἄρτον,
1751 2661 1791 2687 καὶ

1001 2702 1091 2734 δόντος
1108 2703 1164 2734 τοῖς
1180 2703 1314 2738 μαθηταῖς
1329 2703 1421 2736 αὑτοῦ,
1435 2704 1481 2731 καὶ
1497 2704 1625 2736 εἰπόντος
1637 2713 1646 2721 ν
1674 2706 1791 2737 Λάϐετε.

1002 2746 1109 2782 φάγετε
1122 2755 1128 2762 ·
1145 2748 1233 2775 τοῦτό
1243 2749 1308 2776 ἐστι
1324 2749 1358 2777 τὸ
1381 2749 1468 2784 σῶμά
1482 2758 1545 2784 μου
1559 2758 1568 2767 '
1591 2751 1731 2785 ὡσαύτως
1749 2751 1790 2779 καὶ
