1875 3056
200 116 269 149 1175

732 119 856 150 lSAACI
877 119 1064 151 ARMENUE
1083 122 1287 154 CATIIOLICI

1763 126 1773 159 l
1782 125 1813 158 ίῗξ

230 175 275 204 lll.
292 175 346 209 Qui
369 185 434 204 vero
456 177 600 206 Armenios
621 187 675 206 non
688 180 779 214 pudet,
800 180 826 207 in
851 187 908 207 sua:
934 187 973 207 ne-

1068 181 1106 208 I“.
1123 182 1186 215 Πῶς
1212 183 1241 210 δὲ
1266 183 1316 211 οὐκ
1344 184 1518 219 αίσχύνονται
1542 187 1567 213 οῖ
1600 186 1765 222 ’Λρμένιοι,
1781 189 1815 215 τὶν

198 223 315 259 gationis
339 229 435 252 testem
459 224 682 260 Cbrysostomum
705 227 863 260 producere.
898 233 978 261 quem

197 271 265 298 duas
280 276 391 299 naturas
404 278 437 299 ae
461 271 530 299 duas
545 272 714 306 operationes
731 273 759 300 in
776 273 884 301 Christo
911 280 979 308 prte-

195 316 343 348 dicantem,
356 324 410 344 una
424 324 485 344 cum
501 318 604 345 sanctis
614 318 751 346 universis
763 318 851 353 palam
866 319 980 346 anathe-

195 361 345 389 matisent?
359 361 413 392 Sed
424 368 451 390 et
461 362 563 392 Chrisll
580 365 702 398 sudores,
727 372 795 400 quos
814 366 976 402 Chrysosto-

196 414 256 435 mus
287 415 395 443 semper
421 416 453 436 ac
487 410 588 445 ubique
614 417 824 446 commemorat,
855 421 889 441 ac
916 421 977 442 cum

195 453 289 488 primis
301 454 421 484 Matthzei
435 454 610 493 Erangelium
631 464 769 492 exponens
790 459 859 495 (20),
891 459 979 488 baud-

194 507 329 536 quaquam
342 501 420 531 verlti
432 507 496 530 sunt
506 510 673 539 expungere,
689 511 721 532 ac
741 506 854 533 omnino
865 512 976 541 negare.

192 546 269 579 Quod
291 555 373 583 porro
386 548 466 580 csllx.
481 557 560 586 quem
579 549 704 579 Christus
719 551 850 586 apostolis
871 552 976 583 tribuit.

193 592 284 620 vinum
319 593 432 622 haberet
458 599 486 622 et
516 602 633 630 aquam,
659 600 744 624 testes
776 603 841 625 sunt
869 603 978 626 sanctus

191 638 330 672 apostolus
359 639 477 671 iacobus
502 642 547 670 ille
576 643 681 672 Domini
697 644 791 677 frater,
806 653 839 673 ac
870 645 976 674 llarcns

191 684 367 719 evangelista,
387 693 448 713 cum
467 687 503 714 ita
531 688 612 716 ambo
637 689 664 717 in
695 690 753 718 suis
775 689 904 726 Liturgiis
935 691 976 718 di-

191 733 257 756 cunt
272 737 279 756 :
297 728 425 758 Similiter
437 737 576 767 postquam
609 734 729 767 cenauit,
753 736 882 769 accipiens
910 736 977 763 cali-

191 782 258 806 cem,
277 780 303 802 et
311 777 468 809 permiscens
484 787 516 806 ex
530 780 588 807 uino
601 785 626 807 et
652 789 732 816 aqua,
756 783 858 816 gratias
882 792 974 818 agens,

190 827 222 846 ac
233 819 384 849 benedicens
396 823 468 851 dedit
482 825 620 859 discipulis
632 827 687 853 suis
701 828 789 856 dicens
808 835 818 854 .'
847 827 932 856 Bibits
943 837 976 856 εκ

190 872 221 892 σο
238 874 327 894 omnes
342 875 352 895 :
371 869 415 896 hic
434 874 474 897 est
487 872 596 906 sanguis
608 881 691 906 meus,
706 875 751 908 qui
767 882 815 908 pro
840 875 910 902 vobis
937 875 975 910 ef-

190 911 327 946 fundatur.
343 914 429 944 Plane
443 924 494 951 qua
510 918 616 947 ratione
627 921 738 955 sanguis
759 921 817 955 ejus
834 921 976 950 emunden-

191 959 323 1005 (luserat,
338 969 369 989 ea
388 970 498 999 quoque
524 969 652 1001 tanquam
678 974 762 995 verax
791 976 823 997 ac
845 969 976 1005 praescius

190 1004 300 1033 calicem
315 1006 399 1035 dedit.

225 1095 272 1124 ιν.
288 1097 376 1127 Testis
388 1106 496 1135 quoque
518 1109 632 1137 magnus
652 1102 766 1131 Basilius
782 1104 826 1132 ubi
839 1104 974 1140 liturgiam

190 1143 312 1177 exponit,
328 1144 374 1172 sed
389 1149 417 1173 et
440 1145 672 1183 Carthaginiensis
695 1149 722 1176 in
736 1149 826 1178 Africa
855 1151 975 1186 synodus

190 1189 366 1219 ducentorum
381 1191 473 1220 decem
496 1199 528 1220 ac
556 1199 657 1228 septem
682 1195 820 1224 beatorum
848 1197 974 1230 Patrum,

190 1242 251 1268 qua:
266 1236 381 1264 Arcadio
395 1244 427 1264 ac
444 1236 565 1266 Honorio
579 1239 669 1276 Magni
687 1239 830 1270 Theodosii
847 1241 908 1270 ﬁliis
921 1242 975 1269 An-

189 1280 290 1314 gustis'
303 1287 467 1318 congregata
485 1288 537 1316 est,
566 1286 628 1313 dum
641 1285 666 1312 in
688 1286 721 1314 iis
734 1287 885 1315 canottibus
905 1295 975 1323 quos

188 1327 274 1356 edidit
288 1336 296 1355 :
316 1337 327 1354 ι
343 1327 379 1356 Ut
393 1336 427 1358 ne
441 1330 513 1358 aliud
529 1332 677 1367 quidquam
694 1333 720 1360 in
732 1334 819 1362 sacris
831 1334 973 1368 oneratur,

189 1379 271 1408 quam
288 1381 318 1402 ea
333 1374 421 1404 solum
436 1383 495 1411 qua:
516 1377 648 1406 Dominus
669 1381 778 1408 tradidit
806 1381 881 1418 (2i);
912 1391 921 1408 ι
946 1386 976 1409 ut

189 1421 269 1455 nihil,
285 1421 408 1457 inquam,
426 1427 525 1458 praeter
538 1432 634 1459 panem
653 1431 680 1453 ct
700 1427 791 1454 vitium
819 1435 888 1463 aqua
922 1429 975 1456 mi-

190 1472 274 1501 stnm,
290 1468 424 1497 decernit.
439 1469 517 1498 Sicut
527 1478 593 1506 ergo
614 1479 711 1506 aquam
726 1480 758 1500 ac
786 1474 878 1501 vinum
901 1482 976 1502 com-

1031 227 1237 263 Χρυσόστομον,
1259 230 1289 256 ὃν
1315 230 1422 262 ἀσεϐῶς
1444 231 1513 266 μετᾶ
1537 232 1656 259 πάντων
1670 233 1731 259 τῶν
1744 233 1815 267 hylam

1031 274 1179 309 προφανῶς
1195 275 1439 311 ἀναϐεματίζουσι,
1448 277 1494 304 δύο
1509 278 1609 312 φύσεις
1621 279 1676 305 καὶ
1687 279 1817 313 ἐνεργείας

1031 321 1078 346 ἐπὶ
1093 321 1211 354 Χριστοῦ
1227 322 1409 357 κηρύττοντα,
1437 324 1565 360 μάρτυρα
1585 324 1761 359 προϐάλλειν
1778 325 1818 358 τῆς

1031 367 1138 394 ἑαυτῶν
1160 368 1318 404 ἀρνήσεως
1337 369 1392 395 Καὶ
1415 372 1478 402 τοὺς
1503 370 1623 406 ἱδρῶτας
1648 370 1679 397 δὲ
1694 370 1744 396 τοῦ
1759 371 1818 405 Χρι-

1032 411 1108 444 στοῦ,
1122 411 1169 444 οὓς
1189 414 1202 438 ὁ
1216 413 1411 449 Χρυσόστομος
1437 415 1606 451 μνημονεύει
1634 416 1759 442 πάντοτε
1781 416 1819 441 αἱ

1030 458 1182 493 πανταχοῦ,
1199 458 1316 493 μάλιστα
1330 459 1359 486 δὲ
1377 460 1416 491 είς
1430 460 1480 495 τὴν
1500 461 1658 496 ἑρμηνείαν
1687 460 1738 486 τοῦ
1759 461 1819 486 uti

1028 503 1169 530 Ματθαῖον
1192 505 1373 539 Εὐαγγελίου,
1399 505 1544 540 ἀναλεῖψαι
1566 507 1621 533 οὐκ
1648 507 1819 541 ὲφοὸήῡηςαν

1029 549 1078 576 καὶ
1107 550 1248 583 παντελῶς
1271 551 1454 587 ἀρνήσασθαι.
1478 553 1539 580 Ὀτι
1567 552 1627 588 γὰρ
1652 553 1788 588 ποτήριον
1808 552 1819 578 ὃ

1028 595 1149 630 Χριστὸς
1176 597 1235 628 τοῖς
1255 597 1415 628 ἀποστόλοις
1435 597 1565 630 δέδωκεν,
1589 596 1668 625 οἶνον
1689 598 1740 624 καὶ
1755 597 1819 632 ὕδωρ

1028 637 1098 675 εἶχε,
1127 635 1235 676 μάρτυς
1261 642 1274 668 ό
1295 641 1374 676 ἅγιος
1398 642 1548 673 ἀπόστολος
1562 642 1704 674 Ἰάκωϐος
1718 643 1733 669 ὁ
1752 642 1820 668 ἀδελ-

1028 686 1136 721 φόθεος,
1157 687 1204 713 καὶ
1229 687 1344 723 Μάρκος
1365 689 1380 714 ὀ
1404 688 1616 723 εὐαγγελιοτὴς,
1639 689 1671 714 ὲν
1683 689 1747 719 ταῖς
1764 688 1820 714 Δει-

1026 734 1168 769 τουργίαις
1184 735 1311 770 ἑκάτεροι
1324 736 1397 763 οὕτω
1409 736 1534 771 λέγοντες
1547 744 1554 752 '
1573 736 1738 768 Ὡσαύτως
1751 736 1820 770 μετὰ

1027 781 1062 808 τὸ
1080 782 1255 816 δειπνῆσαι,
1266 782 1367 810 λαϐὼν
1386 782 1541 816 ποτήριον,
1561 783 1613 810 καί
1638 781 1777 816 κεράσας
1790 782 1819 813 ἐξ

1027 827 1113 855 οινου
1125 828 1174 855 καί
1184 828 1304 862 ὕδατος,
1324 829 1562 864 εὐχαριστήσας,
1575 828 1627 856 καὶ
1646 827 1819 862 εὐλογήσας

1026 873 1119 901 ἔδωκε
1136 873 1200 907 τοῖς
1211 874 1360 909 μαθηταῖς
1372 874 1466 903 αὑτοῦ
1481 875 1576 902 εἰπών
1586 883 1594 890 ·
1606 875 1702 902 Hicce
1723 874 1759 906 ἐξ
1773 875 1820 900 αὐ-

1026 920 1080 947 τοῦ
1097 920 1209 954 πάντες
1225 929 1232 936 ·
1250 920 1341 948 τοῦτό
1353 921 1420 948 ἐστι
1442 922 1475 948 τὸ
1496 919 1569 956 αἷμά
1590 930 1673 955 μου,
1692 921 1728 947 τὸ
1749 919 1819 953 ὑπὲρ

1025 966 1110 1002 ὑμῶν
1124 967 1340 1002 ἐκχυνόμενον.
1353 967 1465 999 Πάντως
1473 967 1527 1003 γὰρ
1541 964 1615 993 οἶνον
1629 966 1692 1001 (l9)
1710 965 1819 1001 ἔμελλεν

1025 1013 1174 1048 ἐκχυθῆναι
1197 1013 1229 1040 τδ
1253 1012 1323 1048 αἷμα
1341 1013 1436 1046 αὑτοῦ,
1458 1014 1545 1045 οὓτως
1566 1014 1604 1045 ὡς
1621 1012 1755 1048 ἀψευδὴς
1777 1012 1819 1038 καὶ

1027 1059 1218 1094 προγνώστης,
1235 1060 1282 1086 καὶ
1297 1060 1327 1086 τδ
1343 1061 1475 1095 ποτήριον
1491 1060 1571 1087 tatas.

1061 1107 1097 1133 A'.
1112 1106 1257 1141 Μαρτυρεῖ
1273 1106 1321 1133 καὶ
1341 1106 1427 1141 μέγας
1443 1107 1583 1138 Βασίλειος
1596 1107 1626 1133 ὲν
1637 1109 1673 1142 τῇ
1687 1105 1820 1142 ἑρμηνείᾳ

1025 1152 1076 1187 τῆς
1101 1152 1277 1189 λειτουργίας
1297 1161 1304 1168 ·
1334 1154 1382 1179 καὶ
1408 1153 1425 1188 ἡ
1453 1154 1482 1180 ἐν
1512 1153 1684 1189 Καρταγὲνῃ
1716 1153 1745 1179 δὲ
1774 1152 1819 1186 τῆς

1032 1199 1175 1235 Ἀφρικῆς,
1192 1200 1239 1226 ἐπὶ
1260 1199 1404 1234 Ἀρκαδῖου
1425 1199 1473 1226 καὶ
1499 1199 1633 1235 ὀνωρίου
1658 1199 1719 1226 τῶν
1746 1199 1818 1234 βασι-

1025 1246 1094 1272 λέων
1107 1245 1154 1272 καὶ
1170 1245 1236 1272 υἱῶν
1246 1245 1388 1272 Θεοδοσίου
1411 1245 1457 1272 τοῦ
1480 1245 1608 1280 Μεγάλου
1637 1244 1817 1275 συνελθοῦσα,

1025 1293 1080 1319 τῶν
1110 1293 1161 1325 σις’
1190 1292 1335 1328 μακαρίων
1364 1292 1493 1327 Πατέρων
1521 1292 1652 1324 σύνοδος,
1683 1291 1819 1326 μαρτυρεῖ

1026 1341 1066 1371 είς
1083 1339 1146 1371 τοὺς
1171 1339 1288 1371 κανόνας
1311 1340 1396 1374 αὐτῆς
1410 1339 1527 1374 λέγουσα
1548 1339 1657 1370 οὓτως·
1678 1347 1690 1364 ι
1713 1339 1775 1365 Ἵνα
1792 1338 1818 1363 ὲν

1025 1385 1197 1420 τοῖς.ἁγίοι;
1223 1385 1308 1421 μηδὲν
1332 1385 1414 1412 πλέον
1440 1386 1613 1421 προσάγειν,
1632 1385 1659 1410 εί
1678 1384 1722 1419 μὴ
1742 1384 1816 1419 μόνον

1025 1431 1095 1467 ὅπερ
1110 1433 1124 1458 ὁ
1142 1430 1245 1467 Κύριος
1270 1430 1414 1466 παρέδωκε
1431 1438 1439 1447 ·
1463 1439 1472 1456 ι
1494 1429 1638 1456 τουτέστιν
1659 1428 1750 1463 ἄρτον
1775 1428 1816 1453 καὶ

1025 1476 1097 1505 οἶνον
1121 1477 1170 1505 καὶ
1193 1477 1290 1509 ὕδατος
1305 1477 1363 1512 (Ξῖ)
1390 1477 1572 1512 μεμιγμένον.
1592 1474 1707 1502 Οὐκοῦν
1725 1474 1815 1508 ὥσπερ

188 1513 345 1547 miscentes,
361 1515 398 1543 lla
414 1516 568 1545 sumimus’:
586 1525 635 1545 nec
649 1519 683 1546 ab
700 1519 815 1547 invicem
830 1520 920 1548 vinum
946 1525 971 1548 et

1074 1523 1146 1560 ὕδωρ
1161 1525 1208 1550 καὶ
1223 1524 1268 1551 τὸν
1284 1521 1356 1550 οἶνον
1380 1521 1528 1559 κιρνῶντες
1538 1542 1546 1554 ,
1565 1521 1657 1553 οὕτως
1675 1521 1816 1556 μεταλαμ-

189 1567 288 1596 aquam
304 1568 475 1597 separamus,
492 1568 540 1591 aut
555 1564 670 1592 seorsim
688 1565 803 1592 alterum
825 1567 858 1593 ab
888 1566 974 1594 altero

188 1606 321 1639 facimus.
336 1608 383 1636 sed
399 1609 426 1636 in
442 1617 496 1637 uno
511 1611 719 1640 commiscentes
745 1611 839 1646 calice,
867 1613 974 1640 sacriﬁ-

188 1653 231 1680 cio
241 1650 399 1682 offerimus:
421 1655 460 1683 sic
473 1660 500 1683 et
513 1656 581 1683 duas
595 1656 695 1685 Christi
712 1661 833 1689 naturas,
863 1658 972 1686 deitatis

189 1705 222 1725 ac
237 1700 338 1733 carnis,
355 1699 381 1727 in
399 1708 450 1728 una
468 1707 584 1736 persona
609 1710 719 1738 unaque
733 1703 870 1738 hypostasi
894 1704 976 1732 conii-

190 1749 288 1778 temur,
315 1753 366 1774 nec
396 1746 451 1775 ullo
477 1748 558 1776 modo
583 1749 654 1776 inter
677 1756 707 1776 se
731 1755 900 1784 separamus,
933 1750 973 1778 uti

188 1791 287 1819 Christi
302 1793 450 1821 adversarii
465 1795 621 1828 n'ugantur:
641 1794 678 1822 uti
702 1794 781 1830 plane
807 1800 834 1822 et
858 1795 907 1828 illi,
933 1796 974 1823 vi-

188 1846 253 1865 num
269 1839 401 1867 duntaxat
426 1839 563 1868 sacriﬁcio
581 1839 737 1874 offerentes,
750 1841 833 1869 solam
851 1841 878 1869 in
896 1841 974 1869 Cbri-

188 1889 232 1911 sto
250 1883 376 1913 deitatem
397 1886 555 1920 praedicant,
570 1887 682 1923 ejusque
696 1888 911 1915 incarnationem
927 1895 973 1916 ne-

188 1935 263 1966 gant.

477 2033 591 2062 CAPUT
607 2034 665 2062 VII.

397 2079 435 2106 De
449 2087 516 2113 pane
543 2085 567 2107 et
586 2087 679 2114 azyma
698 2079 766 2114 (23).

223 2125 244 2154 I.
258 2124 315 2159 Qua
332 2125 414 2153 etiam
432 2126 536 2154 ratione
549 2133 646 2161 panem
664 2133 788 2162 azymum
819 2125 971 2154 Judatomm

1026 1571 1154 1606 σάνομεν,
1174 1571 1205 1597 οὒ
1223 1570 1387 1606 χωρίζοντες
1399 1569 1447 1596 ἀπ’
1461 1569 1585 1604 ἀλλήλων
1600 1568 1651 1595 τδν
1672 1566 1751 1594 οἶνον
1774 1567 1816 1593 zu".

1025 1618 1055 1645 τὸ
1071 1617 1154 1654 ὕδωρ,
1167 1617 1230 1644 οὐδὲ
1254 1617 1426 1653 διῃρημένως
1441 1616 1511 1643 αὐτὰ
1527 1616 1724 1651 προσάγοντες
1737 1634 1745 1647 ,
1762 1613 1816 1640 ἀλλ’

1026 1664 1067 1690 ἑνὶ
1088 1663 1213 1699 ποτηρίῳ
1237 1662 1383 1698 μιγνύντες
1410 1662 1606 1698 προσφέρομεν
1636 1662 1679 1692 είς
1707 1660 1815 1690 θυσίαν,

1025 1712 1097 1738 οὕτω
1114 1711 1161 1737 καὶ
1175 1710 1224 1741 τὰς
1240 1708 1261 1745 β’
1277 1708 1373 1743 φύσεις
1387 1709 1437 1744 τῆς
1454 1708 1581 1743 θεότητος
1591 1707 1639 1734 καὶ
1653 1707 1706 1742 τῆς
1717 1706 1816 1742 σαρκὸς

1024 1757 1072 1784 τοῦ
1087 1755 1217 1791 Χριστοῦ,
1233 1756 1271 1787 είς
1286 1755 1316 1781 ἓν
1333 1754 1478 1788 πρόσωπον
1490 1753 1681 1789 ὁμολογοῦμεν
1694 1753 1742 1779 καὶ
1754 1752 1815 1786 μίαν

1026 1803 1187 1834 ὑπόστασιν,
1213 1801 1243 1828 οὐ
1267 1800 1429 1836 χωρίζοντες
1446 1799 1531 1830 αὐτὰς
1551 1799 1600 1825 ἀπ’
1622 1798 1764 1833 ἀλλήλων,
1781 1797 1815 1827 ὡς

1025 1847 1243 1884 οἱχριστομάχοι
1269 1846 1440 1881 φλυαροῦσιν
1458 1854 1464 1860 ·
1487 1845 1583 1880 ὥσπερ
1607 1837 1814 1874 οὖν’κάκεῖνοι,

1024 1892 1098 1921 οἶνον
1115 1893 1195 1929 μόνον
1207 1894 1249 1925 είς
1264 1892 1359 1919 θυσίαν
1373 1892 1557 1927 προσάγοντες
1569 1910 1577 1922 ,
1594 1890 1719 1925 θεότητα
1733 1890 1816 1925 μόνην

1025 1941 1054 1966 ὲν
1069 1939 1182 1975 Χριστῷ
1205 1938 1393 1974 κηρύττουσι,
1418 1937 1467 1973 τὴν
1491 1937 1634 1972 σάρκωσιν
1652 1935 1741 1963 αὑτοῦ
1765 1937 1815 1971 ἀρ-

1024 1985 1160 2021 νούμενοι.

1291 2029 1491 2058 ΚΕΦΑΔΑΙΟΝ
1510 2030 1549 2056 Ζ’.

1151 2078 1221 2113 Περὶ
1236 2077 1289 2105 τοῦ
1300 2076 1392 2111 ἄρτου
1411 2075 1460 2103 καὶ
1478 2075 1530 2102 τοῦ
1547 2073 1674 2109 ἀξύμου.

1061 2125 1100 2153 A'.
1123 2125 1232 2158 Ὥσπερ
1244 2121 1290 2151 οὖν
1305 2123 1354 2150 καὶ
1369 2122 1415 2149 τὸν
1429 2121 1511 2157 ἄρτον
1526 2121 1634 2155 ἄζυμον
1660 2121 1815 2152 Ἰουδαϊκῶς

186 2178 264 2199 more
281 2171 427 2200 oll'erentes
444 2171 516 2199 nulla
546 2173 646 2200 unione
671 2172 845 2200 commistum
863 2181 870 2199 :
892 2172 973 2199 unius

1061 2170 1224 2204 ιοσάγοντες,
1247 2169 1365 2204 ἄμικτον
1388 2167 1444 2194 ἀπδ
1462 2167 1551 2202 πάσης
1571 2165 1714 2199 ἐνώσεως,
1738 2167 1814 2193 πάλιν

186 2225 282 2245 rursus
295 2222 416 2251 naturae,
431 2218 526 2251 solius,
542 2218 662 2252 inquam,
677 2218 784 2245 deitatis
812 2218 971 2253 mysterium

186 2263 302 2291 faciunt.
321 2262 461 2298 Siquidem
476 2263 548 2291 enim
566 2263 602 2290 illi
626 2271 736 2298 quoque
765 2262 884 2291 oil'erunt
907 2270 972 2296 azy-

186 2317 272 2342 mum.
291 2310 355 2345 quid
370 2317 425 2344 pra:
447 2309 548 2338 Judwis
574 2310 713 2345 amplioris
737 2310 858 2346 mystcrii
887 2309 973 2337 conii-

186 2355 295 2383 tentur?
325 2354 370 2383 Uti
383 2356 454 2382 enim
479 2354 564 2383 Judaei
592 2355 700 2390 quidem
729 2355 972 2389 circumciduntur,

187 2408 237 2428 nos
252 2404 343 2428 autem
358 2401 544 2436 baptizamur;
558 2409 590 2429 ac
604 2401 674 2428 sicut
696 2401 735 2429 illi
768 2400 876 2429 Patrem
904 2402 973 2428 dun-

187 2450 263 2473 taxat
278 2445 361 2473 Deum
377 2446 550 2478 confitentur,
567 2453 616 2474 nos
631 2453 694 2474 vero
715 2453 768 2474 una
794 2454 856 2474 cum
880 2445 972 2478 Patre,

187 2490 284 2518 Filium
293 2497 400 2526 quoque
420 2499 453 2520 ac
467 2490 596 2526 Spiritum
607 2496 749 2524 sanctum;
766 2491 803 2517 uti
821 2491 857 2518 illi
872 2498 970 2526 agnum

187 2537 375 2570 immolabant,
393 2537 439 2573 qni
455 2537 564 2572 quidem
578 2542 638 2565 erat
663 2536 766 2564 Christi
801 2537 897 2572 ﬁgura,
923 2543 974 2564 nos

187 2587 277 2611 autent
309 2584 420 2612 minime
446 2585 503 2620 jam
533 2591 631 2619 agnum
656 2583 837 2616 immolamus,
866 2582 912 2618 qui
933 2587 977 2610 est

188 2630 286 2665 ﬁgura,
303 2631 349 2658 sed
362 2629 501 2658 Christum
522 2629 620 2664 ipsum,
646 2630 692 2664 qui
721 2634 761 2657 est
788 2629 911 2657 veritas:
937 2628 978 2656 sic

238 2708 280 2742 l9)
296 2707 365 2742 Lege
379 2705 443 2734 οἷον.

235 2744 280 2776 20)
296 2741 394 2770 lloinil.
411 2742 456 2772 84.
473 2742 498 2770 in
513 2741 606 2776 Matth.

223 2775 279 2812 (2|)
297 2779 390 2805 Graeca
405 2778 529 2805 collectio
546 2775 616 2804 οἶνον
634 2777 722 2804 ὕδατι.

225 2814 281 2847 (22)
300 2813 391 2847 Graeca
405 2812 472 2839 Coll.
489 2820 550 2840 can.
562 2812 606 2843 57,
622 2813 714 2840 Lnlitta
732 2813 778 2840 ΞΛ.

225 2847 281 2882 (23)
298 2846 493 2882 Congrueutias
505 2855 572 2882 qttas
590 2848 633 2876 hic
650 2847 736 2882 aﬂcrl,
754 2850 794 2878 sic
807 2849 896 2878 valere
913 2856 974 2884 pos-

1027 2216 1094 2250 μιᾶς
1111 2216 1229 2250 φύσεως,
1257 2214 1385 2248 θεότητος
1413 2213 1497 2248 μόνης
1514 2211 1625 2238 ποιοῦσι
1654 2212 1813 2246 μυστήριον.

1026 2263 1057 2289 Et
1072 2261 1125 2297 γὰρ
1138 2260 1242 2295 ἄζυμον
1259 2260 1288 2287 δὲ
1305 2260 1353 2286 καὶ
1371 2255 1457 2289 οὗτοι,
1470 2258 1497 2284 τί
1510 2257 1713 2292 περισσότερον
1722 2257 1814 2291 ὁμολο-

1025 2307 1105 2343 γοῦσι
1122 2307 1289 2341 μυστήριον;
1302 2305 1409 2340 Ὠσπερ
1422 2304 1477 2339 γὰρ
1499 2304 1622 2335 Ἰουδαῖοι
1635 2304 1815 2339 περιτέμνον-

1024 2363 1080 2386 ται,
1093 2353 1174 2388 ἡμεῖς
1190 2351 1219 2378 δὲ
1238 2350 1429 2387 βαπτιζόμεθα
1444 2357 1451 2365 ·
1466 2350 1514 2376 καὶ
1536 2348 1634 2383 ῶσπερ
1650 2350 1757 2376 ἐκεῖνοι
1775 2349 1814 2374 τὸν

1027 2399 1137 2434 Πατέρα
1155 2397 1236 2432 μόνον
1252 2396 1319 2423 Θεὸν
1335 2394 1516 2430 ὁμολογοῦσιν
1530 2401 1538 2408 ’
1552 2395 1637 2429 ἡμεῖς
1657 2395 1687 2421 δὲ
1715 2396 1766 2421 σὺν
1782 2394 1814 2429 τῷ

1024 2445 1124 2480 Πατρὶ,
1139 2444 1185 2470 τὸν
1201 2442 1266 2470 Υίὸν
1282 2442 1330 2469 καὶ
1355 2442 1386 2468 τὸ
1406 2441 1520 2475 Πνεῦμα
1543 2441 1574 2467 τδ
1597 2440 1680 2474 ἅγιον
1700 2449 1708 2456 ·
1726 2441 1814 2474 ὥσπερ

1025 2491 1105 2517 ἔθυον
1119 2491 1220 2517 ἐκεῖνοι
1236 2488 1385 2524 πρόϐατον,
1418 2488 1449 2515 τὸ
1468 2487 1498 2514 δὲ
1521 2486 1665 2522 πρόϐατον
1681 2487 1773 2518 τύπος
1787 2485 1814 2519 ἦν

1024 2535 1071 2564 τοῦ
1086 2535 1229 2570 Χριστοῦ·
1256 2534 1338 2571 ἡμεῖς
1363 2534 1403 2567 δὲ,
1428 2533 1522 2560 οὐκέτι
1544 2532 1652 2567 θύομεν
1680 2533 1813 2566 mssa-.9»

1025 2583 1112 2617 ὅσπερ
1124 2582 1182 2608 ἐστι
1210 2580 1296 2612 τύπος
1311 2587 1319 2595 ·
1353 2579 1423 2606 ἀλλὰ
1457 2578 1503 2605 τὸν
1527 2578 1650 2614 Χριστὸν
1670 2579 1757 2605 αὐτὸν
1773 2579 1814 2611 τὴν

1025 2628 1156 2663 ἀλήθειαν
1172 2634 1180 2642 ο
1194 2626 1283 2659 οὕτως
1307 2625 1368 2653 οὐδὲ
1387 2625 1470 2661 ἄρτον
1497 2624 1605 2659 ἄζυμον
1629 2624 1759 2660 θύομεν,
1784 2624 1813 2654 ὡς

1029 2711 1091 2734 sunt
1104 2713 1154 2741 pro
1171 2705 1327 2733 Crtecorum
1347 2703 1555 2741 consuetud_ine._
1566 2703 1743 2741 utALgttinam
1760 2702 1812 2731 nihil

1029 2738 1187 2769 inﬁrmant:
1210 2740 1353 2774 plurimum
1374 2746 1438 2774 vero
1465 2738 1571 2766 roboris
1598 2739 1704 2766 habent
1731 2743 1811 2766 conm

1028 2776 1181 2839 Artgeuios,
1199 2773 1246 2811 qui
1270 2775 1296 2803 in
1311 2781 1366 2803 suae
1390 2773 1526 2802 haereseos
1546 2774 1707 2810 symbolum
1725 2774 1811 2809 azymis

1029 2816 1072 2839 ute
1092 2816 1182 2839 antur.

1029 2816 1182 2840 utebantur.
