1875 3056
107 141 178 174 ii'l'l

641 146 784 178 ORATIO
803 149 818 179 Ι
837 148 987 181 CONTRA
1007 151 1216 186 ARMENIOS.

1661 155 1729 188 “78

106 201 209 227 ἐκεῖνοι
226 200 330 233 ἀτελῶς
341 208 349 216 '
362 201 448 239 ὅσπερ
462 202 520 230 ἐστὶ
547 203 632 237 τύπος
650 206 732 241 μόνον
743 227 750 241 ,
767 206 814 234 καὶ
828 206 889 234 σκιά

967 215 1032 243 eque
1042 217 1166 246 azytnum
1183 219 1289 245 panem,
1302 212 1340 239 uti
1356 212 1394 240 illi
1416 212 1573 246 imperfecte
1588 215 1728 242 sacrilica-

104 246 155 272 τοῦ
173 247 309 282 ἡμετέρου
332 247 417 282 ἄρτου
432 256 440 265 ο
465 249 523 276 ἀλλ’
541 250 624 285 ἄρτον
639 251 743 279 τέλειον
760 259 768 268 ·
785 251 890 279 τέλειον

107 290 255 326 ἄνθρωπον
272 292 402 327 Χριστὸν,
417 293 463 320 τὸν
475 295 685 331 σεσαρκωμένον
697 296 774 329 Θεὸν,
789 297 832 323 διὰ
843 297 890 325 τοῦ

105 337 211 363 τελείου
226 337 322 373 ἄρτου,
337 339 383 365 καὶ
402 339 462 375 (ει)
479 340 527 366 τοῦ
544 341 671 376 σώματος
685 342 768 369 αὐτοῦ
787 343 890 379 κηρύτ-

104 390 211 416 τοντες.
237 384 342 420 Ὠσπερ
370 386 425 421 γὰρ
451 387 551 414 ἐκεῖνοι
571 387 619 414 ἕνα
647 388 694 415 καὶ
723 389 804 423 μόνον
819 388 892 425 εῐχον

104 428 171 455 ναὸν
187 430 216 456 ὲν
237 429 419 467 Ἰερουσαλήμ
433 440 440 448 ·
458 433 539 467 ἡμεῖς
552 433 581 460 δὲ
596 433 710 465 πολλοὺς
722 436 794 462 κατὰ
806 435 891 464 τόπον

104 474 312 511 ἀναριθμήτους
329 484 337 491 ⁸
351 477 398 503 καὶ
413 477 509 514 ὥσπερ
524 480 623 506 ἐκεῖνοι
638 479 669 506 τὸ
682 480 777 516 Πάσχα
795 482 824 508 ἐν
842 481 892 509 Ἰε-

106 521 252 556 ρουσαλὴμ
277 522 359 557 μόνον
380 524 489 551 ἐτέλουν
500 534 508 541 ·
531 526 614 561 ἡμεῖς
627 526 656 553 δὲ
677 527 705 553 ὲν
721 528 798 564 πᾶσῃ
814 529 891 556 πόλει

104 567 276 604 ἑορτάζομεν
287 577 294 585 ·
307 571 355 597 καὶ
370 570 465 606 ὥσπερ
487 573 587 600 ἐκεῖνοι
600 573 631 600 τὸ
652 574 750 610 Πάσχα
767 577 801 611 τῇ
829 584 891 602 τεσ-

105 616 344 653 σαρεσκαιδεκάτῃ
361 618 410 653 τῆς
433 618 549 654 σελήνης
573 620 765 655 ἑορτάζουσιν,
781 623 810 649 ὲν
857 622 891 650 ἄν

103 662 197 697 ἡμέρᾳ
216 664 374 699 καταντήσῃ
393 671 400 679 ·
416 665 497 700 ἡμεῖς
513 665 552 698 δὲ,
574 666 602 693 ἐν
623 667 749 704 κυριακῇ
762 668 889 702 πάντοτε,

105 707 197 735 πάντα
223 709 419 745 περισσότερον
443 711 510 747 παρ’
534 712 656 744 ἐκείνους
677 713 805 748 ἔχοντες·
818 714 891 743 οὕτω

105 753 188 788 δῆλον
201 755 242 782 ὄτι
254 757 302 783 καὶ
318 757 332 783 6
347 757 430 793 ἄρτος
444 758 496 793 τῆς
513 758 608 791 θυσίας
631 759 709 795 ἡμῶν
730 761 891 797 περισσότε-

105 807 154 834 ρος
172 800 274 834 ὀφείλει
291 800 372 835 εῖναι,
390 802 439 829 καὶ
453 802 619 839 τελειότερον
628 805 699 840 ὑπὲρ
709 805 763 832 τῶν
776 806 890 841 ἀζύμων

102 845 161 872 τῶν
184 847 349 878 ’1ουδαῖκῶν.
367 848 459 881 καθώς
476 857 560 884 φησιν
575 852 589 877 6
604 851 684 885 ἅγιος
699 852 805 884 Παῦλος
816 873 824 885 ,
842 853 889 880 καὶ

103 891 259 928 Γρηγόριος
276 893 408 929 θεολόγος
422 903 429 910 ·
449 904 459 921 ι
475 896 516 922 Τὰ
531 896 634 932 ἀρχαία
653 898 794 933 παρῆλθεν
807 906 815 914 ’
832 899 889 927 ἰδοὺ

102 937 160 971 γὰρ
174 937 269 971 γέγονε
284 939 317 966 τὰ
332 939 422 966 πάντα
437 940 529 967 καινά.
546 950 557 967 ι

140 983 209 1010 ΤΟΥ
223 985 489 1013 ΧΡΥΣΟΣΤΟΜΟΥ.
506 986 542 1014 Β’.
569 987 710 1020 Ὡσαύτως
729 988 776 1016 καὶ
792 990 805 1016 6
819 989 891 1023 Θεῖος

100 1030 297 1065 Χρυσόστομος
312 1033 375 1067 περὶ
389 1033 438 1068 τῆς
456 1034 577 1065 Παλαιᾶς
592 1044 674 1069 φησιν
696 1043 704 1052 ⁸
726 1045 735 1062 ι
763 1037 838 1065 Ἐκεῖ
859 1039 890 1066 τδ

101 1076 233 1111 γράμμα,
250 1073 302 1103 ὦδε
319 1078 350 1103 τὸ
369 1078 480 1113 πνεῦμα
494 1088 501 1096 ·
521 1081 580 1107 ἐκεῖ
602 1081 618 1116 ἡ
646 1081 780 1116 κιϐωτὸς,
801 1080 852 1110 ὦδε
873 1086 889 1121 ἡ

102 1121 240 1157 παρθένος
253 1129 261 1137 '
276 1123 334 1150 ἐκεῖ
347 1124 443 1159 ῥάϐδος
463 1125 581 1162 Ἀαρὼν,
598 1124 649 1154 ὧδε
663 1129 676 1155 6
694 1130 822 1165 σταυρός’
833 1131 892 1157 ἐκεῖ

99 1168 137 1194 τὰ
152 1168 254 1204 ἄζυμα,
274 1166 324 1197 ὦδε
340 1171 354 1197 6
371 1171 454 1207 ἄρτος
469 1180 477 1188 ο
494 1173 553 1200 ἐκεῖ
565 1175 579 1200 6
594 1174 692 1209 ἀμνὸς,
717 1172 769 1202 ὧδε
785 1177 800 1202 6
818 1177 888 1211 Χρι-

103 1213 178 1245 στός,
201 1215 280 1242 Ἀλλὰ
296 1217 322 1242 τί
338 1225 422 1251 φασιν
445 1219 469 1245 οἱ
486 1219 628 1253 ἁπειθεῖς;
646 1221 707 1248 Ὅτι
726 1222 740 1248 6
761 1222 843 1257 ἄρτος
859 1223 889 1250 ὃν

101 1261 223 1295 Χριστὸς
246 1261 363 1289 δέδωκεν
387 1263 492 1299 ἄζυμος
516 1262 561 1300 ἦν,
586 1266 629 1293 διὰ
642 1267 721 1295 τοῦτο
738 1269 786 1296 καὶ
808 1270 890 1304 ἡμεῖς

101 1305 198 1340 ἄζυμα
213 1307 407 1342 προσφέρομεν
426 1309 465 1340 είς
486 1308 593 1337 θυσίαν.
614 1311 700 1338 Παντί
714 1320 745 1338 τε
760 1313 807 1339 καὶ
822 1322 888 1339 παν-

100 1351 189 1386 ταχοῦ
206 1351 244 1386 τῷ
261 1352 372 1389 Χριστῷ
386 1353 591 1390 ἐναντιούμενοι
606 1356 631 1383 οί
642 1357 756 1390 ἀνόσιοι,
776 1359 890 1391 καὶτοῖς

100 1397 194 1431 λόγοις
210 1398 310 1431 αὐτῶν,
325 1400 370 1426 καὶ
385 1401 441 1431 τοῖς
458 1401 562 1436 ἔργοις,
581 1402 671 1435 καθὼς
686 1404 888 1439 ἀποδέδεικται,

100 1443 151 1469 νῦν
168 1443 213 1469 τὸν
226 1444 345 1479 Χριστὶν
361 1447 409 1481 τῆς
421 1446 526 1473 ἑαυτῶν
542 1448 669 1480 ἀσεϐείας
684 1450 732 1477 καὶ
747 1450 889 1487 ἀρνήσεως

103 1488 234 1524 μάρτυρα
263 1490 448 1526 προϐάλλετε;
480 1493 582 1526 Ἔστω,
603 1494 645 1521 ὅτι
674 1495 689 1521 6
719 1495 800 1531 ἄρτος
825 1496 855 1523 ὃν
875 1497 889 1524 6

944 261 1014 288 mus,
1027 256 1073 290 qui
1087 261 1129 284 est
1143 261 1245 284 tantum
1262 258 1348 292 ﬁgura
1364 266 1395 285 ac
1408 259 1502 286 umbra
1519 261 1596 293 panis
1623 261 1726 294 nostri;

943 299 991 327 sed
1007 300 1154 334 perfectum
1171 309 1277 337 panem,
1294 303 1444 337 perfectum
1474 305 1609 332 hominem
1631 306 1726 334 Chris-

943 348 999 372 tum
1029 345 1113 374 Deum
1142 347 1323 379 incarnatum,
1352 349 1463 384 perfecti
1487 351 1565 385 panis
1591 352 1726 387 symbolo.

943 399 997 419 una
1011 398 1072 419 cum
1088 399 1200 427 corpore
1212 395 1399 428 praedicantes.
1415 395 1482 422 Nam
1498 397 1567 423 sicut
1578 397 1615 424 illi
1643 406 1725 426 unum

942 438 1074 465 duntaxat
1088 437 1281 474 Hierosolymis
1294 440 1429 468 habebant
1443 441 1582 476 templum.
1596 450 1645 470 nos
1673 451 1725 470 au-

943 488 995 510 tem
1009 484 1083 517 plura
1099 484 1143 512 hic
1159 484 1214 511 illic
1230 485 1454 520 innumerabilia;
1471 495 1503 515 ac
1522 489 1592 515 sicut
1607 489 1644 515 illi
1660 488 1725 516 [lie-

942 529 1086 564 rosolymis
1101 530 1186 557 solum
1198 529 1303 558 Pascha
1318 531 1503 565 celebrabant,
1525 541 1573 561 nos
1594 538 1682 561 autem
1699 535 1726 561 in

941 575 1014 602 omni
1030 575 1197 604 celebramus
1212 577 1296 611 urbe;
1310 582 1392 612 atque
1409 583 1437 605 ut
1452 578 1488 606 illi
1503 579 1640 606 celebrant
1664 580 1726 607 luna

941 627 1040 657 quarta
1054 622 1169 656 decima,
1183 631 1343 659 quacunque
1357 625 1463 652 tandem
1489 625 1532 652 illa
1562 626 1605 653 die
1629 633 1726 654 occur-

942 672 1007 696 rat:
1025 675 1076 696 nos
1088 672 1177 695 atttem
1195 675 1303 702 semper
1324 669 1461 696 Dominica
1483 670 1536 701 die,
1554 670 1644 696 omnia
1672 676 1727 703 ιιι-ιο

942 713 993 741 illis
1009 713 1139 748 ampliora
1152 713 1282 740 habentes
1299 721 1306 740 :
1324 713 1360 740 ita
1373 713 1467 748 liquet,
1483 721 1532 748 par
1546 721 1618 745 esse.
1632 717 1662 740 ut
1677 721 1726 740 no.

941 758 990 785 stri
1017 765 1123 793 quoque
1144 759 1268 786 sacriﬁcii
1286 759 1364 795 panis
1385 763 1504 793 praestet,
1525 767 1557 786 ac
1582 759 1727 793 perfectior

941 804 977 832 sit
996 806 1098 840 azymis
1120 804 1286 838 Judmorum,
1303 806 1529 840 quemadmodum
1551 806 1589 832 ait
1616 810 1726 832 sanctus

943 849 1042 878 Paulus
1065 858 1098 879 ac
1122 851 1268 886 Gregorius
1296 850 1470 886 'l‘beologus:
1493 850 1588 879 Vetera
1613 850 1726 878 transie-

943 901 1012 924 runt-
1022 905 1031 927 :
1042 905 1099 924 ecce
1115 905 1181 925 nova
1196 897 1268 932 facta
1280 901 1340 925 sunt
1356 897 1455 924 omnia.

977 991 1232 1020 CHRYSOSTOMI.
1242 991 1274 1019 ll.
1289 991 1351 1020 Pari
1362 998 1468 1026 quoque
1477 991 1590 1024 ratione,
1606 991 1726 1018 admira-

941 1038 1003 1066 bilis
1016 1037 1061 1065 ille
1075 1037 1334 1073 Chrysostomusita
1355 1037 1436 1064 habet
1463 1037 1496 1064 de
1519 1036 1609 1064 Veteri
1631 1036 1726 1064 Testa-

943 1087 1053 1111 mento:
1076 1092 1085 1109 ι
1105 1083 1161 1110 illic
1177 1083 1278 1115 littera,
1298 1083 1344 1110 hic
1361 1082 1472 1116 spiritus
1493 1090 1499 1109 :
1518 1082 1572 1109 illic
1591 1089 1665 1114 arca,
1680 1081 1725 1107 hic

942 1129 1036 1164 virgo:
1053 1128 1108 1156 illic
1123 1129 1195 1160 virga
1209 1128 1307 1158 Aaron.
1325 1128 1369 1155 hic
1380 1135 1445 1155 crux
1459 1136 1466 1155 :
1482 1127 1536 1154 illic
1549 1135 1653 1162 azyma,
1681 1126 1723 1154 hic

941 1175 1020 1210 panis
1037 1184 1044 1203 :
1060 1174 1114 1202 illic
1129 1182 1225 1209 agnus,
1241 1173 1283 1200 hic
1294 1173 1429 1201 Christus.
1449 1182 1458 1199 ι
1477 1172 1632 1204 Enimvero,
1659 1171 1724 1206 quid

941 1221 1017 1249 aiunt
1037 1219 1191 1248 increduli?
1216 1219 1328 1254 Nempe,
1356 1227 1451 1254 panem
1486 1227 1566 1254 quem
1600 1218 1725 1246 Christus

942 1268 1014 1296 dedit
1029 1274 1154 1301 azymum
1169 1266 1273 1294 fuisse:
1290 1273 1322 1294 ac
1337 1266 1436 1293 idcirco
1452 1273 1545 1301 azyma
1558 1265 1586 1292 in
1617 1263 1724 1291 sacriﬁ-

941 1314 983 1341 cio
1005 1312 1113 1340 offerre.
1136 1312 1217 1347 Ergo,
1247 1313 1292 1346 qui
1315 1318 1422 1346 semper
1438 1319 1470 1338 ac
1495 1311 1595 1345 ubique
1614 1309 1725 1337 Christo

941 1359 1134 1393 adversamini,
1145 1360 1219 1395 impii
1232 1360 1367 1391 homines,
1380 1359 1468 1386 verbis
1477 1358 1578 1393 pariter
1594 1365 1626 1384 ac
1646 1356 1725 1384 factis

941 1405 1051 1438 vestris,
1067 1405 1104 1432 uti
1117 1404 1259 1440 probatum
1275 1403 1337 1436 fuit,
1359 1403 1497 1430 Christum
1528 1409 1601 1429 nunc
1623 1405 1724 1428 vestrm

941 1451 1086 1487 impietatis
1101 1458 1134 1478 ac
1152 1450 1302 1485 negationis
1325 1453 1419 1477 testem
1447 1446 1615 1483 producitis'l
1642 1446 1720 1478 Esto,

942 1497 1023 1525 fuerit
1037 1503 1117 1532 quem
1130 1495 1256 1523 Christus
1270 1494 1343 1522 dedit
1358 1500 1465 1528 panem,
1495 1498 1616 1527 azymus.
1641 1490 1725 1525 Equi-

100 1535 222 1570 Χριστὸς
238 1536 370 1569 δέδωκεν,
391 1538 496 1574 ἄζυμον
519 1537 552 1576 ἦν
567 1549 574 1556 ·
590 1541 604 1568 6
621 1540 672 1577 μὲν
696 1541 742 1569 οὖν
768 1541 885 1578 Χριστὸς

967 1551 1002 1572 am
1017 1543 1071 1576 ille,
1089 1542 1124 1571 ob
1139 1542 1277 1578 angustias
1293 1540 1434 1575 temporis.
1448 1543 1525 1566 utne
1544 1541 1648 1566 tantum
1677 1544 1724 1564 sa-

99 1581 176 1607 κατὰ
197 1583 378 1617 στενοχωρίαν
393 1584 440 1611 τοῦ
459 1586 556 1620 καιροῦ
567 1606 575 1620 ,
592 1587 636 1614 ἳνα
662 1588 699 1624 μὴ
715 1589 888 1624 ἄπαράδοτον

99 1627 271 1664 καταλειφθῇ
284 1628 314 1654 τὸ
327 1628 487 1664 τηλικοῦτον
502 1631 569 1667 παρ’
586 1633 670 1660 αὑτοῦ
685 1634 736 1668 τῆς
749 1635 887 1671 σωτηρίας

100 1674 267 1719 μυστήριον2
281 1675 374 1711 ἐπειδὴ
384 1676 453 1712 αὐτῇ
462 1678 494 1712 τῇ
511 1677 572 1714 ὥρᾳ
584 1681 641 1711 τοῖς
659 1680 798 1714 Ἰουδαίοις
815 1690 888 1719 παρ-

98 1718 213 1752 εδίδοτο,
237 1716 292 1746 οἷον
310 1720 392 1756 ἄρτον
416 1723 487 1749 κατὰ
502 1723 551 1758 τὴν
578 1723 653 1759 ὥραν
677 1726 785 1762 ἐκείνην
810 1716 886 1763 εὗρε,

46 1800 59 1808 .
98 1765 245 1802 παρέδωκε
262 1775 270 1783 ⁸
288 1767 330 1794 ἵνα
347 1767 384 1803 μὴ
399 1769 539 1800 παντελῶς
554 1770 731 1808 ἀποστερήσῃ
747 1773 826 1807 ἡμᾶς
839 1774 889 1809 τῆς

98 1812 270 1848 τηλικαύτης
287 1814 442 1850 σωτηρίας,
460 1812 495 1851 ἧς
509 1817 584 1851 ἡμᾶς
607 1819 754 1854 ἐχαρίσατο
771 1820 823 1852 ἕως
839 1820 887 1847 τοῦ

99 1858 213 1890 αίῶνος,
227 1859 258 1886 τὸ
274 1860 407 1894 πανάγιον
420 1861 468 1887 καὶ
483 1861 541 1897 (Ξὸ)
557 1862 690 1894 ζωοποιὸν
710 1864 792 1891 αὑτοῦ
807 1866 888 1900 σῶμα

99 1904 261 1941 καταξιώσῃ
277 1906 351 1941 ἡμᾶς
367 1906 480 1939 ἐσθίειν,
495 1908 542 1934 καὶ
553 1908 588 1934 δι’
600 1909 684 1936 αὑτοῦ
696 1909 887 1942 ζωοποιεϊσθαι

98 1951 188 1986 ἡμᾶς,
204 1950 252 1978 καὶ
269 1952 472 1986 συγκοινωνοὺς
489 1954 575 1980 αὐτοϋ
591 1955 732 1989 γενέσθαι,
749 1956 807 1984 ἀλλ’
827 1958 888 1985 οὐδὲ

98 1996 223 2032 ἔπρεπεν
233 1998 316 2024 αὐτὸν
330 1997 391 2024 τότε
406 1999 488 2034 ἄρτον
499 2000 600 2028 τέλειον
613 2001 660 2029 ἐπὶ
676 2003 772 2038 χεῖρας
784 2003 887 2038 λαὸεἰν,

96 2043 146 2069 διὰ
163 2043 193 2069 τὸ
211 2040 282 2071 εἶναι
305 2043 355 2075 τὰς
379 2045 488 2079 ἡμέρας
503 2045 610 2078 ὲκείνας
622 2047 678 2073 τῶν
694 2048 820 2084 ἀζύμων.
844 2049 888 2077 ἵνα

100 2088 143 2123 μὴ
168 2088 307 2123 πρόφασιν
321 2088 359 2123 δῷ
376 2090 433 2121 τοῖς
455 2090 594 2123 Ἰουδαίοις
613 2095 780 2128 κατηγορεῖν
803 2095 887 2122 αὐτοῦ

98 2132 139 2163 ὡς
156 2132 292 2164 ἀντιθέου,
307 2133 353 2160 καὶ
365 2134 410 2160 τὸν
427 2133 509 2169 νόμον
525 2134 717 2168 καταλύοντος.
731 2137 849 2170 Τούτους
859 2138 887 2165 δὲ

97 2178 167 2209 τοὺς
180 2179 382 2213 χριστομάχους
399 2179 441 2211 τίς
458 2181 471 2206 6
490 2181 707 2215 καταναγκάξων
733 2183 887 2217 Ἰουδαϊκῶς

98 2224 270 2258 προσφέρειν
283 2223 399 2259 ἄζυμον,
425 2226 473 2252 καὶ
497 2226 528 2252 οὑ
556 2226 659 2254 τέλειον
687 2228 779 2262 ἄρτον,
805 2230 885 2266 εἰπερ

95 2270 204 2296 τέλειον
217 2270 362 2304 ἄνθρωπον
379 2271 462 2299 αὐτον
481 2271 658 2307 κηρύττουσι,
679 2274 725 2302 τὸν
742 2283 885 2311 σεσαρκω-

98 2316 185 2351 μένον
203 2315 289 2348 Θεόν;
304 2316 416 2348 Πάντως
430 2317 484 2352 γὰρ
498 2317 592 2353 ὥσπερ
609 2319 770 2356 κωλυόμεθα
786 2329 885 2357 συννη-

97 2361 284 2394 στεῦσαιτοῖς
305 2362 455 2395 Ἰουδαίοις,
474 2364 521 2390 καὶ¹
542 2364 573 2391 τὸ
597 2364 692 2400 Πάσχα
712 2365 771 2400 μετ’
795 2367 886 2394 αὐτῶν

96 2407 253 2443 ἑορτάξειν,
277 2408 325 2434 καὶ
349 2409 582 2444 περιτέμνεσθαι,
611 2412 660 2437 καὶ
686 2411 716 2438 τὸ
746 2412 885 2440 Σάὸδατον

95 2454 208 2488 ἀργεῖν,
221 2453 268 2480 καὶ
278 2453 390 2488 χοιρίων
400 2454 489 2490 κρεῶν
505 2455 655 2490 ἀπέχεσθαι
668 2463 675 2471 ⁸
688 2455 759 2484 οὕτω
784 2459 887 2486 κωλυό-

81 2535 83 2538 ⁴
99 2499 175 2536 μεθα
190 2500 238 2527 καὶ
249 2500 279 2526 τδ
291 2501 396 2536 ἄζυμον
413 2500 583 2536 προσφέρειν
595 2501 635 2534 είς
652 2501 759 2530 θυσίαν.

134 2546 174 2574 I".
192 2546 297 2577 Ἄλλως
312 2554 341 2573 τε
359 2546 387 2573 δὲ
404 2546 457 2582 πρδ
472 2546 521 2582 τῆς
538 2547 636 2583 ἑορτῆς
658 2547 705 2576 τοῦ
721 2549 816 2585 Πάσχα
839 2550 887 2577 καὶ

96 2592 156 2620 τῶν
172 2592 297 2626 Ἀζύμων
309 2592 420 2626 γέγονεν
429 2592 442 2618 6
450 2593 567 2625 δείπνος,
582 2593 629 2620 καὶ
636 2593 718 2629 ἄρτον
729 2595 888 2630 ἐδείπνησεν

97 2640 112 2666 6
127 2638 247 2673 Χριστὸς
262 2638 331 2673 μετὰ
343 2637 397 2664 τῶν
412 2637 549 2672 μαθητῶν,
564 2638 656 2670 καθώς
671 2647 752 2674 φησιν
764 2639 778 2665 ό
793 2639 888 2666 Θεολύ-

96 2693 149 2720 γος
163 2684 289 2719 Ἰωάννης
299 2692 306 2699 ·
321 2685 368 2711 καὶ
382 2685 396 2711 6
410 2684 510 2715 Ἰούδας
528 2683 632 2720 [μετὰ]
648 2684 715 2720 (26)
727 2684 777 2720 τὴν
790 2685 888 2720 προδο-

98 2731 163 2759 σίαν
179 2731 249 2765 μετὰ
262 2729 309 2756 τοῦ
324 2730 406 2765 ἄρτου
422 2730 543 2766 ἐποίησε.
558 2730 597 2766 Τῇ
613 2729 668 2766 γὰρ
684 2734 719 2766 ιγ’
731 2731 821 2767 ἡμέρᾳ
836 2731 886 2767 τῆς

135 2799 193 2835 (24)
209 2799 279 2836 bege
293 2800 372 2836 μετά.

146 2836 193 2870 25)
210 2834 352 2862 Foi'lexa‘t
365 2835 407 2862 τό.

146 2836 193 2870 25)
210 2835 290 2862 Forte
303 2835 352 2862 καὶ
365 2835 407 2862 τό.

136 2835 193 2906 ἕὶϋ)
211 2870 288 2899 Forte
305 2871 374 2906 μετὰ
388 2870 472 2907 ἄρτου
489 2867 614 2903 ἐξελθών.

941 1591 1005 1618 Iutis
1021 1589 1179 1625 mysterium
1196 1589 1230 1615 ab
1244 1595 1276 1615 eo
1291 1595 1342 1614 non
1360 1587 1487 1613 traditum
1512 1585 1724 1619 relinqueretur,

939 1644 972 1664 eo
983 1635 1054 1670 quod
1068 1635 1161 1663 eadem
1178 1634 1245 1661 hora
1260 1633 1361 1661 Iudaeis
1376 1631 1524 1659 tradendos
1543 1635 1627 1663 esset,
1657 1637 1725 1664 qua-

939 1681 991 1709 lem
1008 1688 1103 1716 panem
1117 1688 1164 1716 pro
1182 1685 1302 1714 tempore
1318 1678 1430 1712 inVenit,
1445 1677 1525 1704 talem
1545 1675 1676 1703 tradidit:
1695 1679 1724 1701 ut

940 1735 974 1754 ne
984 1727 1095 1754 omnino
1109 1729 1181 1752 tanta
1197 1732 1247 1752 nos
1260 1724 1347 1752 salute
1362 1723 1492 1758 privaret.
1508 1729 1589 1757 quam
1600 1721 1676 1748 nobis
1691 1720 1724 1747 ad

940 1779 1026 1806 usque
1040 1770 1130 1798 saeculi
1146 1770 1225 1797 tinem
1239 1768 1352 1803 largitus
1367 1771 1420 1801 est,
1436 1774 1467 1795 ac
1480 1767 1633 1802 dignatione
1660 1773 1725 1793 san-

939 1817 1092 1845 ctissimum
1105 1823 1186 1843 suum
1210 1822 1309 1849 corpus
1333 1814 1550 1841 manducandum
1580 1812 1724 1847 praeberet,

938 1871 971 1892 ac
983 1871 1031 1899 per
1041 1862 1106 1890 illud
1121 1861 1283 1894 viviﬁcaret,
1298 1860 1395 1895 suique
1413 1859 1622 1895 comparticipes
1650 1858 1723 1885 iace-

939 1915 991 1937 ret.
1005 1910 1040 1936 Αι
1056 1915 1143 1943 neque
1155 1907 1277 1939 decebat.
1295 1911 1324 1933 ut
1355 1906 1381 1933 id
1408 1905 1537 1939 temporis
1566 1904 1716 1938 perfectum

939 1963 1034 1992 panem
1050 1955 1076 1982 in
1090 1961 1185 1982 manus
1199 1953 1343 1986 acciperet,
1357 1959 1390 1979 eo
1411 1951 1482 1986 quod
1509 1951 1566 1977 dies
1590 1949 1627 1976 illi
1659 1956 1724 1984 azy—

939 2009 1044 2030 morum
1060 2004 1150 2028 essent
1167 2004 1196 2027 ut
1210 2006 1244 2026 ne
1258 1997 1361 2026 Judteis
1376 2004 1468 2024 ansam
1485 1996 1617 2031 przeberet
1641 2001 1722 2022 accu-

939 2048 1017 2076 sandi
1044 2046 1117 2073 velut
1138 2044 1262 2079 impium,
1292 2051 1324 2071 ac
1357 2042 1505 2070 solventem
1532 2041 1643 2075 legem:
1670 2039 1721 2067 hos

939 2099 1030 2122 autem
1042 2091 1145 2121 Christi
1164 2091 1257 2118 hostes
1271 2089 1397 2125 quisnam
1412 2087 1494 2123 cogit,
1511 2091 1541 2114 ut
1567 2086 1721 2114 Judzeomm

940 2147 1015 2168 more
1028 2145 1151 2174 azymum
1167 2136 1294 2167 offerant,
1310 2139 1338 2162 et.
1359 2141 1411 2162 non
1441 2132 1589 2168 perfectum
1611 2138 1721 2166 panem,

940 2184 1072 2220 siquidem
1097 2181 1246 2217 perfectum
1277 2179 1414 2207 hominem
1441 2178 1525 2205 Deum
1549 2176 1722 2203 incarnatum

940 2230 1109 2267 praedicanti
1138 2229 1222 2256 Plane
1249 2227 1320 2254 enim
1349 2225 1390 2253 uti
1416 2229 1540 2252 vetamur
1572 2231 1623 2250 una
1660 2230 1721 2249 cum

939 2276 1185 2311 Judatisjejunare,
1201 2281 1232 2301 ac
1245 2281 1306 2301 cum
1331 2273 1370 2300 eis
1392 2271 1530 2299 celebrare
1555 2269 1670 2300 Pascha,
1695 2272 1723 2295 et

939 2321 1109 2354 circumcidi,
1124 2328 1155 2347 ac
1173 2320 1293 2347 Sabbato
1309 2325 1417 2348 vacare.
1431 2322 1512 2351 atque
1524 2315 1635 2342 asuillis
1661 2321 1721 2341 car-

940 2371 1020 2398 nibus
1032 2368 1169 2396 abstinere
1184 2377 1191 2393 :
1205 2367 1242 2394 ita
1257 2367 1338 2395 etiam
1352 2364 1526 2402 prohibemur
1539 2368 1663 2397 azymum
1691 2361 1719 2387 in

940 2409 1076 2445 sacriﬁcio
1085 2415 1193 2443 oti'erre.

978 2547 1024 2574 lli.
1044 2546 1153 2581 Alioqui
1176 2549 1264 2573 autem
1281 2544 1338 2580 (27)
1354 2548 1463 2580 peracta
1480 2544 1531 2571 fuit
1557 2550 1635 2571 cmna
1661 2547 1723 2570 ante

943 2594 1042 2621 festum
1060 2592 1172 2620 Pascha;
1197 2600 1229 2619 ac
1246 2591 1420 2627 Azymorum,
1439 2591 1520 2625 inque
1541 2597 1572 2617 ea
1597 2589 1722 2617 Christus

942 2647 1002 2666 cum
1033 2639 1172 2673 discipulis
1199 2645 1295 2672 panem
1321 2637 1449 2670 comedit,
1472 2637 1512 2663 uti
1537 2635 1653 2663 Joannes
1677 2635 1722 2662 ille

941 2685 1095 2720 Theologus
1110 2684 1185 2712 dicit.
1207 2684 1291 2712 Judas
1308 2683 1364 2719 (28)
1391 2690 1498 2718 quoque
1515 2683 1636 2718 (accepto
1651 2689 1721 2716 pane

939 2729 1076 2767 egressus)
1108 2730 1186 2765 panis
1209 2728 1375 2756 adminiculo
1400 2727 1527 2763 prodidit.
1548 2726 1615 2754 Nam
1641 2727 1721 2753 tertia

974 2800 1030 2836 (27)
1044 2800 1082 2836 ita
1101 2800 1157 2827 fere
1172 2798 1357 2836 Grzeci,_»qnos
1373 2805 1466 2826 recens
1485 2801 1594 2825 secutus
1613 2799 1655 2825 est
1668 2795 1718 2823 Ροε

939 2834 1035 2867 tavitts,
1053 2835 1160 2862 Ration.
1177 2839 1254 2868 temp.
1271 2834 1316 2861 lib.
1333 2841 1368 2861 vr.

973 2866 1032 2906 (‘28)
1046 2870 1146 2899 Confer
1162 2866 1285 2905 Theoph.
1306 2868 1333 2897 in
1349 2875 1373 2897 c.
1394 2875 1455 2896 uvr
1471 2866 1566 2895 Matth.
