1875 3056
163 125 232 160 1179

161 186 266 214 decima
280 184 322 212 die
337 184 408 213 luna:
421 184 472 212 fuit
486 183 620 213 celebrata
631 191 721 218 omna,
735 185 761 213 id
779 190 833 218 est,
847 193 943 220 magna
962 187 980 216 Α

161 231 255 267 quinta
273 230 351 264 feria,
370 232 464 267 sicquc.
482 231 531 259 fuit
549 231 676 259 fermenti
693 239 759 259 usus
775 241 782 260 :
801 233 844 259 die
856 238 946 260 autem

161 283 259 312 quarta
284 278 388 305 decima
415 285 447 306 ac
464 279 558 313 quinta
583 279 688 306 decima
716 278 826 307 fuerunt
842 279 946 307 Pascha

162 331 194 351 ac
210 324 269 351 dies
295 324 472 358 Azymorum.
489 331 492 334 '

197 369 243 398 ιν,
264 369 331 402 Quei
361 378 412 397 non
439 378 535 405 magna
562 371 621 399 hare
647 371 824 406 improbitas,
856 376 884 399 ut
913 380 946 400 ex

162 421 238 450 parte
251 416 360 448 quidem
375 424 389 444 a
405 415 506 443 ludatis
523 417 656 450 resiliaut,
675 417 701 444 in
719 418 780 445 aliis
801 423 890 445 autem
907 417 948 446 eis

163 461 314 488 uniantur?
331 461 556 497 Haudquaquam.
575 463 721 497 inquiunt:
742 463 789 490 sed
807 463 948 491 oﬂ‘erimus

162 507 189 533 in
209 506 343 533 sacriﬁcio
354 513 461 542 azyma,
474 508 702 542 quemadmodum
715 507 854 538 Christus.
865 509 945 544 Ergo,

162 552 295 586 siquidem
322 559 355 579 ea
381 552 480 585 solutn,
510 560 570 588 qua."
587 561 601 580 a
623 553 733 581 Christo
760 559 823 581 sunt
849 555 947 582 tradita

163 603 255 625 tenere
272 598 353 625 vultis
367 606 399 626 ac
415 598 537 632 credere,
567 607 656 634 opera:
679 601 794 635 pretium
819 601 946 636 deinceps

162 644 295 676 habeatis.
311 649 340 672 ut
354 644 572 672 Christianorum
600 646 729 680 mysteria
746 648 868 682 negetis;
886 656 947 683 qua:

162 690 265 723 omnia,
282 697 438 725 quanquam
457 696 520 718 tunc
541 691 670 719 Christus
694 699 742 726 per
757 693 876 727 seipsum
893 701 946 720 non

161 735 283 766 tradidit.
303 738 474 770 postmodum
497 741 586 765 tamen
598 745 648 772 per
670 739 806 772 apostolos
826 747 892 767 suos
915 747 947 768 ac

163 786 273 808 sant-tos
287 781 393 813 Patres.
406 783 466 817 ejus
485 783 576 818 utique
595 783 700 812 amatos
721 784 823 820 Spiritu
839 790 945 820 sancto,

162 826 306 857 ordinavit.
320 835 380 861 quat
401 828 510 862 quidem
521 828 646 864 quisquis
657 837 709 857 non
724 831 830 866 recipit.
845 831 943 858 nedum

163 873 273 899 minime
287 872 460 901 Christianus
473 881 525 908 est,
537 883 634 903 verum
651 875 733 903 etiam
752 877 825 904 omni
844 877 946 906 inﬁdeli

163 918 297 946 inﬁdelior
313 920 431 947 exsistit.

454 974 570 1004 CAPUT
592 976 656 1004 Vlll.

162 1017 202 1045 De
225 1018 259 1046 iis
288 1027 346 1053 qua
375 1019 626 1058 Chritlusﬂquidern
652 1032 703 1050 non
733 1024 864 1058 tradidit,
901 1026 948 1053 sed

410 1057 522 1090 apostoli
544 1065 575 1084 ac
595 1057 700 1086 Patres.

198 1097 221 1127 Ι.
248 1099 374 1128 Christus
403 1102 512 1136 triginta
537 1111 672 1134 annorum
699 1105 854 1139 baptizatus
880 1111 946 1135 est:

163 1151 230 1179 ergo
250 1153 298 1172 nec
314 1146 353 1173 illi
371 1155 534 1183 quemquam
565 1153 628 1177 ante
653 1158 755 1178 annum
779 1151 946 1180 tricesimum

164 1191 376 1226 baptizaverint.
401 1193 526 1222 Christus
544 1195 678 1231 baptismo
704 1199 844 1232 intinctus,
862 1200 949 1229 haud-

163 1243 299 1271 quaquam
319 1243 417 1266 unctus
425 1243 467 1267 est
482 1246 630 1275 unguento,
640 1243 753 1271 autoleo
762 1245 947 1281 sanctiﬁcata;

163 1288 213 1308 nec
230 1289 295 1316 ergo
310 1282 347 1309 illi
362 1289 500 1318 unguento
515 1291 712 1321 perungantur,
724 1294 771 1316 aut
782 1297 862 1317 sacro
876 1292 958 1326 oleo“

164 1326 289 1354 Christus
305 1336 358 1356 non
379 1328 430 1356 fuit
457 1331 610 1365 baptizatus
637 1333 664 1360 in
689 1334 813 1369 piscina,
846 1337 894 1365 sed
918 1338 947 1366 in

164 1372 264 1407 ﬂuvio;
280 1383 330 1402 nec
345 1383 409 1411 ergo
427 1377 465 1404 illi
483 1378 508 1404 itt
523 1378 625 1412 piscina
644 1380 853 1414 baptizaverint.
866 1384 948 1412 Citri-

167 1425 226 1447 stus
247 1420 410 1455 baptismum
428 1429 606 1458 suscepturus
626 1434 679 1454 non
696 1428 822 1456 recitavit
836 1433 948 1466 symbo-

163 1465 218 1492 lum
241 1467 300 1494 ﬁdei
325 1471 508 1496 trecentorum
534 1470 627 1498 decem
660 1477 687 1500 et
706 1479 768 1501 octo
791 1465 947 1505 sanctorum

162 1509 272 1565 ςιιιιιιιηι
291 1520 299 1545 ;
318 1520 368 1541 ucc
384 1513 476 1550 itaque
498 1515 534 1543 illi
549 1517 872 1550 proﬁteantur.Christus
887 1530 946 1551 cum
960 1533 983 1565 ε

164 1556 345 1591 baptizandus
360 1564 442 1591 esset,
465 1568 517 1588 nun
535 1566 577 1589 est
593 1570 742 1592 conversus
758 1565 792 1593 ad
813 1564 947 1595 Occiden-

165 1607 231 1635 tem.
251 1611 299 1631 nec
312 1612 344 1632 eo
360 1606 414 1633 situ
430 1607 631 1638 abrenuntiavit
652 1609 770 1645 diabolo,
783 1619 814 1639 ac
830 1620 890 1640 cum
907 1614 949 1641 iu—

163 1649 296 1683 suﬁlavit;
323 1658 411 1685 neque
439 1652 540 1679 iterum
571 1655 604 1680 ad
623 1654 760 1683 Orientem
790 1664 947 1692 conversus,

164 1695 254 1723 foedus
271 1703 332 1723 cttm
347 1696 401 1723 DI'O
413 1698 524 1733 pepigit,
538 1700 637 1734 quippe
650 1701 697 1735 qui
713 1702 769 1736 ipse
783 1703 854 1731 Deus
870 1711 949 1732 verus

162 1745 254 1768 esset:
270 1749 334 1776 ergo
351 1750 400 1769 nec
421 1743 471 1778 ipsi
498 1752 553 1771 rem
570 1744 715 1779 ejusmodi,
734 1748 766 1775 iis
781 1749 827 1783 qui
845 1749 879 1776 ab
893 1750 947 1778 illis

165 1788 347 1821 baptizantur,
368 1787 484 1817 faciant.
496 1790 623 1818 Christus
636 1798 778 1828 postquam
794 1796 949 1830 baptizatus

164 1832 234 1864 fult,
256 1840 427 1868 nequaquam
457 1843 535 1862 suum
565 1843 666 1870 corpus
699 1839 949 1876 sumpsit-“neque

163 1886 228 1913 ergo
239 1878 275 1906 illi
292 1886 412 1907 sumant.
429 1881 565 1914 ChriStus.
577 1889 592 1909 a
609 1883 753 1917 baptismo,
769 1887 949 1922 quadraginta

165 1926 297 1954 duntaxat
312 1927 371 1955 dies
382 1928 526 1962 jejuuavit,
544 1930 715 1965 obtinuitque
730 1931 773 1958 illa
792 1934 904 1962 traditio
915 1935 948 1962 ad

165 1979 250 2006 usque
269 1980 370 2000 annutn
396 1975 574 2002 centesimum
591 1976 768 2011 vicesimum;
788 1987 837 2006 nos
858 1984 949 2009 tamen

164 2018 360 2053 quinquaginta
378 2018 436 2046 dies
463 2019 573 2047 Pascha:
599 2020 912 2057 proxituosjejunamus.

199 2063 232 2090 ll.
253 2063 377 2091 Christus
393 2065 522 2092 sacriﬁcii
549 2066 628 2100 panis
645 2069 805 2102 mysterium
820 2077 873 2097 nott
893 2075 945 2098 tra-

163 2108 233 2136 didit
258 2110 284 2137 in
301 2110 434 2145 ecclesia.
450 2111 497 2138 sed
523 2112 549 2138 in
574 2113 714 2140 communi
740 2115 833 2147 domo,
861 2124 892 2144 ac
920 2117 947 2144 in

165 2162 257 2182 mensa
274 2157 411 2183 communi
434 2157 552 2190 sedens;
568 2165 633 2192 ergo
661 2166 711 2186 nec
737 2160 774 2186 illi
799 2161 876 2195 panis
899 2163 948 2190 ho-

695 130 821 160 lSAACI
841 129 1028 160 ARMENME
1048 130 1254 162 CATHOLICI

1731 129 1792 162 1180

997 185 1111 221 σελήνης
1129 186 1237 220 ἐγένετο
1253 187 1266 212 ὁ
1282 186 1401 218 δεῖπνος.
1419 187 1503 222 ἤγουν
1519 187 1551 223 τῇ
1571 185 1686 222 μεγάλῃ
1706 189 1738 218 ε’,
1752 187 1794 213 καὶ

997 231 1068 257 οὕτω
1083 231 1194 266 γέγονεν
1208 232 1224 266 ἡ
1241 231 1320 265 ἄρσις
1335 233 1383 267 τῆς
1398 231 1503 268 ζύμης’
1519 234 1566 260 καὶ
1580 234 1613 269 τῇ
1638 233 1671 259 ιδ’
1691 233 1742 259 καὶ
1766 236 1793 259 ιε’

998 276 1121 311 ἐγένοντο
1134 277 1165 304 τὸ
1180 277 1273 313 Πάσχα
1288 278 1336 304 καὶ
1348 278 1382 304 τὰ
1396 277 1517 314 ’Δζυμα.

1033 367 1070 396 Δ’.
1091 368 1154 400 Πῶς
1167 368 1258 395 οὐκέτι
1274 368 1442 403 παρανομία,
1456 369 1484 395 ἐν
1498 368 1578 404 μέρει
1593 368 1648 404 μὲν
1660 368 1693 401 ἐξ
1708 368 1795 394 αὐτῶν

997 414 1177 450 ἀποφεύγειν,
1196 415 1224 441 ὲν
1250 415 1340 446 ἄλλοις
1355 415 1383 442 δὲ
1401 415 1535 450 ἑνωθῆναι
1549 416 1606 447 τοῖς
1626 414 1791 446 Ἰουδαίοις;

998 462 1076 496 Οὐχὶ,
1086 461 1177 497 φασιν·
1191 461 1282 496 ἄζυμα
1289 462 1318 488 δὲ
1331 461 1521 496 προσφέρομεν
1532 462 1573 493 είς
1585 461 1688 488 θυσίαν
1699 461 1794 496 ὥσπερ

996 507 1011 533 ὁ
1024 506 1150 541 Χριστός.
1162 506 1279 538 Οὐκοῦν,
1292 507 1316 533 εί
1327 507 1363 533 τὰ
1375 506 1577 542 παραδιδόμενα
1590 506 1647 533 ὑπὸ
1661 505 1794 541 Χριστοῦ,

997 552 1084 580 ταῦτα
1101 552 1169 588 μόνα
1182 554 1292 589 κρατεῖν
1308 553 1354 579 καὶ
1370 552 1507 580 πιστεύειν
1524 552 1659 588 βούλεσθε
1670 573 1678 585 ,
1695 553 1796 587 πρέπι

997 598 1090 625 λοιπὸν
1102 600 1176 634 ἡμᾶς
1188 599 1328 634 ἀρνεῖσθαι
1339 599 1372 625 τὰ
1385 598 1439 625 τῶν
1449 599 1625 633 Χριστιανῶν
1641 599 1795 633 μυστήρια,

998 645 1070 680 ἅπερ
1085 645 1191 682 ἅπαντα
1206 646 1230 672 εί
1246 646 1293 673 καὶ
1307 647 1320 672 ὸ
1334 646 1451 682 Χριστὸς
1463 646 1524 672 τότε
1539 645 1589 680 μὲν
1602 645 1753 672 δι’ὲαυτοῦ
1767 646 1796 672 οὐ

997 691 1155 726 παρέδωκεν
1169 711 1177 723 ,
1195 691 1253 718 ἀλλ’
1266 691 1380 726 ὕστερον
1397 691 1440 718 διὰ
1457 691 1511 718 τῶν
1528 691 1612 718 αὐτοῦ
1633 692 1796 718 ἀποστόλων

997 736 1043 763 καὶ
1058 736 1112 762 τῶν
1130 736 1214 771 άγίων
1230 736 1368 771 Πατέρων,
1385 737 1429 764 διὰ
1444 736 1490 763 τοῦ
1507 737 1585 771 ἁγίου
1604 736 1694 764 αὐτοῦ
1714 737 1798 763 ι]νεὺ-

999 790 1084 818 ματος
1100 782 1210 815 πάντως
1226 783 1367 816 διετάξατο
1377 791 1383 798 ·
1403 783 1475 819 ἅπερ
1491 784 1504 810 ό
1523 783 1560 820 μὴ
1578 783 1751 818 δεχόμενος,
1769 784 1797 810 οὗ

999 827 1078 862 μόνον
1095 828 1257 864 Χριστιανὸς
1273 829 1324 855 οὐκ
1341 828 1429 863 ἔστιν,
1447 829 1515 856 ἀλλὰ
1532 829 1581 856 καὶ
1597 829 1718 856 πάντων
1735 829 1797 856 άπε-

998 883 1068 901 στων
1083 875 1272 911 ἀπιστότερος.

1262 974 1459 1002 ΚΕΦΔΛΑΙΟΝ
1479 976 1519 1002 H'.

998 1022 1066 1055 Περὶ
1088 1017 1133 1048 ὧν
1153 1021 1170 1047 ὁ
1191 1021 1317 1054 Χριστὸς
1336 1020 1395 1055 μὲν
1414 1022 1450 1049 οὐ
1471 1022 1663 1056 παρέδωκεν,
1684 1023 1757 1050 ἀλλ’
1771 1025 1796 1050 εί

1176 1056 1342 1083 ἀπόστολοι
1360 1056 1410 1082 καὶ
1427 1058 1454 1083 al
1470 1057 1612 1091 Πατέρες.

1032 1103 1071 1128 A'.
1095 1101 1125 1128 '0
1140 1101 1257 1137 Χριστὸς
1272 1102 1487 1137 τριακονταετὴς
1503 1103 1662 1138 ἐϐαπτίσθη
1673 1112 1680 1119 ⁸
1697 1103 1796 1131 οὐκοῦν

998 1147 1075 1175 αὐτοὶ
1096 1147 1147 1180 ἕως
1168 1147 1316 1183 τριάκοντα
1336 1147 1406 1174 ἐτῶν
1430 1148 1532 1184 μηδένα
1552 1149 1746 1184 βαπτίσωσιν.
1767 1150 1795 1177 '0

997 1194 1117 1230 Χριστὸς
1133 1193 1294 1228 βαπτισθεὶς
1311 1192 1397 1229 μύρον
1419 1193 1470 1220 οὐκ
1483 1194 1608 1229 ὲχρισθη,
1624 1194 1692 1221 οὕτε
1718 1196 1796 1230 ἡγια-

998 1242 1097 1276 σμένον
1112 1239 1216 1267 ἐλαιον·
1235 1239 1333 1267 οὐκοῦν
1351 1240 1412 1276 μηδ’
1424 1239 1501 1268 αὐτοὶ
1509 1240 1648 1276 χρισθῶσι
1667 1241 1760 1277 μύρῳ,
1778 1242 1793 1276 ἥ

998 1287 1069 1323 ἁγίῳ
1086 1286 1177 1323 ἐλαίῳ.
1192 1287 1221 1314 '0
1239 1286 1357 1322 Χριστὸς
1371 1287 1400 1314 ἐν
1414 1287 1594 1323 κολυμϐήθρᾳ
1610 1288 1667 1314 οὐκ
1684 1288 1796 1315 ἔδαπτε-

999 1333 1068 1368 σθη,
1095 1332 1153 1360 ἀλλ’
1168 1334 1197 1360 ὲν
1221 1333 1337 1369 ποταμῷ
1352 1341 1359 1348 ·
1384 1332 1445 1368 μηδ’
1459 1333 1536 1360 αὐτοὶ
1557 1335 1588 1360 ὲν
1608 1333 1796 1370 κολυμϐήθρα

999 1379 1177 1416 βαπτίσωσιν.
1196 1379 1226 1406 Ὀ
1249 1379 1366 1415 Χριστὸς
1387 1380 1417 1406 τὺ
1442 1379 1578 1414 σύμϐολον
1599 1381 1654 1415 τῆς
1677 1381 1797 1412 πίστεως

998 1426 1051 1453 τῶν
1071 1425 1124 1462 τιη¹
1147 1426 1232 1460 ἁγίων
1259 1425 1389 1461 Πατέρων
1413 1425 1463 1452 οὐκ
1482 1422 1544 1452 εἷπε
1565 1426 1676 1460 μέλλων
1699 1427 1796 1462 βαπτιο

1000 1472 1115 1507 σθῆναι·
1136 1471 1197 1507 μηδ’
1213 1471 1290 1499 αὐτοὶ
1307 1471 1522 1506 ὁμολογήσωσιν.
1540 1472 1570 1498 '0
1587 1473 1714 1507 Χριστὸς
1733 1473 1796 1507 μέλι

998 1519 1052 1546 λων
1073 1519 1253 1555 βαπτισθῆναι
1274 1519 1341 1552 πρὸς
1361 1518 1466 1554 δυσμὰς
1487 1519 1538 1546 οὐκ
1558 1519 1734 1555 ἀπεστράφη
1753 1522 1796 1548 καὶ

998 1564 1154 1597 ἀπετάξατο
1171 1564 1211 1599 τῷ
1232 1563 1368 1599 διαϐόλῳ,
1389 1563 1438 1590 καὶ
1459 1564 1592 1598 ἐνέφυσεν
1611 1565 1700 1591 αὐτόν
1715 1573 1723 1580 ·
1734 1565 1795 1592 οὕτε

998 1610 1080 1637 πάλιν
1101 1610 1170 1645 πρὸς
1190 1610 1324 1641 ἀνατολὰς
1344 1609 1469 1645 ἐστράφη
1493 1609 1542 1636 καὶ
1566 1611 1741 1644 συνετάξατο
1760 1612 1797 1646 τῷ

998 1656 1075 1691 Θεῷ⁸
1094 1656 1176 1687 αὐτὸς
1194 1655 1249 1691 γὰρ
1266 1653 1300 1691 ἦν
1317 1656 1331 1682 ὁ
1352 1655 1480 1690 ἀληθινὸς
1501 1655 1585 1687 Θεός·
1607 1656 1715 1684 οὐκοῦν
1735 1657 1796 1692 μηδ*

998 1701 1076 1728 αὐτοὶ
1089 1701 1173 1729 ταὺτὸ
1187 1701 1251 1733 τοὺς
1267 1701 1313 1728 ὑπ’
1324 1701 1414 1727 αὐτῶν
1430 1700 1655 1736 βαπτιζομένους
1671 1703 1794 1737 ποιήσω-

1000 1755 1052 1775 σιν.
1072 1748 1100 1775 '0
1118 1748 1236 1784 Χριστὸς
1251 1747 1412 1782 βαπτισθεὶς
1430 1746 1478 1773 τοῦ
1497 1747 1598 1775 ἑαυτοῦ
1617 1748 1750 1784 σώματος
1766 1749 1793 1775 οὗ

1000 1792 1141 1828 μετέλαϐε,
1159 1792 1221 1828 μηδ’
1233 1793 1308 1819 αὐτοὶ
1324 1791 1526 1827 μεταλάϐωσιν.
1540 1793 1572 1820 '0
1588 1794 1714 1828 Χριστὸς
1731 1795 1796 1825 μετά

998 1839 1046 1866 τοῦ
1069 1839 1251 1874 βαπτισθῆναι
1271 1839 1434 1874 ὲνήστευσεν
1455 1839 1562 1874 ἡμέρας
1583 1841 1794 1874 τεσσαράκοντα

999 1885 1047 1911 καὶ
1062 1885 1149 1919 μόνον,
1164 1885 1210 1912 καὶ
1225 1885 1320 1919 μέχρις
1340 1883 1381 1920 ρκ’
1399 1884 1470 1911 ἑτῶν
1482 1885 1498 1919 ἠ
1512 1885 1626 1920 τοιαύτη
1646 1887 1795 1921 παράδοσις

1000 1930 1172 1966 κεκράτηκεν
1181 1937 1189 1946 ο
1202 1928 1349 1965 άλλέέὴμεῖς
1360 1928 1445 1963 ἐγγὺς
1456 1927 1510 1955 τοῦ
1520 1929 1627 1964 Πάσχα,
1642 1930 1754 1965 ἡμέρας
1765 1929 1795 1957 ν’.

1039 2065 1069 2091 '0
1084 2063 1202 2099 Χριστὸς
1215 2064 1246 2091 τὸ
1263 2064 1412 2100 μυστήριον
1425 2065 1475 2099 τῆς
1491 2064 1588 2096 θυσίας
1602 2063 1652 2091 τοῦ
1668 2065 1755 2100 ἄρτου
1768 2064 1795 2090 ἐν

999 2110 1132 2145 ἐκκλησίᾳ.
1157 2110 1187 2136 οὐ
1212 2109 1382 2145 παρέδωκεν,
1406 2110 1464 2136 ἀλλ’
1479 2111 1507 2136 ὲν
1528 2110 1596 2145 οἴκῳ
1622 2111 1727 2144 κοινῷ,
1751 2111 1795 2138 καὶ

999 2158 1124 2194 τραπέζᾳ
1145 2159 1222 2193 κοινῇ
1247 2157 1447 2192 καθεζόμενος”
1469 2157 1567 2184 οὐκοῦν
1590 2158 1748 2192 μηδάὖταὶ
1769 2159 1796 2184 ὲν

163 2201 244 2228 etiam
273 2202 299 2228 in
326 2202 448 2230 ecclesiis
482 2203 709 2232 sacriﬁt-averittt.
733 2205 858 2234 Christus
888 2215 936 2242 pos

1036 2204 1160 2240 κλησίαις
1183 2204 1383 2238 ἱερουργήσωσι
1400 2203 1450 2238 τὴν
1468 2203 1565 2230 θυσίαν
1581 2204 1629 2230 τοῦ
1651 2205 1750 2238 ἄρτου.
1768 2204 1794 2231 Ὁ

163 2254 283 2279 ecetram,
300 2256 332 2275 ac
349 2248 394 2275 ubi
415 2249 543 2283 discipuli
561 2251 674 2277 saturati
698 2256 800 2285 essent,
820 2254 882 2279 “tum
902 2254 950 2281 de-

166 2301 238 2319 tnum
263 2293 304 2320 sui
330 2294 454 2329 corporis
487 2297 680 2324 communione
707 2304 755 2324 eos
783 2298 948 2333 impertivit;

164 2346 229 2374 ergo
242 2344 268 2366 et
284 2340 333 2373 ipsi
350 2342 424 2375 prius
441 2342 585 2369 comedant
600 2351 697 2371 carnes
719 2351 752 2371 ac
778 2349 946 2379 saturentur,

165 2389 275 2418 tumque
307 2387 497 2422 mysteriorum
536 2389 752 2417 communionem
787 2391 948 2425 percipiant.

164 2431 298 2463 Christus,
325 2440 478 2467 quanquam
497 2433 547 2461 fuit
572 2443 620 2469 pro
642 2435 720 2463 nobis
740 2436 837 2464 alIixus
861 2437 948 2472 cruci,

167 2478 237 2505 haud
255 2483 343 2506 tamen
368 2486 478 2507 crucem
503 2480 610 2508 adorari
633 2482 793 2516 constituit;
811 2490 877 2517 ergo
897 2491 948 2512 nec

166 2524 219 2558 ipsi
236 2531 344 2552 crucem
372 2526 497 2552 adorent.
520 2526 592 2554 Crux
621 2527 712 2562 lignea
728 2534 788 2555 erat
804 2538 812 2556 ι
827 2537 893 2564 ergo
910 2529 948 2557 illi

166 2577 217 2596 nec
231 2578 353 2602 auream.
365 2578 414 2599 nec
425 2577 592 2608 argenteam.
602 2573 764 2605 terreamve.
776 2579 822 2601 aut
837 2582 949 2609 aeream,

166 2616 208 2643 vel
235 2611 368 2650 lapideam
394 2625 504 2645 crucem
530 2620 713 2648 adoraveriut.
739 2619 864 2648 Christus
895 2628 949 2648 non

114 2700 117 2703 .
166 2662 252 2689 induit
268 2664 500 2698 superhumerale,
518 2672 568 2692 nec
594 2666 726 2698 orarium,
749 2673 800 2693 nec
825 2666 951 2701 manipu-

166 2708 233 2740 lttm,
250 2716 301 2736 nec
327 2710 460 2743 casulam,
477 2718 566 2745 neque
591 2712 717 2747 penulam
730 2720 738 2739 :
751 2719 816 2747 ergo
835 2720 884 2740 nec
900 2712 950 2748 ipsi

166 2761 198 2781 ea
215 2755 339 2785 induant.
361 2756 488 2785 Christus
513 2757 601 2786 Missas
626 2765 733 2794 preces,
762 2766 795 2787 ac
809 2766 950 2788 sacrorum

205 2843 261 2880 (29)
275 2845 356 2874 Deest
373 2846 538 2882 μετέδωκεν.

1001 2251 1118 2286 Χριστὸς
1142 2251 1211 2286 μετὰ
1233 2250 1263 2277 τδ
1285 2250 1429 2286 δειπνῆσαι
1452 2250 1500 2276 καὶ
1521 2249 1713 2285 χορτασθῆναι
1734 2253 1794 2282 τοὺς

1003 2296 1129 2332 μαθητὰς
1142 2296 1237 2327 αὐτοῦ.
1251 2296 1312 2323 τότε
1325 2296 1372 2322 τοῦ
1389 2296 1453 2323 ἰδίου
1466 2297 1592 2331 σώματος
1607 2296 1665 2332 (29)
1676 2305 1683 2311 υ
1699 2297 1796 2323 οὐκοῦν

1001 2343 1048 2370 καὶ
1064 2343 1141 2370 αὐτοὶ
1158 2342 1265 2378 πρῶτον
1283 2342 1449 2377 φαγέτωσαν
1465 2343 1552 2378 κρέα,
1571 2344 1617 2369 καὶ
1636 2343 1794 2378 χορτασθή-

1002 2397 1110 2421 τωσαν,
1128 2389 1177 2415 καὶ
1194 2389 1255 2415 τότε
1277 2388 1485 2424 κοινωνήτωσαν
1500 2388 1555 2414 τῶν
1575 2389 1750 2423 μυστηρίων.
1768 2389 1795 2416 ’0

1001 2433 1133 2469 Χριστὸς,
1149 2435 1172 2460 εἰ
1188 2434 1236 2461 καὶ⁵
1251 2434 1322 2469 ὑπὲρ
1337 2434 1417 2469 ἡμῶν
1431 2433 1590 2469 ἐσταυρώθη
1603 2453 1610 2466 ,
1627 2434 1700 2461 ἀλλὰ
1716 2443 1796 2461 σταυ-

1003 2481 1050 2517 ρδν
1072 2481 1283 2516 προσκυνεῖσθαι
1304 2481 1334 2507 οὐ
1358 2480 1517 2513 διετάξατο,
1541 2479 1580 2512 ὡς
1604 2483 1747 2516 μαρτυρεῖ
1766 2481 1794 2508 τὸ

1002 2528 1168 2563 Εὑαγγέλιον
1182 2536 1189 2543 ·
1207 2527 1305 2554 οὐκοῦν
1323 2526 1384 2562 μηδ’
1398 2527 1475 2554 αὐτοὶ
1498 2527 1615 2562 σταυρὸν
1634 2528 1793 2562 προσκυνή-

1000 2583 1102 2601 τωσαν.
1122 2574 1153 2601 '0
1171 2572 1286 2608 σταυρὸς
1302 2572 1383 2606 ξύλου
1396 2569 1431 2608 ἦν
1441 2579 1448 2587 ·
1463 2572 1561 2599 οὐκοῦν
1578 2574 1648 2608 μήτε
1663 2574 1792 2608 χρυσοῦν,

1002 2619 1070 2654 μήτε
1083 2617 1232 2654 ἀργυροῦν,
1248 2618 1317 2653 μήτε
1331 2617 1467 2653 σιδηροῦν,
1481 2618 1498 2653 ἢ
1512 2617 1644 2653 χαλκοῦν,
1657 2619 1674 2654 ἢ
1691 2618 1791 2646 λίθινον

1002 2665 1118 2700 σταυρὸν
1125 2664 1375 2701 προσκυνείτωσαν.
1390 2664 1418 2691 '0
1431 2664 1549 2700 Χριστὸς
1561 2664 1736 2700 ὼμοφόριον,
1750 2666 1792 2692 καὶ

1002 2711 1207 2747 ἑπιτραχήλιον,
1220 2711 1267 2738 καὶ
1281 2711 1430 2747 στιχάριον,
1444 2711 1493 2738 καὶ
1505 2710 1651 2746 φελὼνιον,
1666 2714 1716 2740 καὶ
1731 2722 1792 2748 μανι

1001 2758 1072 2791 δίον,
1090 2757 1121 2784 οὐ
1140 2756 1317 2794 περιεϐάλετο
1328 2765 1335 2772 ·
1355 2757 1416 2793 μηδ’
1429 2756 1508 2785 αὐτοὶ
1523 2757 1613 2784 ταῦτα
1631 2758 1789 2794 περιϐαλλέ-
