1875 3056
60 122 132 156 118i

593 124 735 155 ORATIO
752 124 767 155 Ι
786 124 937 156 CONTRA
957 126 1163 159 ARMENIOS.

1620 126 1689 161 1182

59 181 180 208 σθωσαν.
195 180 226 208 '0
242 180 361 217 Χριστὸς
375 179 425 212 τὰς
441 179 527 215 εὐχάς
537 179 587 214 τῆς
604 179 788 216 λειτουργίας,
805 180 843 207 κα¹

928 181 1155 216 heophauiorum,
1177 188 1209 209 ac
1224 181 1340 217 reliqua
1350 188 1463 215 'omnes.
1488 184 1562 214 omni
1579 187 1688 221 negotio

57 228 116 255 τῶν
128 228 214 263 ἁγίων
227 228 400 262 Θεοφανίων,
415 228 464 255 καὶ
476 227 525 259 τὰς
539 227 637 259 λοιπὰς
651 228 741 260 πάσας
756 227 850 263 εὐχὰς,

57 274 161 306 παντὸς
181 273 346 309 πράγματος
366 274 412 300 καὶ
433 273 544 309 ἀπάσης
565 275 641 309 ὥρας
662 274 713 302 οὐκ
736 274 849 310 εἴρηκε·

59 317 125 351 μηδ’
137 318 214 344 αὐτοὶ
230 318 333 350 ταύτας
349 318 514 353 λεγέτωσαν,
529 319 546 355 ἢ
566 319 618 346 ὑπὸ
633 319 689 346 τῶν
704 319 790 354 άγίων
807 320 853 355 εύ-

58 362 117 398 χῶν
131 362 355 397 ἀγιασθήτωσαν.

102 409 132 434 '0
152 409 271 444 Χριστὸς
290 409 479 445 πατριάρχας,
499 411 548 436 καὶ
569 410 786 445 μητροπολίτας,
804 409 853 438 καὶ
889 422 893 426 ’

59 454 244 486 ἐπισκόπους,
263 454 311 482 καὶ
334 455 552 491 πρεσὸυτέρους,
570 456 618 483 καὶ
636 456 787 488 διακόνους,
806 457 852 484 καὶ.

61 499 206 533 μοναχοὺς.
221 499 273 526 οὐκ
286 500 510 535 ὲχειροτόνησεντ
520 501 584 529 οὕτε
599 501 649 533 τὰς
663 502 746 537 εὐχὰς
761 502 852 529 αὐτῶν

59 543 168 577 εἴρηκε.
183 544 341 579 Μηδάὺτοὶ
356 546 627 581 χειροτονείσθωσαν,
641 547 657 582 ἣ
673 546 726 574 ὑπὸ
739 546 792 574 τῶν
808 548 853 574 εὐ-

59 588 117 622 χῶν
134 588 371 624 εὐλογηθήτωσαν.
392 591 421 617 ’0
443 592 562 627 Χριστὸς
582 592 730 627 ἐκκλησίας
749 593 852 620 οἰκοδο-

61 635 188 669 μεῖσθαι,
214 637 263 663 καὶ
287 637 368 671 ἁγίας
391 637 534 673 τραπέζας
558 640 778 673 κατασκευάσαι,
806 641 854 668 καὶ

60 679 141 715 μύρῳ
158 681 321 716 χρισθῆναι,
339 682 386 709 καὶ
406 683 519 719 μυρίαις
536 685 629 719 εὐχαῖς
645 685 806 719 ἀγιάζεσθαι
821 686 852 712 οὐ

57 724 212 759 διετάξατο,
235 727 296 754 οὐδὲ
319 728 471 764 πεποίηκε·
498 730 648 764 μηδάὺτοὶ
670 731 750 757 τοῦτο
774 733 853 767 ποιή-

59 779 158 804 σαντες
174 771 243 808 (50).
258 772 288 800 '0
304 774 423 809 Χριστὸς
435 776 552 811 τετράδα
568 776 615 803 καὶ
631 777 809 812 παρασκευὴν
821 778 852 804 οὐ

57 818 246 852 νενήστευιιε·
275 820 337 855 μηδ’
354 820 434 847 αὐτοὶ
459 821 655 856 νηστεύσωσιν.
682 822 710 850 Ὀ
724 815 854 859 ’Χριστὸς

60 864 131 890 κατὰ
146 864 196 896 τὰς
211 865 343 898 ἀνατολὰς
359 866 561 902 προσεύχεσθαι
576 868 607 895 ού
622 867 773 901 διετάξατο,
789 869 851 904 μηδ’

59 911 139 937 αὐτοὶ
162 912 232 939 κατὰ
250 912 301 944 τὰς
322 913 458 946 ἀνατολὰς
480 914 736 950 προσευχέσθωσαν.
758 916 852 943 Ταῦτα

60 955 115 990 γὰρ
132 957 220 984 πάντα
239 959 286 985 καὶ
303 958 416 987 πλείονα
433 959 537 987 τούτων
553 961 728 996 Χριστιανῶν
746 971 851 997 μυστη-

62 1002 128 1036 ρίων
143 1003 208 1030 ὅντα
218 1023 226 1036 ,
240 1004 274 1031 δι’
285 1001 323 1031 ὤν
336 1005 417 1040 ἡμεῖς
431 1006 604 1042 ἀγιαζόμεθα
613 1026 620 1039 ,
637 1007 685 1034 καὶ
700 1008 791 1034 πιστοὶ
805 1017 852 1042 γε-

60 1049 174 1084 νόμεθα,
189 1050 203 1077 ὁ
220 1050 337 1085 Χριστὸς
354 1051 389 1078 δι’
401 1052 497 1079 ἑαυτοῦ
514 1053 545 1079 οὐ
563 1053 734 1089 παρέδωκεν,
750 1054 822 1090 άπερ
837 1054 851 1081 6

62 1094 230 1129 ἀρνούμενος
242 1096 289 1122 καὶ
303 1095 408 1123 ἀθετῶν
420 1098 467 1124 καὶ
483 1098 521 1133 μὴ
535 1099 772 1134 παραδεχόμενος,
785 1100 852 1136 Χρι-

63 1141 171 1172 στιανὸς
189 1141 331 1170 καλεῖσθαι
347 1142 378 1169 οὐ
391 1142 516 1172 δύναται.
535 1144 604 1172 Ἀλλ’
618 1146 714 1180 ἡμεῖς,
731 1145 803 1182 ἄπερ
819 1147 851 1173 ὲκ

61 1185 115 1212 τῶν
127 1186 212 1213 αὐτοῦ
224 1188 392 1222 ἀποστόλων,
406 1189 452 1217 καὶ
469 1190 612 1224 παναγίων
624 1191 754 1227 Πατέρων
766 1199 851 1227 παρε-

61 1231 191 1267 λάϐομεν,
206 1233 262 1269 (51)
279 1233 309 1266 ἐξ
323 1231 360 1262 ὦν
376 1234 494 1271 ὑπάρχει
506 1237 554 1264 καὶ
569 1237 602 1263 ὲκ
616 1237 671 1273 (32)
687 1238 733 1264 τοῦ
746 1237 850 1266 τελείου

62 1277 144 1312 ἄρτου
160 1279 321 1314 παράδοσις,
336 1281 383 1308 καὶ
399 1282 415 1316 ἠ
429 1281 473 1308 διὰ
484 1282 534 1317 τῆς
548 1282 649 1317 λόγχης
664 1283 850 1319 ἀποκαθαίρε-

63 1331 116 1356 σις,
131 1325 179 1351 καὶ
195 1326 211 1360 ἠ
227 1325 281 1352 τῶν
296 1326 383 1361 ἁγίων
398 1327 509 1354 εἰκόνων
525 1328 637 1364 ποίησίς
652 1337 682 1355 τε
699 1329 747 1356 καὶ
764 1337 850 1363 προσ-

62 1368 186 1405 κύνησις.
212 1371 250 1398 Οὐ
278 1372 332 1407 γὰρ
360 1373 563 1409 ἐναντιούμενοι
586 1374 626 1410 τῷ
651 1374 778 1410 Χριστῷ,
802 1375 851 1402 καὶ

61 1416 138 1452 αὐτῷ
151 1417 309 1453 μαχόμενοι,
324 1419 372 1446 καὶ
384 1420 419 1446 τὰ
432 1420 535 1446 ἐκείνου
545 1419 719 1452 ὲλαττοῦντες
727 1421 774 1448 καὶ
788 1427 851 1456 σμι-

61 1463 223 1499 κρύνοντες,
237 1465 324 1492 ταῦτα
339 1465 428 1493 πάντα
442 1466 466 1492 oi
482 1467 643 1501 ἀπόστολοι,
659 1468 706 1494 καὶ
721 1469 745 1494 oi
761 1468 850 1495 Πατέ-

61 1517 120 1559 ρες¹
135 1510 164 1536 ὲν
196 1510 346 1559 "Efﬂuet;
375 1511 539 1547 παρέδωκαν
558 1521 565 1529 ·
594 1512 662 1540 άλλά
690 1514 791 1548 μᾶλλον
814 1514 886 1559 τὰς

58 1555 167 1582 ἑκείνου
182 1556 353 1590 αὐξάνοντες,
366 1559 414 1585 καὶ
429 1559 638 1593 μεγαλύνοντες,
650 1560 698 1587 καὶ
710 1560 850 1595 ὑψοῦντες,

58 1601 110 1629 καὶ
126 1602 260 1637 τιμῶντες
271 1623 278 1636 ,
296 1604 343 1630 καὶ
362 1604 519 1636 δοξάζοντες
541 1605 698 1641 μυστήρια,
715 1607 763 1634 καὶ
784 1607 852 1641 πρὸς

56 1648 140 1681 δόξαν
157 1649 239 1676 αὑτοῦ
260 1650 307 1677 καὶ
329 1650 541 1685 μεγαλωσύνην,
561 1651 608 1678 καὶ
619 1652 698 1686 ἡμῶν
715 1653 852 1688 σωτηρίαν

57 1696 109 1722 καὶ
131 1697 272 1731 καύχημα,
293 1696 379 1724 ταῦτα
397 1697 590 1733 διαταξάμενοι
611 1698 660 1726 καὶ
680 1700 851 1726 κατασκευά-

56 1749 169 1772 σαντες.
185 1741 291 1768 Οῠχοῦν
306 1742 330 1769 οι
347 1742 394 1769 τοῦ
412 1742 516 1770 τελείου
533 1743 618 1779 ἄρτου
635 1744 685 1779 τὴν
701 1745 851 1781 παράδοσιν

56 1786 199 1819 ἁθετοῦσι,
212 1789 259 1814 καὶ
271 1788 301 1814 οὐ
315 1788 526 1824 παραδέχονται,
538 1790 586 1817 καὶ
599 1789 704 1825 ἄζυμον
716 1790 799 1825 ἄρτον
811 1791 851 1822 εἰς

56 1833 156 1860 θυσίαν
171 1834 334 1868 προσφέρειν
348 1834 499 1869 βούλονται,
513 1834 689 1870 ἀθετήτωσαν
708 1835 755 1862 καὶ
767 1836 850 1872 ἀρνή-

55 1888 152 1907 τωσαν
168 1880 255 1907 ταῦτα
274 1881 363 1908 πάντα
379 1880 453 1916 ἅπερ
468 1882 636 1917 εἰρήκαμεν,
655 1882 733 1910 ἄτινα
751 1883 765 1910 ό
781 1883 850 1918 Χρι-

57 1925 123 1956 στὸς
139 1925 188 1960 μὲν
201 1925 234 1952 δι’
246 1925 344 1952 ἑαυτοῦ
359 1926 389 1952 οὐ
405 1926 580 1962 παρέδωκεν,
596 1927 655 1954 ἀλλ’
665 1928 690 1954 oi
706 1928 850 1956 ἀπόστολοι

54 1975 107 1999 καὶ
121 1973 146 1999 οι
161 1973 234 2008 ἅγιοι
249 1973 381 2009 Πατέρες.
395 1975 426 2002 Et
438 1975 494 2009 γὰρ
509 1975 587 2002 αὐτοὶ
601 1975 652 2010 μὲν
667 1975 706 2007 είς
720 1975 770 2011 τὴν
785 1976 849 2003 ἑαυ-

54 2019 116 2046 τῶν
130 2019 277 2055 διατροφὴν
291 2020 390 2047 ἐσθίειν
405 2020 509 2056 ἄζυμον
523 2022 553 2048 οὺ
570 2021 774 2056 καταδέχονται,
790 2022 850 2054 πῶς

54 2065 142 2092 τοῦτο
159 2066 190 2092 τὺ
210 2065 368 2101 βδελυκτδν,
388 2067 467 2102 σῶμα
487 2067 554 2095 Θεοῦ
575 2068 780 2095 κατασκευάσαι
799 2069 849 2094 οὐκ

53 2111 251 2148 αἱσχύνονται;
268 2113 351 2139 Οὐδὲν
365 2113 419 2147 γὰρ
434 2113 528 2148 ἕτερον
542 2113 567 2140 οἱ
583 2113 707 2146 ἀσεϐεῖς,
725 2113 741 2149 ἢ
757 2114 788 2140 τὸ
803 2114 848 2140 τὲ-

53 2158 131 2185 λειον
144 2159 195 2193 τῆς
211 2159 330 2193 Χριστοῦ
348 2159 580 2195 ὲνανθρωπήσεως
596 2160 738 2196 ἀρνεῖσθαι
756 2159 849 2195 βουλό-

902 235 935 255 ac
948 227 1015 255 hora
1030 227 1244 263 frequentandas
1258 235 1310 255 non
1324 228 1392 256 dixit
1409 224 1493 265 :ergo
1509 238 1559 258 nee
1572 231 1623 266 ipsi
1639 240 1686 261 eas

902 274 1005 308 dicant,
1020 282 1071 304 nec
1085 275 1290 303 sanctiﬁcentur
1302 283 1351 311 per
1362 284 1455 305 sacras
1475 285 1580 313 preces.

939 407 984 436 ill.
1005 407 1133 436 Christus
1157 408 1345 443 patriarchas,
1369 413 1397 436 et
1426 411 1636 445 metropolitas,
1660 415 1688 439 et

903 454 1055 489 episcopos,
1069 455 1306 490 presbyterosque.
1324 462 1356 482 ac
1375 455 1514 488 diaconos,
1529 461 1612 492 alque
1628 465 1687 485 mo-
1699 468 1709 481 ο

904 501 1024 532 nachos,
1047 508 1100 528 non
1123 500 1277 535 ordinavit;
1308 508 1357 529 nec
1384 509 1496 536 preces,
1521 504 1621 538 quibus
1648 504 1686 532 illi

903 546 1084 580 ordinantur,
1110 547 1179 574 dixit
1197 555 1204 574 :
1222 554 1287 581 ergo
1305 554 1355 574 nec
1372 546 1424 582 ipsi
1441 547 1619 581 ordinentur,
1638 556 1689 577 nec

904 600 1014 627 precum
1044 592 1209 620 adminiculo
1244 593 1449 621 henedicantur.
1480 594 1606 622 Christus
1633 602 1688 622 non

903 640 1055 670 constituit,
1080 644 1109 666 ut
1139 639 1264 667 ecclesiae
1289 639 1508 674 adilicarcntur,
1537 647 1570 667 ac
1604 648 1688 668 sacrae

905 692 1005 713 mensae
1026 689 1259 716 construerenlur,
1279 689 1472 720 unguentoque
1491 685 1689 720 perfunderen-

905 735 965 764 tur,
993 735 1026 758 ac
1051 730 1186 757 sexcentis
1210 730 1411 764 precationibus
1434 730 1684 762 sanctiﬁcarentur,

905 784 954 805 nec
971 776 1119 811 quidquam
1145 774 1280 809 ejusmodi
1304 770 1461 811 usurpavit;
1491 783 1557 812 ergo
1573 783 1622 804 nec
1637 775 1688 811 ipsi

907 823 958 850 hoc
981 822 1094 850 faciant.
1107 821 1232 849 Christus
1257 820 1352 849 feriam
1380 827 1504 857 quartam
1530 829 1562 849 ac
1582 826 1688 850 sextam

906 877 957 897 non
970 868 1117 903 jejunavit;
1135 875 1222 903 neque
1235 868 1273 895 illi
1284 868 1479 904 ieiunaverint.
1491 868 1619 896 Christus
1635 875 1688 895 non

905 915 1047 944 constituit
1058 919 1086 942 ut
1098 915 1222 946 conversi
1235 915 1266 941 ad
1278 913 1417 941 Orientem
1431 921 1572 942 oraremus
1582 923 1590 948 ;
1601 921 1690 948 neque

905 963 954 998 ipsi
969 963 1002 990 ad
1017 962 1156 990 Orientem
1171 961 1294 988 conversi
1309 965 1397 988 orent.
1414 960 1477 988 llaec
1494 961 1566 988 enim
1585 961 1688 992 omnia,

905 1016 937 1036 ac
963 1009 1004 1036 his
1027 1008 1122 1044 plura,
1152 1009 1212 1035 cum
1246 1012 1367 1043 spectent
1406 1008 1438 1034 ad
1471 1007 1688 1035 Christianorum

906 1053 1045 1088 mysteria,
1074 1052 1174 1087 quibus
1198 1052 1248 1088 ipsi
1272 1053 1475 1080 sanctiﬁcamur
1496 1059 1528 1078 ac
1558 1050 1690 1078 eﬁicimur

905 1099 1008 1133 ﬁdeles,
1025 1100 1234 1135 haudquaquam
1247 1099 1306 1132 ipse
1321 1106 1368 1134 per
1379 1106 1409 1126 se
1420 1098 1544 1126 Christus
1562 1097 1688 1130 tradidit;

905 1152 965 1179 quae
990 1149 1081 1171 tamen
1107 1148 1135 1171 ut
1159 1143 1220 1178 quis
1242 1147 1322 1178 neget
1347 1150 1379 1171 ac
1400 1143 1521 1178 rejiciat,
1547 1146 1594 1169 aut
1624 1141 1690 1169 nolit

906 1191 1045 1226 recipere,
1071 1189 1246 1217 Christianus
1269 1189 1399 1224 appellari
1426 1196 1480 1216 non
1510 1192 1611 1223 potest.
1634 1186 1690 1215 Nos

904 1244 980 1268 vero,
993 1243 1054 1271 quae
1069 1235 1103 1262 ab
1118 1235 1177 1270 ejus
1203 1235 1334 1270 apostolis
1359 1241 1393 1263 ac
1408 1234 1589 1262 sanctissimis
1603 1233 1690 1260 Patri-

905 1277 1069 1311 bustradita
1095 1281 1264 1317 accepimus.
1283 1281 1340 1309 haec
1364 1286 1488 1308 tenemus
1516 1288 1524 1308 :
1548 1287 1563 1306 a
1590 1279 1690 1314 quibus

905 1327 1020 1363 perfecti
1035 1335 1144 1362 quoque
1163 1327 1241 1361 panis
1265 1327 1374 1354 traditio
1395 1326 1515 1359 exsistit,
1531 1326 1588 1362 (35)
1602 1333 1633 1353 ac
1646 1331 1690 1353 se-

904 1374 991 1402 cretio
1005 1381 1065 1406 quae
1081 1373 1110 1400 ﬁt
1133 1373 1253 1401 lanceola
1264 1391 1273 1405 ,
1289 1380 1339 1400 nec
1362 1380 1414 1399 non
1435 1379 1574 1399 sacrarunt
1591 1371 1688 1406 imagi-

904 1426 968 1446 num
993 1418 1102 1446 eﬁ'ectio
1131 1425 1163 1445 ac
1184 1417 1327 1445 adoratio:
1355 1424 1442 1451 neque
1468 1416 1540 1444 enim
1560 1421 1688 1451 tanquam

903 1464 1011 1492 Christo
1026 1464 1247 1496 adversarentur,
1262 1471 1295 1491 ac
1308 1464 1332 1491 ei
1351 1463 1443 1491 hostes
1457 1466 1560 1494 essent,
1575 1462 1689 1497 ejusque

903 1519 947 1539 res
972 1515 1145 1538 attenuarent
1179 1518 1212 1538 ac
1243 1510 1441 1544 deprimerent,
1476 1509 1603 1536 universa
1630 1509 1688 1536 haec

904 1547 1019 1593 apostoli
1046 1564 1078 1584 ac
1104 1556 1200 1583 Patres
1229 1555 1257 1583 in
1285 1555 1406 1583 Ecclesia
1429 1555 1614 1587 tradiderunt;
1639 1553 1688 1582 sed

903 1604 992 1639 potius
1019 1607 1150 1638 augentes
1170 1610 1202 1629 ac
1227 1602 1442 1638 magniﬁcantes,
1459 1601 1684 1635 extollentesque,

902 1657 935 1677 ac
952 1650 1131 1682 honorantes,
1144 1653 1170 1676 et
1185 1648 1368 1683 gloriﬁcantes
1384 1648 1532 1683 mysteria,
1555 1652 1635 1681 atque
1652 1646 1686 1673 ad

902 1695 961 1730 ejus
977 1695 1090 1731 gloriam
1107 1699 1134 1722 et
1158 1694 1402 1730 magniﬁcentiam,
1425 1698 1603 1728 nostramque
1616 1693 1689 1720 salu-

903 1745 956 1768 tem
979 1749 1011 1768 ac
1025 1741 1215 1776 gloriatiouem
1237 1747 1280 1767 res
1294 1739 1429 1774 ejusmodi
1445 1740 1642 1766 constituentes
1659 1744 1687 1766 et

902 1787 1088 1821 disponentes.
1114 1786 1165 1819 Qui
1188 1793 1253 1819 ergo
1276 1785 1390 1820 perfecti
1409 1786 1487 1820 panis
1514 1785 1689 1813 traditionem

902 1836 1043 1867 respuunt,
1054 1839 1102 1859 nec
1114 1832 1210 1859 volunt
1223 1833 1377 1863 admittere,
1391 1838 1544 1866 panemque
1559 1838 1689 1867 azytnum

902 1877 927 1905 in
951 1877 1087 1905 sacriﬁcio
1102 1877 1197 1904 volunt
1209 1876 1318 1909 oﬁerrc,
1335 1877 1416 1903 etiam
1433 1880 1563 1910 respuant
1581 1884 1612 1904 ac
1636 1883 1688 1903 ne-

900 1927 965 1958 gent
980 1922 1071 1950 omnia
1087 1922 1145 1949 haec
1169 1929 1184 1949 a
1208 1922 1285 1949 nobis
1303 1923 1384 1955 dicta,
1399 1929 1459 1956 quae
1476 1922 1585 1956 quidem
1603 1921 1689 1949 Chri-

900 1973 958 1996 stus
981 1969 1039 2003 ipse
1056 1968 1263 2002 haudquaquam
1279 1975 1327 2002 per
1351 1968 1469 2002 seipsum
1488 1967 1619 2000 tradidit,
1636 1967 1688 1994 sed»

901 2014 1018 2049 apostoli
1036 2022 1069 2042 ac
1086 2014 1175 2042 sancti
1189 2014 1307 2048 LPatres.
1325 2013 1391 2041 Nam
1417 2021 1477 2041 cum
1504 2014 1553 2049 ipsi
1576 2014 1689 2048 quidem

901 2060 928 2087 in
954 2068 1004 2088 suo
1031 2060 1171 2092 alimento,
1197 2060 1270 2087 vesci
1298 2067 1393 2095 azyma
1417 2060 1520 2094 nolint,
1542 2060 1604 2094 (ιιιοί
1630 2068 1689 2088 nom

899 2113 946 2133 eos
967 2106 1060 2141 pudet,
1084 2109 1115 2133 ut
1128 2113 1210 2140 quam
1236 2113 1293 2133 rem
1310 2107 1376 2133 adeo
1401 2105 1609 2134 abominabilem
1633 2107 1689 2134 has

901 2152 975 2186 bent,
1006 2153 1052 2181 Dei
1089 2153 1212 2180 ofﬁciant
1234 2152 1355 2187 corpus?
1383 2152 1456 2179 Nihil
1484 2153 1583 2187 quippe
1612 2152 1685 2179 aliud

55 2212 150 2239 μενοι,
169 2203 257 2232 ταῦτα
276 2205 365 2232 πάντα
387 2205 537 2242 φλυαροῦσι
557 2206 604 2233 καὶ
621 2206 843 2242 προφασίζονται,

925 2199 976 2234 npii
993 2198 1146 2232 molientes,
1165 2205 1245 2233 quam
1266 2204 1295 2225 ut
1309 2199 1410 2226 Christi
1423 2198 1571 2234 perfectam
1589 2199 1684 2225 huma-

53 2249 217 2284 ἀλλοτρίους
234 2251 281 2276 καὶ
300 2249 390 2283 ξένους
408 2251 454 2278 τοῦ
472 2250 608 2287 Χριστοῦ,
626 2251 674 2278 καὶ
689 2250 743 2278 τῶν
760 2249 846 2285 ἁγίων

54 2295 158 2328 αὐτοὺς
172 2296 349 2328 δεικνύοντες.

322 2351 520 2380 ΚΕΦᾹΛΑῘΟΝ
544 2353 583 2382 8'.

93 2401 165 2436 Περὶ
179 2404 240 2431 τῶν
258 2403 429 2432 Ἰουδαϊκῶν
451 2404 581 2438 θυσιῶν,
593 2400 637 2432 ὧν
660 2404 802 2433 ποιοῦσιν
817 2406 844 2433 οι

378 2439 533 2475 Ἀρμένιοι.

94 2500 157 2527 Ὅτι
172 2498 200 2526 δὲ
214 2493 286 2526 οῦτοι
300 2498 326 2524 οι
338 2497 467 2533 θεομάχοι
487 2496 531 2524 διὰ
547 2497 595 2529 τὰς
609 2497 714 2524 ἑαυτῶν
730 2497 843 2533 αἰσχρο-

54 2547 181 2583 κερδίας,
196 2545 245 2578 τὰς
265 2545 411 2576 Ἰουδαῖκάς
423 2544 519 2576 θυσίας
533 2545 687 2579 ἀνανεοῦσι,
703 2545 781 2580 δῆλον
799 2546 842 2572 ὲν-

54 2592 165 2620 “seu.
181 2591 234 2618 Τοῦ
248 2591 301 2626 γὰρ
316 2590 435 2626 Χριστοῦ
458 2590 505 2617 τοῦ
523 2590 591 2617 Θεοῦ
607 2591 685 2627 ἡμῶν
715 2591 843 2624 λαϐόντος

54 2639 144 2673 ἄρτον
159 2638 204 2663 καὶ
217 2637 356 2672 ποτήριον,
374 2637 422 2663 καὶ
431 2635 521 2667 δόντος
534 2637 590 2668 τοῖς
601 2635 735 2672 μαθηταῖς
749 2637 841 2670 αὑτοῦ,

55 2684 107 2712 καὶ
137 2682 278 2714 εἰπόντος·
295 2681 416 2714 Λάϐετε,
441 2681 551 2717 φάγετε
573 2681 622 2709 καὶ
640 2682 725 2709 πίετε
738 2682 773 2716 ἐξ
786 2684 842 2710 αὐ-

165 2772 233 2809 liege
249 2773 408 2809 ποιήσωσιν.

93 2807 152 2844 (5!)
169 2806 248 2844 Forte
261 2806 337 2844 deest
348 2807 432 2835 ταῦτα
446 2807 612 2844 κρατοῦμεν.

88 2842 151 2883 132)
168 2842 238 2878 Lege
253 2843 269 2879 ἠ
284 2842 341 2870 τοῦ.

901 2247 1039 2275 nationem
1057 2250 1165 2280 negent,
1181 2245 1271 2272 omnia
1291 2245 1358 2278 inec,
1377 2245 1479 2272 alienos
1497 2252 1526 2272 sc
1546 2253 1560 2271 a
1575 2244 1684 2273 Christo

900 2300 932 2320 ac
950 2292 1054 2320 sanctis
1077 2291 1265 2324 ostendentes,
1282 2297 1419 2326 nugantur
1438 2299 1470 2319 ac
1485 2296 1645 2325 praetexunt.

1201 2347 1316 2377 CAPUT
1336 2348 1384 2376 IX.

951 2402 989 2429 De
1002 2401 1124 2429 Iudaici:
1139 2401 1280 2437 sacriﬁciis
1305 2410 1365 2437 qua:
1382 2403 1500 2429 Armenii
1515 2402 1626 2438 faciunt.

932 2499 954 2527 1.
973 2499 1050 2533 Quod
1065 2504 1154 2527 autem
1172 2499 1225 2527 Deo
1243 2499 1419 2528 adversantes
1441 2500 1480 2533 hi,
1498 2505 1608 2535 propter
1622 2506 1680 2528 tur-

897 2546 940 2581 pia
956 2545 1030 2573 lucra
1055 2553 1115 2578 sua,
1140 2544 1250 2572 Iudaica
1268 2546 1401 2573 sacriﬁcia
1429 2546 1592 2578 instaurent,
1617 2547 1682 2575 ltinc

896 2591 989 2626 liquet.
1004 2591 1071 2618 Nam
1088 2599 1149 2618 cum
1173 2591 1303 2619 Christus
1326 2592 1397 2619 Deus
1425 2596 1520 2620 noster
1542 2593 1683 2628 acceperit

896 2645 992 2674 panem
1012 2645 1044 2665 ac
1059 2638 1182 2670 calicem,
1194 2638 1351 2673 dederitque
1363 2639 1502 2673 discipulis
1516 2639 1583 2672 suis,
1597 2643 1681 2675 atque

897 2684 996 2711 dixerit
1017 2692 1024 2711 :
1044 2683 1171 2718 Accipite,
1185 2685 1310 2712 comedite
1329 2689 1356 2712 et
1379 2685 1458 2712 bibite
1481 2693 1513 2712 ea:
1529 2686 1577 2713 hoc
1598 2693 1608 2713 :
1631 2686 1685 2714 lto:

929 2775 984 2811 (53)
999 2774 1154 2802 Portioncm
1171 2775 1247 2810 panis
1266 2777 1477 2805 consecrandam
1496 2775 1614 2804 lanceola
1628 2783 1682 2804 ex-

892 2811 1017 2848 sciudunt
1030 2817 1141 2848 :_massa
1157 2811 1259 2846 reliqua
1271 2812 1298 2840 in
1312 2812 1430 2848 eulogias
1440 2813 1519 2842 cedit.
1534 2811 1634 2841 Confer
1647 2817 1684 2841 ει

892 2853 952 2874 can.
966 2846 1016 2874 {09
1032 2845 1155 2873 Trullan.
