1875 3056
187 127 260 160 1183

721 127 848 158 ISAACI
868 125 1056 157 ARMENIE
1074 125 1279 156 CATHOLICI

1752 120 1809 152 118i

185 189 222 210 est
241 189 336 217 corpus
360 189 461 214 meum,
482 185 506 209 et
523 180 630 214 sanguis
652 189 662 208 :
680 181 727 209 hoc
742 182 821 217 facile
844 182 870 208 in
884 188 970 209 meam

1052 180 1099 207 νῦ·
1135 179 1225 207 τοῦτό
1237 180 1303 207 ἐστι
1317 179 1350 206 τὸ
1379 178 1465 214 σῶμά
1485 187 1557 213 μου,
1585 177 1638 205 καὶ
1673 177 1709 204 τὸ
1738 174 1808 211 αἷμα.

185 228 460 255 commemorationem
483 235 493 254 :
514 227 635 255 Armenii
661 227 699 261 hi,
726 235 780 255 non
805 236 920 263 panem,
942 231 970 255 et

185 274 277 301 vinum
298 277 325 300 et
340 280 450 308 aquam,
474 274 509 301 ab
534 274 567 300 iis
593 273 619 300 in
641 273 769 301 sacrilicii
793 282 872 301 usuin
901 274 972 302 acci-

186 319 303 354 pientes,
318 319 365 354 qui
379 320 473 346 eadem
491 323 572 354 alque
594 319 633 346 illi
650 319 768 354 sapiunt,
792 324 873 355 prout
890 327 973 347 evan-

187 364 275 399 gelica
303 365 437 392 institutio
462 365 592 399 postulat,
610 365 738 395 olTerunt.
774 365 822 393 sed
837 366 930 398 boves,
946 370 973 392 et

187 418 280 445 agnos,
301 417 332 437 ac
348 418 414 437 oves
439 420 446 438 ε
471 417 575 445 perque
600 410 714 438 Judaica
742 412 798 439 haec
827 412 971 445 sacriﬁcia,

188 461 360 491 peccatorum
386 457 573 484 remissionem
592 456 632 484 eis
647 458 835 489 mentiuntur,
863 458 974 485 docent-

189 507 241 538 qtte
260 500 286 527 in
300 500 442 528 sacriﬁciis
457 501 610 534 huiusmodi
627 501 727 529 habere
749 509 836 536 spem,
857 509 909 529 non
925 510 975 529 au-

189 548 244 571 tem
268 545 294 572 in
311 552 425 580 corpore
445 545 558 573 Christi.
571 546 660 579 Quare
678 547 759 573 etiam
774 547 801 573 in
817 547 975 574 solemnita-

188 589 269 622 tibus,
285 597 316 616 ac
330 589 475 621 Paschate.
493 598 547 618 non
567 598 598 618 ex
620 590 720 618 Christi
746 592 899 626 percipiunt
914 599 975 619 cor-

190 642 266 669 pore,
292 636 339 663 sed
363 643 397 663 ex
412 636 511 663 talibus
538 637 740 664 irrationalibus
755 636 909 666 Judasorum
926 639 975 667 ho-

191 679 262 713 stiis,
279 687 328 715 per
341 687 408 715 quas
427 680 592 707 sanctiﬁcari
607 685 729 715 sperant.

224 775 258 802 ll.
280 775 417 810 Siquidem
433 776 506 804 enim
529 781 594 804 ante
615 777 716 804 Christi
742 777 898 813 adventum,
915 785 975 806 cum

189 820 274 862 Judaei
298 828 393 848 omnes
413 821 546 854 ejusmodi
572 823 705 850 sacriﬁcia
722 822 862 857 oll‘errent,
881 831 912 851 ac
928 831 977 858 per

189 874 219 894 ea
236 866 290 893 Deo
305 873 334 893 se
357 866 457 894 cultum
475 867 604 895 adhibere
623 874 759 902 putarent,
781 869 863 903 inque
877 869 976 898 talibus

190 911 285 938 hostiis
305 912 497 945 gloriarentur,
523 920 538 940 a
563 912 619 940 Deo
640 913 785 941 audierunt
803 923 810 942 :
831 914 890 941 Non
905 915 977 941 acci-

189 957 259 989 piam
271 956 302 983 de
314 956 391 984 domo
414 962 461 984 tua
475 957 586 991 vitulos,
614 965 695 992 neque
720 958 753 985 de
780 959 898 993 gregibus
923 960 976 986 tuis

190 1003 275 1028 hircos
291 1003 326 1036 ὀ,
341 1010 371 1028 ac
384 1010 490 1030 rursum
507 1010 555 1037 per
576 1003 671 1030 Isaiam
688 1012 694 1030 :
712 1003 871 1038 Sanguinem
887 1009 977 1030 tauro—

192 1055 250 1073 rum
268 1051 347 1082 atque
366 1048 500 1074 hircorum
521 1047 592 1074 nolo.
609 1046 675 1079 Quis
698 1047 766 1074 enim
786 1047 904 1081 quwsivit
923 1048 977 1074 Iure

190 1093 223 1119 de
239 1094 360 1120 manibus
387 1092 528 1119 uestris“?
553 1099 668 1125 eumque
695 1091 779 1118 David
805 1092 856 1119 hoc
882 1093 976 1124 sciret,

190 1139 281 1165 aiebat
304 1147 311 1164 :
335 1138 366 1165 Si
379 1138 507 1165 uoluisses
525 1137 698 1171 sacriﬁcium,
714 1137 847 1164 dedissem
864 1139 951 1173 utique
967 1146 976 1166 :

190 1184 351 1211 holocaustis
368 1193 420 1210 non
442 1184 612 1210 delectaberis
630 1184 652 1199 “
670 1192 676 1211 :
702 1191 774 1211 nunc
793 1189 893 1216 autem,
914 1191 976 1211 cum

191 1231 314 1258 Christus
337 1230 383 1257 Dei
406 1230 492 1258 Filius
521 1237 569 1263 pro
603 1230 682 1257 nobis
719 1235 853 1258 mactatus
885 1230 976 1262 fuerit,

192 1283 276 1310 seque
309 1276 394 1310 ipsum
426 1276 480 1303 Deo
511 1283 543 1303 ac
575 1275 648 1303 Patri
680 1275 794 1303 hostiam
826 1283 876 1310 pro
902 1276 978 1303 nobis

191 1322 330 1352 obtulerit,
344 1328 496 1356 panemque
511 1328 543 1349 ac
556 1322 667 1348 calicem
681 1321 819 1355 accipiens
836 1321 978 1356 discipulis

193 1368 292 1395 dixerit
318 1376 325 1394 :
349 1367 406 1394 Hoc
430 1367 509 1401 facile
533 1367 561 1393 in
585 1374 669 1394 meam
687 1367 978 1399 commemorationem;

192 1423 264 1441 nunc
278 1415 368 1449 itaque
389 1421 450 1440 cum
477 1413 523 1440 Dei
546 1413 697 1440 adversarii
723 1412 845 1441 Armenii
867 1412 978 1440 Iudaica

193 1461 291 1488 iterum
311 1459 445 1487 sacriﬁcia
471 1459 635 1492 instaurant,
658 1458 795 1494 bovesque
821 1467 854 1486 ac
882 1466 978 1494 agnos,

1027 225 1117 253 Τοῦτο
1131 225 1241 252 ποιεῖτε
1252 226 1295 257 εις
1310 224 1367 258 τὴν
1379 225 1456 259 ἐμὴν
1477 223 1657 258 ἀνάμνησιν
1669 231 1679 240 ·
1695 221 1770 249 οὗτοι
1790 225 1809 249 d

1029 272 1178 308 Ἀρμένιοι,
1199 273 1231 299 ἐκ
1245 272 1298 298 τῶν
1311 271 1469 306 ὀμοφρόνων
1482 271 1584 302 αὐτῶν,
1597 271 1651 297 οὐκ
1668 270 1810 305 apto-nui.

1024 316 1094 346 οἶνον
1111 319 1159 345 καὶ
1176 319 1247 354 ὕδωρ
1257 318 1442 353 λαμϐάνοντες
1458 319 1498 349 είς
1511 317 1609 344 θυσίαν
1625 316 1810 350 εὐαγγελικῶς

1024 364 1221 399 προσάγουσιν,
1242 363 1308 390 ἀλλὰ
1325 363 1398 398 βόας,
1414 363 1462 390 καὶ
1473 363 1589 396 ἀμενοῦς,
1609 362 1659 389 καὶ
1681 361 1810 395 πρόϐατα,

1024 410 1070 437 καὶ
1082 410 1125 436 διὰ
1142 411 1245 436 τούτων
1255 409 1309 436 τῶν
1325 409 1478 436 Ἰουδαϊκῶν
1497 409 1598 436 θυσιῶν
1615 409 1719 443 ἄφεσιν
1732 409 1814 443 ἁμαρ-

1024 457 1094 483 τιῶνι
1101 457 1225 488 αὑτοῖςτε
1231 455 1389 491 ρατεύονται
1399 463 1406 470 ⁸
1425 457 1472 482 καὶ
1484 457 1513 482 ὲν
1524 457 1622 487 αὐταῖς
1632 456 1697 486 ταῖς
1711 455 1813 485 θυσίαις

1025 503 1098 537 ἔχειν
1112 502 1210 534 αὐτοὺς
1225 502 1273 532 τὰς
1288 501 1399 532 ἐλπίδας
1410 501 1500 528 αὐτῶν
1512 501 1688 532 διδάσκουσι,
1705 501 1753 526 καὶ
1770 501 1812 526 οἰχ

1025 549 1054 576 ὲν
1066 548 1105 584 τῷ
1120 547 1226 582 σώματι
1240 547 1288 574 τοῦ
1301 547 1430 583 Χριστοῦ.
1444 547 1525 574 Ὅθεν
1536 547 1584 573 καὶ
1593 548 1624 573 ὲν
1635 548 1701 578 ni;
1713 547 1813 581 ἑορταῖς

1025 594 1072 622 καὶ
1087 595 1116 620 ὲν
1128 593 1166 629 τῷ
1186 593 1292 627 Πάσχα,
1307 593 1356 620 οὐκ
1370 594 1400 619 ἐκ
1419 592 1466 619 τοῦ
1489 593 1617 628 σώματος
1634 592 1684 619 τοῦ
1701 591 1813 626 Χριστοῦ

1027 640 1281 676 μεταλαμϐάνουσιν
1294 646 1300 654 ·
1316 639 1374 666 ἀλλ’
1389 639 1421 665 ὲκ
1435 638 1489 666 τῶν
1501 639 1633 665 τοιούτων
1648 638 1760 671 ἀλόγων
1772 637 1814 663 Ou-

1026 685 1092 712 σιῶν
1107 685 1162 712 τῶν
1182 684 1346 717 Ἰουδαϊκῶν,
1361 685 1409 711 κα)⁴
1428 683 1458 717 ἐξ
1481 683 1570 710 αὐτῶν
1585 682 1762 718 ἀγιασθῆναι
1776 683 1814 708 ἐλ-

1026 730 1163 763 πίζουσιν.

1062 775 1099 804 B'.
1116 777 1148 803 Εί
1172 775 1226 811 γὰρ
1258 775 1312 811 πρὸ
1325 775 1375 811 τῆς
1390 773 1509 809 Χριστοῦ
1523 773 1694 808 ἐπιδημίας,
1713 773 1815 799 πάντων

1027 821 1080 848 τῶν
1102 822 1237 849 Ἰουδαίων
1250 822 1378 853 τοιαύτας
1393 821 1488 852 Θυσίας
1502 820 1542 855 τῷ
1560 819 1623 854 Θεῷ
1649 819 1811 854 προσφερόνι

1027 876 1090 901 των,
1109 868 1156 895 καὶ
1170 868 1203 895 δι’
1223 868 1311 894 αὐτῶν
1325 867 1371 894 τὸν
1382 867 1448 893 Θεὸν
1463 865 1629 901 θεραπεύειν
1646 864 1814 898 προσδοκών-

1026 921 1091 944 των,
1111 913 1157 940 καὶ
1173 913 1357 948 καυχωμένων
1375 911 1466 939 αὐτῶν
1488 912 1518 938 ἐν
1532 913 1594 942 ταῖς
1608 910 1757 941 τοιαύταις
1771 910 1813 935 θυ-

1028 959 1109 991 σίαις,
1125 960 1223 994 ἢκουον
1242 958 1317 994 παρὰ
1327 959 1374 985 τοῦ
1394 957 1477 984 Θεοῦ¹
1498 958 1539 984 οὐ
1561 956 1691 990 δέξομαι
1707 956 1743 981 ἐκ
1768 954 1814 980 τοῦ

1027 1006 1112 1032 οἴκου
1137 1013 1194 1031 σου
1205 1004 1360 1039 μόσχους,
1377 1003 1450 1031 οὐδὲ
1463 1003 1497 1029 ἐκ
1508 1002 1568 1029 τῶν
1583 1002 1740 1036 ποιμνΙων
1764 1007 1815 1026 σειν

1029 1049 1189 1084 χειμάρους
1199 1057 1205 1063 ·
1220 1050 1266 1075 καὶ
1285 1048 1367 1075 πάλιν
1385 1048 1429 1075 διὰ
1446 1048 1557 1074 Ἡσαΐου
1573 1067 1581 1080 ,
1600 1047 1645 1073 ὅτι
1661 1043 1743 1080 Αἷμα
1755 1045 1816 1071 ταύ-

1024 1104 1087 1130 ρων
1101 1095 1150 1122 καὶ
1177 1094 1293 1129 τράγων
1319 1095 1355 1121 οὑ
1379 1094 1539 1128 βούλομαι.
1560 1092 1613 1125 Τίς
1641 1092 1700 1126 γὰρ
1726 1091 1816 1122 ἑξεζή-

1027 1149 1103 1176 Iners
1114 1141 1207 1168 ταῦτα
1216 1141 1251 1167 ἐκ
1264 1140 1324 1167 τῶν
1337 1140 1443 1174 χειρῶν
1452 1139 1554 1174 ὑμῶνς
1573 1138 1631 1165 Καὶ
1645 1138 1730 1164 τοῦτο
1746 1137 1817 1167 seu»;

1027 1188 1041 1214 ὀ
1056 1187 1138 1214 Δαὸὶδ
1156 1186 1249 1220 ἔλεγεν
1260 1195 1267 1201 ·
1282 1187 1316 1213 Εἰ
1328 1185 1482 1219 ἠθέλησας
1507 1184 1631 1215 θυσίαν,
1655 1183 1756 1209 ἔδωκα
1768 1183 1816 1208 ἄν·

1028 1232 1260 1267 ὁλοκαυτώματα
1275 1233 1330 1258 οὐκ
1351 1231 1538 1263 εὐδοκήσεις.
1560 1230 1632 1256 Νυνὶ
1646 1229 1676 1255 δὲ
1696 1229 1744 1254 τοῦ
1758 1229 1816 1262 Χρι-

1030 1279 1094 1306 στοῦ
1110 1279 1156 1306 τοῦ
1173 1278 1238 1305 Υἰοῦ
1254 1279 1301 1304 τοῦ
1315 1277 1383 1304 Θεοῦ
1412 1277 1482 1312 ὑπὲρ
1496 1277 1575 1311 ἡμῶν
1591 1277 1760 1309 σφαγέντος,
1777 1276 1817 1301 καὶ

1029 1327 1125 1355 θυσίαν
1142 1326 1237 1353 ἑαυτὸν
1253 1325 1291 1361 τῷ
1307 1325 1367 1360 Θεῷ
1382 1325 1430 1351 καὶ
1446 1324 1533 1359 Πατρὶ
1550 1323 1636 1349 αὑτοῦ
1651 1322 1728 1356 ὑπὲρ
1747 1321 1815 1356 ἡμῶν

1030 1372 1225 1408 προσάξαντος,
1239 1372 1286 1398 καὶ
1304 1370 1432 1401 λαϐόντος
1447 1369 1531 1403 ἄρτον
1550 1368 1599 1394 καὶ
1618 1369 1762 1401 ποτήριον,
1777 1366 1815 1391 καὶ

1029 1417 1152 1447 εἰπόντος
1169 1417 1224 1447 τοῖς
1238 1415 1321 1442 αὐτοῦ
1355 1415 1493 1449 μαθηταῖς
1507 1421 1514 1428 ·
1531 1412 1625 1440 Τοῦτο
1648 1412 1764 1438 ποιεῖτε
1781 1411 1815 1441 εἰς

1029 1463 1088 1497 τὴν
1110 1462 1188 1498 ἐμὴν
1211 1461 1398 1496 ἀνάμνησιν·
1415 1457 1489 1486 οῦτοι
1500 1456 1547 1485 οὖν
1562 1459 1586 1485 οἱ
1615 1458 1749 1492 θεομάχοι
1762 1457 1816 1491 ’Δρ-

193 1511 220 1533 et
237 1513 302 1533 oves
320 1505 502 1537 immolantes,
520 1512 569 1540 per
583 1512 614 1532 ea
632 1504 820 1532 remissionem
837 1512 867 1533 se
888 1512 980 1539 pecca-

1055 1511 1132 1541 ἑνιοι,
1147 1509 1229 1536 πάλιν
1240 1507 1291 1539 τὰς
1312 1506 1463 1538 ’ἰουδαῖκὰς
1475 1505 1571 1536 θυσίας
1584 1504 1815 1534 ἀνακαινίζοπες,

193 1556 282 1579 torum
309 1555 507 1579 consecuturos
530 1555 651 1585 sperent,
681 1555 764 1585 atque
784 1551 811 1578 in
836 1551 890 1578 illis
904 1558 979 1585 spem

195 1597 331 1628 habeant,
359 1603 508 1631 eorumque
545 1596 720 1631 perceptione
755 1596 921 1624 sanctiﬁcari
952 1603 981 1624 se

195 1647 301 1679 putent,
318 1643 523 1679 glorienturque
549 1643 575 1670 in
596 1643 728 1677 ejusmodi
756 1643 910 1676 sacriﬁciis,
927 1651 981 1670 non

195 1690 223 1717 in
250 1696 366 1724 corpore
392 1689 493 1716 Christi
524 1696 556 1717 ac
582 1689 734 1724 sanguine;
761 1689 898 1724 quomodo
927 1695 982 1716 non

194 1736 340 1771 perspicue
353 1734 438 1763 Judaei
454 1740 529 1767 sunt,
545 1742 577 1763 ac
589 1734 690 1762 Christi
705 1735 820 1762 hostes?
842 1733 980 1769 Siquidem

194 1783 268 1810 enim
292 1788 420 1817 pecorum
447 1788 565 1815 unquam
593 1780 711 1808 victimae
739 1779 896 1808 hominibus
919 1787 982 1816 pro-

194 1829 319 1862 luissent,
342 1828 483 1861 Deumque
516 1826 569 1854 illis
600 1826 810 1859 conciliassem,
837 1833 869 1853 ac
886 1826 982 1854 remis-

194 1876 300 1902 sionem
334 1878 509 1908 peccatorum
542 1872 753 1908 prsebuissent:
776 1872 841 1908 quid
871 1879 982 1899 necesse

195 1920 246 1948 fuit
266 1925 296 1948 ut
317 1920 443 1948 Christus
467 1923 645 1952 mactaretur,
672 1926 726 1954 qua
758 1926 788 1946 se
819 1918 982 1946 mactatioue

195 1964 359 1991 sacriﬁcium
382 1972 431 1999 pro
456 1964 535 1991 nobis
555 1964 664 1995 obtulit,
683 1971 715 1990 ac
739 1970 789 1990 nos
815 1964 870 1990 Deo
884 1970 982 1990 recon-

196 2010 317 2038 ciliavit?
344 2010 374 2038 Si
401 2010 496 2044 enim,
524 2017 586 2038 cum
615 2010 682 2037 nihil
712 2010 789 2037 nobis
808 2009 982 2037 irrationales

197 2056 292 2085 hostiae
306 2057 390 2084 Deum
406 2056 565 2091 placabilem
581 2059 693 2091 possent
706 2056 808 2087 facere,
826 2060 873 2082 aut
885 2062 981 2089 pecca—

196 2110 284 2130 ,οι-οη)
304 2102 491 2130 remissionem
508 2106 650 2136 praestare,
667 2101 793 2129 Christus
809 2101 856 2128 Dei
881 2100 980 2133 Filius,

197 2158 225 2177 se
241 2150 299 2185 ipse
317 2149 392 2177 Patri
412 2157 460 2185 pro
476 2150 553 2177 nobis
569 2150 688 2177 hostiam
705 2148 834 2182 oﬁ'erens,
851 2149 980 2177 dicebat:

1031 1559 1079 1587 καὶ
1095 1559 1159 1594 βόας
1177 1557 1224 1584 καὶ
1241 1556 1355 1592 ἀμνοὺς,
1375 1556 1421 1582 καὶ
1437 1554 1562 1589 πρόὸατα
1585 1553 1713 1585 θύοντες,
1730 1553 1763 1579 δι’
1776 1552 1816 1578 αὖ·

1030 1605 1085 1632 τῶν
1097 1605 1195 1639 ἄφεσιν
1207 1602 1349 1638 ἁμαρτιῶν
1361 1602 1453 1628 λασεῖν
1465 1601 1624 1632 ἐλπίζοντες
1633 1621 1642 1632 ,
1663 1600 1714 1626 καὶ
1732 1601 1763 1625 ἑν
1776 1599 1816 1624 αὖ·

1030 1652 1087 1683 τοῖς
1105 1651 1153 1681 τὰς
1181 1650 1294 1680 ἐλπίδας
1314 1649 1432 1683 ἔχοντες,
1454 1647 1502 1674 καὶ
1526 1647 1570 1673 διὰ
1587 1646 1639 1681 τῆς
1653 1645 1748 1672 αὐτῶν
1775 1653 1816 1679 με·

1030 1696 1172 1732 ταλήψεως
1186 1695 1350 1730 ἁγιασθῆναι
1363 1693 1531 1729 νομίζοντες,
1551 1692 1599 1719 καὶ
1615 1692 1645 1718 ὲν
1658 1693 1723 1723 ταῖς
1737 1691 1819 1718 τοιαύ-

1030 1749 1091 1773 ταις
1120 1740 1239 1774 Θυσίαις,
1267 1740 1315 1766 καὶ
1340 1739 1391 1766 οὐκ
1422 1740 1451 1766 ὲν
1472 1738 1511 1773 τῷ
1528 1738 1637 1773 σώματι
1664 1738 1713 1764 καὶ
1730 1738 1818 1771 αἷματι

1030 1787 1077 1814 τοῦ
1098 1786 1217 1823 Χριστοῦ
1240 1785 1425 1821 καυχώμενοι,
1445 1783 1505 1816 πῶς
1530 1783 1580 1809 οὐκ
1603 1783 1658 1809 εἰσὶ
1676 1782 1818 1817 προφανῶς

1037 1833 1158 1860 Ἰουδαῖοι
1175 1832 1224 1859 καὶ
1249 1830 1430 1867 χριστομάχοι
1445 1838 1452 1863 ;
1465 1830 1497 1856 Εἰ
1525 1828 1576 1864 μὲν
1602 1828 1662 1863 γὰρ
1693 1828 1723 1854 αι
1736 1827 1819 1854 θυσίαι

1029 1878 1084 1905 τῶν
1096 1877 1203 1909 κτηνῶν
1215 1878 1271 1909 τοῖς
1287 1876 1441 1912 ἀνθρώποις
1456 1875 1603 1910 ὠφέλησαν
1621 1881 1705 1907 ποτε,
1722 1874 1770 1900 καὶ
1783 1874 1820 1899 τὴν

1030 1924 1096 1951 Θεὸν
1108 1921 1286 1958 διαλλαγῆναι
1310 1921 1453 1956 ἐποίησαν,
1484 1920 1531 1946 καὶ
1555 1919 1655 1954 ἄφεσιν
1682 1917 1820 1954 ἁμαρτιῶ

1031 1969 1182 2004 παρασχεῖν
1192 1975 1200 1984 ⁸
1217 1967 1285 2003 τίςή
1301 1966 1380 2002 χρεία
1397 1968 1445 2001 τῆς
1457 1965 1566 2000 σφαγῆς
1581 1964 1631 1992 τοῦ
1644 1964 1781 2000 Χριστοῦ,
1792 1964 1819 1989 δι’

1030 2011 1065 2050 ἦς
1081 2013 1176 2040 θυσίαν
1190 2012 1288 2039 ἑαυτὸν
1312 2011 1383 2046 ὑπὲρ
1398 2010 1477 2046 ἡμῶν
1501 2010 1680 2045 προσήγαγε,
1699 2010 1749 2035 καὶ
1763 2017 1820 2035 κστ-

1032 2058 1149 2094 ήλλαξεν
1162 2059 1237 2094 ἡμᾶς
1250 2057 1290 2093 τῷ
1305 2057 1366 2092 Θεῷ
1380 2065 1388 2090 ;
1403 2055 1494 2090 Μηδὲν
1514 2055 1678 2090 δυναμένων
1699 2055 1755 2080 τῶν
1767 2054 1820 2080 ἀλό-

1031 2113 1087 2140 γων
1102 2104 1203 2131 θυσιῶν
1232 2104 1278 2131 τὸν
1305 2103 1372 2129 Θεὸν
1396 2101 1564 2134 καταλλάξαι
1589 2100 1660 2136 πρὸς
1678 2101 1768 2135 ἡμᾶς,
1781 2099 1819 2124 καὶ

1032 2151 1129 2185 ἄφεσιν
1154 2149 1297 2185 ἁμαρτιῶν
1320 2149 1482 2184 παρασχεῖν,
1497 2149 1512 2173 ὁ
1525 2147 1645 2181 Χριστὸς
1665 2148 1681 2173 ὁ
1704 2147 1766 2177 Υἱὸς
1779 2144 1818 2171 τοῦ

196 2196 252 2224 Hoc
270 2200 310 2222 est
326 2204 420 2229 corpus
436 2203 534 2229 meum,
554 2204 585 2222 ac
606 2196 718 2230 sanguis
737 2203 820 2227 meus,
851 2196 919 2230 quod
933 2203 980 2229 pro

1052 2197 1100 2223 tsoﬁ
1117 2197 1212 2223 ἐαυτὺν
1238 2196 1309 2231 ὑπὲρ
1334 2195 1414 2231 ἡμῶν
1438 2195 1533 2221 ουσίαν
1554 2194 1593 2228 τῷ
1621 2193 1726 2220 ἑαυτοῦ
1742 2192 1819 2225 [la-.91

195 2242 267 2269 vobis
285 2241 428 2276 frangitur,
453 2242 549 2277 quique
575 2242 723 2276 effunditur
744 2242 772 2268 in
799 2241 980 2269 remissionem

195 2294 361 2324 peccatorum
377 2296 385 2315 :
401 2289 449 2315 hoc
462 2288 542 2323 facile
553 2289 581 2314 in
597 2296 682 2315 meam
692 2289 981 2323 commemorationem;-

197 2334 224 2360 hi
241 2339 342 2367 autem,
360 2341 455 2361 rursus
469 2341 542 2369 spem
568 2334 669 2361 habere
684 2334 711 2361 in
729 2334 831 2361 Christi
859 2335 982 2368 corporis

197 2380 298 2408 lumine
314 2380 481 2414 amittentes,
507 2381 532 2407 in
558 2380 625 2416 legis
641 2381 736 2408 umbra
753 2387 827 2415 spem
847 2380 981 2413 habeant;

196 2425 276 2461 plane
291 2424 390 2452 factam
409 2432 458 2460 per
479 2425 617 2452 Christum
643 2425 856 2460 redemptionem
873 2430 982 2460 negant,

196 2478 266 2507 eque
280 2471 424 2500 sacriﬁciis
437 2471 537 2506 liquido
552 2470 637 2499 Judaei
659 2476 873 2507 cognoscuntur.

234 2613 279 2641 Ill.
295 2613 362 2641 Nam
380 2613 404 2641 si
419 2612 616 2640 irrationalium
630 2613 748 2640 victima:
763 2612 878 2640 salutem
895 2611 983 2639 homi-

200 2659 279 2686 nibus
301 2662 429 2693 prtestant
451 2667 484 2686 ac
509 2659 695 2686 remissionem
721 2663 905 2693 peccatorum,
920 2665 982 2692 gra-

199 2705 237 2732 tis
251 2704 377 2733 Christus
392 2709 518 2732 tnortuus
530 2709 570 2732 est
585 2714 593 2732 :
616 2705 659 2732 sin
677 2709 767 2732 autem
784 2708 913 2739 tauquam
931 2704 983 2732 illis

233 2771 334 2800 "Psal.
351 2779 426 2805 xux,
443 2772 470 2800 9.
508 2772 590 2802 "lsa.
607 2781 626 2807 ι,
641 2773 686 2807 Η,
703 2773 747 2801 12.
787 2774 810 2790 ¹²
819 2773 890 2801 Psal.
906 2772 983 2807 1.,18.

236 2840 292 2875 (3t)
307 2838 378 2875 Lege
391 2839 486 2875 μηδέν.

1035 2241 1230 2279 προσαγαγὼν,
1243 2241 1320 2276 ἔλεγε
1332 2249 1338 2256 ·
1355 2240 1446 2268 Τοῦτό
1457 2240 1523 2267 ἐστι
1536 2239 1569 2265 τὸ
1583 2239 1675 2273 σῶμά
1692 2247 1764 2272 μου,
1776 2238 1817 2264 καὶ

1034 2289 1067 2315 τὸ
1082 2285 1154 2322 αἷμά
1169 2295 1245 2322 μου,
1258 2286 1334 2320 ὑπὲρ
1350 2285 1434 2320 ὑμῶν
1455 2284 1611 2319 κλώμενον·
1633 2284 1685 2310 καὶ
1700 2283 1817 2317 ἐκχυννό-

1031 2341 1127 2369 μενον
1158 2334 1202 2365 εὶς
1221 2332 1332 2367 ἄφεσιν
1347 2330 1497 2365 ἁμαρτιῶν
1510 2338 1517 2345 ·
1538 2329 1629 2357 τοῦτο
1653 2329 1767 2355 ποιεῖτε
1784 2329 1818 2359 εἰς

1035 2380 1093 2415 τὴν
1106 2380 1185 2415 ἐμὴν
1203 2379 1386 2414 ἀνάμνησιν.
1404 2374 1484 2405 Οὗτοι
1499 2377 1527 2403 δὲ
1543 2376 1628 2403 πάλιν
1647 2375 1766 2409 ἀφέντες
1778 2375 1818 2407 τὴν

1035 2426 1130 2453 ἐλπίδα
1144 2426 1215 2461 ἔχειν
1226 2425 1273 2452 ἐπὶ
1285 2425 1314 2451 τὺ
1332 2424 1390 2459 φῶς
1407 2423 1455 2450 τοῦ
1480 2422 1606 2457 σώματος
1629 2421 1679 2447 τοῦ
1696 2419 1817 2456 Χριστοῦ,

1035 2474 1082 2500 ἐπὶ
1100 2473 1149 2509 τὴν
1164 2473 1242 2500 σκιὰν
1255 2472 1302 2499 τοῦ
1314 2472 1397 2508 νόμου
1410 2471 1459 2507 τὴν
1475 2470 1571 2498 ἐλπίδα
1590 2470 1690 2505 ἔχουσι
1703 2476 1710 2484 ·
1722 2476 1818 2503 προφα-

1036 2522 1090 2552 νῶς
1106 2519 1251 2555 ἀρνοῦνται
1270 2518 1319 2553 μὲν
1332 2517 1382 2554 τὴν
1401 2517 1445 2544 διὰ
1458 2516 1506 2543 τοῦ
1525 2515 1651 2551 Χριστοῦ
1668 2515 1816 2548 ἀπολύτρωη

1038 2574 1081 2592 σιν
1093 2574 1100 2581 ·
1120 2565 1241 2592 Ἰουδαῖοι
1252 2565 1290 2597 δὲ,
1301 2564 1346 2591 διὰ
1357 2563 1411 2591 τῶν
1421 2563 1520 2590 θυσιῶν
1532 2562 1627 2597 σαφῶς
1636 2560 1816 2597 γνωρπονται.

1072 2612 1109 2639 Γ¹.
1125 2611 1156 2638 El.
1178 2611 1227 2646 μὲν
1243 2610 1297 2645 γὰρ
1322 2611 1351 2636 αἱ
1368 2609 1459 2637 θυσίαι
1485 2609 1540 2635 τῶν
1557 2608 1678 2642 ἀλόγων,
1695 2605 1816 2641 σωτηρίαν

1038 2659 1085 2686 καὶ
1098 2659 1195 2694 ἄφεσιν
1210 2657 1354 2694 ἁμαρτιῶν
1365 2657 1420 2688 τοῖς
1429 2655 1586 2692 ἀνθρώποις
1600 2654 1764 2690 παρέχουσι,
1774 2652 1814 2677 δω-

1038 2706 1103 2742 ρεὰν
1113 2707 1127 2733 ὁ
1139 2705 1256 2742 Χριστὸς
1269 2704 1412 2732 ἀπέθανεν.
1427 2703 1460 2731 Ei
1471 2702 1500 2729 δὲ
1517 2701 1556 2734 ὡς
1567 2701 1607 2737 μὴ
1623 2700 1659 2728 δι’
1672 2699 1733 2736 (δι)
1744 2697 1814 2724 αὐτᾶν
