1875 3056
85 154 155 191 ιιεδ

612 154 754 186 ORATIO
773 154 789 185 I
808 154 958 186 CONTRA
978 155 1187 189 ARMENIOS.

1639 161 1708 196 1186

81 213 261 248 ὠφελούντων
273 212 289 239 ὀ
302 210 419 248 Χριστὸς
434 210 542 247 ἐσφάγη
553 210 624 246 ὑπὲρ
643 211 733 247 ἡμῶν,
749 210 797 238 καὶ
821 211 860 238 θυ-

945 211 988 239 iltil
1002 211 1159 253 juvantibus
1186 212 1311 242 Christus
1340 219 1474 244 mactatus
1495 215 1546 244 fuit
1567 224 1599 246 ac
1621 217 1706 247 factus

82 259 127 286 σία
143 259 249 293 γέγονε’
266 257 566 293 πρόδηλοναῑτοιαῦται
581 257 627 283 ὑπ’
641 257 732 284 αὐτῶν
739 256 869 292 τελούμε-

79 313 136 337 ναι,
151 305 180 331 οὐ
194 305 274 340 μόνον
287 303 425 339 σωτηρίαν
436 303 527 335 αὐτοῖς
541 303 706 338 παρέχουσιν
718 303 787 338 (55),
797 302 865 329 ἀλλὰ

79 352 128 376 καὶ
148 350 291 381 Ἰουδαίους
307 349 408 381 αὐτοὺς
423 349 631 376 ἀποδεικνύουσι
642 356 649 364 '
670 349 728 381 πῶς
750 349 778 375 δὲ
794 348 867 382 ὡφε-

79 396 162 432 λῆσαι
176 397 267 428 αὐτοῖς
281 395 424 427 δύνανται,
442 396 511 430 μήτε
530 394 585 421 τῶν
596 394 705 430 κτηνῶν
717 395 747 422 ἑν
765 396 798 430 τῇ
822 395 868 421 ἐκ·

79 442 182 478 κλησίᾳ
195 441 404 477 εἰσερχομένων,
426 442 495 476 μήτε
514 440 713 476 άγιαζομένων,
741 441 810 476 μήτε
839 441 868 468 ὲν

79 488 120 523 τῷ
133 488 319 523 θυσιαστηρίῳ
333 487 543 522 εἰσερχομένων,
556 489 624 522 μήτε
634 488 663 513 ὲν
676 488 708 523 τῇ
720 487 787 523 ἁγίᾳ
799 495 867 522 τρα·

79 535 153 569 πέζῃ
170 534 293 560 ἀνελθεῖν
307 532 487 568 ἀξιουμένων,
502 533 572 568 μήτε
583 534 651 565 ὅλως
659 533 792 568 ἁγιασμόν
806 541 867 560 τινα

78 580 254 616 δεχομένων;
272 579 334 611 Πῶς
351 579 367 615 ἢ
385 579 411 606 τί
432 579 571 614 ὠφελῆσαι
597 581 644 607 καὶ
674 579 785 614 ἁγιάσαι
803 580 867 610 τοὺς

78 626 150 653 αὐτὰ
162 625 286 657 θύοντας,
297 626 343 652 καὶ
353 625 610 661 μεταλαμϐάνοντας
622 625 749 653 δύνανται
760 634 768 659 ;
783 624 866 652 Ὀθεν

78 672 126 698 καὶ
141 672 154 698 ὁ
167 671 296 704 Θεολόγος
310 671 460 706 Γρηγόριός
474 679 540 706 φησι
552 679 559 686 ·
577 680 586 697 ‹
604 671 739 706 Θύσωμεν
760 670 797 706 μὴ
816 670 866 705 μό-

77 725 172 751 σχους,
187 717 256 752 μηδὲ
270 717 372 752 ἀμνοὺς
384 717 486 752 κέρατα
501 716 664 751 ἐκφέροντας
676 717 724 743 καὶ
741 716 836 748 ὁπλάς.
853 725 863 743 ι

77 759 161 789 Οὗτοι
177 762 215 794 δὲ,
229 762 254 788 οι
269 762 317 794 τὰς
328 761 455 793 τοιαύτας
470 761 565 792 θυσίας
579 761 628 792 τὰς
646 760 792 791 Ὶουῖαῖκὰς
804 761 866 786 hm-

75 809 228 841 τελοῦντες,
248 810 296 836 καὶ
309 809 340 835 ὲκ
351 808 398 834 τοῦ
414 809 530 843 αἵματος
544 807 634 834 αὐτῶν
645 807 694 839 τὰς
706 807 735 841 φ)
744 806 785 838 ιὰς
803 807 867 833 Ἰου-

75 855 181 887 δαϊκῶς
193 856 326 891 χρίοντες,
343 854 392 881 καὶ
408 856 438 881 ἐν
449 854 545 886 αὑταῖς
561 854 629 889 (36),
643 853 691 880 καὶ
701 853 740 889 τῷ
755 853 864 888 Πάσχα,

76 903 140 929 ἀντὶ
150 903 196 930 τοῦ
206 902 330 937 σώματος
343 901 390 928 τοῦ
401 900 530 936 Χριστοῦ,
542 901 570 933 εξ
581 901 672 927 αὐτῶν
684 899 862 935 μεταλαμϐά-

73 957 178 981 νοντες,
194 949 242 976 καὶ
256 948 352 975 ὀστοῦν
373 948 463 975 αὐτῶν
485 947 667 982 φυλάττοντες
693 946 718 972 οι
742 946 862 976 άσεὸεἶς,

72 995 105 1022 οὐ
122 996 265 1030 φρίττουσι
276 1003 283 1028 ;
295 995 344 1026 Τίς
352 992 399 1021 οὖν
407 994 544 1025 τοιούτους
554 993 587 1019 οὐ
595 992 738 1022 Ἰουδαίους
750 991 860 1028 μᾶλλον.

74 1042 124 1069 καὶ
139 1042 199 1077 οὐχὶ
215 1040 396 1076 Χριστιανοὺς
411 1039 574 1066 ἀποκαλέσει
590 1038 720 1072 ὲνδίκως;

353 1106 552 1135 ΚΕΦᾹΛΑΙΟΝ
570 1105 596 1133 l'.

73 1167 145 1201 Περὶ
170 1164 214 1194 ὧν
236 1165 480 1201 ,ϐλασφημοῦσιν
512 1165 540 1191 οι
552 1163 708 1201 μἈρμένιοι
735 1164 779 1201 εἷς
808 1163 862 1190 τὸν

146 1199 281 1236 σταυρὸν
289 1222 296 1234 ,
315 1199 651 1230 τὶαῑκαταϐαπτίζουσιν
665 1199 769 1226 αὐτόν.

111 1260 149 1287 A’.
175 1257 257 1285 Ἀλλὰ
269 1257 324 1293 γὰρ
338 1256 384 1284 καὶ
399 1256 445 1283 τὸν
458 1256 544 1282 τύπον
562 1254 608 1281 τοῦ
623 1253 757 1287 ζωοποιοῦ
775 1261 860 1280 σταυο

72 1305 134 1342 ροῦ,
152 1305 183 1332 ὃν
199 1305 281 1340 ἡμεῖς
302 1303 352 1338 μὲν
378 1301 560 1333 ὲκτυποῦντες
590 1299 772 1336 ἁγιαζόμεθα,
788 1300 812 1327 οι
831 1299 861 1326 δὲ

69 1352 200 1386 δαίμονες
223 1349 419 1377 ἀπελαύνονται
434 1368 441 1382 ,
457 1346 529 1375 οὗτοι
547 1348 572 1375 οἱ
591 1347 755 1381 θεοστυγεῖς,
771 1346 808 1381 μὴ
822 1344 861 1373 εἴ-

69 1407 117 1425 ναι
126 1397 213 1431 άγιον,
226 1397 294 1432 μήτε
310 1395 447 1430 ὠφέλιμον
460 1394 586 1429 λέγουσιν
598 1402 606 1410 ·
615 1393 683 1421 ἀλλὰ
693 1391 737 1419 διὰ
746 1391 795 1427 τῆς
803 1391 859 1427 (7,7)

70 1443 179 1471 ἑαυτῶν
202 1441 409 1477 αἰσχροκερδίας
431 1441 479 1467 καὶ
502 1437 724 1474 γαστριμαργίας
751 1436 800 1464 καὶ
815 1436 860 1463 διὰ

69 1491 122 1525 τῆς
138 1489 256 1524 χρίσεως
271 1487 325 1514 τῶν
341 1486 447 1520 ἀλόγων
464 1484 576 1517 θυσιῶν,
591 1484 636 1510 τὸν
649 1482 765 1518 σταυρὸν
775 1481 858 1516 ἁγιά-

70 1535 169 1567 ζεσθαι
182 1533 302 1568 λέγουσι,
319 1532 366 1558 καὶ
382 1532 412 1558 οὺ
431 1531 474 1558 διὰ
489 1530 534 1557 τοῦ
554 1530 619 1556 ἰδίου
649 1528 857 1563 ἑχτυπώματος.

70 1580 145 1616 Πρὸς
157 1578 314 1611 οὓςδίκαιον
325 1576 508 1612 φθέγγεσθαι·
527 1576 559 1601 Ὢ
582 1573 730 1609 ⁵Δρμένιοι,
748 1572 859 1608 ἁρματα

67 1627 126 1654 τῶν
142 1626 277 1661 δαιμόνων
290 1633 297 1640 ·
310 1625 335 1651 εί
352 1624 401 1659 μὲν
419 1623 473 1658 γὰρ
499 1622 588 1649 πάντα
607 1621 641 1648 τά
659 1620 714 1646 τῶν
727 1619 858 1654 Χριστια-

68 1673 125 1700 νῶν
143 1671 279 1707 μυστήρια
293 1671 307 1697 ὁ
318 1669 403 1701 τύπος
423 1668 470 1695 τοῦ
486 1666 604 1702 σταυροῦ
617 1665 737 1700 ἁγιάζει,
753 1664 801 1691 καὶ
813 1664 860 1690 τὸν

66 1719 154 1754 ἄρτον
169 1717 248 1745 αὐτὸν
262 1716 342 1750 σῶμα
363 1713 481 1751 Χριστοῦ
498 1712 681 1744 ἀναδείκνυσι,
697 1711 745 1737 καὶ
761 1710 807 1736 τον
819 1707 859 1736 οῖ-

65 1773 116 1792 νον
133 1764 180 1791 καὶ
193 1762 223 1790 τὸ
238 1761 310 1797 ὕδωρ
337 1758 408 1796 αἷμα
425 1758 544 1795 Χριστοῦ
562 1756 680 1789 ὲκτελεῖ,
701 1755 749 1782 καὶ
760 1754 808 1790 τὴν
824 1755 858 1781 οι-

65 1810 188 1846 κοδομὴν
201 1809 250 1844 τῆς
262 1806 426 1842 Ἐκκλησιας
441 1805 505 1833 ναδν
517 1803 585 1831 Θεοῦ
602 1803 649 1830 κα).
663 1799 737 1829 οἷκον
753 1800 857 1846 Κυρίου

63 1843 281 1888 κατασέιευάζει,
299 1853 346 1881 καὶ
365 1852 395 1879 τὸ
408 1852 504 1888 μύρον,
525 1850 574 1876 καὶ
593 1849 624 1875 τὸ
651 1848 752 1880 ἔλαιον,
767 1845 798 1879 ἐξ
819 1843 858 1873 ῶν

64 1905 94 1931 οἱ
110 1900 270 1938 Χριστιανοὶ
282 1897 442 1933 ἁγιάζονται
456 1895 612 1932 χριόμενοι,
628 1894 676 1921 καὶ
696 1893 787 1920 πιστοὶ
807 1901 856 1920 κα-

63 1949 191 1980 λοῦνται,
206 1946 253 1974 καὶ
264 1946 293 1972 ὲν
308 1942 464 1980 προσώποις
479 1941 570 1969 αὐτῶν
593 1941 643 1968 καὶ
663 1938 800 1976 μετώποις
810 1958 818 1971 ,
833 1938 858 1965 οι

65 1992 163 2021 πιστοὶ
177 1990 271 2018 τοῦτον
285 1988 478 2020 ἐκτυποῦντος,
491 1986 526 2014 δι’
537 1984 620 2013 αὐτοῦ
637 1986 670 2012 ἐκ
692 1984 747 2012 τῶν
771 1983 859 2011 ἐθνῶν

65 2041 119 2067 καὶ
138 2035 258 2064 ἀπίστων
283 2033 489 2068 διακρίνονται·
504 2031 552 2058 καὶ
581 2031 611 2057 ὲν
636 2030 697 2061 ταῖς
722 2028 858 2063 ἀσφαλατς

63 2083 125 2110 τῶν
139 2081 257 2118 χαρτίων
272 2079 342 2115 πρὸς
371 2078 504 2105 πίστωσιν
521 2075 577 2103 τῶν
594 2074 795 2110 γεγραμμένων
808 2073 857 2101 ὲκ-

63 2126 219 2158 τυποῦντες
237 2125 355 2161 σταυρὸν
367 2124 414 2151 διὰ
435 2123 562 2159 μέλανος,
580 2121 644 2153 τοὺς
658 2120 752 2148 τοῦτον
767 2128 855 2155 παρα-

64 2173 212 2203 ϐαίνοντας
226 2172 274 2198 καὶ
287 2169 482 2206 ἀρνουμένους,
497 2168 535 2200 ὡς
544 2165 663 2204 άρνητὰς
671 2165 720 2192 τοῦ
736 2163 855 2201 Χριστοῦ

920 256 1044 290 victima,
1066 257 1155 291 palam
1168 262 1221 290 est,
1230 258 1363 293 ejusmodi
1380 259 1478 287 abillis
1498 260 1582 289 factas
1602 263 1705 290 hostias

919 302 1018 329 nedum
1046 303 1086 330 eis
1116 302 1231 329 salutem
1259 310 1311 330 non
1338 303 1473 336 conferre,
1505 312 1597 333 verum
1622 308 1703 335 etiam

917 346 1024 374 Judaeos
1034 347 1190 375 ostendere.
1202 348 1257 381 Qui
1278 356 1344 376 vero
1360 350 1507 384 eosjuvare
1518 351 1575 387 (38)
1589 354 1702 387 possint,

918 400 979 420 cum
990 400 1087 428 pecora
1101 401 1188 428 neque
1200 394 1226 421 in
1238 394 1381 422 ecclesiam
1411 396 1606 431 ingrediantur,
1617 406 1704 434 neque

919 439 1134 472 sanctiﬁcetttur,
1162 448 1213 468 nec
1245 441 1271 468 in
1299 443 1485 469 sanctuariutn
1516 443 1628 477 intrent,
1655 453 1704 473 nec

918 485 998 520 digna
1027 485 1189 518 habeantur,
1213 493 1274 522 quae
1299 494 1406 515 sacram
1424 496 1545 516 mensam
1570 497 1704 518 conscen~

917 530 993 562 dant,
1010 537 1098 564 neqtte
1113 530 1195 557 ullam
1218 538 1331 566 prorsus
1357 532 1530 560 sanctitatem
1547 535 1702 569 recipiant:

917 575 991 608 qttei,
1007 574 1134 609 inquam,
1160 575 1257 609 quidve
1280 575 1351 608 illos,
1370 577 1416 611 qui
1441 583 1474 604 ea
1491 578 1656 611 sacriﬁcant,
1671 587 1704 606 ac

917 626 1010 646 eorum
1028 620 1182 654 percipiunt
1193 628 1300 653 carnes,
1314 621 1358 648 illa
1370 621 1510 657 juverittt?
1525 622 1604 651 Unde
1619 624 1702 651 etiam

917 666 955 693 ait
975 666 1122 701 Gregorius
1149 666 1304 702 Tlteologtts
1328 675 1337 695 :
1367 676 1378 694 ι
1415 667 1620 701 Sacriﬁcemus.
1649 677 1702 697 non

916 711 1026 744 vitulos,
1043 719 1129 746 neque
1148 719 1231 748 agnos
1244 720 1345 740 cornua
1365 714 1547 748 producentes
1569 719 1596 741 et
1615 723 1703 746 ungu-

915 756 956 784 las
977 757 1042 792 (59).
1063 766 1073 783 ι
1090 757 1122 785 Hi
1140 763 1243 790 autem,
1266 758 1311 793 qui
1329 757 1462 792 ejusmodi
1476 758 1606 786 Judaicas
1623 760 1703 787 victi-

919 809 976 829 mas
993 802 1105 835 faciant,
1129 803 1229 838 quique
1245 811 1278 830 οι
1299 810 1391 830 eorum
1409 805 1543 838 sanguine
1559 805 1701 832 domorum

917 853 1009 882 postes
1026 847 1178 875 Iudaeorum
1197 856 1272 876 more
1285 848 1419 880 oblinant,
1437 853 1519 883 atque
1538 849 1563 876 in
1577 849 1655 877 festis
1670 858 1703 878 ac

916 893 1060 927 Pascltate,
1075 894 1135 921 loco
1149 895 1272 928 corporis
1286 894 1402 926 Christi,
1419 902 1452 921 ex
1469 894 1522 922 illis
1538 896 1701 930 percipiant,

916 946 1001 973 osque
1015 947 1108 966 eorum
1122 945 1243 972 servent,
1267 940 1396 967 homines
1410 939 1495 974 impii,
1509 947 1560 967 non
1574 941 1702 969 horrent?

915 984 982 1018 Quis
997 993 1063 1020 ergo
1077 986 1118 1013 sic
1135 985 1266 1013 habentes
1290 993 1343 1013 non
1361 986 1460 1013 merito
1473 984 1580 1014 Judteos
1612 989 1700 1021 potius

915 1038 997 1066 quam
1015 1030 1189 1059 Christianos
1205 1031 1296 1059 dicat?

1225 1109 1340 1139 CAI’UT
1359 1110 1393 1138 Χ.

915 1175 954 1204 De
977 1176 1158 1210 blasphemis,
1182 1185 1249 1211 quas
1270 1177 1387 1204 Arumu'i
1402 1179 1428 1205 in
1445 1185 1546 1205 crucem
1567 1184 1698 1212 evomunt,

1033 1216 1113 1247 utque
1127 1219 1264 1246 perperam
1281 1213 1354 1238 illan:
1369 1214 1500 1247 baptizent
1515 1213 1583 1248 (40).

952 1265 973 1295 l.
995 1266 1048 1294 Sed
1074 1271 1101 1294 et
1126 1267 1240 1295 viviﬁcre
1266 1267 1355 1295 crucis
1387 1267 1523 1302 ﬁgurant,
1552 1268 1629 1302 cujus
1650 1277 1699 1296 nos

913 1312 1091 1347 expressione
1112 1312 1326 1346 sanctiﬁcamur,
1350 1320 1383 1340 ac
1405 1312 1532 1348 fugantur
1548 1315 1698 1348 daemones,

913 1358 968 1385 Deo
1003 1358 1199 1386 abominabiles
1236 1358 1282 1386 isti
1318 1364 1440 1386 sanctam
1484 1364 1581 1394 negant
1617 1365 1698 1395 atque

913 1403 1006 1431 utilem
1029 1404 1115 1438 :quin
1136 1404 1222 1438 turpis
1238 1411 1333 1431 eorum
1351 1404 1417 1431 lucri
1435 1411 1466 1432 ac
1476 1405 1580 1432 ventris
1595 1407 1696 1438 studio,

913 1450 1039 1478 unctione
1053 1450 1252 1478 irrationalium
1269 1450 1454 1482 victimarum,
1474 1458 1528 1478 non
1540 1452 1598 1486 ejus
1613 1452 1697 1486 ipsius

913 1497 1096 1531 expressione,
1113 1504 1221 1524 crucem
1238 1498 1315 1524 aiunt
1325 1496 1502 1524 sanctiﬁcari.
1519 1497 1540 1524 Ο
1560 1497 1693 1530 Armenii,

913 1543 1065 1570 daemonum
1091 1542 1203 1569 currus!
1227 1541 1366 1576 Siquidem
1395 1541 1481 1576 ﬁgura
1506 1542 1596 1569 crucis
1619 1543 1699 1569 Citri-

910 1587 1058 1615 stianorum
1073 1591 1245 1614 sacramenta
1270 1587 1394 1614 universa
1410 1587 1575 1619 sanctiﬁcat,
1593 1588 1697 1621 ipsum-

909 1641 963 1668 qtte
994 1640 1089 1668 panem
1114 1632 1215 1660 Christi
1246 1639 1346 1667 corpus
1378 1632 1462 1664 facit,
1490 1640 1523 1660 ac
1546 1633 1638 1661 vinum
1669 1638 1696 1660 et

910 1685 1007 1712 aquam
1049 1677 1151 1705 Christi
1189 1677 1348 1712 sanguinem
1384 1677 1485 1708 efﬁcit,
1519 1677 1697 1712 ecclesiaque

909 1724 1051 1751 aediﬁcium
1070 1723 1194 1758 templum
1213 1723 1259 1750 Dei
1277 1730 1308 1749 ac
1333 1723 1440 1750 domum
1466 1722 1572 1750 Domini
1594 1725 1696 1750 consti-

910 1770 983 1797 tuit:
1000 1777 1049 1797 nec
1076 1776 1128 1796 non
1151 1772 1320 1804 unguentum
1346 1774 1428 1804 atque
1457 1769 1545 1797 oleum
1574 1770 1694 1802 conﬁcit,

909 1822 1022 1849 quorum
1047 1814 1173 1842 unctione
1194 1812 1343 1841 Christiani
1372 1813 1588 1846 sanctiﬁcantur,
1614 1822 1646 1842 ac
1662 1815 1695 1842 ﬁ-

909 1860 983 1888 deles
1009 1860 1199 1895 appellantur:
1216 1867 1331 1894 eamque
1356 1859 1450 1887 ﬁdeles
1475 1859 1502 1887 in
1528 1859 1648 1887 vultibus
1662 1868 1695 1888 ac

911 1905 1045 1934 frontibus
1072 1905 1129 1934 suis
1158 1905 1351 1940 exprimentes.
1370 1912 1418 1939 per
1441 1912 1500 1932 eam
1525 1912 1540 1932 a
1568 1905 1695 1940 gentibus

909 1955 941 1976 ac
958 1947 1110 1976 inﬁdelibus
1125 1948 1316 1975 dlscernuntut-
1331 1956 1338 1974 :
1355 1949 1402 1976 sed
1432 1952 1460 1976 et
1485 1949 1512 1976 in
1535 1950 1692 1976 chartarum

908 1995 1070 2029 scriptarum
1086 1994 1179 2026 ﬁdem,
1194 1998 1349 2021 atramento
1366 2001 1476 2022 crttcem
1498 1995 1691 2029 exprimentes.

907 2047 954 2068 eos
971 2039 1014 2074 qui
1037 2046 1096 2067 eam
1117 2038 1353 2074 transgrediuntur
1377 2046 1411 2067 ac
1436 2043 1544 2074 negant.
1563 2044 1691 2073 tanquam

906 2086 952 2122 qui
969 2085 1106 2113 Christum
1123 2091 1229 2120 negent,
1249 2085 1462 2113 condemnamus
1475 2094 1482 2113 :
1495 2085 1558 2121 quei
1582 2093 1690 2113 rursum

907 2131 992 2166 ﬁgura
1004 2131 1104 2164 erucis,
1115 2138 1163 2157 ceu
1182 2129 1371 2165 imperfectum
1383 2130 1448 2164 quid
1463 2137 1496 2158 ac
1510 2129 1687 2163 imbecillum,

906 2184 955 2211 per
969 2176 1051 2203 alium
1068 2176 1176 2203 modum
1187 2183 1218 2202 ac
1227 2174 1367 2203 Iudaicam
1380 2175 1527 2207 victimam,
1539 2175 1616 2210 quasi
1633 2175 1690 2209 ipsa

64 2217 268 2252 κατακρίνομεν
281 2225 288 2232 ·
306 2216 364 2248 πῶς
377 2216 458 2242 πάλιν
474 2216 488 2241 ὁ
502 2213 587 2245 τύπος
602 2212 649 2239 τοῦ
672 2212 802 2245 σταυροῦ,
817 2210 855 2243 ὡς

947 2222 1044 2249 munda
1059 2222 1138 2252 τοι-ει,
1153 2221 1351 2254 sanctiﬁcatur,
1364 2229 1395 2248 ac
1408 2221 1446 2248 ita
1461 2221 1608 2248 adoretur!
1622 2221 1689 2248 Cutn

63 2264 166 2299 ἀτελὴς
182 2264 229 2290 καὶ
240 2263 395 2298 ὰνίσχυρος,
411 2262 445 2288 δι’
461 2260 555 2296 ἐτέρου
576 2259 680 2294 τρόπον
694 2259 742 2286 καὶ
759 2257 854 2289 θυσίας

71 2310 234 2344 Ἰουδαϊκῆς,
257 2309 295 2340 ὡς
326 2307 479 2343 ἀκάθαρτος
509 2305 663 2341 ἁγιάζεται,
691 2303 741 2331 καὶ
769 2303 856 2334 οὕτως

62 2357 278 2391 προσκυνεῖται;
300 2355 330 2381 El
346 2353 395 2390 μὲν
408 2354 462 2388 γὰρ
482 2354 573 2379 πάντα
588 2351 670 2382 αὐτὸς
694 2349 802 2384 ἁγιάζει
821 2349 856 2376 τὰ

61 2403 122 2429 τῶν
149 2401 319 2437 Χριστιανῶν
344 2401 482 2435 μυστήρια
506 2398 551 2425 διὰ
580 2397 627 2424 τοῦ
654 2396 732 2430 ἁγίου
757 2394 854 2427 τύπου,

62 2449 180 2483 ὕστερον
206 2448 254 2473 καὶ
279 2446 359 2477 αὐτὸς
389 2446 545 2480 άνίσχυρος,
568 2442 616 2470 λαὶ
638 2440 781 2476 ἀνωφελὴς
804 2440 852 2466 καὶ

61 2495 173 2524 ἀνόσιος
184 2493 341 2528 εὑρίσκεται
355 2499 362 2505 ·
372 2490 430 2522 πῶς
442 2490 492 2516 οὐκ
503 2489 557 2516 εἰσ)⁵
569 2488 604 2514 τὰ
614 2487 668 2514 τῶν
680 2484 851 2522 Χριστιανῶν

64 2541 205 2577 μυστήρια
223 2538 326 2574 μάταια
342 2538 390 2565 καὶ
402 2537 564 2573 άκάθαρτα;
584 2535 616 2562 El.
633 2535 682 2570 μὲν
699 2536 753 2568 γὰρ
762 2533 852 2560 πάντα.

60 2588 120 2614 ἀπὸ
145 2586 244 2622 μικροῦ
266 2587 312 2613 καὶ
338 2585 456 2621 μεγάλου
474 2585 488 2611 ὸ
509 2591 594 2615 τυπος
618 2582 702 2610 αὐτοῦ
729 2582 849 2617 ἁγιάζει,

904 2268 976 2295 enim
993 2275 1070 2300 crux,
1094 2274 1223 2302 expressa
1247 2267 1306 2301 ejus
1330 2267 1428 2302 ﬁgura.
1444 2267 1534 2293 omnia
1552 2267 1686 2293 Christia-

904 2321 1000 2341 norum
1022 2313 1147 2349 mysteria
1164 2312 1332 2346 sanctiﬁcet;
1348 2313 1481 2347 siquidem
1505 2313 1561 2347 ipsa
1580 2321 1688 2347 quoque

904 2358 1076 2393 postmodum
1104 2359 1249 2391 imbecilla,
1280 2358 1394 2390 inutilis,
1416 2366 1449 2386 ac
1473 2358 1584 2392 profana
1613 2359 1690 2386 inre-

906 2405 978 2431 ttitur
1000 2404 1087 2439 :quei
1112 2411 1165 2431 non
1195 2403 1414 2431 Christianorum
1445 2405 1573 2440 mysteria
1599 2404 1688 2431 inania

906 2450 961 2477 sint
981 2457 1013 2477 ac
1038 2450 1198 2477 immunda?
1215 2449 1328 2483 Quando
1345 2450 1416 2476 enim
1445 2450 1533 2477 crucis
1560 2449 1643 2482 ﬁgura
1674 2456 1689 2476 a

906 2495 1003 2522 minori
1015 2495 1048 2523 ad
1066 2495 1153 2529 majus
1166 2496 1293 2522 universa
1308 2493 1541 2528 sanctiﬁcat,jam
1562 2495 1688 2528 deinceps

904 2541 1060 2572 ostendant,
1075 2540 1145 2576 quod
1163 2540 1309 2568 exhibeant
1323 2541 1410 2574 majus
1425 2540 1544 2574 signum,
1565 2548 1595 2565 ac
1615 2539 1682 2573 ﬁgu-

907 2593 965 2612 ram
981 2586 1074 2620 aliam,
1089 2593 1142 2621 qua
1160 2593 1271 2614 crucem
1295 2585 1467 2613 sanctiﬁcarc
1486 2585 1600 2620 possint.

61 2636 232 2668 δειξάτωσαν
242 2635 309 2670 ἡμῖν
323 2634 428 2667 λοιπον,
459 2633 488 2660 τί
518 2632 678 2668 μειζότερον
692 2633 760 2668 ἡμῖν
776 2635 889 2669 σημεῖον
907 2634 1071 2668 δεικνύουσι,
1099 2635 1146 2662 καὶ
1169 2635 1255 2662 τύπον
1280 2634 1370 2667 ἄλλον,
1399 2633 1433 2661 δι’
1451 2633 1482 2660 οῦ
1503 2634 1548 2660 τὸν
1572 2632 1689 2669 σταυρὸν

62 2683 192 2718 ἁγιάζειν
205 2682 344 2709 δύνανται.

98 2772 156 2808 (55)
173 2771 254 2808 Forte
272 2771 310 2808 μὴ
326 2771 488 2808 παρέχουσι.

98 2806 157 2843 (fati)
170 2806 241 2843 Lege
255 2806 375 2843 ἑορταῖςζ

109 2842 156 2873 57)
170 2842 249 2870 Forte
263 2842 323 2873 τάς.

108 2876 158 2914 58)
172 2876 239 2906 Can.
254 2877 288 2906 78
306 2877 390 2906 Trull.

938 2768 995 2804 ('59)
1009 2768 1085 2796 Orat.
1103 2767 1149 2797 42.

938 2804 995 2839 (40)
1020 2802 1117 2839 Totum
1137 2804 1189 2839 hoc
1211 2806 1292 2839 caput
1317 2804 1510 2839 attendendum
1536 2809 1598 2839 cum
1618 2801 1689 2829 rela—

901 2837 973 2866 tione
986 2837 1020 2865 ad
1042 2838 1156 2866 ltazresin
1175 2837 1365 2866 Armeniorum
1384 2848 1390 2867 :
1409 2838 1509 2876 alioqui
1528 2837 1589 2874 plus
1610 2844 1688 2872 a-quo

903 2879 1023 2909 urgeret.
