1875 3056
71 132 142 166 1189

600 131 743 163 ORATIO
761 131 776 162 Ῑ
792 130 940 163 CONTRA
961 129 1161 162 ARMENIOS

1621 129 1692 163 U90

68 190 187 225 ἄρνησιν
225 189 370 225 τρέπονται
412 189 468 216 τῶν
503 189 635 216 τοιοίτων
663 189 857 230 τολμημάτων,

962 186 1085 221 neganda
1098 185 1231 220 ejusmodi
1245 185 1369 213 facinora
1385 189 1538 219 vertantur,
1553 186 1697 214 ostendunt

68 234 239 266 δειξάτωσαν
256 235 322 269 ἡμῖν
342 234 393 269 τὴν
427 234 518 261 αίτίαν
544 234 599 261 τῶν
623 234 709 269 τριῶν
732 233 857 269 σταυρῶν

70 280 235 312 συζεύξεως,
249 281 297 306 καὶ
314 279 359 305 διὰ
374 280 451 306 ποίον
463 280 563 314 τρόπον
577 279 657 305 τοῦτο
670 279 793 311 ποιοῦσι,
809 279 856 305 καὶ

70 325 152 360 ἁγίαν
163 325 269 361 Τριάδα
287 325 500 360 ἐπονομάζουσι.
519 325 574 352 Καὶ
589 325 667 352 αὐτοὶ
687 325 736 360 μὲν
765 325 858 351 είκόνα

70 371 212 403 ποιοῦντες
235 372 285 406 τῆς
298 371 376 405 ἁγίας
389 371 503 407 Τριάδος
514 372 563 406 τῆς
578 371 706 406 ἀοράτου,
719 370 765 397 καὶ
774 370 856 397 ἀθεά-

69 425 129 448 του,
159 417 207 443 καὶ
245 416 411 452 άχωρίστου,
437 417 484 444 καὶ
519 417 786 453 ἀκαταλήπτου,καὶ
799 416 858 443 θεο-

69 463 226 495 ποιοῦντες,
258 464 307 490 καὶ
336 463 419 496 ἁγίαν
445 463 549 498 Τριάδα
582 461 795 494 ἀποκαλοῦντες,
825 462 856 488 οὺ

70 509 229 544 φρίττουσιν
242 516 249 523 ·
268 509 342 543 ἡμᾶς
367 508 396 535 δὲ
421 508 466 535 διὰ
491 508 540 543 τὴν
564 508 657 534 εἰκόνα
673 507 795 543 Χριστοῦ
809 507 857 534 τοῦ

68 554 138 580 Θεοῦ
163 553 211 580 τοῦ
235 554 426 588 σαρκωθέντος
457 553 576 588 ἀληθῶς,
601 555 648 580 καὶ
677 553 856 589 ἐνανθρωπή·

71 608 191 633 σαντος,
224 601 272 627 καὶ
298 600 464 636 ὁραθέντος,
488 600 535 626 καὶ
565 601 615 635 τῆς
640 600 722 626 αὑτοῦ
755 600 858 635 μητρὶς

69 647 215 679 θεοτὸκου,
237 647 369 683 λοιδορεῖν
398 648 447 673 καὶ
475 647 648 682 βλασφημεῖν
682 647 733 674 οὐκ
759 646 857 682 οιίςχύ-

70 701 162 720 νονται
172 702 182 726 ;

107 738 144 766 Β’,
156 740 210 771 Τίς.
225 740 272 766 οὖν
288 739 359 775 ὁρῶν
374 741 421 768 καὶ
433 741 540 768 ἁκούων
556 739 605 772 τὰς
623 740 752 772 τοιαύτας
767 741 857 767 αὐτῶν

69 784 209 819 ἀμέτρους
224 784 364 817 ἀσεϐείας,
386 786 433 812 καὶ
447 786 590 822 ἀρνήσεις,
604 787 652 813 καὶ
670 786 857 822 βλασφημίας,

68 831 118 856 καὶ
133 830 269 865 λοιδορίας
282 852 289 864 ,
306 831 354 858 καὶ
381 833 575 867 συκοφαντίας,
588 832 622 864 ἃς
644 833 714 860 κατὰ
726 832 856 868 Χριστοῦ,

911 240 1021 260 causam
1035 239 1085 259 cur
1102 232 1137 259 ita
1163 236 1218 259 tres
1243 239 1339 260 cruces
1359 232 1486 267 iungant,
1513 240 1545 260 ac
1560 232 1696 268 quomodo

910 279 960 307 ista
977 278 1091 312 faciant,
1108 286 1140 306 ac
1164 281 1287 306 sanctam
1311 278 1471 305 Trinitatem
1493 279 1640 314 appellent.
1656 281 1696 307 Ac

911 324 962 359 ipsi
978 325 1100 359 quidetu,
1113 325 1158 359 qui
1173 329 1273 351 sanctae
1284 323 1438 357 Trinitatis,
1454 324 1599 353 invisibilis
1611 325 1694 358 illius,

910 369 1125 404 inaspectabilis.
1150 369 1310 403 individua,
1338 369 1582 404 incomprehensaa,
1599 370 1696 404 imagi-

910 423 970 442 nem
991 414 1104 447 faciant,
1120 422 1152 442 ac
1171 415 1310 447 deiﬁcent,
1334 422 1367 442 ac
1392 421 1515 442 sanctam
1533 415 1694 443 Trinitatem

909 460 1009 491 dicant.
1022 467 1075 487 non
1092 460 1204 487 horrent
1220 468 1226 486 :
1240 467 1291 487 nec
1304 467 1352 487 eos
1366 461 1460 495 pudet,
1475 467 1503 486 ιιι
1518 469 1576 493 nos,
1589 467 1697 495 propter

909 505 1009 533 Christi
1020 506 1079 538 Dei,
1092 506 1136 540 qui
1148 513 1213 533 vere
1226 510 1266 533 est
1279 505 1447 538 incarnatus,
1461 514 1491 533 ac
1502 506 1590 533 factus
1602 507 1695 538 homo.

909 559 940 579 ac
957 552 1047 583 visus,
1072 552 1184 587 ejusque
1200 552 1321 586 Deipuraa
1335 551 1441 584 Matris,
1460 553 1616 588 imaginem,
1632 560 1696 588 pro-

908 598 966 625 bris
980 597 1097 625 aﬂicinttt
1114 603 1195 633 atque
1210 599 1416 633 blasphemenl?

944 740 978 768 tl.
993 741 1058 774 Quis
1074 749 1139 778 ergo
1155 742 1261 776 videns,
1274 743 1443 778 audiensque
1454 743 1585 777 ejusmodi
1598 751 1692 772 eorum

908 784 1067 814 innumeras
1084 787 1247 821 impietates,
1265 794 1297 814 ac
1313 788 1481 822 negationes,
1497 791 1525 814 et
1539 787 1696 820 maledicta,
1712 798 1716 801 ν

908 835 936 858 ct
952 832 1086 864 convicia,
1105 839 1137 859 ac
1154 832 1318 865 calumnias,
1334 839 1394 867 quae
1413 831 1451 859 illi
1469 831 1602 859 adversus
1616 831 1697 859 Chri-

68 875 119 902 καὶ
132 876 182 910 τῆς
198 876 281 902 αὐτοῦ
296 876 471 912 σαρκώσεως.
489 878 536 904 καὶ
552 877 599 904 τοῦ
617 877 795 912 Εὑαγιγελίου,
812 878 858 905 καὶ

945 885 993 911 tm,
1018 878 1132 913 ejusque
1145 886 1240 906 oumes
1270 883 1379 906 sanctos
1402 877 1594 905 conﬁnxerunt
1615 882 1697 911 atque

69 921 182 948 πάντων
197 921 280 948 αὑτοῦ
296 922 350 949 τῶν
365 923 450 956 ἁγίων
469 923 623 951 ὲπλάσαντο
640 923 687 950 καὶ
708 924 858 951 κατεσκεύ-

69 976 151 1000 ασαν,
168 967 199 994 οὐ
220 969 297 1003 μισεῖ
321 970 443 1002 τούτους,
458 969 495 1001 ὡς
513 969 667 1005 θεομάχους“
685 971 733 997 καὶ
749 979 858 1006 χριστο-

71 1014 189 1049 μάχους,
207 1015 254 1041 καὶ
268 1015 472 1050 ἀποστρέφεται
490 1015 519 1049 ἐξ
532 1015 632 1048 αὐτῶν,
651 1016 697 1043 κα)⁵
718 1016 858 1051 βδελύττε-

69 1067 117 1085 ται
133 1059 171 1091 ὡς
187 1059 287 1091 λύκους
304 1059 374 1096 [καὶ]
389 1061 543 1096 ἁρπάγους,
557 1061 605 1088 καὶ
629 1061 774 1094 Ἰουδαίους
786 1070 794 1078 ⁸
810 1063 859 1090 καὶ

69 1104 108 1137 ὼς
124 1105 179 1131 ἀπὸ
193 1105 281 1139 δφεων
299 1105 345 1132 καὶ
359 1106 500 1141 σκορπίων
524 1107 574 1134 καὶ
596 1107 777 1143 ἁντιχρίστων
789 1108 858 1136 ἁπο-

71 1149 220 1185 φεύξεται’
235 1151 282 1178 καὶ
301 1151 331 1177 τὸ
349 1151 491 1187 βάπτισμα
516 1152 607 1180 αὐτῶν
634 1154 683 1188 οὐχ
711 1154 857 1189 ἀγιασμδν,

70 1196 141 1223 ἀλλὰ
156 1197 294 1231 μολυσμὸν
309 1197 500 1230 ἀποκαλέσειε,
533 1199 579 1225 καὶ
605 1199 702 1234 ῥύπον,
726 1201 774 1227 καὶ
790 1201 859 1227 ἀκα-

70 1242 188 1278 θαρσίαν
204 1252 211 1276 ;
226 1243 287 1275 Πῶς
302 1243 356 1279 γὰρ
373 1244 465 1276 αὐτοῖς
479 1245 615 1280 ἁγιασμὸς
633 1246 792 1281 supine-cat;
814 1249 859 1275 'Ev

69 1290 127 1324 γὰρ
140 1290 232 1321 αὐτοῖς
248 1291 372 1317 κατοικεῖ
395 1291 410 1317 ό
432 1290 570 1323 διάϐολος,
592 1291 640 1318 καὶ
663 1293 712 1319 σὺν
729 1293 805 1329 αὐτῷ
834 1295 858 1322 οί

69 1335 200 1370 δαίμονες
227 1335 320 1369 αὐτοῦ,
338 1336 386 1363 καὶ
415 1338 490 1363 πᾶσα
511 1337 618 1373 αἵρεσίς
633 1346 662 1364 τε
677 1339 724 1366 καὶ
737 1339 859 1376 βλασφη-

74 1381 138 1416 μία,
152 1381 196 1407 καὶ
216 1382 291 1408 πᾶσα
302 1382 467 1415 ἀποστασία,
481 1384 553 1411 κατὰ
568 1385 617 1419 τῆς
633 1384 781 1421 καθολικῆς
794 1385 858 1413 Ἐκ-

71 1427 188 1462 κλησίας
212 1428 260 1454 καὶ
284 1428 394 1455 πάντων
412 1430 467 1456 τῶν
490 1430 587 1464 ἁγίων.
604 1431 639 1457 Ἦ
663 1431 722 1463 πῶς
750 1433 781 1458 τὸ
809 1432 860 1467 βά-

72 1482 181 1509 πτισμα
199 1474 289 1501 αὐτῶν
302 1475 511 1511 εὐπρόσδεκτον,
524 1477 572 1503 καὶ
594 1477 626 1504 οὐ
647 1477 747 1512 μᾶλλον
764 1479 859 1514 βδελυ-

71 1521 141 1547 κτδν
156 1520 202 1547 καὶ
217 1521 405 1556 ἀπρόσδεκτον
413 1522 451 1553 ὡς
465 1522 641 1558 ἁκὰθαρτον;
658 1524 693 1550 Ἦ
712 1524 768 1556 πῶς
785 1521 859 1552 οὗτοι

71 1565 205 1593 δύνανται
233 1566 331 1599 ἀλλους
356 1567 503 1602 ἁγιὰζιιν;
532 1568 615 1596 Αὐτοὶ
653 1569 788 1606 ἀλλότριοι
808 1571 859 1605 τῆς

70 1613 185 1648 χάριτος
207 1613 254 1639 τοῦ
272 1613 352 1647 ἁγίου
382 1613 543 1649 Πνεύματος
571 1615 736 1651 ὑπάρχουσι,
751 1617 797 1643 διὰ
809 1617 859 1653 τὴν

71 1660 167 1687 αὐτῶν
179 1660 248 1694 πρὸς
259 1660 309 1695 τὴν
322 1660 472 1696 καθολικὴν
484 1661 532 1687 καὶ
548 1661 732 1698 ἀποστολικὴν
749 1663 860 1699 Ἐκκλη-

70 1706 137 1732 σίαν
153 1707 337 1738 άποστασίαν,
352 1705 382 1738 ἐξ
395 1703 429 1742 ἧς
443 1706 480 1738 ὡς
492 1707 577 1743 σκεύη
600 1708 734 1746 κατάρας,
751 1709 859 1745 μυρίοις

70 1753 243 1788 ἁναθέμασιν
262 1753 468 1789 ὑπεσλήθησαν,
493 1753 537 1781 διὰ
553 1753 600 1781 τὸν
630 1755 678 1789 τῆς
696 1755 859 1792 οίκουμένης

70 1800 166 1834 πάσης
194 1799 339 1836 ἀρχιερέα,
354 1801 402 1826 καὶ
419 1800 458 1831 ὡς
482 1800 591 1832 ἀσεϐεῖς
616 1801 747 1836 ἐδέθησαν
764 1802 794 1828 ὲν
813 1802 860 1829 οὺ-

72 1845 160 1881 ρανῷ,
174 1847 221 1872 καὶ
234 1847 280 1872 ἐπὶ
291 1845 354 1881 γῆς,
366 1846 458 1878 καθὼς
469 1845 546 1873 εἶπεν
554 1847 568 1873 ό
585 1847 686 1882 Κύριος
696 1856 704 1865 ο
714 1847 766 1880 δτι,
779 1848 860 1876 Ὅσα

69 1892 114 1920 ἂν
125 1891 239 1927 δήσητε
262 1892 312 1920 ἐπὶ
338 1892 393 1928 τῆς
410 1892 477 1928 γῆς,
496 1893 584 1921 ἔσται
599 1892 859 1929 δεδεμθαέντοῖς

70 1938 223 1972 οὐρανοῖς.

109 1985 146 2012 I".
166 1985 272 2012 οὐκοῦν
304 1984 470 2017 δειξάτωσαν
481 1984 542 2012 τινα
566 1985 599 2013 ὲκ
627 1985 682 2013 τῶν
707 1985 859 2022 ἀρχιερέων

68 2031 131 2059 τῶν
149 2030 339 2058 ἀποστολικῶν
365 2030 479 2066 θρόνων,
499 2031 675 2063 κοινωνικοὺς
694 2032 796 2067 ἔχουσι,
811 2032 859 2059 καὶ

69 2077 105 2104 οὐ
137 2076 236 2111 μᾶλλον
265 2076 368 2108 πάντες
395 2075 548 2111 συμφώνως
580 2076 681 2108 αὐτοὺς
711 2077 859 2110 συνοδικῶς

68 2121 336 2157 ἁναθεματίσαντες,
350 2121 398 2148 τοῦ
411 2121 531 2157 Χριστοῦ
546 2121 752 2157 ἠλλωτρίωσαν,
761 2124 809 2150 καὶ
820 2123 859 2158 τῷ

68 2168 190 2204 διαϐόλῳ
207 2168 389 2203 παρέδωκαν;
406 2168 454 2199 Τίς
468 2167 516 2194 οὖν
541 2167 596 2194 τῶν
622 2167 740 2195 συνετῶν
757 2169 803 2195 καὶ
815 2177 858 2203 φο-

909 928 1080 957 struxerunt,
1097 932 1151 951 non
1166 932 1215 952 cos
1227 925 1316 952 odcrit
1335 929 1461 960 tanquam
1482 924 1528 951 Dei
1543 931 1576 951 ac
1593 923 1696 951 Christi

909 970 1015 1003 hostes,
1027 974 1110 1004 atque
1123 971 1156 998 ab
1169 971 1210 998 eis
1226 970 1367 1002 resilierit,
1385 975 1467 1005 utque
1486 969 1564 1004 lupos
1585 977 1696 1004 rapaces

908 1022 989 1051 atque
1006 1015 1113 1044 Iuda-os
1131 1017 1338 1044 exsecrabitur?
1361 1023 1392 1043 ac
1419 1023 1466 1043 seu
1484 1023 1499 1043 a
1523 1015 1653 1049 colubris,
1670 1021 1698 1044 et

907 1062 1109 1097 scorpionibus,
1126 1068 1153 1090 et
1169 1062 1350 1095 anticltristis,
1371 1062 1405 1089 ab
1420 1068 1514 1089 eorum
1530 1061 1599 1089 facie
1617 1060 1696 1095 fuge-

910 1109 947 1136 rit
964 1116 1136 1143 :eorumque
1166 1109 1318 1144 baptisma,
1347 1116 1400 1136 non
1428 1108 1695 1140 sanctiﬁcationem,

908 1153 955 1180 sed
985 1153 1172 1189 pollutionem,
1199 1153 1346 1188 sordesque
1369 1160 1400 1180 ac
1423 1153 1621 1180 immunditiam
1647 1160 1697 1187 ap-

908 1199 1070 1235 pellaverit?
1089 1200 1156 1234 Quei
1180 1201 1254 1227 enim
1272 1200 1298 1226 in
1312 1199 1354 1227 eis
1370 1200 1502 1227 sanctitas
1518 1198 1673 1226 inveniatur
1684 1199 1697 1226 ἲ

909 1245 1014 1280 Quippe
1029 1245 1134 1272 habitat
1160 1244 1187 1272 in
1212 1245 1251 1272 eis
1276 1244 1411 1277 diabolus,
1439 1250 1470 1271 ac
1494 1250 1556 1270 cum
1582 1250 1615 1271 eo
1636 1243 1696 1278 ejus

909 1292 1055 1324 daemones,
1070 1290 1213 1324 omnisque
1225 1291 1336 1318 haeresis
1353 1297 1385 1317 ac
1401 1289 1579 1324 blasphemia,
1591 1290 1696 1316 omnis-

910 1344 962 1372 que
987 1337 1118 1364 adversus
1141 1336 1290 1364 Ecclesiam
1319 1335 1505 1368 catholicam,
1529 1341 1561 1362 ac
1587 1337 1696 1362 sanctos

909 1390 1006 1410 omnes
1026 1382 1153 1410 defectio.
1172 1382 1226 1409 Aut
1253 1381 1388 1416 quomodo
1410 1388 1506 1408 eorum
1528 1379 1696 1414 acceptabile

909 1428 1055 1463 baptisma,
1084 1435 1116 1454 ac
1141 1434 1194 1455 non
1219 1427 1307 1461 potius
1327 1426 1535 1459 exsecrandum,
1561 1433 1593 1452 ac
1617 1432 1697 1460 repu-

910 1473 1049 1505 diandum,
1067 1477 1148 1508 atque
1164 1472 1355 1500 immundum?
1381 1472 1448 1505 Quei
1474 1479 1538 1499 vero
1561 1471 1612 1506 ipsi
1629 1471 1697 1498 alios

911 1518 1083 1546 Ianetilicare
1106 1517 1223 1552 possint,
1240 1517 1356 1552 qui‘sint
1376 1516 1457 1544 alieni
1473 1523 1487 1543 a
1504 1516 1591 1552 gratia
1610 1514 1697 1542 sancti

912 1564 1046 1598 Spiritus,
1061 1562 1096 1590 ob
1111 1570 1188 1590 suam
1205 1563 1238 1590 ab
1256 1562 1375 1590 Ecclesia
1393 1562 1524 1589 catholica
1541 1567 1568 1588 et
1589 1565 1697 1596 aposlo-

910 1609 963 1637 lica
984 1609 1177 1642 defectionem,
1193 1609 1270 1642 cujus
1286 1609 1397 1636 decreto
1416 1613 1544 1643 tanquam
1561 1615 1624 1635 vasa
1639 1615 1697 1634 ma-

909 1654 1076 1686 ledictionis,
1089 1655 1333 1682 innumerabilibus
1344 1654 1413 1682 diris
1425 1662 1473 1689 per
1486 1654 1561 1681 orbis
1574 1653 1696 1681 universi

909 1701 1055 1735 episcopos
1068 1699 1159 1727 devoti
1177 1704 1257 1733 sunt;
1269 1705 1352 1734 atque
1367 1704 1394 1726 ut
1410 1699 1484 1733 itnpii
1497 1698 1570 1733 ligati
1588 1698 1697 1725 fuerunt

909 1746 937 1773 in
957 1746 1026 1773 caelo
1037 1753 1069 1772 ac
1085 1753 1166 1780 super
1181 1749 1294 1778 terram,
1308 1746 1386 1781 juxta
1403 1745 1473 1780 quod
1490 1745 1530 1772 ait
1544 1743 1696 1772 Datuinus:

911 1791 1081 1826 Qucecunque
1110 1791 1256 1826 ligaveritis
1276 1799 1356 1826 super
1381 1796 1496 1824 terram,
1520 1795 1596 1818 erant
1612 1790 1696 1826 ligata

910 1841 933 1863 et
949 1837 975 1863 t'n
991 1836 1062 1864 caeli:
1075 1836 1120 1864 ἰτ

946 1987 990 2015 ΙΙΙ.
1008 1986 1159 2015 Ostendam
1174 1993 1250 2022 ergo,
1270 1993 1351 2021 quem
1365 1984 1469 2013 scdium
1485 1983 1693 2019 apostolicarum

909 2033 1050 2069 prmsulem
1068 2039 1163 2060 eorum
1179 2031 1377 2059 communionis
1391 2030 1518 2062 habeant,
1541 2035 1624 2065 utque
1637 2037 1691 2057 non

909 2080 1011 2116 potius,
1028 2086 1083 2107 uno
1096 2085 1192 2106 omnes
1206 2085 1341 2106 consensu
1359 2077 1488 2113 synodica
1507 2076 1694 2110 devoventea,

909 2126 1013 2153 alienos
1030 2132 1044 2152 a
1058 2125 1170 2152 Christo
1189 2123 1426 2159 pronuntiaverint
1436 2143 1442 2155 ,
1469 2130 1501 2150 ac
1514 2122 1623 2150 diabolo
1638 2127 1695 2149 tra-

911 2170 1051 2200 diderint?
1067 2171 1134 2204 Quis
1157 2178 1222 2205 ergo
1247 2169 1400 2205 intelligens
1419 2176 1452 2196 ac
1476 2169 1575 2196 timens
1597 2167 1693 2200 Deum,

69 2214 216 2248 6ουμένων
232 2213 279 2240 τὸν
304 2212 381 2245 Θεὸν,
402 2213 451 2244 τὰς
464 2212 564 2248 μιαρὰς
581 2213 628 2239 καὶ
642 2213 789 2248 βδελυκτὰς
806 2215 856 2240 αὑ-

945 2217 1039 2244 ofanas
1059 2223 1091 2244 ac
1115 2216 1296 2243 exsecrandas
1310 2221 1406 2242 eorutn
1431 2213 1560 2248 synodos,
1583 2219 1651 2247 quas
1667 2213 1694 2239 in

68 2260 131 2287 τῶν
145 2259 281 2291 συνόδους,
295 2259 345 2290 τὰς
357 2259 506 2293 γενομένας
517 2259 545 2284 ὲν
556 2259 617 2290 ταῖς
636 2260 796 2290 σατανικαῖς
812 2259 860 2286 καὶ

67 2305 237 2335 διαὸολικαῑ,
252 2305 300 2331 καὶ
308 2305 478 2339 δαιμονικαῖς
492 2304 583 2330 αὐτῶν
601 2304 715 2339 χώραις,
731 2303 761 2331 ἐν
779 2313 808 2330 τε
825 2306 858 2340 τῇ

68 2351 210 2386 λεγομένῃ
236 2351 330 2385 Τιῦὴν,
354 2349 402 2377 καὶ
426 2350 632 2386 Μαντξικιὲρτ,
652 2350 784 2377 Ἰουδαῖκὰ
811 2351 859 2377 καὶ

69 2396 206 2430 Καφαῖκὰ
224 2395 279 2431 (ιε)
308 2395 444 2431 συνέδρια,
471 2396 522 2422 οὐκ
551 2395 748 2430 ἁναθεματίσει
772 2396 857 2431 ψυχῇ,

68 2441 184 2476 καρδίᾳ,
215 2441 262 2468 καὶ
296 2441 411 2476 στόματι
426 2449 433 2456 ·
447 2442 476 2468 ἑν
497 2438 541 2472 αἷς
564 2442 655 2468 πᾶσαν
685 2442 792 2476 αἰρεσιν
811 2443 858 2468 κα)⁸

70 2487 260 2522 βλασφημίαν,
289 2487 338 2513 καὶ
368 2487 460 2513 πᾶσαν
488 2487 650 2519 κακοδοξίαν
676 2486 856 2522 κηρύξαντες,

70 2533 189 2564 καὶτοῖς
209 2533 358 2567 όμόφροσιν
380 2533 470 2559 αὐτῶν
493 2532 718 2568 παραδώσαντες,
742 2534 790 2559 καὶ
804 2534 859 2560 πᾶ·

69 2588 126 2607 σαν
141 2579 310 2605 ἀποστασίαν
325 2579 396 2605 κατὰ
407 2580 457 2614 τῆς
469 2579 615 2613 καθολικῆς
633 2579 797 2614 Ἐκκλησίας
808 2580 859 2606 αὐ-

65 2627 138 2657 τοὺς
162 2625 327 2660 διδάξαντες,
354 2625 403 2652 καὶ
426 2625 548 2661 ἀρητὰς
576 2626 626 2659 τῆς
652 2624 794 2660 ὁρθοδόξου
813 2626 860 2652 πί-

68 2679 171 2704 στεως,
187 2672 235 2698 καὶ
254 2671 411 2707 ἀλλοτρίους
425 2672 473 2698 τοῦ
494 2671 614 2706 Χριστοῦ
625 2673 858 2706 καταστήσαντες,

68 2715 198 2752 κατάρας
211 2717 294 2744 τέκνα
310 2717 358 2744 καὶ
372 2717 508 2749 ἀπωλείας
522 2717 608 2751 υιοὺς,
625 2718 671 2744 καὶ
696 2717 744 2744 τοῦ
763 2718 861 2746 ἀναθέ-

108 2777 135 2794 ’δ
153 2776 248 2805 Matth.
264 2786 319 2810 nt,
341 2778 383 2805 l9.

105 2835 164 2870 (42)
181 2835 261 2863 Forte
273 2836 443 2869 Καῖαφαῖκᾰ.

910 2262 1041 2290 satanicis
1058 2269 1089 2288 ac
1111 2260 1264 2292 diabolicis,
1291 2258 1520 2293 damoniacisque
1545 2265 1639 2285 eorutn
1657 2257 1696 2284 lo-

910 2309 961 2340 cis,
974 2315 1036 2335 cum
1050 2306 1185 2342 appellato
1200 2305 1297 2337 Tiben,
1320 2310 1376 2331 tum
1392 2303 1563 2331 Mantziciert
1582 2301 1694 2330 Judaica

910 2361 942 2381 ac
966 2353 1075 2387 Caiphae
1101 2350 1281 2379 conciliabula
1307 2350 1489 2381 celebrarunt,
1517 2356 1570 2376 non
1592 2349 1695 2381 anitno,

910 2399 993 2427 corde
1020 2405 1052 2425 ac
1072 2404 1120 2425 ore
1137 2396 1352 2424 anathematiaet
1369 2404 1377 2423 :
1394 2395 1422 2422 in
1446 2394 1544 2429 quibus
1568 2393 1694 2421 haresim

911 2453 1030 2478 omnem,
1046 2452 1078 2472 ac
1093 2444 1301 2477 blasphemiam,
1318 2449 1480 2475 omnemque
1492 2448 1611 2468 errorem
1627 2447 1696 2474 prat-

912 2492 1047 2524 dicantes,
1066 2498 1098 2517 ac
1114 2489 1278 2525 sequacibus
1293 2489 1351 2516 suis
1367 2488 1519 2519 tradentes,
1534 2492 1695 2519 omnemque

911 2544 960 2565 eos
984 2537 1115 2564 adversus
1141 2534 1289 2563 Ecclesiam
1326 2533 1489 2561 catholicam
1516 2531 1694 2560 defectionem

912 2583 1050 2614 docentes,
1071 2587 1153 2616 atque
1182 2580 1216 2607 ad
1244 2584 1344 2607 rectam
1365 2579 1445 2607 tidem
1473 2578 1623 2614 negandum
1644 2576 1697 2604 im-

913 2627 1054 2663 pellentes,
1071 2635 1102 2655 ac
1117 2627 1221 2654 alienos
1235 2634 1250 2653 a
1265 2626 1374 2654 Christo
1389 2625 1595 2658 constituentes,
1611 2623 1696 2651 male-

913 2673 1040 2702 dictiouis
1062 2681 1094 2701 ac
1119 2672 1281 2707 perditionis
1299 2671 1380 2706 ﬁlios,
1404 2676 1432 2699 et
1446 2669 1626 2698 anathemati:
1639 2669 1694 2696 lue-

913 2720 993 2748 redes
1002 2719 1169 2748 effecerunt?
1179 2718 1245 2752 Quis
1257 2726 1322 2754 ergo
1334 2719 1447 2746 attdiens
1458 2717 1574 2753 primatu
1584 2723 1692 2744 sacram
