1875 3056
200 120 266 154 1191

727 122 851 154 ISAACI
871 122 1059 154 ARMENM!
1079 122 1284 153 CATHOLICI

1752 121 1802 154 ll'ﬁ

198 183 381 206 trecentorum
413 178 505 206 decem
535 183 563 207 et
596 182 657 206 octo
687 183 844 207 sanctorum
871 179 979 207 Patrum

1049 186 1123 210 ιατος
1154 177 1340 214 κληρονόμους
1366 177 1477 210 τούτους
1506 176 1753 212 εῑργάσαντο;Τις
1772 177 1804 204 οἵη

199 224 334 253 Nicaenam
350 225 494 260 synodum,
514 229 570 252 tres
593 231 725 260 personas
740 233 785 252 seu
809 225 980 260 hypostases,

199 279 334 304 unamque
348 271 532 298 substantiam
551 271 609 298 sive
624 274 750 298 naturam
766 271 791 298 in
814 275 909 298 sancta
922 270 981 297 Tri-

164 329 173 342 κ
198 317 284 344 nitate
301 317 507 351 praedicantem,
523 324 576 343 non
600 320 787 351 eos‘tauquam
811 315 982 343 adversarios

197 362 294 394 oderit,
312 369 342 389 ac
356 366 485 396 negantes
500 361 635 389 Nictenam
646 362 789 397 synodum,
800 361 844 397 qui
858 366 980 388 naturam

197 415 340 442 personam
357 415 418 435 csse
431 407 512 443 impie
529 415 561 435 ac
576 408 659 436 stulte
675 407 787 435 dicunt?

492 516 607 545 CAPUT
626 516 685 544 ΧΙΙ.

291 564 329 591 De
343 564 394 598 piis
408 563 574 599 dogmatibus
588 571 646 598 qua
661 563 780 590 Armenii
795 568 900 598 negant.

231 654 252 681 ι.
272 653 337 686 Quis
350 653 466 681 audiens
486 657 597 680 sanctos
613 659 707 681 omnes
725 660 756 680 ac
777 661 791 679 a
807 653 862 680 Deo
878 652 981 681 amatos

195 699 302 732 Patres,
321 699 462 734 ipsamque
475 698 613 726 Niemnam
631 699 762 734 synodum
777 700 844 727 duas
861 699 887 726 in
901 700 981 726 Citri-

194 751 237 772 sto
265 749 376 772 naturas
401 745 603 779 praedicantes,
630 745 858 779 quemadmodum
886 750 980 773 sancta

168 786 175 791 ’
195 791 314 826 synodus
340 790 580 823 Chalcedonensis,
617 790 669 818 hoc
696 796 756 825 est,
782 799 826 819 res
857 799 980 820 seorsum

195 844 276 863 veras
291 855 298 867 .
321 835 450 863 deitatem
469 843 501 863 ac
516 835 724 868 humanitatem,
750 837 777 863 in
797 844 847 863 una
864 845 980 873 persona
994 848 1018 878 Β

195 891 227 910 ae
255 883 409 918 hypostasi,
435 890 487 910 non
514 883 549 910 ab
573 883 632 910 istis
658 883 797 916 resilierit,
825 885 922 918 dieque
948 893 979 913 ac

195 931 274 953 nocte
290 933 336 953 eos
354 925 505 959 devoverit,
523 927 568 962 qui
586 935 666 954 unam
681 932 806 956 naturam
821 934 905 956 totam
921 929 980 957 dei-

195 975 276 998 tatem
299 972 324 998 in
348 971 456 999 Christo
473 972 620 1007 pradicent
634 992 641 1005 ,
656 980 772 1008 eumque
794 974 881 1002 media
904 979 981 1010 parte

194 1022 293 1052 negent
302 1017 315 1044 ἲ

231 1063 264 1090 ll.
292 1063 359 1096 Quis
383 1064 496 1091 audiens
518 1063 655 1091 Christum
682 1065 818 1093 dicentem
849 1067 979 1101 apostolis

194 1113 254 1143 post
272 1110 499 1137 resurrectionem
516 1119 523 1137 :
544 1110 654 1145 Palpate
673 1119 724 1144 me,
747 1120 779 1139 ac
795 1111 891 1144 videte,
915 1114 979 1148 quia

194 1163 301 1182 carnem
316 1163 347 1182 ac
368 1163 429 1182 ossa
451 1155 534 1183 habeo
549 1156 584 1189 “,
609 1164 661 1183 non
685 1156 786 1185 Christi
809 1158 979 1187 adversarios

197 1209 228 1227 ac
246 1201 422 1228 antichristus
448 1201 514 1228 istos
536 1201 722 1237 appellaverit,
741 1203 786 1237 qui
806 1203 864 1238 ejus
880 1208 979 1239 negent

132 1254 139 1257 ν
195 1253 316 1278 carnem,
334 1253 366 1273 ac
384 1246 470 1273 instar
485 1252 567 1280 guttae
584 1247 671 1275 mellis
697 1252 744 1275 aut
765 1249 845 1281 aceti,
871 1249 979 1276 deitatis

194 1291 289 1327 pelago
304 1292 454 1319 demersam
468 1293 570 1325 dicant,
584 1297 666 1328 atque
679 1294 852 1328 invisibilem,
868 1302 901 1323 ac
919 1295 979 1323 sine

194 1337 343 1365 substantia
357 1345 418 1366 esse
432 1337 532 1366 factam
547 1339 696 1381 doceant?‘

230 1430 275 1458 Ill.
294 1431 362 1464 Quis
387 1432 484 1460 iterum
498 1452 506 1464 ,
529 1433 615 1468 ipsum
643 1435 754 1463 audiens
777 1435 920 1464 Dominum
946 1444 978 1464 ac

194 1477 278 1503 Deum
291 1481 413 1504 nostrum
425 1477 569 1510 dicentem,
583 1479 645 1513 quia
678 1480 742 1507 Veni
762 1482 878 1508 animam
892 1491 976 1510 meam

1032 223 1139 251 ἀκούων
1151 223 1199 260 τὴν
1217 224 1246 250 ὲν
1262 224 1367 259 Νικαίᾳ
1381 227 1406 252 α’
1424 224 1475 259 τὴν
1490 224 1572 258 ἁγίαν
1588 223 1648 250 τῶν
1667 226 1722 258 τιη¹
1737 223 1804 256 ἁγίων

1032 270 1165 306 Πατέρων
1191 269 1313 304 σύνοδον,
1334 271 1397 306 τρια
1425 271 1559 305 πρόσωπα
1584 271 1633 298 καὶ
1646 270 1806 302 ὑποστάσεις,

1032 316 1079 343 καὶ
1091 317 1156 351 μίαν
1171 316 1265 343 οὐσίαν
1282 317 1342 352 ἦτοι
1371 316 1463 351 φύσιν,
1479 317 1525 343 ἐπὶ
1541 317 1592 350 τῆς
1608 317 1696 350 ἁγίας
1709 316 1807 351 mea;

1032 362 1233 397 κηρύττουσαν,
1248 363 1279 389 οὒ
1298 364 1374 398 μισεῖ
1392 362 1504 394 τούτους
1518 363 1556 395 ὡς
1570 362 1691 398 ἐχθροὺς
1712 361 1756 389 καὶ
1772 363 1809 398 ἁρ-

1031 408 1115 443 νητάς
1126 409 1175 443 τῆς
1189 409 1218 435 ὲν
1243 409 1347 445 Νικαῖᾳ
1367 409 1488 442 συνόδου,
1504 409 1554 444 τὴν
1577 409 1664 444 φύσιν
1678 409 1809 445 πρῦσωπσι

1031 454 1137 486 ἀσεϐῶς
1155 454 1203 480 καὶ
1219 455 1340 505 ἀνοήτως
1361 454 1510 488 λέγονταςῖ

1287 510 1486 538 ΚΕΦΔΛΔΙΟΝ
1501 510 1553 540 ΙΒ’.

1031 557 1102 592 Περὶ
1125 557 1186 584 τῶν
1218 557 1353 585 εὐσεϐῶν
1375 557 1530 592 δογμάτων
1543 554 1589 584 ὧν
1615 557 1811 592 ἀρνοῦντωοι

1349 592 1488 626 Ἀρμένιοι
1493 611 1500 619 .

1066 639 1114 675 Δ¹ξ
1123 649 1170 681 Τις
1185 649 1293 676 ἀκούων
1306 649 1410 680 πάντας
1423 649 1486 680 τοὺς
1497 638 1590 682 ἁγίους
1608 650 1659 676 καὶ
1676 649 1812 684 θεν-,μέρους

1032 695 1168 730 Πατέρας,
1183 696 1232 722 καὶ
1247 696 1332 731 αὐτὴν
1349 696 1398 731 τὴν
1415 697 1444 722 ὲν
1459 696 1562 732 Νικαίᾳ
1575 696 1698 728 σύνοδον,
1718 696 1763 723 δύο
1774 697 1812 730 σύ-

1032 750 1090 773 σεις
1112 743 1140 768 ὲν
1161 742 1274 777 Χριστῷ
1288 742 1490 777 κηρύττοντας,
1511 743 1548 774 ὡς
1562 744 1611 770 καὶ
1633 745 1651 778 ἠ
1665 745 1696 770 ἐν
1714 744 1813 776 Χαλκη-

1030 788 1087 815 δόνι
1107 787 1172 822 ἁγία
1187 788 1307 821 σύνοδος,
1321 789 1463 815 τούτέστιν
1478 790 1532 826 ἰδίᾳ
1545 789 1637 825 ἀληθῆ
1659 790 1812 825 πράγματα,

1032 833 1147 869 θεότητα
1176 835 1224 860 καὶ
1253 831 1471 870 ἁῦθρωπότητα,
1487 836 1515 861 ἐν
1546 835 1588 862 ἑνὶ
1613 835 1760 870 προσώπῳ
1775 836 1813 862 ui

1036 880 1086 916 μιᾷ
1101 879 1257 912 ὑποστάσει,
1272 881 1322 907 οὐκ
1341 880 1504 915 ἐκφεύξεται
1520 881 1647 913 τούτους,
1661 881 1711 908 καὶ
1727 881 1814 908 ἀντενε-

1034 926 1144 961 ματίσει
1168 926 1276 961 ἡμέρας
1302 926 1350 953 καὶ
1371 927 1478 958 νυκτὸς,
1497 927 1563 962 μίαν
1584 927 1670 962 φύσιν
1681 927 1749 961 ὃλην
1767 926 1814 952 θεό-

1032 980 1101 1006 τητα
1121 973 1151 999 ἐν
1172 972 1285 1007 Χριστῷ
1308 973 1504 1009 κηρύττοντας,
1519 974 1567 1000 καὶ
1591 973 1622 999 τὸ
1635 973 1725 1008 ἥμισυ
1742 972 1814 999 αὐτοῦ

1031 1017 1257 1052 ἀπαρνουμένους
1271 1026 1279 1050 ;

1067 1063 1104 1089 B’.
1121 1063 1169 1096 Τίς
1183 1063 1291 1090 ἁκούων
1309 1062 1357 1090 τοῦ
1380 1061 1498 1098 Χριστοῦ
1522 1063 1592 1098 μετὰ
1605 1062 1658 1098 τὴν
1672 1063 1814 1090 ἀνάστασιν

1031 1107 1158 1142 λέγοντος
1181 1111 1237 1141 τοῖς
1257 1109 1418 1141 ἀποστόλοις
1431 1115 1439 1123 '
1459 1109 1672 1143 Ψηλαφιὶσατέ
1694 1117 1747 1143 μοι
1772 1110 1814 1136 καὶ

1021 1154 1110 1182 -ῑδετε
1120 1176 1127 1188 ,
1144 1155 1187 1181 ὅτι
1199 1155 1299 1189 σάρκα
1312 1156 1371 1190 ἔχω
1385 1155 1434 1182 καὶ
1451 1155 1527 1183 ὀστᾶ
1539 1164 1546 1171 ·
1565 1155 1596 1182 οὗ
1616 1163 1815 1190 χριστομσχοπυς

1031 1200 1144 1231 τούτους
1172 1201 1220 1227 καὶ
1251 1200 1440 1236 ἀντιχρίστους
1460 1200 1639 1232 ἀποκαλέσει,
1666 1201 1720 1235 τὴν
1735 1200 1814 1235 captu

1031 1245 1115 1272 αὑτοῦ
1127 1246 1323 1281 ἀρνουμένους,
1335 1248 1382 1272 καὶ
1393 1247 1431 1278 ὡς
1443 1246 1562 1280 σταγόνα
1575 1246 1690 1281 μέλιτος
1703 1247 1721 1281 ἦ
1733 1246 1813 1278 δξους,

1031 1293 1060 1318 ὲν
1075 1291 1114 1327 τῷ
1130 1292 1244 1326 πελάγει
1273 1293 1323 1327 τῆς
1339 1292 1466 1328 θεότητος
1494 1293 1755 1328 καταποντισθῆναι
1777 1293 1814 1319 λέ-

1031 1345 1139 1371 γοντας.
1158 1337 1207 1364 καὶ
1223 1337 1350 1372 ἀόρατον,
1364 1338 1411 1364 θεαὶ
1425 1336 1562 1368 ἀνούσιον,
1578 1341 1628 1363 καὶ
1642 1337 1814 1371 ἀνύπαρκτον

1031 1383 1196 1418 γεγενῆσθαι
1213 1383 1397 1418 κηρύττοντας
1408 1391 1416 1416 ;

1067 1428 1105 1456 I".
1124 1428 1174 1459 Τίς
1201 1427 1310 1454 ἀκούων
1339 1427 1421 1454 πάλιν
1450 1426 1534 1454 αὐτοῦ
1564 1425 1614 1453 τοῦ
1640 1426 1749 1461 Κυρίου
1774 1426 1814 1452 u‘t

1030 1473 1098 1501 Θεοῦ
1108 1474 1187 1509 ἡμῶν
1200 1473 1337 1507 λέγοντος,
1346 1473 1386 1499 ὅτι
1396 1472 1507 1501 ’Ἦλθον
1521 1471 1631 1507 ψυχήν
1641 1481 1707 1507 μου
1720 1471 1813 1498 δοῦν-οι

195 1523 260 1549 dure
278 1523 482 1557 redemptionem
497 1532 545 1558 pro
560 1524 652 1552 multis
664 1526 686 1542 "
702 1534 709 1559 ;
727 1534 759 1553 ac
773 1535 781 1553 :
796 1527 851 1561 Ego
864 1529 979 1555 animam

1049 1519 1146 1553 utpar
1156 1519 1223 1546 ἀντὶ
1242 1518 1367 1545 πολλῶν
1379 1526 1386 1534 ·
1403 1519 1452 1545 καὶ
1464 1538 1471 1549 ,
1489 1519 1530 1544 ὃτι
1551 1517 1628 1551 Ἐγὼ
1643 1517 1705 1551 τὴν
1718 1518 1814 1551 ψυχήν

196 1575 279 1594 meam
294 1576 361 1602 pono
378 1577 424 1602 pro
442 1569 532 1596 ovibus
550 1571 614 1597 meis
627 1570 660 1604 ";
680 1576 724 1598 et:
742 1571 824 1599 Panis
841 1581 917 1607 quem
933 1582 979 1609 ego

195 1614 275 1644 dabo,
303 1621 365 1639 caro
393 1621 450 1640 mea
476 1618 533 1647 est,
558 1623 637 1650 quam
656 1623 702 1650 ego
725 1616 794 1642 dabo
817 1625 864 1650 pro
887 1618 979 1644 mundi

194 1658 249 1685 vita
262 1658 303 1686 ’τι
319 1658 439 1693 itemque
453 1658 589 1686 dicentem
605 1661 638 1687 ad
653 1660 760 1689 Iudaeos
774 1670 781 1688 :
797 1661 894 1690 Solvite
914 1667 981 1690 tem-

194 1703 267 1737 plum
281 1704 340 1737 hoc,
355 1709 378 1731 et
392 1705 418 1731 in
435 1705 518 1732 tribus
540 1706 631 1733 diebus
653 1708 771 1734 excitabo
788 1708 854 1735 illud
868 1709 892 1725 ”
905 1717 913 1736 :
926 1717 979 1738 non

195 1748 274 1780 istos,
293 1754 319 1775 uI
338 1749 385 1776 Dei
402 1749 496 1778 hostes
512 1752 709 1784 exsecrabitur,
732 1761 764 1779 ac
781 1753 978 1787 adversabitur,

195 1795 242 1830 qui
259 1794 359 1822 Christi
375 1795 501 1824 deitatem
526 1804 578 1824 una
598 1805 658 1824 cum
680 1806 761 1826 carne
782 1799 936 1834 passibilem
949 1806 981 1828 ae

196 1838 351 1872 mortalem,
369 1839 441 1867 sicut
456 1841 550 1874 Arius,
575 1841 774 1876 blasphement,
800 1843 941 1879 ipsumque
964 1852 979 1871 a

195 1884 276 1912 Patre
290 1886 439 1921 separent?

231 1974 276 2002 ιν.
293 1974 360 2008 Quis
389 1979 500 2003 sanctos
526 1976 661 2011 apostolos
687 1977 819 2012 audiens,
848 1979 979 2008 Joannem

197 2019 377 2054 Theologum,
391 2028 423 2048 ac
439 2029 564 2057 magnum
579 2022 690 2050 Paulum
704 2031 712 2050 :
733 2023 809 2051 illum
831 2025 940 2060 quidem
954 2027 980 2055 in

197 2065 342 2100 Evangelia
358 2066 491 2094 dicentem
509 2076 517 2094 :
540 2066 650 2096 Verbum
669 2078 732 2097 caro
755 2071 857 2106 factum
875 2079 932 2104 est.
956 2078 982 2101 et

196 2110 367 2138 habitauitin
392 2112 467 2139 nobis
479 2111 520 2145 υς
545 2112 617 2141 hunc
643 2120 732 2142 autem
763 2117 798 2144 ad
823 2116 980 2146 Corinthios

195 2157 372 2190 scribentem,
387 2163 414 2184 et
428 2158 454 2185 in
469 2159 526 2186 haec
541 2159 623 2186 verba
639 2168 688 2189 nos
704 2161 884 2197 alloquentem
900 2173 907 2192 :
928 2164 979 2191 Vo:

1028 1574 1087 1600 μου
1105 1566 1206 1600 τΙθημι
1220 1563 1296 1598 ὑπὲρ
1315 1563 1375 1591 τῶν
1393 1563 1549 1597 προϐάτων
1557 1571 1619 1598 μου
1633 1572 1641 1579 ·
1657 1563 1707 1589 καὶ
1725 1564 1777 1593 ὅτι,
1797 1564 1814 1588 0

1031 1612 1121 1645 ἄρτος
1136 1611 1171 1638 ὂν
1185 1610 1243 1645 ἐγὼ
1259 1610 1345 1636 δώσω
1359 1630 1367 1642 ,
1384 1609 1402 1643 ἰἱ
1422 1609 1499 1644 σάρξ
1509 1610 1570 1644 μού
1588 1609 1691 1641 ἐστιν,
1710 1609 1751 1642 ἢν
1767 1609 1816 1643 ἐγὼ

1030 1657 1116 1684 δώσω
1130 1655 1206 1690 ὑπὲρ
1218 1655 1275 1690 τῆς
1294 1655 1346 1682 τοῦ
1359 1655 1477 1690 κόσμου
1492 1654 1568 1689 ζωῆς
1581 1663 1589 1670 ·
1606 1656 1656 1682 καὶ
1671 1656 1742 1690 πρὸς
1756 1656 1815 1682 Ἰου-

1030 1703 1123 1734 δαίους
1136 1702 1266 1735 λέγοντος
1277 1710 1283 1717 ·
1301 1701 1420 1728 Λύσατε
1437 1701 1491 1728 τὸν
1506 1701 1582 1727 ναὸν
1592 1701 1718 1733 τοῦτον,
1731 1701 1815 1727 καὶέν

1031 1747 1133 1783 τρισὶν
1147 1747 1272 1782 ἡμέραις
1288 1747 1379 1782 ἐγερῶ
1395 1746 1488 1773 αὐτόν
1498 1754 1505 1762 ·
1520 1746 1550 1772 οὐ
1566 1745 1751 1781 βδελύσσεται
1764 1746 1816 1772 τοῦ·

1029 1802 1093 1825 τους
1108 1793 1145 1825 ὡς
1162 1793 1314 1828 θεομάχους
1332 1794 1378 1819 καὶ
1391 1791 1609 1826 ἀποστρέφεται,
1628 1791 1762 1827 παθητὴν
1775 1791 1815 1818 καὶ

1031 1840 1132 1875 θνητὴν
1154 1839 1203 1874 τὴν
1228 1838 1345 1874 θεότητα
1367 1837 1486 1873 Χριστοῦ
1509 1838 1559 1864 σὺν
1578 1839 1613 1872 τῇ
1634 1838 1723 1873 σαρκὶ
1738 1837 1815 1872 βλασ-

1029 1886 1201 1921 φημοῦντας,
1223 1885 1261 1917 ὡς
1283 1887 1297 1912 ὁ
1322 1886 1441 1920 Ἄρειος,
1462 1884 1511 1911 καὶ
1531 1883 1578 1910 τοῦ
1604 1884 1718 1919 Πατρὸς
1743 1884 1817 1910 αὐτοι

1030 1931 1251 1966 ἀποχωρίζοντας
1265 1939 1273 1964 ;

1065 1978 1101 2004 A'.
1119 1977 1168 2009 Τίς
1184 1977 1293 2004 ἀκούων
1315 1976 1368 2003 τῶν
1389 1976 1477 2010 ἁγίων
1498 1977 1672 2010 ἀποστόλων,
1699 1977 1817 2004 Ἰωάννου

1029 2023 1077 2050 τοῦ
1100 2023 1244 2057 Θεολόγου,
1270 2022 1317 2050 καὶ
1339 2022 1387 2049 τοῦ
1406 2023 1527 2058 μεγάλου
1544 2022 1656 2050 Παύλου
1668 2032 1676 2039 ·
1695 2024 1744 2050 τοῦ
1774 2022 1817 2057 μὲν

1029 2069 1155 2103 λέγοντος
1183 2069 1212 2095 ὲν
1237 2067 1277 2103 τῷ
1303 2067 1477 2103 Εὐαγγελίῳ,
1493 2068 1535 2094 ὅτι
1555 2068 1587 2095 '0
1614 2068 1718 2102 Λόγυς
1747 2067 1818 2101 σὰρξ

1029 2115 1160 2150 ἐγένετο,
1185 2115 1235 2141 καὶ
1262 2113 1440 2147 ἐσκήνωσεν
1462 2114 1497 2141 ἐν
1518 2114 1592 2148 ἡμῖν
1611 2123 1619 2130 ·
1647 2114 1699 2141 τοῦ
1716 2115 1744 2141 δὲ
1758 2115 1819 2147 reti»

1021 2170 1126 2197 ὶερον-τος
1143 2161 1191 2188 καὶ
1205 2161 1272 2196 πρὸς
1289 2161 1362 2197 ἡμᾶς
1378 2160 1514 2194 λέγοντος·
1533 2161 1636 2195 ’Υμεῖς
1650 2161 1729 2188 ἐστε
1739 2161 1818 2195 σῶμα

195 2202 257 2229 uti:
274 2211 368 2237 corpus
395 2203 506 2237 Christi,
534 2213 564 2232 ac
583 2209 697 2233 membra
720 2215 753 2234 ea:
775 2215 848 2240 parte
861 2209 900 2242 ³⁰;
926 2214 975 2237 et:

1049 2207 1166 2241 ριστοῦ,
1177 2207 1226 2233 καὶ
1240 2206 1318 2241 μέλη
1329 2207 1363 2233 ἐκ
1372 2207 1494 2240 μέρους·
1508 2207 1567 2238 καὶ,
1579 2206 1622 2232 ὅτι
1636 2207 1678 2233 Τὰ
1698 2208 1818 2241 σώματα

196 2249 313 2283 Corpora
341 2255 424 2277 vestra
441 2250 556 2277 membra
580 2258 639 2278 sunt
664 2253 763 2279 Christi
779 2254 820 2287 ";
837 2259 863 2280 et
879 2263 887 2281 :
903 2254 980 2282 Chri-

195 2299 250 2321 stus
265 2303 310 2328 per
324 2296 412 2322 omnia
424 2296 512 2329 [actus
527 2302 565 2324 est
580 2297 654 2324 nobis
667 2298 762 2325 similis
775 2300 864 2332 homo,
881 2300 980 2336 absque

194 2346 299 2374 peccato
313 2341 353 2374 “;
370 2349 423 2369 tton
437 2343 547 2370 damnet
560 2344 656 2370 horum
672 2345 852 2372 temeritatem
874 2353 906 2373 ac
925 2354 979 2374 ne—

195 2387 348 2420 gationem;
364 2392 393 2414 ut
406 2387 533 2415 Christus
550 2389 664 2416 mortale
678 2397 775 2424 corpus
791 2398 822 2416 ac
837 2391 978 2424 passibile,

194 2432 368 2467 ejusdemque
383 2434 522 2460 nobiscum
538 2434 697 2462 substantiae
712 2442 766 2462 tton
781 2435 980 2470 assumpserit:

194 2477 241 2503 sed
262 2484 360 2511 corpus
382 2478 501 2505 immune
522 2486 538 2506 ι
564 2480 741 2513 corruptione
771 2484 798 2507 et
818 2480 979 2514 immortale,

196 2528 342 2557 nostroque
352 2523 497 2556 dissimile,
513 2531 544 2551 ac
558 2524 676 2552 alienum
689 2525 723 2552 ab
735 2525 845 2552 humani
859 2527 982 2560 corporis

195 2568 319 2596 ratione?
336 2569 386 2602 Qui
409 2571 480 2597 enim
496 2571 554 2598 haec
571 2571 663 2598 dicant
678 2571 724 2598 Dei
747 2572 908 2604 adversarii,
932 2580 982 2600 nec

195 2614 312 2643 Verbum
327 2624 439 2644 carnem
460 2616 560 2644 factum
587 2618 710 2650 credunt,
734 2621 762 2644 et
784 2617 924 2645 habitasse
949 2619 975 2645 in

194 2661 283 2694 nobis,
298 2669 347 2689 nec
360 2669 410 2689 nos
424 2662 525 2689 Christi
541 2669 640 2697 corpus
656 2668 683 2690 et
697 2663 817 2691 membra
832 2668 975 2696 asserunt;

192 2707 258 2742 quin
278 2708 360 2735 etiam
383 2707 519 2742 apostolos
539 2708 683 2736 mendaces
709 2716 742 2736 ac
763 2709 919 2736 seductores
934 2708 977 2736 ia-

231 2801 254 2816 “
274 2800 339 2827 an.
356 2808 430 2835 sxw.
445 2800 490 2827 39.
528 2801 550 2817 "
569 2799 664 2827 Matth.
680 2807 727 2833 xx,
745 2798 791 2826 28.
829 2800 853 2816 "
871 2799 951 2835 Joan,
969 2807 1003 2832 ι,
1021 2799 1065 2826 l7.
1103 2801 1126 2816 "
1142 2799 1220 2828 Joatt.
1239 2808 1283 2835 vr,
1306 2800 1351 2829 52.

1027 2254 1112 2288 ὑμῶν
1128 2254 1206 2288 μέλη
1219 2253 1350 2287 Χριστοῦ
1363 2253 1450 2279 ἐστιν
1465 2259 1472 2268 ³
1491 2253 1555 2283 καὶ.
1572 2253 1615 2278 ὅτι
1633 2253 1669 2279 ὀ
1692 2253 1818 2287 Χριστὸς

1029 2299 1103 2326 κατὰ
1118 2300 1217 2325 πάντα
1234 2298 1302 2331 ῑσος
1327 2297 1399 2332 ἡμῖν
1418 2298 1504 2324 ἐστιν
1523 2297 1685 2331 ἅνθρωπος
1698 2318 1707 2330 ,
1734 2298 1819 2333 χωρὶς

1031 2344 1177 2378 ἁμαρτίας
1193 2352 1200 2359 ’
1215 2344 1244 2370 οὐ
1264 2342 1466 2377 καταγινώσκει
1481 2344 1585 2377 τόλμης
1606 2345 1655 2370 καὶ
1677 2345 1819 2379 ἀρνήσεως

1029 2390 1133 2416 τούτων
1147 2398 1154 2404 ·
1167 2390 1209 2416 ὅτι
1233 2389 1314 2423 σῶμα
1344 2388 1441 2423 θνητὸν
1461 2389 1508 2416 καὶ
1524 2389 1658 2423 φθαρτὸν,
1685 2390 1737 2416 καὶ
1759 2391 1819 2424 ἡμῖν

1029 2435 1189 2470 ὁμοούσιον,
1205 2434 1220 2460 ὁ
1235 2434 1353 2470 Χριστὸς
1368 2435 1419 2461 οὐκ
1435 2434 1566 2461 ἀνέλαϐεν
1580 2442 1587 2448 ·
1605 2435 1667 2461 ἀλλ’
1682 2435 1820 2469 ἀιξθιιρτογ

1031 2480 1112 2515 σῶμα
1137 2481 1185 2507 καὶ
1209 2480 1342 2507 ἀθάνατον
1354 2499 1361 2513 ,
1377 2480 1425 2506 καὶ
1439 2480 1566 2514 ἀνόμοιον
1582 2479 1663 2514 ἡμῖν,
1680 2481 1732 2506 καὶ
1748 2481 1821 2507 ἀλκά·

1029 2534 1124 2561 τριον;
1140 2525 1234 2553 Ταῦτα
1246 2526 1302 2561 γὰρ
1321 2525 1449 2559 λέγοντες
1469 2526 1495 2552 οι
1519 2524 1666 2560 Θεομάχοι,
1694 2526 1760 2553 οὔτε
1779 2527 1821 2552 τὸν

1031 2572 1119 2606 Λόγον
1137 2572 1228 2607 σάρκα.
1243 2572 1402 2606 γεγονέναι,
1423 2572 1469 2598 καί
1493 2572 1522 2597 ὲν
1539 2572 1607 2606 ἡμῖν
1632 2572 1819 2608 ὲσκηνωιέτειι

1031 2617 1209 2645 πιστεύουσιν
1222 2626 1229 2633 ·
1247 2617 1309 2645 οὔτε
1331 2619 1404 2653 ἡμᾶς
1430 2618 1511 2654 σῶμα
1530 2619 1656 2653 Χριστοῦ
1693 2621 1741 2646 καὶ
1756 2620 1817 2654 μέλη

1030 2663 1215 2698 κηρύττουσιν
1228 2672 1236 2680 ·
1262 2664 1332 2691 ἀλλὰ
1358 2665 1406 2691 καὶ
1429 2665 1492 2696 τοὺς
1508 2665 1682 2697 ἀποστόλους
1703 2666 1818 2700 ψεύστκ

1033 2709 1081 2736 καὶ
1103 2709 1222 2741 πλάνους
1245 2709 1352 2746 ἔχουσιν
1365 2718 1372 2726 '
1392 2709 1454 2737 οὔτε
1471 2711 1518 2737 τὸν
1532 2711 1656 2747 Χριστὸν
1679 2713 1816 2747 opacum

1402 2800 1425 2817 “
1443 2799 1524 2829 Joan.
1546 2808 1588 2835 tt,
1607 2802 1654 2831 I9.
1703 2801 1726 2817 "
1741 2800 1812 2828 Joan-

197 2843 223 2868 t,
241 2836 285 2863 M.
322 2835 344 2851 '°
361 2834 370 2861 Ι
388 2835 452 2862 Cur.
470 2843 519 2870 nt,
532 2836 578 2862 27.
615 2835 636 2852 ³¹
654 2835 740 2863 lCor.
759 2843 795 2868 vt,
809 2835 853 2863 45.
891 2836 913 2852 "
929 2834 1011 2863 Hebr.
1027 2843 1065 2869 tv,
1080 2835 1124 2863 l5.
