1875 3056
93 128 182 190 nos

624 150 765 181 ORATIO
787 150 800 180 Ι
820 149 968 180 CONTRA
990 146 1197 178 ARMENIOS.

1644 140 1712 172 lilii

89 210 158 245 ἡμῖν
173 209 319 244 ἄνθρωπον
328 207 471 242 γεγονέναι
486 206 673 242 ὁμολογοῦσιν.
687 207 718 233 Et
733 206 761 232 δὲ
773 205 808 232 τὰ
821 204 875 232 σώ-

969 209 1002 230 uit
1016 211 1023 234 ;
1048 210 1096 230 nec
1110 202 1245 230 Christum
1260 201 1336 229 nobis
1352 199 1612 228 censntbstantialcm
1626 199 1714 226 homi-

88 264 163 290 ματα
179 255 258 290 ἡμῶν
278 253 363 288 θνητὰ
378 254 424 281 καὶ
438 253 557 289 φθαρτὰ,
575 253 589 279 ὁ
603 253 691 287 μέγας
711 251 873 283 Ἀπόστολος

87 303 168 337 σῶμα
187 301 318 337 Χριστοῦ,
346 302 393 327 καὶ
423 301 492 335 μέλη
521 299 650 335 ἐκήρυξε,
676 300 724 325 καὶ
753 299 766 325 ὁ
789 298 874 333 Λόγος

88 348 159 383 σὰρξ
177 348 297 381 ἐγένετο,
313 347 360 373 καὶ
374 347 532 382 ἐσκήνωσεν
547 347 575 372 ἐν
594 346 661 380 ἡμῖν
674 367 680 376 ,
699 344 736 376 ὡς
751 344 764 370 ὁ
780 343 875 370 Θεολύ-

87 403 137 428 γος
159 394 255 429 ἔφησε·
271 393 405 428 πρόδηλον
418 393 458 419 ὅτι
470 393 503 419 τὰ
517 392 630 427 σώματα
646 391 699 418 τῶν
711 390 873 426 Ἀρμενίων,

88 441 118 466 οὖ
136 439 251 474 σώματα
265 439 312 465 καὶ
330 439 398 474 μέλη
413 437 533 474 Χριστοῦ
550 439 619 465 εἰσιν
630 449 637 456 ·
652 436 719 463 ἀλλὰ
728 437 774 463 τοῦ
788 437 876 462 Σατα-

71 487 132 522 ννᾶ,
149 485 197 512 τοῦ
228 485 419 519 σκηνώσαντος
443 485 473 510 ὲν
489 485 546 516 τοῖς
567 484 692 520 σώμασιν
707 482 807 514 αὐτῶν,
829 481 875 508 καὶ

85 531 137 562 τὰς
155 531 278 566 αἱρέσεις
301 531 393 557 αὐτῶν
409 530 593 561 διδάσκοντος,
612 531 658 557 καὶ
675 529 710 555 τὰ
726 528 834 560 ζιζάνια
847 527 875 553 ἐν

89 577 183 608 αὐτοῖς
199 575 433 610 ὑποσπείραντος,
458 576 506 602 καὶ
520 575 570 609 τὴν
591 575 688 601 ἑαυτοῦ
715 573 874 609 θεομαχίαν,

89 623 137 650 καὶ
163 623 335 650 ἀποστασίαν
364 623 457 654 αὐτοῖς
481 622 689 653 ὑποϐάλλοντος.
716 621 809 651 Οὕτως
830 619 876 647 οὖν

89 667 173 701 οὗτοι,
188 670 302 700 ἑαυτοὺς
314 668 360 695 τοῦ
370 668 491 704 Χριστοῦ
501 667 706 703 ἁλλοτριοῦντες
717 667 741 693 οἱ
756 665 875 697 ἀσεϐεῖς,

93 716 144 742 οὐκ
160 715 346 749 αἰσχύνονται.

128 804 166 830 Ε’.
189 805 238 835 Τίς
252 803 360 830 ἀκούων
378 804 430 829 τῶν
454 803 614 830 ἀποστόλων
635 802 684 829 καὶ
709 801 763 828 τῶν
791 801 878 834 ἁγίων

90 850 233 884 Πατὲρων,
258 850 308 883 τὶλν
334 849 462 883 γέννησιν
491 849 539 874 τοῦ
569 847 647 881 Θεοῦ,
678 847 726 874 καὶ
750 847 877 882 Σωτῆρος

93 895 173 931 ἡμῶν
196 895 283 930 Ἰησοῦ
307 894 440 930 Χριστοῦ,
467 893 582 930 πρώτην
605 894 714 930 ἑορτὴν,
730 894 776 920 καὶ
799 893 877 928 ῥίζαν

88 943 138 970 καὶ
160 942 258 977 ἀρχὴν,
288 942 334 968 καὶ¹
361 941 465 976 ἑορτῶν
489 941 599 976 ἑορτὴν,
630 940 678 967 καὶ
710 940 877 976 μητρόπολιν

89 990 186 1017 πασῶν
216 988 319 1023 ἑορτῶν
345 988 535 1022 ὀνομαζόντων
559 995 565 1002 ·
596 986 709 1018 τούτους
732 987 783 1013 κᾶν
809 985 878 1017 ὅλως

87 1035 272 1070 Χριστιανοὺς
293 1034 447 1068 λογίσηται,
463 1034 510 1060 καὶ
525 1035 563 1069 μὴ
587 1034 690 1068 μᾶλλον
715 1033 877 1069 ἀρνησιχρί-

89 1089 172 1112 στους
186 1081 233 1107 καὶ
245 1080 428 1111 διαϐολικοὺς,
445 1080 507 1115 μηδ’
521 1079 588 1111 ὅλως
600 1080 648 1114 τὴν
657 1079 785 1114 γέννησιν
797 1079 877 1105 αὑτοῦ

91 1126 316 1163 μνημονεύοντας
333 1126 349 1162 ἢ
367 1127 567 1162 ἑορτάζοντας;

127 1217 164 1242 κ’·
187 1215 234 1246 Τίς
250 1214 356 1242 ἀκούων
370 1214 424 1241 τῶν
438 1214 524 1249 ἁγίων
539 1215 667 1250 ΙΙοιτέρων
680 1215 726 1241 δύο
738 1215 879 1250 Θελήματα

89 1262 205 1297 φυσικὰ.
223 1262 270 1288 καὶ
286 1261 333 1287 δύο
348 1262 464 1295 φυσικὰς
481 1262 622 1296 ἐνεργείας
646 1262 676 1288 ἐν
694 1261 806 1296 Χριστῷ
827 1270 878 1297 κη-

91 1307 251 1343 ρύττοντας,
271 1307 362 1339 καθὼς
379 1307 459 1339 αὐτὸς
483 1308 497 1334 ὁ
522 1307 624 1342 Κύριος
646 1307 675 1333 ὲν
700 1307 878 1342 Εὑαγγελίοις

89 1354 215 1380 διδάσκει
238 1354 268 1380 οὺ
285 1353 400 1385 δικαίως
420 1353 560 1388 μέμψεται
583 1353 707 1386 τούτους,
735 1353 772 1385 ὡς
792 1355 880 1381 Μανι-

90 1399 201 1434 χαίους,
223 1400 270 1425 καὶ
297 1398 551 1434 ’Λπολλιναριστὰς,
580 1399 627 1426 καὶ
654 1399 878 1434 Εὑτυχιανιστὰς,

93 1444 166 1479 μήτε
197 1443 320 1477 θέλησιν,
353 1444 421 1478 μήτε
452 1444 594 1480 ἐνέργειαν
619 1445 820 1480 ὁμολογοῦντας
850 1447 879 1472 ὲν

89 1490 206 1526 Χριστῷ
222 1499 230 1507 ·
249 1490 319 1517 ἀλλὰ
341 1491 407 1525 μίαν
429 1491 538 1526 θέλησιν
563 1491 610 1518 καὶ
635 1491 789 1526 ἐνέργειαν,
810 1492 848 1523 ὡς
865 1493 880 1517 ὁ

92 1537 216 1571 Ἀρειος,
235 1538 282 1564 ἐπὶ
299 1537 419 1573 Χριστοῦ
432 1537 630 1573 κηρύττοντας,
643 1537 689 1564 καὶ
702 1537 752 1572 τὴν
765 1537 879 1572 θεότητα

90 1582 180 1610 αὐτοῦ
195 1584 386 1619 εὐτελέστερον
400 1583 448 1610 τοῦ
460 1584 566 1619 Πατρδς
579 1583 770 1615 δεικνύοντας.

127 1630 166 1656 Z’.
188 1629 236 1661 Τίς
250 1629 323 1664 ὀρῶν
343 1629 389 1655 καὶ
406 1629 514 1656 ἀκούων
539 1630 588 1661 τὰς
615 1629 809 1665 πανηγυρικὰς
831 1629 879 1655 αύ-

87 1675 148 1701 τῶν
164 1675 282 1710 βίϐλους,
298 1675 350 1706 τὰς
370 1675 533 1710 Ἀρμενιστὶ
550 1674 751 1710 γεγραμμένας
777 1674 878 1705 πάσας,

89 1721 140 1748 δύο
159 1721 266 1755 φύσεις,
285 1721 333 1747 καὶ
345 1721 392 1747 δύο
405 1721 547 1755 ἐνεργείας
563 1721 712 1755 προφανῶς
727 1721 755 1746 ὲν
770 1719 880 1755 Χριστῷ

89 1766 295 1802 κηρυττούσας,
312 1766 402 1798 καθὼς
422 1767 552 1802 μυριάκις
577 1767 758 1800 ὑπεδείξαμεν
776 1766 878 1798 αὐτοῖς,

89 1813 141 1839 καὶ
163 1812 317 1847 ὴλέγξαμεν
341 1813 369 1844 ἐξ
391 1813 482 1838 αὐτῶν
495 1812 549 1838 τῶν
564 1812 636 1838 ἰδίων
649 1811 770 1847 βιϐλίων,
784 1811 814 1838 οὐ
832 1811 880 1838 Θα-

89 1858 175 1885 νάτου
189 1859 297 1893 ἐνόχους
314 1857 395 1890 ἀξίως
411 1858 631 1889 καταδικὰσειεν,
648 1857 686 1890 ὡς
701 1857 820 1893 ἁρνητὰς
832 1857 879 1883 τοῦ

90 1904 226 1940 Χριστοῦ,
241 1905 288 1931 καὶ
303 1903 457 1938 τῶνλὰγίων
477 1904 610 1939 Πατέρων
627 1903 752 1939 ἐχθροὺς,
769 1904 816 1930 καὶ
831 1911 881 1929 πο-

86 1951 217 1986 λεμίους,
234 1950 288 1977 τῶν
303 1959 332 1977 τε
354 1951 499 1986 Ῥωμαίων
510 1970 518 1982 ,
531 1950 580 1976 καὶ
599 1949 749 1985 Ἀρμενίων
758 1949 881 1985 ἀρχαίων

87 1997 262 2023 διδασκάλων
274 1996 473 2029 θεοπνεύστωνς
486 1996 567 2027 Τίνες
581 1993 627 2022 οὖν
640 1996 730 2030 ἕτεροι
744 1995 880 2031 αἱρετικοὶ

89 2042 292 2077 ἀσεϐήσαντες,
306 2040 394 2073 οὕτως
409 2041 622 2077 ἀνῃσχύντησαν
642 2041 737 2076 ὥσπερ
752 2040 835 2074 οὗτοι,
855 2041 880 2067 οἱ

85 2088 121 2114 τὸ
135 2087 300 2121 Εὑαγγέλιον
314 2087 361 2113 τοῦ
373 2087 492 2122 Χριστοῦ
514 2087 660 2122 περικόψαι
680 2087 727 2114 καὶ
755 2095 881 2122 παραχα-

84 2134 174 2170 ράξαι
189 2135 386 2170 τολμήσαντες;

128 2182 171 2209 H’.
191 2182 250 2208 Τῶν
262 2181 347 2215 ἁγίων
359 2181 489 2216 Πατέρων
503 2179 656 2215 συμφώνως
667 2179 712 2206 τὸν
733 2180 880 2215 Τρισάγιον

87 2229 190 2264 ὕμνον,
205 2229 244 2259 είς
264 2229 313 2264 τὴν
329 2227 410 2262 ἁγίαν
422 2227 525 2262 Τριάδα
541 2227 698 2261 σεραφικῶς
722 2227 769 2253 καὶ
797 2227 880 2261 εὐαγ-

86 2275 212 2310 γελικῶς
227 2274 457 2309 ἀναπεμπόντωνο
472 2274 520 2300 καὶ
534 2273 641 2299 πάντων
659 2274 715 2299 τῶν
728 2273 880 2308 ἀρχιερέων

82 2323 140 2357 τῆς
157 2321 280 2356 μεγάλης
293 2319 528 2355 πόλεωςῬὼμης,
547 2320 587 2350 είς
601 2319 651 2354 τὴν
666 2319 748 2353 ἁγίαν
765 2320 878 2354 Τριάδα,

81 2371 139 2396 τδν
158 2368 307 2403 Τρισάγιον
324 2367 409 2402 ὕμνον
420 2386 427 2398 ,
444 2366 498 2392 ἀπὸ
514 2365 569 2392 τῶν
590 2366 748 2401 κορυφαίων
764 2367 880 2393 ἀποστό-

81 2416 147 2442 λων
165 2412 379 2447 ἀναπέμπεσθαι
401 2411 571 2447 παραλσῦεῖν
582 2412 804 2447 μαρτυρούντων,
833 2413 880 2439 καὶ

84 2461 202 2498 μυρίοις
224 2460 378 2494 ἀναοέμασι
403 2461 451 2486 καὶ
478 2458 677 2494 καθαιρέσεσι,
703 2459 808 2494 Πέτρον
834 2459 880 2485 τὸν

82 2506 208 2541 Κναφέα
236 2505 501 2532 καθυποὸαλλόντων
531 2504 576 2531 διὰ
605 2504 655 2540 τὴν
683 2505 711 2531 ὲν
738 2504 880 2540 Τρισσιγίῳ

83 2554 255 2589 προσθήκην
269 2561 277 2569 υ
292 2552 334 2583 τίς
348 2552 379 2578 οὐ
407 2551 511 2578 τέλειον
529 2551 640 2582 τούτους
668 2552 809 2586 μισήσειεν
833 2552 880 2578 καὶ

81 2600 338 2634 ἀποστραφήσεται
356 2599 393 2629 ὡς
417 2597 537 2629 ἀσεϐεῖς,
561 2597 608 2624 καὶ
631 2597 809 2632 βλασφήμους
833 2597 881 2624 καὶ

81 2646 268 2679 κακοδόξονς,
286 2645 317 2671 οὐ
334 2645 415 2679 μόνον
431 2644 479 2679 τὴν
501 2643 583 2678 ἁγίαν
598 2644 702 2679 Τριαδα
721 2643 882 2679 σταυρωοῆ-

82 2702 138 2721 ναι
154 2692 384 2727 βλασφημοῦντας
399 2702 407 2709 ο
428 2692 496 2719 ἀλλὰ
513 2692 561 2718 καὶ
576 2692 623 2718 τὸν
639 2692 687 2718 Eva.
701 2692 817 2726 Χριστὸν
834 2693 881 2718 τὴν

82 2742 159 2768 Υίὸν
171 2740 217 2767 τοῦ
234 2739 314 2771 Θεοῦ,
327 2739 365 2771 ὡς
377 2741 391 2766 ὁ
407 2740 566 2775 Νεστόριος,
586 2740 625 2769 είς
639 2738 684 2764 δύο
701 2739 774 2769 υἱοὺς
797 2737 879 2773 χωρί-

80 2789 200 2822 ζοντας.

128 2833 169 2862 6'.
192 2835 222 2861 Εἰ
235 2834 263 2860 δὲ
279 2833 453 2868 ἐλεγχόμενοι
468 2833 664 2867 ἀποκρίνονται
680 2831 804 2864 λέγοντες
817 2839 823 2845 ·
839 2831 881 2857 ὅτι

80 2882 177 2916 ἡμεῖς
200 2880 249 2906 οὒκ
277 2880 317 2910 εἰς
345 2879 394 2913 τὴν
425 2879 508 2912 ἁγίαν
536 2877 639 2912 Τριὰδα
662 2877 706 2904 τὸν
735 2876 882 2911 Τρισάγιον

263 2927 395 2958 ΡΑτιιοι..
416 2927 474 2956 Gn.
495 2924 639 2956 CXXXII.

928 256 988 276 nem
1006 249 1107 276 factum
1122 248 1298 276 conﬁtentur.
1312 247 1388 280 Quod
1407 247 1428 273 si
1442 254 1554 281 magnus
1574 245 1713 280 apostolus

926 295 1042 328 Paulus,
1071 295 1194 322 mortalia
1219 302 1250 321 ac
1271 293 1455 328 corruptibilis
1473 299 1586 326 c0rpora
1607 297 1711 324 nostra,

926 341 1027 369 Christi
1045 349 1143 376 corpus
1160 349 1191 368 ac
1208 340 1328 368 membra
1347 330 1501 374 praedicavit
1518 347 1524 365 :
1541 339 1714 372 Vcrhumquo

927 395 991 414 caro
1006 387 1107 414 factum
1126 392 1178 420 est,
1198 392 1224 414 et
1243 387 1374 414 habitavit
1389 386 1415 412 in
1434 386 1521 418 nobis,
1537 385 1716 420 Quemadmo-

931 435 994 460 dum
1013 433 1133 461 Joannes
1158 433 1311 468 Theologus
1335 432 1422 460 dixit:
1440 432 1526 466 palam
1553 436 1595 458 est
1618 431 1715 458 Arme-

929 481 1036 507 niorum
1049 487 1176 514 corpora,
1189 479 1399 513 haudquaquam
1413 477 1514 504 Christi
1530 484 1589 504 esse
1601 483 1714 511 corpora

928 533 959 552 ac
978 526 1108 558 tnembra,
1128 526 1174 553 sed
1191 525 1299 552 Satanas
1317 524 1467 552 habitantis
1485 524 1512 550 in
1533 530 1626 550 eorum
1653 530 1716 550 cor-

929 572 1052 607 poribus,
1068 579 1217 606 eorumque
1232 571 1354 599 docentis
1370 570 1500 603 haereses,
1518 577 1548 596 ac
1564 569 1669 596 zizania
1687 570 1715 596 in

929 618 969 644 eis
994 617 1166 650 seminantis,
1191 624 1322 651 suamque
1340 616 1393 643 illis
1416 616 1555 642 adversam
1581 615 1607 641 in
1631 614 1716 642 Deum

929 666 1049 689 mentem
1084 670 1115 689 ac
1144 662 1323 689 defectionem
1357 660 1538 696 suggerentis.
1573 660 1619 687 Sic
1652 667 1717 694 ergo

930 708 1037 743 impios,
1066 708 1112 743 qui
1136 716 1165 736 se
1184 716 1197 734 a
1220 708 1328 735 Christo
1345 708 1447 734 alienos
1467 705 1646 739 constituant,
1663 712 1716 732 non

930 754 1011 787 pudet
1023 753 1033 779 ?

969 798 1001 825 V.
1018 798 1083 832 Quis
1109 799 1222 826 audiens
1245 799 1383 833 apostolos
1409 806 1439 833 ac
1466 804 1577 826 sanctos
1601 799 1717 830 Patres,

935 845 983 872 Dei
1000 853 1031 872 ac
1046 844 1197 872 Salvatoris
1212 846 1297 872 nostri
1312 845 1375 872 Jesn
1387 845 1489 872 Christi
1503 845 1620 872 natalem
1633 845 1717 877 diem.

931 892 1046 926 primam
1071 891 1286 924 solemnitatem,
1306 891 1479 927 radicemqne
1504 899 1535 919 ac
1556 891 1718 926 principium

931 938 1145 970 solemnitatum,
1166 945 1197 964 ac
1215 938 1416 965 solemnitatum
1433 938 1644 971 solemnitatem,
1657 945 1719 966 om-

934 984 1065 1019 niumque
1099 984 1304 1012 solemnitatum
1329 985 1498 1020 metropolim
1533 984 1716 1020 appellantes,
1763 990 1766 992 ‘

932 1030 1001 1058 istos
1015 1030 1125 1058 omnino
1141 1030 1313 1058 Christianos
1330 1031 1487 1064 arbitretur,
1512 1038 1544 1059 ac
1562 1039 1613 1058 non
1633 1032 1718 1067 magis

932 1076 1070 1104 Christutn
1100 1082 1250 1112 negantes,
1278 1084 1310 1104 ac
1339 1077 1502 1110 diabolicos,
1537 1077 1582 1112 qui
1616 1078 1717 1105 nullam

932 1122 1045 1149 omnino
1065 1122 1124 1157 ejus
1145 1123 1245 1150 natalis
1271 1124 1429 1150 memoriam
1456 1123 1576 1156 faciant,
1607 1130 1653 1152 aut
1670 1132 1718 1152 ce-

932 1167 1036 1196 lebrent
1048 1168 1059 1194 ?
1472 1182 1482 1194 ν

971 1213 1014 1240 Vl.
1034 1213 1099 1246 Quis
1116 1214 1229 1241 audiens
1245 1218 1355 1241 sanctos
1372 1214 1479 1247 Patres,
1498 1215 1635 1242 naturales
1651 1215 1718 1243 duas

934 1259 1098 1292 voluntates,
1111 1268 1142 1286 ac
1157 1261 1224 1287 duas
1238 1261 1375 1287 naturales
1387 1261 1560 1295 operationes
1570 1261 1595 1288 in
1607 1261 1717 1289 Christo

935 1306 1124 1340 prmtlicanles,
1137 1306 1213 1341 juxta
1228 1306 1299 1341 quod
1314 1307 1370 1341 ipse
1388 1307 1518 1333 Dominus
1531 1307 1557 1334 in
1572 1306 1718 1341 Evangelio

933 1353 1033 1386 docet,
1062 1361 1115 1380 non
1142 1353 1259 1385 merito,
1296 1353 1357 1379 illos
1384 1357 1509 1387 tanquam
1538 1353 1720 1385 Manichazos,

934 1399 1164 1434 Apollinaristas,
1190 1406 1221 1426 ac
1238 1398 1458 1434 Eutychianistas
1481 1399 1653 1433 criminetur,
1673 1402 1720 1435 qui

935 1453 986 1473 nec
1012 1445 1191 1479 voluntatem,
1213 1453 1263 1473 nec
1286 1447 1472 1480 operationem
1490 1446 1671 1474 conﬁteantur
1692 1447 1719 1474 in

934 1491 1062 1524 Christo;
1088 1492 1136 1519 sed
1166 1500 1247 1519 unam
1265 1493 1432 1519 voluntatem
1461 1500 1491 1520 ac
1516 1493 1720 1528 operationem,

935 1536 1113 1569 velutArius,
1139 1537 1165 1564 in
1190 1537 1299 1564 Christo
1321 1538 1445 1570 doceant,
1466 1539 1579 1573 ejusque
1593 1539 1720 1566 deitatem

892 1573 913 1601 ο
932 1581 1048 1609 Paterna
1066 1583 1240 1617 abjectiorem
1258 1584 1422 1611 ostendant?

969 1627 1023 1655 νη.
1040 1627 1107 1661 Quis
1124 1629 1221 1657 videns
1248 1637 1279 1657 ac
1299 1630 1414 1657 audiens
1431 1637 1524 1657 eorum
1542 1632 1720 1667 panegyricos

932 1682 964 1702 ac
991 1679 1148 1702 sanctorum
1182 1676 1374 1703 exornatorios
1402 1676 1484 1703 libros
1512 1685 1623 1708 omnes,
1653 1677 1720 1704 duas

932 1727 1065 1753 naturas,
1097 1728 1129 1747 ac
1155 1722 1223 1748 duas
1245 1722 1398 1748 voluntates
1428 1721 1529 1754 liquido
1559 1722 1585 1748 in
1613 1722 1721 1750 Christo

932 1765 1122 1800 prasdicantes,
1142 1767 1179 1793 uti
1198 1766 1333 1793 sexcentis
1354 1767 1455 1793 \lL‘lbllS
1475 1768 1645 1795 ostendimus
1669 1770 1720 1801 cis,

932 1820 1019 1847 exque
1036 1812 1089 1839 illis
1107 1820 1153 1840 eos
1169 1813 1368 1847 redarguimus,
1392 1821 1443 1839 non
1463 1814 1558 1841 mortis
1579 1822 1637 1841 reos
1655 1824 1721 1842 ('ott-

932 1858 1054 1889 demnel,
1074 1864 1203 1892 tanquam
1228 1866 1274 1885 eos
1297 1858 1342 1892 qui
1373 1858 1512 1886 Christum
1539 1866 1656 1893 negent,
1689 1869 1721 1887 ac

934 1905 1037 1932 Sanctis
1053 1903 1179 1931 Patribus
1197 1904 1387 1935 adversentur,
1410 1905 1519 1938 simque
1537 1905 1638 1936 hostes,
1665 1911 1721 1933 tum

932 1947 1110 1981 Graecorum,
1137 1954 1192 1975 tum
1220 1949 1411 1975 Armeniorum
1439 1958 1452 1976 a
1486 1950 1540 1976 Deo
1568 1950 1720 1979 alllaloxnm

933 2000 1053 2023 veterum
1072 1996 1234 2023 doctorum?
1261 1996 1311 2028 Qui
1339 2004 1404 2030 ergo
1429 1997 1503 2030 impii
1528 1997 1572 2023 alii
1599 1997 1720 2025 hmrctici

933 2050 966 2070 eo
991 2043 1164 2077 impudentiae
1191 2048 1384 2077 provexerunt,
1408 2050 1461 2077 quo
1484 2043 1538 2076 isti,
1558 2045 1604 2077 qni
1620 2044 1720 2072 Christi

933 2088 1109 2124 Evangelium
1124 2095 1267 2124 amputare
1281 2109 1289 2122 ,
1314 2096 1345 2115 ac
1368 2089 1519 2117 adulterare
1539 2098 1721 2126 prwsnmpse-

932 2137 1006 2163 rint?

969 2182 1037 2210 Vill.
1059 2183 1125 2211 Cum
1141 2183 1229 2210 sancti
1253 2183 1347 2211 Patres
1373 2186 1500 2220 hymnum
1524 2184 1667 2219 Trisagion
1692 2185 1719 2212 in

934 2235 1056 2258 sanctam
1075 2229 1235 2258 Trinitatem
1258 2232 1399 2266 seraphice
1422 2239 1453 2259 ac
1470 2231 1636 2265 evangeliea,
1654 2238 1722 2257 con-

934 2283 1000 2303 sone
1025 2277 1176 2310 reducant,
1204 2285 1352 2311 omnesque
1383 2286 1488 2312 magna:
1522 2277 1596 2304 urbis
1628 2276 1722 2303 Itonia:

933 2323 1091 2356 antistites,
1119 2331 1134 2350 a
1169 2324 1336 2358 principibus
1367 2324 1554 2358 apostolorum
1583 2323 1722 2357 accepisse

935 2373 1078 2401 testentur,
1110 2370 1293 2396 reducendum
1323 2370 1352 2396 in
1383 2375 1504 2396 sanctam
1535 2369 1719 2401 Trinitatem,

934 2417 1124 2450 sexcentisque
1143 2416 1211 2443 diris
1233 2423 1275 2451 ac,
1290 2415 1505 2450 depositionibus
1528 2415 1637 2443 Petrum
1655 2414 1720 2442 Ful-

934 2461 1034 2492 lonem,
1048 2461 1083 2488 ob
1095 2461 1152 2495 ejus
1166 2461 1192 2487 in
1208 2468 1241 2488 eo
1256 2461 1357 2496 hymno
1368 2460 1519 2487 auctarium
1535 2460 1719 2494 subjeccrint;

934 2507 996 2542 quis
1009 2515 1063 2534 non
1079 2507 1190 2534 omnino
1216 2508 1282 2534 istos
1308 2506 1408 2538 oderit,
1435 2513 1468 2533 ac
1493 2511 1642 2538 aversetur,
1660 2511 1720 2533 tan-

933 2561 1013 2588 quam
1040 2553 1137 2587 impios
1161 2561 1193 2580 ac
1222 2553 1407 2587 blasphetnos,
1440 2552 1652 2586 bzcreticosqne,
1675 2553 1721 2586 qui

934 2599 1033 2627 nedum
1062 2604 1185 2626 sanctam
1215 2599 1377 2626 Trinitatem
1407 2599 1564 2626 cruciﬁxam
1595 2599 1721 2633 blasphe-

933 2650 1024 2679 ment;
1052 2653 1146 2672 verum
1173 2645 1253 2672 etiam
1272 2653 1352 2671 unum
1370 2645 1510 2671 Christum
1531 2644 1576 2671 Dei
1605 2643 1720 2676 Filium,

934 2692 1099 2722 ‘Nestoriano
1116 2699 1210 2718 errore
1234 2691 1260 2717 in
1282 2691 1349 2718 duos
1367 2691 1436 2717 tilios
1451 2690 1590 2717 dividant?

970 2828 1016 2856 IX.
1042 2828 1119 2861 Quod
1146 2827 1169 2854 si
1192 2826 1351 2862 reprehensi
1377 2826 1557 2860 respondeant
1579 2825 1720 2852 dicentes:

934 2876 1046 2904 Minime
1076 2874 1209 2909 gentium,
1236 2874 1364 2910 hymnum
1382 2872 1523 2907 Trisagion
1550 2872 1576 2899 in
1600 2877 1723 2898 sanctam

1487 2918 1524 2949 38
