1875 3056
352 209 551 238 ΚΕΦΑΛΑῙΟΝ
595 210 644 238 1Δ’.

98 259 170 295 Περί
185 258 241 293 τῆς
251 257 418 292 σατανικῆς
428 256 571 291 νηστείας
587 255 641 282 τοῦ
657 254 891 288 ⁵Λρτζ⁷ιιϐουρίου.

136 313 176 340 A’.
202 311 303 342 Καθὼς
324 311 372 337 καὶ
389 311 418 336 ὲν
434 310 494 340 ταῖς
510 309 621 339 λοιπαῖς
640 306 731 334 αὐτῶν
746 305 892 340 #:5060509-

100 361 172 391 ταῖς,
186 359 234 385 καὶ
251 358 370 393 μάλιστα
383 358 422 388 εἰς
432 357 482 391 τὴν
495 354 646 391 βδελυκτὴν
660 353 751 380 αὐτῶν
764 352 893 387 νηστείαν

101 407 150 433 καὶ
166 405 282 442 ἑορτὴν,
298 405 348 440 τὴν
363 403 517 438 λεγομένην
543 400 753 437 Ἀρτζηϐούρην
767 408 774 414 ·
797 399 827 426 ὃν
847 399 895 425 καὶ

104 453 225 488 μάλιστα
240 452 277 482 ὼς
293 450 360 477 Θεὸν
377 451 401 476 οἱ
418 448 527 480 ἀσεϐεῖς
539 447 659 482 τιμῶσι·
673 447 737 482 περὶ
748 443 778 473 οὗ
789 445 894 471 δίκαιόν

106 500 185 525 ἐστιν
199 498 293 528 αὐτοῖς
306 495 493 530 διαλεχθῆναι.
514 493 625 528 Ἐπειδὴ
638 494 670 527 τῇ
689 491 827 527 προφάσει
848 492 896 518 καὶ

107 545 149 576 τῷ
175 544 289 578 ὀνόματι
313 542 447 576 Σεργίου,
476 539 524 567 τοῦ
553 539 598 566 ὑπ’
625 538 716 566 αὐτῶν
748 537 896 573 λεγομένου

107 591 199 625 ἁγίου,
224 589 330 620 πάντας
357 588 422 619 τοὺς
444 586 555 622 ὁμοίους
580 585 671 612 αὐτῶν
697 585 828 620 ἀνοήτους
851 583 899 610 καὶ

107 637 242 670 ἄφρονας,
259 635 298 666 εἰς
312 633 444 668 τοιαύτην
460 631 551 658 αὐτῶν
563 629 688 665 κρυπτὴν
703 629 811 664 αἳρεσιν
823 649 831 660 ,
850 630 899 655 καὶ

109 681 258 717 βδελυκτὴν
298 679 427 715 νηστείαν
460 676 675 712 κατασύρουσιν.
712 676 815 702 Εἴπατε
852 675 899 702 οὖν

108 732 188 765 ἡμῖν,
204 726 227 755 ὧ
243 727 433 762 παμπόνηροι,
454 725 496 757 τίς
521 721 600 755 οὗτος
627 725 642 750 ὁ
673 722 899 758 Ἀρτζηόούρης,

110 774 161 801 καὶ
178 773 205 799 τί
224 773 252 798 τὸ
266 772 353 806 ὃνομα
366 769 449 797 αὑτοῦ
465 790 472 802 ,
493 769 540 796 καὶ
555 769 626 800 τίνος
641 769 657 803 ἡ
676 767 789 803 νηστεία
814 767 896 802 αὕτη,

111 818 129 852 ἡ
151 816 256 851 φοϐερὰ
285 815 335 849 μὲν
352 814 420 849 παρ’
446 815 522 849 ὑμῖν,
545 813 676 849 βδελυκτὴ
695 813 724 839 δὲ
742 813 808 848 παρ’
823 813 900 851 ἡμῖν,

110 866 161 890 καὶ
179 863 255 898 παρὰ
270 863 340 898 Θεῷ,
356 863 402 889 καί
417 862 494 897 παρὰ
516 863 583 888 πᾶσι
597 863 653 893 τοῖς
673 861 762 895 ἁγίοις
776 870 783 894 ;
806 860 902 895 Ἡμεῖς

111 910 154 942 δὲ,
172 891 261 937 πᾶόαν
277 891 352 935 θείαν
380 891 493 944 Γραφὴν
519 891 652 937 Παλαιᾱς-
665 891 702 934 τε.
721 891 782 934 καὶ,
796 891 902 941 Καίνῆς
916 891 939 921 Β

112 956 256 991 Διαθήκης
292 954 529 989 ἀναγινώσκοντες
544 974 551 987 ,
581 954 628 980 καὶ
654 953 763 988 ἔχοντες
786 952 850 983 τούς
875 960 906 978 τε

112 1001 232 1032 κανόνας
251 1001 361 1027 πάντων
383 1000 438 1026 τῶν
460 999 547 1033 ἁγίων
576 998 744 1030 ἀποστόλων,
771 997 817 1023 καὶ
843 997 906 1027 τοὺς

112 1047 168 1080 τῆς
184 1046 295 1072 συνόδου
313 1044 429 1077 Νικαίας
446 1044 501 1071 τῶν
520 1048 578 1079 τιη¹
593 1044 677 1077 ἁγίων
693 1043 834 1077 Πατέρων,
860 1043 908 1068 καὶ

113 1093 174 1120 τῶν
188 1093 290 1119 λοιπῶν
302 1093 391 1126 ἁγίων
408 1091 538 1123 συνόδων,
551 1091 598 1117 κλ¹ι
615 1091 725 1117 πάντων
745 1090 799 1115 τῶν
813 1088 909 1122 θεοφό-

116 1146 176 1173 ρων
193 1137 342 1177 [Ιατέρωνι
353 1137 480 1172 οὐδαμῶς
497 1136 552 1163 οὐδ’
568 1136 635 1167 ὅλως
653 1135 717 1170 περὶ
726 1135 773 1161 τοῦ
793 1133 907 1169 Ἀρτζη-

115 1183 230 1218 ὗούρου,
249 1183 310 1209 οὔτε
324 1183 422 1217 ὄνομα,
438 1182 499 1209 οὔτε
517 1182 669 1217 παράδοσιν
690 1180 818 1216 εὕρομεν.

160 1228 197 1255 B'.
220 1228 275 1254 Καὶ
289 1228 314 1254 οἱ
333 1228 383 1263 μὲν
397 1228 424 1260 ἐξ
440 1227 530 1254 αὐτῶν
544 1227 671 1261 λέγουσιν
685 1247 693 1259 ,
711 1227 751 1252 ὅτι
769 1225 815 1252 τοῦ
829 1225 907 1259 ἁγίου

117 1274 239 1310 Σεργίου
259 1274 365 1309 ἐστὶ.νὴ
382 1274 494 1309 νηστεία
512 1272 592 1309 αὕτη.
623 1273 705 1300 Ποίου
725 1272 857 1307 Σεργίου;
878 1272 909 1298 Εί

121 1320 177 1356 μὲν
201 1320 256 1355 γὰρ
283 1319 331 1346 τοῦ
357 1320 436 1354 ἁγίου
452 1320 567 1354 Σεργίου
585 1319 643 1345 ἐστὶ
668 1318 716 1345 καὶ
731 1318 839 1353 Βάκχου
855 1317 910 1343 τῶν

119 1366 268 1401 ἡμετέρων
284 1365 372 1400 ἁγίων
392 1365 536 1400 Ῥωμαίων
553 1365 710 1401 μαρτύρων,
726 1364 832 1397 δείξατε
846 1363 911 1398 περὶ

116 1413 174 1446 τῆς
192 1412 303 1447 μνήμης
319 1411 409 1438 αὐτῶν
423 1412 470 1438 καὶ
486 1411 584 1446 ἑορτῆς
598 1419 605 1426 ·
617 1412 664 1438 καὶ¹
681 1412 729 1445 τῆς
743 1410 850 1446 ἡμέρας
860 1411 910 1445 τῆς

119 1458 216 1484 αὐτῶν
231 1457 373 1492 ἀθλήσεως
386 1457 434 1484 καὶ
459 1458 638 1489 τελειώσεως,
660 1459 693 1492 τῇ
709 1457 731 1489 ζ’
749 1457 841 1492 ἡμέρᾳ
863 1456 910 1483 τοῦ

128 1504 300 1539 Ὀκτωσρίου
330 1505 416 1540 μηνὸς
432 1503 587 1539 ἐρχομένης
602 1512 608 1518 ·
627 1504 706 1538 ὑμεῖς
731 1504 764 1538 τῇ
782 1503 833 1538 πρὸ
862 1504 911 1538 τῆς

637 154 779 186 ORATIO
800 154 814 184 Ι
834 127 986 183 ίΣΟΝΤΗΑ
1005 148 1214 180 ΑΒΜΕΝΙΟΞ,

1663 139 1733 173 1198

1234 202 1347 232 CAPUT
1368 203 1438 230 XIV.

1000 251 1039 279 De
1052 251 1171 284 satajtico
1184 249 1298 285 jejunio,
1323 250 1391 285 quod
1415 248 1562 276 Artzeburit‘
1580 252 1682 276 vocant.

981 305 1002 333 l.
1021 305 1253 338 Quemadmodum
1268 304 1350 330 etiam
1375 303 1400 329 in
1415 310 1508 330 eorum
1530 301 1642 337 reliquis
1657 301 1734 329 falsis

945 350 1178 381 solemnitatibus,
1195 356 1227 375 ac
1245 348 1380 382 pra-cipue
1400 348 1427 375 in
1450 347 1625 375 ubominabili
1641 354 1734 374 corum

944 396 1049 431 jejunio
1069 403 1101 423 ac
1123 395 1205 427 l'esto,
1219 395 1289 428 quod
1300 394 1477 420 Arlzeburem
1494 393 1640 427 appellant,
1657 399 1736 427 quem

947 447 974 470 et
991 442 1108 470 maxime
1135 441 1211 475 impii
1239 440 1362 468 homines
1389 444 1417 467 ut
1438 439 1522 466 Deum
1549 439 1675 471 adorant,
1705 440 1739 466 de

948 497 1001 524 quo
1017 496 1107 522 operte
1131 488 1245 522 pretium
1265 491 1308 514 est
1330 494 1392 514 cum
1415 486 1456 513 eis
1471 485 1610 520 disputare
1628 494 1635 512 :
1655 486 1740 520 siqui-

949 536 1010 564 dem
1027 539 1162 570 praztcxtu
1188 542 1219 561 ac
1244 533 1352 561 nomine
1382 532 1480 567 Sergii,
1507 539 1588 566 quem
1615 535 1737 558 sanctum

949 581 1110 616 indigitant,
1137 587 1233 608 omnes
1253 580 1294 607 eis
1313 579 1417 606 similes
1443 579 1540 605 stultos
1557 585 1588 604 ac
1608 583 1740 607 amentes,

950 628 977 654 itt
993 627 1126 661 ejusmodi
1148 626 1280 654 occultam
1297 633 1390 653 eorum
1408 625 1545 655 haeresim,
1570 631 1602 651 ac
1615 616 1742 651 exsecra-

951 673 1003 701 bile
1014 673 1147 708 jejunium
1171 672 1342 708 pertrahunt.
1359 672 1435 707 Rogo
1451 679 1515 707 ergo
1540 679 1596 704 vos,
1617 671 1708 704 dicite,
1727 679 1744 697 ο

951 719 1075 755 pessimi,
1100 719 1226 753 quisnam
1242 718 1293 745 iste
1309 718 1344 745 sit
1366 717 1540 750 Artzebures,
1554 725 1586 744 ac
1600 717 1671 751 quod
1684 716 1744 751 cjtts

952 771 1062 796 nomen,
1088 772 1119 791 ac
1145 763 1221 798 cujus
1239 763 1276 791 sit
1297 762 1429 798 jejunium
1446 763 1507 795 hoc,
1532 762 1610 790 vobis
1635 763 1744 797 quidem

954 811 1133 844 tremendum,
1163 810 1232 845 apud
1249 817 1299 837 nos
1322 815 1412 836 autent
1431 816 1463 836 ac
1479 809 1563 836 Deum
1583 813 1746 842 sanctosque

954 863 1059 887 omnes.
1086 855 1289 883 abominabile?
1312 853 1367 882 Nos
1383 861 1474 888 porro,
1502 854 1620 881 divinam
1636 862 1745 881 onmem

955 903 1124 938 Scripturam
1154 902 1338 937 peric-gentes,
1364 901 1468 928 Veteris
1493 901 1595 935 pariter
1622 908 1654 927 ac
1677 899 1746 927 Noti

957 948 1138 981 Testamenti,
1163 948 1351 982 habentesque
1374 951 1529 974 sanctorum
1545 945 1664 974 omninut
1681 954 1747 980 apo-

958 993 1089 1021 stolorum
1104 1001 1234 1028 canones,
1267 996 1372 1020 necnOu
1388 993 1503 1020 Nicena:
1523 993 1618 1028 synodi
1643 998 1749 1019 sancto-

960 1047 1019 1066 rum
1039 1044 1224 1066 trecentorum
1241 1039 1333 1066 decem
1351 1045 1383 1065 ac
1409 1043 1470 1065 octo
1485 1036 1606 1068 Patrum,
1631 1043 1663 1063 ac
1689 1036 1750 1063 reli~

959 1095 1072 1122 qnerum
1091 1087 1269 1122 synodorum,
1298 1086 1474 1120 omniumque
1498 1092 1512 1110 a
1527 1084 1582 1111 Deo
1597 1083 1748 1111 amatorum

959 1131 1081 1164 Patrum,
1097 1138 1228 1166 nusquam
1244 1131 1355 1158 omnino
1379 1130 1412 1156 de
1423 1129 1573 1156 Artzebure
1588 1128 1749 1161 invenimus,

959 1184 1008 1205 aut
1022 1185 1131 1209 nomen,
1148 1183 1194 1204 aut
1207 1176 1381 1204 traditionem
1397 1176 1526 1210 aliquam.

998 1230 1031 1257 ll.
1049 1230 1088 1257 Ac
1101 1229 1210 1263 quidem
1234 1236 1327 1256 eorum
1343 1228 1438 1263 aliqui,
1462 1228 1548 1255 sancti
1569 1227 1656 1263 Sergii
1675 1227 1754 1254 aiunt

962 1284 1021 1304 esse
1037 1277 1088 1303 hoc
1107 1275 1251 1310 jejunium.
1267 1274 1375 1308 Quaeso,
1395 1274 1473 1309 cujus
1489 1274 1597 1308 Sergii?
1615 1273 1752 1308 Siquidem

961 1321 1034 1349 cnim
1049 1321 1136 1348 sancti
1152 1320 1237 1356 Sergii
1253 1324 1294 1347 est
1328 1327 1360 1348 ac
1392 1319 1503 1352 Bacchi,
1520 1324 1673 1347 nostrorum
1690 1326 1755 1346 sau-

962 1372 1068 1394 ctorum
1085 1372 1235 1402 martyrum
1251 1365 1448 1397 Romanorum,
1465 1366 1601 1393 ostendite
1617 1365 1649 1393 dc
1661 1372 1754 1392 eorum

963 1414 1095 1440 memoria
1112 1421 1143 1440 ac
1162 1413 1342 1444 solemnitate,
1359 1421 1419 1448 quae
1434 1413 1555 1440 occurrit
1569 1412 1613 1440 die
1628 1419 1665 1439 vn
1681 1419 1758 1439 uten-

963 1458 1002 1486 sis
1027 1459 1164 1491 Octobris,
1191 1463 1220 1485 ut
1243 1465 1303 1484 eam
1329 1465 1377 1485 vos
1406 1457 1548 1485 celehretis
1578 1457 1755 1488 hebdomada.

963 1513 1024 1541 quae
1038 1510 1080 1533 est
1095 1504 1318 1538 carnispririum.
1345 1503 1393 1531 Sin
1409 1504 1510 1535 dicant,
1529 1511 1580 1530 non
1597 1511 1658 1530 esse
1670 1493 1759 1530 sancti

122 1550 358 1586 (45)κρεωφὰγου
372 1549 510 1585 ἑϐδομάδι,
527 1549 628 1584 ταύτην
649 1548 810 1575 ὲπιτελεῖτε.
832 1549 863 1575 Et

989 1552 1054 1588 ergii
1067 1556 1093 1579 et
1109 1551 1210 1579 Bacchi
1225 1557 1374 1586 martyrum
1388 1550 1571 1578 Romanorum
1584 1571 1591 1583 ,
1608 1551 1654 1578 sed
1671 1551 1758 1578 sancti

122 1603 223 1630 φασιν,
239 1596 280 1622 ὅτι
293 1596 343 1622 οὐκ
358 1596 433 1622 ἐστιν
447 1596 495 1622 τοῦ
510 1596 590 1630 ἁγίου
610 1596 725 1630 Σεργίου
745 1596 794 1622 καὶ
807 1595 913 1631 Βάκχου

121 1641 182 1668 τῶν
201 1641 344 1676 Ῥωμαίων
360 1641 508 1678 μαρτύρων
527 1650 534 1657 ·
555 1641 625 1669 ἀλλὰ
641 1642 720 1676 ἁγίου
738 1642 852 1677 Σεργίου
867 1641 915 1668 τοῦ

124 1689 159 1716 ὲν
179 1690 212 1724 τῇ
237 1689 369 1724 Ἀρμενίᾳ
391 1690 634 1724 μαρτυρήσαντος·
659 1688 674 1714 ό
698 1687 781 1720 καλὸς
808 1688 918 1720 πάντως

125 1731 208 1766 οὗτος
222 1735 236 1761 ὁ
250 1735 328 1768 ἅγιος
341 1735 418 1770 ὑμῶν
429 1735 553 1770 Σέργιος,
568 1736 597 1761 ὲν
611 1735 661 1771 μιᾷ
671 1734 764 1770 ἡμέρᾳ.
772 1734 819 1762 τοῦ
833 1735 918 1769 μηνὸς

127 1779 318 1815 ἐτελεύτησεν,
332 1781 349 1816 ἦ
360 1780 402 1814 ob;
419 1781 472 1807 Ναί
492 1789 576 1814 φασιν
594 1788 603 1797 ·
628 1781 657 1807 ὲν
674 1782 724 1816 μιᾷ
735 1780 828 1816 ἡμέρᾳ
840 1780 917 1807 τοῦδε

127 1826 180 1853 τοῦ
198 1827 281 1861 μηνὸς
299 1827 346 1854 τοῦ
363 1828 500 1863 ἡμετέρου
516 1827 748 1862 ἁποκεφαλισθεὶς
762 1827 917 1863 ἐτελειώθη.

131 1873 191 1899 Καὶ
214 1874 237 1899 εί
259 1875 288 1900 ὲν
307 1875 357 1909 μιᾷ
378 1875 472 1910 ἡμέρᾳ
495 1875 543 1901 τοῦ
564 1875 648 1909 μηνὸς
673 1874 860 1909 ἐτελεύτησεν,
881 1874 920 1905 ὡς

132 1921 236 1951 πάντες
257 1921 281 1947 οἱ
301 1920 385 1955 ἂγιοι,
399 1920 469 1947 διατι
485 1921 515 1947 οὐ
532 1921 650 1947 τελεῖται
666 1921 682 1956 ἡ
697 1919 810 1956 νηστεία
825 1919 918 1952 αὐτοῦ,

131 1966 184 1993 καὶ
195 1966 212 2000 ἡ
228 1966 309 2001 ἑορτὴ
324 1966 373 2001 τῆς
389 1965 556 1997 τελειώσεως
579 1965 662 1992 αὑτοῦ
673 1985 680 1998 ,
694 1965 742 1992 καὶ
762 1965 818 2000 (44)
835 1964 921 2000 ἁθλή-

132 2022 204 2044 σεως
224 2013 333 2048 ἡμέρας
350 2021 357 2028 ’
374 2012 444 2039 ἀλλὰ
465 2012 537 2039 κατὰ
563 2012 660 2047 καιρὸν
673 2032 680 2044 ,
702 2012 771 2046 μετὰ
785 2011 834 2046 τῆς
853 2011 921 2038 ἁπό-

132 2069 211 2095 κρεω
228 2059 275 2086 τού
289 2060 381 2094 πάσχα
396 2060 439 2086 ἀεὶ
452 2059 644 2094 εἰσερχόμενον
663 2060 710 2086 καὶ
731 2059 920 2095 ὲξερχόμενον.

133 2106 220 2132 Ὅθεν
235 2105 368 2139 πρόδηλόν
382 2105 457 2131 ὲστιν
469 2126 477 2137 ,
494 2105 535 2132 ὄτι
552 2105 601 2132 οὐκ
616 2105 674 2133 εστι
689 2105 735 2132 τοῦ
755 2106 836 2140 ἁγίου
854 2106 922 2141 Σερ-

133 2153 198 2187 γίου
210 2153 326 2179 ἐκείνου.
345 2151 376 2178 Et
389 2152 442 2186 γὰρ
458 2149 492 2187 ἦν
508 2152 586 2185 ἁγίου
609 2152 693 2185 τινὸς,
717 2152 825 2184 πάντως
845 2153 874 2178 ὲν
890 2155 924 2188 τῇ

133 2197 231 2233 ἡμέρα
243 2197 293 2231 τῆς
305 2197 470 2229 τελειώσεως
480 2197 562 2224 αὑτοῦ
574 2196 701 2230 ἐτελεῖτο,
710 2196 805 2232 ὥσπερ
817 2198 924 2224 πάντων

968 1598 1058 1634 Sergii
1082 1598 1213 1634 martyrio
1239 1598 1265 1624 iu
1284 1598 1413 1624 Armenia
1437 1597 1560 1625 coronati
1587 1597 1759 1631 :praaclarus

967 1644 1078 1671 omnino
1105 1643 1149 1670 hic
1165 1648 1278 1671 sanctus
1290 1649 1381 1670 vester
1405 1643 1528 1678 Sergius,
1561 1650 1614 1669 una
1643 1643 1760 1677 qundam

968 1690 1073 1718 mensis
1100 1690 1144 1717 die
1173 1690 1251 1722 obiit,
1275 1690 1384 1717 necne?
1406 1689 1457 1723 ita,
1479 1689 1614 1724 inquiunt,
1644 1697 1696 1716 una
1719 1689 1762 1716 die

971 1736 1106 1772 hujusque
1120 1737 1205 1764 nostri
1224 1736 1338 1770 ntensis,
1352 1737 1439 1771 capite
1456 1744 1543 1764 caesus
1558 1742 1762 1764 consummatus

969 1782 1031 1809 fuit.
1056 1783 1133 1816 Quod
1159 1782 1182 1810 si
1207 1782 1250 1809 dic
1266 1790 1318 1809 uua
1335 1782 1436 1809 mensis
1451 1781 1528 1813 obiit,
1551 1785 1579 1808 ut
1604 1781 1651 1808 alii
1666 1789 1762 1810 omnes

971 1829 1074 1863 sancti,
1102 1836 1231 1865 quorsum
1257 1829 1390 1864 jejunium
1421 1828 1491 1863 ejus,
1520 1835 1553 1855 ac
1581 1831 1762 1856 consummati

971 1881 1043 1909 illius
1054 1881 1212 1909 solemnitas
1221 1888 1274 1908 n0u
1285 1880 1448 1912 celebratur,
1461 1880 1503 1907 die
1516 1880 1574 1915 ipsa
1583 1880 1740 1907 certaminis
1756 1900 1764 1911 .

971 1927 1019 1954 sed
1029 1934 1077 1961 pro
1088 1931 1211 1962 tempore
1219 1934 1280 1954 cum
1292 1926 1402 1954 Pascha:
1410 1926 1598 1960 carnisprivio,
1610 1927 1682 1960 quod
1694 1931 1767 1953 scm‘

973 1981 1022 2008 per
1046 1980 1166 2001 mensem
1197 1972 1348 2007 ingreditur
1363 1979 1393 1999 ac
1403 1972 1559 2008 egreditur?
1581 1971 1763 2004 Quamobrem

974 2019 1147 2054 perspicuum
1168 2023 1220 2051 est,
1233 2026 1285 2045 non
1302 2025 1363 2046 esse
1392 2018 1462 2045 illius
1475 2017 1562 2045 sancti
1587 2017 1673 2052 Sergii
1692 2017 1765 2052 jeju-

974 2063 1060 2091 nium.
1075 2062 1141 2090 Nam
1156 2064 1179 2091 si
1194 2063 1277 2099 hujus
1289 2064 1374 2091 sancti
1384 2067 1466 2095 esset,
1479 2062 1557 2097 plane
1571 2063 1764 2096 celebraretur,

975 2117 1028 2144 qua
1045 2110 1089 2137 die
1118 2109 1170 2137 fuit
1195 2114 1411 2141 consummatus,
1439 2116 1488 2144 pro
1501 2109 1622 2135 omnium
1650 2107 1766 2135 aliorum

976 2163 1131 2187 sanctorum
1144 2159 1259 2186 ratione.
1278 2158 1344 2191 Quei
1355 2163 1445 2185 autem
1461 2165 1521 2185 cum
1541 2157 1639 2184 nullius
1653 2157 1766 2184 alterius

977 2206 1075 2236 sancti,
1106 2205 1148 2232 vel
1183 2203 1472 2240 jejuniutujejunent,
1501 2204 1544 2231 vel
1567 2203 1765 2231 solemnitatem

133 2245 193 2271 τῶν
219 2243 316 2277 ἁγίων.
351 2243 414 2275 Πῶς
445 2243 473 2269 δὲ
504 2243 610 2275 οὐδενὸς
636 2243 716 2270 ἄλλου
746 2244 834 2277 ἁγίου,
861 2252 872 2270 ο

989 2250 1129 2283 :elebreut;
1151 2239 1189 2276 ne
1211 2249 1296 2277 sancti
1319 2249 1427 2284 quidem
1449 2248 1563 2276 Joannis
1575 2248 1766 2281 Prmeursoris,

133 2290 265 2324 νηστείαν
289 2290 486 2324 νηστεύοντες,
507 2290 570 2316 οὔτε
593 2290 690 2326 ἑορτὴν
713 2290 901 2322 ἐπιτελοῦντες
915 2299 922 2306 ·

133 2336 200 2363 οὔτε
218 2335 264 2362 τοῦ
286 2336 364 2370 ἁγίου
389 2335 515 2362 Ἰωάννου
532 2335 686 2371 προδρόμου
701 2336 748 2363 καὶ
762 2335 923 2371 βαπτιστοῦ,

133 2383 186 2411 τοῦ
201 2383 333 2418 ³μείζονος
350 2383 459 2410 πάντων
482 2384 536 2410 τῶν
564 2384 650 2418 ἁγίων
668 2393 674 2400 ·
691 2383 753 2411 οὔτε
768 2384 822 2411 τῶν
839 2386 925 2420 ἁγίων

134 2428 297 2455 ἀποστόλων
312 2429 414 2463 Πέτρου
430 2428 477 2455 καὶ
492 2428 599 2456 Παύλου
615 2437 622 2444 '
641 2428 702 2456 οὔτε
714 2429 792 2464 ἁγίου
801 2431 925 2457 Ἰωάννου

135 2475 188 2502 τοῦ
209 2474 341 2508 Θεολόγου
354 2474 403 2500 καὶ
417 2474 615 2508 εὐαγγελιστοῦ
629 2483 635 2490 ·
647 2475 664 2511 ἢ
679 2476 832 2509 Ματθαίου,
845 2476 861 2512 ἦ
874 2477 928 2503 τῶν

135 2521 242 2548 λοιπῶν
275 2521 433 2548 ἀποστόλων
457 2529 465 2538 ⁸
492 2521 509 2557 ἢ
542 2521 589 2548 τοῦ
619 2522 697 2556 ἁγίου
722 2523 860 2557 Στεφάνου
881 2524 928 2550 τοῦ

137 2566 254 2601 πρώτου
272 2565 411 2601 μάρτυρος
428 2573 435 2580 ·
452 2565 515 2592 οὔτε
531 2566 612 2593 ἄλλου
633 2568 706 2599 τινὸς
724 2568 884 2601 ἀποστόλου,
911 2569 927 2604 ἥ

139 2613 296 2648 προφήτου,
320 2612 406 2647 ἢτῶν
429 2612 517 2646 ἁγίων
542 2613 700 2649 μαρτύρων,
727 2615 862 2641 τοσούτων
880 2616 928 2641 καὶ

138 2657 311 2692 τηλικούτων
325 2657 411 2683 ὄντων
423 2665 430 2672 ·
447 2657 509 2684 οὕτε
526 2658 581 2685 τῶν
599 2659 686 2693 ἁγίων
706 2660 853 2694 μαρτύρων
875 2661 931 2686 Ῥι-

137 2703 231 2738 ψεμης
244 2703 292 2729 καὶ
306 2703 433 2738 Γαῖάνης,
447 2704 500 2730 τῶν
513 2704 542 2730 ὲν
565 2705 712 2740 Ἀρμενείᾳ
736 2708 930 2741 μαρτυρησάν-

138 2756 198 2775 των
211 2756 217 2763 ·
232 2747 294 2774 οὔτε
312 2748 363 2775 κᾶν
375 2747 422 2774 τοῦ
438 2749 516 2782 ἁγίου
531 2749 683 2784 Γρηγορίου
700 2750 747 2776 τοῦ
766 2750 930 2785 ἱερομάρτυ-

141 2802 201 2830 ρος,
215 2794 262 2820 τοῦ
284 2794 428 2828 γεγονότος
447 2795 598 2821 ἐπισκόπου
624 2795 785 2830 ’Δρμενείας
801 2803 808 2810 ·
824 2795 861 2827 ὡς
879 2797 929 2822 αὺ-

179 2884 235 2922 (45)
252 2885 323 2921 Lege
336 2884 490 2920 ἁπόκρεων,
507 2885 546 2913 uti
559 2889 599 2913 cst
613 2885 682 2921 apud
698 2885 727 2913 S.
740 2885 881 2915 Niconcm.

978 2295 1024 2330 qui
1050 2296 1170 2323 omnium
1194 2300 1351 2322 sanctorum
1379 2296 1514 2322 maximus
1547 2302 1606 2327 est;
1640 2303 1689 2322 uec
1702 2303 1767 2322 sau-

979 2346 1083 2369 ctorum
1097 2341 1278 2376 apostolorum
1290 2340 1363 2367 Petri
1377 2346 1404 2367 et
1419 2340 1512 2372 Pauli;
1525 2349 1574 2368 nec
1585 2342 1670 2368 sancti
1686 2340 1768 2368 Joan-

979 2388 1022 2415 nis
1050 2387 1168 2420 theologi
1198 2392 1225 2414 et
1254 2386 1438 2421 et'angclistte,
1458 2387 1500 2413 vel
1529 2386 1646 2413 Mattltmi
1662 2391 1688 2413 et
1706 2387 1768 2413 reli-

980 2440 1094 2467 quorutu
1116 2433 1320 2467 apostolorum;
1345 2438 1391 2458 aut
1419 2432 1506 2459 sancti
1531 2432 1662 2466 Stephani
1688 2432 1767 2467 primi

982 2479 1127 2514 martyris;
1153 2487 1203 2506 nec
1231 2479 1342 2505 alterius
1371 2479 1531 2513 cujusquam
1565 2478 1691 2512 apestoli,
1721 2483 1768 2504 aut

982 2525 1130 2560 prophetae,
1154 2529 1202 2551 aut
1226 2529 1381 2551 sanctorum
1403 2528 1564 2559 martyrum,
1585 2532 1645 2551 cum
1667 2523 1704 2550 illi
1731 2527 1770 2549 tot

982 2577 1014 2596 ac
1045 2570 1111 2596 tanti
1139 2570 1289 2602 exsistant;
1318 2577 1368 2596 nec
1385 2575 1541 2597 sanctarum
1558 2576 1705 2605 martyrum
1723 2569 1769 2596 Ili-

983 2615 1082 2650 psimes
1094 2623 1125 2642 ac
1142 2615 1264 2648 Gajanae,
1286 2623 1346 2650 quae
1364 2616 1475 2643 fuerunt
1492 2621 1628 2643 coronatae
1639 2616 1770 2651 martyrio

981 2662 1007 2688 in
1024 2661 1153 2688 Armenia
1170 2669 1176 2688 :
1194 2669 1226 2688 ac
1249 2670 1282 2689 ne
1301 2662 1342 2689 vel
1358 2662 1444 2690 sancti
1461 2661 1585 2697 Gregorii
1601 2663 1672 2690 sacri
1698 2671 1770 2689 tuar-

981 2707 1058 2742 tyris,
1077 2707 1122 2741 qui
1136 2707 1272 2735 Armenia:
1285 2708 1430 2742 episcopus
1446 2708 1571 2742 exstitit;
1597 2709 1635 2735 uti
1652 2710 1690 2736 rei
1712 2709 1770 2743 ipsa

980 2754 1146 2788 experientia
1175 2754 1252 2780 testis
1279 2758 1329 2786 est,
1360 2759 1390 2781 ut
1419 2762 1498 2781 nemo
1530 2759 1652 2782 nostrum
1683 2755 1769 2782 sancti

978 2798 1100 2834 Gregorii
1130 2800 1157 2826 in
1174 2799 1312 2834 _Armeuia
1341 2800 1384 2827 vel
1410 2800 1544 2835 jejunium
1574 2800 1700 2833 audierit,
1728 2801 1770 2827 vel

1024 2888 1078 2925 (Η)
1093 2889 1173 2918 Forte
1185 2891 1219 2925 τῇ
1230 2890 1290 2918 ἀῠλ.
1307 2891 1408 2925 ἡμὲοα.
