1875 3056
163 136 232 166 illi)

162 190 381 221 solemnitatem,
413 188 455 216 vel
480 187 646 215 sacriﬁcium

163 240 316 264 sanctorum
345 235 465 267 [‘alrum,
489 235 530 261 Vel
547 235 699 268 Athanasii,
719 235 761 261 vvl
777 234 868 262 Basilii
895 234 950 261 Ma-

163 283 219 318 gni.
235 281 274 310 \‘el
298 281 421 317 Gregorii
438 280 644 315 Thaumaturgi,
664 280 704 307 vel
720 280 842 315 Gregorii
858 279 946 306 Theo~

164 330 228 364 logi,
256 328 297 356 vel
329 327 534 363 Chrysostomi,
551 327 594 355 vel
616 327 725 362 Cyrilli,
757 327 798 354 vel
821 325 949 361 Ephrem,

162 375 204 402 vel
220 374 336 409 alicujus
361 374 472 401 alterius
489 373 576 400 Patris
604 382 610 400 :
636 380 697 400 cum
714 379 779 408 ergo
803 377 828 399 et
854 377 893 399 tot
919 379 951 399 ac

164 422 247 454 tantis
274 420 386 452 sanctis,
411 419 511 446 nullius
535 419 576 446 vel
598 418 732 454 jejunium
756 418 879 449 servetis,
909 417 951 443 vel

164 467 321 493 memoriam
336 464 490 497 celebretis,
503 464 545 492 vel
560 464 720 491 sacriﬁcium
748 463 854 490 faciatis
865 483 872 494 ,
889 464 950 497 qnei

164 513 234 539 hunc
249 511 336 539 solum
354 510 491 544 Sergium,
508 510 619 537 terribili
635 509 746 545 jejunio,
765 517 797 536 ac
812 509 854 536 die
871 508 949 541 festo,

163 559 344 593 sacrificiique
368 558 520 591 oblatione,
546 563 673 592 tanquam
690 556 761 584 Deus
777 560 859 589 esset,
885 557 952 584 adeo

165 605 304 631 honoratis
325 609 406 639 atque
433 602 542 631 colitis?
569 602 748 636 Quamobrem
778 603 950 637 perspicuum

161 657 215 684 est,
231 651 356 686 pra-fatos
371 658 417 678 vos
435 656 545 678 sattctos
561 649 654 677 Patres
679 649 739 676 ideo
759 649 895 676 exsecrari
919 656 952 676 ac

164 698 295 730 aversari,
307 697 377 732 quod
397 697 453 724 sint
471 696 586 723 Romani
603 704 610 722 :
629 703 730 730 nosque
751 695 822 727 ideo,
839 702 871 722 ac
889 694 951 730 quia

157 743 279 771 lturuaui
294 750 399 776 smnus,
418 751 500 770 unum
515 746 634 770 vestrum
653 741 776 777 Sergium
793 741 950 768 Armenium

164 790 340 817 detestamur.

200 922 241 949 lli.
262 923 306 950 Sic
322 929 351 949 se
368 922 404 949 illi
422 921 545 949 videntes
572 920 695 954 coargui,
729 920 820 948 statim
843 919 951 954 quidem

165 969 252 1003 Sergii
271 968 342 995 illam
364 968 494 995 rationein
523 972 639 1002 negant;
658 966 723 1002 quin
740 971 767 994 et
794 973 849 994 suae
872 970 953 993 sectae

166 1015 298 1046 homines,
319 1014 363 1048 qui
381 1013 442 1048 ejus
455 1011 550 1046 jejunii
566 1013 698 1039 rationem
722 1012 748 1038 iu
772 1011 895 1046 Sergium
912 1018 954 1038 rc-

164 1061 262 1094 ferant,
280 1059 346 1088 diris
365 1060 506 1087 devovent.
523 1059 591 1086 Tum
608 1065 684 1090 vero,
698 1062 826 1092 tanquam
853 1059 953 1093 proba-

165 1107 245 1134 bilius
269 1105 340 1132 aliud
353 1104 510 1136 commenti,
520 1104 651 1139 jejunium
664 1103 824 1131 Artzeburis
836 1103 952 1135 dictum,

142 1183 145 1190 _
165 1151 269 1179 Ninivze
285 1151 393 1178 tradunt
408 1157 469 1178 esse
484 1149 629 1185 jejunium.
661 1148 712 1176 Ubi
739 1152 830 1175 autern
857 1149 890 1175 ad
908 1155 954 1174 eos

165 1198 315 1226 dixerimus
330 1207 335 1223 :
348 1196 415 1224 Ctnn
432 1202 482 1224 nec
495 1195 581 1223 sancti
598 1194 711 1228 apostoli
724 1194 807 1221 hocce
821 1193 953 1229 jejunium

165 1245 265 1278 scripto
280 1242 476 1278 consignarint,
494 1249 580 1276 neque
594 1239 702 1268 Niezena
721 1239 848 1275 synodus,
866 1247 954 1274 neque

166 1289 263 1324 aliquis
289 1294 457 1320 sanctorum,
486 1290 598 1321 excepta
626 1286 705 1318 feria,
736 1293 767 1313 ac
793 1285 953 1317 l’arasceve,

166 1342 318 1371 magnaque
337 1333 559 1368 Quadragcsima,
577 1339 608 1360 ac
624 1331 790 1367 hebdomada
815 1330 954 1358 Passionis

166 1382 284 1413 Christi,
324 1388 427 1408 necnon
450 1380 553 1415 jejunio
579 1378 734 1406 Nalivitatis
760 1377 871 1412 Christi,
891 1385 955 1404 san-

166 1433 326 1462 ctorumque
340 1427 534 1462 apostolorum,
559 1433 592 1453 ac
620 1425 666 1453 Dei
696 1424 841 1452 Genitricis
864 1432 870 1450 :
895 1425 955 1459 quis

167 1473 241 1501 vobis
255 1473 348 1509 jussit,
367 1478 395 1500 ut
417 1473 517 1508 gentis,
534 1479 594 1506 qua:
618 1471 699 1506 longo
717 1477 850 1497 annorum
866 1471 953 1504 spatio

699 133 821 163 ISAACI
844 134 1027 163 AllMENL-E
1045 133 1247 164 CATiItiLlCl

674 196 679 215 :
702 195 733 215 ac
760 196 848 223 neque
872 188 951 215 ullius

1052 189 1067 222 ἡ
1085 189 1167 223 πεῖρα
1182 187 1228 213 τοῦ
1247 188 1410 223 πράγματος
1434 190 1578 224 μαρτυρεῖ,
1597 189 1638 216 ὅτι
1655 188 1745 220 οὐδεὶς
1759 192 1788 225 ἡ.

1728 134 1787 166 1210

1003 235 1061 270 μῶν
1072 234 1171 269 ἢκουσε
1187 234 1234 260 τοῦ
1251 234 1330 268 ἁγίου
1354 235 1505 270 Γρηγορίου
1526 236 1604 270 παρὰ
1628 235 1680 270 τῆς
1697 235 1790 271 Ἀρμε-

1001 281 1061 312 νίας
1073 279 1135 306 οὕτε
1148 279 1287 314 νηστείαν,
1302 279 1365 306 οὔτε
1381 281 1489 316 ἑορτὴν,
1507 280 1568 308 οὔτε
1586 281 1688 308 θυσίαν
1704 290 1712 296 ·
1735 282 1791 309 οὗτε

1001 325 1082 353 ἄλλου
1098 325 1170 357 τινὸς
1186 326 1264 359 ἁγίου
1276 326 1421 361 Πατρδς,ἢ
1441 327 1614 360 Ἀθανασίου,
1624 327 1640 362 ἢ
1651 327 1790 354 Βασιλείσα

1001 372 1047 399 τοῦ
1069 372 1208 407 Μεγάλου,
1235 372 1251 407 ἢ
1269 372 1424 408 Γρηγορίου
1442 373 1489 399 τοῦ
1509 373 1749 408 Θαυματουργοῦ,
1777 374 1791 408 ἦ

1003 419 1152 454 Γρηγορίου
1184 419 1231 445 τοῦ
1256 418 1434 453 Θεολόγου,ἢ
1462 419 1508 446 τοῦ
1541 420 1756 454 Χρυσοπὸμου,
1777 421 1792 453 ἢ

1007 465 1138 500 Ἐφραὶμ,
1157 465 1173 500 ἦ
1193 465 1274 492 ἄλλου
1294 466 1367 497 τινὸς
1384 465 1464 499 ἁγίου
1479 466 1598 501 Πατρός.
1624 466 1673 492 Ἐκ
1692 467 1792 493 τούτων

1002 509 1048 537 οὖν
1067 511 1122 537 τῶν
1139 512 1269 538 τοιούτων
1290 512 1338 538 καὶ
1363 513 1535 547 τηλικούτων
1561 513 1660 546 ἁγίων.
1689 514 1794 545 οὐδενὸς

1002 556 1064 583 οὔτε
1082 557 1209 590 νηστείαν
1226 557 1415 592 νηστεὺοντες,
1432 557 1494 584 οὔτε
1510 559 1624 593 μνήμην
1647 559 1793 594 ἑορτάζον-

1002 611 1058 635 τες,
1073 602 1135 629 οὔτε
1153 603 1250 630 θυσίαν
1272 602 1415 635 ποιοῦντες
1427 612 1434 619 ⁸
1460 603 1520 636 πῶς
1535 604 1633 632 τοῦτον
1648 604 1733 639 μόνον
1751 605 1793 632 τὸν

1003 648 1127 684 Σέργιον,
1138 648 1267 676 τοσοῦτον
1281 648 1326 676 διά
1341 649 1471 685 νηστείας
1489 650 1609 685 φοὸερᾶς
1625 652 1675 677 καὶ
1696 651 1793 685 ἑορτῆς

1003 695 1051 722 καὶ
1063 695 1171 727 θυσίας,
1183 695 1222 727 ὠς
1237 695 1304 723 Θεὸν
1320 696 1421 731 τιμᾶτε
1435 696 1482 723 καὶ
1499 696 1673 731 θεραπεύετε
1687 705 1695 728 ;
1711 696 1793 723 Ὅθεν

1003 740 1148 776 πρόδηλον,
1167 741 1208 768 ὅτι
1226 742 1290 773 τοὺς
1303 742 1522 777 προειρημένους
1542 743 1641 777 ἁγίους
1656 743 1793 777 Πατέρας.

1003 786 1040 818 ὡς
1064 785 1218 821 Ῥωμαίους
1230 786 1409 822 βδελύσσεσθε
1430 787 1479 814 καὶ
1499 786 1713 822 ἀποστρέφεσθε
1727 795 1735 801 ·
1750 787 1794 812 καὶ

1003 831 1048 858 διὰ
1075 831 1156 858 τοῦτο
1177 832 1224 858 καὶ
1247 827 1328 867 ἡμεῖς
1349 831 1399 859 ἕνα
1422 832 1500 867 ὑμῶν
1521 831 1636 867 Σέργιον
1660 832 1709 858 τὸν
1734 832 1794 866 Ἀρ-

968 865 990 894 B
1007 878 1108 914 μένιον.

1038 924 1076 952 Γ¹.
1110 924 1229 957 Τούτους
1257 924 1314 960 (45)
1343 924 1444 956 αὐτοὺς
1471 924 1602 959 ἐλέγχους
1629 923 1795 955 άκτύοντες,

1007 971 1130 1007 παρευοὺ
1150 972 1199 1007 μὲν
1221 971 1368 1008 ἀρνοῦνται
1383 972 1431 1007 τὴν
1444 971 1491 998 τοῦ
1513 971 1628 1006 Σεργίου
1645 972 1793 1006 πρόφασιν·

1003 1019 1072 1046 ἀλλὰ
1089 1019 1137 1044 καὶ
1157 1017 1390 1053 ἁναθεματίζουσι
1414 1018 1478 1048 τοὺς
1502 1017 1663 1052 ὀμόσρονας
1694 1016 1794 1048 αὐτῶν,

1004 1065 1065 1096 τοὺς
1083 1064 1132 1099 τὴν
1157 1063 1287 1099 νηστείαν
1309 1062 1414 1098 ταύτην
1429 1063 1476 1088 τοῦ
1503 1063 1618 1097 Σεργίω
1642 1062 1794 1096 λέγοντας·

1005 1108 1065 1137 εἶτα
1082 1109 1120 1140 ὡς
1140 1109 1221 1144 δῆθεν
1239 1109 1434 1144 πιθανωτέραν
1450 1108 1588 1144 πρόφασιν
1608 1107 1794 1143 πλασάμενοι,

1005 1156 1141 1191 λέγουσιν,
1153 1157 1194 1183 ὅτι
1207 1156 1223 1191 ἡ
1239 1155 1353 1191 νηστεία
1370 1155 1416 1182 τοῦ
1432 1155 1581 1190 λεγομένου
1590 1154 1796 1190 Ἀρτζηδοὺρη,

1004 1203 1053 1238 τῆς
1066 1203 1162 1229 Νινευῖ
1191 1203 1250 1229 ἐστι
1264 1202 1387 1237 νηστεία.
1414 1201 1498 1228 Ἐπὰν
1520 1202 1549 1228 δὲ
1569 1202 1653 1236 ἡμεῖς
1671 1201 1796 1236 λέγωμεν

1005 1250 1074 1284 πρὸς
1087 1249 1198 1282 αὐτοὺς,
1215 1249 1256 1276 ὅτι
1274 1249 1322 1284 Μή
1337 1257 1366 1275 τε
1382 1248 1436 1275 τῶν
1450 1249 1536 1282 ἁγίων
1550 1247 1714 1275 ἀποστόλων
1728 1256 1796 1284 γρα-

1003 1296 1113 1330 ψάντων
1137 1295 1241 1330 ταύτην
1265 1294 1417 1329 νηστεύειν,
1446 1294 1516 1329 μήτε
1545 1293 1597 1328 τῆς
1629 1294 1660 1319 ὲν
1694 1283 1796 1326 Nimia

1006 1342 1127 1375 συνόδου,
1157 1342 1226 1377 μήτε
1241 1341 1323 1369 ἄλλου
1337 1341 1409 1372 τινὸς
1423 1341 1512 1375 ἁγίου,
1529 1340 1621 1376 παρὲκ
1635 1340 1686 1375 τῆς
1698 1340 1795 1374 τετρὰ-

1004 1388 1048 1420 δος
1075 1389 1123 1415 καὶ
1142 1389 1322 1424 παρασκευῆς
1339 1387 1386 1414 καὶ
1413 1387 1462 1421 τῆς
1482 1386 1605 1421 μεγάλης
1622 1394 1796 1421 τεσσαρακο-

1006 1435 1082 1470 στῆς,
1099 1436 1148 1462 καὶ
1163 1435 1213 1470 τῆς
1231 1434 1379 1470 ἑϐδομάδος
1392 1435 1439 1461 τοῦ
1458 1434 1568 1465 Πάθους
1591 1433 1640 1460 τοῦ
1666 1433 1795 1469 Χριστοῦ,

1005 1482 1117 1516 καὶτῆς
1130 1481 1178 1508 τοῦ
1196 1480 1317 1516 Χριστοῦ
1335 1481 1490 1516 Γεννήσεως
1502 1479 1642 1515 νηστείας,
1672 1480 1722 1506 καὶ
1747 1479 1797 1505 τῶν

166 1519 268 1547 Christi
290 1518 434 1546 adventum
454 1518 609 1552 praecessit,
629 1516 761 1551 jejunium
785 1515 952 1544 observetis!

1046 1515 1275 1559 iuvrézoasdawv,
1294 1527 1342 1553 καὶ
1358 1526 1408 1561 τῆς
1421 1526 1556 1552 Θεοτόκου
1570 1533 1577 1541 ·
1594 1525 1637 1557 τίς
1650 1526 1665 1552 ὁ
1680 1527 1797 1561 προστα-

167 1565 306 1600 Siquidem
340 1565 413 1591 enim
437 1563 590 1591 .ludaeornm
615 1563 737 1598 jejunia,
775 1570 789 1589 a
820 1563 876 1590 Deo
908 1570 956 1597 per

166 1611 259 1638 Mosen
288 1615 406 1643 statuta,
435 1610 480 1637 tibi
501 1611 557 1644 jam
586 1610 711 1637 Christus
735 1608 820 1641 venit,
846 1615 956 1635 servare

166 1658 359 1692 prohibemur;
388 1661 487 1692 quanto
514 1656 599 1691 magis
623 1656 816 1684 sceleralarum
836 1655 955 1690 gentium

164 1702 286 1737 jejunia?

202 1849 247 1878 ιν.
267 1849 313 1877 Sic
332 1856 396 1884 ergo
424 1848 556 1884 eoat-gitti,
588 1848 681 1874 dicunt
709 1847 807 1874 iterum
827 1854 886 1874 esse
906 1849 956 1875 hoc

167 1894 264 1921 Adami
282 1893 416 1929 jejunium
439 1902 445 1920 :
462 1892 607 1928 Postquam
622 1892 705 1926 enim,
725 1893 860 1928 inquiunt,
874 1893 958 1920 exivit

168 1948 184 1968 e
200 1939 346 1972 Paradiso,
363 1939 495 1974 jejunium
522 1938 586 1965 illud
610 1938 750 1974 jejunavit.
768 1937 840 1973 Ergo
866 1943 960 1966 osten-

167 1986 243 2017 dant,
260 1992 384 2020 quatnam
403 1992 418 2011 a
431 1984 485 2011 Deo
505 1983 635 2019 inspirata
648 1983 802 2018 Scriptura,
820 1989 866 2011 aut
892 1991 956 2019 pro-

168 2033 261 2066 pheta,
283 2031 324 2057 vel
348 2030 453 2062 doctor,
483 2034 531 2056 aut
556 2030 673 2064 scriptor
703 2030 728 2056 id
745 2030 850 2057 doceat.
865 2030 955 2064 gSaue,

169 2086 230 2105 cum
249 2077 395 2104 historicus
411 2075 456 2103 ille
470 2075 577 2111 Moyses
590 2077 622 2102 de
638 2076 718 2109 coelo,
739 2081 820 2108 terra,
832 2076 959 2110 omnique

167 2127 261 2150 creato
275 2121 436 2156 scripserit:
455 2121 488 2148 ad
508 2123 563 2148 lucc
578 2128 653 2154 vero,
673 2121 706 2148 de
726 2121 821 2148 Adami
843 2128 874 2148 ac
893 2119 956 2149 Eva:

169 2169 340 2200 formatione,
361 2168 448 2202 deque
464 2174 556 2195 eorum
573 2167 798 2201 transgressione,
816 2175 848 2194 ac
860 2168 956 2195 exsilio

1007 1574 1056 1606 ξας
1075 1573 1149 1608 ὑμᾶς
1166 1571 1333 1608 (νηστεύειν)
1359 1571 1488 1607 νηστείαν
1513 1571 1600 1598 ἐθνῶν
1621 1571 1679 1606 πρὸ
1696 1571 1797 1596 πολλῶν

1007 1618 1089 1647 οὖσαν
1104 1619 1174 1646 ἑτῶν
1197 1619 1247 1653 τῆς
1268 1617 1317 1644 τοῦ
1343 1617 1464 1654 Χριστοῦ
1492 1617 1660 1652 ὲπιδημίαςς
1693 1617 1725 1644 El
1753 1614 1798 1643 οὖι

1006 1667 1055 1698 τὰς
1076 1665 1226 1697 Ὶουδαῖκὰς
1247 1665 1386 1701 νηστείας,
1410 1665 1459 1695 τὰς
1482 1664 1535 1690 ὑπὸ
1549 1663 1618 1690 Θεοῦ
1641 1663 1799 1699 ὸρισθιίσας

1006 1713 1052 1740 διὰ
1079 1711 1213 1744 Μωσέως,
1240 1711 1403 1746 κωλυὸμεθα
1419 1710 1587 1746 .νηστεύειν,
1605 1710 1654 1736 τοῦ
1679 1711 1797 1746 Χριστοῦ

1007 1759 1133 1790 ἐλθόντος
1148 1766 1156 1774 '
1171 1758 1263 1794 πολλῷ
1280 1758 1382 1793 μᾶλλον
1406 1757 1455 1789 τὰς
1479 1757 1533 1784 τῶν
1563 1757 1797 1792 παρανομούντων

1007 1804 1093 1832 ἐθνῶν
1107 1804 1234 1840 νηστείας
1241 1824 1247 1831 .

1044 1849 1081 1878 Δ’.
1099 1850 1193 1882 οὕτως
1216 1847 1262 1876 οὖν
1285 1848 1471 1884 ἐλεγχόμενοι.
1496 1847 1578 1874 πάλιν
1594 1847 1707 1881 λέγουσι
1724 1856 1731 1863 ·
1747 1848 1797 1873 Τσῦ

1014 1896 1100 1932 Ἀδάμ
1115 1897 1192 1923 ἐστιν
1203 1895 1272 1930 αὕτη
1286 1895 1303 1930 ή
1314 1895 1438 1930 νηστεία.
1451 1894 1531 1922 Μετὰ
1545 1894 1602 1929 γὰρ
1617 1894 1648 1920 τὺ
1681 1894 1798 1927 ἐξελθεῖι

1008 1942 1102 1975 αὐτὸν,
1119 1942 1214 1977 φασιν,
1228 1944 1259 1968 ὲκ
1274 1941 1321 1967 τοῦ
1337 1940 1519 1976 παραδείσου,
1541 1941 1711 1975 νενήστευχε
1736 1940 1799 1966 ταῦ-

1007 1997 1068 2024 την.
1084 1987 1190 2015 Οὐκοῦν
1221 1987 1397 2020 δειξάτωσαν,
1410 1986 1475 2013 ποία
1496 1986 1680 2017 θεόπνευστος
1698 1985 1796 2020 βίὸὶος,

1008 2033 1025 2069 ἢ
1042 2034 1185 2069 προφήτης
1200 2054 1207 2066 ,
1235 2033 1251 2068 ἢ
1269 2032 1449 2066 ,διδάσκαλοω
1478 2032 1494 2067 ἢ
1523 2033 1704 2066 συγγραφεὺς
1724 2031 1799 2058 τοῦτο

1008 2080 1142 2107 διδάσκει.
1160 2079 1228 2115 Περὶ
1247 2079 1297 2114 μὲν
1315 2079 1444 2114 οὐρανοῦ,
1461 2078 1509 2105 καὶ
1525 2078 1590 2112 γῆς,
1608 2079 1657 2105 καὶ
1674 2078 1726 2112 τῆς
1743 2078 1799 2104 κτί-

1009 2133 1078 2157 σεως
1098 2125 1201 2159 πάσης,
1221 2125 1235 2151 ὁ
1259 2125 1363 2160 Μωσῆς
1380 2124 1517 2159 ἱστορικὸς
1543 2123 1777 2158 συγγραψάμενος
1791 2131 1798 2138 ·

1009 2171 1050 2198 ἔτι
1067 2171 1096 2197 δὲ
1121 2171 1170 2198 καὶ
1192 2171 1324 2206 περὶτῆς
1342 2171 1467 2202 πλάσεως
1493 2169 1540 2196 τοῦ
1571 2170 1659 2205 ’Δδὰμ
1685 2171 1732 2196 καὶ
1754 2170 1799 2203 τῆς

169 2224 183 2241 e
203 2214 349 2246 Paradtso;
378 2220 428 2239 nec
453 2220 505 2239 non
529 2213 630 2248 pariter
643 2213 676 2240 de
693 2213 805 2239 ﬁliorum
830 2220 952 2246 procrea-

1043 2225 1102 2248 ta;'
1121 2217 1252 2252 καὶπερὶ
1275 2218 1323 2252 τῆς
1346 2217 1528 2253 παραϐάσεως
1549 2217 1653 2249 αὐτῶν,
1680 2218 1727 2244 καὶ
1752 2217 1799 2251 τῆς

169 2262 253 2294 tione,
283 2265 392 2295 totaque
413 2266 507 2287 eorum
531 2260 586 2286 vita
610 2266 642 2287 ac
657 2265 762 2291 morte;
788 2266 957 2293 nequaquam

169 2313 261 2335 tamen
288 2312 428 2342 postquam
445 2313 460 2333 e
486 2305 615 2332 Paradiso
640 2305 742 2340 egressi
767 2310 868 2338 essent,
887 2305 960 2340 jeju-

170 2362 250 2382 nasse
277 2352 396 2387 scripsit.
414 2351 553 2386 Siquidem
567 2352 639 2378 cnim
664 2351 790 2385 paradiso
806 2350 874 2384 pulsi
893 2350 957 2377 illud

171 2407 236 2427 tunc
264 2399 396 2434 jejunium
425 2396 730 2432 jejunassenl,omuino
743 2397 824 2423 etiam
853 2396 958 2431 Moyses

171 2447 244 2474 illius
263 2446 440 2477 meminisset,
453 2442 680 2478 quemadmodum
697 2442 778 2469 etiam
792 2442 957 2478 conscripsit

169 2500 264 2520 eorum
279 2499 322 2519 res
338 2498 442 2518 omnes.
464 2489 531 2516 Cum
548 2497 612 2524 ergo
623 2489 726 2524 Moyses
741 2489 887 2516 historicus
913 2497 945 2516 ac

170 2537 390 2575 propheta,nilnl
408 2536 540 2572 ejusmodi
564 2535 768 2570 conscripserit,
787 2540 833 2562 aut
849 2536 960 2563 onntino

170 2586 288 2618 dixerit,
322 2585 410 2620 palam
442 2588 482 2610 est
507 2583 574 2610 istos
602 2582 705 2609 fabulas
730 2582 896 2617 confingere,
927 2590 960 2609 ac

171 2631 313 2659 mendaces
331 2637 400 2656 esse.

208 2727 238 2754 V.
260 2727 305 2754 Sic
324 2730 414 2752 autem
444 2724 559 2752 convicti
591 2724 750 2751 seductorcs
777 2723 825 2756 illi,
848 2730 959 2758 respon-

172 2773 235 2802 dent
253 2780 314 2800 esse
339 2771 472 2806 jejunium
487 2771 633 2804 Armeniae,
659 2777 720 2797 cum
740 2778 755 2798 ιι
773 2775 868 2798 sancto
882 2770 960 2804 ιϐτε-

210 2862 264 2897 (45)
283 2862 362 2890 Forte
382 2861 471 2889 αὐτοί.

1009 2263 1043 2288 ἐκ
1065 2261 1111 2288 τοῦ
1130 2262 1295 2297 παραδείσου
1312 2261 1418 2298 ἑξορίας
1431 2270 1438 2278 ·
1452 2262 1583 2293 ὡσαύτως
1605 2263 1654 2289 καὶ
1674 2263 1738 2297 περὶ
1754 2264 1799 2295 τὴς

1011 2307 1182 2338 παιδοποιίας
1197 2308 1298 2340 αὐτῶν,
1317 2309 1364 2335 καὶ
1380 2308 1470 2343 πάσης
1483 2308 1574 2335 αὐτῶν
1589 2308 1641 2343 τῆς
1654 2309 1742 2342 ζωῆς,
1756 2313 1799 2334 καὶ

1011 2353 1058 2380 τοῦ
1075 2354 1191 2380 θανάτου
1209 2362 1215 2368 ·
1241 2354 1368 2390 οὐδαμῶς
1385 2355 1576 2390 συνεγράψατο
1588 2375 1596 2388 ,
1615 2355 1658 2381 ὅτι
1676 2355 1749 2389 μετὰ
1773 2355 1800 2380 τὸ

1008 2398 1127 2432 ἐξελθεῖν
1154 2400 1252 2431 αὐτοὺς
1277 2401 1310 2426 ἐκ
1333 2400 1381 2426 τοῦ
1409 2401 1576 2436 παραδείσου
1604 2402 1798 2436 νενήστευκαν.

1011 2445 1079 2471 Τότε
1094 2446 1150 2481 (46)
1165 2446 1266 2481 ταύτην
1275 2446 1324 2482 τὴν
1333 2447 1462 2481 νηστείαν
1469 2446 1516 2473 τοῦ
1530 2447 1700 2482 παραδείσου
1715 2448 1801 2483 ἐξορι-

1013 2492 1134 2524 σθέντες,
1156 2494 1264 2524 πάντως
1280 2493 1312 2519 ἂν
1330 2495 1377 2520 καὶ
1390 2493 1494 2528 ταύτην
1509 2494 1523 2520 ὁ
1538 2494 1661 2528 Μωῡσῆς
1679 2493 1801 2528 ἑμνημὲ-

1012 2548 1107 2566 νευσεν
1118 2539 1213 2574 ὥσπερ
1229 2540 1275 2565 καὶ
1290 2540 1378 2566 πάντα
1392 2540 1503 2566 ἐκείνων
1524 2540 1719 2575 συνεγράψατο
1733 2548 1740 2555 ·
1757 2539 1799 2565 τοῦ

1013 2585 1059 2612 οὖν
1077 2585 1286 2620 ἱστοριογράφου
1308 2586 1447 2618 Μωῡσέως
1463 2586 1513 2612 καὶ
1538 2587 1696 2620 προφήτου,
1719 2586 1801 2620 μηδὲν

1013 2633 1135 2661 τοιοῦτον
1154 2633 1378 2668 συγγράψαντος.
1393 2633 1461 2666 μήτε
1476 2632 1624 2666 εἰρηκότος
1636 2631 1779 2661 παντελῶς
1792 2638 1799 2645 ·

1012 2681 1081 2706 εἰσὶν
1101 2677 1174 2707 οὗτοι
1191 2679 1336 2714 μυθολόγοι
1358 2679 1406 2705 καὶ
1424 2677 1641 2717 ψευδοπλὰσται.

1049 2725 1086 2753 Ε’.
1105 2727 1159 2752 Καὶ
1177 2726 1264 2758 οὕτως
1276 2726 1451 2760 ἐλεγχόμενοι
1467 2724 1493 2750 οἱ
1512 2724 1621 2756 πλάνοι,
1642 2724 1800 2760 ἀποκρίνον-

1015 2779 1072 2803 ται,
1089 2772 1129 2797 ὅτι
1146 2771 1162 2806 ἡ
1181 2771 1292 2806 νηστεία
1306 2771 1365 2797 ἐστὶ
1386 2770 1434 2804 τῆς
1454 2768 1618 2804 Ἀρμενίας,
1642 2769 1689 2796 ὅτε
1709 2767 1799 2803 ἔμεὶλε

1050 2859 1105 2895 (46)
1123 2859 1202 2887 Forte
1218 2859 1265 2886 ἐὰν
1281 2858 1335 2894 γὰρ
1352 2859 1538 2894 νενὴστευκαν
1555 2857 1630 2884 τότε.
