1875 3056
86 146 152 178 1201

601 151 752 181 ,ΟΗᾹΤΙΟ
776 152 787 181 Ι
809 153 955 183 CONTRA
978 153 1182 184 AllMENlOS.

1651 154 1719 185 ῙΞΞ

85 206 268 241 βαπτισθῆναι
287 207 339 233 ὑπὸ
357 208 404 234 τοῦ
417 208 496 242 ἁγίου
512 209 676 245 Γρηγορίου.
704 212 765 238 ’Ὁτι
779 212 807 238 δὲ
825 213 872 238 καὶ

977 213 1008 240 “io
1033 212 1194 247 baptizanda
1209 218 1291 239 esset.
1308 212 1391 240 Porro
1407 217 1436 239 ut
1464 214 1513 240 hoc
1539 220 1657 248 quoque.
1681 218 1718 245 U'i

84 252 164 279 τοῦτο
187 252 328 286 ψεύδονται
350 253 387 285 ὡς
402 254 449 280 καὶ
468 255 501 281 τὰ
521 255 611 287 λοιπὰ,
635 257 821 293 ἀποδείξωμεν
844 259 876 284 ὲκ

85 298 141 324 τῶν
160 298 233 324 ίδίων
249 298 332 325 αὐτοῦ
350 299 475 334 βιϐλίων.
493 301 549 335 Πρὸ
571 302 620 336 μὲν
640 303 694 337 γὰρ
710 304 756 329 τοῦ
775 304 877 338 βαπτι-

86 342 184 377 σθῆναι
200 344 265 375 τοὺς
281 344 442 379 ’Λρμενίους
459 346 512 372 ὑπὸ
527 346 574 373 τοῦ
586 347 674 381 ἁγίου,
688 348 876 384 ἐλαυνομένων

87 387 178 416 αὐτῶν
203 390 256 416 ὑπὸ
274 399 329 417 των
354 391 490 427 δαιμόνων
506 413 513 425 ,
543 393 702 429 ὠρίσθησαν
728 395 804 430 παρᾶ
829 395 876 422 τοῦ

88 436 168 469 ἁγίου
184 437 336 473 Γρηγορίου
352 438 502 474 νηστεῦσαι
516 440 621 475 ἡμέρας
635 441 778 473 ἑξήκοντα.
799 443 877 469 Μετὰ

87 483 118 510 δὲ
142 484 294 511 καταλῦσαι
319 485 352 511 τὰ
376 485 485 517 εἴδωλα,
515 486 563 513 καὶ
581 487 710 513 ἀπελθεῖν
724 488 824 520 αὐτοὺς
849 489 877 514 ἐν

88 530 248 566 Καισαρείᾳ
262 531 311 566 τῆς
343 531 551 566 Καππαδοκίας,
578 534 626 560 καὶ
654 534 878 569 χειροτονηθῆναι

88 577 242 604 ἐπίσκοπον
258 577 333 612 παρὰ
357 578 403 604 τοῦ
428 578 532 613 ταύτης
551 579 705 614 ἀρχιερέως
722 588 728 595 ·
747 581 794 607 καὶ
812 580 878 606 ὑπο-

88 622 207 658 στρέψας
232 623 313 649 πάλιν
336 625 350 651 ὁ
375 624 466 658 ἅγιος.
481 625 529 652 καὶ
551 625 658 660 μέλλων
684 625 782 657 αὐτοὺς
806 625 878 660 βαπ-

87 667 183 702 τίζειν,
211 669 380 704 προσέταξεν
396 670 452 706 (47)
475 671 562 703 αὐτὰς
584 672 693 707 ἡμέρας
712 672 878 708 τριάκοντα.

87 713 127 744 ὼς
148 714 270 749 ἀκριϐῶς
306 715 421 751 γράφων
445 716 474 742 ἐν
488 717 521 752 τῇ
543 715 626 752 βίϐλῳ
653 716 701 744 τοῦ
725 716 781 752 βίου
798 716 880 743 αὑτοῦ

88 759 136 786 καὶ
153 761 316 795 μαρτυρίου.

126 821 170 853 ς’.
188 819 243 846 Kal
258 819 344 851 οὕτως
360 820 574 856 ἀνατρεπόμενοι
591 822 732 857 λέγουσιν,
747 824 788 850 ὅτι
804 823 819 858 ἡ
836 831 884 857 νη·

89 866 166 892 στεία
179 866 279 898 αὐτῶν,
298 866 367 900 αὕτη
381 868 440 894 ἐστὶ
457 868 504 894 τοῦ
525 869 643 903 μεγάλου
665 869 881 902 Κωνσταντίνου,

88 914 135 940 ὅτε
152 914 262 949 ἔμελλεν
277 914 328 942 ὑπὸ
345 914 507 952 Σιλὸέστρου
526 916 709 952 βαπτισθῆναι
727 919 756 945 ἐν
774 917 882 953 Ῥώμῃ.

89 959 154 987 Ὅτι
168 961 196 987 δὲ
212 960 258 987 καὶ
272 960 351 988 τοῦτο
365 960 462 996 ψευδές
477 962 546 996 ἐστι,
563 964 645 990 παντί
662 973 712 990 που
729 964 809 999 δῆλον
820 973 826 979 ·
841 964 883 990 ὅτι

89 1007 107 1033 δ
130 1007 215 1042 μέγας
237 1008 446 1040 Κωνσταντῖνος
471 1008 576 1044 μέλλων
597 1010 727 1046 τελευτᾷν
749 1011 778 1036 ὲν
802 1010 885 1036 Νικο-

91 1053 191 1089 μηδείᾳ
208 1053 361 1088 ἐϐαπτίσθη
373 1074 379 1085 ,
399 1054 446 1081 καὶ
464 1055 588 1090 παρευθϋ
609 1056 756 1083 ἀπέθανεν.
776 1056 807 1083 Ei
826 1057 854 1083 δὲ
870 1058 884 1084 ὁ

90 1099 150 1130 υίὸς
166 1098 211 1125 τοῦ
234 1099 352 1134 μεγάλου
374 1100 597 1133 Κωνσταντίνου,
615 1102 742 1134 κάκεῖνος
762 1102 885 1128 ἐκαλεῖτο

91 1144 179 1179 μέγας
189 1164 197 1177 ,
211 1144 258 1171 καὶ
272 1144 371 1180 ἀληθὲς
383 1142 418 1180 ἦν
432 1145 527 1179 τοῦτο,
540 1146 609 1182 ὅπερ
623 1147 673 1173 οὐκ
687 1146 744 1173 ἐστι
754 1155 761 1162 ·
777 1146 803 1173 τί
817 1147 885 1183 προς

90 1190 154 1217 ὅλον
170 1190 215 1218 τὸν
232 1190 352 1227 κόσμον,
370 1191 396 1218 εί
413 1192 466 1227 πρὸ
483 1192 653 1220 ὀκτακοσίων
672 1193 741 1220 ὲτῶν
759 1193 886 1228 βασιλεὺς

90 1236 198 1272 μέλλων
217 1237 400 1272 βαπτισθῆναι
420 1238 603 1274 νενήστευκε;
623 1239 678 1265 Kal
697 1238 754 1272 πῶς
774 1240 788 1266 ό
804 1239 886 1272 αὐτὸς

89 1283 270 1319 Σίιλϐεστρος,
286 1283 405 1319 ἀρχηγὸς
422 1283 459 1311 ὣν
475 1284 524 1320 τῆς
541 1285 570 1311 ὲν
587 1284 691 1321 Νικαίᾳ
709 1285 836 1316 συνόδου,
855 1286 885 1313 οὐ

89 1330 250 1364 γεγραφηκε
274 1329 342 1364 μετὰ
362 1329 412 1365 τῆς
437 1330 564 1363 συνόδου,
585 1331 647 1357 οὔτε
671 1331 795 1358 ὲτύπωσε
817 1333 887 1367 μετὰ

89 1375 148 1402 τῶν
169 1375 269 1402 λοιπῶν
290 1376 339 1410 τῆς
363 1375 471 1402 συνόδου
494 1377 691 1411 παραδόσεων,
715 1378 762 1405 καὶ
785 1378 888 1414 ταύτην

90 1421 144 1457 τὴν
159 1420 287 1456 νηστείαν
301 1421 441 1455 νηστεύειν
456 1422 579 1456 πάντας
594 1422 672 1454 Ποίος
686 1423 715 1450 δὲ
729 1424 819 1450 κανὼν
833 1424 888 1451 τῶν

89 1467 260 1499 ἀποστόλων,
278 1467 294 1502 ἢ
313 1467 416 1503 ἑτέρων
432 1468 528 1502 ἁγίων,
548 1469 564 1504 ἢ
585 1470 712 1503 συνόδων,
730 1470 744 1497 δ
762 1479 888 1506 παρακε-

91 1513 251 1549 λευόμενος,
262 1501 313 1546 ὃτι,
325 1501 420 1545 όσακις
431 1501 462 1547 ἐξ
475 1501 613 1551 Ἑλλήνων
626 1501 754 1551 βασιλεὺς
766 1501 809 1549 el;-
820 1517 888 1553 Χρι-
900 1501 922 1531 c

93 1559 253 1594 στιανισμὺν
271 1559 424 1596 ἐπιστρέψῃ
444 1560 493 1587 καὶ
515 1560 601 1597 μέλλῃ
620 1561 821 1598 βαπτισθῆναι,
841 1572 888 1599 νη-

93 1606 206 1633 στεῦσαι
224 1606 381 1642 παραυτίκα
399 1606 449 1642 τὴν
468 1607 595 1642 νηστείαν
613 1607 660 1634 τοῦ
682 1609 888 1644 κατηχουμένου

93 1651 227 1687 βασιλέως
242 1652 421 1686 τυπωθῆναι,
440 1653 486 1679 καὶ
504 1653 688 1687 φυλάττεσθαι
707 1655 760 1681 ὑπὸ
776 1656 823 1681 τοῦ
842 1656 888 1683 κό-

93 1707 165 1734 σμου
183 1698 282 1731 παντὸς
298 1698 351 1729 ἓως
367 1697 415 1725 τοῦ
431 1699 543 1733 αἱῶνο;;

131 1757 168 1783 Z'.
187 1757 242 1783 Kal
253 1755 419 1789 δειξάτωσαν
431 1758 498 1792 ἡμῖν
513 1759 539 1784 τί
556 1757 586 1785 τὸ
601 1758 687 1794 ὄνομα
700 1760 749 1794 τῆς
765 1760 890 1795 νηστείας

92 1801 215 1837 ταύτης
233 1802 314 1829 Αὐτοὶ
330 1802 358 1829 δὲ
377 1803 580 1839 Ἀρτζηϐούρην
596 1805 719 1839 λέγουσιν
733 1813 740 1821 '
765 1800 844 1841 ἡμεῖς
861 1807 890 1833 δὲ

92 1849 125 1875 ’τὺ
150 1849 246 1884 μιαρὸν
267 1849 357 1877 αὐτῶν
375 1849 460 1885 δνομα
481 1850 611 1877 οὐδέποτε
632 1851 760 1887 εὕρομεν.
782 1853 844 1884 Πῶς
863 1853 890 1879 δὲ

91 1895 147 1926 τὰς
171 1895 337 1931 παραδόσεις
363 1896 463 1928 πάσας,
488 1896 534 1923 καὶ
555 1898 589 1924 τὰ
612 1897 734 1933 δόγματα
754 1898 809 1925 τῶν
825 1899 892 1926 Ῥω·

96 1941 188 1978 μαίων
200 1941 447 1976 ἀναθεματίξοντες
461 1943 508 1968 καὶ
522 1942 724 1978 ἀπαρνούμενοι
733 1964 740 1974 .
755 1944 838 1979 μόνον
849 1945 892 1971 λε-

93 1989 212 2024 γόμενον
229 1989 433 2026 Ἀρτζηόοὐρην
450 1986 636 2025 φυλάτ¹ἑουσις
653 1990 701 2022 Τίς
717 1989 764 2017 οὖν
778 1991 809 2016 οὐ
827 1999 892 2017 συν-

91 2036 148 2071 ορᾷ
167 2035 217 2071 τὴν
239 2035 408 2071 πανουργίαν
433 2036 480 2062 καὶ
503 2036 650 2071 ὑπόκρισιν
671 2036 727 2062 τῶν
750 2036 893 2072 θεομάχων

99 2081 266 2116 ’Δρμενίων,
280 2082 332 2115 ὅτι,
346 2082 390 2109 διὰ
405 2083 436 2109 τὸ
452 2082 589 2117 πλανῆσαι
603 2082 667 2114 τοὺς
681 2082 893 2121 ὰφελεστέρους,

91 2129 145 2157 καὶ
165 2130 206 2160 εις
223 2130 273 2164 τὴν
291 2129 397 2156 ἑαυτῶν
416 2129 522 2164 αἵρεσιν
542 2129 674 2162 κατᾶξαι,
695 2129 783 2155 ταῦτα
804 2129 894 2155 πάντα

930 259 1045 292 reliqua,
1059 257 1200 285 mendacio
1210 257 1309 290 dicant,
1321 257 1496 284 ostendamus
1505 266 1535 285 ex
1549 266 1641 286 eorum
1652 268 1717 295 pro-

931 307 997 340 priis
1018 305 1105 333 libris.
1123 305 1264 340 Equidem,
1281 309 1424 339 antequam
1452 306 1571 333 Armenii
1589 314 1603 333 τι
1623 314 1716 334 sancto

931 351 1218 386 baptizarentur,cum
1252 354 1398 384 agerentur
1421 358 1435 377 a
1467 351 1642 384 daunonibus,
1660 353 1717 380 dies

929 397 1068 431 sexaginta
1081 404 1098 423 τί
1110 401 1205 423 sancto
1214 395 1345 431 Gregorio
1359 395 1627 431 jejunarejubentur.
1641 396 1720 425 Post-

930 450 1010 476 quam
1027 446 1116 468 autem
1133 441 1311 468 dcstruxissot
1328 441 1408 472 idola,
1429 440 1463 468 ad
1480 441 1629 469 Caesaream
1649 442 1719 478 Cap-

930 487 1049 523 padociae
1065 487 1205 518 abiissent,
1219 493 1345 521 essetque
1360 486 1405 514 ille
1417 487 1560 515 ordinatus
1578 489 1719 523 episcOpus

930 533 963 561 ab
973 533 1031 567 ejus
1043 533 1115 560 sedis
1125 532 1250 567 pontiﬁce
1262 540 1269 558 :
1281 539 1406 559 reversus
1419 532 1517 559 iterum
1535 534 1577 560 vir
1596 540 1718 566 sanctus,

930 587 962 606 ac
980 587 1040 606 cum
1054 587 1110 606 cos-
1127 579 1313 613 baptizatnrus
1330 582 1412 610 esset,
1428 578 1537 613 triginta
1549 578 1652 607 dierum
1676 581 1717 614 je-

928 624 1034 659 junium
1050 624 1158 656 indixit,
1185 624 1223 650 uti
1247 624 1273 650 iu
1292 623 1358 651 Vita:
1382 623 1440 658 ejus
1461 630 1492 650 ac
1513 625 1633 659 martyrii
1652 626 1724 654 libro

935 674 1064 698 accurate
1081 670 1211 705 scriptum
1232 670 1356 706 legimus.

902 821 923 850 Β
974 820 1019 848 Vl.
1037 820 1083 849 Sic
1107 821 1221 850 ulterius
1245 823 1363 855 confusi,
1388 823 1518 859 jejunium
1537 832 1615 852 suum
1635 825 1723 860 ipsum

933 867 1022 902 Magni
1033 868 1203 896 Constantini
1219 870 1363 903 jejunium,
1378 878 1440 897 cum
1459 870 1551 899 Romae
1563 879 1576 899 a
1592 872 1724 900 Silvestre

935 912 1113 947 baptizandus
1134 919 1217 945 esset.
1241 915 1341 942 dicunt.
1356 915 1435 948 Quod
1461 921 1550 943 autem
1575 917 1600 944 id
1617 924 1724 952 quoque

935 958 1030 986 falsum
1056 960 1109 992 sit,
1136 960 1276 995 perspicue
1301 960 1395 996 liquet.
1421 961 1530 997 Magnus
1556 964 1628 990 enim
1653 963 1724 991 Con-

934 1006 1082 1039 stantinus,
1100 1015 1162 1034 cum
1195 1008 1275 1035 morti
1296 1007 1435 1042 proximus
1453 1013 1534 1041 esset,
1561 1009 1727 1037 Nicomedia}

935 1053 1088 1088 baptizatus
1103 1053 1161 1084 fuit.
1177 1061 1208 1081 ac
1222 1054 1313 1081 statim
1328 1054 1399 1082 diem
1413 1055 1491 1082 obiit.
1505 1056 1581 1088 Quod
1595 1057 1616 1083 si
1633 1056 1725 1090 Magni

935 1099 1103 1127 Constantini
1135 1099 1216 1132 ﬁlius,
1243 1100 1300 1135 ipse
1315 1108 1424 1136 quoque
1438 1101 1550 1137 Magnus
1567 1102 1722 1137 appellaba-

936 1150 990 1177 tur,
1005 1154 1101 1182 resque
1114 1154 1177 1174 vera
1194 1146 1255 1179 fuit,
1269 1148 1339 1182 quod
1351 1148 1420 1175 absit
1436 1157 1443 1176 :
1461 1148 1525 1183 quid
1541 1149 1574 1175 ad
1592 1148 1722 1176 mundum

936 1193 1103 1226 universum,
1121 1197 1149 1219 ut
1176 1197 1238 1221 ante
1263 1201 1350 1221 annos
1374 1194 1544 1230 octingentos
1575 1195 1724 1230 imperator

936 1237 1114 1273 baptizandus
1125 1237 1287 1274 jejunaverit
1298 1239 1309 1266 ?
1322 1240 1387 1273 Quei
1406 1247 1470 1267 vero
1486 1240 1554 1267 idem
1574 1239 1723 1276 Sylvester,

936 1290 997 1311 cum
1025 1282 1140 1311 Nicena:
1163 1285 1258 1320 synodi
1286 1292 1386 1319 praeses
1411 1290 1493 1317 esset,
1514 1285 1724 1320 haudquaquam

937 1336 999 1356 eum
1014 1329 1127 1364 synodo,
1151 1337 1183 1356 ac
1197 1337 1257 1356 cum
1276 1330 1386 1364 reliquis
1402 1331 1497 1365 synodi
1524 1331 1725 1363 traditionibus,

935 1374 1068 1410 jejunium
1092 1376 1144 1402 hoc
1160 1376 1193 1403 ab
1209 1376 1335 1403 omnibus
1349 1377 1451 1404 servari
1468 1377 1626 1404 constituit?
1642 1377 1724 1411 Quis-

938 1430 999 1450 nam
1011 1429 1076 1450 vero
1087 1422 1269 1455 apostolorum
1281 1430 1378 1455 canon,
1391 1423 1542 1451 aliorumve
1557 1428 1724 1455 sanctorum.

939 1473 986 1496 aut
1003 1468 1181 1504 synodorum,
1211 1468 1247 1495 ita
1276 1467 1353 1502 jubet
1378 1471 1408 1496 ut
1431 1469 1647 1503 quotiescunque
1675 1469 1726 1496 im—

940 1518 1048 1549 perator
1072 1522 1087 1542 a
1115 1513 1255 1549 gentilium
1284 1521 1377 1540 errore
1406 1520 1552 1541 conversus
1581 1513 1661 1541 fuerit
1691 1514 1726 1542 ad

938 1560 1189 1591 Christianismum,
1209 1567 1240 1586 ac
1258 1559 1381 1586 debuerit
1396 1558 1539 1594 baptizari,
1553 1559 1644 1586 statim
1659 1567 1727 1594 prte-

939 1606 1095 1639 scribatur,
1123 1609 1152 1632 ut.
1185 1605 1359 1639 imperatoris
1383 1604 1568 1632 catechumeni
1594 1603 1727 1639 jejunium

940 1652 973 1679 ab
986 1651 1113 1679 universo
1129 1653 1230 1678 mundo
1245 1650 1368 1678 solemne
1380 1650 1407 1677 in
1420 1655 1578 1686 perpetuum
1596 1651 1728 1679 habeatur

940 1704 1022 1734 atque
1033 1699 1177 1726 servetur?

977 1754 1034 1783 VH.
1050 1755 1201 1784 Ostendant
1223 1762 1287 1784 vero
1302 1754 1366 1791 quid
1386 1755 1503 1783 nominis
1529 1755 1600 1783 illius
1620 1755 1726 1791 jejunii.

941 1802 995 1836 Ipsi
1018 1809 1097 1836 porro
1121 1801 1297 1828 Artzeburcm
1327 1801 1438 1832 dicunt;
1457 1809 1507 1828 nos
1535 1806 1636 1833 autem,
1664 1809 1728 1829 nus-

941 1856 1022 1882 quam
1055 1847 1220 1874 exsecrabile
1238 1847 1343 1873 illorum
1368 1854 1466 1873 nomen
1479 1846 1641 1873 invenimus.
1661 1847 1727 1880 ριιεί

943 1900 1025 1927 vero,
1055 1900 1148 1920 omnes
1175 1892 1358 1919 Romanorum
1389 1891 1546 1919 traditiones
1575 1896 1656 1926 atque
1681 1893 1730 1920 do-

943 1946 1034 1976 gmata
1063 1941 1234 1967 anathemate
1266 1939 1449 1972 damnantes,
1481 1943 1563 1972 atque
1589 1944 1728 1974 negantes,

943 1987 1073 2023 jejunium
1107 1986 1207 2013 dictum
1237 1985 1416 2012 Artzeburem
1446 1985 1626 2013 custodiunt?
1662 1985 1729 2018 Quis

945 2041 1020 2068 ergo,
1044 2032 1089 2059 Dei
1113 2032 1329 2059 adversariorum
1353 2031 1543 2059 Armeniorum
1559 2031 1684 2058 astutiam
1699 2038 1731 2058 ae

945 2079 1142 2108 simulationem
1164 2086 1216 2106 nou
1250 2079 1404 2113 perspiciat,
1432 2083 1462 2105 ut
1488 2078 1546 2105 ltzec
1573 2078 1610 2105 illi
1639 2078 1729 2105 omnia

947 2126 1111 2154 mentiantur
1124 2129 1205 2159 atque
1228 2124 1395 2158 conﬁngant,
1412 2132 1466 2159 quo
1481 2123 1660 2158 simpliciores
1688 2131 1731 2151 se-

93 2174 279 2209 μυθολογοῦσι
296 2174 343 2201 καὶ
359 2174 523 2207 πλάττουσι;
540 2174 588 2206 Τίς
604 2174 650 2200 οὖν
664 2174 710 2201 διὰ
725 2175 773 2209 τῆς
791 2174 887 2210 πολλῆς

977 2176 1058 2204 Icant,
1089 2172 1297 2206 pertrahantque
1323 2170 1350 2197 in
1380 2177 1457 2197 suam
1489 2165 1635 2197 haeresim?
1664 2169 1730 2202 Quis

91 2221 188 2249 αὐτῶν
204 2221 367 2256 ὲναλλαγῆς,
384 2221 432 2247 καὶ
448 2221 502 2248 τῶν
519 2221 656 2256 διαφόρων
671 2221 821 2256 ὀνομάτων,
839 2222 893 2248 τῶν

93 2266 166 2300 παρ’
178 2266 268 2297 αὐτοῖς
287 2265 495 2299 πλαττομένων,
511 2265 541 2290 οὺ
560 2266 616 2291 νοεῖ
634 2265 670 2300 μὴ
685 2261 755 2291 εἶναι
769 2264 815 2290 τὴν
833 2265 894 2299 Ἀρ·

93 2311 254 2347 τξηὸούρην
265 2312 332 2343 ὅλως
344 2311 493 2346 παράδοσιν
505 2310 687 2346 Χριστιανῶν,
700 2310 716 2345 ἦ
730 2309 808 2343 ἁγίου
821 2309 893 2341 τινος

94 2358 248 2393 νηστείαν,
266 2357 333 2384 ἀλλὰ
350 2358 457 2392 αἵρεσιν
473 2356 610 2391 μεγάλην,
628 2357 676 2382 καὶ
694 2357 795 2390 σφόδρα
813 2355 894 2390 φοϐε-

94 2403 150 2439 ρὰν
169 2404 244 2439 παρὰ
259 2404 315 2435 τοῖς
333 2403 482 2436 αἱρετικοῖς
500 2401 647 2438 ἐριστικῶς
666 2401 826 2428 ὲκτεθεῖσαν
844 2401 892 2427 καὶ

93 2449 293 2484 ὲπινοηθεῖσαν
318 2450 386 2484 πρὸς
416 2448 587 2484 ἀποσχισμδν
613 2448 661 2474 καὶ
684 2447 817 2481 διαίρεσιν
843 2446 893 2480 τῆς

92 2496 154 2523 ’τῶν
172 2495 317 2530 Ῥωμαίων
333 2495 486 2530 ὀρθοδοξίας
500 2502 508 2511 ·
526 2494 559 2521 δι’
576 2490 607 2521 οὗ
626 2493 691 2529 (48)
703 2493 791 2520 πάντα
809 2492 893 2518 σπεύ-

92 2544 176 2571 δουσι
193 2543 359 2577 καταγαγεῖν
375 2543 415 2574 είς
430 2542 460 2568 τό
475 2543 524 2577 τῆς
539 2541 643 2568 ἑαυτῶν
658 2540 785 2571 ἀσεϐείας
804 2539 890 2574 βάρα-

93 2590 183 2624 ορον;
200 2589 230 2615 El
245 2588 290 2615 οὖν
304 2589 350 2615 τοῦ
367 2588 480 2623 Σεργίου
498 2588 556 2614 ἐστὶ
570 2587 617 2614 τοῦ
635 2587 774 2622 μάρτυρος
789 2586 859 2620 αὕτη
875 2586 892 2620 ἡ

93 2635 231 2671 νηστεία,
248 2635 330 2671 (καὶ)
346 2635 406 2670 οὐχὶ
421 2634 468 2662 τοῦ
486 2634 687 2669 ’Λρτζηὸούρου
700 2653 706 2665 ,
720 2634 758 2664 ὠς
775 2634 869 2666 λέγετε
884 2641 891 2648 ι

94 2683 161 2715 (καὶ
177 2683 201 2708 εί
215 2682 438 2718 Ἀρτζηϐούρου,)
453 2682 512 2713 πῶς
524 2682 571 2708 τοῦ
587 2681 671 2716 Ἀδὰμ
689 2681 766 2707 πάλιν
779 2680 892 2715 λέγετε;

93 2728 158 2755 Καὶ
173 2728 197 2754 εἱ
211 2727 257 2754 τοῦ
273 2727 357 2762 Ἀδάμ
372 2728 439 2758 ἐστι,
454 2727 513 2758 πῶς
527 2727 574 2761 τῆς
589 2726 682 2753 Νινευῒ
698 2727 823 2760 ὲγένετο;
838 2726 894 2752 Kal

92 2775 123 2800 εἰ
142 2774 194 2808 τῆς
211 2774 305 2800 Νινευῖ
323 2774 380 2800 ἐστι
391 2794 397 2806 ,
414 2774 473 2805 πῶς
488 2773 538 2808 τῆς
556 2773 610 2800 τῶν
628 2773 778 2808 Ἀρμενίων
795 2772 894 2807 βαπτί-

95 2828 174 2852 σ;ως
197 2820 308 2854 γέγονες
333 2820 388 2846 Καὶ
412 2821 436 2846 εἰ
459 2820 512 2847 τῶν
530 2819 680 2855 ’Δρμενίων
703 2817 892 2854 [βαπτίσεως,]

139 2893 197 2928 (Π)
218 2892 297 2920 Deest
314 2891 470 2927 νηστεῦειν.

946 2226 1009 2253 ergo
1025 2225 1058 2245 ex
1085 2225 1178 2245 eorum
1204 2216 1285 2244 multa
1306 2216 1350 2243 illa
1375 2216 1537 2248 variatione,
1561 2224 1593 2243 ac
1616 2216 1731 2243 diversis

946 2264 1112 2296 nominibus,
1139 2271 1200 2298 qum
1228 2262 1397 2297 conﬁngunt,
1424 2270 1477 2289 non
1497 2262 1638 2296 intelligat,
1664 2261 1731 2288 nihil

945 2310 1066 2342 omnino,
1082 2317 1163 2344 quem
1192 2309 1284 2336 dicunt
1302 2309 1490 2341 Arlzeburem,
1514 2308 1729 2335 Christianorum

946 2355 1118 2382 traditionem
1134 2362 1203 2387 esse,
1221 2353 1372 2385 aut;u|lius
1396 2354 1484 2381 sancti
1508 2354 1660 2389 jejunium;
1685 2353 1730 2380 sed

946 2409 1069 2437 magnam
1087 2401 1210 2428 lueresim
1223 2421 1231 2433 ,
1248 2407 1279 2427 ac
1296 2399 1442 2427 terribilem
1461 2399 1547 2431 valde,
1563 2400 1731 2426 contentiosc

945 2448 979 2475 ab
995 2447 1129 2475 haereticis
1148 2447 1298 2482 expositam
1314 2453 1345 2473 ac
1361 2446 1546 2476 adinventam,
1561 2445 1594 2472 ad
1611 2444 1729 2472 schisma

946 2501 978 2520 ac
990 2492 1148 2520 divisionem
1177 2500 1191 2519 a
1215 2495 1286 2519 recta
1310 2490 1493 2518 Romanorum
1520 2490 1571 2517 tide
1600 2490 1731 2517 inducen-

945 2541 1007 2567 dam
1023 2549 1029 2566 :
1046 2539 1122 2573 cujus
1135 2537 1299 2566 adminiculo
1313 2538 1339 2564 in
1360 2545 1453 2564 eorum
1478 2537 1624 2572 impietatis
1648 2537 1730 2564 bara-

948 2587 1038 2614 thrum
1075 2592 1169 2612 omnes
1198 2584 1340 2612 detrahere
1371 2583 1553 2612 contendunt?
1591 2582 1728 2617 Siquidem

945 2632 1028 2667 igitur
1038 2631 1168 2666 jejunium
1182 2629 1269 2665 Sergii
1288 2631 1417 2664 martyris
1429 2635 1480 2661 est,
1495 2636 1547 2656 non
1562 2629 1728 2659 Artzeburis,

946 2678 986 2705 uti
998 2677 1108 2705 dicitis:
1127 2684 1158 2703 ac
1171 2677 1305 2710 siquidem
1319 2680 1360 2703 est
1376 2675 1541 2707 Artzcburis,
1556 2675 1616 2709 quei
1632 2675 1730 2701 iterum

946 2725 1037 2753 dicitis
1052 2732 1111 2752 esse
1131 2723 1245 2750 Adami?
1269 2724 1308 2750 Ae
1331 2723 1462 2757 siquidem
1479 2721 1573 2748 Adami
1590 2725 1640 2754 est,
1668 2721 1730 2756 quei

946 2772 1044 2799 iterum
1062 2769 1161 2802 factum
1175 2773 1216 2796 cst
1232 2767 1353 2795 Ninivzn?
1367 2768 1405 2795 Ac
1420 2767 1551 2802 siquidem
1564 2771 1605 2794 est
1617 2765 1729 2798 Nilﬁt‘u',

947 2817 1007 2852 quei
1024 2801 1123 2843 factum
1145 2819 1187 2841 est
1204 2813 1328 2847 baptismi
1352 2801 1562 2839 Armeniorum?
1583 2811 1620 2839 Ac
1645 2804 1729 2844 siqu‘t-

986 2886 1040 2922 (ίὸ)
1056 2886 1136 2913 Forte
1151 2894 1169 2911 π
1177 2886 1184 2911 ἐ
1191 2893 1266 2916 ντας.
