1875 3056
186 90 254 119 111D

184 145 402 178 solemnitatem,
435 147 476 174 vel
501 149 667 177 sacriﬁcium

183 194 338 218 sanctorum
366 192 486 226 Patrum,
510 195 551 221 vel
567 195 720 231 Athanasii,
740 199 782 225 vel
798 199 888 227 Basilii
916 201 971 228 Ma-

183 237 238 271 gni,
256 236 294 265 vcl
319 237 441 274 Gregorii
457 239 664 277 'l'haumaturgi,
684 244 724 270 vel
741 244 862 279 Gregorii
878 246 966 274 Theo-

183 283 247 318 logi.
275 284 316 311 vel
349 284 553 320 Chrysostomi,
571 287 613 315 vel
635 289 744 324 Cyrilli,
776 291 817 318 vel
840 291 968 327 Ephrem,

181 329 222 355 vel
239 329 354 364 alicujus
379 332 490 360 alterius
507 332 595 361 Patris
623 343 629 361 :
654 342 715 362 cum
732 343 797 372 ergo
822 343 846 364 et
872 343 911 366 tot
937 347 969 366 ac

181 376 264 407 tantis
291 377 404 409 sanctis,
429 378 528 406 nullius
552 380 593 406 vel
615 380 749 414 jejunium
773 384 896 416 servetis,
926 384 967 411 vel

181 421 338 448 memoriam
352 422 507 456 celebretis,
520 424 562 452 vel
577 426 737 453 sacrificium
765 427 871 455 faciatis
881 450 888 461 ,
905 432 967 464 quei

179 466 250 493 hunc
265 466 351 494 solum
370 467 506 502 Sergium,
524 471 635 498 terribili
651 472 762 507 jejunio,
781 481 812 500 ac
828 475 870 502 die
887 474 965 508 festo,

178 513 359 548 sacriﬁciique
383 515 534 550 oblatione,
561 522 688 553 tanquam
705 519 776 547 Deus
793 526 873 555 esset,
900 523 966 551 adeo

179 558 318 586 honoratis
339 566 419 596 atque
447 562 556 590 colitis?
583 563 762 596 Quamobrem
792 569 964 602 perspicuum

174 610 227 637 est,
244 607 369 640 pra-fatos
385 616 429 635 vos
448 614 558 637 sanctos
575 610 667 639 Patres
692 612 752 640 ideo
772 616 908 642 exsecrari
933 623 965 644 ac

176 653 307 685 aversari,
319 654 389 688 quod
410 654 465 681 sint
484 655 598 683 Romani
615 665 622 684 :
641 665 743 693 nosque
763 659 834 692 ideo,
851 668 883 688 ac
901 661 962 697 quia

177 696 290 726 Romani
306 707 410 733 smnus,
430 709 510 728 unum
527 707 645 731 vestrum
664 704 787 740 Sergium
804 707 961 735 Armenium

175 743 350 772 detestamur.

208 876 250 904 lll.
270 878 314 905 Sic
330 886 359 905 se
376 879 412 906 illi
430 880 553 909 videntes
581 883 702 916 coargui,
737 885 828 912 statim
851 885 959 920 quidem

173 922 259 957 Sergii
278 924 349 951 illam
371 926 501 954 rationem
529 933 646 963 negant;
665 930 730 964 quin
747 934 774 957 et
801 939 856 959 suae
879 937 960 961 secta;

173 969 304 1001 homines,
325 971 369 1004 qui
388 971 448 1005 ejus
462 970 556 1005 jejunii
572 974 704 1001 rationem
728 975 754 1002 in
778 975 901 1012 Sergium
918 986 960 1006 re-

169 1013 267 1048 ferant,
285 1015 351 1044 diris
371 1017 511 1045 devovent.
529 1019 596 1046 Tum
613 1028 689 1052 vero,
703 1026 831 1057 tanquam
858 1025 958 1059 proba-

169 1060 250 1088 bilius
273 1060 344 1088 aliud
358 1063 515 1096 commenti,
525 1064 655 1099 jejunium
668 1066 828 1096 Artzeburis
841 1069 956 1102 dictum,

145 1135 149 1142 _
168 1105 272 1133 Ninivaz
289 1107 396 1135 tradunt
412 1115 472 1136 esse
487 1109 632 1144 jejunium.
665 1111 715 1139 Ubi
743 1117 833 1140 autem
860 1115 894 1141 ad
911 1122 958 1141 eos

167 1152 317 1180 dixerimus
332 1162 338 1180 ι
351 1153 418 1180 Cum
435 1161 485 1182 nec
498 1155 584 1182 sancti
601 1157 714 1190 apostoli
727 1157 810 1186 hocce
824 1159 956 1194 jejunium

166 1199 268 1232 scripto
282 1199 477 1235 consignarint,
496 1208 581 1235 neque
596 1200 704 1229 Nicmna
722 1204 850 1239 synodus,
868 1213 956 1241 neque

166 1242 264 1278 aliquis
291 1250 458 1278 sanctorum,
487 1251 599 1282 excepta
627 1247 706 1280 feria,
737 1257 768 1277 ac
794 1250 954 1285 Parasceve,

166 1296 318 1325 magnaque
337 1290 558 1326 Quadragesima,
577 1301 608 1321 ac
624 1293 790 1329 hebdomada
815 1296 954 1325 Passionis

165 1335 283 1368 Christi,
323 1345 426 1365 necnon
449 1339 552 1374 jejunio
577 1339 733 1369 Nativitatis
759 1341 870 1378 Christi,
890 1352 954 1371 san-

164 1385 324 1417 ctorumque
339 1385 532 1419 apostolorum,
558 1394 590 1414 ac
618 1387 664 1415 Dei
695 1387 839 1417 Genitricis
862 1398 869 1416 :
893 1392 953 1426 quis

164 1427 239 1454 vobis
253 1428 345 1463 jussit,
365 1435 393 1456 ut
415 1432 514 1465 gentis.
531 1439 592 1466 quae
615 1432 696 1467 longo
715 1441 848 1462 annorum
863 1438 951 1471 spatio

163 1471 264 1500 Christi
287 1474 431 1502 adventum
450 1478 605 1510 przecessit,
625 1478 758 1512 jejunium
782 1481 951 1510 observetis?

163 1517 301 1553 Siquidem
336 1521 409 1548 enim
433 1521 585 1551 Judaornm
610 1525 733 1560 jejunia,
770 1534 785 1553 a
816 1527 871 1555 Deo
904 1537 951 1563 per

160 1563 253 1592 Mosen
283 1570 401 1600 statuta,
430 1568 475 1595 nhi
495 1569 552 1603 jam
581 1570 706 1599 Christus
729 1572 815 1606 venit,
841 1581 950 1602 servare

159 1611 353 1646 prohibemur;
382 1619 482 1649 quanto
508 1616 593 1651 magis
617 1618 809 1647 sceleratorum
829 1621 948 1656 gentium

157 1657 279 1690 jejunia?

193 1802 238 1831 IV.
258 1803 303 1832 Sic
323 1812 386 1840 ergo
413 1808 547 1842 e0arguti,
579 1808 671 1836 dicunt
699 1810 797 1838 iterum
817 1820 877 1840 esse
896 1815 946 1842 hoc

156 1847 253 1875 Adami
272 1848 405 1884 jejunium
428 1859 435 1878 :
452 1850 596 1888 Postquam
612 1854 695 1888 enim,
714 1856 849 1892 inquiunt,
864 1859 947 1888 exivit

157 1900 172 1920 e
189 1893 335 1928 Paradiso,
351 1895 484 1930 jejunium
510 1897 575 1926 illud
598 1899 739 1934 jejunavit.
757 1901 829 1938 Ergo
855 1910 948 1932 osten-

155 1939 230 1970 dant,
248 1947 371 1974 quaenam
391 1949 406 1968 a
419 1941 473 1969 Deo
493 1942 623 1979 inspirata
636 1945 789 1981 Scriptura,
807 1954 853 1976 aut
880 1958 943 1985 pro-

155 1986 248 2018 pheta,
270 1987 311 2012 vel
335 1986 440 2020 doctor,
471 1993 518 2015 aut
543 1991 660 2024 scriptor
689 1992 714 2019 id
731 1993 836 2021 doceat.
852 1996 942 2030 gSaue,

156 2038 216 2057 cum
235 2031 381 2059 historicus
397 2032 442 2060 ille
456 2033 562 2070 Moyses
576 2037 608 2063 de
623 2038 704 2071 coelo,
724 2044 806 2073 terra,
818 2042 945 2076 ontnique

153 2081 246 2103 creato
260 2078 421 2111 scripserit:
440 2079 473 2106 ad
493 2082 548 2107 haec
563 2088 638 2115 vero,
659 2083 691 2110 de
711 2084 806 2112 Atlatni
828 2093 859 2113 ac
879 2085 942 2116 Eva;

153 2122 324 2156 formatione,
345 2124 432 2159 deque
448 2132 540 2153 eorum
557 2130 782 2164 transgressione,
801 2140 832 2160 ac
844 2135 941 2162 exsilio

152 2177 167 2194 e
186 2168 332 2202 Parathso;
361 2177 411 2197 nec
436 2178 488 2198 non
512 2173 614 2206 pariter
627 2175 659 2201 de
677 2176 762 2203 ﬁlioru

152 2215 236 2248 tione,
266 2221 374 2251 totaque
396 2224 490 2244 eorum
514 2220 568 2246 vita
593 2227 624 2248 ac
640 2227 744 2255 morte;
771 2231 939 2259 nequaquam

151 2265 243 2289 tamen
269 2268 409 2297 postquam
427 2271 441 2291 e
467 2263 596 2292 Paradiso
621 2268 724 2302 egressi
748 2274 850 2304 essent,
868 2272 941 2306 jeju-

151 2315 231 2335 nasse
257 2309 377 2343 scripsit.
395 2308 533 2344 Siquidem
548 2313 619 2339 enim
645 2314 771 2347 paradiso
786 2316 855 2349 pulsi
874 2317 938 2344 illud

151 2359 216 2380 tunc
244 2353 376 2389 jejunium
405 2354 710 2390 jejunassent,onmino
723 2360 804 2387 etiatn
833 2361 938 2397 Moyses

150 2400 223 2427 illius
241 2401 419 2434 meminisset,
432 2403 659 2435 quemadmodum
675 2405 757 2433 etiam
771 2409 936 2444 consuipsit

147 2454 241 2473 eorntn
256 2455 300 2474 res
316 2455 420 2475 omnes.
443 2447 509 2474 Cum
526 2457 590 2484 ergo
601 2450 705 2486 Moyses
719 2452 865 2482 historicus
891 2463 923 2483 ac

147 2494 289 2528 propheta,
301 2493 367 2520 nilnl
386 2493 517 2529 ejusmodi
541 2497 745 2532 conscripserit,
764 2505 810 2527 aut
827 2502 937 2531 omnino

147 2541 265 2574 dixerit,
299 2541 386 2576 palam
418 2546 459 2568 est
483 2543 550 2569 istos
578 2543 681 2572 fabulas
707 2546 872 2582 contingere,
904 2557 936 2576 ac

146 2585 289 2612 mendaces
307 2593 376 2613 esse.

183 2681 212 2708 V.
233 2682 278 2709 Sic
297 2686 387 2710 autem
417 2684 532 2711 cottvicti
564 2686 723 2714 seductores
750 2687 799 2721 illi,
822 2697 933 2725 respon-

145 2727 208 2755 dent
226 2735 286 2756 esse
312 2728 444 2763 jejunium
460 2730 606 2766 Armeniae,
632 2739 693 2760 cum
713 2742 728 2762 a
746 2740 840 2763 sancto
854 2736 933 2770 [Gre-

181 2818 234 2853 (45)
253 2818 332 2847 Forte
353 2819 442 2848 αὐτοί.

721 97 844 128 ISAACI
866 100 1050 132 AllMEXle
1068 103 1271 136 CA'l‘llULlCl

695 159 701 178 :
723 159 754 179 ac
781 161 870 188 neque
894 155 938 182 ulli

1030 157 1056 193 τὴ
1074 159 1089 192 ἡ
1106 160 1188 194 πεῖρα
1204 160 1250 186 τοῦ
1270 162 1432 197 πράγματος
1455 169 1603 203 μαρτυρεῖ,
1621 168 1668 196 ὅτι
1684 169 1799 207 οὐδεὶςή-

976 834 999 862 Β

1752 116 1798 149 tat

1023 204 1082 239 μῶν
1092 204 1192 240 ἤκουσε
1208 206 1255 232 τοῦ
1272 208 1351 242 ἁγίου
1375 210 1526 246 Γρηγορίου
1547 215 1628 249 παρὰ
1654 216 1707 251 τῆς
1723 204 1800 254 Ἀρξιε

1021 250 1081 282 νίας
1093 250 1155 277 οὔτε
1167 253 1307 287 νηστείαν,
1322 254 1384 282 οὔτε
1402 257 1509 294 ἑορτὴν,
1527 259 1590 287 οὕτε
1609 261 1713 288 θυσίαν
1729 271 1736 278 ·
1755 265 1801 292 οὔτε

1020 295 1101 322 ἄλλου
1117 297 1189 329 τινὸς
1204 298 1284 332 ἁγίου
1296 301 1413 336 Πατρός,
1425 303 1441 337 ἤ
1461 304 1636 340 Ἀθανασίου,
1648 308 1665 343 ἢ
1675 308 1801 337 Βασιλείαν

1020 342 1065 368 τοῦ
1088 343 1226 378 Μεγάλου,
1253 345 1269 380 ἢ
1287 346 1443 383 Γρηγορίου
1461 351 1508 377 τοῦ
1528 342 1766 389 Θαυματουργοῦ,
1790 358 1801 391 ἦ

1019 388 1170 424 Γρηγορίου
1201 392 1248 418 τοῦ
1274 392 1452 430 Θεολόγου,ἢ
1480 397 1526 423 τοῦ
1558 388 1801 436 Χρυσοστόμςιυ,έ

1024 433 1154 470 Ἐφραὶμ,
1174 437 1189 472 ἦ
1210 438 1291 464 ἄλλου
1311 441 1384 472 τινὸς
1401 442 1481 476 ἁγίου
1496 445 1616 480 Πατρός.
1644 447 1695 473 Ἐκ
1713 433 1801 476 iam}

1017 479 1064 507 οὖν
1082 482 1138 507 τῶν
1155 484 1284 511 τοιούτων
1305 487 1353 512 καὶ
1379 490 1551 523 τηλικούτων
1578 492 1681 526 ἁγίων,
1709 495 1802 528 οὐδενὶς

1017 525 1079 552 οὔτε
1096 528 1224 561 νηστείαν
1241 531 1430 566 νηστεύοντες,
1447 534 1509 561 οὔτε
1525 538 1642 573 μνήμην
1667 540 1802 576 ἑορτάζω-

1016 580 1072 604 τες,
1087 573 1149 600 οὔτε
1167 574 1264 603 θυσίαν
1286 578 1429 611 ποιοῦντες
1442 589 1449 596 ⁸
1474 581 1535 614 πῶς
1549 584 1652 611 τοῦτον
1667 586 1749 620 μόνον
1766 589 1802 615 τεν

1015 617 1140 653 Σέργιον,
1151 620 1280 649 τοσοῦτον
1294 623 1340 650 διὰ
1355 626 1485 660 νηστείας
1502 629 1624 664 φοϐερᾶς
1642 617 1692 658 καὶ
1713 633 1801 668 ἑορτῆς

1015 665 1063 691 καὶ
1075 665 1182 698 θυσίας,
1196 667 1234 700 ὡς
1249 669 1316 697 Θεὸν
1333 672 1433 706 τιμᾶτε
1447 673 1495 700 καὶ
1511 674 1689 710 θεραπεύετε
1702 687 1711 710 ;

1014 710 1159 746 πρόδηλον,
1178 714 1219 740 ὅτι
1237 715 1301 747 τοὺς
1314 719 1535 754 προειρημένους
1554 722 1657 756 ἁγίους
1673 725 1800 760 Πατέρας,

1013 755 1051 787 ὡς
1074 756 1229 792 Ῥωμαίους
1240 759 1420 794 βδελύσσεσθε
1442 764 1489 791 καὶ
1509 755 1728 802 ἀποστρέφεσθε
1740 755 1801 795 ’.καὶ

1012 800 1058 827 διὰ
1086 802 1165 829 τοῦτο
1186 805 1234 831 καὶ
1257 801 1337 841 ἡμεῖς
1359 807 1409 835 ἕνα
1432 809 1509 844 ὑμῶν
1531 800 1652 846 Σέργιον
1675 814 1723 840 τὸν
1747 814 1800 849 Ἀξς

1015 847 1116 882 μένιον.

1046 893 1084 922 I".
1118 895 1237 930 Τούτους
1265 898 1322 935 (45)
1351 900 1452 932 αὐτοὺς
1479 901 1611 938 ἐλέγχους
1641 905 1800 939 ἀκούοντες,

1013 942 1137 976 παρευθὺ
1156 944 1206 978 μὲν
1228 945 1375 980 ἀρνοῦνται
1390 948 1439 983 τὴν
1451 949 1499 975 τοῦ
1520 950 1639 986 Σεργίου
1657 953 1798 987 πρόφασιν·

1010 988 1077 1015 ἀλλὰ
1096 990 1143 1015 καὶ
1163 990 1396 1026 ἀναθεματιζουσι
1420 995 1485 1026 τοὺς
1509 996 1674 1031 ὁμόφρονας
1705 999 1798 1032 αὐτῶν,

1009 1034 1070 1066 τοὺς
1088 1034 1137 1070 τὴν
1163 1036 1292 1071 νηστείαν
1315 1038 1419 1074 ταύτην
1435 1040 1481 1066 τοῦ
1508 1041 1624 1076 Σεργίου
1652 1043 1797 1078 λέγοντας·

1009 1077 1069 1106 εἷτα
1086 1079 1125 1112 ὼς
1144 1080 1225 1116 δῆθεν
1244 1082 1439 1120 πιθανωτέραν
1455 1086 1595 1121 πρόφασιν
1614 1077 1797 1125 πλασάμενοι,

1008 1125 1144 1160 λέγουσιν,
1156 1128 1197 1154 ὅτι
1210 1129 1226 1164 ἡ
1243 1131 1357 1165 νηστεία
1373 1132 1420 1158 τοῦ
1436 1132 1586 1168 λεγομένου
1596 1135 1798 1172 Ἀρτζηϐοὑρη,

1007 1172 1056 1208 τῆς
1068 1173 1164 1200 Νινευῖ
1194 1175 1253 1202 ἐστι
1267 1177 1390 1211 νηστεία.
1417 1178 1501 1206 Ἐπὰν
1523 1181 1552 1207 δέ
1572 1181 1660 1217 ἡμεῖς
1678 1182 1797 1218 λέγωμεν

1007 1219 1075 1254 πρὸς
1089 1220 1200 1255 αὐτοὺς,
1217 1222 1258 1249 ὅτι
1276 1223 1323 1259 Μή
1339 1232 1368 1250 τε
1383 1225 1438 1251 τῶν
1452 1226 1539 1260 ἁγίων
1553 1227 1720 1256 ἀποστόλων
1734 1239 1797 1265 γρι-

1005 1264 1114 1299 ψάντων
1138 1267 1242 1303 ταύτην
1266 1269 1418 1303 νηστεύειν,
1447 1271 1517 1306 μήτε
1547 1272 1600 1307 τῆς
1632 1275 1665 1300 ἐν

1005 1312 1127 1346 συνόδου,
1157 1315 1227 1349 μήτε
1241 1315 1323 1342 ἄλλου
1338 1317 1410 1348 τινος
1423 1318 1512 1352 ἁγίου,
1530 1320 1623 1355 παρὲκ
1638 1321 1689 1356 τῆς
1702 1323 1795 1357 τετρά-

1003 1357 1048 1389 δος
1075 1359 1122 1385 καὶ
1141 1363 1321 1397 παρασκευῆς
1338 1363 1386 1389 καὶ
1412 1364 1460 1398 τῆς
1480 1365 1606 1401 μεγάλης
1623 1375 1794 1403 τεσσαρακο-

1004 1405 1081 1440 στῆς,
1098 1407 1146 1433 καὶ
1161 1407 1211 1442 τῆς
1229 1408 1377 1443 ἐΰδομάδος
1390 1412 1437 1437 τοῦ
1457 1412 1567 1444 Πάθους
1591 1413 1641 1440 τοῦ
1667 1416 1793 1451 Χριστοῦ,

1003 1452 1115 1487 καὶτῆς
1127 1453 1176 1479 τοῦ
1194 1454 1314 1489 Χριστοῦ
1333 1456 1488 1492 Γεννήσεως
1499 1460 1643 1493 νηστείας,
1673 1462 1722 1488 καὶ
1747 1462 1795 1488 τᾶν

965 1507 987 1534 C
1003 1497 1090 1531 ἁγίων
1103 1498 1271 1533 ἀποστόλων,
1291 1501 1339 1528 καὶ
1355 1502 1405 1537 τῆς
1417 1503 1552 1531 Θεοτόκου
1567 1513 1574 1520 ·
1591 1505 1636 1538 τίς
1649 1508 1664 1533 ὁ
1679 1510 1794 1543 xpecta-

1002 1543 1051 1575 ξας
1071 1543 1145 1578 ὑμᾶς
1162 1545 1329 1581 (νηστεύειν)
1355 1548 1484 1582 νηστείαν
1509 1550 1597 1577 ἐθνῶν
1618 1552 1676 1586 πρὸ
1693 1554 1793 1579 πολλῶν

1001 1587 1084 1616 οὖσαν
1099 1590 1169 1616 ἑτῶν
1192 1591 1242 1626 τῆς
1263 1592 1311 1618 τοῦ
1338 1593 1458 1629 Χριστοῦ
1486 1595 1656 1631 ἐπιδημίας;
1689 1598 1722 1626 Et
1750 1597 1793 1626 οὗ,

1000 1636 1049 1667 τὰς
1070 1636 1220 1670 Ἰουδαῖκὰς
1241 1640 1379 1674 νηστείας,
1403 1641 1452 1672 τὰς
1476 1642 1529 1669 ὑπὸ
1543 1642 1613 1670 Θεοῦ
1636 1645 1794 1680 όρισξιίςσς

999 1681 1044 1709 διὰ
1071 1683 1206 1716 Μωσέως,
1234 1686 1395 1721 κωλυόμεθα
1411 1688 1581 1723 ,νηστεύειν,
1599 1690 1648 1718 τοῦ
1673 1693 1791 1727 Χριστοῦ

999 1728 1125 1761 ἐλθόντος
1141 1737 1148 1745 ·
1163 1731 1255 1767 πολλῷ
1272 1733 1374 1767 μᾶλλον
1397 1733 1447 1766 τὰς
1471 1735 1526 1761 τῶν
1555 1739 1790 1773 παρανομούντων

999 1774 1084 1801 ἐθνῶν
1099 1776 1238 1811 νηστείας.

1034 1819 1071 1848 Δ’.
1089 1820 1183 1854 Οὕτως
1207 1820 1253 1849 οὖν
1275 1822 1461 1859 ἐλεγχόμενοι.
1487 1825 1568 1852 πάλιν
1584 1827 1698 1861 λέγουσι
1716 1838 1724 1845 ·
1739 1830 1789 1856 Τθῦ

1004 1866 1089 1902 ’Δδάμ
1105 1867 1182 1894 ἐστιν
1193 1868 1261 1904 αὕτη
1276 1869 1427 1905 ήνηστεία.
1440 1872 1520 1899 Μετὰ
1535 1873 1591 1909 γὰρ
1607 1874 1638 1901 τὸ
1671 1876 1788 1908 ἐξελίιείν

997 1912 1091 1945 αὐτὸν,
1108 1914 1202 1947 φασὶν,
1216 1917 1248 1941 ἐκ
1263 1915 1310 1942 τοῦ
1326 1917 1507 1951 παραδείσου,
1529 1921 1700 1954 νενήστευκε
1726 1923 1788 1949 ταύ-

995 1965 1055 1993 την.
1072 1958 1179 1986 Οὐκοῦν
1209 1960 1384 1995 δειξάτωσαν,
1398 1963 1463 1990 ποία
1484 1964 1668 1998 θεόπνευστος
1685 1967 1785 2002 βίϐλος,

995 2003 1012 2038 ἢ
1028 2006 1172 2040 προφήτης
1186 2026 1193 2038 ,
1222 2006 1238 2041 ἢ
1255 2007 1436 2041 ,διδάσκαλος,
1464 2009 1481 2045 ἢ
1511 2014 1692 2046 συγγραφεὺς
1711 2014 1788 2040 τοῦτο

994 2049 1128 2078 διδάσκει.
1146 2052 1213 2087 Περὶ
1233 2052 1283 2087 μὲν
1301 2054 1430 2089 οὐρανοῦ,
1447 2057 1494 2082 καὶ
1511 2057 1576 2091 γῆς,
1593 2060 1643 2085 καὶ
1660 2060 1713 2094 τῆς
1730 2061 1787 2086 :15-

994 2102 1063 2126 σεως
1083 2096 1186 2131 πάσης,
1206 2099 1220 2124 ὁ
1243 2099 1348 2134 Μωσῆς
1365 2101 1502 2136 ἱστορικὸς
1528 2104 1764 2140 συγγραψάμενος
1778 2116 1785 2121 -

994 2139 1035 2166 ἔτι
1052 2140 1080 2167 δὲ
1106 2142 1154 2168 καὶ
1176 2145 1308 2180 περὶτῆς
1325 2146 1451 2179 πλάσεως
1478 2148 1524 2174 τοῦ
1554 2149 1643 2185 Ἀδὰμ.
1669 2139 1718 2178 καὶ
1740 2153 1785 2186 τῆς

768 2186 789 2203 ιιι
813 2186 939 2211 ΡΓυυιὈᾺ-
955 2173 978 2201 D
993 2185 1085 2217 Εὕαςι
1105 2173 1235 2224 καὶπερὶ
1329 2173 1643 2229 παραϐάσεωςῗαύτῶνῗ
1663 2200 1712 2225 καὶ

991 2231 1025 2257 ἐκ
1047 2231 1094 2258 τοῦ
1112 2235 1278 2268 παραδείσου
1294 2236 1401 2273 ἐξορίας
1414 2247 1421 2255 ’
1434 2239 1565 2272 ὡσαύτως
1587 2243 1635 2268 καὶ
1656 2245 1721 2279 περὶ
1738 2231 1783 2278 τίς

993 2276 1163 2309 παιδοποιίας
1179 2281 1279 2314 αὐτῶν,
1298 2285 1346 2309 καὶ
1361 2284 1452 2319 πάσης
1464 2286 1554 2313 αὐτῶν
1569 2288 1622 2322 τῆς
1635 2289 1724 2324 ζωῆς,
1739 2295 1784 2318 καὶ

992 2323 1039 2349 τοῦ
1056 2324 1172 2351 θανάτου
1190 2334 1196 2340 ·
1222 2327 1349 2364 οὐδαμῶς
1365 2332 1556 2368 συνεγράψατο
1568 2354 1577 2367 ,
1596 2335 1638 2361 ὅτι
1656 2338 1731 2371 μετὰ
1756 2338 1783 2363 εδ

988 2367 1107 2400 ἐξελθεῖν
1134 2372 1232 2403 αὐτοὺς
1257 2374 1289 2400 ἐκ
1313 2375 1360 2402 τοῦ
1389 2367 1556 2413 παραδείσου
1583 2382 1781 2417 νενὴστευκαν.

991 2414 1058 2441 Τότε
1073 2416 1130 2451 (46)
1144 2418 1245 2454 ταύτην
1254 2420 1303 2456 τὴν
1313 2423 1440 2456 νηστείαν
1448 2424 1495 2450 τοῦ
1509 2427 1680 2461 παραδείσου
1694 2430 1783 2465 ἐξορι-

991 2461 1112 2494 σθὲντες,
1134 2465 1242 2498 πάντως
1258 2466 1290 2493 ἂν
1308 2470 1355 2495 καὶ
1368 2469 1472 2506 ταύτην
1487 2472 1501 2498 ὁ
1515 2472 1639 2508 Μωῦσῆς
1657 2461 1782 2510 spvit-ta-

990 2517 1084 2535 νευσεν
1095 2510 1190 2546 ὥσπερ
1206 2513 1252 2538 καὶ
1267 2514 1355 2541 πάντα
1369 2517 1480 2544 ἐκείνων
1500 2520 1698 2555 συνεγράψατο
1711 2530 1718 2537 ·
1735 2522 1780 2548 τοῦ

989 2554 1035 2581 οὖν
1053 2557 1262 2593 ἱστοριογράφου
1283 2560 1424 2594 Μωῡσέως
1440 2564 1488 2590 καὶ
1515 2554 1673 2601 προφήτου,
1696 2568 1779 2602 μηδὲν

988 2603 1111 2632 τοιοῦτον
1129 2607 1353 2642 συγγράψαντος,
1368 2610 1437 2642 μήτε
1452 2610 1600 2644 εἰρηκότος
1613 2613 1756 2644 παντελῶς
1769 2621 1776 2628 ·

987 2650 1056 2675 εἰσὶν
1075 2648 1148 2678 οὗτοι
1165 2653 1310 2688 μυθολόγοι
1333 2655 1380 2680 καὶ
1398 2655 1616 2694 ψευδοπλάσται.

1023 2695 1060 2723 Ε’.
1078 2697 1132 2723 Καὶ
1150 2699 1237 2731 οὕτως
1249 2700 1424 2735 ἐλεγχόμενοι
1441 2702 1467 2727 ot
1485 2703 1596 2737 πλάνοι,
1617 2706 1776 2742 ἀποκρίνονο

988 2749 1045 2773 ται,
1062 2742 1102 2768 ὅτι
1119 2743 1134 2777 ἡ
1153 2745 1264 2778 νηστεία
1278 2746 1337 2772 ἐστὶ
1358 2746 1407 2780 τῆς
1428 2747 1592 2782 Ἀρμενίας,
1616 2750 1663 2777 ὅτε
1682 2751 1774 2786 ἓμεὶλε

1022 2829 1076 2865 (46)
1094 2830 1172 2859 Forte
1188 2832 1236 2858 ἐὰν
1252 2832 1306 2868 γὰρ
1323 2835 1510 2870 νενήστευκαν
1527 2837 1603 2865 τότε.
