1875 3056
71 146 146 178 1201

595 152 746 182 ,ΟΠΑΤΙΟ
770 153 781 182 1
803 154 948 184 CONTRA
972 155 1176 186 ARMENIOS.

1645 157 1713 188 122

73 207 262 242 βαπτισθῆναι
281 208 333 234 ὑπὸ
351 209 398 235 τοῦ
411 209 490 243 ἁγίου
506 210 670 246 Γρηγορίου.
697 214 760 239 ’Ότι
773 213 801 240 δὲ
818 214 865 240 καὶ

969 215 1002 241 ·ἰο
1027 215 1188 249 baptizanda
1203 221 1285 242 esset.
1302 214 1385 242 Porio
1401 219 1430 242 ut
1457 216 1506 243 hoc
1534 223 1651 251 quoque,
1675 221 1712 247 tl'i

71 253 158 279 τοῦτο
180 253 322 287 ψεύδονται
344 254 381 286 ὡς
396 255 443 281 καὶ
461 256 495 282 τὰ
515 256 605 288 λοιπὰ,
629 258 814 294 ἀποδείξωμεν
838 260 869 286 ὲκ

72 299 134 325 τῶν
154 299 227 325 ἰδίων
243 299 325 326 αὐτοῦ
344 300 468 335 βιϐλίων.
486 302 543 336 Πρὸ
564 303 613 337 μὲν
633 304 687 339 γὰρ
704 305 750 331 τοῦ
769 306 870 340 βαπτι-

75 343 177 378 σθῆναι
194 344 258 376 τοὺς
275 345 436 380 ’Λρμενίους
453 346 506 373 ὑπὸ
521 347 568 374 τοῦ
579 349 668 382 ἁγίου,
682 349 870 385 ἐλαυνομένων

77 388 172 416 αὐτῶν
197 391 250 417 ὑπὸ
268 400 322 418 των
348 393 484 428 δαιμόνων
499 413 506 426 ,
537 394 695 430 ὡρίσθησοιν
722 397 798 431 παρὰ
822 397 869 424 τοῦ

77 437 161 470 ἁγίου
178 437 329 473 Γρηγορίου
346 439 496 475 νηστεῦσαι
509 441 615 476 ἡμέρας
629 443 772 475 ἐξήκοντα.
792 443 871 471 Μετὰ

76 484 111 510 δὲ
135 484 287 511 καταλῦσαι
313 486 346 512 τὰ
370 486 479 518 εἴδωλα,
508 487 557 514 καὶ
574 488 703 515 ἀπελθεῖν
718 489 817 521 αὐτοὺς
842 491 871 516 ἐν

78 531 241 567 Καισαρείᾳ
255 532 305 566 τῆς
336 532 544 567 Καππαδοκίας,
572 535 619 561 καὶ
647 535 872 571 χειροτονηθῆναι

77 577 235 604 ἐπίσκοπον
252 578 327 613 παρὰ
350 579 397 605 τοῦ
421 579 524 614 ταύτης
544 581 698 616 ἀρχιερέως
715 589 722 597 '
740 582 788 608 καὶ
805 581 872 608 ὑπο-

77 623 201 658 στρέψας
226 624 306 650 πάλιν
329 625 343 651 ό
368 624 459 659 ἅγιος,
473 626 522 652 καὶ
545 626 651 662 μέλλων
678 627 776 658 αὐτοὺς
799 627 871 662 βαπ-

75 668 176 703 τίζειν,
204 671 373 705 προσέταξεν
389 671 445 706 (47)
468 672 555 704 αὐτὰς
578 673 686 709 ἡμέρας
705 674 871 709 τριάκοντα.

76 714 119 745 ὡς
141 715 263 750 ἀκριϐῶς
300 716 414 751 γράφων
438 717 467 743 ἐν
481 718 514 753 τῇ
536 716 620 753 βίϐλῳ
646 718 694 745 τοῦ
718 718 774 753 βίου
791 717 873 744 αὐτοῦ

77 759 128 786 καὶ
146 762 309 796 μαρτυρίου.

924 260 1038 294 reliqua,
1052 259 1194 287 mendacio
1204 260 1303 293 dicant,
1315 260 1489 288 ostendamus
1499 269 1529 288 ex
1543 269 1635 289 eorum
1646 270 1711 297 pro-

925 308 991 342 priis
1012 307 1098 335 libris.
1117 306 1258 341 Equidem,
1275 311 1417 341 antequam
1445 308 1565 335 Armenii
1583 316 1597 336 a
1617 317 1710 337 sancto

924 353 1137 388 haptizarentur,
1151 360 1211 379 cum
1245 356 1392 387 agerentur
1415 361 1430 380 a
1460 353 1636 387 daunonibns,
1653 355 1711 382 dies

922 399 1062 433 sexaginta
1075 406 1091 425 α
1104 397 1339 432 sanctoCregorio
1353 398 1621 433 jejunarejuhentur.
1635 399 1713 428 Post-

924 451 1004 478 quam
1020 448 1110 470 autem
1126 443 1305 470 dcstruxisset
1322 443 1402 475 idola,
1422 443 1457 470 ad
1474 444 1622 472 Caesaream
1643 445 1713 481 Cap-

924 489 1042 524 padocia:
1058 489 1198 521 abiissent,
1213 495 1338 523 essetque
1354 489 1399 516 ille
1411 489 1553 518 ordinatus
1572 491 1713 526 episcopus

924 535 957 562 ah
967 534 1025 568 ejus
1036 535 1108 562 sedis
1118 533 1262 569 pontiﬁce:
1275 542 1400 562 reversus
1413 535 1511 562 iterum
1528 536 1570 563 vir
1589 542 1712 569 sanctus.

923 589 955 608 ac
974 588 1033 608 cum
1047 589 1104 608 eos‘
1121 581 1306 616 baptizaturus
1324 584 1405 612 essm,
1421 581 1530 616 triginta
1542 581 1646 610 dierum
1669 584 1712 618 je-

921 625 1027 661 junimn
1043 625 1151 658 indixit,
1179 626 1216 652 uti
1240 626 1266 652 in
1285 625 1351 653 Vita:
1375 625 1433 661 ejus
1454 633 1485 653 ac
1507 628 1626 662 martyrii
1645 629 1717 657 libro

928 676 1057 699 accurate
1074 672 1204 708 scriptum
1225 672 1349 708 legimus.

117 821 163 854 ς’.
182 820 236 847 Καὶ
251 820 337 852 οὕτως
353 822 566 857 ἀνατρεπόμενοι
584 823 725 858 λέγουσιν,
740 825 781 851 ὅτι.
797 825 812 859 ἡ
829 832 877 858 νη-

969 822 1011 850 \'l.
1030 822 1076 851 Sic
1100 824 1214 852 ulterius
1238 825 1356 858 confusi,
1380 825 1511 861 jejunium
1530 834 1608 855 suum
1628 828 1715 862 ipsum

78 866 159 893 στεία
172 866 272 899 αὐτῶν,
291 867 360 901 αὕτη
374 868 433 894 ἐστὶ
450 868 497 895 τοῦ
518 869 636 904 μεγάλου
657 870 874 903 Κωνσταντίνου,

77 915 128 941 ὅτε
144 914 255 949 ἔμελλεν
270 915 321 942 ὑπὸ
338 915 500 952 Σιλϐέστρου
519 917 702 953 βαπτισθῆναι
720 920 749 946 ἐν
767 919 874 955 Ῥώμῃ.

78 960 147 988 Ὅτι
161 961 189 988 δὲ
204 961 251 988 καὶ
265 961 344 988 τοῦτο
357 962 455 997 ψευδές
469 963 539 997 ἐστι,
555 965 638 991 παντί
655 974 705 991 που
722 965 801 1000 δῆλον
813 974 819 980 ·
834 966 876 992 ὅτι

78 1008 97 1034 ὁ
122 1007 208 1043 μέγας
230 1008 438 1040 Κωνσταντῖνος
464 1009 569 1044 μέλλων
590 1011 720 1047 τελευτᾷν
742 1013 771 1038 ἐν
796 1012 877 1038 Νικο-

81 1053 184 1089 μηδείᾳ
202 1053 372 1088 ὲΰαπτίσθη,
392 1054 439 1081 καὶ
457 1056 581 1091 παρευθὺ
602 1057 748 1084 ἀπέθανεν.
768 1057 800 1084 Et
818 1058 846 1084 δὲ
863 1059 877 1085 ό

79 1099 142 1130 υἱὸς
158 1098 204 1125 τοῦ
227 1099 345 1134 μεγάλου
367 1101 590 1134 Κωνσταντίνου,
608 1103 734 1135 κάκεῖνος
755 1103 878 1130 ἐκαλεῖτο

81 1145 172 1179 μέγας
182 1165 190 1178 ,
203 1145 251 1171 καὶ
265 1145 363 1180 ἀληθὲς
376 1143 410 1181 ἦν
424 1146 519 1180 τοῦτο,
532 1147 602 1182 ὅπερ
616 1148 666 1174 οὐκ
680 1147 736 1174 ἐστι
747 1156 753 1163 ·
770 1148 796 1174 τί
810 1149 878 1184 πρὸς

79 1191 146 1218 ὅλον
163 1191 208 1218 τὸν
225 1191 345 1227 κόσμον,
363 1192 388 1219 εί
405 1192 459 1228 πρὸ
476 1193 646 1221 ὀκτακοσίων
664 1194 734 1221 ἑτῶν
751 1194 878 1229 βασιλεὺς

80 1237 191 1272 μέλλων
209 1237 392 1273 βαπτισθῆναι
412 1239 595 1274 νενήστευκε;
616 1241 670 1266 Καὶ
689 1240 747 1273 πῶς
766 1241 780 1267 ό
797 1241 879 1273 αὐτὸς

79 1283 262 1319 Σίλϐεστρος,
278 1284 397 1320 ἀρχηγὸς
414 1284 451 1311 ὣν
468 1285 516 1320 τῆς
533 1287 562 1312 ὲν
579 1286 683 1322 Νικαίᾳ
701 1287 828 1318 συνόδου.
847 1287 878 1314 οὺ

79 1331 243 1364 γεγράφηκε
267 1330 335 1365 μετὰ
355 1330 404 1366 τῆς
430 1331 556 1364 συνόδου,
577 1331 639 1358 οὔτε
663 1332 788 1360 ὲτύπωσε
809 1334 879 1369 μετὰ

78 1375 140 1402 τῶν
162 1375 261 1402 λοιπῶν
283 1377 332 1410 τῆς
355 1376 463 1403 συνόδου
487 1378 684 1412 παραδόσεων,
707 1379 754 1406 καὶ
777 1379 880 1416 ταύτην

79 1421 136 1457 τὴν
151 1421 280 1456 νηστείαν
294 1421 433 1456 νηστεύειν
448 1423 571 1457 πάντας;
586 1424 664 1456 Ποίος
678 1424 707 1451 δὲ
721 1426 811 1452 κανὼν
825 1426 880 1452 τῶν

78 1467 252 1499 ἀποστόλων,
270 1469 286 1503 ἢ
305 1468 408 1504 ἐτέρων
424 1469 520 1503 ἁγίων,
540 1470 557 1505 ἢ
577 1470 704 1504 συνόδων,
722 1472 736 1498 ό
754 1481 881 1508 παρακε-

80 1514 243 1549 λευόμενος,
254 1515 305 1546 ὅτι,
317 1515 412 1546 ὁσάκις
424 1515 454 1548 ἐξ
468 1503 605 1552 Ἑλλήνων
618 1503 746 1552 βασιλεὺς
759 1503 801 1550 sig.
812 1518 880 1554 Χρι-
892 1503 914 1532 C

82 1560 245 1595 στιανισμὺν
264 1561 416 1596 ἐπιστρέψῃ
437 1561 485 1588 καὶ
507 1561 593 1598 μέλλῃ
611 1562 813 1599 βαπτισθῆναι,
832 1573 880 1600 νη-

82 1607 199 1634 στεῦσαι
216 1607 373 1643 παραυτίκα
391 1607 441 1643 τὴν
460 1608 587 1643 νηστείαν
605 1609 652 1635 τοῦ
674 1611 880 1646 κατηχουμένου

83 1652 219 1688 βασιλέως
235 1652 413 1687 τυπωθῆναι,
432 1654 478 1680 καὶ
496 1654 680 1688 φυλάττεσθαι
699 1656 752 1683 ὑπὸ
768 1657 815 1683 τοῦ
834 1659 880 1684 κό-

82 1708 158 1735 σμου
175 1699 274 1732 παντὸς
290 1699 343 1730 ἕως
358 1699 407 1726 τοῦ
423 1700 535 1734 αἰῶνο;;

122 1758 161 1784 Z'.
179 1757 233 1784 Καὶ
246 1757 410 1790 δειξάτωσαν
423 1759 490 1794 ἡμῖν
505 1760 531 1785 τί
548 1759 577 1786 τὸ
593 1759 679 1796 όνομα
692 1761 741 1796 τῆς
756 1762 882 1797 νηστείας

81 1802 207 1838 ταύτης;
225 1803 306 1830 Αὐτοὶ
321 1803 350 1830 δὲ
368 1804 572 1840 Ἀρτζηδούρην
588 1806 711 1840 λέγουσιν
725 1815 732 1822 ·
756 1802 835 1842 ἡμεῖς
853 1809 882 1835 δὲ

81 1849 116 1876 τὸ
141 1850 238 1885 μιαρὸν
259 1849 349 1877 αὐτῶν
366 1850 452 1886 όνομα
473 1851 602 1879 οὐδέποτε
624 1853 752 1888 εὕρομεν.
774 1854 835 1885 Πῶς
855 1855 882 1881 δὲ

81 1895 138 1927 τὰς
163 1896 328 1931 παραδόσεις
354 1897 454 1929 πάσας,
479 1897 526 1924 καὶ
546 1899 580 1925 τὰ
603 1898 726 1934 δόγματα
745 1899 800 1926 τῶν
816 1900 884 1928 Ῥω-

85 1942 180 1978 μαίων
192 1942 438 1977 ἁναθεματίζοντες
452 1944 500 1969 καὶ
513 1943 731 1980 ἀπαρνούμενοι,
747 1946 830 1980 μόνον
841 1946 884 1972 λε-

82 1989 204 2024 γόμενον
220 1990 425 2027 Ἀρτζηῦούρην
441 1988 627 2026 φυλάττουσις
644 1991 692 2023 Τίς
709 1991 755 2018 οὖν
770 1993 800 2018 οὐ
818 2001 883 2018 συν-

80 2036 140 2071 ορᾷ
160 2035 209 2072 τὴν
230 2037 399 2072 πανουργίαν
424 2037 471 2064 καὶ
494 2037 642 2072 ὑπόκρισιν
663 2037 718 2064 τῶν
741 2038 885 2074 θεομάχων

89 2082 258 2117 Ἀρμενίων,
271 2083 323 2116 ὅτι,
337 2083 381 2110 διὰ
397 2084 427 2110 τὸ
444 2083 580 2118 πλανῆσαι
595 2083 658 2115 τοὺς
673 2083 885 2122 ἀφελεστέρους,

81 2130 137 2158 καὶ
158 2130 198 2161 είς
215 2130 264 2165 τὴν
282 2130 388 2157 ἑαυτῶν
407 2130 513 2166 αἵρεσιν
533 2130 666 2163 κατᾶξαι,
686 2131 774 2157 ταῦτα
795 2131 885 2158 πάντα

926 868 1015 903 Magni
1027 870 1196 898 Constantini
1212 871 1355 906 jejunium,
1371 879 1432 900 eum
1453 873 1544 901 Romte
1555 881 1569 901 a
1584 875 1717 902 Silvestre

928 914 1106 948 haptizandus
1127 921 1210 947 esset,
1234 917 1334 944 dicunt.
1349 917 1427 950 Quod
1453 924 1542 946 autem
1568 920 1593 946 id
1610 927 1716 954 quoque

927 960 1024 987 falsum
1049 962 1102 994 sit,
1129 963 1269 997 perspicue
1293 962 1388 998 liquet.
1414 964 1523 999 Magnus
1549 967 1620 993 enim
1645 966 1717 994 Con-

927 1008 1075 1041 stantintts,
1093 1017 1155 1036 cum
1188 1010 1267 1037 morti
1289 1010 1428 1044 proximus
1445 1015 1527 1044 esset,
1553 1011 1719 1039 Nicomedia}

928 1054 1080 1089 baptilatns
1096 1055 1154 1086 fuit.
1170 1063 1201 1083 ac
1215 1056 1306 1083 statim
1320 1057 1391 1084 diem
1406 1057 1483 1085 obiit.
1498 1058 1574 1091 Quod
1587 1060 1609 1086 si
1626 1058 1718 1093 Magni

928 1100 1096 1129 Constantini
1128 1102 1209 1134 (ilius,
1236 1102 1293 1137 ipse
1308 1111 1416 1138 quoque
1430 1104 1542 1140 Magnus
1560 1104 1714 1140 appellabac

930 1152 982 1179 tur,
998 1155 1094 1183 resque
1106 1156 1169 1176 vera
1186 1148 1247 1181 fuit,
1261 1150 1331 1184 quod
1344 1151 1413 1178 absit
1429 1159 1436 1178 ι
1453 1151 1517 1186 quid
1534 1151 1566 1178 ad
1584 1151 1715 1179 mttndum

929 1194 1096 1227 universum,
1114 1199 1142 1221 ut
1168 1199 1231 1223 ante
1256 1203 1342 1223 annos
1366 1197 1536 1232 octingentos
1567 1197 1716 1232 imperator

928 1239 1106 1274 baptizandus
1117 1240 1279 1275 jejunaverit
1290 1241 1302 1268 ?
1315 1241 1380 1275 Quei
1398 1249 1462 1269 vero
1478 1242 1546 1270 idem
1566 1242 1716 1278 Sylvester,

929 1291 990 1312 cum
1017 1284 1133 1313 Nica'na:
1156 1287 1250 1321 synodi
1279 1294 1378 1322 praeses
1403 1293 1485 1320 esset.
1506 1288 1716 1323 haudquaquam

929 1338 991 1358 cum
1006 1331 1120 1366 synodo,
1144 1339 1175 1358 ac
1189 1339 1249 1358 cum
1268 1332 1378 1367 reliquis
1394 1334 1489 1368 synodi
1517 1334 1716 1366 traditionibus,

928 1376 1060 1412 jejunium
1085 1378 1136 1404 hoc
1152 1378 1186 1404 ab
1201 1379 1327 1405 omnibus
1341 1379 1444 1406 servari
1460 1379 1619 1407 constituit?
1633 1379 1716 1413 Quis-

930 1432 991 1452 nam
1004 1431 1068 1451 vero
1079 1424 1261 1457 apostolorum
1274 1432 1371 1457 canon,
1384 1425 1534 1453 aliorumve
1549 1430 1721 1458 sanctorum,

931 1475 977 1498 aut
995 1469 1173 1506 synodorum,
1203 1470 1239 1497 ita
1268 1470 1344 1504 jubet
1370 1474 1400 1498 ut
1423 1471 1639 1506 quotiescunque
1667 1472 1718 1499 im-

932 1520 1040 1551 perator
1064 1524 1079 1543 a
1107 1515 1247 1551 gentilium
1276 1523 1369 1543 errore
1398 1523 1544 1544 conversus
1573 1516 1652 1544 fuerit
1683 1517 1718 1544 ad

930 1561 1181 1594 Christianismum,
1201 1568 1232 1588 ac
1250 1561 1373 1588 debuerit
1388 1561 1531 1596 baptizari,
1545 1562 1636 1588 statim
1651 1570 1718 1597 pra:-

931 1608 1086 1641 scribatur,
1115 1612 1144 1634 ut
1177 1607 1351 1642 imperatoris
1375 1606 1560 1634 catecltumeni
1585 1606 1719 1642 jejunium

932 1653 965 1681 ab
978 1653 1105 1681 universo
1121 1655 1222 1680 mundo
1237 1653 1359 1680 solemne
1372 1653 1399 1680 in
1412 1657 1570 1688 perpetuum
1588 1654 1720 1682 haheatur

932 1705 1014 1735 atque
1025 1701 1169 1728 servetur?

969 1756 1026 1785 Vl’l;
1042 1756 1193 1785 Ostendant
1214 1764 1279 1786 vero
1293 1757 1358 1793 quid
1378 1757 1495 1785 nominis
1521 1757 1592 1786 illius
1612 1758 1718 1794 jejnnii.

933 1803 987 1838 Ipsi
1009 1811 1089 1838 porro
1113 1803 1288 1830 Artzebnrem
1318 1803 1429 1835 dicunt;
1449 1811 1499 1830 nos
1526 1809 1628 1835 autem,
1656 1812 1720 1831 nus-

933 1857 1014 1884 quam
1046 1849 1212 1876 exsecrabile
1230 1849 1335 1875 illorum
1359 1856 1458 1875 nomen
1471 1849 1633 1876 invenimus.
1652 1849 1719 1882 ριιεί

934 1903 1017 1929 vero,
1046 1902 1140 1922 omnes
1166 1894 1350 1921 Romanorum
1380 1894 1537 1921 traditiones
1566 1898 1647 1928 atque
1673 1895 1721 1922 do-

935 1948 1026 1978 gmata
1055 1944 1226 1969 anathemate
1258 1941 1440 1974 damnantes,
1473 1945 1554 1975 atque
1580 1946 1720 1976 negantes,

934 1989 1065 2024 jejunium
1098 1987 1198 2015 dictum
1229 1987 1407 2014 Artzehurem
1438 1987 1617 2015 custodiunt?
1654 1987 1720 2020 Quis

936 2042 1012 2070 ergo,
1035 2034 1080 2061 Dei
1105 2034 1320 2061 adversariorum
1344 2033 1534 2061 Armeniorum
1549 2033 1675 2061 astutiam
1690 2041 1722 2060 ac

937 2081 1133 2110 simulationem
1156 2088 1208 2107 non
1241 2081 1395 2115 perspiciat,
1424 2085 1454 2107 ut
1478 2080 1537 2107 hazc
1564 2080 1600 2107 illi
1630 2080 1720 2107 omnia

922 2128 1102 2162 ,mentiantur
1115 2131 1196 2161 atque
1219 2126 1387 2160 contingant,
1404 2134 1457 2161 quo
1472 2126 1651 2161 simpliciores
1679 2134 1722 2154 sev

84 2174 270 2210 μυθολογοῦσι
287 2175 334 2202 καὶ
350 2175 514 2208 πλάττουσι;
531 2176 579 2207 Τίς
596 2175 642 2202 οὖν
656 2176 701 2202 διὰ
715 2177 764 2210 τῆς
782 2177 882 2212 πολλῆς

969 2178 1049 2207 tcant,
1080 2175 1288 2209 pertrahantque
1315 2172 1341 2199 in
1372 2180 1448 2199 suam
1480 2167 1626 2199 haeresim?
1655 2171 1721 2205 Quis

81 2222 180 2249 αὐτῶν
196 2221 358 2257 ὲναλλαγῆς,
375 2222 423 2249 καὶ
439 2222 494 2249 τῶν
509 2222 647 2257 διαφόρων
662 2223 812 2258 ὀνομάτων,
830 2224 884 2249 τῶν

83 2266 158 2300 παρ’
170 2266 260 2297 αὐτοῖς
278 2266 486 2300 πλαττομένων,
502 2266 532 2292 οὐ
550 2267 607 2293 νοεῖ
624 2266 661 2302 μὴ
677 2263 746 2292 εἶναι
760 2266 805 2292 τὸν
823 2266 885 2301 Ἆρ’

83 2311 245 2347 τζηὸούρην
256 2312 323 2343 ὅλως
335 2312 484 2347 παράδοσιν
496 2312 678 2347 Χριστιανῶν,
691 2311 706 2347 ἦ
721 2310 799 2345 ἁγίου
812 2311 884 2342 τινὸς

84 2358 220 2394 νηστείαν
231 2377 239 2390 ,
258 2358 324 2385 ἀλλὰ
341 2359 448 2392 αἵρεσιν
464 2357 601 2393 μεγάλην,
619 2358 667 2384 καὶ
685 2358 786 2392 σφόδρα
804 2357 884 2392 φοϐε-

85 2404 142 2439 ρὰν
160 2404 235 2439 παρὰ
250 2405 306 2435 τοῖς
324 2404 472 2437 αίρετικοῖς
491 2403 638 2439 ἐριστικῶς
657 2402 817 2430 ὲκτεϐεῖσαν
835 2403 883 2429 καὶ

84 2449 284 2485 ἐπινοηθεῖσαν
309 2450 377 2484 πρὸς
407 2450 577 2485 ἀποσχισμὺν
604 2450 651 2476 καὶ
674 2449 808 2483 διαίρεσιν
834 2448 883 2482 τῆς

84 2497 146 2523 τῶν
164 2496 308 2531 Ῥωμαίων
324 2495 477 2531 όρθοδυξίας
491 2503 499 2512 ·
517 2495 550 2522 δι’
567 2492 597 2522 οὗ
616 2494 782 2531 (48)πάντα
800 2494 884 2521 σπεύ-

84 2544 168 2571 δουσι
185 2545 350 2578 καταγαγεῖν
366 2545 406 2575 εἰς
421 2543 451 2570 τὸ
466 2544 514 2578 τῆς
530 2543 633 2570 ἑαυτῶν
649 2542 776 2573 ἀσεϐείας
794 2541 881 2576 βάρα-

86 2590 174 2625 θρον;
191 2590 221 2616 Εί
236 2589 281 2616 οὗν
295 2590 341 2616 τοῦ
358 2589 471 2624 Σεργίου
489 2590 547 2615 ἐστὶ
561 2589 608 2616 τοῦ
625 2588 764 2624 μάρτυρος
780 2587 850 2622 αὓτη
866 2588 882 2622 ὴ

85 2635 205 2672 νηστεία
215 2656 222 2668 ,
238 2636 320 2671 (καὶ)
336 2637 396 2671 οὑχὶ
411 2635 458 2663 τοῦ
476 2635 677 2671 Ἀρτζηὸούρου
690 2655 697 2667 ,
711 2636 748 2666 ὡς
765 2635 860 2668 λέγετε
875 2643 881 2650 ·

87 2684 153 2716 (καὶ
168 2683 192 2709 εἰ
206 2683 429 2719 Ἀρτζηϐούρου,)
444 2683 502 2714 πῶς
515 2684 561 2709 τοῦ
578 2683 662 2717 Ἀᾶὰμ
680 2683 757 2709 πάλιν
770 2682 882 2716 λέγετες

86 2729 150 2756 Καὶ
165 2729 188 2754 εί
201 2728 247 2754 τοῦ
263 2728 348 2763 ’Δδάμ
363 2729 429 2760 ἐστι,
444 2728 503 2760 πῶς
517 2729 564 2763 τῆς
579 2728 673 2755 Νινευῒ
688 2728 814 2762 ὲγὲνετο;
829 2728 884 2754 Καὶ

87 2775 116 2801 εἰ
134 2775 184 2810 τῆς
201 2775 295 2801 Νινευϊ
313 2775 388 2807 ἐστι,
405 2775 462 2806 πῶς
478 2775 528 2810 τῆς
546 2775 600 2801 τῶν
618 2775 769 2810 Ἀρμενίων
786 2774 884 2809 βαπτί-

90 2829 165 2853 σ;ως
188 2821 298 2855 γέγονες
323 2821 378 2848 Καὶ
402 2822 426 2848 εἰ
449 2821 502 2848 τῶν
520 2821 670 2857 Ἀρμενίων
693 2819 883 2857 [βαπτίσειυς,]

131 2895 187 2929 (i7)
208 2893 287 2921 DCt’Sl
304 2893 460 2928 νηστεύειν.

937 2228 1000 2256 ergo
1016 2227 1049 2248 ex
1076 2227 1170 2247 eorum
1196 2218 1276 2246 multa
1296 2218 1342 2246 illa
1367 2218 1528 2250 variatione,
1552 2226 1584 2246 ac
1607 2218 1722 2246 diversis

937 2266 1104 2298 nominibus,
1131 2273 1192 2300 quae
1220 2264 1388 2299 contingunt,
1415 2272 1468 2291 non
1488 2265 1629 2298 intelligat,
1655 2264 1722 2291 nihil

936 2313 1057 2344 omnino,
1074 2319 1154 2346 quem
1183 2311 1275 2338 dicunt
1294 2311 1480 2344 Artzeburem,
1505 2310 1720 2337 Christianorum

937 2357 1110 2384 traditionem
1126 2364 1194 2389 esse,
1213 2356 1363 2387 aut;ullius
1387 2356 1474 2383 sancti
1499 2356 1651 2391 jejunium;
1675 2356 1721 2382 scd

937 2411 1060 2439 magnam
1079 2403 1201 2431 hzeresim
1214 2423 1222 2435 ,
1239 2410 1270 2429 ac
1287 2402 1433 2430 terribilem
1451 2402 1537 2434 valde,
1554 2402 1722 2428 contentiosc

936 2450 970 2477 ab
986 2449 1120 2477 htereticis
1139 2449 1289 2484 expositam
1305 2456 1336 2475 ac
1351 2448 1537 2478 adinventam,
1552 2447 1584 2474 ad
1602 2447 1720 2474 sehisma

937 2503 969 2522 ac
981 2494 1139 2522 divisionem
1168 2502 1182 2521 a
1205 2497 1277 2521 recta
1301 2493 1483 2520 Romanorum
1511 2493 1562 2520 lidc
1591 2493 1722 2520 inducen-

936 2543 998 2570 dam
1013 2551 1019 2569 :
1037 2541 1112 2575 cujus
1126 2539 1289 2567 adminiculo
1304 2540 1329 2567 in
1350 2547 1443 2566 eorum
1468 2539 1616 2575 impietatis
1639 2539 1720 2566 hara-

939 2589 1028 2616 thrum
1065 2594 1160 2614 omnes
1189 2587 1331 2614 detrahere
1361 2585 1544 2614 contendunt?
1581 2585 1720 2620 Siquidem

936 2634 1018 2669 igitur
1028 2633 1158 2668 jejunium
1173 2631 1259 2667 Sergii
1279 2633 1407 2666 martyris
1419 2636 1470 2663 est,
1485 2639 1537 2659 non
1553 2631 1719 2662 Artzehuris,

936 2681 976 2707 uti
989 2679 1080 2707 dicitis
1093 2687 1099 2705 :
1117 2686 1148 2705 ac
1162 2678 1295 2712 siquidem
1309 2682 1350 2705 est
1365 2677 1532 2709 Artzeburis,
1547 2677 1607 2712 quei
1623 2678 1720 2704 iterum

936 2727 1027 2755 dicitis
1042 2734 1102 2754 esse
1121 2725 1235 2752 Adami?
1259 2725 1298 2752 Ac
1321 2725 1453 2759 siquidem
1469 2724 1563 2750 Adami
1580 2728 1631 2756 est,
1658 2724 1720 2758 quei

937 2774 1034 2801 iterum
1052 2771 1151 2811 fimum
1165 2775 1206 2797 est
1221 2769 1343 2797 Ninivm?
1356 2770 1394 2797 Ac
1410 2769 1542 2804 siquidem
1555 2774 1596 2796 est
1608 2768 1720 2811 Ninh‘n‘,

937 2818 997 2854 quei
1014 2807 1114 2844 factum
1136 2821 1177 2843 est
1193 2815 1318 2849 baptismi
1342 2814 1552 2841 Armeniorum?
1574 2813 1610 2841 Ac
1635 2807 1720 2846 εἰειιῆ-

976 2888 1030 2924 (i8)
1046 2887 1126 2915 Forte
1141 2888 1256 2918 πὶντας.
