1875 3056
77 138 148 170 1205

610 143 753 173 ORATIO
773 142 785 172 ῐ
806 143 956 173 CONTRA
976 143 1185 174 ARMENIOS.

1639 137 1707 170 1206

74 195 190 230 Mapan
209 195 263 222 τῶν
280 195 498 231 εὖαγγελιστῶν,
516 197 563 225 καὶ
579 199 709 226 Ἰακώϐου
726 198 773 225 τοῦ
791 199 862 226 ἀδελ-

957 199 1035 226 »ιιιιιιιὶ
1053 200 1134 227 totius
1145 198 1263 226 Orientis
1274 206 1304 226 ae
1315 197 1481 230 Occidentis,
1493 196 1599 232 cognati
1612 203 1707 235 omnes

75 239 193 274 φοθέου,
210 242 344 276 αἰρετικοὶ
364 244 507 279 γενόμενοι
525 244 564 276 είς
581 245 720 271 ἀπώλειαν
737 245 871 280 ἀπέρχον-

921 251 1069 281 martyrum
1087 253 1118 272 ae
1137 250 1313 277 sanctorum;
1339 243 1496 280 Eutychetis
1517 247 1607 270 autem
1624 242 1706 270 disci-

75 296 139 320 ται,
156 289 255 320 οἵτινές
276 291 345 317 είσιν
363 291 387 317 οἱ
405 291 555 326 Ῥωμαῖοι·
575 291 646 318 οἵτε
662 293 711 327 τῆς
728 292 862 326 Ἀνατολῆι

957 292 973 319 li
993 297 1019 319 et
1043 291 1174 324 Dioscuri,
1197 290 1332 318 Timothei
1359 290 1458 322 ᾹΞΙιιι-ἰ,
1480 289 1551 317 Petri
1573 288 1705 320 Fullanis,

76 334 124 360 καὶ
145 334 196 370 τῆς
218 335 327 368 Δύσεως
350 336 451 372 πάσης,
475 338 499 364 οί
525 339 667 372 συγγενεῖς
693 338 793 369 πάντες
816 338 862 363 τῶι

966 337 1077 370 Iuliani,
1094 338 1170 372 impii
1186 345 1217 364 ac
1229 337 1336 372 profani
1350 336 1481 369 Armenii,
1498 340 1528 363 ut
1542 343 1590 363 vos
1605 334 1706 363 Christi

75 380 164 414 ἁγίων
177 382 326 417 μαρτύρων
339 384 386 410 καὶ
401 384 484 411 ὁσίων
496 392 502 399 ’
517 385 541 411 oi
554 384 582 411 δὲ
598 384 720 420 μαθηταὶ
733 384 862 419 Εὑτυχοῦέ

957 383 1068 411 versarii
1090 383 1240 418 nugamini,
1265 382 1427 409 salvantur?

75 428 124 454 καὶ
140 429 286 464 Διοσκόρου
297 450 304 460 ,
321 430 457 465 Τιμοθέου
471 431 519 458 τοῦ
534 431 666 467 Δίλούρου
677 452 684 465 ,
700 431 747 458 καὶ
763 430 867 467 Πέτρου
888 431 935 457 τοῦ
953 431 1103 466 Κναφέως,
1119 431 1167 458 καὶ
1184 430 1330 457 Ἰουλιανοῦ
1341 450 1348 462 ,
1365 431 1389 457 οξ
1405 429 1515 460 ἀσεϐεῖς
1535 430 1584 456 καὶ
1602 428 1706 455 ἀνόσιοι

81 475 221 510 Ἀρμένιοι
236 476 379 509 σώζονται,
393 477 429 508 ὡς
443 477 522 512 ὑμεῖς
535 479 560 505 oi
574 479 753 514 χριστομάχοι
768 477 933 513 φλυαρεῖτε;

111 519 141 547 ι’.
161 521 193 547 Εἰ
210 520 256 547 οὖν
270 521 284 547 ὁ
299 521 364 553 Θεὸς
377 523 433 554 τοῖς
450 523 638 558 ὑπερηφάνοις
653 523 865 554 ἀντιτάσσεται,

73 568 215 598 ταπεινοῖς
230 567 258 594 δὲ
272 567 364 594 δίδωσι
381 568 476 603 χάρινο
493 569 551 600 πῶς
564 568 614 604 τὴν
627 569 725 597 ἑαυτοῦ
742 569 820 605 χάριν
835 569 867 595 ἐκ

73 613 131 640 τῶν
146 614 284 641 ταπεινῶν
300 616 332 651 τῇ
351 615 451 651 καρδίᾳ
467 616 627 651 Ῥωμαίων,
644 617 691 644 καὶ
707 616 817 651 πραέων
832 616 865 651 τῇ

73 661 149 696 ψυχῇ
167 661 314 695 ἀφείλατο,
332 662 380 697 τὴν
395 662 501 688 τελείαν
517 662 681 696 θεογνωσίαν
697 663 743 689 καὶ
759 661 866 697 ὀρθοδο-

74 706 136 738 ξὶαν
149 715 156 722 '
173 707 272 733 δέδωκε
286 707 314 733 δὲ
329 708 379 742 τὴν
393 708 491 735 ἑαυτοῦ
506 708 584 744 χάριν
598 708 645 735 καὶ
658 708 799 734 εὐσέϐειαν
811 709 865 739 τοῖς

75 753 329 789 σκληροτραχήλοις
347 755 391 781 καὶ
407 755 526 790 ἀπηνέσι
540 754 589 790 τὴν
603 754 704 790 ψυχὴν,
720 754 766 781 καὶ
782 754 866 789 ὐπερ‹

72 799 191 834 ηφάνοις
204 801 236 835 τῇ
251 800 349 836 καρδία
363 801 607 836 ”Δρμενίοις;”ί)τι
621 801 675 836 γὰρ
689 800 765 835 παρὰ
778 799 867 826 πάντα

72 846 109 873 τὰ
129 846 194 882 ἔθνη
217 846 392 882 σκληρότεροι
415 847 462 874 καὶ
484 847 667 882 ὑπερήφανοι,
686 847 821 880 κενόδοξοί
836 854 867 873 τε

74 891 124 919 καὶ
147 892 229 928 ὠμοί,
254 892 301 920 καὶ
324 893 439 929 ἀπηνεῖς
462 894 642 929 ὑπάρχουσιν,
667 893 737 920 αὐτὰ
760 893 809 928 βοᾷ
833 893 868 919 τὰ

956 521 991 550 Χ.
1007 521 1146 556 Siquidem
1162 529 1226 556 ergo
1242 521 1310 549 Deus
1335 521 1453 556 superbis
1474 521 1583 554 resistit,
1599 522 1707 549 humili-

921 569 966 595 bus
983 574 1070 595 autem
1091 569 1137 595 dat
1155 569 1268 603 gratiam
1279 568 1302 586 “
1313 589 1321 601 ,
1333 568 1443 602 quinam
1461 568 1484 595 is
1499 575 1575 594 suam
1590 569 1707 603 gratiam

919 616 953 642 ab
969 615 1115 642 immitibus
1136 614 1219 642 corde
1242 615 1382 646 Romanis.
1410 621 1442 641 ac
1466 614 1577 642 mitibus
1603 616 1705 647 animo.

919 661 1060 692 auferens,
1090 650 1191 696 nempe
1217 661 1258 688 sui
1290 661 1438 695 perfectam
1464 660 1646 695 cognitionem
1676 669 1708 688 ae

921 712 1022 733 rectam
1049 707 1128 734 tidem
1143 726 1150 739 ,
1175 707 1290 742 gratiam
1316 714 1391 734 suam
1417 715 1448 734 ae
1470 707 1598 741 pietatem
1622 708 1707 740 dedit,

920 753 987 780 dura
1014 753 1129 784 cervice,
1158 760 1190 780 ac
1211 753 1359 781 immitibus
1387 753 1500 785 animo,
1529 758 1557 780 et
1585 754 1708 789 superbis

922 799 1002 826 corde
1018 798 1177 832 Armeniis?
1201 798 1278 831 Quod
1305 799 1376 825 enim
1398 806 1478 833 supra
1504 806 1598 827 omnes
1615 804 1709 834 gentes

922 844 1046 871 duriores
1063 843 1126 876 sint,
1154 847 1234 879 atque
1250 844 1381 878 superbi,
1410 844 1498 872 inanis
1525 844 1588 872 item
1615 845 1709 880 gloria:

922 889 1023 925 cupidi,
1053 890 1183 924 saevique,
1209 897 1240 917 ac
1270 889 1404 921 immites,
1433 897 1477 917 res
1502 890 1567 925 ipsa:
1589 891 1709 925 quotidie

75 938 230 974 πράγματα
251 939 312 966 καθ’
323 939 443 974 ἑκάστην
460 940 579 975 ἡμέραν.
598 939 646 966 καὶ
665 939 691 966 οἰ
710 938 781 966 λίθοι
802 939 862 974 μετέ

957 946 1048 972 unum.
1066 948 1098 968 ac
1111 941 1214 974 lapides
1228 949 1289 968 cum
1314 941 1440 969 omnibus
1462 942 1588 976 gentibus
1609 943 1711 970 clama-

73 984 188 1011 πάντων
201 984 255 1012 τῶν
267 985 353 1011 ἐθνῶν
367 984 546 1020 κεκράξονται
558 993 564 1000 ·
579 985 609 1011 ἐν
623 984 710 1011 οὐδενὶ
725 984 779 1020 γὰρ
793 984 864 1011 ἔθνει

73 1030 164 1066 ἑτέρῳ
178 1030 251 1058 ἔστιν
267 1030 332 1057 ἰδεῖν
345 1030 490 1063 τοσούτους
504 1031 600 1069 φόνους
616 1031 663 1058 καὶ
678 1031 804 1067 συχνοὺς,
820 1031 866 1057 ἀν-

73 1076 231 1112 δροφονίας,
249 1076 370 1112 μοιχείας
384 1077 431 1104 καὶ
445 1077 569 1112 κλεψίας,
584 1077 760 1113 λῃσταρχίας,
776 1077 865 1112 ἁρπα-

73 1122 141 1157 γὰς,
166 1122 338 1158 μεθύσματα,
363 1122 519 1157 προδοσίας,
545 1123 698 1158 ἐπιορκίας,
725 1122 864 1157 ἀρνήσεις,

75 1169 265 1205 βλασφημίας,
285 1170 429 1205 λοιδορίας,
453 1169 648 1204 συκοφαντίας,
671 1170 731 1196 κατ’
745 1169 867 1204 ἀλλήλοιν

73 1216 296 1252 αἱματεκχυσίας
318 1216 453 1251 διηνεκεῖς
476 1218 523 1244 καὶ
546 1217 723 1248 ἀπαύστους·
746 1216 867 1252 δαρμοὺς

74 1263 203 1299 ἀνηλεεῖς
225 1263 272 1290 καὶ
304 1262 516 1295 θανατοποιοὺς,
546 1264 702 1298 δικάσματα
723 1263 865 1296 ἄπαυστα,

73 1309 300 1345 γαστριμαργίας
315 1310 462 1346 ἀμέτρους,
478 1310 613 1338 ὰσωτείαν
629 1309 866 1345 ὑπερϐάλλουσαν,

74 1357 284 1390 ἀνυποταξὶαν,
312 1356 486 1390 κενοδοξίαν,
511 1356 703 1392 ὑπερηφανίαν
727 1357 866 1392 ἄμετρον,

74 1403 126 1431 καὶ
141 1403 234 1435 ἁπλῶς
249 1404 340 1430 πᾶσαν
355 1403 456 1430 κακίαν
470 1403 517 1430 καὶ
533 1404 676 1439 πονηρίαν,
691 1403 869 1441 ἀνθρωπαρὲ-

77 1457 174 1476 σκειαν
189 1449 236 1476 καὶ
249 1450 395 1486 ὑπόκρισιν
408 1458 414 1465 ·
427 1450 452 1476 εί
469 1449 538 1484 μετὰ
550 1449 605 1484 (52)
620 1451 648 1476 ἐν
661 1450 734 1486 μόνῳ
746 1450 785 1486 τῷ
798 1450 869 1478 ἔθνει

75 1494 135 1521 τῶν
155 1495 323 1530 Ἀρμενίων,
347 1494 393 1526 οὓς
416 1496 430 1522 ὁ
453 1495 519 1527 Θεὸς
541 1495 585 1522 διὰ
606 1494 656 1531 τὴν
678 1495 870 1531 ὑπερηφανίαν

76 1540 172 1567 αὐτῶν
188 1540 235 1567 καὶ
251 1540 410 1572 ἀλαζονείαν
426 1540 501 1567 ἔθετο
517 1542 557 1572 εἰς
571 1541 658 1573 κακὰ,
673 1541 722 1567 καὶ
740 1541 870 1568 Κατέὅα-

73 1588 135 1614 λεν
148 1586 259 1619 αὐτοὺς
273 1587 314 1619 είς
332 1586 431 1613 πάντα
445 1586 481 1612 τὰ
495 1586 569 1621 ἔθνη
583 1587 618 1613 ἐν
630 1585 671 1619 τῷ
685 1587 869 1621 ἐπαρθῆναι,
883 1607 905 1637 C

76 1635 127 1661 καὶ
146 1634 336 1670 διεσκόρπισεν
356 1633 456 1665 αὐτοὺς
477 1630 548 1660 εῖναι
569 1634 721 1669 παροίκους
741 1634 788 1661 καὶ
809 1633 870 1660 δού-

75 1681 143 1712 λους
163 1679 262 1712 αὐτῶν,
281 1679 392 1707 πάντων
408 1679 462 1706 τῶν
482 1679 577 1711 ἐθνῶν,
598 1680 725 1715 καθάπερ
746 1681 793 1707 καὶ
810 1680 872 1712 τοὺς

76 1726 189 1761 ὁμοίους
203 1726 292 1753 αὐτῶν
305 1726 563 1762 σκληροτραχήλους
575 1726 622 1752 καὶ
637 1726 800 1761 παραϐάτας
811 1725 872 1752 ‘low

79 1772 185 1804 δαίους.
210 1772 266 1798 Καὶ
285 1772 336 1798 οὐκ
357 1771 415 1797 ἔστι
435 1771 548 1798 δυνατὸν
570 1771 661 1806 εὑρεῖν
682 1771 774 1805 ἓτερον
797 1770 873 1802 ἔθνος

80 1818 214 1845 ὑποκάτω
229 1819 339 1844 πάντων
353 1817 407 1845 τῶν
421 1817 517 1849 ἐθνῶν,
533 1819 580 1845 καὶ
594 1817 805 1853 ὲξουθενημένον
819 1816 872 1843 ὑπὸ

78 1865 192 1892 πάντων
212 1865 258 1891 καὶ
282 1865 436 1900 βδελυκτδν,
459 1865 483 1891 ει
507 1864 544 1900 μὴ
569 1865 649 1900 μόνον
670 1863 701 1890 τὸ
723 1863 799 1896 ἔθνος
818 1863 873 1890 τῶν

78 1910 190 1938 ἀσεϐῶν
204 1910 355 1946 Ἀρμενίων
370 1911 417 1938 καὶ
434 1911 569 1937 Ἰουδαίων
581 1918 589 1926 ο
603 1909 641 1942 ὡς
657 1910 704 1937 καί
720 1918 762 1942 τις
778 1910 807 1944 ἐξ
823 1910 874 1937 αὑ-

77 1958 137 1985 τῶν
158 1957 279 1992 γεγονὼς
296 1957 444 1993 Ἀρμενίας
467 1957 627 1989 ἐπίσκοπος,
651 1957 793 1992 Νορσέσης
816 1957 873 1983 ὀνό-

79 2012 162 2038 ματι,
175 2003 324 2038 ἐγγράφως
339 2004 486 2038 μαρτυρεῖ,
499 2003 586 2037 λέγων
595 2011 601 2018 ·
616 2003 651 2030 'H
664 2002 794 2037 ἡμετέρα
807 2003 873 2038 γὰρ,

78 2049 169 2085 φησι,
194 2049 283 2084 γενεὰ
308 2049 367 2076 τῶν
402 2049 573 2084 Ἀρμενίων,
605 2048 800 2083 ὑπερήφανος
824 2048 873 2076 καί

78 2096 208 2130 ἀσεϐής.

119 2141 170 2170 lA'.
186 2142 218 2170 El
233 2141 279 2169 οὖν
301 2142 377 2178 παρὰ
394 2142 483 2169 πάντα
499 2142 532 2168 τὰ
555 2140 618 2177 ἔθνη
637 2141 810 2176 ὑπερήφανοι
825 2141 871 2168 καὶ

81 2189 321 2225 σκληροτράχηλοι
345 2190 393 2216 καὶ
408 2189 620 2224 καρδιόστερῤοι
639 2188 702 2215 καθ’
718 2187 873 2223 ὑπερϐολὴν

80 2236 239 2270 ὑπάρχουσι
250 2243 258 2250 ·
275 2235 332 2267 πῶς
347 2235 396 2270 τὴν
408 2235 506 2262 ἑαυτοῦ
522 2235 612 2270 χάριν,
625 2235 673 2261 καὶ
685 2235 827 2262 εὐσέϐειαν
843 2236 874 2261 ὲκ

918 987 968 1012 turi
985 991 1058 1012 sunt.
1075 985 1152 1012 Nulla
1170 985 1269 1020 quippe
1293 993 1358 1020 gens
1385 986 1436 1012 alia
1456 991 1508 1018 est.
1534 987 1560 1014 in
1585 995 1639 1022 qua
1666 992 1706 1014 tot

917 1030 1004 1057 cazdes
1021 1037 1053 1056 ac
1074 1029 1218 1057 homicidia
1237 1029 1328 1057 videre
1345 1030 1544 1062 sit-,adulteria
1568 1039 1600 1060 ac
1623 1033 1708 1064 furta;

917 1074 1072 1108 latrocinia,
1098 1074 1219 1109 rapinas,
1248 1074 1407 1108 ebrietates,
1434 1076 1622 1111 proditiones.
1648 1085 1710 1112 per-

917 1121 1003 1156 iuria,
1025 1123 1195 1157 negationes,
1220 1121 1403 1157 blaSphemias
1417 1143 1425 1155 ,
1447 1123 1582 1155 convicia,
1605 1123 1710 1151 calum-

918 1167 986 1200 nias,
1011 1168 1089 1204 jnges
1111 1175 1143 1196 ac
1167 1167 1309 1196 continuas
1334 1172 1426 1195 mutua
1451 1168 1524 1196 caede
1547 1169 1709 1204 sanguinum

918 1214 1082 1248 ett‘usiones;
1102 1214 1227 1241 crudeles
1239 1222 1270 1241 ac
1286 1214 1414 1242 mortales
1431 1215 1531 1250 plagas,
1554 1215 1615 1243 lites
1638 1215 1710 1243 assi-

919 1260 1001 1293 duas;
1022 1260 1181 1287 immensam
1206 1261 1392 1293 voracitatem,
1419 1265 1628 1296 exsuperantem
1645 1269 1709 1297 pro-

919 1306 1085 1340 dignlitatem
1097 1313 1129 1334 ac
1141 1306 1362 1334 incontinentiam
1374 1315 1382 1340 ;
1396 1306 1584 1340 rebellionem,
1601 1307 1709 1335 inanem

920 1352 1043 1387 gloriam,
1058 1353 1214 1387 superbiam
1230 1352 1390 1380 immensam
1404 1361 1412 1381 ι
1424 1359 1587 1387 omnemque
1598 1360 1711 1388 prorsus

922 1399 1096 1428 vitiositatem
1134 1406 1166 1426 ac
1194 1398 1362 1433 nequitiam,
1393 1399 1647 1434 adulationcmque,
1678 1407 1711 1426 ae

921 1451 1135 1483 simulationem,
1152 1450 1193 1478 uti
1223 1450 1249 1477 in
1284 1457 1336 1476 una
1368 1450 1491 1477 videmus
1517 1450 1708 1477 Armeniorum

921 1497 1042 1528 natione,
1067 1503 1135 1531 quos
1162 1495 1231 1522 Deus
1258 1500 1368 1531 propter
1386 1503 1480 1522 eorum
1506 1495 1661 1530 superbiam
1677 1503 1708 1522 ae

922 1543 1116 1576 arrogantiam,
1143 1542 1169 1569 in
1195 1542 1267 1568 mala
1297 1542 1386 1575 posuit
1412 1541 1587 1577 :Dejecitque
1610 1550 1654 1569 eos
1681 1542 1709 1570 in

922 1588 1042 1615 omnibus
1058 1588 1178 1623 gentibus
1194 1588 1256 1614 dum
1271 1581 1469 1620 extollerentur,
1493 1596 1523 1614 ac
1541 1588 1665 1622 dispersit
1675 1587 1708 1620 ³⁵,

896 1626 907 1638 ³
923 1639 952 1661 ιιι
968 1638 1060 1662 essent
1073 1634 1166 1662 incola:
1179 1641 1210 1661 ae
1219 1634 1288 1661 servi
1305 1634 1425 1661 omnium
1443 1634 1594 1666 nationum,
1613 1642 1709 1670 quem-

923 1681 1068 1708 admodum
1107 1681 1140 1708 iis
1180 1681 1283 1708 similes
1307 1680 1376 1709 dura
1401 1680 1528 1711 cervice.
1560 1688 1592 1708 ac
1624 1685 1712 1708 trans-

922 1735 1059 1762 gressores
1074 1727 1201 1760 Iudaeos;
1216 1735 1266 1754 nec
1283 1731 1325 1754 est
1342 1727 1463 1755 invenire
1481 1727 1616 1755 nationem
1630 1727 1710 1754 aliam

923 1775 963 1800 sic
983 1774 1110 1801 omnibus
1127 1773 1284 1800 nationibus
1300 1772 1460 1806 subiectam,
1476 1777 1558 1806 atque
1578 1773 1713 1800 universis

923 1819 1113 1853 despicabilem
1139 1825 1171 1844 ac
1195 1817 1403 1851 exsecrabilem,
1426 1818 1463 1845 uti
1489 1818 1633 1853 impiorum
1662 1819 1713 1845 Ar-

924 1863 1072 1890 meniorum
1087 1870 1118 1890 ae
1134 1861 1290 1890 Judzeorum
1302 1863 1438 1890 nationem
1452 1872 1460 1897 ;
1483 1862 1712 1898 quemalinodum

923 1908 1004 1934 etiam
1034 1907 1094 1942 quis
1120 1915 1153 1934 ex
1180 1907 1242 1940 illis,
1267 1908 1312 1942 qui
1340 1907 1477 1936 Armeniae
1491 1909 1633 1944 episcopus
1649 1910 1715 1944 fuit,

923 1953 1054 1981 Norscses
1073 1953 1192 1985 nomine,
1209 1953 1312 1987 scripto
1329 1957 1456 1986 testatur,
1478 1955 1572 1983 dicens
1589 1965 1594 1981 :
1615 1965 1624 1981 ι
1639 1955 1712 1984 Gens

925 2004 1027 2033 nostra,
1058 1999 1157 2034 inquit,
1182 1999 1373 2026 Armeniorum
1404 2000 1519 2035 superba
1543 2005 1604 2034 est,
1631 2006 1712 2036 atque

925 2053 1016 2080 impia.
1038 2055 1046 2071 ι

959 2144 1006 2172 XI.
1020 2144 1160 2180 Siquidem
1172 2145 1254 2180 igitur
1267 2152 1346 2179 supra
1361 2146 1484 2174 nationes
1497 2153 1591 2174 utnucs
1603 2147 1714 2181 superbi

924 2197 998 2224 sunt,
1017 2199 1048 2219 ac
1068 2193 1135 2219 dura
1150 2192 1266 2225 cervice,
1280 2191 1414 2226 sordeque
1428 2192 1589 2219 immensum
1607 2192 1714 2224 ferreo;

925 2237 1035 2271 quinam
1051 2245 1127 2264 suam
1160 2237 1229 2264 Deus
1245 2238 1360 2270 gratiam
1381 2245 1412 2264 ac
1428 2237 1554 2271 pietatem
1571 2245 1584 2264 a
1599 2238 1715 2265 mitissi-

79 2282 140 2308 τῶν
156 2281 318 2317 πραοτάτων
342 2282 390 2308 καὶ
411 2282 548 2308 ταπεινῶν
565 2283 598 2317 τῇ
614 2281 714 2316 καρδίᾳ
730 2281 862 2316 Ῥωμαίωη

957 2283 980 2310 is
1002 2290 1033 2310 ac
1059 2282 1205 2310 lmmilibus
1231 2281 1312 2309 corde
1338 2281 1467 2309 Romanis
1492 2283 1620 2317 abstulit;
1645 2283 1714 2317 apud

80 2329 235 2364 ἁφείλατο;
249 2329 319 2363 Παρ⁷
331 2326 372 2360 οἷς
393 2327 428 2354 τὰ
449 2327 564 2362 λείψανα
589 2327 643 2354 τῶν
659 2328 741 2355 αὑτοῦ
757 2327 875 2354 ἀποστό-

81 2377 150 2408 λων,
166 2375 214 2401 καὶ
231 2376 341 2401 πάντων
364 2373 448 2400 αὑτοῦ
466 2374 520 2401 τῶν
542 2375 627 2408 ἁγίων
647 2375 809 2409 ὑπάρχουσι,
826 2374 874 2400 καὶ

83 2421 176 2447 πάντα
194 2419 283 2446 αὐτῶν
296 2419 329 2446 τὰ
357 2419 436 2454 τίμια
453 2419 501 2446 καὶ
521 2419 659 2454 σεϐάσμια
672 2428 678 2434 ·
698 2418 745 2451 οὒς
759 2419 805 2445 καὶ
822 2428 874 2446 πα-

83 2466 203 2503 ραυτίκα
219 2465 257 2501 τῷ
271 2465 555 2500 γενντδθῆναιαύτοὺς,
565 2465 680 2499 δοξάσας
696 2465 871 2502 ὑπερύψωσε,

81 2513 132 2539 καὶ
149 2512 237 2538 πάντα
250 2512 283 2538 τὰ
305 2511 368 2546 ἔθνη
386 2511 439 2538 ὑπὸ
459 2512 523 2542 τοὺς
541 2511 624 2544 πόδας
639 2512 729 2538 αὐτῶν
744 2512 873 2545 ὑπέταξε,

79 2559 128 2584 διὰ
141 2559 190 2592 τὴν
213 2558 302 2584 αὐτῶν
318 2557 472 2589 εὐσέϐειαν,
488 2557 579 2589 καθὼς
593 2559 606 2584 ὁ
623 2558 767 2593 προφήτης
782 2558 875 2592 λέγει’

82 2601 203 2629 Δέὸωκὰ
217 2609 267 2629 σοι
279 2601 351 2635 ἔθνη
369 2601 427 2635 τὴν
443 2603 647 2636 κληρονομίαν
660 2611 729 2636 σου,
755 2603 803 2630 καὶ
819 2603 876 2637 τὴν

83 2647 277 2682 κατάσχεσιν
292 2655 350 2674 σου
373 2647 408 2674 τὰ
422 2647 534 2681 πέρατα
553 2647 608 2681 τῆς
628 2647 683 2682 γῆς
695 2656 702 2664 ’
721 2649 876 2683 aequaret";

83 2694 198 2726 αὐτοὺς
209 2693 351 2727 ἐπιβάὸδῳ
367 2693 477 2728 σιδηρᾷ
489 2702 495 2708 ·
513 2694 572 2729 ἦτοι
587 2694 632 2720 διὰ
645 2695 695 2728 τῆς
717 2693 875 2730 Ῥωμαῖκῆς

83 2739 236 2775 βασιλείας.
268 2740 337 2771 Τοὺς
366 2740 421 2775 γὰρ
449 2739 609 2775 ’Λρμενίους
638 2740 740 2775 μᾶλλον
758 2740 801 2767 διὰ
824 2741 874 2777 τὴν

123 2810 212 2839 “Jac.
230 2819 266 2845 tv,
280 2811 309 2839 6.
347 2811 449 2840 "Psal.
462 2812 570 2846 Lxx,t8.
610 2813 632 2829 "
656 2811 728 2840 l‘sal.
745 2820 764 2846 ι,
781 2813 808 2846 8,
825 2812 852 2840 9.

123 2870 179 2907 (52)
193 2871 272 2900 Forte
285 2871 322 2901 rb;
338 2871 454 2907 εἴδομεν.

928 2336 996 2364 quos
1015 2328 1134 2363 reliquize
1160 2332 1225 2356 sunt
1245 2328 1302 2362 ejus
1328 2327 1521 2363 apostolorum,
1538 2336 1571 2355 ac
1595 2329 1715 2356 omnium

927 2379 1096 2405 sanctorum,
1111 2381 1258 2407 eorumque
1281 2373 1397 2408 pretiosa
1420 2380 1532 2408 quaeque
1554 2381 1585 2401 ac
1600 2382 1718 2401 venera-

928 2420 1027 2447 tionem
1055 2419 1181 2449 habentia
1198 2428 1205 2446 :
1222 2427 1290 2454 quos
1312 2419 1403 2446 statim
1428 2424 1509 2454 atque
1535 2419 1589 2446 nati
1615 2426 1715 2452 essent,

927 2466 1081 2501 gloriﬁcans
1105 2466 1330 2500 superexaltarit,
1357 2472 1506 2500 omnesque
1531 2471 1637 2500 gentes,
1667 2467 1717 2494 sub

927 2520 1020 2539 eorum
1037 2511 1158 2546 pedibus,
1182 2517 1292 2547 propter
1313 2511 1416 2537 illorum
1438 2507 1574 2546 pietatem,
1591 2512 1716 2546 subjecit,

930 2563 958 2585 nt
972 2559 1008 2585 ait
1024 2557 1156 2591 Prophrta
1169 2566 1176 2584 :
1192 2558 1256 2584 Dedi
1270 2558 1317 2584 tibi
1335 2562 1423 2591 gentes
1438 2557 1618 2584 ltwreditatem
1633 2563 1716 2591 luant,

927 2608 951 2630 et
975 2604 1163 2639 possessionem
1186 2608 1258 2630 luant
1281 2603 1404 2629 terminos
1424 2608 1510 2630 terra.
1532 2603 1611 2638 [leges
1627 2611 1672 2630 eos
1690 2604 1724 2632 in.

928 2651 999 2685 rirgu
1023 2649 1109 2684 ferrea
1129 2649 1167 2683 ³⁶;
1187 2649 1212 2675 id
1237 2653 1288 2680 est,
1313 2656 1360 2683 per
1385 2648 1536 2674 Romanum
1563 2648 1715 2682 imperium.

927 2696 1071 2723 Armenios
1087 2696 1157 2723 enim
1182 2695 1282 2730 potius,
1307 2700 1416 2729 propter
1435 2702 1527 2721 eorum
1553 2695 1715 2728 superbiam,

931 2749 962 2770 ac
987 2741 1112 2769 duritiam
1137 2741 1238 2775 cordis,
1254 2745 1282 2768 et
1300 2741 1463 2776 impietatem
1485 2741 1510 2768 iu
1537 2741 1614 2768 tinc.u
1640 2741 1720 2777 deses
