1875 3056
50 127 127 160 ῙΞῦθ

47 184 216 222 τακρίνουσι
228 193 235 200 ·
249 185 296 212 καὶ
308 186 332 212 οἱ
345 185 374 212 τὸ
384 186 430 212 τοῦ
443 186 562 222 Χριστοῦ
574 187 743 222 Εὐαγγέλιον
755 197 845 224 παρα-

48 232 227 267 χαράξαντες
243 233 289 259 καὶ
311 233 523 267 περικόψαντες,
546 234 608 265 τοὺς
627 234 657 260 τὸ
679 234 847 268 ι’ἷῦαγγέλιον

49 277 210 310 ἀνελλιπὲς,
224 277 272 304 καὶ
284 278 500 314 ἀκαινοτόμητον
511 280 635 314 ἔχοντας,
644 280 691 306 καὶ
706 280 847 306 πιστεύον-

48 332 114 356 τας,
132 323 342 358 βλασφημοῦσι·
366 324 414 352 καὶ
435 326 459 351 ol
482 325 533 360 τὴν
555 326 655 360 εὐσεϐῆ
678 326 779 355 πίστιν.
799 326 846 352 καὶ

49 369 219 404 παραδόσεις
246 370 300 396 τῶν
327 370 414 404 ἁγίων
441 371 572 406 Πατέρων
592 372 778 408 ἀρνησάμενοι
800 373 847 398 καὶ

49 414 250 450 ἀθετήσαντες,
265 416 329 447 τοὺς
344 416 394 451 τὴν
411 417 553 454 ὀροᾴδοξον
570 419 662 445 πίστιν
679 418 732 444 τῶν
749 419 845 452 ἁγίων,

50 462 101 487 καὶ
113 460 164 492 τὰς
177 462 343 496 παραδόσεις
353 463 402 497 τῆς
414 463 563 498 καθολικῆς
579 465 753 500 Ἐκκλησίας,
765 467 847 491 ἀκαισ

50 507 223 542 νοτομήτους
237 507 436 541 φυλάττοντας,
454 509 492 541 ὡς
516 510 707 544 παραϐάντας,
725 511 772 537 καὶ
789 511 848 537 δια-

51 554 213 589 σύραντας·
235 555 281 581 καὶ
307 555 333 581 οἱ
353 556 399 582 τὸν
423 556 541 591 Χριστὸν
566 557 611 583 τὸν
636 557 847 592 σεσαρκωμὲνον

50 599 133 632 Θεὸν,
148 601 196 627 xal
215 601 319 632 πάντας
342 602 405 632 τοὺς
425 602 523 636 ἁγίους
545 602 694 638 θεοφόρους
709 603 845 638 Πατέρας,

51 646 91 678 ὡς
114 646 220 674 ἐθνικοὶ
247 648 294 674 καὶ
316 648 488 683 ἀχριστίανοι
511 649 768 684 ἀναθεματίζοντες,
784 649 847 681 τοὺς

50 692 196 727 τιμῶντας
211 693 318 725 πάντας
335 695 399 726 τοὺς
420 694 526 728 ἁγίους,
544 695 591 722 καὶ
607 695 656 727 τὰς
674 696 784 730 μνήμας
799 696 848 722 αὑ-

49 739 108 766 τῶν
125 739 317 774 ἑορτάζοντας,
339 741 386 767 καὶ
403 741 438 767 τὰ
452 741 578 775 δόγματα
597 741 688 768 αὐτῶν
703 743 845 769 πιστεύον-

49 793 114 815 τας,
133 785 242 816 καὶτὰς
259 787 367 817 εἰκόνας
383 786 473 813 αὐτῶν
486 787 707 821 ἀσπαζομένους,
722 787 759 819 ῶς
776 787 846 814 ὲΟνι-

50 830 121 862 κοὺς
135 830 183 857 καὶ
199 831 344 863 ἀπίστους,
361 831 405 858 διὰ
418 831 465 858 τοῦ
480 833 591 867 μιαροῦ,
604 833 651 859 καὶ
663 832 789 867 βεϐήλου,
800 834 847 860 καὶ

50 876 226 912 ἀκαθάρτου,
248 879 296 904 καὶ
322 877 480 912 βδελυκτοῦ,
497 879 544 905 καὶ
562 879 782 914 μεμολυσμένου,
800 880 847 906 καὶ

51 922 258 958 ἁπροσδέκτου,
278 925 326 950 καὶ
343 924 524 960 ἀνευλογήτου
540 924 632 951 αὐτῶν
646 925 845 961 βαπτίσματος,

50 968 319 1002 ἑξαναϐαπτίζουσιο
349 970 450 1005 μᾶλλον
479 971 507 997 δὲ
536 971 773 1006 καταμολύνουσι,
798 973 847 999 καὶ

49 1015 103 1041 τοῦ
119 1015 240 1050 Χριστοῦ
253 1016 427 1052 ἀλλοτριοῦσι
438 1025 445 1030 ·
462 1017 509 1044 καὶ
528 1018 552 1044 οί
575 1017 697 1053 μαθηταὶ
714 1018 770 1044 τῶν
786 1018 846 1045 θεο-

53 1060 154 1095 μάχων
171 1061 325 1096 αἱρετικῶν,
344 1062 390 1088 καὶ
404 1062 454 1097 τῆς
467 1062 595 1094 ἀσεϐείας
612 1063 701 1089 αὐτῶν
716 1062 845 1097 διάδοχοι,

50 1108 120 1140 τοὺς
133 1108 188 1134 τῶν
202 1108 290 1142 ἁγίων
305 1109 464 1136 ἀποστόλων
482 1110 618 1144 μαθητὰς,
633 1110 746 1136 καὶτῶν
761 1110 846 1144 ἁγίων

51 1155 188 1190 Πατέρων
206 1155 374 1190 ὁμόφρονας,
398 1155 435 1187 ὡς
460 1156 630 1191 ἀλλοφύλους
658 1156 846 1191 κατηχίςουσι,

51 1199 104 1225 καὶ
117 1199 162 1225 διὰ
178 1200 226 1231 τὰς
246 1201 386 1235 ἀμέτρους
410 1201 503 1227 αὐτῶν
527 1201 657 1232 ἀσεϐείας
681 1210 848 1237 κατακεκρι-

55 1244 135 1279 μένοι
150 1244 330 1280 ὑπάρχοντες,
346 1246 408 1277 τοὺς
424 1246 548 1278 εὐσεϐεῖς
562 1247 611 1273 καὶ
627 1247 794 1282 ὀρθοδόξους,
809 1247 847 1280 ὡς

51 1292 67 1317 ὸ
85 1291 213 1325 Καϊάφας
230 1293 406 1328 κατακρίνειν
422 1293 601 1328 ἐπιχειροῦσι.

91 1336 143 1363 Μ’.
162 1336 311 1363 Ἀκούσατε
327 1337 415 1364 ταῦτα
438 1339 540 1370 πάντες
565 1339 590 1365 ol
612 1340 671 1374 μετ’
688 1340 778 1367 αὐτῶν
797 1339 847 1373 τὰς
879 1336 885 1343 ’

52 1380 170 1414 ἀγάπας
190 1382 340 1416 ποιοῦντες,
363 1384 410 1410 καὶ
431 1383 630 1419 ὁιορϐώσασϐε,
647 1386 694 1412 καὶ
711 1386 740 1419 ἐξ
756 1387 846 1414 αὐτῶν

52 1425 96 1457 ὡς
111 1426 164 1452 ἀπὸ
183 1427 328 1460 Ἰουδαίων,
341 1430 388 1456 καὶ
401 1430 573 1465 Μανιχαῖων,
589 1432 638 1457 καὶ
651 1431 845 1467 ἀντιχρίετων,

52 1471 260 1508 ἁποφεύξασοε,
286 1474 329 1501 ἴνα
354 1475 391 1511 μὴ
415 1477 605 1512 συναπολῆσθε
626 1479 687 1510 ταῖς
705 1478 846 1511 ἀσεϐείαις

53 1519 160 1546 αὐτῶν.
183 1520 331 1547 Ἀκούσατε
344 1522 445 1554 πάντες
463 1523 488 1549 οί
509 1523 570 1558 μετ’
581 1524 673 1550 αὐτῶν
688 1525 845 1552 συνεσθίον-

51 1573 114 1597 τες.
135 1566 273 1602 ὀδυνηρὰν
290 1568 429 1602 ἀπόφασιν
442 1570 474 1596 ὲκ
492 1569 603 1596 πάντων
622 1569 678 1596 τῶν
694 1570 780 1605 ἁγίων
803 1571 844 1599 ὅτι

51 1612 102 1639 τοῦ
118 1612 240 1647 Χριστοῦ
257 1614 350 1649 ὲχοροί
363 1616 438 1642 ἐστε.

139 1659 210 1692 Περὶ
220 1657 262 1687 ὧν
277 1661 538 1695 ἀναθεματιζονται
553 1664 581 1690 οὶ
602 1663 759 1698 Ἀρμένιοι.

91 1703 132 1732 A'.
149 1705 181 1732 Οί
200 1705 246 1732 οῦν
269 1706 306 1738 ὡς
328 1707 565 1743 ἀφθαρτοδοκῆται
586 1709 843 1744 ἀναθεματίζονται.

91 1799 130 1826 B'.
145 1799 200 1827 Kal
211 1800 249 1830 ὡς
265 1800 330 1835 μίαν
341 1799 423 1827 φύσιν
439 1801 468 1828 ἐν
481 1801 593 1837 Χριστῷ
608 1801 843 1837 βλασφημοῦντες,

52 1844 315 1879 ἀναθεματίζονται.

91 1889 129 1916 Γ’.
146 1891 201 1917 Καὶ
230 1891 357 1926 ώς·μίαν
384 1892 529 1926 ἐνέργειαν
553 1892 637 1919 αὑτοῦ
663 1891 844 1927 κηρύττοντες

52 1936 176 1970 ἀσεϐῶς,
192 1938 240 1964 καὶ
254 1937 292 1968 ὡς
307 1937 370 1972 μίαν
385 1938 496 1973 θέλησιν
511 1938 541 1965 ἐν
558 1937 670 1973 Χριστῷ
690 1938 843 1975 φλυαροῦν-

52 1991 112 2015 τες,
127 1983 386 2018 ἀναθεματίζονται.

90 2028 127 2055 Δ’.
144 2030 198 2056 Kal
218 2030 255 2061 ὡς
278 2031 323 2057 τὸν
349 2031 557 2066 Εὐαγγελισμὸν
578 2031 629 2066 τῆς
652 2031 784 2058 Θεοτόκου
807 2031 844 2068 μὴ

51 2075 243 2110 ἑορτάζοντες,
257 2076 514 2112 ἅναθεματίζονται.

92 2122 130 2149 Ε’.
144 2123 199 2149 Καὶ
215 2122 252 2154 ὡς
266 2124 316 2158 τὴν
333 2124 426 2150 εἰκόνα
446 2123 493 2151 τοῦ
513 2124 644 2159 Χριστοῦ,
658 2125 706 2151 καὶ
719 2125 768 2159 τῆς
780 2125 843 2151 Beo-

53 2168 138 2196 τόκου
151 2169 188 2204 μὴ
201 2170 428 2205 προσκυνοῦντες,
437 2172 485 2197 καὶ
495 2171 549 2198 τῶν
561 2171 646 2205 ἁγίων
659 2179 667 2187 ·
678 2171 735 2198 ἀλλ’
746 2171 844 2199 εἴδωλα

54 2215 273 2249 ἀποκαλοῦντες,
290 2216 544 2252 ἀναθεματίζονται.

93 2261 140 2296 q'.
158 2264 213 2289 Kal
233 2264 270 2295 ὼς
286 2263 390 2299 ἄζυμον
414 2264 496 2298 ἄρτον
518 2262 672 2296 Ἰουδαϊκῶς
689 2264 727 2295 είς
751 2264 846 2292 θυσίαν

54 2309 255 2345 προσάγοντες,
272 2311 531 2345 ἀναοεχιατίζονται.

92 2357 131 2384 Ζ¹.
149 2356 206 2383 Kal
219 2357 257 2388 ὡς
277 2357 306 2383 ὲν
321 2357 360 2393 τῷ
379 2358 443 2392 οῐνῳ
465 2358 512 2385 τοῦ
529 2359 645 2393 αἵματος
657 2359 705 2386 τοῦ
726 2357 844 2394 Χριστοῦ

55 2402 132 2437 ὕδωρ
151 2403 188 2438 μὴ
211 2403 369 2438 κιρνῶντες,
385 2404 640 2439 ἀναθεματίζονται.

93 2450 136 2476 H’.
153 2450 207 2476 Kal
221 2450 258 2479 Lb;
270 2450 300 2476 τὸ
310 2450 474 2484 Εὑαγγέλιον
488 2450 534 2478 τοῦ
549 2450 667 2487 Χριστοῦ
685 2450 845 2485 παραχαρά-

54 2496 164 2530 ξαντες,
182 2495 438 2530 ἀναθεματίζονται.

91 2545 131 2571 Θ⁴.
160 2545 214 2571 Kal
228 2544 266 2575 ὡς
288 2544 337 2578 τὴν
361 2538 442 2577 ἁγίαν
459 2543 563 2578 Τριάδα
589 2545 618 2570 ἐν
639 2543 678 2579 τῷ
705 2544 844 2580 Τρισαγίῳ

53 2593 136 2630 ὕμνῳ
151 2590 342 2625 σταυροῦντες,
360 2590 615 2625 ἀναθεματίζονται.

93 2639 121 2665 ιν.
139 2638 195 2664 Καὶ
209 2636 247 2669 ὡς
262 2638 311 2672 τὴν
324 2637 454 2672 Γέννησιν
474 2637 519 2664 τοῦ
533 2638 653 2673 Χριστοῦ
669 2637 840 2673 ἀρνούμενοι,

52 2684 314 2719 ἀναθεματίςονται.

90 2729 143 2757 IA’.
161 2731 216 2757 Kal
230 2729 268 2761 ὠς
283 2729 332 2765 τὴν
345 2729 579 2765 ψευδοιερωσύνην
594 2730 682 2756 αὐτῶν
694 2729 842 2765 προφανῶς

53 2776 272 2811 πιπράσκοντες,
293 2776 340 2801 καὶ
361 2775 412 2811 τὴν
438 2775 587 2809 βδελυκτὴν
606 2775 711 2802 ἑαυτῶν
734 2775 839 2807 θυσίαν,

53 2822 190 2857 καπήλιον
208 2821 390 2856 πεποιηκότες
401 2829 408 2837 ’
424 2821 476 2847 ὑπὸ
492 2821 546 2847 τῶν
569 2821 654 2854 ἁγίων
673 2820 840 2852 ἀποστόλων,

55 2869 104 2897 καὶ
117 2868 171 2896 τῶν
185 2868 323 2904 θεοφόρων
333 2867 462 2903 Πατέρων
477 2867 515 2899 ὡς
531 2867 692 2902 Σιμωνιανοὶ
705 2865 842 2901 ἀναθεμα-

592 127 736 158 ORATIO
757 128 770 158 Ι
792 127 941 158 CONTRA
962 129 1169 160 ARMENIOS.

1618 131 1689 164 1210

859 187 884 216 A
897 191 961 214 nent
975 196 983 215 ε
998 195 1031 216 ac
1043 189 1088 223 qui
1103 188 1205 217 Christi
1225 189 1401 225 Evangelium
1419 190 1638 218 adulteraverunt
1660 199 1693 219 ac

900 234 1068 265 acciderunt,
1084 242 1130 262 eos
1149 236 1192 269 qui
1209 235 1384 271 Evangelium
1406 236 1538 271 integrum
1563 237 1691 271 nullaque

899 280 1016 306 novitate
1030 281 1154 307 violatum
1173 282 1289 308 retinent
1304 289 1335 310 ac
1346 283 1469 314 credunt,
1482 282 1667 317 blasphemcnt
1681 292 1688 314 ;

898 325 998 360 quique
1013 326 1084 360 piam
1103 327 1193 359 ﬁdem,
1210 335 1241 354 ac
1258 333 1413 354 sanctorum
1429 328 1538 355 Patrum
1565 330 1690 355 traditio-

898 378 947 397 nes
961 377 1126 406 ncgavcrunt
1141 380 1173 398 ac
1191 373 1282 400 irritas
1299 373 1433 406 fecerunt,
1451 382 1497 400 eos
1516 375 1560 408 qui
1579 379 1689 400 saneto-

899 425 957 443 rum
973 418 1151 445 orthodoxam
1167 418 1257 450 Iirlem,
1277 426 1308 446 ac
1330 419 1457 446 Ecclesia:
1474 420 1612 446 catholicae
1632 426 1687 446 tra-

897 463 1012 490 ditiones
1040 464 1183 491 inviolatos
1211 469 1332 497 servant,
1364 470 1490 499 tanquam
1518 465 1688 500 prmvaricati

897 513 998 541 essent,
1014 517 1046 536 ac
1062 510 1241 544 explosissent
1258 519 1310 537 :ac
1331 511 1377 545 qui
1401 510 1538 538 Christum
1561 511 1689 538 incarna-

899 559 964 587 ttnn,
982 563 1130 590 omnesque
1150 561 1260 584 sanctos
1275 565 1306 583 ac
1321 557 1452 584 divinitus
1467 557 1568 584 ποιηθῇ
1585 557 1689 589 Patres,

899 605 1024 634 tanquam
1044 601 1144 628 ethnici
1163 610 1194 629 ac
1210 602 1315 637 profani
1332 603 1439 635 quidam
1462 603 1610 635 devovent;
1631 611 1688 634 eos,

897 646 942 680 qui
958 652 1067 674 sanctos
1082 655 1176 675 omnes
1193 648 1294 675 honore
1314 653 1527 683 prosequuntur,
1541 655 1690 682 eorumque

899 695 1043 721 memorias
1058 694 1206 726 celebrant,
1226 702 1257 721 ac
1273 694 1425 721 doctrinam
1439 695 1543 721 illorum
1562 695 1689 726 credunt,

897 746 1046 774 eorumque
1069 741 1227 767 osculantur
1244 741 1385 774 imagines,
1413 745 1542 775 tanquam
1566 740 1690 767 ethnicos

899 785 948 820 ipsi
963 793 994 812 ac
1010 785 1143 817 infideles,
1159 786 1275 813 scelesto
1300 793 1332 813 ac
1354 785 1478 820 profano,
1498 786 1690 820 immundoque

898 839 929 858 ac
955 831 1127 864 exsecrabili,
1155 835 1181 859 et
1211 831 1324 866 polluto,
1353 839 1402 858 nec
1428 830 1614 862 admittendo,
1642 833 1690 857 aut

901 877 1032 904 rationem
1051 877 1167 904 habente
1193 885 1285 903 eorum
1312 877 1459 910 baptismo,
1486 877 1574 903 denuo
1601 876 1690 910 bapti-

899 929 970 955 zcnt,
987 931 1034 950 seu
1058 923 1148 957 potius
1167 923 1360 956 contaminent,
1376 927 1403 951 et
1421 923 1523 950 alienos
1546 930 1560 950 a
1578 922 1688 950 Christo

898 971 1014 998 efficiant
1031 980 1038 999 :
1055 979 1087 998 ac
1103 972 1222 1002 demum,
1236 971 1453 998 adversariorum
1477 970 1525 998 Dei
1550 970 1690 998 ha‘reticov

898 1026 956 1044 rum
982 1017 1124 1052 discipuli,
1145 1024 1294 1051 eorumque
1323 1017 1469 1051 impietatis
1494 1023 1687 1048 successores,

898 1067 1055 1090 sanctorum
1078 1063 1262 1097 apostolorum
1287 1062 1451 1096 discipulos,
1477 1070 1508 1089 ac
1533 1066 1687 1088 sanctorum

897 1109 1005 1136 Patrum
1023 1113 1160 1136 sectantes
1177 1109 1267 1141 Iidem,
1284 1114 1411 1143 tanquam
1435 1108 1612 1142 alienigenas,
1631 1108 1689 1142 pri-

884 1155 949 1188 _mis
969 1155 1030 1182 Iidei
1046 1155 1206 1182 rudimentis
1229 1154 1361 1186 imbuant,
1380 1154 1484 1188 ipsique
1501 1159 1610 1188 propter
1634 1153 1688 1180 im-

897 1208 1017 1228 mensam
1035 1209 1112 1228 suam
1130 1201 1295 1235 impietatem
1311 1201 1444 1234 damnati,
1462 1200 1520 1234 pios
1543 1207 1573 1226 ac
1594 1199 1688 1226 ortho-

898 1248 992 1281 doxos,
1006 1247 1115 1283 Caiphae
1127 1247 1229 1284 judicio
1242 1246 1422 1274 condemnare
1436 1247 1562 1273 audeant.

864 861 884 888 Β

930 1340 1003 1368 XIV.
1017 1341 1116 1368 Audite
1138 1340 1195 1367 haec
1217 1347 1322 1372 omnes,
1344 1339 1389 1374 qui
1406 1347 1466 1366 cum
1493 1339 1533 1367 eis
1555 1339 1689 1367 amicitias

893 1387 1018 1423 iungitis,
1035 1394 1067 1414 ac
1079 1385 1274 1417 eumndnmini.
1290 1390 1370 1420 atque
1385 1384 1494 1417 abillis,
1511 1389 1540 1411 ut
1556 1393 1570 1411 a
1586 1384 1688 1413 Iudaeis

897 1441 929 1462 ac
952 1433 1124 1465 Manichzeis,
1147 1436 1174 1459 et.
1198 1431 1366 1459 antichristis
1391 1431 1493 1465 fugite,
1518 1435 1547 1458 ut
1574 1438 1607 1458 ne
1625 1438 1686 1457 eum

897 1487 992 1508 eorum
1019 1477 1202 1514 impietatibus
1232 1477 1358 1512 pereatis.
1389 1477 1487 1504 Audite
1514 1484 1612 1504 omnes
1639 1476 1686 1510 qui

860 1537 882 1567 ρ
899 1525 1036 1554 communi
1051 1533 1112 1552 cum
1134 1525 1173 1552 eis
1193 1531 1289 1552 mensa
1306 1523 1484 1555 manducatis,
1500 1523 1601 1550 tristem
1627 1529 1689 1550 sen-

899 1573 1011 1601 tentiam
1037 1571 1159 1599 omnium
1182 1574 1336 1598 sanctorum
1361 1567 1498 1603 sullragiis
1516 1568 1610 1602 latam,
1627 1575 1689 1596 esse

897 1626 946 1647 vos
962 1618 1133 1660 adversarios
1149 1616 1261 1644 Christi.

971 1664 1063 1699 Capita
1079 1671 1190 1700 quorum
1205 1662 1306 1690 ratione
1319 1661 1438 1688 Armenii
1450 1661 1647 1706 ιίευοιγεηιιιιν.χ

933 1711 953 1739 1.
983 1711 1075 1745 Itaque
1094 1709 1358 1737 anathematizantur
1376 1707 1432 1741 illi,
1461 1712 1589 1742 tanquam
1614 1705 1688 1741 Aph-

899 1756 1104 1784 thartodocetaa.

934 1803 968 1830 II.
988 1802 1126 1836 Tanquam
1143 1808 1223 1827 unam
1246 1802 1272 1827 in
1288 1799 1397 1827 Christo
1419 1803 1543 1826 naturam
1564 1797 1701 1832 blasphe»

897 1853 1015 1877 mantes.

933 1894 979 1921 III.
996 1893 1029 1921 Ut
1042 1900 1122 1920 unam
1136 1891 1194 1926 ejus
1209 1890 1393 1926 operationem
1405 1889 1486 1924 impie
1498 1889 1685 1924 pradicantes,

897 1947 929 1968 ac
946 1947 1026 1967 unam
1043 1939 1069 1966 in
1086 1938 1143 1973 ipso
1157 1941 1290 1972 nugantes
1309 1936 1487 1962 voluntatem.

932 2033 977 2061 IV.
995 2032 1031 2060 Ut
1047 2031 1093 2059 Dei
1111 2030 1254 2059 Gcnitricis
1274 2027 1512 2057 Annuntiationem
1538 2035 1592 2054 non
1615 2028 1685 2056 cele-

897 2081 1016 2108 brantes.

933 2126 965 2154 V.
985 2125 1018 2153 Ut
1032 2124 1135 2153 Christi
1153 2123 1311 2158 imaginem,
1333 2128 1366 2149 ac
1387 2120 1435 2148 Dei
1451 2119 1606 2152 Genitricis,
1623 2127 1686 2148 san-

898 2177 1039 2206 torumque
1056 2178 1108 2197 non
1124 2170 1278 2202 adorantes,
1293 2167 1340 2194 sed
1353 2166 1423 2194 idola
1436 2165 1613 2201 appellantes.

860 2218 882 2246 D

932 2268 977 2297 VI.
995 2268 1030 2296 Ut
1045 2275 1144 2303 panem
1159 2272 1284 2300 azymum
1297 2263 1450 2291 Judzeorum
1466 2269 1541 2290 more
1559 2261 1585 2289 in
1599 2261 1685 2290 sacri-

896 2316 984 2343 ﬁcium
1004 2315 1157 2342 oIIcrentes.

933 2362 987 2390 VII.
1006 2361 1039 2389 Ut
1055 2361 1101 2395 qui
1118 2362 1145 2388 in
1159 2360 1222 2387 vino
1244 2356 1384 2393 sanguinis
1399 2354 1500 2384 Christi
1518 2362 1614 2389 aquam
1630 2362 1682 2382 non

895 2411 1037 2438 misceant.

929 2455 999 2483 VIII.
1021 2455 1053 2483 Ut
1076 2454 1120 2489 qui
1145 2454 1244 2482 Christi
1270 2450 1441 2486 Evangelium
1461 2447 1681 2475 adulteraverint.

930 2546 976 2573 IX.
1002 2546 1037 2574 Ut
1060 2545 1105 2581 qui
1127 2550 1247 2572 sanctam
1269 2543 1430 2571 Trinitatem
1457 2543 1483 2570 in
1507 2542 1608 2576 hymno
1633 2539 1678 2566 Te:

893 2600 1010 2627 sanctus,
1034 2593 1206 2626 cruciﬁgant.

928 2640 963 2667 Χ.
979 2639 1016 2667 Ut
1031 2639 1074 2674 qui
1091 2637 1193 2666 Christi
1210 2636 1381 2664 Nativitatem
1399 2640 1504 2672 negent.

929 2728 975 2756 XI.
991 2728 1027 2756 Ut
1043 2727 1087 2762 qni
1103 2726 1172 2755 falso
1190 2726 1372 2754 existimatum
1398 2726 1575 2753 sacerdotium
1601 2734 1679 2754 suum

893 2774 1035 2809 perspicue
1047 2773 1172 2805 vendant,
1185 2779 1217 2799 ac
1228 2771 1394 2799 exsecrabile
1407 2771 1569 2799 sacriﬁcium
1583 2771 1678 2799 venale

894 2820 1010 2852 faciant;
1029 2819 1128 2846 idcirco
1153 2823 1280 2851 tanquam
1298 2815 1446 2844 Simoniani
1461 2825 1475 2843 a
1490 2817 1592 2846 sanctis
1612 2825 1679 2853 apo-

892 2866 969 2894 stolis
999 2873 1028 2894 ac
1055 2864 1165 2893 dciferis
1186 2863 1312 2892 Patribus
1334 2863 1508 2892 anathemate
1533 2863 1676 2892 feriuntur.
