  <div class='ocr_page' id='page_1' title='image "/cluster/home/n/w/nwhite01/storage/ocr_20150623/132/njp.32101077773081/657.png"; bbox 0 0 1875 3056; ppageno 0'>
   <div class='ocr_carea' id='block_1_1' title="bbox 190 113 256 147">
    <p class='ocr_par' dir='ltr' id='par_1_1' title="bbox 190 113 256 147">
     <span class='ocr_line' id='line_1_1' title="bbox 190 113 256 147; baseline 0 0"><span class='ocrx_word' id='word_1_1' title='bbox 190 113 256 147; x_wconf 81' lang='grc'>1211</span> 
     </span>
    </p>
   </div>
   <div class='ocr_carea' id='block_1_2' title="bbox 719 118 1277 153">
    <p class='ocr_par' dir='ltr' id='par_1_2' title="bbox 719 118 1277 153">
     <span class='ocr_line' id='line_1_2' title="bbox 719 118 1277 153; baseline 0.007 -4"><span class='ocrx_word' id='word_1_2' title='bbox 719 118 846 150; x_wconf 79' lang='lat' dir='ltr'><strong>ISAACI</strong></span> <span class='ocrx_word' id='word_1_3' title='bbox 865 118 1050 151; x_wconf 74' lang='lat' dir='ltr'><strong>ARMENI/E</strong></span> <span class='ocrx_word' id='word_1_4' title='bbox 1072 121 1277 153; x_wconf 78' lang='lat' dir='ltr'><strong>CATHOLICI</strong></span> 
     </span>
    </p>
   </div>
   <div class='ocr_carea' id='block_1_3' title="bbox 1758 121 1819 154">
    <p class='ocr_par' dir='ltr' id='par_1_3' title="bbox 1758 121 1819 154">
     <span class='ocr_line' id='line_1_3' title="bbox 1758 121 1819 154; baseline 0 0"><span class='ocrx_word' id='word_1_5' title='bbox 1758 121 1819 154; x_wconf 72' lang='lat'><strong>1212</strong></span> 
     </span>
    </p>
   </div>
   <div class='ocr_carea' id='block_1_4' title="bbox 186 162 967 216">
    <p class='ocr_par' dir='ltr' id='par_1_4' title="bbox 186 175 967 212">
     <span class='ocr_line' id='line_1_4' title="bbox 186 175 967 212; baseline 0.004 -11"><span class='ocrx_word' id='word_1_6' title='bbox 186 175 336 202; x_wconf 81' lang='lat' dir='ltr'><strong>Anathema</strong></span> <span class='ocrx_word' id='word_1_7' title='bbox 359 178 449 203; x_wconf 87' lang='lat' dir='ltr'><strong>autem</strong></span> <span class='ocrx_word' id='word_1_8' title='bbox 465 175 492 203; x_wconf 91' lang='lat' dir='ltr'><strong>in</strong></span> <span class='ocrx_word' id='word_1_9' title='bbox 516 175 588 203; x_wconf 88' lang='lat' dir='ltr'><strong>hunc</strong></span> <span class='ocrx_word' id='word_1_10' title='bbox 613 175 720 204; x_wconf 81' lang='lat' dir='ltr'><strong>modum</strong></span> <span class='ocrx_word' id='word_1_11' title='bbox 742 176 886 212; x_wconf 78' lang='lat' dir='ltr'><strong>exponitur</strong></span> <span class='ocrx_word' id='word_1_12' title='bbox 900 186 907 204; x_wconf 88' lang='lat'><strong>:</strong></span> <span class='ocrx_word' id='word_1_13' title='bbox 921 177 967 204; x_wconf 80' lang='lat' dir='ltr'><strong>Re-</strong></span> 
     </span>
    </p>
   </div>
   <div class='ocr_carea' id='block_1_5' title="bbox 1054 162 1824 216">
    <p class='ocr_par' dir='ltr' id='par_1_5' title="bbox 1054 179 1824 216">
     <span class='ocr_line' id='line_1_5' title="bbox 1054 179 1824 216; baseline 0.004 -11"><span class='ocrx_word' id='word_1_14' title='bbox 1054 180 1155 211; x_wconf 81' lang='grc' dir='ltr'>ζονται.</span> <span class='ocrx_word' id='word_1_15' title='bbox 1172 180 1210 206; x_wconf 82' lang='grc' dir='ltr'><strong>Τὸ</strong></span> <span class='ocrx_word' id='word_1_16' title='bbox 1225 180 1254 206; x_wconf 77' lang='grc' dir='ltr'>δὲ</span> <span class='ocrx_word' id='word_1_17' title='bbox 1271 179 1397 216; x_wconf 84' lang='grc' dir='ltr'><strong>ἀνάθεμα</strong></span> <span class='ocrx_word' id='word_1_18' title='bbox 1416 179 1604 216; x_wconf 77' lang='grc' dir='ltr'><strong>ἑρμηνεύεται</strong></span> <span class='ocrx_word' id='word_1_19' title='bbox 1621 179 1729 212; x_wconf 70' lang='grc' dir='ltr'>οὕτως.</span> <span class='ocrx_word' id='word_1_20' title='bbox 1752 181 1824 208; x_wconf 70' lang='grc' dir='ltr'><strong>Ἀνι-</strong></span> 
     </span>
    </p>
   </div>
   <div class='ocr_carea' id='block_1_6' title="bbox 185 220 973 256">
    <p class='ocr_par' dir='ltr' id='par_1_6' title="bbox 185 220 973 256">
     <span class='ocr_line' id='line_1_6' title="bbox 185 220 973 256; baseline 0.004 -10"><span class='ocrx_word' id='word_1_21' title='bbox 185 227 261 252; x_wconf 81' lang='lat' dir='ltr'><strong>vera,</strong></span> <span class='ocrx_word' id='word_1_22' title='bbox 277 220 374 254; x_wconf 78' lang='lat' dir='ltr'><strong>inquit,</strong></span> <span class='ocrx_word' id='word_1_23' title='bbox 391 220 495 248; x_wconf 87' lang='lat' dir='ltr'><strong>diabolo</strong></span> <span class='ocrx_word' id='word_1_24' title='bbox 509 220 648 248; x_wconf 79' lang='lat' dir='ltr'><strong>devolutus</strong></span> <span class='ocrx_word' id='word_1_25' title='bbox 666 222 779 249; x_wconf 76' lang='lat' dir='ltr'><strong>exsistat</strong></span> <span class='ocrx_word' id='word_1_26' title='bbox 793 222 839 256; x_wconf 87' lang='lat' dir='ltr'><strong>qui</strong></span> <span class='ocrx_word' id='word_1_27' title='bbox 861 223 973 250; x_wconf 78' lang='lat' dir='ltr'><strong>anathe-</strong></span> 
     </span>
    </p>
   </div>
   <div class='ocr_carea' id='block_1_7' title="bbox 186 265 972 301">
    <p class='ocr_par' dir='ltr' id='par_1_7' title="bbox 186 265 972 301">
     <span class='ocr_line' id='line_1_7' title="bbox 186 265 972 301; baseline 0.005 -10"><span class='ocrx_word' id='word_1_28' title='bbox 186 265 344 298; x_wconf 83' lang='lat' dir='ltr'><strong>matizalur;</strong></span> <span class='ocrx_word' id='word_1_29' title='bbox 356 265 458 293; x_wconf 89' lang='lat' dir='ltr'><strong>nullum</strong></span> <span class='ocrx_word' id='word_1_30' title='bbox 468 266 523 301; x_wconf 85' lang='lat' dir='ltr'><strong>jam</strong></span> <span class='ocrx_word' id='word_1_31' title='bbox 535 266 628 294; x_wconf 85' lang='lat' dir='ltr'><strong>salutis</strong></span> <span class='ocrx_word' id='word_1_32' title='bbox 638 267 726 295; x_wconf 87' lang='lat' dir='ltr'><strong>locum</strong></span> <span class='ocrx_word' id='word_1_33' title='bbox 739 267 855 301; x_wconf 84' lang='lat' dir='ltr'><strong>habeat;</strong></span> <span class='ocrx_word' id='word_1_34' title='bbox 867 268 972 296; x_wconf 83' lang='lat' dir='ltr'><strong>alienus</strong></span> 
     </span>
    </p>
   </div>
   <div class='ocr_carea' id='block_1_8' title="bbox 185 311 385 339">
    <p class='ocr_par' dir='ltr' id='par_1_8' title="bbox 185 311 385 339">
     <span class='ocr_line' id='line_1_8' title="bbox 185 311 385 339; baseline 0 -1"><span class='ocrx_word' id='word_1_35' title='bbox 185 311 251 339; x_wconf 89' lang='lat' dir='ltr'><strong>sita</strong></span> <span class='ocrx_word' id='word_1_36' title='bbox 266 312 385 339; x_wconf 89' lang='lat' dir='ltr'><strong>Christo.</strong></span> 
     </span>
    </p>
   </div>
   <div class='ocr_carea' id='block_1_9' title="bbox 220 363 973 399">
    <p class='ocr_par' dir='ltr' id='par_1_9' title="bbox 220 363 973 399">
     <span class='ocr_line' id='line_1_9' title="bbox 220 363 973 399; baseline 0.004 -9"><span class='ocrx_word' id='word_1_37' title='bbox 220 364 279 391; x_wconf 81' lang='lat' dir='ltr'><strong>XV.</strong></span> <span class='ocrx_word' id='word_1_38' title='bbox 297 363 435 399; x_wconf 83' lang='lat' dir='ltr'><strong>Siquidem</strong></span> <span class='ocrx_word' id='word_1_39' title='bbox 455 372 520 399; x_wconf 82' lang='lat' dir='ltr'><strong>ergo</strong></span> <span class='ocrx_word' id='word_1_40' title='bbox 535 369 573 392; x_wconf 92' lang='lat' dir='ltr'><strong>tot</strong></span> <span class='ocrx_word' id='word_1_41' title='bbox 586 365 764 393; x_wconf 87' lang='lat' dir='ltr'><strong>anathematis</strong></span> <span class='ocrx_word' id='word_1_42' title='bbox 777 365 811 392; x_wconf 88' lang='lat' dir='ltr'><strong>ab</strong></span> <span class='ocrx_word' id='word_1_43' title='bbox 827 366 899 393; x_wconf 81' lang='lat' dir='ltr'><strong>orbis</strong></span> <span class='ocrx_word' id='word_1_44' title='bbox 914 366 973 393; x_wconf 86' lang='lat' dir='ltr'><strong>uni-</strong></span> 
     </span>
    </p>
   </div>
   <div class='ocr_carea' id='block_1_10' title="bbox 185 411 972 446">
    <p class='ocr_par' dir='ltr' id='par_1_10' title="bbox 185 411 972 446">
     <span class='ocr_line' id='line_1_10' title="bbox 185 411 972 446; baseline 0.005 -10"><span class='ocrx_word' id='word_1_45' title='bbox 185 411 256 437; x_wconf 78' lang='lat' dir='ltr'><strong>versi</strong></span> <span class='ocrx_word' id='word_1_46' title='bbox 274 411 446 445; x_wconf 74' lang='lat' dir='ltr'><strong>pontificibus</strong></span> <span class='ocrx_word' id='word_1_47' title='bbox 459 411 547 438; x_wconf 87' lang='lat' dir='ltr'><strong>devoti</strong></span> <span class='ocrx_word' id='word_1_48' title='bbox 563 416 635 444; x_wconf 86' lang='lat' dir='ltr'><strong>sunt,</strong></span> <span class='ocrx_word' id='word_1_49' title='bbox 648 419 661 437; x_wconf 88' lang='lat' dir='ltr'><strong>a</strong></span> <span class='ocrx_word' id='word_1_50' title='bbox 678 411 786 438; x_wconf 80' lang='lat' dir='ltr'><strong>Christo</strong></span> <span class='ocrx_word' id='word_1_51' title='bbox 807 412 972 446; x_wconf 83' lang='lat' dir='ltr'><strong>pronuntiati</strong></span> 
     </span>
    </p>
   </div>
   <div class='ocr_carea' id='block_1_11' title="bbox 184 457 974 493">
    <p class='ocr_par' dir='ltr' id='par_1_11' title="bbox 184 457 974 493">
     <span class='ocr_line' id='line_1_11' title="bbox 184 457 974 493; baseline 0.003 -10"><span class='ocrx_word' id='word_1_52' title='bbox 184 457 276 488; x_wconf 77' lang='lat' dir='ltr'><strong>alieni,</strong></span> <span class='ocrx_word' id='word_1_53' title='bbox 299 461 325 483; x_wconf 89' lang='lat' dir='ltr'><strong>et</strong></span> <span class='ocrx_word' id='word_1_54' title='bbox 351 457 457 483; x_wconf 79' lang='lat' dir='ltr'><strong>diabolo</strong></span> <span class='ocrx_word' id='word_1_55' title='bbox 483 457 584 490; x_wconf 84' lang='lat' dir='ltr'><strong>traditi,</strong></span> <span class='ocrx_word' id='word_1_56' title='bbox 606 461 686 492; x_wconf 90' lang='lat' dir='ltr'><strong>atque</strong></span> <span class='ocrx_word' id='word_1_57' title='bbox 712 457 743 483; x_wconf 83' lang='lat' dir='ltr'><strong>ad</strong></span> <span class='ocrx_word' id='word_1_58' title='bbox 770 458 860 484; x_wconf 88' lang='lat' dir='ltr'><strong>mttmli</strong></span> <span class='ocrx_word' id='word_1_59' title='bbox 890 466 974 493; x_wconf 80' lang='lat' dir='ltr'><strong>usque</strong></span> 
     </span>
    </p>
   </div>
   <div class='ocr_carea' id='block_1_12' title="bbox 187 503 973 531">
    <p class='ocr_par' dir='ltr' id='par_1_12' title="bbox 187 503 973 531">
     <span class='ocr_line' id='line_1_12' title="bbox 187 503 973 531; baseline 0.003 -2"><span class='ocrx_word' id='word_1_60' title='bbox 187 503 448 530; x_wconf 78' lang='lat' dir='ltr'><strong>consummationem</strong></span> <span class='ocrx_word' id='word_1_61' title='bbox 474 511 489 530; x_wconf 90' lang='lat' dir='ltr'><strong>a</strong></span> <span class='ocrx_word' id='word_1_62' title='bbox 504 503 666 531; x_wconf 80' lang='lat' dir='ltr'><strong>Christianis</strong></span> <span class='ocrx_word' id='word_1_63' title='bbox 688 503 820 531; x_wconf 77' lang='lat' dir='ltr'><strong>universis</strong></span> <span class='ocrx_word' id='word_1_64' title='bbox 840 505 973 531; x_wconf 86' lang='lat' dir='ltr'><strong>devoven-</strong></span> 
     </span>
    </p>
   </div>
   <div class='ocr_carea' id='block_1_13' title="bbox 185 549 972 584">
    <p class='ocr_par' dir='ltr' id='par_1_13' title="bbox 185 549 972 584">
     <span class='ocr_line' id='line_1_13' title="bbox 185 549 972 584; baseline 0.003 -9"><span class='ocrx_word' id='word_1_65' title='bbox 185 549 405 582; x_wconf 88' lang='lat' dir='ltr'><strong>tur:qnomodo</strong></span> <span class='ocrx_word' id='word_1_66' title='bbox 432 556 526 576; x_wconf 86' lang='lat' dir='ltr'><strong>rursus</strong></span> <span class='ocrx_word' id='word_1_67' title='bbox 552 554 680 584; x_wconf 84' lang='lat' dir='ltr'><strong>tanquam</strong></span> <span class='ocrx_word' id='word_1_68' title='bbox 708 550 763 577; x_wconf 91' lang='lat' dir='ltr'><strong>veri</strong></span> <span class='ocrx_word' id='word_1_69' title='bbox 788 550 931 577; x_wconf 81' lang='lat' dir='ltr'><strong>Christiani</strong></span> <span class='ocrx_word' id='word_1_70' title='bbox 957 558 972 577; x_wconf 90' lang='lat' dir='ltr'><strong>a</strong></span> 
     </span>
    </p>
   </div>
   <div class='ocr_carea' id='block_1_14' title="bbox 184 593 973 630">
    <p class='ocr_par' dir='ltr' id='par_1_14' title="bbox 184 593 973 630">
     <span class='ocr_line' id='line_1_14' title="bbox 184 593 973 630; baseline 0.004 -10"><span class='ocrx_word' id='word_1_71' title='bbox 184 593 310 621; x_wconf 79' lang='lat' dir='ltr'><strong>ﬁdelibus</strong></span> <span class='ocrx_word' id='word_1_72' title='bbox 334 594 432 621; x_wconf 91' lang='lat' dir='ltr'><strong>debent</strong></span> <span class='ocrx_word' id='word_1_73' title='bbox 458 595 596 630; x_wconf 80' lang='lat' dir='ltr'><strong>reputari?</strong></span> <span class='ocrx_word' id='word_1_74' title='bbox 617 594 685 628; x_wconf 84' lang='lat' dir='ltr'><strong>Quei</strong></span> <span class='ocrx_word' id='word_1_75' title='bbox 708 603 774 622; x_wconf 88' lang='lat' dir='ltr'><strong>vero</strong></span> <span class='ocrx_word' id='word_1_76' title='bbox 793 596 888 629; x_wconf 83' lang='lat' dir='ltr'><strong>etiam,</strong></span> <span class='ocrx_word' id='word_1_77' title='bbox 905 595 973 624; x_wconf 82' lang='lat' dir='ltr'><strong>falso</strong></span> 
     </span>
    </p>
   </div>
   <div class='ocr_carea' id='block_1_15' title="bbox 183 638 971 672">
    <p class='ocr_par' dir='ltr' id='par_1_15' title="bbox 183 638 971 672">
     <span class='ocr_line' id='line_1_15' title="bbox 183 638 971 672; baseline 0.003 -6"><span class='ocrx_word' id='word_1_78' title='bbox 183 639 294 667; x_wconf 85' lang='lat' dir='ltr'><strong>nomine</strong></span> <span class='ocrx_word' id='word_1_79' title='bbox 310 638 459 667; x_wconf 81' lang='lat' dir='ltr'><strong>Christiani</strong></span> <span class='ocrx_word' id='word_1_80' title='bbox 487 647 518 667; x_wconf 90' lang='lat' dir='ltr'><strong>ac</strong></span> <span class='ocrx_word' id='word_1_81' title='bbox 541 641 703 672; x_wconf 82' lang='lat' dir='ltr'><strong>orthodoxi.</strong></span> <span class='ocrx_word' id='word_1_82' title='bbox 729 641 870 668; x_wconf 86' lang='lat' dir='ltr'><strong>scelestum</strong></span> <span class='ocrx_word' id='word_1_83' title='bbox 893 649 971 669; x_wconf 90' lang='lat' dir='ltr'><strong>suum</strong></span> 
     </span>
    </p>
   </div>
   <div class='ocr_carea' id='block_1_16' title="bbox 183 685 975 722">
    <p class='ocr_par' dir='ltr' id='par_1_16' title="bbox 183 685 975 722">
     <span class='ocr_line' id='line_1_16' title="bbox 183 685 975 722; baseline 0.005 -9"><span class='ocrx_word' id='word_1_84' title='bbox 183 685 317 721; x_wconf 82' lang='lat' dir='ltr'><strong>baptisma</strong></span> <span class='ocrx_word' id='word_1_85' title='bbox 340 694 372 714; x_wconf 90' lang='lat' dir='ltr'><strong>ac</strong></span> <span class='ocrx_word' id='word_1_86' title='bbox 394 687 535 722; x_wconf 84' lang='lat' dir='ltr'><strong>mysteria,</strong></span> <span class='ocrx_word' id='word_1_87' title='bbox 557 695 620 715; x_wconf 88' lang='lat' dir='ltr'><strong>vera</strong></span> <span class='ocrx_word' id='word_1_88' title='bbox 648 695 680 715; x_wconf 89' lang='lat' dir='ltr'><strong>ae</strong></span> <span class='ocrx_word' id='word_1_89' title='bbox 706 688 782 715; x_wconf 85' lang='lat' dir='ltr'><strong>ﬁrma</strong></span> <span class='ocrx_word' id='word_1_90' title='bbox 799 689 975 717; x_wconf 77' lang='lat' dir='ltr'><strong>existimant?</strong></span> 
     </span>
    </p>
   </div>
   <div class='ocr_carea' id='block_1_17' title="bbox 184 731 973 770">
    <p class='ocr_par' dir='ltr' id='par_1_17' title="bbox 184 731 973 770">
     <span class='ocr_line' id='line_1_17' title="bbox 184 731 973 770; baseline 0.004 -11"><span class='ocrx_word' id='word_1_91' title='bbox 184 731 326 767; x_wconf 87' lang='lat' dir='ltr'><strong>Siquidem</strong></span> <span class='ocrx_word' id='word_1_92' title='bbox 345 732 429 767; x_wconf 85' lang='lat' dir='ltr'><strong>igitur</strong></span> <span class='ocrx_word' id='word_1_93' title='bbox 451 733 588 761; x_wconf 78' lang='lat' dir='ltr'><strong>sexcentis</strong></span> <span class='ocrx_word' id='word_1_94' title='bbox 603 733 707 762; x_wconf 84' lang='lat' dir='ltr'><strong>vicibus</strong></span> <span class='ocrx_word' id='word_1_95' title='bbox 725 734 838 770; x_wconf 73' lang='lat' dir='ltr'><strong>subjecti</strong></span> <span class='ocrx_word' id='word_1_96' title='bbox 860 735 973 762; x_wconf 89' lang='lat' dir='ltr'><strong>anathe-</strong></span> 
     </span>
    </p>
   </div>
   <div class='ocr_carea' id='block_1_18' title="bbox 183 777 974 815">
    <p class='ocr_par' dir='ltr' id='par_1_18' title="bbox 183 777 974 815">
     <span class='ocr_line' id='line_1_18' title="bbox 183 777 974 815; baseline 0.005 -10"><span class='ocrx_word' id='word_1_97' title='bbox 183 778 261 811; x_wconf 89' lang='lat' dir='ltr'><strong>mati,</strong></span> <span class='ocrx_word' id='word_1_98' title='bbox 277 777 385 806; x_wconf 84' lang='lat' dir='ltr'><strong>diabolo</strong></span> <span class='ocrx_word' id='word_1_99' title='bbox 398 779 488 807; x_wconf 79' lang='lat' dir='ltr'><strong>traditi</strong></span> <span class='ocrx_word' id='word_1_100' title='bbox 505 785 584 813; x_wconf 88' lang='lat' dir='ltr'><strong>sunt;</strong></span> <span class='ocrx_word' id='word_1_101' title='bbox 600 781 734 815; x_wconf 89' lang='lat' dir='ltr'><strong>quomodo</strong></span> <span class='ocrx_word' id='word_1_102' title='bbox 749 781 783 808; x_wconf 90' lang='lat' dir='ltr'><strong>ab</strong></span> <span class='ocrx_word' id='word_1_103' title='bbox 801 782 974 809; x_wconf 80' lang='lat' dir='ltr'><strong>anathemate</strong></span> 
     </span>
    </p>
   </div>
   <div class='ocr_carea' id='block_1_19' title="bbox 184 823 973 862">
    <p class='ocr_par' dir='ltr' id='par_1_19' title="bbox 184 823 973 862">
     <span class='ocr_line' id='line_1_19' title="bbox 184 823 973 862; baseline 0.005 -12"><span class='ocrx_word' id='word_1_104' title='bbox 184 830 217 850; x_wconf 89' lang='lat' dir='ltr'><strong>ac</strong></span> <span class='ocrx_word' id='word_1_105' title='bbox 231 823 298 851; x_wconf 90' lang='lat' dir='ltr'><strong>diris</strong></span> <span class='ocrx_word' id='word_1_106' title='bbox 315 828 393 851; x_wconf 83' lang='lat' dir='ltr'><strong>exeat</strong></span> <span class='ocrx_word' id='word_1_107' title='bbox 409 824 582 853; x_wconf 81' lang='lat' dir='ltr'><strong>benedictio?</strong></span> <span class='ocrx_word' id='word_1_108' title='bbox 594 831 640 853; x_wconf 89' lang='lat' dir='ltr'><strong>aut</strong></span> <span class='ocrx_word' id='word_1_109' title='bbox 656 827 792 860; x_wconf 89' lang='lat' dir='ltr'><strong>quomodo</strong></span> <span class='ocrx_word' id='word_1_110' title='bbox 807 826 927 862; x_wconf 79' lang='lat' dir='ltr'><strong>spiritale</strong></span> <span class='ocrx_word' id='word_1_111' title='bbox 941 835 973 854; x_wconf 86' lang='lat' dir='ltr'><strong>ac</strong></span> 
     </span>
    </p>
   </div>
   <div class='ocr_carea' id='block_1_20' title="bbox 183 870 972 904">
    <p class='ocr_par' dir='ltr' id='par_1_20' title="bbox 183 870 972 904">
     <span class='ocr_line' id='line_1_20' title="bbox 183 870 972 904; baseline 0.005 -9"><span class='ocrx_word' id='word_1_112' title='bbox 183 873 307 896; x_wconf 75' lang='lat' dir='ltr'><strong>sanctum</strong></span> <span class='ocrx_word' id='word_1_113' title='bbox 330 876 398 904; x_wconf 86' lang='lat' dir='ltr'><strong>opus</strong></span> <span class='ocrx_word' id='word_1_114' title='bbox 415 877 431 897; x_wconf 90' lang='lat' dir='ltr'><strong>a</strong></span> <span class='ocrx_word' id='word_1_115' title='bbox 447 870 554 898; x_wconf 80' lang='lat' dir='ltr'><strong>diabolo</strong></span> <span class='ocrx_word' id='word_1_116' title='bbox 576 871 800 899; x_wconf 75' lang='lat' dir='ltr'><strong>consummatur?</strong></span> <span class='ocrx_word' id='word_1_117' title='bbox 815 871 972 900; x_wconf 81' lang='lat' dir='ltr'><strong>Benedictio</strong></span> 
     </span>
    </p>
   </div>
   <div class='ocr_carea' id='block_1_21' title="bbox 183 913 972 951">
    <p class='ocr_par' dir='ltr' id='par_1_21' title="bbox 183 913 972 951">
     <span class='ocr_line' id='line_1_21' title="bbox 183 913 972 951; baseline 0.005 -10"><span class='ocrx_word' id='word_1_118' title='bbox 183 913 255 942; x_wconf 72' lang='lat' dir='ltr'><strong>enim</strong></span> <span class='ocrx_word' id='word_1_119' title='bbox 269 914 475 950; x_wconf 83' lang='lat' dir='ltr'><strong>haudquaquam</strong></span> <span class='ocrx_word' id='word_1_120' title='bbox 496 921 653 950; x_wconf 83' lang='lat' dir='ltr'><strong>procreatur</strong></span> <span class='ocrx_word' id='word_1_121' title='bbox 675 916 708 943; x_wconf 89' lang='lat' dir='ltr'><strong>ab</strong></span> <span class='ocrx_word' id='word_1_122' title='bbox 724 917 907 951; x_wconf 79' lang='lat' dir='ltr'><strong>anathemate,</strong></span> <span class='ocrx_word' id='word_1_123' title='bbox 922 924 972 945; x_wconf 87' lang='lat' dir='ltr'><strong>nec</strong></span> 
     </span>
    </p>
   </div>
   <div class='ocr_carea' id='block_1_22' title="bbox 181 961 970 998">
    <p class='ocr_par' dir='ltr' id='par_1_22' title="bbox 181 961 970 998">
     <span class='ocr_line' id='line_1_22' title="bbox 181 961 970 998; baseline 0.005 -11"><span class='ocrx_word' id='word_1_124' title='bbox 181 963 302 995; x_wconf 80' lang='lat' dir='ltr'><strong>precatio</strong></span> <span class='ocrx_word' id='word_1_125' title='bbox 313 961 369 988; x_wconf 84' lang='lat' dir='ltr'><strong>exit</strong></span> <span class='ocrx_word' id='word_1_126' title='bbox 383 969 397 987; x_wconf 88' lang='lat' dir='ltr'><strong>a</strong></span> <span class='ocrx_word' id='word_1_127' title='bbox 417 961 616 994; x_wconf 85' lang='lat' dir='ltr'><strong>maledictione,</strong></span> <span class='ocrx_word' id='word_1_128' title='bbox 632 969 682 990; x_wconf 88' lang='lat' dir='ltr'><strong>nec</strong></span> <span class='ocrx_word' id='word_1_129' title='bbox 695 962 797 991; x_wconf 82' lang='lat' dir='ltr'><strong>Christi</strong></span> <span class='ocrx_word' id='word_1_130' title='bbox 812 963 970 998; x_wconf 85' lang='lat' dir='ltr'><strong>mysterium</strong></span> 
     </span>
    </p>
   </div>
   <div class='ocr_carea' id='block_1_23' title="bbox 183 1006 972 1044">
    <p class='ocr_par' dir='ltr' id='par_1_23' title="bbox 183 1006 972 1044">
     <span class='ocr_line' id='line_1_23' title="bbox 183 1006 972 1044; baseline 0.004 -11"><span class='ocrx_word' id='word_1_131' title='bbox 183 1006 322 1042; x_wconf 77' lang='lat' dir='ltr'><strong>peragitur</strong></span> <span class='ocrx_word' id='word_1_132' title='bbox 335 1014 350 1034; x_wconf 90' lang='lat' dir='ltr'><strong>a</strong></span> <span class='ocrx_word' id='word_1_133' title='bbox 367 1007 475 1035; x_wconf 85' lang='lat' dir='ltr'><strong>diabolo</strong></span> <span class='ocrx_word' id='word_1_134' title='bbox 489 1016 497 1034; x_wconf 84' lang='lat'><strong>:</strong></span> <span class='ocrx_word' id='word_1_135' title='bbox 511 1008 602 1035; x_wconf 89' lang='lat' dir='ltr'><strong>suavis</strong></span> <span class='ocrx_word' id='word_1_136' title='bbox 623 1008 686 1035; x_wconf 82' lang='lat' dir='ltr'><strong>item</strong></span> <span class='ocrx_word' id='word_1_137' title='bbox 708 1008 776 1036; x_wconf 90' lang='lat' dir='ltr'><strong>odor</strong></span> <span class='ocrx_word' id='word_1_138' title='bbox 791 1016 843 1036; x_wconf 92' lang='lat' dir='ltr'><strong>non</strong></span> <span class='ocrx_word' id='word_1_139' title='bbox 862 1016 972 1044; x_wconf 86' lang='lat' dir='ltr'><strong>progre-</strong></span> 
     </span>
    </p>
   </div>
   <div class='ocr_carea' id='block_1_24' title="bbox 183 1053 969 1087">
    <p class='ocr_par' dir='ltr' id='par_1_24' title="bbox 183 1053 969 1087">
     <span class='ocr_line' id='line_1_24' title="bbox 183 1053 969 1087; baseline 0.004 -8"><span class='ocrx_word' id='word_1_140' title='bbox 183 1053 257 1080; x_wconf 88' lang='lat' dir='ltr'><strong>ditur</strong></span> <span class='ocrx_word' id='word_1_141' title='bbox 271 1060 286 1079; x_wconf 90' lang='lat' dir='ltr'><strong>a</strong></span> <span class='ocrx_word' id='word_1_142' title='bbox 302 1057 435 1085; x_wconf 87' lang='lat' dir='ltr'><strong>stercore,</strong></span> <span class='ocrx_word' id='word_1_143' title='bbox 451 1061 501 1081; x_wconf 92' lang='lat' dir='ltr'><strong>nec</strong></span> <span class='ocrx_word' id='word_1_144' title='bbox 517 1055 551 1081; x_wconf 89' lang='lat' dir='ltr'><strong>ab</strong></span> <span class='ocrx_word' id='word_1_145' title='bbox 564 1054 653 1082; x_wconf 90' lang='lat' dir='ltr'><strong>uicere</strong></span> <span class='ocrx_word' id='word_1_146' title='bbox 667 1054 727 1082; x_wconf 87' lang='lat' dir='ltr'><strong>aliis</strong></span> <span class='ocrx_word' id='word_1_147' title='bbox 740 1054 845 1082; x_wconf 86' lang='lat' dir='ltr'><strong>accedit</strong></span> <span class='ocrx_word' id='word_1_148' title='bbox 856 1055 969 1087; x_wconf 85' lang='lat' dir='ltr'><strong>sanitas,</strong></span> 
     </span>
    </p>
   </div>
   <div class='ocr_carea' id='block_1_25' title="bbox 181 1098 970 1135">
    <p class='ocr_par' dir='ltr' id='par_1_25' title="bbox 181 1098 970 1135">
     <span class='ocr_line' id='line_1_25' title="bbox 181 1098 970 1135; baseline 0.004 -10"><span class='ocrx_word' id='word_1_149' title='bbox 181 1105 233 1126; x_wconf 89' lang='lat' dir='ltr'><strong>nee</strong></span> <span class='ocrx_word' id='word_1_150' title='bbox 247 1098 314 1126; x_wconf 87' lang='lat' dir='ltr'><strong>alius</strong></span> <span class='ocrx_word' id='word_1_151' title='bbox 330 1104 441 1126; x_wconf 89' lang='lat' dir='ltr'><strong>curatur</strong></span> <span class='ocrx_word' id='word_1_152' title='bbox 453 1107 466 1126; x_wconf 87' lang='lat' dir='ltr'><strong>a</strong></span> <span class='ocrx_word' id='word_1_153' title='bbox 483 1100 605 1132; x_wconf 85' lang='lat' dir='ltr'><strong>vulnere,</strong></span> <span class='ocrx_word' id='word_1_154' title='bbox 621 1107 670 1127; x_wconf 87' lang='lat' dir='ltr'><strong>nec</strong></span> <span class='ocrx_word' id='word_1_155' title='bbox 685 1107 700 1128; x_wconf 88' lang='lat' dir='ltr'><strong>a</strong></span> <span class='ocrx_word' id='word_1_156' title='bbox 715 1100 829 1135; x_wconf 88' lang='lat' dir='ltr'><strong>putridis</strong></span> <span class='ocrx_word' id='word_1_157' title='bbox 843 1101 970 1128; x_wconf 87' lang='lat' dir='ltr'><strong>membris</strong></span> 
     </span>
    </p>
   </div>
   <div class='ocr_carea' id='block_1_26' title="bbox 181 1144 970 1181">
    <p class='ocr_par' dir='ltr' id='par_1_26' title="bbox 181 1144 970 1181">
     <span class='ocr_line' id='line_1_26' title="bbox 181 1144 970 1181; baseline 0.005 -11"><span class='ocrx_word' id='word_1_158' title='bbox 181 1151 281 1178; x_wconf 90' lang='lat' dir='ltr'><strong>corpus</strong></span> <span class='ocrx_word' id='word_1_159' title='bbox 295 1144 366 1172; x_wconf 89' lang='lat' dir='ltr'><strong>aliud</strong></span> <span class='ocrx_word' id='word_1_160' title='bbox 383 1152 478 1172; x_wconf 84' lang='lat' dir='ltr'><strong>sanum</strong></span> <span class='ocrx_word' id='word_1_161' title='bbox 491 1145 636 1178; x_wconf 79' lang='lat' dir='ltr'><strong>eﬂicietnr;</strong></span> <span class='ocrx_word' id='word_1_162' title='bbox 653 1153 739 1181; x_wconf 85' lang='lat' dir='ltr'><strong>neque</strong></span> <span class='ocrx_word' id='word_1_163' title='bbox 752 1146 848 1174; x_wconf 62' lang='lat' dir='ltr'><strong>haeresi</strong></span> <span class='ocrx_word' id='word_1_164' title='bbox 863 1154 894 1174; x_wconf 90' lang='lat' dir='ltr'><strong>ac</strong></span> <span class='ocrx_word' id='word_1_165' title='bbox 910 1146 970 1174; x_wconf 82' lang='lat' dir='ltr'><strong>inﬁ-</strong></span> 
     </span>
    </p>
   </div>
   <div class='ocr_carea' id='block_1_27' title="bbox 181 1190 969 1228">
    <p class='ocr_par' dir='ltr' id='par_1_27' title="bbox 181 1190 969 1228">
     <span class='ocr_line' id='line_1_27' title="bbox 181 1190 969 1228; baseline 0.005 -12"><span class='ocrx_word' id='word_1_166' title='bbox 181 1190 294 1218; x_wconf 88' lang='lat' dir='ltr'><strong>delitate</strong></span> <span class='ocrx_word' id='word_1_167' title='bbox 316 1191 550 1218; x_wconf 89' lang='lat' dir='ltr'><strong>consummabitur</strong></span> <span class='ocrx_word' id='word_1_168' title='bbox 571 1192 695 1226; x_wconf 87' lang='lat' dir='ltr'><strong>spiritale</strong></span> <span class='ocrx_word' id='word_1_169' title='bbox 717 1199 785 1226; x_wconf 90' lang='lat' dir='ltr'><strong>opus</strong></span> <span class='ocrx_word' id='word_1_170' title='bbox 801 1201 808 1219; x_wconf 84' lang='lat'><strong>:</strong></span> <span class='ocrx_word' id='word_1_171' title='bbox 823 1200 873 1220; x_wconf 88' lang='lat' dir='ltr'><strong>nec</strong></span> <span class='ocrx_word' id='word_1_172' title='bbox 897 1193 969 1228; x_wconf 89' lang='lat' dir='ltr'><strong>quod</strong></span> 
     </span>
    </p>
   </div>
   <div class='ocr_carea' id='block_1_28' title="bbox 180 1237 968 1273">
    <p class='ocr_par' dir='ltr' id='par_1_28' title="bbox 180 1237 968 1273">
     <span class='ocr_line' id='line_1_28' title="bbox 180 1237 968 1273; baseline 0.004 -10"><span class='ocrx_word' id='word_1_173' title='bbox 180 1241 303 1264; x_wconf 84' lang='lat' dir='ltr'><strong>errantes</strong></span> <span class='ocrx_word' id='word_1_174' title='bbox 317 1245 350 1265; x_wconf 91' lang='lat' dir='ltr'><strong>ac</strong></span> <span class='ocrx_word' id='word_1_175' title='bbox 363 1237 436 1272; x_wconf 89' lang='lat' dir='ltr'><strong>impii</strong></span> <span class='ocrx_word' id='word_1_176' title='bbox 457 1238 590 1272; x_wconf 88' lang='lat' dir='ltr'><strong>baptisma</strong></span> <span class='ocrx_word' id='word_1_177' title='bbox 610 1239 767 1270; x_wconf 88' lang='lat' dir='ltr'><strong>conlieittnt,</strong></span> <span class='ocrx_word' id='word_1_178' title='bbox 781 1243 823 1266; x_wconf 87' lang='lat' dir='ltr'><strong>est</strong></span> <span class='ocrx_word' id='word_1_179' title='bbox 844 1244 968 1273; x_wconf 87' lang='lat' dir='ltr'><strong>accepta-</strong></span> 
     </span>
    </p>
   </div>
   <div class='ocr_carea' id='block_1_29' title="bbox 179 1281 970 1318">
    <p class='ocr_par' dir='ltr' id='par_1_29' title="bbox 179 1281 970 1318">
     <span class='ocr_line' id='line_1_29' title="bbox 179 1281 970 1318; baseline 0.001 -9"><span class='ocrx_word' id='word_1_180' title='bbox 179 1281 244 1314; x_wconf 87' lang='lat' dir='ltr'><strong>bile,</strong></span> <span class='ocrx_word' id='word_1_181' title='bbox 257 1282 483 1318; x_wconf 86' lang='lat' dir='ltr'><strong>quemadmodum</strong></span> <span class='ocrx_word' id='word_1_182' title='bbox 499 1284 537 1310; x_wconf 91' lang='lat' dir='ltr'><strong>ait</strong></span> <span class='ocrx_word' id='word_1_183' title='bbox 553 1283 684 1311; x_wconf 89' lang='lat' dir='ltr'><strong>Dominus</strong></span> <span class='ocrx_word' id='word_1_184' title='bbox 698 1293 705 1312; x_wconf 87' lang='lat'><strong>:</strong></span> <span class='ocrx_word' id='word_1_185' title='bbox 721 1283 781 1310; x_wconf 90' lang='lat' dir='ltr'><strong>Non</strong></span> <span class='ocrx_word' id='word_1_186' title='bbox 804 1284 872 1311; x_wconf 86' lang='lat' dir='ltr'><strong>enim</strong></span> <span class='ocrx_word' id='word_1_187' title='bbox 894 1284 970 1310; x_wconf 83' lang='lat' dir='ltr'><strong>colli-</strong></span> 
     </span>
    </p>
   </div>
   <div class='ocr_carea' id='block_1_30' title="bbox 179 1326 969 1364">
    <p class='ocr_par' dir='ltr' id='par_1_30' title="bbox 179 1326 969 1364">
     <span class='ocr_line' id='line_1_30' title="bbox 179 1326 969 1364; baseline 0.005 -12"><span class='ocrx_word' id='word_1_188' title='bbox 179 1330 245 1360; x_wconf 73' lang='lat' dir='ltr'><strong>gunt</strong></span> <span class='ocrx_word' id='word_1_189' title='bbox 258 1326 290 1354; x_wconf 76' lang='lat' dir='ltr'><strong>de</strong></span> <span class='ocrx_word' id='word_1_190' title='bbox 306 1328 389 1362; x_wconf 73' lang='lat' dir='ltr'><strong>spinis</strong></span> <span class='ocrx_word' id='word_1_191' title='bbox 410 1336 485 1361; x_wconf 72' lang='lat' dir='ltr'><strong>uvas,</strong></span> <span class='ocrx_word' id='word_1_192' title='bbox 498 1336 543 1355; x_wconf 84' lang='lat' dir='ltr'><strong>nec</strong></span> <span class='ocrx_word' id='word_1_193' title='bbox 558 1329 590 1355; x_wconf 75' lang='lat' dir='ltr'><strong>de</strong></span> <span class='ocrx_word' id='word_1_194' title='bbox 604 1329 708 1357; x_wconf 76' lang='lat' dir='ltr'><strong>tribulis</strong></span> <span class='ocrx_word' id='word_1_195' title='bbox 726 1329 791 1364; x_wconf 75' lang='lat' dir='ltr'><strong>ﬁcus</strong></span> <span class='ocrx_word' id='word_1_196' title='bbox 804 1329 838 1356; x_wconf 83' lang='grc'><strong>⁸⁷.</strong></span> <span class='ocrx_word' id='word_1_197' title='bbox 853 1329 969 1357; x_wconf 90' lang='lat' dir='ltr'><strong>Proinde</strong></span> 
     </span>
    </p>
   </div>
   <div class='ocr_carea' id='block_1_31' title="bbox 180 1373 967 1408">
    <p class='ocr_par' dir='ltr' id='par_1_31' title="bbox 180 1373 967 1408">
     <span class='ocr_line' id='line_1_31' title="bbox 180 1373 967 1408; baseline 0.004 -10"><span class='ocrx_word' id='word_1_198' title='bbox 180 1379 242 1399; x_wconf 88' lang='lat' dir='ltr'><strong>cum</strong></span> <span class='ocrx_word' id='word_1_199' title='bbox 257 1380 351 1400; x_wconf 87' lang='lat' dir='ltr'><strong>eorum</strong></span> <span class='ocrx_word' id='word_1_200' title='bbox 368 1373 514 1408; x_wconf 86' lang='lat' dir='ltr'><strong>baptisma,</strong></span> <span class='ocrx_word' id='word_1_201' title='bbox 532 1379 587 1402; x_wconf 90' lang='lat' dir='ltr'><strong>tum</strong></span> <span class='ocrx_word' id='word_1_202' title='bbox 605 1375 751 1402; x_wconf 90' lang='lat' dir='ltr'><strong>universim</strong></span> <span class='ocrx_word' id='word_1_203' title='bbox 767 1382 843 1403; x_wconf 86' lang='lat' dir='ltr'><strong>sacra</strong></span> <span class='ocrx_word' id='word_1_204' title='bbox 866 1376 967 1407; x_wconf 81' lang='lat' dir='ltr'><strong>omnia,</strong></span> 
     </span>
    </p>
   </div>
   <div class='ocr_carea' id='block_1_32' title="bbox 179 1419 967 1455">
    <p class='ocr_par' dir='ltr' id='par_1_32' title="bbox 179 1419 967 1455">
     <span class='ocr_line' id='line_1_32' title="bbox 179 1419 967 1455; baseline 0.003 -10"><span class='ocrx_word' id='word_1_205' title='bbox 179 1420 324 1453; x_wconf 84' lang='lat' dir='ltr'><strong>perspicue</strong></span> <span class='ocrx_word' id='word_1_206' title='bbox 339 1419 453 1454; x_wconf 89' lang='lat' dir='ltr'><strong>reproba</strong></span> <span class='ocrx_word' id='word_1_207' title='bbox 466 1424 530 1447; x_wconf 85' lang='lat' dir='ltr'><strong>sunt</strong></span> <span class='ocrx_word' id='word_1_208' title='bbox 544 1425 625 1455; x_wconf 87' lang='lat' dir='ltr'><strong>atque</strong></span> <span class='ocrx_word' id='word_1_209' title='bbox 637 1420 723 1453; x_wconf 86' lang='lat' dir='ltr'><strong>irrita.</strong></span> <span class='ocrx_word' id='word_1_210' title='bbox 737 1420 866 1455; x_wconf 87' lang='lat' dir='ltr'><strong>quidquid</strong></span> <span class='ocrx_word' id='word_1_211' title='bbox 882 1421 967 1454; x_wconf 89' lang='lat' dir='ltr'><strong>stulti,</strong></span> 
     </span>
    </p>
   </div>
   <div class='ocr_carea' id='block_1_33' title="bbox 180 1466 967 1502">
    <p class='ocr_par' dir='ltr' id='par_1_33' title="bbox 180 1466 967 1502">
     <span class='ocr_line' id='line_1_33' title="bbox 180 1466 967 1502; baseline 0.003 -10"><span class='ocrx_word' id='word_1_212' title='bbox 180 1473 213 1493; x_wconf 87' lang='lat' dir='ltr'><strong>ac</strong></span> <span class='ocrx_word' id='word_1_213' title='bbox 230 1466 456 1501; x_wconf 80' lang='lat' dir='ltr'><strong>insipientissimi,</strong></span> <span class='ocrx_word' id='word_1_214' title='bbox 474 1467 715 1502; x_wconf 85' lang='lat' dir='ltr'><strong>inconstantesque</strong></span> <span class='ocrx_word' id='word_1_215' title='bbox 736 1467 804 1494; x_wconf 86' lang='lat' dir='ltr'><strong>i&#39;nlso</strong></span> <span class='ocrx_word' id='word_1_216' title='bbox 818 1467 967 1495; x_wconf 86' lang='lat' dir='ltr'><strong>existimati</strong></span> 
     </span>
    </p>
   </div>
   <div class='ocr_carea' id='block_1_34' title="bbox 1026 224 1822 262">
    <p class='ocr_par' dir='ltr' id='par_1_34' title="bbox 1026 224 1822 262">
     <span class='ocr_line' id='line_1_34' title="bbox 1026 224 1822 262; baseline 0.006 -13"><span class='ocrx_word' id='word_1_217' title='bbox 1026 224 1126 259; x_wconf 82' lang='grc' dir='ltr'>θέσθω,</span> <span class='ocrx_word' id='word_1_218' title='bbox 1142 226 1238 260; x_wconf 72' lang='grc' dir='ltr'>φησιν,</span> <span class='ocrx_word' id='word_1_219' title='bbox 1247 226 1344 259; x_wconf 75' lang='grc' dir='ltr'>ὅντως,</span> <span class='ocrx_word' id='word_1_220' title='bbox 1358 227 1634 262; x_wconf 74' lang='grc' dir='ltr'>ἀναθεματιζόμενος</span> <span class='ocrx_word' id='word_1_221' title='bbox 1647 227 1691 262; x_wconf 78' lang='grc' dir='ltr'>τῷ</span> <span class='ocrx_word' id='word_1_222' title='bbox 1701 227 1822 261; x_wconf 66' lang='grc' dir='ltr'>διαϐόλῳ*</span> 
     </span>
    </p>
   </div>
   <div class='ocr_carea' id='block_1_35' title="bbox 1027 271 1824 308">
    <p class='ocr_par' dir='ltr' id='par_1_35' title="bbox 1027 271 1824 308">
     <span class='ocr_line' id='line_1_35' title="bbox 1027 271 1824 308; baseline 0.003 -11"><span class='ocrx_word' id='word_1_223' title='bbox 1027 271 1125 306; x_wconf 80' lang='grc' dir='ltr'><strong>μηκέτι</strong></span> <span class='ocrx_word' id='word_1_224' title='bbox 1148 271 1240 307; x_wconf 84' lang='grc' dir='ltr'>χώραν</span> <span class='ocrx_word' id='word_1_225' title='bbox 1264 273 1402 308; x_wconf 75' lang='grc' dir='ltr'><strong>σωτηρίας</strong></span> <span class='ocrx_word' id='word_1_226' title='bbox 1416 273 1520 307; x_wconf 74' lang='grc' dir='ltr'>ἔχέτω’</span> <span class='ocrx_word' id='word_1_227' title='bbox 1540 272 1675 307; x_wconf 79' lang='grc' dir='ltr'><strong>γενέσθω</strong></span> <span class='ocrx_word' id='word_1_228' title='bbox 1697 273 1726 299; x_wconf 84' lang='grc' dir='ltr'>δὲ</span> <span class='ocrx_word' id='word_1_229' title='bbox 1748 273 1824 300; x_wconf 58' lang='grc' dir='ltr'>ἀλλό-</span> 
     </span>
    </p>
   </div>
   <div class='ocr_carea' id='block_1_36' title="bbox 1024 316 1369 353">
    <p class='ocr_par' dir='ltr' id='par_1_36' title="bbox 1024 316 1369 353">
     <span class='ocr_line' id='line_1_36' title="bbox 1024 316 1369 353; baseline 0.006 -11"><span class='ocrx_word' id='word_1_230' title='bbox 1024 325 1100 351; x_wconf 81' lang='grc' dir='ltr'>τριος</span> <span class='ocrx_word' id='word_1_231' title='bbox 1113 316 1168 343; x_wconf 78' lang='grc' dir='ltr'>ἀπὸ</span> <span class='ocrx_word' id='word_1_232' title='bbox 1180 317 1227 344; x_wconf 82' lang='grc' dir='ltr'>τοῦ</span> <span class='ocrx_word' id='word_1_233' title='bbox 1240 318 1369 353; x_wconf 81' lang='grc' dir='ltr'>Χριστοῦ.</span> 
     </span>
    </p>
   </div>
   <div class='ocr_carea' id='block_1_37' title="bbox 1059 362 1825 398">
    <p class='ocr_par' dir='ltr' id='par_1_37' title="bbox 1059 362 1825 398">
     <span class='ocr_line' id='line_1_37' title="bbox 1059 362 1825 398; baseline 0.001 -9"><span class='ocrx_word' id='word_1_234' title='bbox 1059 362 1111 390; x_wconf 85' lang='lat' dir='ltr'><strong>IE&#39;.</strong></span> <span class='ocrx_word' id='word_1_235' title='bbox 1133 364 1164 389; x_wconf 87' lang='grc' dir='ltr'>Εί</span> <span class='ocrx_word' id='word_1_236' title='bbox 1179 363 1225 390; x_wconf 79' lang='grc' dir='ltr'>οὖν</span> <span class='ocrx_word' id='word_1_237' title='bbox 1245 363 1364 391; x_wconf 81' lang='grc' dir='ltr'>τοσαῦτα</span> <span class='ocrx_word' id='word_1_238' title='bbox 1380 364 1434 390; x_wconf 76' lang='grc' dir='ltr'>ὑπὸ</span> <span class='ocrx_word' id='word_1_239' title='bbox 1449 364 1560 391; x_wconf 83' lang='grc' dir='ltr'>πάντων</span> <span class='ocrx_word' id='word_1_240' title='bbox 1579 364 1640 390; x_wconf 85' lang='grc' dir='ltr'><strong>τῶν</strong></span> <span class='ocrx_word' id='word_1_241' title='bbox 1659 364 1715 398; x_wconf 77' lang='grc' dir='ltr'><strong>τῆς</strong></span> <span class='ocrx_word' id='word_1_242' title='bbox 1736 364 1825 390; x_wconf 67' lang='grc' dir='ltr'>οἰκου-</span> 
     </span>
    </p>
   </div>
   <div class='ocr_carea' id='block_1_38' title="bbox 1026 409 1824 446">
    <p class='ocr_par' dir='ltr' id='par_1_38' title="bbox 1026 409 1824 446">
     <span class='ocr_line' id='line_1_38' title="bbox 1026 409 1824 446; baseline 0 -10"><span class='ocrx_word' id='word_1_243' title='bbox 1026 409 1111 445; x_wconf 81' lang='grc' dir='ltr'>μένης</span> <span class='ocrx_word' id='word_1_244' title='bbox 1127 410 1280 445; x_wconf 82' lang='grc' dir='ltr'>ἀρχιερέων</span> <span class='ocrx_word' id='word_1_245' title='bbox 1293 410 1558 446; x_wconf 79' lang='grc' dir='ltr'>ἀνεθεματίσθησαν,</span> <span class='ocrx_word' id='word_1_246' title='bbox 1574 410 1689 437; x_wconf 76' lang='grc' dir='ltr'>καὶτοῦ</span> <span class='ocrx_word' id='word_1_247' title='bbox 1704 411 1824 446; x_wconf 79' lang='grc' dir='ltr'>Χριστοῦ</span> 
     </span>
    </p>
   </div>
   <div class='ocr_carea' id='block_1_39' title="bbox 1024 456 1826 494">
    <p class='ocr_par' dir='ltr' id='par_1_39' title="bbox 1024 456 1826 494">
     <span class='ocr_line' id='line_1_39' title="bbox 1024 456 1826 494; baseline 0.001 -12"><span class='ocrx_word' id='word_1_248' title='bbox 1024 456 1264 491; x_wconf 72' lang='grc' dir='ltr'><strong>ἀλλοτριωθέντες,</strong></span> <span class='ocrx_word' id='word_1_249' title='bbox 1282 458 1320 493; x_wconf 85' lang='grc' dir='ltr'>τῷ</span> <span class='ocrx_word' id='word_1_250' title='bbox 1337 457 1455 494; x_wconf 81' lang='grc' dir='ltr'>διαϐόλῳ</span> <span class='ocrx_word' id='word_1_251' title='bbox 1474 459 1690 494; x_wconf 74' lang='grc' dir='ltr'><strong>παρεδόθησαν,</strong></span> <span class='ocrx_word' id='word_1_252' title='bbox 1708 459 1757 484; x_wconf 77' lang='grc' dir='ltr'>καὶ</span> <span class='ocrx_word' id='word_1_253' title='bbox 1775 458 1826 488; x_wconf 76' lang='grc' dir='ltr'>ἕως</span> 
     </span>
    </p>
   </div>
   <div class='ocr_carea' id='block_1_40' title="bbox 1024 502 1827 540">
    <p class='ocr_par' dir='ltr' id='par_1_40' title="bbox 1024 502 1827 540">
     <span class='ocr_line' id='line_1_40' title="bbox 1024 502 1827 540; baseline 0.001 -12"><span class='ocrx_word' id='word_1_254' title='bbox 1024 502 1074 537; x_wconf 83' lang='grc' dir='ltr'>τῆς</span> <span class='ocrx_word' id='word_1_255' title='bbox 1095 503 1251 540; x_wconf 79' lang='grc' dir='ltr'>συντελείας</span> <span class='ocrx_word' id='word_1_256' title='bbox 1270 504 1319 530; x_wconf 79' lang='grc' dir='ltr'>τοῦ</span> <span class='ocrx_word' id='word_1_257' title='bbox 1343 505 1441 536; x_wconf 84' lang='grc' dir='ltr'>αἰῶνος</span> <span class='ocrx_word' id='word_1_258' title='bbox 1457 504 1510 531; x_wconf 77' lang='grc' dir='ltr'><strong>ὑπὸ</strong></span> <span class='ocrx_word' id='word_1_259' title='bbox 1532 505 1652 532; x_wconf 76' lang='grc' dir='ltr'>πάντων</span> <span class='ocrx_word' id='word_1_260' title='bbox 1677 504 1736 531; x_wconf 85' lang='grc' dir='ltr'>τῶν</span> <span class='ocrx_word' id='word_1_261' title='bbox 1751 505 1827 539; x_wconf 54' lang='grc' dir='ltr'>λΧρι-</span> 
     </span>
    </p>
   </div>
   <div class='ocr_carea' id='block_1_41' title="bbox 1026 549 1826 586">
    <p class='ocr_par' dir='ltr' id='par_1_41' title="bbox 1026 549 1826 586">
     <span class='ocr_line' id='line_1_41' title="bbox 1026 549 1826 586; baseline 0 -10"><span class='ocrx_word' id='word_1_262' title='bbox 1026 549 1144 577; x_wconf 86' lang='grc' dir='ltr'>στιανῶν</span> <span class='ocrx_word' id='word_1_263' title='bbox 1157 549 1416 586; x_wconf 75' lang='grc' dir='ltr'>Ιάναοεματίζονται</span> <span class='ocrx_word' id='word_1_264' title='bbox 1434 559 1443 568; x_wconf 82' lang='lat'>&#39;</span> <span class='ocrx_word' id='word_1_265' title='bbox 1456 551 1515 584; x_wconf 76' lang='grc' dir='ltr'><strong>πῶς</strong></span> <span class='ocrx_word' id='word_1_266' title='bbox 1540 552 1627 578; x_wconf 72' lang='grc' dir='ltr'>πάλιν</span> <span class='ocrx_word' id='word_1_267' title='bbox 1647 551 1690 583; x_wconf 86' lang='grc' dir='ltr'><strong>ὡς</strong></span> <span class='ocrx_word' id='word_1_268' title='bbox 1712 551 1826 585; x_wconf 61' lang='lat' dir='ltr'><strong>(Da-ﬁsi;</strong></span> 
     </span>
    </p>
   </div>
   <div class='ocr_carea' id='block_1_42' title="bbox 1024 587 1826 632">
    <p class='ocr_par' dir='ltr' id='par_1_42' title="bbox 1024 587 1826 632">
     <span class='ocr_line' id='line_1_42' title="bbox 1024 587 1826 632; baseline 0.002 -12"><span class='ocrx_word' id='word_1_269' title='bbox 1024 594 1181 629; x_wconf 75' lang='grc' dir='ltr'><strong>Χριστιανοὶ</strong></span> <span class='ocrx_word' id='word_1_270' title='bbox 1206 595 1258 622; x_wconf 76' lang='grc' dir='ltr'>ὑπὸ</span> <span class='ocrx_word' id='word_1_271' title='bbox 1273 596 1327 622; x_wconf 83' lang='grc' dir='ltr'><strong>τῶν</strong></span> <span class='ocrx_word' id='word_1_272' title='bbox 1347 596 1451 624; x_wconf 80' lang='grc' dir='ltr'><strong>πιστῶν</strong></span> <span class='ocrx_word' id='word_1_273' title='bbox 1469 596 1633 632; x_wconf 78' lang='grc' dir='ltr'>λογισθῆναι</span> <span class='ocrx_word' id='word_1_274' title='bbox 1659 587 1826 631; x_wconf 38' lang='lat'><strong>635.0932;-</strong></span> 
     </span>
    </p>
   </div>
   <div class='ocr_carea' id='block_1_43' title="bbox 1025 638 1825 676">
    <p class='ocr_par' dir='ltr' id='par_1_43' title="bbox 1025 638 1825 676">
     <span class='ocr_line' id='line_1_43' title="bbox 1025 638 1825 676; baseline -0.003 -10"><span class='ocrx_word' id='word_1_275' title='bbox 1025 638 1086 670; x_wconf 82' lang='grc' dir='ltr'>Πῶς</span> <span class='ocrx_word' id='word_1_276' title='bbox 1101 639 1131 666; x_wconf 79' lang='grc' dir='ltr'>δὲ</span> <span class='ocrx_word' id='word_1_277' title='bbox 1156 640 1204 666; x_wconf 70' lang='grc' dir='ltr'>καὶ</span> <span class='ocrx_word' id='word_1_278' title='bbox 1226 641 1249 666; x_wconf 80' lang='grc' dir='ltr'>οε</span> <span class='ocrx_word' id='word_1_279' title='bbox 1265 640 1455 676; x_wconf 77' lang='grc' dir='ltr'><strong>ψευδόχριστοι</strong></span> <span class='ocrx_word' id='word_1_280' title='bbox 1469 640 1517 667; x_wconf 78' lang='grc' dir='ltr'>καὶ</span> <span class='ocrx_word' id='word_1_281' title='bbox 1535 641 1561 667; x_wconf 82' lang='grc' dir='ltr'>οἱ</span> <span class='ocrx_word' id='word_1_282' title='bbox 1578 639 1825 674; x_wconf 72' lang='grc' dir='ltr'>ψιυδοορθόὂοξοι,</span> 
     </span>
    </p>
   </div>
   <div class='ocr_carea' id='block_1_44' title="bbox 1024 685 1826 721">
    <p class='ocr_par' dir='ltr' id='par_1_44' title="bbox 1024 685 1826 721">
     <span class='ocr_line' id='line_1_44' title="bbox 1024 685 1826 721; baseline 0.001 -10"><span class='ocrx_word' id='word_1_283' title='bbox 1024 685 1054 712; x_wconf 78' lang='grc' dir='ltr'><strong>τὸ</strong></span> <span class='ocrx_word' id='word_1_284' title='bbox 1063 685 1160 721; x_wconf 82' lang='grc' dir='ltr'>μιαρὸν</span> <span class='ocrx_word' id='word_1_285' title='bbox 1172 686 1324 721; x_wconf 81' lang='grc' dir='ltr'><strong>βάπτισμα,</strong></span> <span class='ocrx_word' id='word_1_286' title='bbox 1339 687 1386 714; x_wconf 81' lang='grc' dir='ltr'>καὶ</span> <span class='ocrx_word' id='word_1_287' title='bbox 1401 687 1452 718; x_wconf 83' lang='grc' dir='ltr'><strong>τὰς</strong></span> <span class='ocrx_word' id='word_1_288' title='bbox 1468 687 1581 717; x_wconf 74' lang='grc' dir='ltr'>τελετὰς</span> <span class='ocrx_word' id='word_1_289' title='bbox 1597 686 1698 713; x_wconf 73' lang='grc' dir='ltr'>αὐτῶν</span> <span class='ocrx_word' id='word_1_290' title='bbox 1708 686 1749 717; x_wconf 75' lang='grc' dir='ltr'>ὡς</span> <span class='ocrx_word' id='word_1_291' title='bbox 1758 685 1826 720; x_wconf 77' lang='grc' dir='ltr'><strong>ἁλη-</strong></span> 
     </span>
    </p>
   </div>
   <div class='ocr_carea' id='block_1_45' title="bbox 1025 730 1824 768">
    <p class='ocr_par' dir='ltr' id='par_1_45' title="bbox 1025 730 1824 768">
     <span class='ocr_line' id='line_1_45' title="bbox 1025 730 1824 768; baseline -0.001 -10"><span class='ocrx_word' id='word_1_292' title='bbox 1025 731 1059 766; x_wconf 81' lang='grc' dir='ltr'><strong>θῆ</strong></span> <span class='ocrx_word' id='word_1_293' title='bbox 1079 732 1127 758; x_wconf 78' lang='grc' dir='ltr'>καὶ</span> <span class='ocrx_word' id='word_1_294' title='bbox 1149 732 1245 768; x_wconf 79' lang='grc' dir='ltr'>βέϐαια</span> <span class='ocrx_word' id='word_1_295' title='bbox 1270 730 1338 760; x_wconf 78' lang='grc' dir='ltr'>εἶναι</span> <span class='ocrx_word' id='word_1_296' title='bbox 1356 733 1523 768; x_wconf 75' lang='grc' dir='ltr'>λογίζονταις</span> <span class='ocrx_word' id='word_1_297' title='bbox 1547 733 1580 760; x_wconf 73' lang='lat' dir='ltr'><strong>Et</strong></span> <span class='ocrx_word' id='word_1_298' title='bbox 1605 733 1659 760; x_wconf 75' lang='grc' dir='ltr'>οὖν</span> <span class='ocrx_word' id='word_1_299' title='bbox 1688 732 1824 768; x_wconf 72' lang='grc' dir='ltr'>μυριάκις</span> 
     </span>
    </p>
   </div>
   <div class='ocr_carea' id='block_1_46' title="bbox 1024 777 1827 815">
    <p class='ocr_par' dir='ltr' id='par_1_46' title="bbox 1024 777 1827 815">
     <span class='ocr_line' id='line_1_46' title="bbox 1024 777 1827 815; baseline -0.001 -11"><span class='ocrx_word' id='word_1_300' title='bbox 1024 777 1288 813; x_wconf 81' lang='grc' dir='ltr'>ἀναθεματισοέντες</span> <span class='ocrx_word' id='word_1_301' title='bbox 1299 799 1306 811; x_wconf 91' lang='grc'><strong>,</strong></span> <span class='ocrx_word' id='word_1_302' title='bbox 1322 779 1361 814; x_wconf 86' lang='grc' dir='ltr'>τῷ</span> <span class='ocrx_word' id='word_1_303' title='bbox 1375 779 1492 815; x_wconf 83' lang='grc' dir='ltr'>διαϐόλῳ</span> <span class='ocrx_word' id='word_1_304' title='bbox 1506 779 1715 814; x_wconf 76' lang='grc' dir='ltr'><strong>παρεδόθησαν</strong></span> <span class='ocrx_word' id='word_1_305' title='bbox 1736 787 1746 794; x_wconf 90' lang='grc'><strong>·</strong></span> <span class='ocrx_word' id='word_1_306' title='bbox 1770 778 1827 809; x_wconf 73' lang='grc' dir='ltr'>πῶς</span> 
     </span>
    </p>
   </div>
   <div class='ocr_carea' id='block_1_47' title="bbox 1024 823 1819 862">
    <p class='ocr_par' dir='ltr' id='par_1_47' title="bbox 1024 823 1819 862">
     <span class='ocr_line' id='line_1_47' title="bbox 1024 823 1819 862; baseline 0 -12"><span class='ocrx_word' id='word_1_307' title='bbox 1024 823 1079 850; x_wconf 72' lang='grc' dir='ltr'><strong>ἀπὸ</strong></span> <span class='ocrx_word' id='word_1_308' title='bbox 1091 824 1273 859; x_wconf 78' lang='grc' dir='ltr'>ἀναθέματος,</span> <span class='ocrx_word' id='word_1_309' title='bbox 1295 826 1343 852; x_wconf 63' lang='grc' dir='ltr'>καὶ</span> <span class='ocrx_word' id='word_1_310' title='bbox 1360 825 1486 862; x_wconf 79' lang='grc' dir='ltr'>κατάρας</span> <span class='ocrx_word' id='word_1_311' title='bbox 1505 825 1622 860; x_wconf 81' lang='grc' dir='ltr'>εὐλογία</span> <span class='ocrx_word' id='word_1_312' title='bbox 1641 825 1797 861; x_wconf 69' lang='grc' dir='ltr'>ἐξέρχεται</span> <span class='ocrx_word' id='word_1_313' title='bbox 1811 845 1819 856; x_wconf 86' lang='grc'><strong>,</strong></span> 
     </span>
    </p>
   </div>
   <div class='ocr_carea' id='block_1_48' title="bbox 988 853 1826 905">
    <p class='ocr_par' dir='ltr' id='par_1_48' title="bbox 988 853 1826 905">
     <span class='ocr_line' id='line_1_48' title="bbox 988 853 1826 905; baseline 0.001 -11"><span class='ocrx_word' id='word_1_314' title='bbox 988 853 1009 880; x_wconf 73' lang='grc' dir='ltr'><strong><em>Β</em></strong></span> <span class='ocrx_word' id='word_1_315' title='bbox 1023 867 1039 904; x_wconf 77' lang='grc' dir='ltr'>ἢ</span> <span class='ocrx_word' id='word_1_316' title='bbox 1055 868 1116 901; x_wconf 85' lang='grc' dir='ltr'><strong>πῶς</strong></span> <span class='ocrx_word' id='word_1_317' title='bbox 1137 853 1191 896; x_wconf 60' lang='grc' dir='ltr'>ἀπο</span> <span class='ocrx_word' id='word_1_318' title='bbox 1214 853 1273 896; x_wconf 43' lang='grc' dir='ltr'>τού.</span> <span class='ocrx_word' id='word_1_319' title='bbox 1284 868 1422 904; x_wconf 64' lang='grc' dir='ltr'>ἅσϐόλοὺ,</span> <span class='ocrx_word' id='word_1_320' title='bbox 1435 853 1641 905; x_wconf 59' lang='grc' dir='ltr'><strong>¹’πνευματικὸν</strong></span> <span class='ocrx_word' id='word_1_321' title='bbox 1748 853 1826 903; x_wconf 70' lang='grc' dir='ltr'>ἅγιον</span> 
     </span>
    </p>
   </div>
   <div class='ocr_carea' id='block_1_49' title="bbox 1022 913 1826 952">
    <p class='ocr_par' dir='ltr' id='par_1_49' title="bbox 1022 913 1826 952">
     <span class='ocr_line' id='line_1_49' title="bbox 1022 913 1826 952; baseline 0.004 -13"><span class='ocrx_word' id='word_1_322' title='bbox 1022 913 1186 941; x_wconf 76' lang='grc' dir='ltr'><strong>ἐπιτελεῖται</strong></span> <span class='ocrx_word' id='word_1_323' title='bbox 1202 915 1304 951; x_wconf 70' lang='grc' dir='ltr'>ἐργον;</span> <span class='ocrx_word' id='word_1_324' title='bbox 1328 915 1394 942; x_wconf 78' lang='grc' dir='ltr'>Ἀπὸ</span> <span class='ocrx_word' id='word_1_325' title='bbox 1411 917 1466 952; x_wconf 86' lang='grc' dir='ltr'><strong>γὰρ</strong></span> <span class='ocrx_word' id='word_1_326' title='bbox 1489 916 1684 951; x_wconf 69' lang='grc' dir='ltr'>ἀναθεματος,</span> <span class='ocrx_word' id='word_1_327' title='bbox 1712 915 1826 949; x_wconf 64' lang='grc' dir='ltr'>εὐλογία</span> 
     </span>
    </p>
   </div>
   <div class='ocr_carea' id='block_1_50' title="bbox 1022 960 1824 998">
    <p class='ocr_par' dir='ltr' id='par_1_50' title="bbox 1022 960 1824 998">
     <span class='ocr_line' id='line_1_50' title="bbox 1022 960 1824 998; baseline 0.001 -12"><span class='ocrx_word' id='word_1_328' title='bbox 1022 960 1052 987; x_wconf 79' lang='grc' dir='ltr'>οὐ</span> <span class='ocrx_word' id='word_1_329' title='bbox 1066 960 1174 993; x_wconf 84' lang='grc' dir='ltr'>γίνεται</span> <span class='ocrx_word' id='word_1_330' title='bbox 1188 969 1195 976; x_wconf 91' lang='grc'><strong>·</strong></span> <span class='ocrx_word' id='word_1_331' title='bbox 1212 961 1261 988; x_wconf 76' lang='grc' dir='ltr'>καὶ</span> <span class='ocrx_word' id='word_1_332' title='bbox 1278 961 1333 989; x_wconf 76' lang='grc' dir='ltr'>ἀπὸ</span> <span class='ocrx_word' id='word_1_333' title='bbox 1351 961 1486 997; x_wconf 80' lang='grc' dir='ltr'>κατάρας,</span> <span class='ocrx_word' id='word_1_334' title='bbox 1503 962 1572 998; x_wconf 83' lang='grc' dir='ltr'><strong>εὐχὴ</strong></span> <span class='ocrx_word' id='word_1_335' title='bbox 1588 962 1644 988; x_wconf 75' lang='grc' dir='ltr'><strong>οὐκ</strong></span> <span class='ocrx_word' id='word_1_336' title='bbox 1660 961 1824 997; x_wconf 75' lang='grc' dir='ltr'>ἐξέρχεται·</span> 
     </span>
    </p>
   </div>
   <div class='ocr_carea' id='block_1_51' title="bbox 1022 1005 1824 1042">
    <p class='ocr_par' dir='ltr' id='par_1_51' title="bbox 1022 1005 1824 1042">
     <span class='ocr_line' id='line_1_51' title="bbox 1022 1005 1824 1042; baseline 0.001 -11"><span class='ocrx_word' id='word_1_337' title='bbox 1022 1005 1069 1032; x_wconf 80' lang='grc' dir='ltr'>καὶ</span> <span class='ocrx_word' id='word_1_338' title='bbox 1084 1005 1138 1032; x_wconf 84' lang='grc' dir='ltr'><strong>ἀπὸ</strong></span> <span class='ocrx_word' id='word_1_339' title='bbox 1154 1005 1290 1039; x_wconf 89' lang='grc' dir='ltr'>διαϐόλου,</span> <span class='ocrx_word' id='word_1_340' title='bbox 1307 1006 1427 1042; x_wconf 79' lang='grc' dir='ltr'>Χριστοῦ</span> <span class='ocrx_word' id='word_1_341' title='bbox 1444 1008 1597 1041; x_wconf 78' lang='grc' dir='ltr'>μυστήριον</span> <span class='ocrx_word' id='word_1_342' title='bbox 1611 1007 1667 1033; x_wconf 75' lang='grc' dir='ltr'>οὐκ</span> <span class='ocrx_word' id='word_1_343' title='bbox 1680 1007 1824 1033; x_wconf 76' lang='grc' dir='ltr'>ἐπιτελεῖ·</span> 
     </span>
    </p>
   </div>
   <div class='ocr_carea' id='block_1_52' title="bbox 1023 1051 1824 1088">
    <p class='ocr_par' dir='ltr' id='par_1_52' title="bbox 1023 1051 1824 1088">
     <span class='ocr_line' id='line_1_52' title="bbox 1023 1051 1824 1088; baseline 0 -11"><span class='ocrx_word' id='word_1_344' title='bbox 1023 1059 1068 1077; x_wconf 81' lang='grc' dir='ltr'><strong>ται</strong></span> <span class='ocrx_word' id='word_1_345' title='bbox 1083 1060 1089 1067; x_wconf 92' lang='grc'><strong>·</strong></span> <span class='ocrx_word' id='word_1_346' title='bbox 1105 1051 1152 1078; x_wconf 80' lang='grc' dir='ltr'>καὶ</span> <span class='ocrx_word' id='word_1_347' title='bbox 1167 1051 1221 1078; x_wconf 73' lang='grc' dir='ltr'><strong>ἀπὸ</strong></span> <span class='ocrx_word' id='word_1_348' title='bbox 1237 1052 1338 1087; x_wconf 77' lang='grc' dir='ltr'>κόπρου</span> <span class='ocrx_word' id='word_1_349' title='bbox 1353 1073 1360 1085; x_wconf 87' lang='grc'><strong>,</strong></span> <span class='ocrx_word' id='word_1_350' title='bbox 1374 1051 1474 1079; x_wconf 84' lang='grc' dir='ltr'>εὐωδία</span> <span class='ocrx_word' id='word_1_351' title='bbox 1491 1053 1543 1079; x_wconf 82' lang='grc' dir='ltr'>οὐκ</span> <span class='ocrx_word' id='word_1_352' title='bbox 1562 1053 1719 1088; x_wconf 79' lang='grc' dir='ltr'>ἐξέρχεται</span> <span class='ocrx_word' id='word_1_353' title='bbox 1733 1061 1742 1068; x_wconf 91' lang='grc'><strong>·</strong></span> <span class='ocrx_word' id='word_1_354' title='bbox 1763 1053 1824 1079; x_wconf 61' lang='grc' dir='ltr'>οὕτε</span> 
     </span>
    </p>
   </div>
   <div class='ocr_carea' id='block_1_53' title="bbox 1020 1097 1823 1134">
    <p class='ocr_par' dir='ltr' id='par_1_53' title="bbox 1020 1097 1823 1134">
     <span class='ocr_line' id='line_1_53' title="bbox 1020 1097 1823 1134; baseline 0.002 -11"><span class='ocrx_word' id='word_1_355' title='bbox 1020 1097 1075 1123; x_wconf 77' lang='grc' dir='ltr'><strong>ἀπὸ</strong></span> <span class='ocrx_word' id='word_1_356' title='bbox 1090 1097 1198 1129; x_wconf 73' lang='grc' dir='ltr'>ἕλκους,</span> <span class='ocrx_word' id='word_1_357' title='bbox 1216 1097 1290 1130; x_wconf 82' lang='grc' dir='ltr'>ἴασις</span> <span class='ocrx_word' id='word_1_358' title='bbox 1303 1098 1407 1133; x_wconf 78' lang='grc' dir='ltr'>ἑτέροις</span> <span class='ocrx_word' id='word_1_359' title='bbox 1421 1099 1524 1126; x_wconf 79' lang='grc' dir='ltr'>δίδοται</span> <span class='ocrx_word' id='word_1_360' title='bbox 1536 1101 1544 1113; x_wconf 89' lang='grc'><strong>⁶</strong></span> <span class='ocrx_word' id='word_1_361' title='bbox 1562 1098 1630 1125; x_wconf 68' lang='grc' dir='ltr'>οὔτε</span> <span class='ocrx_word' id='word_1_362' title='bbox 1653 1099 1715 1125; x_wconf 82' lang='grc' dir='ltr'>ἀπὺ</span> <span class='ocrx_word' id='word_1_363' title='bbox 1734 1099 1823 1134; x_wconf 67' lang='grc' dir='ltr'>τραύ-</span> 
     </span>
    </p>
   </div>
   <div class='ocr_carea' id='block_1_54' title="bbox 1024 1144 1824 1180">
    <p class='ocr_par' dir='ltr' id='par_1_54' title="bbox 1024 1144 1824 1180">
     <span class='ocr_line' id='line_1_54' title="bbox 1024 1144 1824 1180; baseline 0.003 -11"><span class='ocrx_word' id='word_1_364' title='bbox 1024 1151 1122 1178; x_wconf 73' lang='grc' dir='ltr'>ματος,</span> <span class='ocrx_word' id='word_1_365' title='bbox 1139 1144 1219 1175; x_wconf 79' lang='grc' dir='ltr'>ἄλλος</span> <span class='ocrx_word' id='word_1_366' title='bbox 1237 1144 1419 1180; x_wconf 85' lang='grc' dir='ltr'>θεραπεύεται</span> <span class='ocrx_word' id='word_1_367' title='bbox 1437 1151 1445 1160; x_wconf 82' lang='grc'><strong>”</strong></span> <span class='ocrx_word' id='word_1_368' title='bbox 1459 1144 1522 1172; x_wconf 70' lang='grc' dir='ltr'>οὔτε</span> <span class='ocrx_word' id='word_1_369' title='bbox 1537 1145 1594 1172; x_wconf 76' lang='grc' dir='ltr'><strong>ἀπὸ</strong></span> <span class='ocrx_word' id='word_1_370' title='bbox 1609 1145 1824 1180; x_wconf 75' lang='grc' dir='ltr'>σεσηπομένων</span> 
     </span>
    </p>
   </div>
   <div class='ocr_carea' id='block_1_55' title="bbox 1022 1189 1823 1227">
    <p class='ocr_par' dir='ltr' id='par_1_55' title="bbox 1022 1189 1823 1227">
     <span class='ocr_line' id='line_1_55' title="bbox 1022 1189 1823 1227; baseline 0.002 -12"><span class='ocrx_word' id='word_1_371' title='bbox 1022 1189 1125 1224; x_wconf 81' lang='grc' dir='ltr'>μελῶν,</span> <span class='ocrx_word' id='word_1_372' title='bbox 1140 1190 1232 1224; x_wconf 77' lang='grc' dir='ltr'>ὑγίεια</span> <span class='ocrx_word' id='word_1_373' title='bbox 1244 1191 1330 1226; x_wconf 80' lang='grc' dir='ltr'>ἑτέρῳ</span> <span class='ocrx_word' id='word_1_374' title='bbox 1342 1191 1449 1226; x_wconf 85' lang='grc' dir='ltr'>σώματι</span> <span class='ocrx_word' id='word_1_375' title='bbox 1463 1191 1723 1227; x_wconf 81' lang='grc' dir='ltr'>παρασχεθήσεται</span> <span class='ocrx_word' id='word_1_376' title='bbox 1740 1200 1747 1207; x_wconf 90' lang='grc'><strong>·</strong></span> <span class='ocrx_word' id='word_1_377' title='bbox 1761 1191 1823 1218; x_wconf 77' lang='grc' dir='ltr'>οὔτε</span> 
     </span>
    </p>
   </div>
   <div class='ocr_carea' id='block_1_56' title="bbox 1019 1236 1823 1274">
    <p class='ocr_par' dir='ltr' id='par_1_56' title="bbox 1019 1236 1823 1274">
     <span class='ocr_line' id='line_1_56' title="bbox 1019 1236 1823 1274; baseline 0.002 -12"><span class='ocrx_word' id='word_1_378' title='bbox 1019 1236 1074 1263; x_wconf 76' lang='grc' dir='ltr'><strong>ἀπὸ</strong></span> <span class='ocrx_word' id='word_1_379' title='bbox 1087 1236 1220 1272; x_wconf 80' lang='grc' dir='ltr'>αἱρέσεως</span> <span class='ocrx_word' id='word_1_380' title='bbox 1235 1238 1283 1264; x_wconf 75' lang='grc' dir='ltr'>καὶ</span> <span class='ocrx_word' id='word_1_381' title='bbox 1296 1238 1436 1271; x_wconf 80' lang='grc' dir='ltr'>ἀπιστίας,</span> <span class='ocrx_word' id='word_1_382' title='bbox 1455 1239 1650 1273; x_wconf 61' lang='grc' dir='ltr'>πνευματικὸν</span> <span class='ocrx_word' id='word_1_383' title='bbox 1664 1238 1757 1274; x_wconf 79' lang='grc' dir='ltr'>ἔργον</span> <span class='ocrx_word' id='word_1_384' title='bbox 1777 1247 1823 1264; x_wconf 75' lang='grc' dir='ltr'>τε·</span> 
     </span>
    </p>
   </div>
   <div class='ocr_carea' id='block_1_57' title="bbox 1019 1283 1823 1318">
    <p class='ocr_par' dir='ltr' id='par_1_57' title="bbox 1019 1283 1823 1318">
     <span class='ocr_line' id='line_1_57' title="bbox 1019 1283 1823 1318; baseline 0.002 -8"><span class='ocrx_word' id='word_1_385' title='bbox 1019 1283 1138 1310; x_wconf 79' lang='grc' dir='ltr'>λειοῦται</span> <span class='ocrx_word' id='word_1_386' title='bbox 1149 1293 1156 1300; x_wconf 91' lang='grc'><strong>·</strong></span> <span class='ocrx_word' id='word_1_387' title='bbox 1174 1284 1235 1311; x_wconf 79' lang='grc' dir='ltr'>οὔτε</span> <span class='ocrx_word' id='word_1_388' title='bbox 1250 1285 1304 1311; x_wconf 72' lang='grc' dir='ltr'><strong>ἀπὸ</strong></span> <span class='ocrx_word' id='word_1_389' title='bbox 1319 1285 1472 1318; x_wconf 78' lang='grc' dir='ltr'>κακοδόξων</span> <span class='ocrx_word' id='word_1_390' title='bbox 1487 1285 1535 1312; x_wconf 78' lang='grc' dir='ltr'>καὶ</span> <span class='ocrx_word' id='word_1_391' title='bbox 1545 1285 1660 1312; x_wconf 82' lang='grc' dir='ltr'>ἀσεϐῶν</span> <span class='ocrx_word' id='word_1_392' title='bbox 1675 1285 1823 1312; x_wconf 80' lang='grc' dir='ltr'>τετελειω-</span> 
     </span>
    </p>
   </div>
   <div class='ocr_carea' id='block_1_58' title="bbox 1021 1330 1822 1367">
    <p class='ocr_par' dir='ltr' id='par_1_58' title="bbox 1021 1330 1822 1367">
     <span class='ocr_line' id='line_1_58' title="bbox 1021 1330 1822 1367; baseline 0.002 -11"><span class='ocrx_word' id='word_1_393' title='bbox 1021 1330 1113 1364; x_wconf 83' lang='grc' dir='ltr'>μένον,</span> <span class='ocrx_word' id='word_1_394' title='bbox 1135 1330 1335 1366; x_wconf 86' lang='grc' dir='ltr'>εὺπρόσδεκτον</span> <span class='ocrx_word' id='word_1_395' title='bbox 1355 1331 1498 1367; x_wconf 75' lang='grc' dir='ltr'>βάπτισμα</span> <span class='ocrx_word' id='word_1_396' title='bbox 1525 1331 1657 1365; x_wconf 82' lang='grc' dir='ltr'>γίνεται,</span> <span class='ocrx_word' id='word_1_397' title='bbox 1678 1332 1783 1363; x_wconf 78' lang='grc' dir='ltr'>καθὼς</span> <span class='ocrx_word' id='word_1_398' title='bbox 1808 1333 1822 1358; x_wconf 70' lang='grc' dir='ltr'>ὁ</span> 
     </span>
    </p>
   </div>
   <div class='ocr_carea' id='block_1_59' title="bbox 1018 1377 1821 1412">
    <p class='ocr_par' dir='ltr' id='par_1_59' title="bbox 1018 1377 1821 1412">
     <span class='ocr_line' id='line_1_59' title="bbox 1018 1377 1821 1412; baseline 0 -9"><span class='ocrx_word' id='word_1_399' title='bbox 1018 1377 1121 1412; x_wconf 80' lang='grc' dir='ltr'>Κύριος</span> <span class='ocrx_word' id='word_1_400' title='bbox 1131 1377 1222 1411; x_wconf 82' lang='grc' dir='ltr'>λέγει·</span> <span class='ocrx_word' id='word_1_401' title='bbox 1233 1378 1275 1405; x_wconf 83' lang='grc' dir='ltr'><strong>Οὐ</strong></span> <span class='ocrx_word' id='word_1_402' title='bbox 1290 1377 1346 1412; x_wconf 78' lang='grc' dir='ltr'><strong>γὰρ</strong></span> <span class='ocrx_word' id='word_1_403' title='bbox 1359 1378 1567 1412; x_wconf 72' lang='grc' dir='ltr'>συλλέγουσιν</span> <span class='ocrx_word' id='word_1_404' title='bbox 1587 1377 1652 1404; x_wconf 78' lang='grc' dir='ltr'><strong>ἀπὸ</strong></span> <span class='ocrx_word' id='word_1_405' title='bbox 1674 1377 1821 1404; x_wconf 76' lang='grc' dir='ltr'><strong>ἀκανθῶν</strong></span> 
     </span>
    </p>
   </div>
   <div class='ocr_carea' id='block_1_60' title="bbox 1017 1423 1819 1458">
    <p class='ocr_par' dir='ltr' id='par_1_60' title="bbox 1017 1423 1819 1458">
     <span class='ocr_line' id='line_1_60' title="bbox 1017 1423 1819 1458; baseline -0.001 -8"><span class='ocrx_word' id='word_1_406' title='bbox 1017 1423 1196 1458; x_wconf 70' lang='grc' dir='ltr'>σταφυλὴν,</span> <span class='ocrx_word' id='word_1_407' title='bbox 1214 1424 1284 1451; x_wconf 76' lang='grc' dir='ltr'>οὔτε</span> <span class='ocrx_word' id='word_1_408' title='bbox 1311 1423 1371 1451; x_wconf 75' lang='grc' dir='ltr'><strong>ἀπὸ</strong></span> <span class='ocrx_word' id='word_1_409' title='bbox 1394 1424 1537 1458; x_wconf 68' lang='grc' dir='ltr'>τριϐόλων</span> <span class='ocrx_word' id='word_1_410' title='bbox 1555 1423 1654 1451; x_wconf 81' lang='grc' dir='ltr'>σῦκα.</span> <span class='ocrx_word' id='word_1_411' title='bbox 1670 1423 1762 1450; x_wconf 83' lang='grc' dir='ltr'>Ὅθεν</span> <span class='ocrx_word' id='word_1_412' title='bbox 1777 1424 1819 1449; x_wconf 77' lang='lat' dir='ltr'><strong>u&#39;t</strong></span> 
     </span>
    </p>
   </div>
   <div class='ocr_carea' id='block_1_61' title="bbox 1018 1469 1819 1506">
    <p class='ocr_par' dir='ltr' id='par_1_61' title="bbox 1018 1469 1819 1506">
     <span class='ocr_line' id='line_1_61' title="bbox 1018 1469 1819 1506; baseline -0.002 -9"><span class='ocrx_word' id='word_1_413' title='bbox 1018 1470 1048 1496; x_wconf 84' lang='grc' dir='ltr'>τὸ</span> <span class='ocrx_word' id='word_1_414' title='bbox 1064 1470 1210 1506; x_wconf 85' lang='grc' dir='ltr'>βάπτισμα</span> <span class='ocrx_word' id='word_1_415' title='bbox 1223 1470 1324 1502; x_wconf 81' lang='grc' dir='ltr'>αὐτῶν,</span> <span class='ocrx_word' id='word_1_416' title='bbox 1341 1470 1476 1506; x_wconf 82' lang='grc' dir='ltr'>πρόδηλον</span> <span class='ocrx_word' id='word_1_417' title='bbox 1491 1470 1541 1497; x_wconf 76' lang='grc' dir='ltr'><strong>καὶ</strong></span> <span class='ocrx_word' id='word_1_418' title='bbox 1553 1469 1710 1502; x_wconf 79' lang='grc' dir='ltr'>παντελῶς</span> <span class='ocrx_word' id='word_1_419' title='bbox 1728 1469 1819 1496; x_wconf 66' lang='grc' dir='ltr'>τελοὺ-</span> 
     </span>
    </p>
   </div>
   <div class='ocr_carea' id='block_1_62' title="bbox 180 1511 967 1552">
    <p class='ocr_par' dir='ltr' id='par_1_62' title="bbox 180 1511 965 1548">
     <span class='ocr_line' id='line_1_62' title="bbox 180 1511 965 1548; baseline 0.001 -10"><span class='ocrx_word' id='word_1_420' title='bbox 180 1511 401 1546; x_wconf 71' lang='lat' dir='ltr'><strong>orthodoxi,qnae</strong></span> <span class='ocrx_word' id='word_1_421' title='bbox 412 1513 461 1547; x_wconf 87' lang='lat' dir='ltr'><strong>ipsi</strong></span> <span class='ocrx_word' id='word_1_422' title='bbox 471 1513 623 1545; x_wconf 87' lang='lat' dir='ltr'><strong>celebrant,</strong></span> <span class='ocrx_word' id='word_1_423' title='bbox 633 1517 758 1548; x_wconf 86' lang='lat' dir='ltr'><strong>tanquam</strong></span> <span class='ocrx_word' id='word_1_424' title='bbox 769 1521 832 1540; x_wconf 82' lang='lat' dir='ltr'><strong>vera</strong></span> <span class='ocrx_word' id='word_1_425' title='bbox 842 1518 965 1547; x_wconf 77' lang='lat' dir='ltr'><strong>rataquc,</strong></span> 
     </span>
    </p>
   </div>
   <div class='ocr_carea' id='block_1_63' title="bbox 1054 1511 1820 1552">
    <p class='ocr_par' dir='ltr' id='par_1_63' title="bbox 1057 1516 1820 1552">
     <span class='ocr_line' id='line_1_63' title="bbox 1057 1516 1820 1552; baseline -0.001 -10"><span class='ocrx_word' id='word_1_426' title='bbox 1057 1525 1091 1543; x_wconf 85' lang='grc' dir='ltr'><strong>να</strong></span> <span class='ocrx_word' id='word_1_427' title='bbox 1113 1517 1290 1552; x_wconf 83' lang='grc' dir='ltr'>ἀπρόσδεκτα</span> <span class='ocrx_word' id='word_1_428' title='bbox 1313 1517 1361 1544; x_wconf 68' lang='grc' dir='ltr'><strong>κα)⁵</strong></span> <span class='ocrx_word' id='word_1_429' title='bbox 1382 1516 1500 1544; x_wconf 84' lang='grc' dir='ltr'>ἀϐέϐαια</span> <span class='ocrx_word' id='word_1_430' title='bbox 1525 1516 1703 1552; x_wconf 74' lang='grc' dir='ltr'>ὑπάρχουσι,</span> <span class='ocrx_word' id='word_1_431' title='bbox 1730 1516 1758 1542; x_wconf 76' lang='grc' dir='ltr'><strong>ει</strong></span> <span class='ocrx_word' id='word_1_432' title='bbox 1774 1516 1820 1543; x_wconf 67' lang='grc' dir='ltr'>καὶ</span> 
     </span>
    </p>
   </div>
   <div class='ocr_carea' id='block_1_64' title="bbox 180 1559 967 1595">
    <p class='ocr_par' dir='ltr' id='par_1_64' title="bbox 180 1559 967 1595">
     <span class='ocr_line' id='line_1_64' title="bbox 180 1559 967 1595; baseline 0.003 -11"><span class='ocrx_word' id='word_1_433' title='bbox 180 1565 214 1586; x_wconf 89' lang='lat' dir='ltr'><strong>ac</strong></span> <span class='ocrx_word' id='word_1_434' title='bbox 228 1563 348 1593; x_wconf 84' lang='lat' dir='ltr'><strong>accepta,</strong></span> <span class='ocrx_word' id='word_1_435' title='bbox 362 1559 434 1586; x_wconf 92' lang='lat' dir='ltr'><strong>credi</strong></span> <span class='ocrx_word' id='word_1_436' title='bbox 450 1564 576 1595; x_wconf 89' lang='lat' dir='ltr'><strong>oportere</strong></span> <span class='ocrx_word' id='word_1_437' title='bbox 592 1568 624 1588; x_wconf 88' lang='lat' dir='ltr'><strong>ac</strong></span> <span class='ocrx_word' id='word_1_438' title='bbox 648 1560 765 1594; x_wconf 84' lang='lat' dir='ltr'><strong>reputari</strong></span> <span class='ocrx_word' id='word_1_439' title='bbox 791 1560 967 1587; x_wconf 86' lang='lat' dir='ltr'><strong>contendant.</strong></span> 
     </span>
    </p>
   </div>
   <div class='ocr_carea' id='block_1_65' title="bbox 123 1603 970 1641">
    <p class='ocr_par' dir='ltr' id='par_1_65' title="bbox 123 1603 970 1641">
     <span class='ocr_line' id='line_1_65' title="bbox 123 1603 970 1641; baseline 0.004 -11"><span class='ocrx_word' id='word_1_440' title='bbox 123 1615 127 1618; x_wconf 78' lang='lat'><strong>~</strong></span> <span class='ocrx_word' id='word_1_441' title='bbox 171 1603 324 1632; x_wconf 80' lang='lat' dir='ltr'><strong>&#39;Enimvero</strong></span> <span class='ocrx_word' id='word_1_442' title='bbox 334 1605 571 1641; x_wconf 87' lang='lat' dir='ltr'><strong>audiantimperiti</strong></span> <span class='ocrx_word' id='word_1_443' title='bbox 583 1613 614 1633; x_wconf 89' lang='lat' dir='ltr'><strong>ac</strong></span> <span class='ocrx_word' id='word_1_444' title='bbox 630 1606 730 1633; x_wconf 87' lang='lat' dir='ltr'><strong>indocti</strong></span> <span class='ocrx_word' id='word_1_445' title='bbox 741 1605 872 1633; x_wconf 82' lang='lat' dir='ltr'><strong>Joannem</strong></span> <span class='ocrx_word' id='word_1_446' title='bbox 893 1606 970 1634; x_wconf 86' lang='lat' dir='ltr'><strong>theo-</strong></span> 
     </span>
    </p>
   </div>
   <div class='ocr_carea' id='block_1_66' title="bbox 179 1656 967 1693">
    <p class='ocr_par' dir='ltr' id='par_1_66' title="bbox 179 1656 967 1693">
     <span class='ocr_line' id='line_1_66' title="bbox 179 1656 967 1693; baseline 0 -9"><span class='ocrx_word' id='word_1_447' title='bbox 179 1656 269 1693; x_wconf 90' lang='lat' dir='ltr'><strong>logum</strong></span> <span class='ocrx_word' id='word_1_448' title='bbox 281 1657 318 1684; x_wconf 91' lang='lat' dir='ltr'><strong>ita</strong></span> <span class='ocrx_word' id='word_1_449' title='bbox 329 1657 354 1684; x_wconf 93' lang='lat' dir='ltr'><strong>in</strong></span> <span class='ocrx_word' id='word_1_450' title='bbox 368 1657 485 1692; x_wconf 83' lang='lat' dir='ltr'><strong>Epistola</strong></span> <span class='ocrx_word' id='word_1_451' title='bbox 497 1658 629 1685; x_wconf 81' lang='lat' dir='ltr'><strong>dicentem</strong></span> <span class='ocrx_word' id='word_1_452' title='bbox 644 1667 649 1684; x_wconf 93' lang='lat'><strong>:</strong></span> <span class='ocrx_word' id='word_1_453' title='bbox 664 1657 694 1685; x_wconf 89' lang='lat' dir='ltr'><strong>Si</strong></span> <span class='ocrx_word' id='word_1_454' title='bbox 705 1657 764 1693; x_wconf 79' lang='lat' dir='ltr'><strong>quis</strong></span> <span class='ocrx_word' id='word_1_455' title='bbox 776 1657 856 1690; x_wconf 85' lang='lat' dir='ltr'><strong>enim,</strong></span> <span class='ocrx_word' id='word_1_456' title='bbox 868 1657 967 1692; x_wconf 84' lang='lat' dir='ltr'><strong>inquit,</strong></span> 
     </span>
    </p>
   </div>
   <div class='ocr_carea' id='block_1_67' title="bbox 179 1704 968 1738">
    <p class='ocr_par' dir='ltr' id='par_1_67' title="bbox 179 1704 968 1738">
     <span class='ocr_line' id='line_1_67' title="bbox 179 1704 968 1738; baseline 0.001 -8"><span class='ocrx_word' id='word_1_457' title='bbox 179 1704 247 1730; x_wconf 74' lang='lat' dir='ltr'><strong>t&#39;enit</strong></span> <span class='ocrx_word' id='word_1_458' title='bbox 260 1704 293 1730; x_wconf 83' lang='lat' dir='ltr'><strong>ad</strong></span> <span class='ocrx_word' id='word_1_459' title='bbox 307 1712 360 1737; x_wconf 80' lang='lat' dir='ltr'><strong>vos,</strong></span> <span class='ocrx_word' id='word_1_460' title='bbox 374 1709 398 1730; x_wconf 82' lang='lat' dir='ltr'><strong>et</strong></span> <span class='ocrx_word' id='word_1_461' title='bbox 413 1704 480 1731; x_wconf 78' lang='lat' dir='ltr'><strong>lianc</strong></span> <span class='ocrx_word' id='word_1_462' title='bbox 495 1704 643 1731; x_wconf 78' lang='lat' dir='ltr'><strong>doctrinam</strong></span> <span class='ocrx_word' id='word_1_463' title='bbox 659 1712 709 1730; x_wconf 87' lang='lat' dir='ltr'><strong>non</strong></span> <span class='ocrx_word' id='word_1_464' title='bbox 726 1704 814 1738; x_wconf 67' lang='lat' dir='ltr'><strong>affert,</strong></span> <span class='ocrx_word' id='word_1_465' title='bbox 834 1712 864 1730; x_wconf 85' lang='lat' dir='ltr'><strong>ne</strong></span> <span class='ocrx_word' id='word_1_466' title='bbox 877 1705 901 1730; x_wconf 88' lang='lat' dir='ltr'><strong>ei</strong></span> <span class='ocrx_word' id='word_1_467' title='bbox 915 1704 968 1731; x_wconf 74' lang='lat' dir='ltr'><strong>Ave</strong></span> 
     </span>
    </p>
   </div>
   <div class='ocr_carea' id='block_1_68' title="bbox 179 1748 966 1783">
    <p class='ocr_par' dir='ltr' id='par_1_68' title="bbox 179 1748 966 1783">
     <span class='ocr_line' id='line_1_68' title="bbox 179 1748 966 1783; baseline -0.003 -7"><span class='ocrx_word' id='word_1_468' title='bbox 179 1749 312 1783; x_wconf 70' lang='lat' dir='ltr'><strong>dixeritis,</strong></span> <span class='ocrx_word' id='word_1_469' title='bbox 326 1756 358 1775; x_wconf 79' lang='lat' dir='ltr'><strong>ac</strong></span> <span class='ocrx_word' id='word_1_470' title='bbox 374 1748 451 1776; x_wconf 82' lang='lat' dir='ltr'><strong>nolite</strong></span> <span class='ocrx_word' id='word_1_471' title='bbox 463 1750 489 1775; x_wconf 88' lang='lat' dir='ltr'><strong>in</strong></span> <span class='ocrx_word' id='word_1_472' title='bbox 502 1749 607 1776; x_wconf 83' lang='lat' dir='ltr'><strong>domum</strong></span> <span class='ocrx_word' id='word_1_473' title='bbox 620 1750 742 1783; x_wconf 80' lang='lat' dir='ltr'><strong>recipere.</strong></span> <span class='ocrx_word' id='word_1_474' title='bbox 758 1749 809 1781; x_wconf 82' lang='lat' dir='ltr'><strong>Qui</strong></span> <span class='ocrx_word' id='word_1_475' title='bbox 823 1748 892 1775; x_wconf 84' lang='lat' dir='ltr'><strong>enim</strong></span> <span class='ocrx_word' id='word_1_476' title='bbox 903 1749 966 1775; x_wconf 78' lang='lat' dir='ltr'><strong>dicit</strong></span> 
     </span>
    </p>
   </div>
   <div class='ocr_carea' id='block_1_69' title="bbox 179 1794 966 1830">
    <p class='ocr_par' dir='ltr' id='par_1_69' title="bbox 179 1794 966 1830">
     <span class='ocr_line' id='line_1_69' title="bbox 179 1794 966 1830; baseline -0.001 -7"><span class='ocrx_word' id='word_1_477' title='bbox 179 1796 220 1823; x_wconf 78' lang='lat' dir='ltr'><strong>illi</strong></span> <span class='ocrx_word' id='word_1_478' title='bbox 248 1796 316 1828; x_wconf 83' lang='lat' dir='ltr'><strong>Ave,</strong></span> <span class='ocrx_word' id='word_1_479' title='bbox 346 1796 522 1823; x_wconf 81' lang='lat' dir='ltr'><strong>communicat</strong></span> <span class='ocrx_word' id='word_1_480' title='bbox 556 1794 676 1830; x_wconf 74' lang='lat' dir='ltr'><strong>operibus</strong></span> <span class='ocrx_word' id='word_1_481' title='bbox 705 1795 763 1830; x_wconf 80' lang='lat' dir='ltr'><strong>ejus</strong></span> <span class='ocrx_word' id='word_1_482' title='bbox 790 1795 911 1830; x_wconf 68' lang='lat' dir='ltr'><strong>malignis</strong></span> <span class='ocrx_word' id='word_1_483' title='bbox 932 1795 966 1822; x_wconf 79' lang='grc'><strong>³⁸.</strong></span> 
     </span>
    </p>
   </div>
   <div class='ocr_carea' id='block_1_70' title="bbox 178 1842 966 1878">
    <p class='ocr_par' dir='ltr' id='par_1_70' title="bbox 178 1842 966 1878">
     <span class='ocr_line' id='line_1_70' title="bbox 178 1842 966 1878; baseline -0.003 -9"><span class='ocrx_word' id='word_1_484' title='bbox 178 1843 362 1876; x_wconf 87' lang='lat' dir='ltr'><strong>Quamobrem</strong></span> <span class='ocrx_word' id='word_1_485' title='bbox 389 1842 560 1878; x_wconf 85' lang='lat' dir='ltr'><strong>perspicuum</strong></span> <span class='ocrx_word' id='word_1_486' title='bbox 584 1846 637 1874; x_wconf 89' lang='lat' dir='ltr'><strong>est,</strong></span> <span class='ocrx_word' id='word_1_487' title='bbox 652 1849 699 1868; x_wconf 86' lang='lat' dir='ltr'><strong>eos</strong></span> <span class='ocrx_word' id='word_1_488' title='bbox 721 1848 838 1876; x_wconf 84' lang='lat' dir='ltr'><strong>quoque.</strong></span> <span class='ocrx_word' id='word_1_489' title='bbox 856 1842 901 1875; x_wconf 90' lang='lat' dir='ltr'><strong>qui</strong></span> <span class='ocrx_word' id='word_1_490' title='bbox 922 1848 966 1868; x_wconf 93' lang='lat' dir='ltr'><strong>or-</strong></span> 
     </span>
    </p>
   </div>
   <div class='ocr_carea' id='block_1_71' title="bbox 178 1887 965 1923">
    <p class='ocr_par' dir='ltr' id='par_1_71' title="bbox 178 1887 965 1923">
     <span class='ocr_line' id='line_1_71' title="bbox 178 1887 965 1923; baseline -0.003 -8"><span class='ocrx_word' id='word_1_491' title='bbox 178 1888 288 1915; x_wconf 81' lang='lat' dir='ltr'><strong>thodoxi</strong></span> <span class='ocrx_word' id='word_1_492' title='bbox 304 1893 441 1923; x_wconf 80' lang='lat' dir='ltr'><strong>putantur,</strong></span> <span class='ocrx_word' id='word_1_493' title='bbox 456 1892 557 1915; x_wconf 85' lang='lat' dir='ltr'><strong>etcum</strong></span> <span class='ocrx_word' id='word_1_494' title='bbox 573 1887 709 1915; x_wconf 70' lang='lat' dir='ltr'><strong>bmreticis</strong></span> <span class='ocrx_word' id='word_1_495' title='bbox 723 1887 752 1914; x_wconf 88' lang='lat' dir='ltr'><strong>in</strong></span> <span class='ocrx_word' id='word_1_496' title='bbox 770 1887 830 1914; x_wconf 88' lang='lat' dir='ltr'><strong>cibo</strong></span> <span class='ocrx_word' id='word_1_497' title='bbox 844 1893 876 1913; x_wconf 88' lang='lat' dir='ltr'><strong>ac</strong></span> <span class='ocrx_word' id='word_1_498' title='bbox 890 1892 965 1921; x_wconf 91' lang='lat' dir='ltr'><strong>potu,</strong></span> 
     </span>
    </p>
   </div>
   <div class='ocr_carea' id='block_1_72' title="bbox 179 1933 966 1968">
    <p class='ocr_par' dir='ltr' id='par_1_72' title="bbox 179 1933 966 1968">
     <span class='ocr_line' id='line_1_72' title="bbox 179 1933 966 1968; baseline 0 -8"><span class='ocrx_word' id='word_1_499' title='bbox 179 1933 312 1966; x_wconf 83' lang='lat' dir='ltr'><strong>amicitia,</strong></span> <span class='ocrx_word' id='word_1_500' title='bbox 330 1941 362 1961; x_wconf 86' lang='lat' dir='ltr'><strong>ac</strong></span> <span class='ocrx_word' id='word_1_501' title='bbox 385 1941 450 1968; x_wconf 86' lang='lat' dir='ltr'><strong>pace</strong></span> <span class='ocrx_word' id='word_1_502' title='bbox 474 1933 688 1966; x_wconf 85' lang='lat' dir='ltr'><strong>communicant,</strong></span> <span class='ocrx_word' id='word_1_503' title='bbox 704 1937 784 1968; x_wconf 88' lang='lat' dir='ltr'><strong>atque</strong></span> <span class='ocrx_word' id='word_1_504' title='bbox 802 1940 832 1960; x_wconf 91' lang='lat' dir='ltr'><strong>ea</strong></span> <span class='ocrx_word' id='word_1_505' title='bbox 851 1940 911 1967; x_wconf 63' lang='lat' dir='ltr'><strong>qua;</strong></span> <span class='ocrx_word' id='word_1_506' title='bbox 932 1933 966 1960; x_wconf 88' lang='lat' dir='ltr'><strong>ab</strong></span> 
     </span>
    </p>
   </div>
   <div class='ocr_carea' id='block_1_73' title="bbox 179 1978 967 2014">
    <p class='ocr_par' dir='ltr' id='par_1_73' title="bbox 179 1978 967 2014">
     <span class='ocr_line' id='line_1_73' title="bbox 179 1978 967 2014; baseline -0.001 -8"><span class='ocrx_word' id='word_1_507' title='bbox 179 1980 233 2007; x_wconf 85' lang='lat' dir='ltr'><strong>illis</strong></span> <span class='ocrx_word' id='word_1_508' title='bbox 251 1984 427 2014; x_wconf 74' lang='lat' dir='ltr'><strong>peraguntur,</strong></span> <span class='ocrx_word' id='word_1_509' title='bbox 452 1983 561 2014; x_wconf 88' lang='lat' dir='ltr'><strong>accepta</strong></span> <span class='ocrx_word' id='word_1_510' title='bbox 586 1979 687 2006; x_wconf 86' lang='lat' dir='ltr'><strong>habent</strong></span> <span class='ocrx_word' id='word_1_511' title='bbox 712 1983 813 2012; x_wconf 89' lang='lat' dir='ltr'><strong>errata,</strong></span> <span class='ocrx_word' id='word_1_512' title='bbox 832 1978 967 2012; x_wconf 88' lang='lat' dir='ltr'><strong>impieque</strong></span> 
     </span>
    </p>
   </div>
   <div class='ocr_carea' id='block_1_74' title="bbox 179 2025 966 2057">
    <p class='ocr_par' dir='ltr' id='par_1_74' title="bbox 179 2025 966 2057">
     <span class='ocr_line' id='line_1_74' title="bbox 179 2025 966 2057; baseline -0.003 -4"><span class='ocrx_word' id='word_1_513' title='bbox 179 2033 212 2053; x_wconf 82' lang='lat' dir='ltr'><strong>ac</strong></span> <span class='ocrx_word' id='word_1_514' title='bbox 226 2025 307 2053; x_wconf 87' lang='lat' dir='ltr'><strong>stulte</strong></span> <span class='ocrx_word' id='word_1_515' title='bbox 322 2033 415 2053; x_wconf 84' lang='lat' dir='ltr'><strong>revera</strong></span> <span class='ocrx_word' id='word_1_516' title='bbox 439 2025 608 2053; x_wconf 81' lang='lat' dir='ltr'><strong>Christianos</strong></span> <span class='ocrx_word' id='word_1_517' title='bbox 631 2025 782 2057; x_wconf 86' lang='lat' dir='ltr'><strong>nominant,</strong></span> <span class='ocrx_word' id='word_1_518' title='bbox 799 2033 892 2052; x_wconf 82' lang='lat' dir='ltr'><strong>eorum</strong></span> <span class='ocrx_word' id='word_1_519' title='bbox 909 2032 966 2051; x_wconf 87' lang='lat' dir='ltr'><strong>ma-</strong></span> 
     </span>
    </p>
   </div>
   <div class='ocr_carea' id='block_1_75' title="bbox 177 2071 967 2106">
    <p class='ocr_par' dir='ltr' id='par_1_75' title="bbox 177 2071 967 2106">
     <span class='ocr_line' id='line_1_75' title="bbox 177 2071 967 2106; baseline -0.001 -7"><span class='ocrx_word' id='word_1_520' title='bbox 177 2072 329 2099; x_wconf 86' lang='lat' dir='ltr'><strong>ledictionis</strong></span> <span class='ocrx_word' id='word_1_521' title='bbox 343 2073 432 2099; x_wconf 86' lang='lat' dir='ltr'><strong>socios</strong></span> <span class='ocrx_word' id='word_1_522' title='bbox 448 2071 573 2104; x_wconf 83' lang='lat' dir='ltr'><strong>inveniri,</strong></span> <span class='ocrx_word' id='word_1_523' title='bbox 591 2076 683 2106; x_wconf 91' lang='lat' dir='ltr'><strong>totque</strong></span> <span class='ocrx_word' id='word_1_524' title='bbox 700 2072 828 2099; x_wconf 86' lang='lat' dir='ltr'><strong>adversus</strong></span> <span class='ocrx_word' id='word_1_525' title='bbox 844 2078 891 2098; x_wconf 89' lang='lat' dir='ltr'><strong>eos</strong></span> <span class='ocrx_word' id='word_1_526' title='bbox 905 2079 967 2106; x_wconf 90' lang='lat' dir='ltr'><strong>pro-</strong></span> 
     </span>
    </p>
   </div>
   <div class='ocr_carea' id='block_1_76' title="bbox 177 2117 966 2152">
    <p class='ocr_par' dir='ltr' id='par_1_76' title="bbox 177 2117 966 2152">
     <span class='ocr_line' id='line_1_76' title="bbox 177 2117 966 2152; baseline -0.004 -6"><span class='ocrx_word' id='word_1_527' title='bbox 177 2118 294 2146; x_wconf 88' lang='lat' dir='ltr'><strong>latorum</strong></span> <span class='ocrx_word' id='word_1_528' title='bbox 329 2119 531 2145; x_wconf 88' lang='lat' dir='ltr'><strong>anathematnm</strong></span> <span class='ocrx_word' id='word_1_529' title='bbox 559 2118 593 2145; x_wconf 89' lang='lat' dir='ltr'><strong>ab</strong></span> <span class='ocrx_word' id='word_1_530' title='bbox 620 2118 748 2145; x_wconf 88' lang='lat' dir='ltr'><strong>universo</strong></span> <span class='ocrx_word' id='word_1_531' title='bbox 774 2117 855 2148; x_wconf 80' lang='lat' dir='ltr'><strong>orbe,</strong></span> <span class='ocrx_word' id='word_1_532' title='bbox 886 2121 966 2152; x_wconf 89' lang='lat' dir='ltr'><strong>atque</strong></span> 
     </span>
    </p>
   </div>
   <div class='ocr_carea' id='block_1_77' title="bbox 177 2163 962 2198">
    <p class='ocr_par' dir='ltr' id='par_1_77' title="bbox 177 2163 962 2198">
     <span class='ocr_line' id='line_1_77' title="bbox 177 2163 962 2198; baseline -0.003 -7"><span class='ocrx_word' id='word_1_533' title='bbox 177 2164 313 2191; x_wconf 81' lang='lat' dir='ltr'><strong>catholica</strong></span> <span class='ocrx_word' id='word_1_534' title='bbox 324 2168 351 2190; x_wconf 85' lang='lat' dir='ltr'><strong>et</strong></span> <span class='ocrx_word' id='word_1_535' title='bbox 363 2163 512 2198; x_wconf 83' lang='lat' dir='ltr'><strong>apostolica</strong></span> <span class='ocrx_word' id='word_1_536' title='bbox 527 2163 644 2191; x_wconf 87' lang='lat' dir='ltr'><strong>Ecclesia</strong></span> <span class='ocrx_word' id='word_1_537' title='bbox 657 2164 691 2191; x_wconf 87' lang='lat' dir='ltr'><strong>ab</strong></span> <span class='ocrx_word' id='word_1_538' title='bbox 703 2169 764 2191; x_wconf 89' lang='lat' dir='ltr'><strong>ortu</strong></span> <span class='ocrx_word' id='word_1_539' title='bbox 780 2163 812 2190; x_wconf 90' lang='lat' dir='ltr'><strong>ad</strong></span> <span class='ocrx_word' id='word_1_540' title='bbox 825 2170 962 2190; x_wconf 85' lang='lat' dir='ltr'><strong>occasum.</strong></span> 
     </span>
    </p>
   </div>
   <div class='ocr_carea' id='block_1_78' title="bbox 1020 1561 1819 1598">
    <p class='ocr_par' dir='ltr' id='par_1_78' title="bbox 1020 1561 1819 1598">
     <span class='ocr_line' id='line_1_78' title="bbox 1020 1561 1819 1598; baseline 0 -10"><span class='ocrx_word' id='word_1_541' title='bbox 1020 1561 1160 1597; x_wconf 79' lang='grc' dir='ltr'>βιάζονται</span> <span class='ocrx_word' id='word_1_542' title='bbox 1184 1564 1208 1589; x_wconf 90' lang='grc' dir='ltr'>οἱ</span> <span class='ocrx_word' id='word_1_543' title='bbox 1225 1562 1351 1589; x_wconf 84' lang='grc' dir='ltr'>ἀσύνετοι</span> <span class='ocrx_word' id='word_1_544' title='bbox 1367 1562 1415 1589; x_wconf 76' lang='grc' dir='ltr'>καὶ</span> <span class='ocrx_word' id='word_1_545' title='bbox 1438 1562 1645 1598; x_wconf 73' lang='grc' dir='ltr'>ἀφρονέστατοι</span> <span class='ocrx_word' id='word_1_546' title='bbox 1666 1563 1721 1589; x_wconf 70' lang='grc' dir='ltr'>καὶ</span> <span class='ocrx_word' id='word_1_547' title='bbox 1736 1563 1819 1597; x_wconf 71' lang='grc' dir='ltr'>ἀστή-</span> 
     </span>
    </p>
   </div>
   <div class='ocr_carea' id='block_1_79' title="bbox 1020 1609 1818 1644">
    <p class='ocr_par' dir='ltr' id='par_1_79' title="bbox 1020 1609 1818 1644">
     <span class='ocr_line' id='line_1_79' title="bbox 1020 1609 1818 1644; baseline -0.001 -9"><span class='ocrx_word' id='word_1_548' title='bbox 1020 1617 1106 1644; x_wconf 89' lang='grc' dir='ltr'>ρικτοι</span> <span class='ocrx_word' id='word_1_549' title='bbox 1121 1609 1340 1644; x_wconf 72' lang='grc' dir='ltr'>ῲευδοορθόδοξοι</span> <span class='ocrx_word' id='word_1_550' title='bbox 1351 1630 1359 1639; x_wconf 84' lang='grc'><strong>,</strong></span> <span class='ocrx_word' id='word_1_551' title='bbox 1377 1609 1411 1636; x_wconf 83' lang='grc' dir='ltr'><strong>τὰ</strong></span> <span class='ocrx_word' id='word_1_552' title='bbox 1427 1609 1474 1635; x_wconf 82' lang='grc' dir='ltr'><strong>ὑπ’</strong></span> <span class='ocrx_word' id='word_1_553' title='bbox 1498 1609 1616 1636; x_wconf 76' lang='grc' dir='ltr'>ἐκείνων</span> <span class='ocrx_word' id='word_1_554' title='bbox 1640 1609 1818 1643; x_wconf 85' lang='grc' dir='ltr'>τελούμενα,</span> 
     </span>
    </p>
   </div>
   <div class='ocr_carea' id='block_1_80' title="bbox 1018 1653 1820 1689">
    <p class='ocr_par' dir='ltr' id='par_1_80' title="bbox 1018 1653 1820 1689">
     <span class='ocr_line' id='line_1_80' title="bbox 1018 1653 1820 1689; baseline 0 -9"><span class='ocrx_word' id='word_1_555' title='bbox 1018 1653 1055 1684; x_wconf 79' lang='grc' dir='ltr'>ὡς</span> <span class='ocrx_word' id='word_1_556' title='bbox 1076 1653 1165 1688; x_wconf 80' lang='grc' dir='ltr'><strong>ἀληθῆ</strong></span> <span class='ocrx_word' id='word_1_557' title='bbox 1189 1654 1236 1681; x_wconf 72' lang='grc' dir='ltr'>καὶ</span> <span class='ocrx_word' id='word_1_558' title='bbox 1259 1653 1354 1688; x_wconf 81' lang='grc' dir='ltr'>βέϐαια</span> <span class='ocrx_word' id='word_1_559' title='bbox 1370 1653 1526 1686; x_wconf 80' lang='grc' dir='ltr'>πιστεύειν,</span> <span class='ocrx_word' id='word_1_560' title='bbox 1552 1654 1602 1682; x_wconf 80' lang='grc' dir='ltr'>καὶ</span> <span class='ocrx_word' id='word_1_561' title='bbox 1620 1654 1820 1689; x_wconf 78' lang='grc' dir='ltr'>εὐπρόσδεκτα</span> 
     </span>
    </p>
   </div>
   <div class='ocr_carea' id='block_1_81' title="bbox 1019 1699 1819 1735">
    <p class='ocr_par' dir='ltr' id='par_1_81' title="bbox 1019 1699 1819 1735">
     <span class='ocr_line' id='line_1_81' title="bbox 1019 1699 1819 1735; baseline 0.001 -10"><span class='ocrx_word' id='word_1_562' title='bbox 1019 1699 1183 1733; x_wconf 83' lang='grc' dir='ltr'>λογίζεσθαι.</span> <span class='ocrx_word' id='word_1_563' title='bbox 1205 1700 1276 1727; x_wconf 87' lang='grc' dir='ltr'>Ἀλλ’</span> <span class='ocrx_word' id='word_1_564' title='bbox 1292 1700 1467 1727; x_wconf 75' lang='grc' dir='ltr'>ἀκουέτωσαν</span> <span class='ocrx_word' id='word_1_565' title='bbox 1481 1701 1507 1727; x_wconf 75' lang='grc' dir='ltr'>οἱ</span> <span class='ocrx_word' id='word_1_566' title='bbox 1523 1700 1647 1735; x_wconf 83' lang='grc' dir='ltr'>ἀμαθεῖς</span> <span class='ocrx_word' id='word_1_567' title='bbox 1664 1701 1719 1727; x_wconf 72' lang='grc' dir='ltr'>καὶ</span> <span class='ocrx_word' id='word_1_568' title='bbox 1735 1701 1819 1726; x_wconf 73' lang='grc' dir='ltr'>ἀπαξ-</span> 
     </span>
    </p>
   </div>
   <div class='ocr_carea' id='block_1_82' title="bbox 1019 1745 1817 1782">
    <p class='ocr_par' dir='ltr' id='par_1_82' title="bbox 1019 1745 1817 1782">
     <span class='ocr_line' id='line_1_82' title="bbox 1019 1745 1817 1782; baseline 0.003 -11"><span class='ocrx_word' id='word_1_569' title='bbox 1019 1745 1107 1772; x_wconf 82' lang='grc' dir='ltr'>δευτοι</span> <span class='ocrx_word' id='word_1_570' title='bbox 1131 1745 1258 1773; x_wconf 86' lang='grc' dir='ltr'>Ἰωάννου</span> <span class='ocrx_word' id='word_1_571' title='bbox 1274 1746 1322 1773; x_wconf 82' lang='grc' dir='ltr'>τοῦ</span> <span class='ocrx_word' id='word_1_572' title='bbox 1341 1746 1475 1780; x_wconf 84' lang='grc' dir='ltr'>Θεολόγου</span> <span class='ocrx_word' id='word_1_573' title='bbox 1491 1747 1521 1773; x_wconf 80' lang='grc' dir='ltr'>ὲν</span> <span class='ocrx_word' id='word_1_574' title='bbox 1541 1746 1578 1782; x_wconf 83' lang='grc' dir='ltr'>τῆ</span> <span class='ocrx_word' id='word_1_575' title='bbox 1589 1747 1729 1782; x_wconf 74' lang='grc' dir='ltr'>ἐπιστολῇ</span> <span class='ocrx_word' id='word_1_576' title='bbox 1748 1747 1817 1773; x_wconf 78' lang='grc' dir='ltr'>οὓτω</span> 
     </span>
    </p>
   </div>
   <div class='ocr_carea' id='block_1_83' title="bbox 1018 1791 1815 1828">
    <p class='ocr_par' dir='ltr' id='par_1_83' title="bbox 1018 1791 1815 1828">
     <span class='ocr_line' id='line_1_83' title="bbox 1018 1791 1815 1828; baseline 0.001 -10"><span class='ocrx_word' id='word_1_577' title='bbox 1018 1792 1143 1826; x_wconf 86' lang='grc' dir='ltr'>λέγοντος</span> <span class='ocrx_word' id='word_1_578' title='bbox 1157 1799 1163 1806; x_wconf 90' lang='grc'><strong>·</strong></span> <span class='ocrx_word' id='word_1_579' title='bbox 1181 1791 1217 1818; x_wconf 80' lang='grc' dir='ltr'><strong><em>Εἴ</em></strong></span> <span class='ocrx_word' id='word_1_580' title='bbox 1233 1800 1278 1825; x_wconf 80' lang='grc' dir='ltr'><strong>τις</strong></span> <span class='ocrx_word' id='word_1_581' title='bbox 1294 1792 1360 1826; x_wconf 78' lang='grc' dir='ltr'><strong>γὰρ.</strong></span> <span class='ocrx_word' id='word_1_582' title='bbox 1382 1793 1476 1827; x_wconf 76' lang='grc' dir='ltr'>φησὶν,</span> <span class='ocrx_word' id='word_1_583' title='bbox 1494 1793 1617 1828; x_wconf 72' lang='grc' dir='ltr'>ἔρχεται</span> <span class='ocrx_word' id='word_1_584' title='bbox 1629 1793 1713 1827; x_wconf 78' lang='grc' dir='ltr'>πρὸς</span> <span class='ocrx_word' id='word_1_585' title='bbox 1727 1792 1815 1828; x_wconf 77' lang='grc' dir='ltr'>ἡμᾶς,</span> 
     </span>
    </p>
   </div>
   <div class='ocr_carea' id='block_1_84' title="bbox 1020 1837 1815 1873">
    <p class='ocr_par' dir='ltr' id='par_1_84' title="bbox 1020 1837 1815 1873">
     <span class='ocr_line' id='line_1_84' title="bbox 1020 1837 1815 1873; baseline 0.003 -9"><span class='ocrx_word' id='word_1_586' title='bbox 1020 1837 1070 1864; x_wconf 77' lang='grc' dir='ltr'>καὶ</span> <span class='ocrx_word' id='word_1_587' title='bbox 1087 1838 1199 1870; x_wconf 79' lang='grc' dir='ltr'>ταύτην</span> <span class='ocrx_word' id='word_1_588' title='bbox 1215 1837 1273 1871; x_wconf 81' lang='grc' dir='ltr'><strong>τὴν</strong></span> <span class='ocrx_word' id='word_1_589' title='bbox 1293 1837 1423 1872; x_wconf 77' lang='grc' dir='ltr'>διδαχὴν</span> <span class='ocrx_word' id='word_1_590' title='bbox 1438 1839 1474 1865; x_wconf 87' lang='grc' dir='ltr'>οὐ</span> <span class='ocrx_word' id='word_1_591' title='bbox 1497 1838 1582 1873; x_wconf 73' lang='grc' dir='ltr'>φέρει</span> <span class='ocrx_word' id='word_1_592' title='bbox 1599 1838 1669 1872; x_wconf 79' lang='grc' dir='ltr'>μεθ’</span> <span class='ocrx_word' id='word_1_593' title='bbox 1691 1839 1815 1869; x_wconf 74' lang='grc' dir='ltr'>ἑαυτοῦ,</span> 
     </span>
    </p>
   </div>
   <div class='ocr_carea' id='block_1_85' title="bbox 1017 1883 1817 1919">
    <p class='ocr_par' dir='ltr' id='par_1_85' title="bbox 1017 1883 1817 1919">
     <span class='ocr_line' id='line_1_85' title="bbox 1017 1883 1817 1919; baseline 0.001 -9"><span class='ocrx_word' id='word_1_594' title='bbox 1017 1884 1137 1918; x_wconf 71' lang='grc' dir='ltr'>Χαίρειν</span> <span class='ocrx_word' id='word_1_595' title='bbox 1149 1883 1228 1916; x_wconf 79' lang='grc' dir='ltr'>αὐτῷ</span> <span class='ocrx_word' id='word_1_596' title='bbox 1242 1883 1286 1918; x_wconf 83' lang='grc' dir='ltr'>μὴ</span> <span class='ocrx_word' id='word_1_597' title='bbox 1302 1883 1416 1918; x_wconf 73' lang='grc' dir='ltr'>λέγετε,</span> <span class='ocrx_word' id='word_1_598' title='bbox 1436 1883 1486 1911; x_wconf 76' lang='grc' dir='ltr'>καὶ</span> <span class='ocrx_word' id='word_1_599' title='bbox 1500 1885 1544 1917; x_wconf 83' lang='grc' dir='ltr'>εἰς</span> <span class='ocrx_word' id='word_1_600' title='bbox 1570 1884 1677 1911; x_wconf 64' lang='grc' dir='ltr'>οιλιῐαν</span> <span class='ocrx_word' id='word_1_601' title='bbox 1694 1884 1741 1919; x_wconf 79' lang='grc' dir='ltr'>μὴ</span> <span class='ocrx_word' id='word_1_602' title='bbox 1762 1893 1817 1912; x_wconf 69' lang='lat' dir='ltr'><strong>xa-</strong></span> 
     </span>
    </p>
   </div>
   <div class='ocr_carea' id='block_1_86' title="bbox 1012 1929 1814 1966">
    <p class='ocr_par' dir='ltr' id='par_1_86' title="bbox 1012 1929 1814 1966">
     <span class='ocr_line' id='line_1_86' title="bbox 1012 1929 1814 1966; baseline 0.001 -9"><span class='ocrx_word' id='word_1_603' title='bbox 1012 1929 1232 1965; x_wconf 78' lang='grc' dir='ltr'>ραλαμϐάνετε.</span> <span class='ocrx_word' id='word_1_604' title='bbox 1258 1930 1289 1957; x_wconf 90' lang='lat' dir='ltr'><strong>&#39;O</strong></span> <span class='ocrx_word' id='word_1_605' title='bbox 1304 1930 1359 1966; x_wconf 73' lang='grc' dir='ltr'><strong>γὰρ</strong></span> <span class='ocrx_word' id='word_1_606' title='bbox 1376 1931 1475 1965; x_wconf 75' lang='grc' dir='ltr'>λέγων</span> <span class='ocrx_word' id='word_1_607' title='bbox 1488 1930 1569 1963; x_wconf 79' lang='grc' dir='ltr'>αὐτῷ</span> <span class='ocrx_word' id='word_1_608' title='bbox 1592 1931 1734 1965; x_wconf 77' lang='grc' dir='ltr'>Χαίρειν,</span> <span class='ocrx_word' id='word_1_609' title='bbox 1755 1940 1814 1958; x_wconf 73' lang='grc' dir='ltr'>κοι-</span> 
     </span>
    </p>
   </div>
   <div class='ocr_carea' id='block_1_87' title="bbox 1016 1976 1811 2013">
    <p class='ocr_par' dir='ltr' id='par_1_87' title="bbox 1016 1976 1811 2013">
     <span class='ocr_line' id='line_1_87' title="bbox 1016 1976 1811 2013; baseline 0 -10"><span class='ocrx_word' id='word_1_610' title='bbox 1016 1976 1108 2003; x_wconf 79' lang='grc' dir='ltr'>νωνεῖ</span> <span class='ocrx_word' id='word_1_611' title='bbox 1130 1976 1195 2010; x_wconf 81' lang='grc' dir='ltr'>τοῖς</span> <span class='ocrx_word' id='word_1_612' title='bbox 1220 1976 1276 2013; x_wconf 67' lang='grc'>(54)</span> <span class='ocrx_word' id='word_1_613' title='bbox 1302 1977 1406 2012; x_wconf 73' lang='grc' dir='ltr'>λόγοις</span> <span class='ocrx_word' id='word_1_614' title='bbox 1433 1977 1529 2004; x_wconf 85' lang='grc' dir='ltr'>αὑτοῦ</span> <span class='ocrx_word' id='word_1_615' title='bbox 1555 1976 1620 2010; x_wconf 80' lang='grc' dir='ltr'>τοῖς</span> <span class='ocrx_word' id='word_1_616' title='bbox 1639 1977 1811 2011; x_wconf 71' lang='grc' dir='ltr'>πονηροῖς·</span> 
     </span>
    </p>
   </div>
   <div class='ocr_carea' id='block_1_88' title="bbox 1016 2021 1811 2057">
    <p class='ocr_par' dir='ltr' id='par_1_88' title="bbox 1016 2021 1811 2057">
     <span class='ocr_line' id='line_1_88' title="bbox 1016 2021 1811 2057; baseline 0.001 -10"><span class='ocrx_word' id='word_1_617' title='bbox 1016 2021 1077 2048; x_wconf 75' lang='grc' dir='ltr'>ὃθεν</span> <span class='ocrx_word' id='word_1_618' title='bbox 1093 2021 1229 2057; x_wconf 84' lang='grc' dir='ltr'>πρόδηλον</span> <span class='ocrx_word' id='word_1_619' title='bbox 1247 2021 1296 2048; x_wconf 79' lang='grc' dir='ltr'><strong>καὶ</strong></span> <span class='ocrx_word' id='word_1_620' title='bbox 1310 2022 1335 2048; x_wconf 83' lang='grc' dir='ltr'>οἱ</span> <span class='ocrx_word' id='word_1_621' title='bbox 1351 2022 1527 2057; x_wconf 79' lang='grc' dir='ltr'>νομιζόμενοι</span> <span class='ocrx_word' id='word_1_622' title='bbox 1545 2021 1704 2056; x_wconf 75' lang='grc' dir='ltr'>ὸρθόδοεοι,</span> <span class='ocrx_word' id='word_1_623' title='bbox 1716 2031 1811 2048; x_wconf 66' lang='grc' dir='ltr'><strong>διοινω⁴</strong></span> 
     </span>
    </p>
   </div>
   <div class='ocr_carea' id='block_1_89' title="bbox 1015 2067 1813 2104">
    <p class='ocr_par' dir='ltr' id='par_1_89' title="bbox 1015 2067 1813 2104">
     <span class='ocr_line' id='line_1_89' title="bbox 1015 2067 1813 2104; baseline -0.001 -9"><span class='ocrx_word' id='word_1_624' title='bbox 1015 2068 1126 2100; x_wconf 73' lang='grc' dir='ltr'>νοῦν-τες</span> <span class='ocrx_word' id='word_1_625' title='bbox 1149 2069 1206 2100; x_wconf 85' lang='grc' dir='ltr'>τοῖς</span> <span class='ocrx_word' id='word_1_626' title='bbox 1230 2068 1380 2104; x_wconf 88' lang='grc' dir='ltr'>αἰρετικοῖς</span> <span class='ocrx_word' id='word_1_627' title='bbox 1402 2069 1431 2095; x_wconf 80' lang='grc' dir='ltr'>ἐν</span> <span class='ocrx_word' id='word_1_628' title='bbox 1457 2067 1559 2103; x_wconf 86' lang='grc' dir='ltr'>βρώσει</span> <span class='ocrx_word' id='word_1_629' title='bbox 1585 2070 1636 2095; x_wconf 75' lang='grc' dir='ltr'>καὶ</span> <span class='ocrx_word' id='word_1_630' title='bbox 1650 2069 1747 2101; x_wconf 79' lang='grc' dir='ltr'>πόσει,</span> <span class='ocrx_word' id='word_1_631' title='bbox 1769 2070 1813 2095; x_wconf 74' lang='grc' dir='ltr'>καὶ</span> 
     </span>
    </p>
   </div>
   <div class='ocr_carea' id='block_1_90' title="bbox 1016 2112 1812 2149">
    <p class='ocr_par' dir='ltr' id='par_1_90' title="bbox 1016 2112 1812 2149">
     <span class='ocr_line' id='line_1_90' title="bbox 1016 2112 1812 2149; baseline 0 -9"><span class='ocrx_word' id='word_1_632' title='bbox 1016 2114 1105 2149; x_wconf 81' lang='grc' dir='ltr'>φιλίᾳ,</span> <span class='ocrx_word' id='word_1_633' title='bbox 1129 2113 1179 2140; x_wconf 76' lang='grc' dir='ltr'>καὶ</span> <span class='ocrx_word' id='word_1_634' title='bbox 1203 2113 1313 2149; x_wconf 71' lang='grc' dir='ltr'>εἰρήνῃ,</span> <span class='ocrx_word' id='word_1_635' title='bbox 1333 2114 1382 2140; x_wconf 70' lang='grc' dir='ltr'>καὶ</span> <span class='ocrx_word' id='word_1_636' title='bbox 1399 2113 1434 2140; x_wconf 84' lang='grc' dir='ltr'>τὰ</span> <span class='ocrx_word' id='word_1_637' title='bbox 1456 2112 1502 2139; x_wconf 82' lang='grc' dir='ltr'><strong>ὑπ’</strong></span> <span class='ocrx_word' id='word_1_638' title='bbox 1517 2112 1634 2139; x_wconf 78' lang='grc' dir='ltr'>ἐκείνων</span> <span class='ocrx_word' id='word_1_639' title='bbox 1658 2113 1812 2148; x_wconf 70' lang='grc' dir='ltr'>τελούμενα</span> 
     </span>
    </p>
   </div>
   <div class='ocr_carea' id='block_1_91' title="bbox 1016 2159 1813 2196">
    <p class='ocr_par' dir='ltr' id='par_1_91' title="bbox 1016 2159 1813 2196">
     <span class='ocr_line' id='line_1_91' title="bbox 1016 2159 1813 2196; baseline -0.003 -9"><span class='ocrx_word' id='word_1_640' title='bbox 1016 2160 1205 2196; x_wconf 81' lang='grc' dir='ltr'>εὐπρόσδεκτα</span> <span class='ocrx_word' id='word_1_641' title='bbox 1217 2159 1404 2195; x_wconf 79' lang='grc' dir='ltr'>λογιζόμενοι,</span> <span class='ocrx_word' id='word_1_642' title='bbox 1421 2160 1470 2186; x_wconf 69' lang='grc' dir='ltr'>καὶ</span> <span class='ocrx_word' id='word_1_643' title='bbox 1483 2159 1602 2192; x_wconf 82' lang='grc' dir='ltr'>ἀσεϐῶς,</span> <span class='ocrx_word' id='word_1_644' title='bbox 1619 2160 1670 2187; x_wconf 80' lang='grc' dir='ltr'><strong>καὶ</strong></span> <span class='ocrx_word' id='word_1_645' title='bbox 1689 2160 1813 2195; x_wconf 79' lang='grc' dir='ltr'>ἀνοήτως</span> 
     </span>
    </p>
   </div>
   <div class='ocr_carea' id='block_1_92' title="bbox 178 2191 967 2244">
    <p class='ocr_par' dir='ltr' id='par_1_92' title="bbox 178 2191 965 2244">
     <span class='ocr_line' id='line_1_92' title="bbox 178 2191 965 2244; baseline 0 -10"><span class='ocrx_word' id='word_1_646' title='bbox 178 2207 246 2235; x_wconf 86' lang='lat' dir='ltr'><strong>Nam</strong></span> <span class='ocrx_word' id='word_1_647' title='bbox 271 2213 300 2235; x_wconf 95' lang='lat' dir='ltr'><strong>ut</strong></span> <span class='ocrx_word' id='word_1_648' title='bbox 325 2208 363 2235; x_wconf 90' lang='lat' dir='ltr'><strong>ait</strong></span> <span class='ocrx_word' id='word_1_649' title='bbox 381 2191 551 2236; x_wconf 65' lang='lat' dir='ltr'><strong>admirabilis</strong></span> <span class='ocrx_word' id='word_1_650' title='bbox 567 2208 778 2244; x_wconf 86' lang='lat' dir='ltr'><strong>Cbrysostomus</strong></span> <span class='ocrx_word' id='word_1_651' title='bbox 801 2217 808 2235; x_wconf 88' lang='lat'><strong>:</strong></span> <span class='ocrx_word' id='word_1_652' title='bbox 825 2217 835 2234; x_wconf 77' lang='grc' dir='ltr'><strong>ι</strong></span> <span class='ocrx_word' id='word_1_653' title='bbox 859 2207 888 2235; x_wconf 88' lang='lat' dir='ltr'><strong>Si</strong></span> <span class='ocrx_word' id='word_1_654' title='bbox 904 2207 965 2243; x_wconf 87' lang='lat' dir='ltr'><strong>quis</strong></span> 
     </span>
    </p>
   </div>
   <div class='ocr_carea' id='block_1_93' title="bbox 1054 2191 1812 2244">
    <p class='ocr_par' dir='ltr' id='par_1_93' title="bbox 1054 2191 1812 2242">
     <span class='ocr_line' id='line_1_93' title="bbox 1054 2191 1812 2242; baseline -0.005 -8"><span class='ocrx_word' id='word_1_655' title='bbox 1054 2191 1201 2242; x_wconf 50' lang='grc' dir='ltr'>“.ἀλ.ηοῶς,</span> <span class='ocrx_word' id='word_1_656' title='bbox 1230 2191 1413 2242; x_wconf 70' lang='grc' dir='ltr'>Χριστιανοὺς</span> <span class='ocrx_word' id='word_1_657' title='bbox 1443 2191 1649 2242; x_wconf 75' lang='grc' dir='ltr'>ὀνομάζοντες,</span> <span class='ocrx_word' id='word_1_658' title='bbox 1685 2191 1812 2233; x_wconf 72' lang='grc' dir='ltr'>κοινωνοὶ</span> 
     </span>
    </p>
   </div>
   <div class='ocr_carea' id='block_1_94' title="bbox 179 2252 967 2288">
    <p class='ocr_par' dir='ltr' id='par_1_94' title="bbox 179 2253 965 2286">
     <span class='ocr_line' id='line_1_94' title="bbox 179 2253 965 2286; baseline 0 -6"><span class='ocrx_word' id='word_1_659' title='bbox 179 2253 287 2280; x_wconf 89' lang='lat' dir='ltr'><strong>videtur</strong></span> <span class='ocrx_word' id='word_1_660' title='bbox 301 2254 403 2281; x_wconf 86' lang='lat' dir='ltr'><strong>amicus</strong></span> <span class='ocrx_word' id='word_1_661' title='bbox 418 2261 478 2281; x_wconf 86' lang='lat' dir='ltr'><strong>esse</strong></span> <span class='ocrx_word' id='word_1_662' title='bbox 493 2253 690 2286; x_wconf 59' lang='lat' dir='ltr'><strong>haereticorum,</strong></span> <span class='ocrx_word' id='word_1_663' title='bbox 705 2254 751 2281; x_wconf 84' lang='lat' dir='ltr'><strong>Dei</strong></span> <span class='ocrx_word' id='word_1_664' title='bbox 766 2254 850 2282; x_wconf 84' lang='lat' dir='ltr'><strong>hostis</strong></span> <span class='ocrx_word' id='word_1_665' title='bbox 863 2253 965 2281; x_wconf 89' lang='lat' dir='ltr'><strong>consti-</strong></span> 
     </span>
    </p>
   </div>
   <div class='ocr_carea' id='block_1_95' title="bbox 1054 2252 1811 2288">
    <p class='ocr_par' dir='ltr' id='par_1_95' title="bbox 1054 2252 1811 2288">
     <span class='ocr_line' id='line_1_95' title="bbox 1054 2252 1811 2288; baseline -0.003 -9"><span class='ocrx_word' id='word_1_666' title='bbox 1054 2253 1194 2288; x_wconf 86' lang='grc' dir='ltr'>ρίσκονται</span> <span class='ocrx_word' id='word_1_667' title='bbox 1211 2253 1261 2288; x_wconf 81' lang='grc' dir='ltr'>τῆς</span> <span class='ocrx_word' id='word_1_668' title='bbox 1271 2253 1340 2288; x_wconf 76' lang='grc' dir='ltr'>ἀρᾶς</span> <span class='ocrx_word' id='word_1_669' title='bbox 1357 2252 1458 2285; x_wconf 85' lang='grc' dir='ltr'>αὐτῶν,</span> <span class='ocrx_word' id='word_1_670' title='bbox 1471 2253 1519 2280; x_wconf 78' lang='grc' dir='ltr'>καὶ</span> <span class='ocrx_word' id='word_1_671' title='bbox 1532 2253 1587 2279; x_wconf 82' lang='grc' dir='ltr'>τῶν</span> <span class='ocrx_word' id='word_1_672' title='bbox 1598 2253 1744 2279; x_wconf 79' lang='grc' dir='ltr'>τοσούτων</span> <span class='ocrx_word' id='word_1_673' title='bbox 1754 2252 1811 2278; x_wconf 79' lang='grc' dir='ltr'>κατ’</span> 
     </span>
    </p>
   </div>
   <div class='ocr_carea' id='block_1_96' title="bbox 176 2298 967 2334">
    <p class='ocr_par' dir='ltr' id='par_1_96' title="bbox 176 2299 310 2326">
     <span class='ocr_line' id='line_1_96' title="bbox 176 2299 310 2326; baseline 0 0"><span class='ocrx_word' id='word_1_674' title='bbox 176 2299 273 2326; x_wconf 89' lang='lat' dir='ltr'><strong>tuitur.</strong></span> <span class='ocrx_word' id='word_1_675' title='bbox 300 2309 310 2326; x_wconf 70' lang='grc' dir='ltr'><strong>ι</strong></span> 
     </span>
    </p>
   </div>
   <div class='ocr_carea' id='block_1_97' title="bbox 1054 2298 1811 2334">
    <p class='ocr_par' dir='ltr' id='par_1_97' title="bbox 1056 2298 1811 2334">
     <span class='ocr_line' id='line_1_97' title="bbox 1056 2298 1811 2334; baseline -0.003 -9"><span class='ocrx_word' id='word_1_676' title='bbox 1056 2299 1111 2325; x_wconf 84' lang='grc' dir='ltr'>τῶν</span> <span class='ocrx_word' id='word_1_677' title='bbox 1126 2298 1319 2334; x_wconf 79' lang='grc' dir='ltr'>ἀναθεμάτων,</span> <span class='ocrx_word' id='word_1_678' title='bbox 1336 2299 1390 2325; x_wconf 81' lang='grc' dir='ltr'><strong>τῶν</strong></span> <span class='ocrx_word' id='word_1_679' title='bbox 1403 2298 1604 2334; x_wconf 77' lang='grc' dir='ltr'>ἐπενεχθέντων</span> <span class='ocrx_word' id='word_1_680' title='bbox 1614 2298 1725 2330; x_wconf 78' lang='grc' dir='ltr'>αὐτοῖς,</span> <span class='ocrx_word' id='word_1_681' title='bbox 1737 2298 1811 2331; x_wconf 79' lang='grc' dir='ltr'>παρᾶ</span> 
     </span>
    </p>
   </div>
   <div class='ocr_carea' id='block_1_98' title="bbox 177 2342 1808 2381">
    <p class='ocr_par' dir='ltr' id='par_1_98' title="bbox 177 2342 1808 2381">
     <span class='ocr_line' id='line_1_98' title="bbox 177 2342 1808 2381; baseline -0.001 -9"><span class='ocrx_word' id='word_1_682' title='bbox 177 2345 270 2380; x_wconf 76' lang='grc' dir='ltr'>πάσης</span> <span class='ocrx_word' id='word_1_683' title='bbox 286 2345 336 2381; x_wconf 81' lang='grc' dir='ltr'>τῆς</span> <span class='ocrx_word' id='word_1_684' title='bbox 355 2346 531 2381; x_wconf 73' lang='grc' dir='ltr'>οἰκουμένης,</span> <span class='ocrx_word' id='word_1_685' title='bbox 547 2345 596 2372; x_wconf 75' lang='grc' dir='ltr'>καὶ</span> <span class='ocrx_word' id='word_1_686' title='bbox 625 2346 675 2381; x_wconf 87' lang='grc' dir='ltr'>τῆς</span> <span class='ocrx_word' id='word_1_687' title='bbox 691 2345 747 2372; x_wconf 80' lang='grc' dir='ltr'>ἀπὸ</span> <span class='ocrx_word' id='word_1_688' title='bbox 782 2345 921 2372; x_wconf 77' lang='grc' dir='ltr'>ἀνατολῶν</span> <span class='ocrx_word' id='word_1_689' title='bbox 941 2345 994 2376; x_wconf 77' lang='grc' dir='ltr'>ἕως</span> <span class='ocrx_word' id='word_1_690' title='bbox 1013 2345 1126 2380; x_wconf 77' lang='grc' dir='ltr'>δυσμῶν</span> <span class='ocrx_word' id='word_1_691' title='bbox 1154 2344 1304 2380; x_wconf 79' lang='grc' dir='ltr'>καθολικῆς</span> <span class='ocrx_word' id='word_1_692' title='bbox 1332 2345 1380 2372; x_wconf 78' lang='grc' dir='ltr'>καὶ</span> <span class='ocrx_word' id='word_1_693' title='bbox 1406 2344 1590 2379; x_wconf 80' lang='grc' dir='ltr'>ἀποστολικῆς</span> <span class='ocrx_word' id='word_1_694' title='bbox 1618 2342 1789 2379; x_wconf 64' lang='grc' dir='ltr'>Ἐκκλήσίας</span> <span class='ocrx_word' id='word_1_695' title='bbox 1802 2351 1808 2357; x_wconf 90' lang='grc'>·</span> 
     </span>
    </p>
   </div>
   <div class='ocr_carea' id='block_1_99' title="bbox 176 2389 1808 2428">
    <p class='ocr_par' dir='ltr' id='par_1_99' title="bbox 176 2389 1808 2428">
     <span class='ocr_line' id='line_1_99' title="bbox 176 2389 1808 2428; baseline -0.002 -9"><span class='ocrx_word' id='word_1_696' title='bbox 176 2393 269 2424; x_wconf 79' lang='grc' dir='ltr'>καθὼς</span> <span class='ocrx_word' id='word_1_697' title='bbox 285 2393 334 2419; x_wconf 77' lang='grc' dir='ltr'>καὶ</span> <span class='ocrx_word' id='word_1_698' title='bbox 352 2394 366 2419; x_wconf 75' lang='grc' dir='ltr'>ὁ</span> <span class='ocrx_word' id='word_1_699' title='bbox 395 2392 468 2424; x_wconf 82' lang='grc' dir='ltr'><strong>Θείος</strong></span> <span class='ocrx_word' id='word_1_700' title='bbox 492 2392 686 2428; x_wconf 87' lang='grc' dir='ltr'>Χρυσόστομος</span> <span class='ocrx_word' id='word_1_701' title='bbox 711 2392 786 2427; x_wconf 84' lang='grc' dir='ltr'>λέγει</span> <span class='ocrx_word' id='word_1_702' title='bbox 800 2401 809 2410; x_wconf 76' lang='grc' dir='ltr'><strong><em>ο</em></strong></span> <span class='ocrx_word' id='word_1_703' title='bbox 829 2402 838 2419; x_wconf 78' lang='grc' dir='ltr'><strong>ι</strong></span> <span class='ocrx_word' id='word_1_704' title='bbox 860 2393 908 2424; x_wconf 87' lang='grc' dir='ltr'>Ὃς</span> <span class='ocrx_word' id='word_1_705' title='bbox 928 2392 962 2419; x_wconf 83' lang='grc' dir='ltr'>ἂν</span> <span class='ocrx_word' id='word_1_706' title='bbox 981 2392 1047 2428; x_wconf 83' lang='grc' dir='ltr'>δοκῇ</span> <span class='ocrx_word' id='word_1_707' title='bbox 1068 2392 1147 2426; x_wconf 80' lang='grc' dir='ltr'>φίλος</span> <span class='ocrx_word' id='word_1_708' title='bbox 1179 2390 1249 2419; x_wconf 88' lang='grc' dir='ltr'>εἴναι</span> <span class='ocrx_word' id='word_1_709' title='bbox 1280 2391 1336 2419; x_wconf 84' lang='grc' dir='ltr'><strong>τῶν</strong></span> <span class='ocrx_word' id='word_1_710' title='bbox 1356 2391 1520 2428; x_wconf 79' lang='grc' dir='ltr'>αἱρετικῶν,</span> <span class='ocrx_word' id='word_1_711' title='bbox 1543 2390 1645 2427; x_wconf 77' lang='grc' dir='ltr'>ἐχθρὸς</span> <span class='ocrx_word' id='word_1_712' title='bbox 1669 2392 1721 2418; x_wconf 75' lang='grc' dir='ltr'>τοῦ</span> <span class='ocrx_word' id='word_1_713' title='bbox 1743 2389 1808 2417; x_wconf 74' lang='grc' dir='ltr'>Θεοῦ</span> 
     </span>
    </p>
   </div>
   <div class='ocr_carea' id='block_1_100' title="bbox 176 2438 383 2466">
    <p class='ocr_par' dir='ltr' id='par_1_100' title="bbox 176 2438 383 2466">
     <span class='ocr_line' id='line_1_100' title="bbox 176 2438 383 2466; baseline -0.01 0"><span class='ocrx_word' id='word_1_714' title='bbox 176 2438 352 2466; x_wconf 71' lang='grc' dir='ltr'>καθίσταται.</span> <span class='ocrx_word' id='word_1_715' title='bbox 373 2447 383 2464; x_wconf 75' lang='grc' dir='ltr'><strong>ι</strong></span> 
     </span>
    </p>
   </div>
   <div class='ocr_carea' id='block_1_101' title="bbox 213 2484 962 2520">
    <p class='ocr_par' dir='ltr' id='par_1_101' title="bbox 213 2484 962 2520">
     <span class='ocr_line' id='line_1_101' title="bbox 213 2484 962 2520; baseline 0 -9"><span class='ocrx_word' id='word_1_716' title='bbox 213 2484 286 2512; x_wconf 79' lang='lat' dir='ltr'><strong>XVI.</strong></span> <span class='ocrx_word' id='word_1_717' title='bbox 300 2484 370 2512; x_wconf 89' lang='lat' dir='ltr'><strong>Sane</strong></span> <span class='ocrx_word' id='word_1_718' title='bbox 384 2490 413 2511; x_wconf 90' lang='lat' dir='ltr'><strong>ut</strong></span> <span class='ocrx_word' id='word_1_719' title='bbox 429 2486 488 2520; x_wconf 81' lang='lat' dir='ltr'><strong>quis</strong></span> <span class='ocrx_word' id='word_1_720' title='bbox 502 2493 596 2513; x_wconf 88' lang='lat' dir='ltr'><strong>sacras</strong></span> <span class='ocrx_word' id='word_1_721' title='bbox 609 2485 764 2520; x_wconf 84' lang='lat' dir='ltr'><strong>Scripturas</strong></span> <span class='ocrx_word' id='word_1_722' title='bbox 778 2485 833 2519; x_wconf 88' lang='lat' dir='ltr'><strong>ipse</strong></span> <span class='ocrx_word' id='word_1_723' title='bbox 849 2484 962 2512; x_wconf 83' lang='lat' dir='ltr'><strong>scrutari</strong></span> 
     </span>
    </p>
   </div>
   <div class='ocr_carea' id='block_1_102' title="bbox 176 2530 962 2566">
    <p class='ocr_par' dir='ltr' id='par_1_102' title="bbox 176 2530 962 2566">
     <span class='ocr_line' id='line_1_102' title="bbox 176 2530 962 2566; baseline -0.001 -9"><span class='ocrx_word' id='word_1_724' title='bbox 176 2531 277 2563; x_wconf 79' lang='lat' dir='ltr'><strong>valeat,</strong></span> <span class='ocrx_word' id='word_1_725' title='bbox 295 2538 326 2558; x_wconf 92' lang='lat' dir='ltr'><strong>ac</strong></span> <span class='ocrx_word' id='word_1_726' title='bbox 341 2535 495 2558; x_wconf 87' lang='lat' dir='ltr'><strong>sanctorum</strong></span> <span class='ocrx_word' id='word_1_727' title='bbox 518 2530 629 2558; x_wconf 89' lang='lat' dir='ltr'><strong>Patrum</strong></span> <span class='ocrx_word' id='word_1_728' title='bbox 655 2531 804 2566; x_wconf 77' lang='lat' dir='ltr'><strong>intelligere</strong></span> <span class='ocrx_word' id='word_1_729' title='bbox 826 2532 962 2566; x_wconf 76' lang='lat' dir='ltr'><strong>dogmata,</strong></span> 
     </span>
    </p>
   </div>
   <div class='ocr_carea' id='block_1_103' title="bbox 177 2573 965 2610">
    <p class='ocr_par' dir='ltr' id='par_1_103' title="bbox 177 2573 965 2610">
     <span class='ocr_line' id='line_1_103' title="bbox 177 2573 965 2610; baseline -0.006 -6"><span class='ocrx_word' id='word_1_730' title='bbox 177 2576 244 2604; x_wconf 87' lang='lat' dir='ltr'><strong>istos</strong></span> <span class='ocrx_word' id='word_1_731' title='bbox 264 2576 333 2604; x_wconf 86' lang='lat' dir='ltr'><strong>alios</strong></span> <span class='ocrx_word' id='word_1_732' title='bbox 349 2583 443 2603; x_wconf 84' lang='lat' dir='ltr'><strong>omnes</strong></span> <span class='ocrx_word' id='word_1_733' title='bbox 462 2576 602 2603; x_wconf 69' lang='lat' dir='ltr'><strong>haereticos</strong></span> <span class='ocrx_word' id='word_1_734' title='bbox 618 2576 762 2610; x_wconf 90' lang='lat' dir='ltr'><strong>plurimum</strong></span> <span class='ocrx_word' id='word_1_735' title='bbox 780 2573 965 2609; x_wconf 81' lang='lat' dir='ltr'><strong>impietatibns</strong></span> 
     </span>
    </p>
   </div>
   <div class='ocr_carea' id='block_1_104' title="bbox 177 2619 965 2655">
    <p class='ocr_par' dir='ltr' id='par_1_104' title="bbox 177 2619 965 2655">
     <span class='ocr_line' id='line_1_104' title="bbox 177 2619 965 2655; baseline -0.003 -8"><span class='ocrx_word' id='word_1_736' title='bbox 177 2626 308 2654; x_wconf 88' lang='lat' dir='ltr'><strong>superare</strong></span> <span class='ocrx_word' id='word_1_737' title='bbox 333 2619 451 2647; x_wconf 82' lang='lat' dir='ltr'><strong>inveniet</strong></span> <span class='ocrx_word' id='word_1_738' title='bbox 471 2628 480 2647; x_wconf 90' lang='lat'><strong>:</strong></span> <span class='ocrx_word' id='word_1_739' title='bbox 504 2624 534 2647; x_wconf 91' lang='lat' dir='ltr'><strong>ut</strong></span> <span class='ocrx_word' id='word_1_740' title='bbox 559 2621 603 2647; x_wconf 91' lang='lat' dir='ltr'><strong>alii</strong></span> <span class='ocrx_word' id='word_1_741' title='bbox 620 2620 726 2655; x_wconf 89' lang='lat' dir='ltr'><strong>quidem</strong></span> <span class='ocrx_word' id='word_1_742' title='bbox 755 2619 872 2646; x_wconf 74' lang='lat' dir='ltr'><strong>haeretici</strong></span> <span class='ocrx_word' id='word_1_743' title='bbox 898 2620 965 2646; x_wconf 87' lang='lat' dir='ltr'><strong>satis</strong></span> 
     </span>
    </p>
   </div>
   <div class='ocr_carea' id='block_1_105' title="bbox 178 2665 963 2701">
    <p class='ocr_par' dir='ltr' id='par_1_105' title="bbox 178 2665 963 2701">
     <span class='ocr_line' id='line_1_105' title="bbox 178 2665 963 2701; baseline 0 -9"><span class='ocrx_word' id='word_1_744' title='bbox 178 2665 333 2698; x_wconf 84' lang='lat' dir='ltr'><strong>habuerint,</strong></span> <span class='ocrx_word' id='word_1_745' title='bbox 358 2666 454 2700; x_wconf 78' lang='lat' dir='ltr'><strong>singuli</strong></span> <span class='ocrx_word' id='word_1_746' title='bbox 470 2666 503 2693; x_wconf 89' lang='lat' dir='ltr'><strong>ab</strong></span> <span class='ocrx_word' id='word_1_747' title='bbox 525 2674 576 2693; x_wconf 93' lang='lat' dir='ltr'><strong>una</strong></span> <span class='ocrx_word' id='word_1_748' title='bbox 592 2666 680 2701; x_wconf 87' lang='lat' dir='ltr'><strong>aliqua</strong></span> <span class='ocrx_word' id='word_1_749' title='bbox 696 2665 798 2701; x_wconf 87' lang='lat' dir='ltr'><strong>synodo</strong></span> <span class='ocrx_word' id='word_1_750' title='bbox 815 2665 940 2693; x_wconf 89' lang='lat' dir='ltr'><strong>devoveri</strong></span> <span class='ocrx_word' id='word_1_751' title='bbox 957 2673 963 2692; x_wconf 91' lang='lat'><strong>:</strong></span> 
     </span>
    </p>
   </div>
   <div class='ocr_carea' id='block_1_106' title="bbox 179 2711 966 2746">
    <p class='ocr_par' dir='ltr' id='par_1_106' title="bbox 179 2711 966 2746">
     <span class='ocr_line' id='line_1_106' title="bbox 179 2711 966 2746; baseline 0.001 -9"><span class='ocrx_word' id='word_1_752' title='bbox 179 2711 228 2738; x_wconf 86' lang='lat' dir='ltr'><strong>bos</strong></span> <span class='ocrx_word' id='word_1_753' title='bbox 244 2715 333 2739; x_wconf 87' lang='lat' dir='ltr'><strong>autem</strong></span> <span class='ocrx_word' id='word_1_754' title='bbox 351 2718 443 2738; x_wconf 92' lang='lat' dir='ltr'><strong>eorum</strong></span> <span class='ocrx_word' id='word_1_755' title='bbox 460 2711 604 2746; x_wconf 87' lang='lat' dir='ltr'><strong>impietatis</strong></span> <span class='ocrx_word' id='word_1_756' title='bbox 617 2711 701 2739; x_wconf 87' lang='lat' dir='ltr'><strong>duces</strong></span> <span class='ocrx_word' id='word_1_757' title='bbox 717 2719 750 2739; x_wconf 89' lang='lat' dir='ltr'><strong>ac</strong></span> <span class='ocrx_word' id='word_1_758' title='bbox 766 2711 920 2746; x_wconf 84' lang='lat' dir='ltr'><strong>magistros,</strong></span> <span class='ocrx_word' id='word_1_759' title='bbox 933 2718 966 2739; x_wconf 91' lang='lat' dir='ltr'><strong>eo</strong></span> 
     </span>
    </p>
   </div>
   <div class='ocr_carea' id='block_1_107' title="bbox 213 2779 808 2815">
    <p class='ocr_par' dir='ltr' id='par_1_107' title="bbox 213 2779 808 2815">
     <span class='ocr_line' id='line_1_107' title="bbox 213 2779 808 2815; baseline 0.003 -9"><span class='ocrx_word' id='word_1_760' title='bbox 213 2779 236 2795; x_wconf 84' lang='grc'>³⁷</span> <span class='ocrx_word' id='word_1_761' title='bbox 262 2779 359 2808; x_wconf 83' lang='lat' dir='ltr'><strong>Matth.</strong></span> <span class='ocrx_word' id='word_1_762' title='bbox 373 2788 422 2814; x_wconf 85' lang='lat' dir='ltr'><strong>vn,</strong></span> <span class='ocrx_word' id='word_1_763' title='bbox 439 2780 482 2808; x_wconf 84' lang='grc'><strong>16.</strong></span> <span class='ocrx_word' id='word_1_764' title='bbox 521 2780 543 2797; x_wconf 82' lang='grc'><strong>³⁸</strong></span> <span class='ocrx_word' id='word_1_765' title='bbox 561 2780 582 2809; x_wconf 87' lang='grc' dir='ltr'><strong>ΙΙ</strong></span> <span class='ocrx_word' id='word_1_766' title='bbox 605 2780 681 2809; x_wconf 76' lang='lat' dir='ltr'><strong>Joan.</strong></span> <span class='ocrx_word' id='word_1_767' title='bbox 704 2780 748 2815; x_wconf 81' lang='grc'>10,</span> <span class='ocrx_word' id='word_1_768' title='bbox 765 2781 808 2808; x_wconf 80' lang='grc' dir='ltr'><strong>Η.</strong></span> 
     </span>
    </p>
   </div>
   <div class='ocr_carea' id='block_1_108' title="bbox 216 2842 471 2877">
    <p class='ocr_par' dir='ltr' id='par_1_108' title="bbox 216 2842 471 2877">
     <span class='ocr_line' id='line_1_108' title="bbox 216 2842 471 2877; baseline 0 -9"><span class='ocrx_word' id='word_1_769' title='bbox 216 2842 272 2877; x_wconf 73' lang='grc'>(54)</span> <span class='ocrx_word' id='word_1_770' title='bbox 285 2842 354 2877; x_wconf 85' lang='lat' dir='ltr'><strong>Lege</strong></span> <span class='ocrx_word' id='word_1_771' title='bbox 369 2842 471 2877; x_wconf 59' lang='grc' dir='ltr'>ἔργοις</span> 
     </span>
    </p>
   </div>
   <div class='ocr_carea' id='block_1_109' title="bbox 1049 2483 1807 2521">
    <p class='ocr_par' dir='ltr' id='par_1_109' title="bbox 1049 2483 1807 2521">
     <span class='ocr_line' id='line_1_109' title="bbox 1049 2483 1807 2521; baseline 0.003 -11"><span class='ocrx_word' id='word_1_772' title='bbox 1049 2483 1108 2518; x_wconf 73' lang='grc' dir='ltr'>ις’.</span> <span class='ocrx_word' id='word_1_773' title='bbox 1122 2484 1152 2511; x_wconf 93' lang='lat'><strong>&#39;0</strong></span> <span class='ocrx_word' id='word_1_774' title='bbox 1169 2484 1219 2520; x_wconf 83' lang='grc' dir='ltr'>μὲν</span> <span class='ocrx_word' id='word_1_775' title='bbox 1233 2484 1383 2520; x_wconf 79' lang='grc' dir='ltr'>δυνάμενος</span> <span class='ocrx_word' id='word_1_776' title='bbox 1394 2486 1508 2521; x_wconf 77' lang='grc' dir='ltr'>ὲρευνᾷν</span> <span class='ocrx_word' id='word_1_777' title='bbox 1521 2485 1571 2517; x_wconf 76' lang='grc' dir='ltr'><strong>τὰς</strong></span> <span class='ocrx_word' id='word_1_778' title='bbox 1587 2484 1666 2517; x_wconf 71' lang='grc' dir='ltr'>Θείας</span> <span class='ocrx_word' id='word_1_779' title='bbox 1684 2485 1807 2520; x_wconf 55' lang='grc' dir='ltr'>Γραῴς,</span> 
     </span>
    </p>
   </div>
   <div class='ocr_carea' id='block_1_110' title="bbox 1018 2529 1806 2567">
    <p class='ocr_par' dir='ltr' id='par_1_110' title="bbox 1018 2529 1806 2567">
     <span class='ocr_line' id='line_1_110' title="bbox 1018 2529 1806 2567; baseline -0.001 -11"><span class='ocrx_word' id='word_1_780' title='bbox 1018 2529 1066 2556; x_wconf 78' lang='grc' dir='ltr'>καὶ</span> <span class='ocrx_word' id='word_1_781' title='bbox 1083 2531 1154 2556; x_wconf 86' lang='grc' dir='ltr'>νοεῖν</span> <span class='ocrx_word' id='word_1_782' title='bbox 1170 2530 1205 2556; x_wconf 81' lang='grc' dir='ltr'><strong>τὰ</strong></span> <span class='ocrx_word' id='word_1_783' title='bbox 1217 2530 1342 2566; x_wconf 83' lang='grc' dir='ltr'>δόγματα</span> <span class='ocrx_word' id='word_1_784' title='bbox 1356 2531 1411 2558; x_wconf 85' lang='grc' dir='ltr'>τῶν</span> <span class='ocrx_word' id='word_1_785' title='bbox 1426 2531 1513 2565; x_wconf 77' lang='grc' dir='ltr'>ἁγίων</span> <span class='ocrx_word' id='word_1_786' title='bbox 1527 2531 1674 2566; x_wconf 82' lang='grc' dir='ltr'>Πατέρων,</span> <span class='ocrx_word' id='word_1_787' title='bbox 1695 2531 1806 2567; x_wconf 77' lang='grc' dir='ltr'>εὑρήσει</span> 
     </span>
    </p>
   </div>
   <div class='ocr_carea' id='block_1_111' title="bbox 1016 2573 1805 2611">
    <p class='ocr_par' dir='ltr' id='par_1_111' title="bbox 1016 2573 1805 2611">
     <span class='ocr_line' id='line_1_111' title="bbox 1016 2573 1805 2611; baseline 0.004 -11"><span class='ocrx_word' id='word_1_788' title='bbox 1016 2573 1132 2606; x_wconf 76' lang='grc' dir='ltr'>τούτους</span> <span class='ocrx_word' id='word_1_789' title='bbox 1148 2574 1220 2610; x_wconf 77' lang='grc' dir='ltr'>ὑπὲρ</span> <span class='ocrx_word' id='word_1_790' title='bbox 1235 2575 1340 2607; x_wconf 74' lang='grc' dir='ltr'>πάντας</span> <span class='ocrx_word' id='word_1_791' title='bbox 1359 2576 1423 2608; x_wconf 81' lang='grc' dir='ltr'>τοὺς</span> <span class='ocrx_word' id='word_1_792' title='bbox 1440 2577 1538 2608; x_wconf 73' lang='grc' dir='ltr'>ἄλλους</span> <span class='ocrx_word' id='word_1_793' title='bbox 1560 2576 1727 2611; x_wconf 74' lang='grc' dir='ltr'>αἱρετικοίις</span> <span class='ocrx_word' id='word_1_794' title='bbox 1749 2578 1805 2607; x_wconf 63' lang='grc' dir='ltr'>ταῖς</span> 
     </span>
    </p>
   </div>
   <div class='ocr_carea' id='block_1_112' title="bbox 1015 2619 1804 2657">
    <p class='ocr_par' dir='ltr' id='par_1_112' title="bbox 1015 2619 1804 2657">
     <span class='ocr_line' id='line_1_112' title="bbox 1015 2619 1804 2657; baseline 0.001 -11"><span class='ocrx_word' id='word_1_795' title='bbox 1015 2619 1158 2652; x_wconf 81' lang='grc' dir='ltr'>ἀσεϐείαις</span> <span class='ocrx_word' id='word_1_796' title='bbox 1188 2621 1256 2648; x_wconf 82' lang='grc' dir='ltr'>πολὺ</span> <span class='ocrx_word' id='word_1_797' title='bbox 1286 2622 1522 2657; x_wconf 79' lang='grc' dir='ltr'>ὑπερϐαίνοντας’</span> <span class='ocrx_word' id='word_1_798' title='bbox 1547 2622 1620 2649; x_wconf 80' lang='grc' dir='ltr'>ὥστε</span> <span class='ocrx_word' id='word_1_799' title='bbox 1647 2623 1713 2654; x_wconf 77' lang='grc' dir='ltr'>τοὺς</span> <span class='ocrx_word' id='word_1_800' title='bbox 1739 2623 1804 2657; x_wconf 70' lang='grc' dir='ltr'>μετὰ</span> 
     </span>
    </p>
   </div>
   <div class='ocr_carea' id='block_1_113' title="bbox 1016 2666 1801 2704">
    <p class='ocr_par' dir='ltr' id='par_1_113' title="bbox 1016 2666 1801 2704">
     <span class='ocr_line' id='line_1_113' title="bbox 1016 2666 1801 2704; baseline 0.001 -11"><span class='ocrx_word' id='word_1_801' title='bbox 1016 2666 1114 2699; x_wconf 80' lang='grc' dir='ltr'>ἄλλους</span> <span class='ocrx_word' id='word_1_802' title='bbox 1134 2668 1292 2703; x_wconf 79' lang='grc' dir='ltr'>αίρετικοὺς</span> <span class='ocrx_word' id='word_1_803' title='bbox 1313 2669 1428 2704; x_wconf 83' lang='grc' dir='ltr'>ἀρκετὸν</span> <span class='ocrx_word' id='word_1_804' title='bbox 1448 2667 1520 2695; x_wconf 81' lang='grc' dir='ltr'>εἷναι</span> <span class='ocrx_word' id='word_1_805' title='bbox 1540 2669 1594 2695; x_wconf 77' lang='grc' dir='ltr'><strong>ὑπὸ</strong></span> <span class='ocrx_word' id='word_1_806' title='bbox 1611 2671 1680 2703; x_wconf 78' lang='grc' dir='ltr'>μιᾶς</span> <span class='ocrx_word' id='word_1_807' title='bbox 1698 2669 1801 2695; x_wconf 70' lang='grc' dir='ltr'>συνόδου</span> 
     </span>
    </p>
   </div>
   <div class='ocr_carea' id='block_1_114' title="bbox 1015 2712 1799 2750">
    <p class='ocr_par' dir='ltr' id='par_1_114' title="bbox 1015 2712 1799 2750">
     <span class='ocr_line' id='line_1_114' title="bbox 1015 2712 1799 2750; baseline 0.003 -10"><span class='ocrx_word' id='word_1_808' title='bbox 1015 2712 1065 2741; x_wconf 69' lang='grc' dir='ltr'>ἕνα</span> <span class='ocrx_word' id='word_1_809' title='bbox 1080 2713 1197 2741; x_wconf 76' lang='grc' dir='ltr'>ἕκαστον</span> <span class='ocrx_word' id='word_1_810' title='bbox 1215 2714 1306 2741; x_wconf 80' lang='grc' dir='ltr'>αὐτῶν</span> <span class='ocrx_word' id='word_1_811' title='bbox 1319 2715 1584 2750; x_wconf 76' lang='grc' dir='ltr'>ἀναθεματισθῆναι.</span> <span class='ocrx_word' id='word_1_812' title='bbox 1613 2715 1735 2748; x_wconf 66' lang='grc' dir='ltr'>Τούτους</span> <span class='ocrx_word' id='word_1_813' title='bbox 1747 2715 1799 2749; x_wconf 77' lang='lat'><strong>(55)</strong></span> 
     </span>
    </p>
   </div>
   <div class='ocr_carea' id='block_1_115' title="bbox 1050 2843 1379 2881">
    <p class='ocr_par' dir='ltr' id='par_1_115' title="bbox 1050 2843 1379 2881">
     <span class='ocr_line' id='line_1_115' title="bbox 1050 2843 1379 2881; baseline 0 -8"><span class='ocrx_word' id='word_1_814' title='bbox 1050 2845 1105 2881; x_wconf 78' lang='lat'><strong>(55)</strong></span> <span class='ocrx_word' id='word_1_815' title='bbox 1119 2845 1199 2875; x_wconf 82' lang='lat' dir='ltr'><strong>Forte</strong></span> <span class='ocrx_word' id='word_1_816' title='bbox 1213 2843 1284 2873; x_wconf 77' lang='grc' dir='ltr'>οὗτοι</span> <span class='ocrx_word' id='word_1_817' title='bbox 1300 2845 1327 2873; x_wconf 79' lang='grc' dir='ltr'>δὲ</span> <span class='ocrx_word' id='word_1_818' title='bbox 1344 2846 1379 2873; x_wconf 72' lang='grc' dir='ltr'><strong>οἱ.</strong></span> 
     </span>
    </p>
   </div>
  </div>
