1875 3056
38 117 116 152 1213

569 118 712 150 ORATIO
731 118 745 147 1
765 116 912 147 CONTRA
939 117 1145 149 ARMENIOS.

1608 114 1676 146 19M

35 175 69 201 δὲ
89 174 157 207 τοὺς
176 174 225 210 τῆς
241 173 370 206 ἀσεϐείας
383 173 474 201 αὐτῶν
486 173 626 210 ἀρχηγοὺς
642 174 689 201 καὶ
705 173 833 200 διδασκά-

925 173 958 200 od
981 181 1035 207 prre
1053 172 1187 200 haereticis
1201 172 1261 199 aliis
1277 171 1447 205 audaciores,
1464 179 1495 199 ac
1510 169 1605 205 majori
1624 171 1676 199 im-

36 221 120 254 λους,
146 221 242 258 ἐπειδὴ
268 221 323 248 τῶν
347 220 436 248 ἄλλων
464 221 612 256 αῐρετικῶν
638 220 835 255 τολμηρότεροι

39 269 94 294 καὶ
119 267 299 303 ἀσεϐέστεροι
324 267 479 301 γενόμενοι,
514 267 614 302 μυρίας
638 267 759 301 αἱρέσεις
788 266 836 293 καὶ

42 313 226 348 βλασφημίας
254 314 301 340 καὶ
327 314 460 350 ἀρνήσεις
489 313 560 340 κατὰ
578 313 627 348 τῆς
650 313 697 340 τοῦ
716 312 835 348 Χριστοῦ

43 359 227 395 σαρκώσεως,
243 361 291 386 καὶ
307 359 449 391 εὐσεϐείας
473 359 626 386 ὲπλάσαντο
637 380 645 391 ,
660 359 708 386 καὶ
725 367 836 394 χριστο-

45 406 133 440 μάχοι
152 406 301 441 προφανῶς
321 406 528 441 ἀνεδείχοησαν,
558 406 607 440 οὐχ
630 405 682 431 ὑπὸ
706 406 770 440 μιᾶς
789 405 836 432 καὶ
857 422 860 427 ι

44 455 135 490 μόνης
167 455 285 481 συνόδου
317 455 544 490 κατεκρίθησαν’
576 453 702 480 ἀλλ’ὑπὺ
731 453 837 479 πολλῶν

41 501 95 527 καὶ
115 501 242 536 μεγάλων
258 501 455 537 οίκουμενικῶν
473 501 520 527 καὶ
534 499 656 527 τοπικῶν
668 499 752 534 ἁγίων
772 508 836 525 συν-

42 547 115 574 όδων
128 547 343 582 κατακριθέντες
354 548 401 574 καὶ
416 546 690 582 ἁναθεματισθὲντες.

81 593 134 620 lZ'.
156 594 208 620 Τὸν
239 593 289 629 μὲν
315 594 369 629 γὰρ
390 593 502 628 Ἀρειον
522 593 594 619 κατὰ
622 592 668 619 τοῦ
696 592 760 618 Υἱοῦ
789 591 836 618 τοῦ

42 640 115 666 Θεοῦ
142 639 372 675 βλασφημοῦντα,
399 640 416 674 ὴ
444 638 540 675 πρώτη
568 639 634 673 ἁγία
660 637 837 673 οἱκουμενικὴ

43 687 171 719 σύνοδος,
187 687 243 713 τῶν
266 689 320 721 τιη¹
341 685 426 720 ἁγίων
441 686 513 712 Πατέ
518 695 571 721 ρων
585 685 766 719 ἁνεθεμάτισε
777 684 838 711 υτον

41 731 72 758 δὲ
93 730 324 766 πνευματομάχον
343 730 519 761 Μακεδόνων,
540 729 595 755 τῶν
608 728 646 764 ρν¹
674 729 760 763 ἁγίων
782 731 838 756 Πα-

39 778 197 813 τὲρων.....
241 776 484 813 Βλασφημοῦντα,
511 776 559 803 καὶ
588 776 666 811 ψιλὸν
694 776 837 812 ἄνθρωπον

40 824 130 850 αὑτὸν
148 823 275 858 λέγοντα,
292 824 338 851 καὶ
353 823 564 859 ἀνθρωποτόκον
580 823 630 858 τὴν
651 823 759 858 ἀληθῶς
773 824 838 849 Θεο-

39 870 130 896 τόκον
145 869 361 905 δογματίσαντα,
385 869 402 904 ὴ
425 870 455 895 ἐν
468 868 576 905 Ἐφέσῳ
593 869 689 904 πρώτη
707 869 760 895 τῶν
776 868 835 895 δια-

40 916 151 943 κοσίων
174 915 336 942 θεσπεσίων
359 915 500 950 Πατέρων,
526 916 542 950 ὴ
566 915 632 949 ἁγία
659 914 836 949 οῐκουμενικὴ

41 962 128 998 τρίτη
147 962 258 994 σύνοδος
270 982 278 994 ,
298 962 409 988 καθεῖλε
434 962 482 988 καὶ
510 961 696 997 ἀπεκήρυξεν.
714 961 837 997 Εὐτυχέα

42 1006 73 1032 δὲ
91 1006 140 1032 καὶ
157 1006 304 1041 Διόσκορον
315 1026 322 1038 ,
339 1005 472 1040 Τιμόθεον
496 1006 542 1032 τὸν
564 1006 713 1042 Αἴλουρον.
734 1006 837 1041 Πέτρον

42 1052 94 1078 τὸν
111 1052 236 1086 Κναφέα,
253 1051 309 1084 ζκαὶ
331 1051 460 1078 Ἰάκωσον
483 1051 529 1078 τὸν
555 1051 652 1087 Σύρον,
680 1051 835 1085 Ἰουλιανδν,

42 1096 94 1122 καὶ¹
112 1096 242 1131 Σευῆρον,
260 1096 308 1122 καὶ
323 1096 387 1127 τοὺς
403 1095 562 1131 ὁμόφρονας
575 1095 666 1122 αὐτῶν
678 1105 686 1112 ·
701 1096 836 1132 πρότερον

44 1141 100 1175 μὲν
130 1141 244 1176 μηδέπω
272 1140 376 1168 τούτων
409 1141 613 1176 ἀναφανέντων,
644 1142 794 1178 Γρηγόριος
823 1145 838 1170 ὁ

42 1186 278 1222 Θαυματουργδς.
302 1187 464 1219 Ἀθανάσιος
480 1189 493 1215 ὁ
518 1188 617 1223 μέγας,
644 1188 796 1224 Γρηγόριος
823 1190 838 1216 ὁ

42 1233 191 1268 Θεολόγος,
203 1227 355 1270 Γρηγόριος
368 1234 382 1260 ὁ
395 1233 835 1271 Νύσσης,“Δμόρώσιος,Ἐφραὶμ,

49 1278 184 1314 Ἰωάννης
211 1278 226 1305 ὸ
252 1279 462 1314 Χρυσόστομος,
498 1279 676 1315 Σίλϐεστρος,
714 1279 836 1313 Ἰούλιος,

42 1324 196 1359 Δάμασος,
216 1325 352 1361 Κύριλλος
372 1326 572 1362 Ἱεροσολύμων
586 1345 594 1358 ,
610 1326 745 1362 Κύριλλος
760 1327 836 1354 Ἀλε-

45 1370 204 1407 ξανδρειας,
229 1372 399 1406 Ἐπιφὰνιοτ,
425 1372 567 1405 Βασίλειος
588 1374 602 1400 ὁ
626 1373 723 1407 Μέγας
738 1381 744 1388 ·
761 1373 838 1407 ἰσάγ-

44 1417 126 1452 γελοι
143 1417 191 1445 καὶ
206 1417 332 1454 θεοφόροι
343 1418 392 1445 καὶ⁵
404 1418 610 1454 θαυματουργοὶ
627 1419 674 1445 καὶ
691 1419 838 1454 σημειοφό-

47 1472 94 1499 ροι
120 1463 195 1497 ἅγιοι
222 1465 356 1500 Πατέρες,
381 1465 570 1498 προφητικῶς,
589 1465 626 1496 ὡς
651 1465 697 1491 τὸν
714 1465 835 1499 Ἀρειον,

45 1509 99 1536 καὶ
123 1509 290 1558 λίανιχαῖον,
312 1510 359 1536 καὶ
390 1510 607 1546 Ἀπολλινάριον,
629 1510 729 1545 ὁμοίως
745 1511 837 1543 αὐτοῖς
851 1527 874 1558 C

46 1556 100 1583 καὶ
114 1557 178 1588 τοὺς
195 1555 260 1591 μίαν
269 1556 352 1590 φύσιν
367 1556 396 1583 ἐν
410 1557 521 1592 Χριστῷ
534 1556 777 1591 βλασφημοῦντας,
790 1557 838 1584 καὶ

44 1602 100 1637 τὴν
116 1601 233 1637 θεότητα
247 1601 332 1628 αὐτοῦ
355 1601 481 1636 παθητὴν
503 1602 551 1628 καὶ
574 1602 675 1638 θνητὴν
701 1603 839 1638 δογματί-

45 1647 157 1681 ζοντας,
187 1647 319 1683 μυριάκις
341 1646 563 1682 ἀνεθεμάτισαν·
591 1647 782 1682 ἀναφανέντας
809 1648 838 1675 δὲ

45 1694 150 1725 αὐτούς
173 1702 180 1709 ·
204 1694 277 1728 λέγω
294 1693 326 1729 δὴ
345 1693 472 1728 Εὺτυχέα
491 1693 538 1720 καὶ
564 1694 729 1730 Διόσκορον,
752 1695 838 1730 Τιμό-

47 1740 123 1770 θεον,
144 1739 191 1766 καὶ
206 1739 320 1775 Πέτρον,
341 1739 391 1766 καὶ
406 1738 561 1772 Ἰουλιανὺν,
581 1740 704 1771 καὶτοὺς
721 1741 839 1775 ὁμόφρο-

45 1793 100 1815 νας
115 1784 205 1811 αὐτῶν
219 1793 227 1801 υ
247 1784 358 1820 πρῶτον
377 1784 439 1820 μὲν,
455 1785 531 1811 Λέων
551 1786 565 1812 ὁ
580 1785 687 1819 Μέγας,
711 1787 757 1812 καὶ
770 1786 839 1812 Φλα-

46 1830 145 1862 6ιανὸς
159 1830 183 1856 οἱ
200 1831 349 1864 ἁγιώτατοι
368 1837 374 1844 ·
394 1825 441 1857 καὶ
462 1831 478 1866 ἡ
495 1831 620 1866 μεγάλη,
639 1832 687 1858 καὶ
711 1833 837 1866 οίκουμε-

45 1877 114 1912 νικὴ
128 1877 183 1903 τῶν
207 1876 247 1912 χλ¹
263 1877 400 1912 θεοφόρων
417 1876 548 1912 Πατέρων
565 1878 594 1903 ὲν
605 1877 759 1912 Χαλκηδόνι
773 1879 838 1912 ἁγία

47 1924 172 1956 σύνοδος,
197 1923 357 1954 καθελόντες
376 1923 477 1954 αὐτοὺς
499 1923 546 1949 καὶ
575 1923 837 1958 ἀναθεματίσαντες,

45 1970 89 2005 τῷ
105 1969 220 2004 διαὸόλῳ
237 1969 411 2004 παρέδωκαν.
433 1969 573 2000 Ὡσαύτως
590 1970 618 1996 δὲ
634 1970 682 1996 καὶ
696 1970 725 1996 ἐν
739 1969 840 2005 Ἰερου-

47 2014 155 2048 σαλὴμ,
169 2014 216 2039 ἐπὶ
228 2012 412 2039 Ἀναστασίου
430 2012 478 2039 τοῦ
500 2012 618 2044 ἀσεὸοὖς
635 2013 777 2048 βασιλέως,
792 2014 839 2041 καὶ

52 2060 182 2088 Ἰωάννου
204 2059 376 2095 πατριάρχου
405 2059 613 2095 Ἰεροσολύμων,
629 2059 770 2093 Θεοδόσιος
792 2061 839 2087 κἰὶ

46 2105 143 2136 Σάὸας
160 2105 185 2131 οἱ
201 2103 361 2139 ἁγιώτατοι,
379 2104 446 2131 δέκα
465 2105 591 2139 χιλιάδας
612 2105 727 2141 πλήρεις
753 2106 838 2133 d6“-

45 2152 100 2182 δας
127 2150 309 2186 ὲρημιτικοὺς
342 2150 478 2184 μηναχοὺς
506 2150 679 2182 συνάξαντες.
716 2152 838 2187 Εὐτυχέα

887 218 986 252 pietate
1003 217 1102 249 allecti,
1121 217 1277 244 innumeras
1293 217 1419 248 htereses,
1436 224 1467 243 ac
1483 216 1675 250 blasphemias,

887 268 914 290 et
942 264 1101 297 negationes
1128 263 1258 290 adversus
1282 260 1381 290 Christi
1408 263 1619 290 incarnationem
1644 269 1676 289 ac

886 310 1013 344 pietatem
1030 307 1233 340 conﬂuxissent,
1248 315 1280 334 ac
1295 308 1438 343 perspicue
1460 307 1561 334 Christi
1579 315 1608 334 sc
1627 307 1675 333 ad-

887 356 1022 383 versarins
1044 354 1238 389 prodidissent.
1254 354 1352 380 nedum
1368 354 1402 379 3h
1419 361 1471 380 una
1496 361 1527 380 ac
1545 353 1674 386 singulari

888 402 989 438 synodo
1007 401 1127 427 damnari
1152 401 1282 434 oportuit,
1308 407 1401 426 verum
1420 407 1435 426 a
1455 400 1546 426 multis
1559 400 1678 434 magnis-

888 455 940 483 que
967 447 1163 474 nniversalibtts
1194 453 1225 473 ac
1254 445 1386 472 localibus
1431 446 1518 472 sacris
1547 445 1676 479 synodis,

887 494 1019 529 proscribi
1039 500 1150 520 necesse
1166 492 1226 524 fuit,
1244 499 1275 519 ac
1294 491 1430 518 devoveri.

922 590 1005 618 XVII.
1021 590 1113 617 Arium
1139 588 1247 624 quidem
1272 588 1402 614 adversus
1428 586 1473 612 Dei
1499 583 1595 612 Filium
1621 584 1677 611 hla-

889 637 1092 672 sphemantem,
1113 635 1198 669 prima
1225 639 1316 660 sancta
1347 631 1513 659 (Bcumeuica
1541 631 1676 665 synodus,

888 688 1044 711 sanctorum
1074 688 1188 708 cccxvm
1214 679 1325 706 Patrum
1345 678 1466 711 devovit;
1492 677 1678 704 Macedonium

889 733 979 756 autem
1003 728 1120 763 Spiritus
1137 727 1223 754 sancti
1247 724 1447 757 adversarium,
1463 731 1496 751 CI.
1521 727 1678 750 sanctorum

887 774 1057 802 l’atrum.....
1085 772 1249 809 (Nestorium
1277 771 1352 805 vero)
1379 769 1621 804 blasphemantem,
1648 775 1679 794 ac

889 829 984 856 purum
999 820 1135 848 hominem
1150 819 1237 853 ipsum
1253 817 1398 848 dicentem,
1414 823 1445 842 ac
1461 820 1574 842 matrem
1590 814 1679 842 homi-

892 869 943 900 nis,
961 875 1020 902 quae
1035 874 1097 894 vere
1113 865 1260 897 Deiparcns
1274 870 1357 895 esset,
1377 862 1462 898 prima
1481 862 1615 896 Ephesina
1638 861 1679 889 di-

891 914 1013 940 vinorum
1048 912 1224 939 ducentorum
1255 910 1362 937 Patrum
1391 913 1483 936 sancta
1511 908 1678 935 mcumenica

891 960 971 986 tertia
997 959 1127 994 synodus,
1153 957 1277 992 deposuit
1302 955 1521 990 proscripsitque.
1547 953 1580 981 At
1598 953 1680 988 Euty-

890 1007 994 1033 chctem
1008 1013 1039 1032 ac
1058 1005 1226 1034 Dioscorum,
1239 1002 1410 1029 Timotheum
1423 1001 1556 1033 E'urnm,
1570 999 1677 1026 Petrum

890 1052 1040 1084 Fullonem,
1058 1051 1186 1078 Jacobmn
1202 1049 1308 1085 Syrum,
1323 1048 1470 1079 Juliannm,
1488 1055 1518 1074 ac
1535 1047 1677 1078 Severum,

891 1107 921 1126 ac
942 1098 976 1125 iis
1000 1098 1124 1132 dogmate
1151 1095 1370 1128 consentientes;
1389 1094 1464 1130 prius
1487 1093 1595 1128 quidem
1617 1100 1678 1120 cum

891 1145 1006 1173 necdum
1031 1143 1230 1178 apparuissent,
1252 1141 1399 1176 Gregorius
1422 1135 1677 1168 ille‘miraculorum

891 1195 1021 1226 patrator,
1038 1189 1152 1223 Magnus
1169 1188 1345 1219 Athanasius,
1356 1187 1502 1220 Gregorius
1515 1186 1677 1220 Theologus,

890 1237 1037 1273 Gregorius
1060 1235 1209 1271 Nyssenus,
1224 1234 1392 1265 Ambrosius.
1408 1233 1524 1268 Ephrem
1537 1254 1545 1266 ,
1561 1232 1680 1260 Joannes

890 1281 1107 1316 Cltrysostomus,
1123 1279 1270 1315 Sylvester,
1291 1278 1389 1310 Julius,
1407 1278 1550 1311 Damasus,
1563 1277 1679 1313 Cyrillus

891 1326 1162 1361 Hierosolymilanus,
1185 1325 1301 1361 Cyrilltts
1327 1325 1538 1356 Alexandrinus,
1562 1324 1679 1358 Epipha-

891 1374 971 1405 nius.
993 1372 1107 1400 Basilius
1131 1371 1260 1406 Magnus,
1278 1371 1380 1406 angelis
1396 1371 1497 1399 similes
1512 1379 1543 1398 ac
1565 1371 1678 1400 deifcri.

891 1419 1142 1453 miraculorumque
1175 1421 1347 1452 patratores,
1380 1425 1412 1444 ac
1445 1417 1565 1452 signiferi
1592 1417 1678 1444 sancti

891 1466 997 1496 Patres,
1015 1464 1173 1499 prophetico
1198 1463 1303 1498 spiritu,
1335 1463 1372 1490 uti
1397 1462 1502 1495 Arium,
1534 1470 1566 1489 ac
1595 1463 1676 1490 Mani-

891 1512 1006 1543 clueum,
1025 1510 1285 1544 Apollinariumque,
1302 1508 1338 1536 ita
1360 1508 1462 1544 pariter
1477 1516 1536 1536 cum
1552 1507 1615 1539 illis,
1634 1515 1680 1535 eos

891 1557 937 1592 qui
960 1561 1083 1584 naturam
1095 1562 1174 1582 unam
1194 1554 1221 1581 in
1234 1554 1342 1582 Christo
1356 1554 1591 1588 blasphemarent,
1608 1552 1680 1587 ejus-

889 1611 942 1638 que
968 1602 1100 1630 Deitatem
1127 1600 1283 1636 passibilem
1309 1607 1341 1627 ac
1370 1599 1511 1627 mortalem
1546 1599 1679 1630 dicerent.

891 1648 1026 1676 sexcentis
1048 1647 1154 1674 vicibus
1172 1646 1350 1673 devoverant.
1367 1645 1417 1673 Ubi
1437 1649 1525 1672 autem
1543 1644 1680 1680 apparuis-

890 1699 959 1725 sent.
977 1693 1123 1728 Entycltes,
1147 1692 1268 1727 inquam,
1283 1696 1311 1719 et
1336 1691 1493 1724 Dioscorus,
1509 1690 1680 1724 Timotheus,

889 1739 1052 1773 Petrusqne,
1079 1746 1111 1765 ac
1135 1737 1270 1770 Julianus,
1302 1737 1390 1771 iisque
1419 1736 1518 1764 similia
1542 1740 1678 1769 errantes;

889 1785 1005 1820 primum
1021 1785 1128 1819 quidem
1153 1783 1328 1814 sanctissimi.
1346 1783 1458 1817 Magnus
1475 1782 1519 1810 ille
1532 1782 1598 1815 Leo.
1618 1781 1681 1809 Fla-

889 1832 1005 1863 vianus,
1040 1837 1190 1865 magnaque
1221 1835 1249 1856 et
1283 1829 1450 1856 mcnmenica
1487 1832 1679 1856 sexcentorum

890 1877 998 1911 trig’nta
1022 1883 1036 1903 a
1051 1876 1106 1903 Deo
1128 1875 1277 1902 nillatorttm
1297 1874 1404 1901 Patrum
1423 1879 1515 1901 saneta
1532 1874 1680 1901 Chalcedo-

891 1922 982 1949 nensis
1009 1922 1145 1956 synodus,
1173 1929 1219 1948 eos
1243 1921 1409 1955 deponentes
1441 1928 1472 1947 ac
1500 1921 1677 1952 devoventes,

890 1967 996 1994 diabolo
1018 1966 1194 1993 tradiderunt.
1217 1964 1348 1992 Similiter
1369 1970 1458 1992 autem
1486 1965 1512 1991 in
1529 1963 1677 1991 Jerusalem

890 2021 996 2047 quoque
1012 2013 1062 2040 sub
1080 2012 1163 2047 impio
1180 2012 1343 2046 imperatore
1357 2011 1512 2044 Anastasio,
1528 2018 1560 2037 ac
1574 2009 1679 2036 Joanne

891 2059 1138 2093 Hierosolymorum
1151 2057 1314 2093 patriarcha,
1326 2057 1490 2084 sanctissimi
1499 2056 1678 2087 Theodosius,

891 2113 922 2133 ac
937 2104 1033 2137 Sabas,
1052 2103 1261 2139 congregatione
1283 2103 1353 2129 facta
1373 2103 1466 2129 decem
1482 2101 1594 2129 millium
1610 2109 1678 2136 prae.

891 2151 1039 2186 positorum
1070 2157 1100 2177 ac
1125 2150 1320 2176 monachorum
1333 2148 1428 2180 eremi,
1442 2148 1618 2183 Eutychetem
1646 2153 1678 2172 ac

46 2197 99 2225 καὶ
121 2197 276 2231 Διόσκορον,
295 2196 444 2231 Τιμόθεον.
463 2196 566 2231 Πέτρον
582 2197 626 2223 τὸν
639 2198 765 2237 κναφέα,
791 2199 837 2225 καὶ

925 2204 1062 2227 oscorutn,
1086 2195 1271 2227 Timotheum,
1295 2194 1405 2222 Petrum
1429 2193 1579 2226 Fullonem,
1596 2192 1679 2220 Seve-

46 2242 184 2278 Σευῆρον,
205 2242 254 2268 καὶ
277 2241 342 2273 τοὺς
357 2241 460 2267 τούτων
485 2242 651 2277 ὁμόφρονας,
679 2242 718 2277 τῷ
742 2243 840 2270 ἀναθέ-

49 2297 119 2324 ματι
144 2287 318 2323 παρέδωκαν.
348 2287 405 2314 Καὶ
435 2287 451 2322 ἡ
482 2289 596 2322 πέμπτη
621 2288 649 2314 δὲ
680 2288 765 2322 ἁγία,
791 2289 839 2316 καὶ

46 2335 230 2371 οἶκουμενικὴ
253 2335 372 2368 σύνοδος,
399 2335 456 2361 τῶν
474 2334 528 2370 ρξε’
558 2336 644 2370 ἁγίων
661 2337 790 2372 Πατέρων
810 2337 839 2363 ἐν

46 2382 342 2410 Κωνσταντινουπόλει
367 2382 536 2409 συνελθοῦσα
566 2383 614 2409 ἐπὶ
645 2383 838 2409 Ἰουστινιανοῦ

49 2428 187 2465 βασιλέως
203 2427 249 2454 τοῦ
268 2427 399 2463 μεγάλου,
415 2428 464 2454 καὶ
477 2427 528 2463 τὴν
543 2429 572 2454 ὲν
590 2427 742 2463 Χαλκηδόνι
757 2429 838 2462 ἁγίαν

50 2474 165 2502 σύνοδον
181 2472 391 2509 ὲπικυρὼσασα,
408 2474 535 2509 Εὑτυχέα
549 2474 597 2500 καὶ
609 2475 755 2510 Διόσκορον
766 2495 773 2506 ,
791 2476 839 2502 καὶ

47 2521 115 2551 τοὺς
129 2520 285 2554 ὁμόφρονας
301 2519 392 2546 αὐτῶν
406 2519 645 2554 ἀναθεματίσασα.

87 2565 143 2592 IH’.
171 2565 256 2592 Πάλιν
280 2565 309 2591 δὲ
329 2565 427 2600 Μηνᾶς
455 2565 469 2591 ὁ
494 2564 648 2598 ἁγιώτατος
668 2565 839 2601 πατριάρχης

48 2611 391 2644 Κωνσταντινουπόλεως,
415 2611 464 2638 καὶ
486 2612 641 2647 Ἄγαπητὸς
656 2612 670 2637 ὁ
685 2614 840 2647 τρισμακάτ

49 2666 113 2694 ριος
127 2657 221 2689 πάπας
238 2656 361 2692 Ῥώμης,
373 2657 445 2685 κατὰ
464 2658 623 2694 Διοσκόρου,
639 2659 686 2685 καὶ
705 2660 836 2694 Σευήρου,

49 2705 100 2733 καὶ
116 2703 222 2739 Πέτρου
235 2703 283 2730 τοῦ
299 2703 446 2738 Κναφέως,
461 2704 509 2731 καὶ
525 2705 631 2739 Πέτρου
650 2705 762 2739 Μογγοῦ
777 2705 839 2732 σύν-

48 2752 111 2778 οδον
129 2749 370 2786 συναθροίσαντες,
386 2750 511 2793 τούτους,
528 2751 576 2777 καὶ
593 2751 642 2782 τὰς
654 2751 757 2778 τούτων
780 2752 839 2778 θεο-

51 2798 160 2833 μάχους
187 2796 360 2833 συγγραφὰς,
387 2796 436 2824 καὶ
466 2797 530 2829 τοὺς
560 2797 663 2825 τούτων
683 2798 838 2834 ὁμόφρονας

51 2843 319 2878 ἁναθεματίσαντες,
336 2843 375 2879 τῷ
390 2843 506 2878 διαϐόλῳ
520 2843 695 2879 παρέδωκαν.

890 2250 962 2273 rum,
978 2249 1010 2269 ac
1033 2248 1175 2275 sequaces.
1192 2240 1359 2267 anathemati
1378 2239 1556 2266 tradiderunt.
1582 2237 1633 2265 Sed
1651 2241 1680 2265 et

890 2289 984 2324 quinta
1012 2292 1105 2315 sancta
1130 2287 1295 2314 oscumenica
1312 2286 1442 2321 synodus,
1465 2290 1572 2313 centum
1598 2291 1678 2311 sexa-

890 2336 962 2370 ginta
977 2335 1096 2369 quinque
1112 2339 1267 2361 sanctarum
1283 2333 1405 2366 Patrum,
1416 2330 1677 2364 Constantinopolim

890 2380 939 2407 sub
960 2386 1057 2414 magno
1080 2378 1233 2406 Justiniano
1256 2379 1418 2412 imperatore
1440 2377 1621 2409 conveniens,
1645 2383 1678 2403 ac

890 2429 1010 2453 sanctam
1044 2425 1175 2458 synodum
1215 2423 1462 2451 Chalcedonensem‘
1495 2423 1676 2453 conﬁrmans,

889 2471 1066 2506 Eutychetem
1082 2474 1110 2497 et
1133 2469 1305 2502 Dioscorum,
1321 2469 1412 2503 eisque
1437 2469 1605 2495 adhaerentes
1629 2467 1677 2494 de-

890 2517 971 2544 vovit.

925 2569 1018 2597 XV‘III.
1031 2571 1131 2597 Iterum
1146 2577 1210 2596 vero
1223 2568 1410 2596 sanctissimus
1422 2567 1512 2594 Menas
1523 2566 1677 2601 patriarcha

889 2614 1218 2649 Coustantinopolitanus,
1245 2621 1277 2640 ac
1307 2618 1347 2640 ter
1372 2614 1465 2640 beatus
1489 2619 1557 2647 papa
1583 2611 1677 2640 Roma:

889 2661 1035 2696 Agapctus,
1053 2661 1183 2688 adversus
1206 2659 1375 2692 Dioscorum,
1399 2666 1431 2686 ac
1456 2657 1598 2691 Severum,
1623 2657 1676 2685 Pe-

889 2711 1014 2737 trumaue
1032 2706 1181 2736 Fullonem.
1200 2713 1232 2733 ac
1252 2705 1360 2733 Petrum
1384 2704 1519 2741 Moggum,
1543 2705 1674 2740 synodum

889 2759 1095 2788 congregantes,
1117 2756 1237 2785 eosdem,
1260 2759 1292 2779 ac
1310 2751 1366 2779 Dco
1389 2751 1560 2779 adversantia
1583 2757 1676 2777 eorum

888 2800 999 2832 scripta,
1018 2805 1167 2832 eorumque
1192 2798 1303 2826 haeresis
1326 2801 1474 2825 sectatores
1499 2796 1673 2828 devoventes,

889 2844 995 2873 diabolo
1013 2843 1188 2872 tradiderunt.
