1875 3056
53 179 115 211 1‘22]

580 176 721 208 ORATIO
734 176 758 207 ll
776 175 926 206 CONTRA
944 175 1154 206 ARMENIOS.

1607 174 1678 207 1222

56 238 131 264 Ἐπεὶ
146 237 193 263 κα)¹
209 237 224 263 6
244 235 331 263 Ἦσαῦ
348 236 448 272 πόρνος
464 236 511 263 καὶ
523 235 649 271 βδελυρὸς
662 235 777 271 ἐκλήθη,
789 234 836 260 καὶ

928 240 940 259 s
954 232 1105 266 appellatus
1117 237 1168 265 est,
1184 236 1265 267 atque
1281 239 1295 258 ιι
1314 232 1453 258 duodecim
1472 233 1678 268 tribuum,quas

49 281 211 317 διεχωρίσοη
229 282 260 308 ὲκ
274 281 329 307 τῶν
343 280 375 316 ιβ’
391 280 493 315 φυλῶν,
513 280 546 312 ἃς
563 280 670 314 ἐδέξατο
685 280 700 306 6
717 279 784 311 Θεὸς
800 280 840 310 εἰς

50 328 232 363 κληρονομίαν
258 327 356 354 ἑαυτοῦ
371 335 378 342 ·
399 327 442 353 ὅτι
456 326 500 353 διὰ
519 327 583 362 μιᾶς
610 325 737 361 βρώσεως
753 324 840 358 παρέ-

51 374 120 400 δωκε
134 373 182 409 τὴν
203 374 410 408 πρωτοτοκυίαν
435 372 518 400 αὑτοῦ
532 381 539 388 ·
559 372 634 406 πόσῳ
654 371 755 407 μᾶλλον
780 371 840 405 βδε-

50 420 207 456 λυκτὸτεροι
221 419 412 454 τυγχάνουσιν,
427 420 452 446 οἱ
466 420 515 454 τῆς
532 418 715 452 ἀποστολικῆς
729 418 776 444 καὶ
789 426 840 444 κα-

52 466 162 500 θολικῆς
187 465 349 500 Ἐκκλησίας
365 464 605 500 ἀλλοτριωθέντες,
617 464 663 490 καὶ
680 464 749 497 ξένοι
763 463 841 497 γενό-

53 520 127 546 μενοι
145 512 193 545 τῆς
214 511 368 546 ἀμωμήτου
386 511 515 542 πίστεως,
539 511 598 545 ἅμα
620 511 674 537 τῶν
692 509 777 544 ἁγίων
794 509 840 535 καὶ

51 555 236 584 ἀποστολικών
252 557 364 592 θρόνων.
382 557 435 583 Καὶ
456 555 583 583 Ἰωνάθαν
598 555 654 591 (60)
668 555 773 589 ἀγνοῶν
786 563 841 581 πα-

55 602 120 637 ρέὃη
134 602 183 637 τὴν
200 602 311 638 ἐντολὴν
328 602 375 629 τοῦ
387 602 492 638 πατρὸς
507 601 590 629 αὐτοῦ
608 601 695 629 Σαοὺλ
708 602 736 627 ὲν
753 600 840 636 καιρῴ

53 649 233 683 παρατάξεως
251 648 295 675 διὰ
306 649 482 684 βραχυτάτης
495 649 634 684 βρώσεως,
650 648 741 683 ψῆφον
756 647 840 674 θανά-

53 704 99 721 του
115 694 235 727 ὲδέξατο.
251 694 284 722 Τί
295 695 328 722 ἂν
339 696 443 730 εἴποιμι
456 696 520 730 περὶ
532 695 585 721 τῶν
597 694 738 726 τοιούτων,
749 694 775 720 οἱ
787 694 842 720 τῶν

52 741 140 774 ἁγίων
159 741 332 774 ἀποστόλων,
348 741 394 767 καὶ
413 741 468 768 τῶν
480 741 559 767 θείων
579 740 709 775 Πατέρων
726 739 842 766 ἐντολῶν

53 787 212 822 παραϐάται
228 807 234 819 ,
249 787 296 814 καὶ
319 787 354 814 τὰ
367 787 422 814 τῶν
444 786 578 821 Ἐϐραίων
593 785 774 821 φρονούντων.
788 785 842 811 Καὶ

52 835 65 860 6
79 834 164 860 Δαΰὶὸ
179 835 192 860 6
215 834 360 869 προφήτης
375 833 418 860 διὰ
441 833 471 859 τὸ
495 832 706 868 ἀπογράψασθαι
726 832 775 862 τὰς
796 831 841 857 ὑπ’

53 879 138 907 αὑτοῦ
164 879 315 914 βασιλείας,
332 879 417 915 ὀργὴν
433 879 500 905 θεοῦ
509 879 692 910 ἐπεσπάσατο,
704 877 751 904 καὶ
767 877 842 903 ἑϐδο-

53 927 180 961 μήκοντα
204 926 321 960 χιλιάδες
343 926 372 952 ἐν
401 926 451 960 μιᾷ
474 924 565 960 ἡμέρᾳ
580 923 735 950 ἀπέθανον·
751 922 841 957 πολλῷ

54 972 157 1007 μᾶλλον
169 972 281 999 θάνατον
289 972 383 1007 ψυχῶν
396 972 568 1007 εἰργάσαντο,
583 971 606 996 oi.
620 970 654 996 τὰ
669 969 776 1002 ζιζάνια
788 969 841 995 τῶν

52 1018 199 1054 θεομὰχων
233 1018 367 1054 Ἐϐραίων
391 1018 617 1053 διασπείραντες,
643 1017 690 1043 ἐπὶ
712 1016 841 1043 τοσούτου

52 1064 122 1091 λαοῦ
146 1064 193 1091 καὶ
211 1065 299 1099 δήμου
311 1073 318 1080 ·
340 1065 404 1091 ἐπεὶ
421 1064 467 1091 καὶ
483 1065 495 1091 6
516 1064 603 1099 μέγας
623 1062 729 1094 Παῦλος
744 1062 817 1096 λέγει
833 1070 840 1077 ·

51 1112 95 1138 ὅτι
106 1110 261 1145 ΑΙρετικὸν
272 1111 430 1145 ἄνθρωπον
444 1110 518 1145 μετὰ
531 1111 617 1145 μίαν,
629 1110 679 1136 καὶ
698 1109 842 1143 δευτέραν

51 1157 220 1184 νοιθεσίαν
234 1156 389 1191 παραιτοῦ.
408 1157 463 1183 Καὶ
480 1158 494 1183 ὁ
516 1156 629 1187 Ἡσαΐας
654 1155 754 1191 φησιν’
777 1155 844 1188 Ἐξ-

51 1203 160 1230 έλθετε
183 1202 232 1229 καὶ
247 1202 484 1237 διαμακρύνθητε
498 1202 641 1236 διαμέσον
659 1202 770 1234 αὐτῶν,
793 1201 842 1228 καὶ

51 1249 232 1284 ἀκαθάρτων
252 1249 295 1284 μὴ
320 1249 460 1277 ἅπτεσθε.
489 1249 543 1276 Καὶ
566 1249 622 1275 ἰδοὺ
645 1248 700 1283 ἐγὼ
714 1248 843 1284 ἠρξάμην

51 1295 215 1332 κηρύττειν.
231 1297 259 1323 ἐν
312 1296 415 1332 ἑκάστῃ
428 1294 509 1327 λέξει.

238 1345 273 1368 α’.
286 1342 405 1376 Αἵρεσις
421 1341 478 1368 τῶν
499 1341 672 1376 Ἀρμενίων..

90 1388 131 1416 Δ’.
151 1389 212 1416 ’Ότι
228 1388 274 1416 τὸν
287 1388 350 1415 Υἱὺν
366 1388 414 1415 τοῦ
436 1387 504 1415 Θεοῦ
521 1388 694 1423 ὁμολογοῦσι,
714 1389 777 1423 μίαν
791 1387 843 1422 φύ-

53 1443 111 1468 σιν,
130 1435 177 1461 καὶ
197 1434 260 1470 μίαν
283 1433 402 1469 θέλησιν,
420 1434 467 1460 καὶ
489 1433 552 1468 μίαν
569 1433 710 1468 ἐνέργειαν
733 1432 817 1468 ἔχειν,
830 1434 844 1459 ὅ

52 1483 117 1508 ἐστι
139 1481 228 1516 δόγμα
250 1480 374 1515 Σεργίου,
398 1480 520 1515 Πύρῥου,
542 1479 590 1506 καὶ
619 1479 738 1512 Παύλου,
760 1479 807 1510 οὓς
826 1479 843 1515 ὴ

52 1527 127 1560 ἁγία
145 1530 172 1558 ς’
188 1526 297 1558 σύνοδος
311 1527 328 1560 ἡ
345 1527 373 1552 ἐν
399 1526 686 1553 Κωνσταντινουπόλει
709 1525 843 1561 γενομένη

48 1573 112 1599 τῶν
130 1572 168 1607 ρο¹
186 1572 324 1607 θεοφόρων
348 1572 479 1607 Πατέρων
495 1571 691 1607 ἀνεθεμάτισεν
703 1572 750 1599 ὲπὶ
768 1571 845 1606 βασι-

49 1620 134 1650 λείας
156 1619 372 1646 Κωνσταντίνοσ.
408 1618 533 1654 Ἐλέγχει
560 1618 588 1645 δὲ
616 1618 679 1650 τοὺς
705 1618 843 1650 τοιούτους

50 1664 211 1699 Γρηγὸριος
225 1664 239 1689 ὀ
253 1663 395 1697 Θεολόγος,
418 1663 504 1698 λέγων
519 1671 526 1678 ·
544 1673 553 1689 ι
573 1663 696 1690 Πιστεύω
712 1664 757 1690 τὸν
781 1663 843 1690 Υιὺν

47 1710 102 1737 τοῦ
118 1709 187 1736 Θεοῦ
201 1710 229 1736 ὲν
243 1709 288 1736 δύο
302 1709 411 1744 φύσεσι,
429 1709 538 1744 πνεῦμα
553 1710 601 1736 καὶ
625 1710 715 1744 σάρκα
728 1718 735 1725 ·
754 1710 843 1744 παθη-

48 1757 101 1784 τὸν
125 1757 173 1783 καὶ
195 1754 307 1790 ἀπαθῆ·
327 1764 337 1781 ›
356 1755 404 1782 καὶ
432 1755 567 1791 Κύριλλος
592 1756 666 1789 λέγει
680 1765 686 1771 ·
709 1765 718 1781 ι
752 1756 782 1782 '0
804 1752 844 1787 εἷς

48 1804 163 1837 ἔπασχε
178 1802 226 1828 καὶ
239 1801 353 1836 τέθνηκε
363 1809 370 1816 ·
384 1801 431 1828 καὶ
447 1803 460 1828 6
477 1798 517 1833 εἷς
530 1801 638 1837 ἀπαθὴς
653 1802 701 1828 καὶ
711 1801 844 1833 ἀθάνατος

47 1849 190 1884 διέμεινε.
211 1857 221 1874 ι
237 1848 319 1882 Λέγει
337 1848 366 1874 δὲ
388 1847 526 1884 Ἐφραίμ.⁸
547 1857 556 1874 ι
571 1849 604 1874 Αἱ
624 1848 673 1883 μὲν
689 1847 734 1873 δύο
750 1848 844 1882 φύσεις

46 1896 97 1926 εἰς
117 1893 148 1920 εν
164 1892 293 1928 συνῆλθον
310 1901 318 1908 '
337 1892 395 1920 ἀλλ’
422 1894 438 1928 ἡ
456 1892 552 1927 θεότης
571 1894 601 1919 οὺ
624 1894 783 1928 μετετράπη
804 1894 845 1925 εἰς

49 1940 153 1975 σάρκα
167 1947 175 1955 ·
189 1939 237 1966 καὶ
249 1938 298 1974 τὴν
309 1938 399 1974 σάρκα
408 1938 500 1966 λαϐὼν
514 1939 565 1966 οὐκ
574 1940 685 1974 ἐγένετο
701 1940 844 1976 προσθήκη

47 1988 96 2018 sl;
112 1985 164 2021 τὴν
180 1985 307 2021 θεότητα.
328 1994 337 2011 ι

363 2075 395 2112 β’.
411 2077 542 2111 Αἵρεσις.
796 2110 799 2112 ς

92 2124 135 2151 Γ’.
152 2123 212 2150 Ὀτι
223 2123 263 2155 εἰς
274 2122 324 2158 τὴν
337 2123 489 2157 δοξολογιαν
505 2123 651 2159 σφάλλουσι
678 2123 726 2152 καὶ
746 2125 785 2157 εἰς
802 2125 847 2152 τον

44 2169 205 2205 τρισάγιον
224 2166 352 2203 βάλλουσι
372 2169 417 2196 τὸν
438 2170 641 2205 σταυρωθέντα,
658 2171 705 2197 καὶ
718 2171 773 2198 εἰσὶ
787 2173 847 2198 θεο-

46 2216 206 2249 πασχίται,
228 2214 242 2240 ὂ
256 2215 270 2241 ὁ
287 2214 373 2246 δόλιος
395 2215 498 2250 Πέτρος
523 2216 697 2251 ἐδογμάτισε,
719 2218 767 2244 καὶ
790 2217 847 2252 ἔχει

45 2262 186 2295 κατάραν
212 2261 245 2287 ἐκ
272 2260 326 2287 τῶν
344 2261 532 2289 θεοπνεύστων
554 2263 682 2297 Γραφῶν.
707 2263 845 2297 Γράφουσι

42 2307 128 2342 γὰρ,
149 2306 189 2332 ὃτι
207 2315 216 2332 ι
237 2306 375 2341 Ἀνάθεμα
389 2306 435 2333 τὸν
454 2306 570 2341 λέγοντα
582 2309 627 2334 τὸν
644 2309 754 2344 Πατέρα
765 2317 847 2335 σταυ-

45 2354 196 2392 ρωθέντα,
215 2352 263 2379 καὶ
285 2353 315 2379 τδ
335 2353 447 2388 Πνεῦμα
470 2354 500 2380 τὸ
518 2354 595 2388 ἅγιον
616 2354 746 2381 παθόντα.
765 2364 775 2381 ›
795 2355 846 2380 Εὐ-

44 2401 160 2431 σέϐιοςς
168 2400 240 2433 λέγει
253 2407 260 2414 ·
282 2408 292 2425 ι
311 2399 378 2434 Περὶ
391 2400 439 2434 τῆς
461 2400 542 2434 ἁγίας
558 2400 671 2436 Τριάδος
685 2401 755 2428 οὕτω
771 2401 848 2428 vast”:-

45 2455 127 2483 μεν,
152 2446 247 2472 καθότι
269 2447 316 2473 καὶ
339 2447 373 2473 τὰ
397 2447 522 2482 Σεραφὶμ
546 2447 704 2480 δοξάζουσιν
717 2446 727 2464 έ
741 2448 847 2482 Ἄγιος,

42 2492 171 2525 ⁸ᾼγιος,
187 2491 290 2525 Ἄγιος,
311 2492 411 2527 Κύριος
426 2492 550 2519 Σαϐαὼθ.
564 2502 574 2519 ι
590 2493 740 2529 Γρηγόριος
756 2494 771 2520 6
783 2495 848 2520 Θεο-

39 2538 143 2571 λόγος
156 2536 229 2570 λέγει
243 2536 314 2562 οὕτω
325 2544 331 2550 ·
353 2546 362 2562 ι
379 2537 434 2563 Καὶ
452 2538 486 2564 τὰ
495 2537 578 2572 ’Ἅγια
591 2537 645 2564 τῶν
659 2539 753 2572 ἁγίων,
767 2539 784 2564 ἃ
801 2539 849 2565 καὶ

37 2585 94 2612 τὰ
117 2583 243 2617 Σεραφὶμ
257 2583 311 2618 (61)
328 2583 566 2610 ἀποκαλύπτουσιν
582 2585 622 2616 εἰς
635 2584 684 2620 τὴν
701 2585 848 2620 Τριοάγιον

39 2626 228 2662 δοξολὸγίαν,
244 2629 274 2655 ὲν
290 2629 341 2664 μιᾷ
355 2628 472 2664 θεότητι.
487 2638 498 2655 ι

100 2676 140 2707 ς’.
162 2674 216 2701 Καὶ
237 2675 270 2701 ἂν
290 2674 512 2710 προφασιζωνται
527 2675 584 2711 (62)
597 2673 670 2704 οὗτοι
683 2677 722 2708 εἰς
734 2676 784 2713 τὴν
801 2678 849 2705 τοῦ

98 2755 124 2772 ⁵⁵
144 2755 197 2783 Tit.
215 2762 256 2788 tu,
272 2754 315 2782 10.
352 2755 376 2772 ι’
391 2755 441 2783 lsa.
461 2763 507 2790 ιιι,
526 2756 569 2784 H.

99 2823 157 2860 (60)
173 2825 252 2860 Deest
267 2826 316 2852 ὅτι.

101 2859 156 2898 (ﬁt)
172 2859 235 2898 μαλε.
248 2868 280 2898 ex
295 2861 373 2897 σπι-οε.
390 2863 560 2898 συγκαλύπτ.

97 2894 157 2930 (ϋὲ)
172 2895 240 2930 Lege
253 2896 304 2922 ὅτι.

891 278 962 305 Deus
987 278 1020 306 ad
1047 278 1230 305 htereditatem
1262 278 1398 313 elegisset,
1429 283 1501 306 sorte
1525 279 1675 313 abdicatus,

891 325 960 357 quod
976 329 1085 358 propter
1099 331 1178 350 unam
1192 330 1281 350 escam
1300 323 1434 357 primitiva
1450 330 1498 350 sua
1518 325 1674 356 tradiderit;

891 373 993 402 quanto
1024 370 1109 403 magis
1127 368 1230 404 profani
1248 375 1279 395 ac
1302 369 1363 395 odio
1377 370 1567 403 prosequeudi,
1582 371 1626 404 qui
1641 371 1677 398 ab

891 417 1037 451 apostolica
1065 423 1147 451 atque
1171 417 1302 443 catholica
1323 416 1442 444 Ecclesia
1467 417 1528 444 facti
1544 417 1676 449 alieni,ac

891 462 1010 488 extranei
1038 461 1071 488 ab
1085 461 1217 495 inculpata
1239 462 1299 493 lide,
1319 469 1334 488 a
1357 462 1458 489 sanctis
1484 463 1676 497 etapostolicis

893 508 997 534 thronis
1013 508 1113 542 pariter
1128 508 1303 535 defecerunt?
1329 507 1459 535 Jonathas
1472 516 1589 543 quoque,
1604 509 1678 543 igno-

892 552 979 580 rantia
1006 558 1192 587 transgressus
1224 554 1309 588 patris
1336 558 1498 588 praeceptum
1523 555 1572 581 sub
1588 554 1676 588 ipsum

892 599 978 634 pra'lii
998 606 1102 633 tempus
1115 604 1220 635 gustato
1232 599 1336 627 modico
1352 600 1439 631 melle.
1458 601 1551 627 mortis
1568 606 1679 627 senten-

895 645 960 672 tiam
985 646 1099 679 execpit.
1127 645 1196 678 Quid
1230 654 1293 673 vero
1314 647 1347 673 de
1365 647 1462 674 talibus
1491 647 1615 680 dixerim,
1632 647 1679 682 qui

892 696 1046 718 sanctorum
1062 691 1255 726 apostolorum,
1273 699 1305 719 ac
1321 693 1473 720 divinorum
1484 693 1592 721 Patrum
1604 701 1681 721 man-

893 737 955 763 data
973 736 1214 772 transgrediautur,
1229 745 1260 764 ac
1275 738 1380 772 sapiant
1394 745 1453 772 qua:
1467 743 1528 766 sunt
1553 738 1680 766 Hebraeo-

893 783 972 809 rum?
990 783 1073 809 David
1093 783 1154 810 itcm
1165 784 1306 818 propinata,
1324 783 1459 817 subjectos
1475 785 1586 818 imperio
1597 793 1681 819 popu-

894 829 933 856 los
942 829 1108 860 describens,
1129 829 1173 856 Dei
1188 829 1256 857 iram
1269 831 1379 858 attraxit
1391 838 1498 865 unaque
1513 831 1554 858 die
1568 835 1681 866 septua-

894 875 966 908 ginta
983 875 1123 901 hominum
1152 875 1234 902 millia
1254 881 1340 903 morte
1356 876 1461 903 sublata
1478 882 1542 903 sunt
1558 885 1565 903 :
1581 877 1679 912 potiori

891 918 952 952 jure
969 920 1110 946 animabus
1121 925 1233 946 mortem
1255 920 1452 953 consciverunt,
1464 922 1508 955 qui
1531 921 1680 948 adversan-

894 966 959 991 tium
986 964 1041 992 Deo
1066 965 1238 993 Hebraeorum
1257 967 1370 998 zizania,
1396 967 1423 993 in
1442 972 1516 994 tanto
1533 968 1631 1003 popqu
1647 976 1680 995 ac

893 1012 969 1046 plebe
992 1012 1170 1039 seminarunt.
1197 1013 1311 1045 Quando
1331 1013 1410 1040 etiam
1436 1022 1549 1049 magnus
1580 1013 1680 1042 Paulus

892 1057 952 1085 ait:
985 1056 1145 1085 Hmreticum
1165 1058 1294 1085 hominem
1318 1064 1375 1094 post
1404 1067 1484 1086 unam
1498 1065 1522 1087 el
1538 1060 1680 1087 secundum

893 1104 1080 1130 correctionem
1103 1103 1189 1130 devita
1204 1104 1237 1131 ⁵⁸.
1259 1104 1342 1132 Isaias
1373 1112 1480 1140 quoque
1494 1105 1557 1133 dicit
1574 1105 1680 1139 :Ext'te,

893 1156 925 1176 ac
954 1148 1046 1183 procul
1071 1149 1181 1176 recedite
1205 1150 1237 1177 de
1263 1151 1348 1178 medio
1379 1159 1480 1184 eorum,
1500 1158 1524 1179 et
1545 1153 1680 1179 immunda

894 1194 973 1222 nolite
990 1201 1095 1230 tangere
1110 1195 1143 1222 ⁸⁵.
1159 1195 1198 1222 Ειι
1215 1203 1278 1224 vero
1294 1204 1453 1232 unaquaque
1477 1198 1528 1226 hac
1542 1199 1678 1225 sententia

893 1241 1044 1276 praedicare
1058 1241 1139 1276 coepi.

1108 1341 1134 1369 1.
1148 1341 1262 1369 Ilwresis
1274 1341 1468 1372 Armeniorum.

929 1386 974 1415 IV.
1005 1388 1052 1415 Dei
1080 1387 1177 1415 Filium
1207 1391 1370 1417 contttcntur
1396 1399 1477 1418 unam
1504 1397 1639 1427 naturam,
1652 1398 1681 1421 et

894 1439 974 1459 unam
1005 1432 1179 1466 voluntatem,
1200 1442 1333 1469 unamque
1349 1435 1449 1464 habere
1484 1439 1679 1472 operationem,

895 1485 955 1512 qua:
980 1482 1021 1505 est
1045 1479 1165 1505 doctrina
1195 1478 1292 1514 Sergii,
1326 1479 1421 1516 Pyrrhi
1458 1487 1484 1509 et
1504 1482 1589 1516 Pauli,
1614 1492 1682 1519 quos

895 1529 985 1550 sancta
997 1529 1072 1551 sexta
1087 1525 1204 1559 synodus
1224 1525 1459 1561 Constantinopoli
1473 1529 1603 1556 celebrata
1616 1538 1682 1558 ccu-

858 1573 951 1607 ctum
979 1570 1149 1604 septuaginta
1167 1577 1181 1597 ιι
1206 1571 1260 1598 Dco
1286 1571 1435 1600 amatorum
1457 1574 1577 1608 Patrum,
1596 1576 1681 1610 impe-

896 1619 972 1641 rante
998 1613 1174 1642 Constantino
1212 1616 1329 1644 devovit.
1364 1618 1410 1645 Sic
1438 1625 1525 1646 autem
1546 1622 1683 1654 sapienter

895 1661 981 1695 arguit
1004 1660 1147 1696 Gregorius
1174 1661 1329 1698 Theologus
1358 1665 1470 1692 dicens:
1488 1676 1496 1691 ε
1516 1666 1603 1694 Credo
1635 1667 1680 1694 Dei

895 1707 991 1734 Filium
1009 1708 1035 1734 in
1048 1709 1151 1735 duabus
1163 1710 1278 1742 naturis,
1287 1710 1412 1745 spiritum
1426 1716 1452 1738 ct
1461 1720 1568 1740 carnem
1578 1722 1586 1747 ;
1597 1714 1683 1748 passi-

894 1753 975 1780 bilem
988 1758 1014 1781 et
1036 1754 1236 1788 impassibilem.
1257 1756 1313 1792 (65)
1331 1766 1340 1782 ι
1366 1757 1480 1793 Cyrillus
1503 1767 1608 1794 quoque
1621 1760 1680 1788 ait:

898 1799 994 1828 «Unus
1022 1808 1116 1834 passus
1141 1806 1183 1829 est
1211 1807 1292 1837 atque
1312 1811 1443 1836 mortuus.
1460 1814 1581 1842 unusque
1612 1808 1682 1836 idem

897 1847 1069 1881 inpassibilis
1097 1849 1257 1883 permansit,
1285 1857 1316 1877 ac
1341 1851 1511 1880 immortalis.
1544 1862 1553 1879 ι
1577 1853 1629 1880 Sed
1654 1861 1681 1882 et

896 1891 1020 1928 Ephrem]
1035 1893 1073 1920 ait
1090 1902 1098 1920 :
1119 1904 1127 1919 ι
1149 1895 1211 1922 Duas
1227 1895 1333 1929 quidem
1350 1901 1452 1924 natura:
1466 1898 1491 1925 in
1519 1907 1599 1926 unum
1615 1905 1682 1927 con-

898 1942 1045 1971 venerunt;
1070 1945 1163 1966 verum
1188 1939 1278 1967 Deitas
1301 1940 1508 1976 haudquaquam
1531 1948 1628 1971 rutilat:
1641 1950 1684 1972 est

898 1981 925 2009 in
937 1989 1046 2010 carnem
1064 1991 1071 2009 :
1086 1988 1279 2018 assumptaque
1298 1991 1389 2018 carne,
1403 1986 1475 2013 nulla
1502 1987 1593 2014 deitati
1611 1987 1681 2015 facta

897 2028 1018 2056 accessio
1031 2032 1082 2056 est.
1104 2037 1114 2054 ι

1196 2077 1224 2105 2.
1253 2076 1379 2104 eresis.

935 2120 965 2148 V.
983 2121 1083 2149 Errant
1096 2121 1126 2149 in
1151 2122 1242 2150 divina
1252 2122 1416 2156 laudatione,
1443 2125 1561 2159 atquein
1585 2125 1685 2160 hymno

898 2165 1041 2202 Trisagion
1051 2167 1180 2203 adjiciunt
1188 2176 1196 2196 :
1204 2168 1255 2201 Qui
1266 2170 1406 2205 cruciﬁxus
1421 2179 1457 2204 es,
1467 2177 1582 2206 suntque
1597 2172 1686 2199 Theo-

900 2214 1037 2248 paschitaa,
1065 2222 1145 2249 quam
1171 2216 1292 2243 haeresim
1322 2217 1553 2244 docuitversutus
1575 2218 1681 2250 Petrus,

863 2253 885 2280 D
899 2268 930 2287 ac
943 2265 1118 2288 exsecrantur
1133 2270 1148 2288 ιι
1161 2263 1214 2289 Deo
1230 2261 1366 2296 inspirata:
1378 2263 1535 2298 Scriptum.
1554 2263 1683 2291 Scribunt

897 2307 968 2334 enim
986 2316 992 2334 :
1013 2307 1183 2334 «Anathema
1213 2308 1305 2342 siquis
1320 2307 1427 2336 Patrem
1456 2310 1614 2337 crucifixum
1628 2331 1635 2342 ,
1652 2319 1684 2338 ac

898 2352 1026 2385 Spiritum
1057 2358 1179 2380 sanctum
1202 2354 1354 2388 passibilem
1392 2355 1491 2382 dixerit
1515 2355 1583 2391 (64).
1613 2365 1622 2382 ι
1639 2357 1684 2383 Ait

900 2397 1054 2426 Eusebius:
1072 2409 1081 2425 ι
1110 2399 1148 2426 De
1169 2399 1414 2427 sancta.'l‘rinitale
1441 2401 1480 2428 sic
1498 2402 1680 2437 intelligimus,

899 2444 935 2469 uti
953 2442 1092 2478 Seraphin)
1106 2443 1410 2478 gloriﬁcant:Sauctus,
1437 2452 1554 2478 sanctus,
1574 2453 1683 2474 sanctus

900 2487 1027 2515 Dominus
1052 2488 1179 2516 Sabaoth.
1195 2497 1205 2514 ›
1220 2488 1366 2523 Gregorius
1394 2490 1545 2526 Thcologus
1568 2492 1603 2518 ita
1621 2493 1657 2518 ait
1675 2502 1682 2519 :

903 2543 912 2558 ι
941 2533 1039 2560 Sancta
1065 2542 1172 2569 quoque
1198 2540 1364 2567 sanctorum,
1397 2544 1456 2570 quae
1484 2542 1510 2564 ct
1539 2537 1680 2572 Seraphiut

899 2579 1028 2614 obtegunt
1046 2580 1071 2607 in
1086 2580 1202 2616 ’l‘risagii
1214 2580 1378 2614 laudatione,
1397 2583 1422 2609 in
1434 2590 1485 2609 una
1501 2582 1600 2610 deitate
1616 2584 1683 2619 (65).

937 2656 980 2707 l‘l.
1000 2678 1148 2707 Sinautem
1168 2679 1347 2716 praetendant,
1361 2680 1387 2708 in
1400 2681 1460 2709 Filii
1476 2683 1684 2718 appellationem

937 2833 992 2867 (ea)
1007 2834 1081 2860 Orat.
1097 2834 1141 2861 tt.
1184 2855 1188 2859 .

1149 2869 1234 2905 Epist.
1247 2869 1281 2899 64
1291 2876 1319 2899 et
1333 2869 1390 2899 alii.
