1875 3056
105 166 174 199 122)

632 172 774 203 ORATIO
796 173 825 203 II
845 173 994 205 CONTRA
1014 175 1221 207 ARMENIOS.

1662 176 1732 209 1230

103 225 223 260 Χριστοῦ
239 225 383 262 βάπτισμα
408 226 562 262 λαμϐάνει·
584 237 592 254 ι
618 229 665 255 καὶ
695 229 776 256 πάλιν
792 229 868 263 λέγει
887 237 895 246 ’

974 239 1122 267 ursumque
1139 234 1176 260 ait
1194 242 1200 260 :
1220 242 1229 259 ι
1250 234 1289 262 Ac
1304 234 1404 262 Christi
1425 235 1534 270 quidem
1556 235 1728 265 Nativitatem

105 279 115 295 ι
133 270 190 305 Τὴν
201 269 248 297 οὖν
264 271 405 306 Γὲννησιν,
438 271 473 299 τὰ
516 273 609 300 εἰκότα
644 276 874 310 προεωρτάσαμεν
886 294 893 302 .

103 315 158 348 ἐγὼ
175 316 225 351 μὲν
240 317 254 343 ὁ
270 316 320 348 τῆς
332 317 428 352 ἑορτῆς
440 317 565 353 ἔξαρχος,
577 319 624 346 καὶ
636 319 714 354 ὑμεῖς
729 327 737 334 ·
757 329 766 346 ι
784 320 828 347 διὰ
836 321 896 347 τού⁴

102 369 162 392 του,
177 361 259 398 πάλιν
270 361 426 397 διαχωρίζει
437 363 472 390 τὰ
494 364 614 399 Χριστοῦ
641 364 725 391 Γέννα
750 365 803 391 ἀπὺ
837 365 893 392 τῶν

103 405 213 439 Φὼτων,
227 406 319 438 καθὼς
335 407 382 434 καὶ
395 408 477 434 πάλιν
497 408 593 442 λέγει·
614 418 623 435 ι
648 410 725 436 Ἐπεὶ
749 410 778 436 δὲ
801 410 897 445 βαπτί-

104 459 219 485 σματος,
237 452 253 486 ἡ
269 453 436 488 πανήγυρις,
450 452 497 479 καὶ
512 453 553 480 δεῖ
568 455 730 490 μικρότερον
743 463 896 490 προσκακο-

104 495 227 530 παϐἦσαι
246 496 286 530 τῷ
299 496 333 523 δι’
358 497 432 531 ἡμᾶς
448 497 618 533 μορφωθέντι
644 498 692 525 καὶ
709 498 895 534 βαπτισθέντι·

104 541 185 575 ἡμεῖς
217 540 245 567 δὲ
269 542 431 577 τιμήσωμεν
465 542 495 568 τὸ
522 542 570 569 τοῦ
599 543 718 579 Χριστοῦ
753 543 896 579 βάπτισμα

105 587 237 621 σήμερον,
257 586 304 613 καὶ
320 586 409 618 καλῶς
422 588 606 623 ὲορτάσωμεν.
631 598 641 615 ›

408 633 530 667 Αἵρεσις
547 637 592 668 ιγ’.

141 676 192 704 ΙΖ’.
208 677 293 704 τοῦτό
306 679 365 704 ἔστι
378 678 482 715 μεγάλη
511 680 617 715 αἵρεσις
627 688 634 696 ·
663 681 703 707 ὅτι
725 681 898 716 ἑορτάζουσιν

111 720 279 758 Ἰανουαρίου
293 722 315 750 θ’
328 723 408 750 ἄλλον
419 724 690 760 Εὐαγγελισμδν,καὶ
700 726 830 762 ψάλλουσι
843 729 894 764 τὴν

105 767 317 803 Εὐαγγελισμοῦ
332 769 504 803 ἀκολουθίαν,
523 771 569 797 καὶ
583 771 693 805 λέγουσι
715 773 746 800 τὸ
774 773 898 808 Εὐαγγέ-

103 813 163 840 λιον
173 813 230 847 -Τῷ
247 814 323 848 ἕκτῳ
332 814 406 849 μηνί
416 815 578 851 ἀπεστάλη
594 819 611 844 ὸ
633 817 819 854 ἀρχάγγελος
839 821 899 847 Γα-

104 859 196 894 ϐριὴλ
218 860 286 895 πρὸς
309 860 458 894 Παρθένον.
483 861 537 888 Καὶ
566 862 600 889 ἂν
617 863 681 899 θέλῃ
707 872 748 896 τις
777 866 898 901 άκριδῶς

105 904 266 938 μανθάνειν,
285 905 359 932 ἔστιν
375 905 446 942 ὑπὲρ
458 906 633 943 ἀνθρωπίνην
663 897 746 943 eam;
759 917 767 926 '
793 897 898 939 δωδεκά
914 897 934 926 Β

105 950 163 984 γάρ
175 949 260 985 μῆνες
277 949 446 986 πληροῦνται
461 951 516 978 ἀπὸ
533 952 588 979 τῶν
612 953 828 990 Εὐαγγελισμῶν
841 957 898 992 ,αὑ-

103 995 171 1027 τῶν,
186 995 239 1025 ἕως
250 995 284 1021 τὰ
300 995 420 1030 Χριστοῦ
432 996 516 1023 Γέννα
529 997 630 1025 αὐτῶν.

406 1042 528 1077 Αἵρεσις
546 1042 588 1071 ιδ’.

143 1086 198 1115 1Η’.
209 1087 298 1122 Ὅπερ
310 1088 369 1114 ἐστὶ
381 1089 486 1125 μεγάλη
500 1091 662 1127 στρεϐλότης
672 1093 719 1120 καὶ
733 1094 899 1132 άπωλυμένη

106 1133 227 1168 αἵρεσις.
254 1133 431 1170 Ἐορτάζουσι
445 1135 499 1171 γὰρ
521 1137 687 1174 Ἰανουαρίου
698 1140 737 1172 εἰς
750 1141 800 1176 τὴν
813 1140 845 1176 ιβ’
858 1143 899 1173 εἰς

105 1179 155 1206 τὸν
166 1178 274 1214 ὄρθρον,
290 1180 336 1206 καὶ
349 1179 481 1214 ψάλλουσι
501 1181 532 1208 τὸ
551 1181 699 1218 Βάπτισμα
716 1184 763 1211 τοῦ
781 1186 898 1221 Κυρίου,

106 1225 155 1251 καὶ
169 1225 260 1251 πᾶσαν
274 1224 437 1252 ἀκολουθίαν
456 1226 511 1253 τῶν
528 1227 643 1255 Φώτων·
657 1229 705 1256 καὶ
732 1231 773 1261 είς
785 1231 835 1266 τὴν
849 1231 899 1258 αὒ-

105 1269 157 1305 τὴν
172 1269 281 1306 ἡμέραν
292 1271 331 1302 εις
343 1271 393 1306 τὴν
409 1270 580 1308 λειτουργίαν
594 1274 719 1308 λέγουσιν
739 1275 899 1304 Ἅπόστολον

106 1316 158 1342 καὶ
172 1316 348 1350 Εὐαγγέλιον,
366 1316 413 1343 καὶ
424 1317 515 1345 πᾶσαν
530 1319 690 1347 ἀκολουθίαν
719 1322 768 1358 τῆς
785 1323 898 1358 Περιτο‹

108 1363 175 1398 μῆς.

417 1412 540 1446 Αἵρεσις
556 1415 585 1438 ιε’
592 1432 598 1439 .

146 1453 197 1481 ΙΘ’.
213 1455 276 1481 Ὀτι
294 1455 379 1491 μῦρον
395 1457 446 1484 οὐκ
458 1457 561 1492 ἔχουσι,
573 1459 620 1485 καὶ
634 1458 683 1494 τὴν
698 1458 766 1494 ὓλην
779 1459 824 1487 τοῦ
845 1460 897 1496 μύ-

110 1507 160 1534 ρου
175 1500 205 1526 οὐ
224 1500 392 1534 γινώσκουσι
411 1503 494 1529 πόθεν
505 1503 620 1537 γίνεται.
638 1503 774 1538 Ἀγνοοῦσι
787 1505 841 1541 γὰρ
853 1506 899 1532 τὸν

107 1545 225 1580 λέγοντα
249 1546 287 1582 τῷ
315 1547 428 1575 Μωῦσεί
442 1556 449 1563 ·
481 1549 521 1575 ὅτι
542 1548 620 1576 Λάϐε
650 1550 759 1578 ἐλαίαν
784 1551 819 1578 ἐκ
840 1551 933 1596 τῶνα

106 1591 229 1626 ἐλαιῶν,
246 1593 296 1620 καὶ
322 1594 447 1628 ποίησαι
476 1595 581 1624 ἔλαιον
593 1596 629 1629 ἐξ
651 1597 754 1625 αὐτοῦ.
770 1597 900 1633 Χρίονται

106 1638 165 1673 γὰρ
181 1640 274 1674 ἱερεῖς,
288 1640 334 1666 καὶ
348 1639 478 1675 βασιλεῖς,
497 1643 543 1669 καὶ
570 1643 709 1678 προφῆται
726 1651 733 1658 ·
756 1644 824 1680 ὅπερ
853 1644 901 1671 καὶ

107 1685 158 1710 ἐπὶ
173 1684 220 1711 τοῦ
237 1685 298 1712 Νῶε
312 1685 408 1721 πρώην
430 1688 464 1722 τῇ
496 1688 642 1723 συνεργείᾳ
667 1687 715 1714 τοῦ
741 1688 901 1724 Πνεύματος

107 1729 193 1762 ἔδειξε
207 1731 358 1767 περιστερὰ
370 1731 471 1766 ἔχουσα
488 1732 591 1768 κάρφος
602 1733 694 1765 ἐλαίας
717 1734 746 1760 ὲν
774 1734 813 1770 τῷ
840 1735 900 1761 στό-

108 1783 177 1810 ματι
187 1776 284 1811 αὐτῆς,
306 1778 436 1812 σημαῖνον
453 1777 491 1813 τῷ
510 1778 572 1805 Νῶε
586 1778 636 1815 τὴν
657 1779 705 1806 τοῦ
717 1779 785 1806 Θεοῦ
799 1780 899 1817 πολλὴν

107 1822 295 1857 χρηστότητα.
309 1823 420 1850 ’Ἐλάιον
437 1823 488 1859 μὲν
503 1823 557 1850 ἀπὸ
568 1824 669 1856 παντὸς
683 1824 769 1857 εἴδους
782 1826 897 1860 γίνεται.

115 1868 197 1894 Ἀλλὰ
210 1868 240 1895 τδ
254 1869 343 1895 ἔλαιον
356 1869 408 1902 τῆς
423 1868 540 1904 χρίσεως
557 1869 636 1897 τοῦτό
647 1871 732 1903 ἐστιν,
755 1871 823 1906 ὅπερ
834 1871 900 1899 ἐδω-

107 1923 158 1941 κεν
177 1914 210 1941 ἐκ
222 1914 269 1941 τοῦ
283 1915 362 1948 άγίου
374 1915 546 1949 Πνεύματος.
559 1917 642 1943 Αὐτοὶ
656 1917 684 1943 δὲ
697 1917 898 1953 ἐναντιούμενοι

106 1959 150 1994 τῷ
173 1959 258 1995 νόμῳ,
295 1961 344 1987 καὶ
374 1961 539 1997 θεσμοθεσίᾳ
565 1961 619 1988 τῶν
644 1961 730 1996 ἁγίων
757 1963 897 1998 Πατὲρων,

107 2005 236 2032 ποιοῦσιν
250 2006 341 2033 ἔλαιον
355 2007 511 2042 σισάμινον,
524 2008 572 2034 καὶ
588 2007 710 2043 χρίονται
719 2008 780 2035 ἀντὶ
798 2008 896 2044 μύρου,

107 2051 158 2077 καὶ
169 2050 239 2086 βαρῦ
259 2051 396 2079 πωλοῦσιν
412 2052 490 2079 αὑτό.

411 2098 532 2132 Αἵρεσις
549 2101 598 2130 ις’.

144 2141 189 2171 κ’.
203 2143 264 2170 Ὅτι
280 2144 320 2175 είς
338 2143 370 2170 τὸ
380 2143 523 2179 βάπτισμα
541 2149 571 2171 οὐ
585 2144 708 2179 χρίουσιν
719 2144 809 2172 ἔλαιον
833 2146 895 2178 τοὺς

106 2189 320 2222 νεοφωτιστους.
337 2189 422 2222 Λέγει
437 2189 491 2224 γὰρ
502 2190 517 2216 6
536 2189 613 2224 ἅγιος
624 2190 761 2223 Διονύσιος
771 2191 786 2218 ό
804 2191 895 2228 ’Δρεο-

946 282 1006 311 apta
1026 277 1196 305 solemnitate
1213 279 1287 312 prius
1303 279 1508 314 celebravimus,
1528 285 1584 309 tum
1601 291 1651 317 ego
1666 281 1728 310 festi

946 322 1002 349 dux
1023 327 1050 350 et
1069 330 1181 357 auspex,
1199 329 1254 351 tum
1274 332 1330 353 vos.
1350 334 1360 351 ι
1379 325 1430 353 Per
1448 327 1498 354 hoc
1515 332 1604 356 autem
1623 337 1730 357 rursum

946 371 1056 401 separat
1079 366 1180 396 Christi
1206 368 1330 397 Natalem
1354 371 1423 398 diem
1449 380 1463 398 ιι
1486 371 1554 400 festo
1574 373 1729 408 Luminum,

946 411 1170 445 quemadmodum
1188 415 1269 441 etiam
1286 420 1377 449 postca
1393 415 1452 443 ait:
1472 426 1481 442 ι
1497 416 1628 450 Quoniam
1643 418 1730 453 bapti-

947 458 997 484 smi
1012 456 1109 485 festum
1127 458 1184 491 est_',
1199 467 1247 493 par
1260 463 1316 492 est,
1332 465 1360 488 ut
1373 462 1397 488 ei
1414 462 1458 496 qui
1475 463 1558 490 nostri
1576 471 1654 491 causa
1670 463 1728 491 for-

948 507 1037 530 matus
1052 508 1103 536 est,
1120 510 1152 530 ac
1167 504 1328 538 baplizuttts,
1342 506 1448 534 abunde
1463 507 1574 535 dicendo
1590 509 1731 537 adlabore-

949 555 1022 582 mus;
1037 556 1085 576 nos
1099 554 1186 577 autem
1201 550 1278 578 hodie
1293 551 1392 579 Christi
1409 553 1539 587 baptisma
1554 555 1655 581 honore
1669 564 1731 590 pro-

948 600 1102 628 sequamur,
1116 601 1147 622 ac
1158 594 1255 623 festum
1274 597 1388 624 boneste
1402 598 1569 627 celebremus
1584 599 1652 635 (78).
1671 611 1680 627 ι

1247 641 1362 669 eresis
1380 643 1423 670 I3.

983 684 1065 712 XVII.
1083 684 1145 713 Hac
1168 694 1264 722 magna
1285 687 1395 716 haeresis
1414 693 1469 722 est;
1489 698 1549 717 nam
1568 699 1594 718 rx
1610 691 1730 720 Januarii

949 729 1086 758 celebrant
1108 731 1188 758 aliam
1210 732 1464 767 Annnntiationem,
1483 742 1514 762 ac
1535 736 1654 770 psallunt
1674 738 1730 764 An-

949 775 1129 804 nuntiationis
1140 776 1266 809 oIIicium,
1282 778 1427 812 dicuntque
1443 780 1614 816 Evangelium
1631 792 1637 810 :
1652 779 1731 811 Salo

950 828 1036 848 mense
1057 821 1151 848 missus
1175 826 1213 849 est
1234 823 1406 859 archangeli“
1428 824 1577 854 Gabriel".
1593 826 1681 862 Atque
1703 834 1733 856 ut

949 867 1010 900 quis
1022 867 1085 894 velit
1100 867 1258 902 intelligere,
1272 874 1380 903 superat
1395 870 1519 899 humanae
1534 877 1636 902 naturae
1652 875 1732 903 ratio-

950 919 1022 939 nem.
1041 912 1080 939 Ab
1097 919 1190 940 eorum
1210 914 1280 941 enim
1296 915 1561 951 Annuntiationibus,
1577 919 1610 946 ad
1628 924 1733 955 tempus

949 964 1003 992 quo
1017 957 1124 986 Domini
1138 957 1234 986 Natale
1250 959 1352 994 colunt,
1368 961 1516 994 implentur
1531 964 1564 992 I2
1578 973 1694 995 menses.

1260 1049 1377 1078 Ηωηεὶε
1391 1051 1435 1078 Η.

982 1093 1077 1122 XVIII.
1103 1094 1168 1128 Quae
1196 1100 1238 1123 est
1261 1103 1358 1131 magna
1387 1098 1550 1132 perversitas
1575 1107 1607 1128 ac
1629 1102 1731 1136 perdita

948 1136 1069 1165 haeresis.
1087 1137 1232 1166 Celebrant
1250 1139 1320 1166 enim
1337 1148 1376 1168 xu
1391 1141 1512 1170 Januarii
1534 1144 1560 1171 in
1581 1144 1731 1180 Matutinis.

947 1190 979 1210 ac
1001 1183 1118 1218 psallunt
1140 1184 1245 1212 Domini
1269 1185 1406 1221 Baptisma
1428 1197 1436 1215 :
1458 1193 1597 1226 totumque
1609 1192 1730 1222 Ollicium

948 1228 1104 1262 Luminum,
1119 1231 1268 1265 eademque
1283 1232 1326 1260 die
1342 1233 1368 1260 iu
1385 1233 1463 1262 Missa
1478 1235 1570 1264 dicunt
1586 1237 1731 1273 Epistulam

948 1278 974 1300 ct
988 1273 1172 1308 Evangelium,
1183 1283 1215 1303 ac
1230 1275 1352 1304 Oliicium
1369 1283 1452 1306 totum
1466 1280 1498 1308 de
1510 1279 1731 1313 Circumcisionc.

1247 1410 1364 1440 Heresis
1380 1413 1423 1440 15.

983 1453 1054 1483 XIX.
1084 1454 1184 1482 Carent
1213 1463 1365 1491 unguento,
1392 1467 1442 1488 nec
1469 1462 1559 1490 sciunt
1587 1465 1657 1492 unde
1687 1467 1732 1494 tiat

949 1502 1079 1536 unguenti
1100 1502 1223 1529 materia.
1236 1501 1363 1537 Ignorant
1375 1505 1446 1532 enim
1463 1508 1524 1541 quis
1539 1508 1609 1536 dicat
1624 1509 1706 1546 Moysi
1725 1521 1732 1539 ε

951 1546 1030 1574 Sume
1045 1546 1130 1573 oleum
1144 1547 1175 1574 de
1188 1546 1273 1580 olivis,
1287 1552 1312 1575 et
1328 1548 1371 1583 [ac
1387 1549 1472 1578 oleum
1488 1560 1521 1579 ea:
1534 1561 1564 1580 eo
1573 1554 1605 1581 ⁵³.
1622 1554 1728 1592 ngun-

952 1596 995 1619 tur
1006 1592 1077 1619 enim
1092 1593 1257 1626 sacerdotes,
1270 1597 1298 1620 et
1312 1600 1402 1629 reges,
1414 1601 1440 1623 et
1453 1598 1590 1633 prophetis
1603 1609 1610 1628 :
1623 1603 1693 1635 quod
1707 1608 1734 1630 ct

950 1638 1013 1666 ollm
1028 1638 1193 1673 temporibus
1205 1638 1260 1667 Noe
1274 1638 1390 1674 Spiritus
1404 1643 1489 1670 sancti
1503 1645 1602 1672 auxilio
1615 1648 1733 1674 ostendit

950 1683 1085 1716 columba,
1102 1683 1206 1711 habens
1219 1683 1246 1710 in
1261 1691 1308 1711 ore
1323 1691 1372 1712 suo
1388 1693 1493 1714 ramum
1507 1688 1595 1722 olive,
1609 1697 1663 1725 quo
1677 1692 1733 1720 Nnc

950 1728 1073 1764 symbolo
1091 1729 1175 1756 multa
1194 1728 1241 1756 Dei
1259 1729 1411 1765 benignitas
1422 1740 1453 1759 ac
1474 1733 1614 1762 clementia
1627 1737 1732 1765 innote-

949 1778 1047 1801 sceret.
1063 1773 1194 1808 Equidem
1217 1773 1362 1801 conﬁcitur
1377 1776 1466 1803 oleum
1485 1785 1517 1804 ex
1535 1779 1608 1806 omni
1625 1782 1732 1815 specie;

949 1819 1038 1846 oleum
1057 1824 1146 1846 tamen
1164 1819 1308 1852 unctionis,
1324 1820 1396 1848 istud
1415 1827 1468 1855 est,
1482 1825 1554 1858 quod
1574 1833 1605 1852 ex
1630 1825 1732 1861 Spiritu

949 1868 1045 1892 sancto
1071 1864 1199 1892 traditum
1225 1869 1276 1891 est.
1294 1865 1330 1892 At
1355 1865 1407 1899 illi,
1425 1867 1601 1897 adversantes
1625 1870 1676 1906 legi
1701 1881 1732 1900 ac

948 1909 1082 1937 sanctioni
1111 1912 1267 1937 sanctorum
1297 1908 1425 1942 Patrum.
1447 1912 1535 1940 oleum
1563 1921 1598 1942 ex
1626 1923 1733 1945 sesamo

948 1954 1103 1986 conﬁciunt,
1116 1961 1204 1988 eoque
1222 1960 1358 1988 unguntur
1376 1955 1435 1984 loco
1453 1960 1592 1993 unguenti,
1609 1968 1641 1989 ac
1656 1963 1731 1997 gravi

946 2009 999 2029 mre
1013 2001 1141 2029 vendunt.

1258 2099 1371 2127 Ilwresis
1392 2100 1433 2127 I6.

982 2142 1041 2171 xx.
1059 2143 1086 2171 In
1105 2144 1239 2178 baptismo
1262 2153 1314 2173 non
1335 2151 1440 2182 ungunt
1455 2147 1517 2175 oleo
1534 2157 1628 2178 recens
1645 2153 1732 2188 bapti-

947 2195 1032 2216 zatos.
1049 2190 1094 2216 Ait
1113 2189 1185 2216 enim
1205 2195 1316 2218 sanctus
1336 2191 1478 2228 Dionysius
1498 2196 1662 2232 Areopagita
1684 2205 1733 2233 per

107 2233 231 2269 παγίτης
246 2234 451 2270 παρασολικῶς,
469 2235 511 2261 ὅτι
528 2243 538 2260 ι
550 2235 594 2261 Ἑν
611 2235 700 2271 καιρῷ
720 2236 897 2272 ίπποδρομίου

969 2234 1106 2261 arobolam
1121 2242 1127 2261 :
1147 2243 1156 2260 ι
1172 2234 1277 2262 Curruli
1291 2237 1441 2265 certamine
1454 2245 1545 2266 coram
1561 2229 1623 2276 rege
1633 2229 1733 2278 propo-

107 2279 227 2305 ἐνώπιον
247 2279 296 2306 τοῦ
317 2279 462 2315 βασιλέως,
489 2281 514 2307 οί
543 2281 572 2306 ιν
595 2280 634 2316 τῷ
668 2281 767 2316 σταδίῳ
790 2282 896 2318 ἄνδρες,

107 2325 178 2351 ἔνθα
197 2326 222 2351 οἱ
252 2325 359 2360 δόκιμοι
392 2326 503 2362 δρομεῖς
529 2326 688 2360 φαίνονται,
716 2327 823 2363 πρῶτον
847 2328 898 2363 μὲν

107 2370 236 2407 χρίουσιν
247 2371 346 2403 αὐτοὺς
358 2371 460 2404 ελαιον,
476 2371 521 2398 ἴνα
537 2371 574 2407 μὴ
590 2372 726 2408 εὐκαίρως
739 2373 897 2408 κρατηθῶσι

107 2417 188 2452 παρὰ
198 2417 253 2445 τῶν
262 2418 407 2444 ἀντιδίκων
421 2418 521 2445 αὐτῶν.
535 2418 590 2445 Καὶ
604 2420 637 2454 τῇ
645 2419 735 2454 χρίσει
745 2419 792 2446 τοῦ
806 2419 897 2446 ἐλαίου

105 2462 236 2489 δύνανται
249 2463 378 2497 ἐκφυγεῖν
394 2463 456 2494 τοὺς
473 2463 621 2498 μέλλοντας
637 2464 736 2495 αὖτοὺς
749 2465 894 2500 κρατῆσαι·

106 2508 181 2534 οὕτω
194 2509 241 2534 καὶ
249 2509 273 2535 oi
287 2508 430 2543 μέλλοντες
445 2509 532 2536 ἐλθεῖν
545 2510 592 2535 ἐπὶ
607 2509 637 2535 τὸ
651 2510 726 2543 ἅγιον
740 2510 894 2546 βάπτισμα,

107 2553 221 2588 πρῶτον
236 2554 285 2590 μὲν
299 2554 541 2590 χρίσονταιὲλαιῳ,
558 2554 625 2590 πρὸς
642 2555 672 2581 τὸ
686 2556 816 2589 ἐκφυγεῖν
830 2557 893 2589 τοὺς

106 2599 257 2634 πολεμίους
272 2609 280 2616 ·
298 2601 360 2627 ἐπεὶ
379 2601 468 2636 μέγας
479 2600 616 2632 ἀντίδικός
636 2601 695 2626 ἐστι
712 2601 765 2627 τῶν
776 2603 892 2635 φωτιζο-

109 2646 200 2682 μὲνων
218 2647 232 2672 ὁ
244 2646 378 2679 διάϐολος,
395 2648 441 2673 καὶ
459 2646 621 2681 δυνήσονται
636 2646 680 2672 διὰ
699 2646 749 2681 τῆς
773 2647 891 2682 χρίσεως

106 2692 156 2718 τοῦ
168 2692 259 2719 ελαίου
273 2693 320 2719 καὶ
334 2692 382 2718 τοῦ
397 2692 596 2727 βαπτίσματος,
610 2692 643 2726 τῇ
673 2693 819 2728 συνεργείᾳ
844 2693 892 2720 τοῦ

108 2738 189 2772 ἁγίου
205 2739 363 2774 ΙΙνεύματος
379 2738 510 2773 ἐκφυγεῖν
522 2737 569 2764 τὸν
601 2737 720 2764 τοιοῦτον
755 2738 889 2774 θηρευτὴν

144 2804 167 2820 ’τ
179 2802 246 2831 Luc.
260 2811 279 2837 ι,
289 2803 324 2830 ‘26
340 2811 415 2838 seqq.
454 2803 477 2820 “
489 2803 572 2831 Exod.
586 2811 651 2837 nx,
664 2802 708 2836 25,
720 2803 766 2832 26.

148 2872 205 2910 (τε)
221 2873 297 2902 0m.
314 2874 358 2902 59.

946 2280 1015 2312 sito,
1030 2280 1076 2314 qui
1095 2280 1121 2308 in
1139 2280 1229 2308 stadio
1245 2281 1326 2316 positi
1344 2287 1407 2311 sunt
1423 2285 1469 2312 ubi
1487 2292 1612 2315 cursores
1627 2288 1733 2317 virtutis

947 2326 1083 2360 specimen
1108 2326 1250 2360 exhibent,
1272 2328 1388 2362 primum
1410 2331 1517 2365 quidem
1542 2333 1603 2360 oleo
1626 2341 1731 2369 ungunt

947 2379 1055 2407 corpus,
1071 2377 1098 2400 ut
1114 2381 1146 2400 ue
1160 2372 1240 2401 facile
1257 2374 1291 2401 ab
1306 2375 1471 2405 adversariis
1488 2383 1645 2414 teneantur;
1665 2389 1728 2416 pos-

947 2423 1062 2452 suntque
1076 2426 1108 2446 eo
1121 2419 1231 2446 delibuti
1246 2421 1280 2447 ab
1294 2420 1327 2448 iis
1342 2428 1371 2449 se
1385 2423 1465 2456 tueri,
1481 2431 1495 2450 a
1507 2425 1606 2459 quibus
1623 2429 1729 2454 tem-niti

949 2468 1037 2491 erant.
1054 2464 1099 2492 Sic
1123 2470 1151 2492 et
1172 2465 1202 2498 ii,
1219 2466 1265 2500 qui
1288 2466 1321 2493 ad
1343 2474 1449 2496 sacrum
1474 2470 1605 2504 baptisma
1625 2477 1730 2500 venturi

949 2513 1011 2536 sunt
1030 2529 1037 2542 ,
1052 2510 1169 2543 primum
1185 2511 1294 2545 quidem
1312 2513 1427 2547 ungeudi
1444 2520 1505 2541 sunt
1522 2516 1580 2544 oleo
1597 2522 1625 2544 ut
1641 2518 1731 2546 hoste.

946 2555 1090 2590 ell‘ugiant;
1115 2556 1239 2584 diabolus
1264 2557 1397 2592 siquidem
1422 2567 1534 2595 magnus
1559 2563 1730 2593 adversarius

945 2606 986 2628 est
1014 2609 1127 2634 eorum,
1150 2603 1196 2637 qui
1226 2603 1397 2638 baptizantur
1429 2615 1436 2633 :
1468 2611 1647 2644 poteruntque
1679 2611 1730 2638 olei

948 2647 1074 2674 unctione
1096 2656 1133 2675 ac
1145 2648 1317 2683 baptismate,
1336 2650 1453 2685 Spiritus
1473 2654 1560 2681 sancti
1582 2656 1730 2689 opitulante

945 2693 1048 2727 gratia,
1074 2699 1230 2721 venatorem
1257 2695 1409 2730 ejusmodi,
1437 2698 1585 2733 diabolum,
1602 2700 1729 2736 inquam,

945 2739 1062 2774 cilugere
1079 2739 1147 2775 (79).
1167 2750 1176 2766 ι
1195 2740 1324 2769 Sanctum
1338 2750 1444 2779 quoque
1455 2745 1614 2781 Gregorium
1628 2755 1730 2783 magna:

983 2874 1041 2910 (79)
1053 2873 1118 2910 Cap.
1131 2883 1140 2903 t
1152 2874 1257 2904 Hierar.
1274 2877 1364 2905 εει-[ει.
