1875 3056
49 123 120 158 12ίῖ

672 133 720 164 DE
741 133 865 164 REBUS
884 133 1078 166 ARMENME.

1609 133 1678 166 1246

48 182 103 217 τῆς
121 183 151 210 ὲν
167 183 341 219 Χαλκηδόνι,
359 186 406 212 καὶ
422 187 494 214 κατά
509 189 562 215 τῶν
578 189 782 224 ὁμολογούντων
797 190 844 216 δύο

942 197 1062 220 )noslro
1091 193 1273 221 confitentur:
1297 193 1516 226 contrariamque.
1545 193 1676 226 synodum

49 229 150 263 φύσεις
171 230 218 256 ἐπὶ
239 231 360 266 Χριστοῦ
380 232 428 259 τοῦ
449 233 517 261 Θεοῦ
538 235 628 270 ἡμῶν,
650 237 697 264 καὶ
716 236 840 263 ἐναντίαν

50 274 163 301 σύνοδον
178 276 368 310 ἐδογμάτισαν,
385 277 522 312 λέγοντες,
538 281 603 315 μίαν
616 280 697 316 φύσιν
711 281 757 308 τοῦ
773 281 840 308 Θεοῦ

49 321 142 355 Λόγου
158 322 206 348 καὶ
222 322 272 356 τῆς
291 324 392 358 σαρκός
406 333 413 340 ·
436 326 483 352 καὶ
499 327 532 362 τῇ
550 327 676 363 ἀθανάτῳ
694 328 774 362 φύσει
791 328 841 354 αὺ-

50 367 100 394 τὸν
110 368 300 403 ἐσταυρῶσθαι
314 370 361 397 καὶ
371 371 498 399 τεθνᾶναι
507 381 513 388 ·
526 373 586 400 ὅθεν
597 374 644 400 καὶ
655 373 695 404 τὸ.
708 374 740 400 '0
752 382 843 401 σταυ-

49 414 174 447 ρωθεὶς,
195 416 371 450 προσέθηκαν
391 418 432 449 είς
450 418 493 451 τὸ,
507 419 605 454 Ἄγιος
625 421 641 447 ὁ
665 420 751 452 Θεὸς,
772 420 842 446 κατὰ

53 459 160 495 Πέτρον
175 461 300 495 Κναφέα.
315 462 361 488 τδν
377 463 498 490 παθόντα
513 464 547 490 τὰ
563 465 718 493 Σαὸελλίου.
729 466 843 499 Ὦρισαν

54 505 128 539 μετά
144 506 190 532 τοῦ
213 506 442 542 ἀναθηματισμοῦ
463 509 616 544 ἀποστῆναι
634 510 683 545 τῆς
701 510 844 541 κοινωνίας

58 550 257 587 Ἰερουσαλὴμ,
280 553 327 580 καὶ
352 554 384 579 ὲκ
405 553 459 580 τῶν
479 554 547 581 νέων
564 555 723 590 Ῥωμαίων.
744 555 791 581 καὶ
813 557 845 581 ἐκ

52 597 111 623 τῶν
127 597 331 631 ὁμολογούντων
349 600 417 634 μετὰ
432 601 482 635 τὴν
497 601 705 636 ὲνανθρώπησιν
720 601 767 628 τοῦ
787 602 844 628 Κυ-

55 641 115 676 ρίου
129 642 207 677 ἡμῶν
221 643 268 670 δύο
283 644 389 678 φύσεις.
399 642 631 681 Ἒχειροτόνησαν
645 647 673 673 δὲ
688 647 733 674 τὸν
750 646 843 673 Ἀπτι-

54 688 97 714 σῶ
112 689 262 716 ἐπίσκοπον
284 691 330 717 καὶ
345 691 457 726 ἑτέρους
474 691 506 727 β’,
521 693 732 724 ἀποστείλαντες
747 693 846 723 αὐτοὺς

53 733 97 763 εἰς
120 734 338 769 Μεσοποταμίαν
358 736 475 770 Συρίας,
497 736 570 772 ἔχειν
594 737 754 771 συμφωνίαν
777 737 846 772 μετὰ

53 778 180 850 ξλλήλων
193 780 233 810 είς
247 781 344 814 αἰῶνα,
360 781 512 818 ἰδιοχείρως
528 782 682 819 γράψαντες
697 784 744 810 καὶ
759 784 848 818 ἀσφα-

75 833 194 850 ισαντεε.

75 833 194 857 ισαντες.

892 238 977 265 secuti
1000 241 1063 265 sunt
1082 238 1202 266 dicentes
1225 247 1306 266 unam
1323 243 1447 266 naturam
1474 239 1519 265 Dei
1547 237 1625 265 Verbi
1643 244 1675 264 ac

892 285 994 318 carnis,
1033 292 1066 312 ac
1095 286 1180 313 iulsse
1212 285 1357 312 immortali
1381 290 1479 312 natura
1512 285 1674 312 cruciﬁxum

893 336 973 365 atque
989 337 1125 359 mortuum
1141 339 1149 358 :
1165 331 1236 359 unde
1254 332 1335 358 ctiam
1353 331 1435 358 illud:
1468 330 1518 364 Qui
1533 331 1678 364 cruciﬁxus

893 385 931 410 es,
950 377 1112 406 addiderunt
1128 378 1236 405 cantico
1259 376 1373 405 Sanctus
1387 377 1466 409 Deus,
1476 377 1552 411 juxta
1567 377 1677 404 Petrum

895 423 1045 457 Fullonem,
1075 425 1120 459 qui
1146 425 1173 452 in
1193 424 1287 452 eodem
1315 429 1398 459 atque
1423 422 1560 451 Sabellius
1581 428 1677 450 errore

896 475 1020 498 versatus
1048 474 1101 499 est.
1125 471 1308 498 Decreverunt
1329 475 1419 496 autem
1435 470 1485 496 sub
1498 468 1679 500 anathemate,

895 521 949 544 uta
961 516 1154 544 communione
1168 515 1322 544 Jerusalem
1333 515 1481 548 resilirent,
1499 514 1676 548 acjuniorum

898 563 1095 595 Romanorum,
1123 569 1282 596 eorumque.
1298 561 1344 596 qui
1373 565 1434 596 post
1463 559 1680 587 incarnationem

896 608 1001 636 Domini
1026 608 1123 639 nostri,
1153 608 1221 636 duas
1242 613 1356 635 naturas
1391 610 1558 634 assererem.
1585 604 1682 638 Porro,
1718 626 1731 637 ,

897 655 1054 682 ordinantes
1083 653 1185 689 Aptyso
1212 654 1381 689 episcopum,
1397 660 1429 680 ac
1460 652 1529 679 alios
1552 652 1631 682 duos,
1655 650 1682 677 in

898 700 1119 736 Mesopotamiam
1135 700 1221 736 Syriae
1235 707 1284 727 eos
1306 699 1499 730 amandarunt,
1518 703 1546 724 ut
1559 701 1681 724 mutuam

899 747 925 773 in
941 751 1101 782 perpetuum
1127 745 1333 773 consensionem
1354 744 1465 776 inirent,
1480 751 1561 770 manu
1572 741 1682 777 propria

900 794 1061 824 scribentes,
1075 799 1107 819 ac
1122 791 1216 826 sigillis
1231 791 1395 818 munientes.

91 870 171 897 Μετὰ
187 870 216 897 δὲ
238 871 333 906 χρόνον
358 872 459 904 πολὺν,
476 869 584 909 Βαρτᾶς
598 883 639 906 τις
657 874 763 909 ἄρχων,
779 875 847 902 ἀπο-

942 882 1000 909 Post
1031 880 1139 915 longum
1169 879 1270 907 abhinc
1297 883 1415 912 tempus,
1441 877 1535 904 Bartas
1576 866 1685 910 quidam

55 916 169 948 κτείνας
192 917 237 944 τδν
260 918 408 953 Σουριένην
429 918 474 946 τὸν
498 919 608 956 Πέρσην
631 921 676 947 τὸν
699 921 848 956 τύραννον,

56 963 253 998 ἀποστατήσας
276 965 309 990 ὲκ
332 963 387 990 τῶν
405 965 572 1000 Ἀρμενίων,
598 967 684 998 ἀδεῶς
709 967 778 1002 πρὸς
801 968 851 1002 τὴν

57 1007 145 1043 Ιλείπ.
162 1006 240 1045 ἦλθε]
258 1010 564 1044 Κωνσταντινούπολιν,
584 1012 623 1048 τῷ
639 1014 851 1049 τεσσαρακοστῷ

56 1054 116 1081 ἔτει
131 1055 179 1082 τοῦ
201 1056 308 1091 Χοσρόη
319 1077 326 1088 ,
348 1057 395 1083 καὶ
412 1057 442 1084 τὸ
462 1058 484 1084 λ’
500 1058 555 1085 ἔτει
572 1059 619 1085 τοῦ
640 1060 832 1086 Ἰουστινιανοῦ
843 1081 850 1093 ,

56 1100 109 1127 -εοῦ
126 1101 174 1127 καὶ
189 1101 238 1136 τὴν
260 1102 356 1136 Ἀγίαν
369 1102 469 1138 Σοφίαν
480 1104 647 1140 δειμαμένου
659 1112 666 1119 ’
679 1106 710 1131 ἐκ
727 1106 775 1140 τῆς
793 1115 853 1132 κοι‹

57 1146 160 1178 νωνιας
184 1147 212 1174 δὲ
236 1148 319 1175 αὐτοῦ
345 1149 499 1184 ἐκχωρισας
525 1151 574 1177 σὺν
597 1152 654 1183 τοῖς
681 1151 739 1186 μετ’
756 1152 852 1178 αὐτοῦ.

61 1191 164 1226 Ἔλεγε
179 1193 232 1229 γὰρ
247 1193 287 1220 ὅτι
304 1194 361 1221 οὐκ
375 1193 428 1230 ἔχω
444 1195 556 1230 ἐντολὴν
571 1197 603 1223 ἐκ
617 1196 672 1223 τῶν
686 1196 854 1223 διδασκάλων

58 1237 145 1272 ἡμῶν
161 1238 220 1273 μεθ’
235 1239 314 1274 ὑμῶν
328 1241 479 1268 κοινωνεῖν.
496 1241 543 1268 Διδ
559 1241 733 1278 προσετάχθη
748 1243 761 1269 ὁ
774 1243 855 1273 αὐτὸς

59 1283 173 1319 Βαρτᾶς
194 1285 269 1319 παρὰ
285 1285 332 1312 τοῦ
350 1286 491 1322 Καίσαρος
510 1289 727 1321 συγκαλέσεσοαι
744 1290 856 1316 ἐπισκό-

59 1337 133 1361 πους
145 1330 194 1356 καὶ
207 1330 388 1364 διδασκάλους
402 1333 465 1365 τοὺς
480 1333 534 1360 τῶν
551 1334 713 1369 Ἀρμενίων.

108 1376 232 1409 Ἐγένετο
245 1377 272 1404 δὲ
288 1377 398 1410 σύνοδος
415 1379 519 1415 μεγάλη
540 1380 569 1407 ὲν
583 1382 616 1414 τῇ
633 1381 856 1408 Κωνσταντινου-

63 1421 143 1448 πόλει
154 1444 160 1452 ,
181 1423 251 1450 κατά
266 1432 347 1450 τινων
362 1425 528 1460 αίρετικῶν,
544 1426 578 1462 ἢν
593 1425 617 1453 ε’
631 1427 738 1454 σύνοδον
756 1428 856 1454 καλοῦ-

64 1475 120 1500 μεν
130 1474 138 1482 ·
154 1467 201 1493 καὶ
215 1468 447 1504 ὀμοφωνῆσαντες
460 1471 568 1504 αὐτοῖς,
584 1471 623 1506 τῷ
638 1472 752 1507 ὀνόματι
767 1473 857 1501 αὐτῶν

62 1512 199 1561 ἔδιάλεσαν
212 1515 293 1548 ἁγίας
306 1516 393 1548 πύλας
404 1516 455 1552 τῆς
469 1517 562 1551 Ἀγίας
576 1519 687 1553 Σοφίας,
700 1520 761 1555 ἥτις
776 1520 857 1555 μέχρι
871 1532 893 1561 c

64 1558 189 1594 σήμερον
202 1561 326 1588 καλεῖται
339 1562 394 1589 τῶν
407 1562 563 1598 Ἀρμενίων
575 1565 668 1599 πύλη.
683 1566 748 1592 Τότε
763 1566 855 1593 ἀνεθε-

68 1605 188 1639 μάτισαν
205 1606 250 1633 τὸν
268 1607 423 1644 Ὀριγένην,
441 1611 487 1636 τὸν
504 1610 649 1646 Εὑάγριον,
666 1611 713 1638 τὸν
728 1611 854 1647 Δίδυμον,

64 1652 131 1683 τοὺς
146 1651 356 1688 Νεστοριανοὺς,
372 1656 436 1687 τοὺς
454 1656 623 1689 Ίακωὸίτας,
639 1658 702 1689 τοὺς
719 1658 857 1685 Ἰουλιανί-

66 1704 129 1729 τας,
143 1698 191 1723 καὶ
203 1698 266 1728 τοὺς
279 1699 434 1732 Γαῖανίτας,
449 1702 496 1728 καὶ
510 1705 574 1733 τοὺς
589 1702 663 1734 ἅπαξ
676 1702 768 1734 ἁπλῶς
783 1703 857 1737 ἕχον-

64 1750 130 1773 τας,
144 1742 194 1778 τὴν
206 1744 252 1770 τοῦ
266 1745 413 1780 Νεστορίου
428 1746 482 1782 [ιον.
498 1748 643 1783 Εὐτύχους,
657 1749 694 1776 vr!
708 1748 857 1785 utrumque]

65 1788 190 1823 αἵρεσιν.
211 1789 455 1826 Ὑποστρεψάντων
475 1793 504 1820 δὲ
524 1794 615 1820 αὐτῶν
637 1795 675 1823 εις
694 1795 856 1829 Ἀρμενίαν,

65 1833 93 1859 οἱ
112 1833 162 1868 μὲν
175 1835 322 1870 προθύμως
336 1837 499 1870 ὑπεδέξαντο
512 1838 561 1874 τὴν
575 1838 671 1865 ἕνωσιν
680 1847 687 1854 ⁶
702 1840 726 1865 οἱ
739 1839 766 1866 δὲ
781 1840 858 1875 ἐπορ-

68 1879 201 1906 νεύσαντο
215 1881 243 1907 ὲν
256 1883 315 1913 ταῖς
329 1883 446 1917 ἡμέραις
462 1884 580 1919 Βοανέση
597 1884 647 1920 [αι.
662 1884 796 1921 Εὑανέση]
810 1885 858 1911 τοῦ

70 1925 227 1952 Καθολικοῦ
236 1947 243 1958 ,
257 1928 320 1962 περὶ
333 1925 369 1954 ὧν
382 1929 431 1955 οὐκ
444 1928 502 1956 ἐστι
515 1929 563 1956 νῦν
576 1929 667 1963 λέγειν
680 1930 750 1956 κατὰ
765 1930 857 1965 μέρος.

68 1972 218 2007 Ἐγραψαν
234 1973 323 2000 τοίνυν
338 1975 483 2010 ἐπιστολὴν
499 1975 567 2010 πρὸς
583 1976 629 2003 τὸν
645 1976 728 2007 ’Λπᾶς
740 1976 786 2003 τὸν
798 1976 860 2003 καθ-

65 2019 161 2045 ολικὺν
178 2019 321 2051 Ἀλὸανίας
344 2020 446 2056 χώρας,
463 2022 644 2056 περιέχουσαν
659 2023 745 2054 οὕτως
758 2030 765 2037 '
784 2022 859 2049 Ἐλοὲ

68 2064 133 2100 μεθ’
147 2065 227 2100 ἡμῶν
249 2066 359 2098 ένωθεὶς
380 2068 413 2102 τῇ
437 2068 545 2104 πίστει,
568 2069 598 2095 ὲν
619 2068 657 2104 τῷ
679 2068 770 2102 λέγειν
794 2069 860 2103 μίαν

67 2111 153 2145 φύσιν
168 2112 286 2146 Χριστοῦ
301 2112 348 2138 τοῦ
364 2112 442 2144 Θεοῦ,
458 2114 505 2139 καὶ
520 2104 560 2145 εἲς
574 2114 615 2144 τὸ,
627 2115 728 2149 ’Ἄγιος
743 2116 760 2142 ὁ
776 2115 859 2148 Θεὸς,

73 2158 105 2184 '0
117 2159 299 2192 σταυρωθεὶς
311 2159 443 2193 δι’ἡμᾶς.
453 2160 482 2186 Ὀ
493 2160 521 2186 δὲ
527 2161 556 2186 οὺ
565 2161 747 2195 συγκατέθετο
759 2161 857 2195 λέγων·

901 927 1038 961 princeps.
1062 925 1152 952 occiso
1178 924 1294 952 Suriene
1318 922 1400 961 Persa
1420 927 1545 957 tyranno,
1571 928 1603 948 ac
1618 920 1685 947 dcti-

902 973 977 1000 ciens
1001 973 1035 999 ab
1070 971 1217 1003 Armeniis,
1247 969 1397 1004 intrepidus
1424 966 1684 998 Constantinopolim

903 1018 989 1053 petiit,
1007 1025 1077 1044 anno
1094 1017 1128 1044 40
1149 1016 1288 1048 Chosrois,
1316 1022 1348 1042 ac
1366 1013 1568 1044 501ustiniani,
1592 1012 1636 1047 qui
1659 1015 1688 1038 et

903 1064 1029 1091 Sanctam
1054 1063 1181 1098 Sopbiain
1197 1062 1357 1095 aedificavit;
1375 1061 1408 1088 ab
1423 1060 1480 1095 ejus
1497 1065 1585 1087 tamen
1612 1066 1688 1086 com-

906 1109 1032 1137 munione
1054 1116 1083 1136 se
1099 1115 1240 1143 sepsrans,
1265 1115 1317 1134 una
1330 1115 1392 1134 cum
1406 1106 1560 1134 comitibus.
1578 1104 1689 1132 Dicebat

904 1153 975 1180 enim
1000 1160 1051 1179 non
1071 1152 1171 1179 haltere
1197 1153 1352 1179 mandatum
1374 1158 1387 1178 a
1410 1151 1546 1184 magistris
1574 1149 1642 1181 suis,
1659 1152 1690 1175 ut

905 1198 1117 1225 communicaret.
1146 1205 1206 1224 cum
1234 1198 1285 1225 eis.
1303 1196 1389 1224 Jussit
1409 1197 1500 1231 itaque
1527 1195 1686 1229 imperator,

911 1248 939 1270 ut
956 1243 1025 1270 idem
1042 1242 1138 1270 Bari-as
1152 1242 1332 1269 Armenorum
1344 1241 1484 1276 episcopos
1496 1248 1528 1268 ac
1545 1238 1690 1274 magistros

906 1293 1079 1316 (εοηνοεστθι.

942 1377 1023 1405 Facta
1040 1381 1128 1403 autem
1145 1379 1186 1404 est
1199 1383 1294 1410 magna
1310 1375 1429 1411 synodus
1439 1372 1686 1408 Constantinopoli,

908 1429 1001 1452 contra
1032 1423 1175 1451 nonnullos
1213 1421 1367 1454 barreticos,
1401 1427 1481 1455 quam
1515 1424 1542 1446 et
1570 1419 1691 1453 quintam

909 1470 1041 1506 synodum
1069 1475 1218 1495 vocamus:
1260 1474 1378 1501 cumque
1406 1466 1447 1493 eis
1476 1463 1693 1493 consensissent,

910 1523 1001 1544 sacras
1018 1515 1125 1543 Sancta:
1158 1512 1265 1548 Sophia:
1287 1517 1379 1547 portas
1398 1519 1431 1539 ex
1459 1514 1555 1538 'eorum
1586 1508 1694 1537 nomine

909 1562 1092 1598 appellarunt,
1114 1561 1299 1594 hactenusque
1319 1563 1431 1586 vocatur
1449 1557 1532 1584 Porta
1564 1556 1694 1583 Armene-

906 1617 977 1636 rum.
996 1607 1074 1635 Tunc
1098 1607 1224 1635 dixerunt
1254 1604 1397 1632 anathema
1429 1602 1548 1637 Origeni,
1570 1600 1694 1635 Evagrio,

907 1655 1030 1690 Didymo.
1053 1652 1230 1684 Nestoriauis,
1246 1649 1385 1682 Jacobitis,
1395 1648 1529 1677 Julianitis
1540 1668 1548 1681 ,
1561 1645 1696 1675 Gaiauitis

907 1710 939 1730 ac
951 1700 1100 1729 omninoiis
1112 1699 1239 1727 omnibus
1255 1698 1300 1732 qui
1321 1695 1412 1723 infecti
1431 1700 1519 1722 essent
1532 1701 1592 1720 cum
1600 1692 1696 1720 Nesto-

909 1747 984 1775 riaua
997 1745 1105 1776 haeresi,
1116 1749 1172 1771 tum
1186 1742 1352 1778 Eutychetis.
1365 1740 1493 1768 Reversis
1501 1739 1553 1766 illis
1565 1739 1592 1765 in
1601 1738 1696 1765 Arme-

909 1794 992 1823 niam,
1002 1799 1065 1827 pars
1075 1790 1182 1825 quidem
1196 1793 1319 1823 prompto
1331 1795 1362 1814 ac
1375 1787 1456 1813 alacri
1467 1785 1557 1812 animo
1569 1785 1695 1812 unionem

908 1842 1086 1871 susceperunt
1098 1843 1105 1868 ;
1116 1843 1177 1870 pars
1187 1839 1275 1861 autem
1286 1832 1516 1860 mmt-hatisuntac
1525 1830 1698 1856 desciverunt

910 1885 936 1911 in
946 1883 1039 1910 diebus
1055 1881 1182 1908 Boancsae
1197 1879 1327 1907 Catholici
1354 1878 1387 1905 de
1405 1878 1503 1912 quibus
1525 1877 1594 1903 haud
1616 1875 1696 1901 modo

910 1928 1052 1957 dicendurm
1067 1934 1116 1962 per
1141 1925 1256 1960 singula.
1274 1925 1445 1958 Scripsernnt
1465 1929 1528 1957 ergo
1546 1922 1648 1948 litteras
1665 1920 1697 1947 ad

910 1975 981 2009 Apas
994 1973 1162 2001 Catholicum
1177 1970 1297 1999 Albaniae
1311 1969 1466 2004 provinciar,
1484 1968 1509 1994 in
1526 1968 1583 1994 ba‘c
1598 1966 1696 1994 verba:

912 2019 979 2048 Veni
997 2019 1135 2047 nobiscum
1154 2018 1204 2045 [ide
1220 2015 1406 2047 consentiens,
1420 2014 1490 2041 ineo
1504 2013 1577 2048 quod
1589 2012 1697 2039 unicam

911 2067 1011 2095 Christi
1027 2066 1071 2092 Dei
1100 2068 1223 2092 naturam
1245 2061 1413 2091 conﬁtearis,
1443 2064 1524 2094 atque
1540 2058 1697 2090 ineantico,

912 2113 1023 2141 Sanctus
1046 2111 1127 2143 Deus,
1153 2110 1227 2136 dicas
1243 2116 1251 2135 :
1267 2107 1319 2139 Qui
1337 2105 1480 2140 cruci/iqu
1503 2113 1529 2132 es
1543 2112 1589 2139 pro
1612 2103 1697 2130 nobis.

913 2160 946 2187 At
965 2159 1010 2186 ille
1026 2157 1124 2190 renuit,
1150 2156 1265 2183 dicens:
1293 2153 1389 2180 Petrus
1415 2159 1447 2178 ac
1472 2150 1617 2185 Gregorius
1646 2150 1698 2176 mei

66 2203 112 2230 ὅτι
131 2203 161 2230 '0
182 2205 284 2240 Πέτρος
305 2206 350 2232 καὶ
369 2207 383 2232 ὁ
403 2206 552 2242 Γρηγόριος
570 2207 594 2233 οἱ
613 2207 666 2242 πρὸ
686 2207 752 2239 ἐμοῦ
773 2198 856 2239 ὅντες,

942 2213 1080 2238 :cessores,
1095 2205 1120 2232 in
1136 2212 1197 2231 eum
1208 2203 1315 2230 modum
1330 2201 1456 2229 dicebant
1468 2200 1615 2231 canticum;
1629 2198 1701 2226 Sun-

65 2250 157 2281 οὖτως
168 2250 269 2284 ἔλεγον,
288 2251 333 2284 τὸ,
347 2252 450 2285 ’Ἄγιος
466 2253 482 2279 ὀ
500 2253 572 2285 Θεός
585 2260 591 2266 ·
609 2252 665 2286 ἐγὼ
681 2253 709 2279 δὲ
724 2253 754 2279 οὐ
774 2261 860 2287 προσ-

66 2297 156 2329 τίθω,
173 2297 234 2324 οὔτε
253 2297 353 2331 ὑφέλω.
384 2297 502 2333 ὐμοίως
518 2299 564 2325 καὶ
582 2297 651 2333 πρὸς
666 2298 730 2329 τοὺς
748 2297 860 2332 ’ἰῦηρας

66 2343 207 2378 ἔγραψαν.
228 2344 259 2370 οι
279 2344 319 2376 δὲ,
343 2343 465 2379 σφοδρῶς
485 2344 675 2375 ἀντειπόντες,
696 2343 726 2370 οὐ
748 2344 860 2370 κατεδέ-

67 2390 166 2423 ξαντο.
183 2389 214 2415 Εἰ
233 2389 270 2424 μὴ
288 2389 364 2424 μόνοι
379 2387 451 2416 οὗτοι
467 2388 593 2424 Αῐλουροῑ
610 2389 681 2415 κατὰ
695 2389 745 2422 τὴν
762 2389 860 2424 Ἀρμεν

67 2435 138 2463 νίων
151 2435 301 2468 διάλεκτον,
317 2436 422 2471 Τασὴρ,
439 2435 594 2471 Τξοραπὺρ,
612 2435 658 2462 καὶ
673 2435 818 2471 Καρταμὲ,
833 2435 863 2462 αῖ

69 2484 129 2509 εἰσι
143 2483 246 2518 χῶραι,
263 2483 309 2509 καί
322 2491 392 2514 τινες
406 2483 461 2510 ἀπὸ
474 2483 523 2518 τῆς
540 2482 674 2518 Ἀρτζάχ·
690 2483 719 2508 ὲν
735 2479 779 2513 αἶς
794 2481 862 2516 ἡμέο

72 2536 139 2564 ραις
157 2528 284 2559 πολλάκις
303 2528 447 2556 συστασὶαι
466 2528 589 2563 ἐγένοντο
599 2548 606 2560 ,
619 2528 665 2555 διὰ
678 2527 727 2563 τὴν
741 2528 862 2554 ἀποστα-

71 2575 140 2601 σίαν
155 2574 210 2601 τῶν
228 2575 366 2610 ἀρχόντων
377 2595 384 2607 ,
401 2576 430 2601 ὲν
448 2574 562 2606 πολλαῖς
580 2574 697 2609 ἡμέραις
709 2594 717 2606 ,
735 2573 763 2600 ἐν
781 2581 811 2599 τε
829 2573 862 2607 τῇ

76 2621 222 2656 Ῥωμανίᾳ
243 2621 292 2649 καὶ
311 2623 345 2657 τῇ
367 2621 487 2657 Περσίδι,
510 2619 697 2656 συζητούντων
718 2621 750 2655 τῇ
773 2619 864 2646 πίστει

110 2713 151 2746 (8)
193 2713 224 2740 Si
242 2716 344 2739 tantum
380 2711 488 2739 zEIuros
509 2711 583 2743 istos,
616 2714 668 2737 etc.
697 2709 763 2737 Dicti
793 2712 857 2736 sunt

73 2749 163 2780 ,λειω-ἰ
206 2756 221 2774 a
258 2747 401 2774 Timotheo
429 2746 611 2773 Alexandrino
639 2746 767 2780 liazrcticu
797 2751 857 2778 pes-

73 2787 156 2813 simo.
171 2791 252 2817 quem
265 2784 365 2809 dictum
383 2787 447 2816 puto
458 2781 583 2817 Eluruut
601 2789 613 2805 a
624 2779 787 2817 calliditate,
803 2786 855 2817 qua

73 2814 422 2854 war-inritatum>vena'us
436 2822 488 2842 est.
506 2815 582 2849 Quod
597 2814 705 2854 additur
717 2814 788 2840 κατὰ
799 2814 856 2853 ,τῂν

79 2849 234 2890 ⁵Λρμενίων
253 2852 402 2885 διάλεκτον,
424 2858 472 2878 ton
488 2849 715 2885 νουυιιιΑῐλουροι
735 2849 856 2884 respicit,

914 2259 971 2281 ctus
989 2253 1080 2285 Deus;
1095 2251 1270 2286 quamobrem
1294 2248 1360 2276 nihil
1377 2247 1434 2282 ipse
1461 2247 1600 2274 additurus
1626 2253 1698 2276 sunt,

914 2305 994 2327 autve
1009 2299 1176 2331 dempturus.
1201 2294 1335 2322 Similiter
1358 2293 1527 2327 scripserunt
1546 2291 1579 2318 ad
1596 2291 1698 2318 Iberos.

914 2344 952 2371 llli
970 2350 1034 2371 vero
1058 2343 1203 2376 plurimum
1221 2339 1384 2369 obnitentes.
1413 2345 1465 2365 non
1484 2339 1654 2371 receperunt,
1673 2335 1695 2362 si

915 2394 1020 2416 tantum
1037 2385 1271 2421 Elurosistnsﬁ)
1290 2385 1366 2420 juxta
1381 2384 1561 2411 Armenorum
1576 2382 1698 2416 linguam

914 2435 1034 2469 excipias
1049 2433 1161 2462 :Tnser,
1189 2431 1336 2465 Tzorapor,
1361 2435 1388 2457 et
1404 2429 1541 2462 Cartame,
1556 2435 1616 2463 quae
1637 2430 1702 2454 srmt

914 2480 1022 2515 oppida,
1041 2486 1073 2505 ac
1085 2477 1229 2505 nonnullos
1245 2476 1279 2503 de
1304 2474 1431 2502 Artzach.
1461 2474 1496 2501 lis
1525 2472 1693 2507 temporibus

916 2525 1004 2552 multae
1023 2525 1100 2551 fact-.3
1111 2528 1173 2550 sunt
1190 2523 1336 2549 seditiones
1353 2525 1464 2555 propter
1477 2519 1632 2547 diuturnam
1649 2519 1701 2544 du-

916 2579 976 2599 cum
990 2570 1178 2600 defectionem,
1195 2573 1250 2596 tum
1265 2569 1292 2594 in
1310 2565 1454 2598 Bouiania,
1465 2570 1521 2592 tum
1534 2565 1559 2592 in
1575 2562 1701 2595 Perside,

917 2625 977 2645 cum
993 2616 1102 2643 interim
1122 2622 1169 2650 per
1189 2620 1275 2641 annos
1289 2612 1324 2640 20
1349 2615 1525 2639 moverentur
1535 2609 1700 2644 quaestiones

912 2714 991 2741 quam
1009 2706 1092 2740 liquet
1112 2712 1162 2741 non
1181 2710 1242 2731 esse
1255 2701 1450 2741 Armenium,
1471 2699 1518 2727 sed
1530 2698 1616 2741 magis
1626 2698 1699 2737 Cra:—

911 2734 984 2773 cam,
1001 2734 1089 2767 nciam
1106 2739 1174 2767 satis
1190 2749 1195 2765 :
1214 2739 1259 2765 sed
1275 2741 1422 2773 sequentes
1440 2742 1502 2773 vere
1524 2734 1694 2773 Armenicas.

912 2769 983 2810 qua!
993 2781 1053 2803 sunt
1079 2774 1188 2810 nomina
1203 2769 1349 2810 _locori_im_,_
1360 2769 1574 2810 thpa'..,.iltqt_lit,
1587 2773 1696 2806 auctor,

912 2802 1046 2847 regiones,
1060 2808 1183 2837 nonnihil
1203 2802 1393 2835 remotioribus
1404 2802 1490 2832 'uobis
1511 2802 1692 2831 obscurior-rs.
