1875 3056
80 139 148 171 19.33

695 139 744 169 DE
766 138 893 169 REBUS
912 139 1106 170 ARMENL’E.

1637 142 1705 175 1254

77 196 165 229 θείαις
180 196 302 231 Γραφαῖς
315 195 376 222 τότε
393 194 549 231 προσετίθει
563 194 577 221 ὁ
592 193 753 229 Σατορνίλος
766 194 862 225 πολλὰς

955 195 974 221 it
1000 200 1087 222 autem
1103 195 1146 223 illi
1166 196 1274 230 angelus
1287 197 1318 224 de
1333 196 1396 227 caelo
1416 198 1568 234 con/ortam
1592 207 1664 233 eum,
1679 206 1704 228 ει

76 242 208 277 αἱρέσεις,
227 242 265 274 ὡς
287 243 334 268 καὶ
354 243 394 273 εἰς
413 241 444 268 τὺ
464 240 534 267 κατὰ
555 240 663 267 Λουκᾶν
684 239 867 274 Εὑαγγέλιονη

77 290 118 315 ὅτι
130 288 260 322 Ἠρξατο
276 289 292 315 o'
309 287 429 320 Ἰησοῦς
447 286 610 314 λυπεῖσθαι
630 284 678 312 καί
694 284 867 319 ἀδημονεῖν.

79 335 177 369 Ὥφθη
197 335 231 361 δὲ
248 334 328 367 αὐτῷ
347 334 475 369 ἅγγελος
492 332 552 360 ἀπὸ
568 332 700 366 οὐραγοῦ
718 332 870 366 ἐνισχύων

77 382 182 413 αὐτόν,
196 381 245 408 καί
256 381 301 408 ὅτι
312 380 523 415 ἐκτενέστερον
532 380 736 413 προσηύχετο·
750 378 868 413 ἐγένετο

76 428 93 453 ὁ
105 426 193 460 ίὸρὼς
203 427 297 454 αὑτοῦ
309 427 348 460 ὡς
370 426 491 461 θρομόοί
504 426 640 460 αἵματος,
653 426 699 451 καὶ
711 424 746 451 τὰ
757 425 866 459 ὅμοια.»

920 241 1050 276 prolixius
1061 242 1165 269 orabat.
1187 242 1222 269 Et
1237 243 1323 278 [actus
1333 249 1371 272 est
1384 245 1465 276 sudor
1478 246 1534 280 ejus
1548 247 1706 282 ticutguutz

920 287 1091 323 sanguinis’,
1115 293 1142 315 et
1153 288 1262 317 similia.
1282 298 1291 315 ›
1313 290 1455 318 Enimvero
1470 292 1526 318 visa
1548 292 1702 320 suntJoau-

921 333 962 359 nis
989 333 1071 360 verba
1100 333 1157 361 haec
1171 335 1307 362 contraria
1331 344 1422 363 coram
1438 337 1533 369 Esdra,
1555 338 1588 365 ab
1601 339 1706 373 reliquo

920 379 1106 413 episcoporum
1135 385 1266 408 conventu
1282 389 1290 414 ;
1309 389 1534 419 recesseruntque
1560 392 1654 413 omnes
1670 386 1705 412 al)

920 431 954 450 eo
968 423 1100 458 ejusmodi
1118 432 1271 454 sermonem
1284 429 1410 455 aversati.

82 473 237 508 Ἐφάνησαν
255 474 284 500 δὲ
301 474 336 501 τὰ
356 474 467 509 ῥήματα
489 473 575 500 ταῦτα
594 474 642 500 τοῦ
663 473 787 500 Ἰωάννου
807 472 922 499 ἐνώπιον
936 471 1052 507 Ἔσδρα,
1078 473 1125 500 καὶ
1144 473 1199 501 τῶν
1221 475 1269 502 σὺν
1291 475 1365 512 αὐτῷ
1382 477 1548 511 ἐπισκόπων,
1573 480 1682 507 ἐναντία
1695 483 1704 492 ⁸

76 521 122 547 καὶ
140 520 241 552 πάντες
266 521 427 556 ἀπέστησαν
450 520 543 554 αὑτοῦ,
569 519 734 555 στραφέντες
759 519 813 545 ἀπὸ
828 517 874 544 τοῦ
890 517 970 552 λόγου
987 519 1103 547 ἐκείνου.

111 574 195 609 Οὗτος
211 577 238 604 δὲ
259 579 313 608 tot;
329 577 423 610 αὐτοῖς
445 578 576 612 ἐπέμεινε
595 576 769 611 φιλονεικῶν,
794 574 864 602 διότι

74 625 283 659 ἀντικειμένους
350 624 450 658 νόμους
475 624 690 659 ἐκληρονόμησε.
713 623 768 649 Καὶ
788 623 816 648 ἐν
829 624 862 657 τῇ

73 669 187 705 τελευτῇ
204 669 251 695 τοῦ
270 669 374 704 Ἐσδρα
386 668 512 704 ἐνόμιζεν
534 669 576 696 ὅτι
593 669 673 700 αὐτὸς
688 668 803 704 λήψεται
816 667 863 694 τὸν

74 715 180 750 θρόνον,
198 715 268 751 [καὶ]
281 717 314 751 τῇ
331 715 442 751 βοηθείᾳ
456 715 512 742 τῶν
533 715 713 751 μεγιστάνων.
726 715 789 742 Ὀτι
805 715 833 741 δὲ
848 715 862 741 ὁ

72 760 216 795 Νορσέσης
231 760 308 794 ἔτυχε
320 759 367 786 τοῦ
379 759 487 794 θρόνου,
502 759 583 790 αὐτὸς
591 759 619 785 δὲ
634 759 694 792 οὐκ,
711 759 756 785 ἐπὶ
770 759 861 785 πλεῖον

72 805 222 840 ἐταράχθη.
243 805 361 831 Ἐὃλεπε
378 805 433 841 γὰρ
462 803 695 839 συγκιινωνοῦντα
717 805 799 831 αὑτὸν
823 804 861 840 τῷ

73 852 180 886 puclla!
206 852 259 878 τῶν
280 851 435 886 Ῥωμαίων.
471 851 527 878 Καὶ
555 850 659 881 πάντας
678 850 796 886 ὤτρυνεν
822 852 863 882 είς

73 897 241 931 ἀντιλογίας,
256 897 297 923 ὅτι
318 896 388 923 κατὰ
407 897 453 923 τὸν
472 897 575 932 Ἐσδρα
602 897 649 923 καὶ
676 897 757 928 αὐτὸς
779 897 861 923 ὲπλα-

71 943 154 978 νήθη.
172 944 220 970 Ὃν
229 943 369 978 προδήλως
379 942 496 974 καλέσας
509 944 522 970 ὸ
533 943 685 978 Νορσέσης,
693 942 861 971 κατενώπιον

72 989 180 1014 πολλῶν
203 989 361 1015 ἐπισκόπων
383 989 431 1016 καὶ
454 988 634 1020 διδασκάλων,
655 988 703 1015 καὶ
729 989 860 1021 ’Δζάτων.

70 1035 174 1068 πολλὴν
189 1035 302 1069 ἔρευναν
317 1035 434 1070 ποιήσας
450 1034 517 1070 περὶ
533 1035 583 1069 τῆς
609 1035 776 1069 ἀντιλογίας,
796 1044 863 1062 κατ-

73 1081 187 1116 έκριναν
202 1081 282 1108 αὐτὴν
304 1080 488 1116 ἐξορισθῆναι.
503 1082 558 1108 Καὶ
570 1081 703 1117 ἐξωρίσθη
723 1083 799 1117 παρὰ
813 1082 860 1109 τοῦ

71 1126 218 1154 καθελικοῦ
241 1127 288 1154 καὶ
321 1127 369 1153 τοῦ
395 1127 526 1163 ἄρχοντος
549 1127 598 1162 τῆς
625 1128 789 1163 Ἀρμενίας·
814 1130 861 1155 καὶ

71 1173 237 1208 ποιήσαντες
256 1171 286 1198 τδ
301 1172 428 1207 μέτωπον
447 1172 530 1199 αὐτοῦ
550 1172 692 1205 ἀλώπεκος
709 1174 800 1200 είκόνςι
821 1174 861 1210 τῷ

71 1218 320 1254 πεπυρακτωμένῳ
335 1218 446 1253 σιδήρῳ,
474 1218 523 1245 σὺν
540 1219 598 1251 τοῖς
622 1218 726 1250 λοιποῖς
741 1220 860 1254 ἑταίροις

70 1264 167 1295 αὑτοῦ,
184 1264 311 1297 ἐξέϐαλον
323 1264 404 1290 αὑτὸν
415 1265 455 1295 είς
471 1264 584 1296 Καυκὰς
598 1264 670 1299 ὅρος.
695 1265 815 1292 Ἐκεῖθεν
831 1266 859 1292 δὲ

71 1310 249 1345 ὑποστρέψας
274 1311 311 1346 μὴ
329 1311 490 1346 ὑποδεχθε⁸ς
506 1311 582 1346 παρὰ
599 1311 653 1338 τῶν
675 1312 764 1338 ὲκεῐσε
783 1312 861 1338 εἰδω-

68 1356 222 1392 λολατρῶν,
240 1357 287 1383 καὶ
301 1357 369 1391 μετὰ
384 1356 498 1384 θάνατον
510 1356 556 1383 τοῦ
583 1357 661 1391 ἁγίου
682 1357 859 1384 ’Δναστασίου

69 1402 160 1430 ἐλθὼν
178 1403 218 1434 είς
238 1402 284 1430 τὸν
299 1402 348 1429 ἀπ’
364 1403 451 1438 ἀρχῆς
473 1402 556 1430 αὐτοῦ
572 1404 665 1436 τόπον,
682 1403 860 1439 ἐτελεύτησεν

69 1450 100 1475 ὲν
118 1450 202 1485 γήρει-

108 1495 140 1520 Οἰ
164 1494 192 1520 δὲ
215 1493 335 1529 μαθηταὶ
353 1493 436 1520 αὐτοῦ
471 1493 680 1529 πληθυνθέντες,
703 1494 804 1525 πάντες
820 1493 861 1528 ἐξ·

68 1541 183 1567 έκλιναν
200 1541 255 1567 ἀπὸ
267 1540 316 1575 τῆς
335 1539 465 1576 ἀληθείας
476 1548 483 1555 ·
506 1541 555 1567 καὶ
565 1540 700 1576 διεσπάρη
720 1541 737 1575 ἠ
754 1540 861 1576 αἵρεσις

68 1587 143 1623 αὐτὴ
165 1588 196 1614 ἐν
212 1589 245 1623 τῇ
261 1587 339 1623 χώρᾳ
357 1587 459 1622 ἐκείνῃ.
481 1586 534 1618 ἕως
552 1586 696 1614 Ἰουστίνου
720 1588 860 1623 Καίσαρος

67 1635 112 1669 τῷ
131 1633 152 1661 ε’
164 1634 228 1668 ἔτει,
245 1635 273 1660 ὲν
287 1630 309 1668 ᾧ
325 1633 414 1670 καιρῷ
429 1632 547 1665 καλέσας
562 1634 608 1661 τὸν
629 1634 723 1661 Ἰσαὰκ
745 1634 790 1661 τὸν
809 1643 860 1662 κα-

68 1681 180 1708 θολικὸν
196 1681 245 1707 σὺν
258 1682 315 1712 τοῖς
329 1681 489 1713 ἐπισκόποις
503 1681 543 1713 είς
559 1681 859 1715 Κωνσταντινούπολιν,

66 1728 178 1763 ἡνωσεν
194 1728 293 1759 αὐτοὺς
308 1729 364 1759 τοῖς
379 1727 540 1763 ὁμολογοῦσι
561 1727 611 1759 τὰς
625 1727 672 1754 δύο
695 1727 792 1762 φύσεις
810 1727 858 1754 τοῦ

67 1773 192 1809 Χριστοῦ
211 1773 258 1801 καὶ
278 1773 347 1800 Θεοῦ
361 1774 452 1809 ἡμῶν,
474 1774 524 1809 τῆς
541 1773 668 1808 θεότητος
683 1774 731 1800 καὶ
747 1774 796 1809 τῆς
811 1774 859 1801 ἁν-

66 1820 257 1855 θρωπότητος,
278 1819 308 1846 ὲν
324 1820 373 1855 μιᾷ
392 1820 551 1853 ὑποστάσει,
575 1819 713 1856 ἀφύρτως,
737 1820 859 1856 ἀδιαιρέ-

65 1875 126 1897 τως
138 1874 145 1880 ·
163 1866 210 1892 καὶ
225 1865 269 1893 διὰ
285 1866 365 1893 τοῦτο
384 1866 531 1901 ἐγγράφως
546 1865 668 1901 ὤμοσαν,
688 1866 735 1894 τοῦ
759 1867 858 1903 μηκέτι

65 1912 199 1946 γενέσθαι
230 1913 272 1944 είς
297 1913 396 1944 αὐτοὺς
416 1912 582 1947 ἀντιλογίαν.
612 1913 698 1941 Πάλιν
725 1914 764 1947 δὲ,
789 1915 856 1940 ὐπο-

68 1957 250 1992 στρεψάντων
273 1957 376 1991 αὐτῶν,
395 1957 421 1984 οι
440 1957 668 1992 καταλειφθέντες
687 1958 717 1985 ἐν
734 1960 767 1995 τῇ
788 1959 859 1994 Ἀρ-

68 2005 166 2038 μενίᾳ,
184 2004 374 2040 ἐδυσχέραινον
394 2007 427 2040 τῇ
439 2004 543 2032 τούτων
564 2005 721 2042 ἐπιστασίᾳ,
737 2006 775 2037 ὼς
791 2007 857 2041 ὀμο-

67 2050 266 2086 φρονησάντων
287 2049 357 2086 μετὰ
373 2050 427 2077 τῶν
445 2050 602 2085 Ῥωμαίων.
615 2051 669 2077 Καὶ
684 2050 776 2078 λοιπὸν
793 2051 858 2079 στά-

66 2104 129 2127 σεις
156 2095 203 2122 καὶ
226 2094 389 2130 συζητήσεις
407 2095 518 2122 ἐποίουν
543 2095 612 2130 μετὰ
631 2096 678 2123 τοῦ
696 2096 789 2124 Ἰσαὰκ
809 2097 856 2124 καὶ

65 2141 124 2168 τῶν
145 2141 369 2168 συναπελθόντων
383 2141 467 2177 αὐτῷ,
487 2141 629 2176 λέγοντες·
652 2143 694 2169 ὅτι
709 2152 719 2169 ι
739 2143 802 2171 Ἐὰν
817 2143 856 2180 μὴ

951 2138 1023 2166 )l'ecti
1053 2138 1168 2169 fuerant,
1190 2137 1312 2164 dicentes

66 2188 210 2223 στραφῆτε
230 2186 277 2214 καὶ
296 2187 518 2223 ἀναθεματίζητε
536 2188 647 2221 αὐτοὺς,
668 2189 699 2216 οὑ
721 2189 856 2225 δεχόμεθα

66 2233 144 2268 ὑμᾶς
164 2232 204 2263 είς
221 2232 304 2259 τόπον
318 2232 407 2267 ἡμῶν.
424 2241 433 2257 ι
449 2232 534 2260 Αὐτοὶ
547 2233 575 2259 δὲ
594 2233 789 2269 ἀγαπήσαντες
806 2235 857 2270 τήν

64 2277 149 2310 δόξαν
162 2277 217 2304 τῶν
240 2278 403 2314 ἀνθρώπων,
420 2279 436 2314 ἦ
451 2278 500 2314 τὴν
514 2279 593 2312 δόξαν
606 2278 653 2306 τοῦ
671 2280 750 2314 Θεοῦ,
774 2281 856 2308 πάλιν

64 2323 273 2358 ἀνεθεμάτισαν
299 2323 407 2359 πρῶτον
428 2325 554 2359 ἑαυτοὺς,
575 2325 614 2357 ὡς
637 2327 855 2362 κοινωνήσαντας

66 2371 127 2401 τοῖς
146 2370 305 2405 Ῥωμαίοις.
321 2369 481 2406 Εὗρέθησαν
492 2370 521 2398 δὲ
542 2371 648 2398 ἀνίατοι
665 2372 694 2399 ἑν
717 2372 777 2404 ταῖς
801 2381 854 2399 κα-

65 2423 155 2446 ιιαις.

260 2483 418 2511 Καθολικοί
433 2483 488 2517 τῆς
507 2483 669 2520 Ἀρμενίας.

72 2538 105 2565 ’Ὀ
119 2537 197 2572 ἅγιος
209 2539 360 2574 Γρηγόριος
379 2541 393 2567 6
405 2542 528 2578 φωστὴρ,
548 2542 594 2578 ἔτη
609 2543 643 2570 λ’.

65 2629 104 2655 ‘0
122 2628 200 2662 ἇγιος
221 2629 380 2666 Ῥωοτάκης
392 2631 473 2662 dolo;
489 2631 583 2666 αὐτοῦ,
607 2631 655 2668 ἐτη
674 2631 697 2667 β’

66 2674 104 2701 ³0
119 2674 271 2709 Βαρτανὲς,
291 2676 338 2711 ἐτη
352 2675 389 2710 γ’.

68 2719 105 2747 '0
122 2720 285 2756 Γρηγόριος,
296 2722 344 2758 ἐτη
361 2721 407 2750 ια’.

69 2765 105 2792 Ὀ
129 2766 244 2803 Ἰουσὴκ,
258 2768 305 2803 ἐτη
322 2771 361 2800 ς’.

103 2849 116 2864 ¹
133 2847 215 2876 Marc.
229 2855 284 2881 xtv,
302 2848 337 2876 55
350 2857 358 2883 ;
371 2847 427 2876 Luc
443 2841 543 2881 22,45.

953 573 1053 603 Verum
1073 577 1127 610 ille,
1146 578 1217 612 quod
1233 579 1384 607 contrarias
1403 580 1427 607 ei
1449 580 1522 615 leges
1542 587 1656 616 teneret,
1677 585 1704 612 in

916 622 1009 648 eadem
1030 623 1201 650 contentione
1225 624 1355 658 perstitit.
1379 624 1465 653 Morte
1487 631 1575 654 autem
1600 628 1706 655 sublato

917 666 1015 700 Esdra,
1032 668 1135 702 putavit
1151 667 1220 701 fore,
1239 674 1267 695 ut
1280 669 1339 704 ejus
1362 671 1464 703 sedem,
1483 679 1638 706 magnatum
1655 682 1706 709 ope

917 713 1060 747 acciperet.
1073 713 1106 740 At
1121 721 1181 741 cum
1197 713 1328 743 Norseces
1341 723 1399 743 eam
1416 717 1530 752 adeptus
1554 724 1637 750 esset,
1652 727 1704 747 non

917 759 984 793 ipse,
1000 759 1128 794 majorem
1144 759 1170 787 in
1182 761 1290 788 modum
1304 761 1427 790 turbatus
1440 767 1493 790 est.
1509 763 1621 791 Videbat
1633 765 1704 792 enim

914 805 1038 839 junctum
1072 808 1261 834 communione
1291 807 1447 842 imperatori
1479 809 1659 838 Romanorum
1693 819 1701 838 :

915 859 1064 886 omnesque
1090 853 1218 880 incitabat
1239 858 1268 880 ut
1292 855 1518 888 contmlicerent,
1542 857 1613 884 velut
1635 857 1704 892 ipse,

916 898 953 924 uti
969 903 996 924 et
1018 897 1119 925 Esdras
1135 898 1264 931 deceptus
1277 903 1359 926 esset.
1372 897 1463 925 Palam
1479 904 1566 926 autem
1582 901 1704 928 accersi-

916 951 988 979 tum,
1006 945 1139 973 Norseces
1161 953 1253 973 coram
1292 954 1435 974 numeroso
1463 947 1649 982 episcoporum
1675 953 1704 976 et

886 999 895 1005 ‘
914 992 1119 1026 magistrorum,
1137 999 1169 1018 ac
1185 991 1330 1019 Azatorum
1352 997 1435 1024 coetu,
1459 993 1541 1020 multa
1566 994 1623 1026 ejus
1636 1001 1702 1021 con-

915 1039 1088 1066 tradictionis
1117 1038 1293 1073 inquisitione
1316 1037 1418 1071 habita,
1444 1039 1539 1065 exsilio
1553 1046 1614 1066 eum
1638 1047 1704 1066 con-

914 1085 1088 1114 demnarunt.
1105 1085 1218 1119 Foitqne
1235 1085 1392 1120 deportatus
1405 1091 1419 1111 ο
1441 1085 1574 1112 catholico
1589 1092 1619 1112 ac
1635 1093 1704 1120 [ml--

915 1137 973 1159 tore
993 1132 1139 1161 Armeniae.
1160 1131 1273 1166 ejusque
1299 1130 1395 1164 fronti,
1419 1131 1543 1157 candenti
1565 1130 1637 1158 ferro
1653 1131 1705 1158 im-

915 1179 1063 1212 primentes
1091 1178 1178 1212 volpis
1206 1177 1363 1212 imaginem.
1391 1184 1443 1204 una
1470 1184 1532 1204 cum
1557 1177 1648 1210 sociis,
1675 1177 1702 1203 in

915 1230 1032 1251 montem
1062 1223 1214 1251 Caucasum
1247 1223 1398 1257 ejecerunt.
1428 1222 1563 1250 Reversus
1595 1227 1703 1256 autem,

914 1277 975 1296 cum
993 1268 1090 1295 montis
1106 1267 1201 1294 incola:
1217 1268 1349 1295 idolorum
1370 1267 1488 1295 cultores
1501 1275 1562 1295 eum
1581 1267 1696 1302 repulis-

913 1319 987 1347 sent,
1017 1322 1048 1341 ac
1072 1319 1134 1348 post
1158 1314 1243 1341 sancti
1271 1313 1406 1340 Anastasii
1429 1314 1531 1340 obitum
1554 1314 1661 1340 rediens
1676 1313 1702 1339 in

913 1362 1000 1388 locum
1018 1360 1172 1395 pristinum,
1193 1360 1354 1393 grandaevus
1370 1367 1502 1387 annorum
1521 1358 1591 1386 vivis
1606 1366 1701 1386 exem-

913 1412 973 1445 ptus
989 1411 1040 1434 est.

949 1499 1014 1534 Ejus
1026 1502 1118 1526 autem
1133 1504 1226 1524 errore
1249 1495 1353 1531 decepti
1371 1494 1506 1530 discipuli,
1528 1493 1702 1522 desciverunt

915 1553 1010 1574 omnes
1026 1553 1040 1572 a
1057 1543 1183 1576 veritate,
1205 1550 1290 1578 eaque
1313 1542 1425 1569 haeresis
1445 1541 1472 1569 in
1494 1541 1632 1576 provincia
1656 1541 1700 1567 illa

914 1593 1036 1626 dispersa
1060 1594 1112 1622 est,
1129 1589 1162 1616 ad
1186 1595 1271 1623 usque
1295 1595 1396 1615 annum
1420 1587 1436 1615 5
1459 1586 1558 1614 Justini
1574 1586 1701 1618 Caesaris,

914 1636 1022 1673 quando
1040 1635 1084 1664 ille
1098 1641 1243 1663 accersens
1259 1634 1335 1660 Isaac
1362 1632 1523 1660 catholicum
1543 1630 1702 1659 Constanti-

914 1682 1044 1718 nopolim,
1070 1688 1131 1709 cum
1155 1680 1286 1714 subjectis
1309 1679 1454 1714 episcopis,
1469 1685 1515 1719 eos
1534 1678 1620 1705 onivit
1634 1684 1702 1704 con-

914 1730 1052 1757 ﬁtentibus
1068 1728 1136 1755 duas
1160 1731 1271 1753 naturas
1284 1725 1384 1753 Christi
1402 1732 1433 1752 ac
1446 1724 1492 1752 Dei
1505 1723 1601 1754 nostri,
1614 1722 1702 1749 deita-

914 1775 948 1802 tis
971 1782 1003 1801 ac
1026 1772 1215 1805 humanitatis,
1242 1772 1268 1798 in
1295 1778 1348 1797 una
1374 1769 1525 1805 hyposlasi,
1548 1768 1700 1799 inconfnse.

913 1819 1049 1847 indivise:
1068 1817 1244 1852 quamobrem
1261 1816 1342 1842 etiam
1360 1815 1460 1849 scripta
1477 1814 1602 1841 cautione
1616 1813 1700 1847 jura-

912 1869 1020 1897 verunt,
1038 1864 1095 1891 fore
1119 1868 1148 1889 ut
1172 1869 1309 1896 nunquam
1331 1860 1561 1888 contradicerent.
1580 1858 1698 1885 Rursum

912 1913 1002 1936 autem
1023 1915 1083 1935 cum
1100 1911 1193 1934 essent
1214 1904 1326 1937 reversi,
1347 1903 1393 1938 qui
1417 1903 1444 1930 in
1460 1903 1586 1930 Armenia
1612 1902 1699 1929 relicti

912 1955 1030 1987 fuerant,
1048 1959 1142 1980 eorum
1163 1951 1305 1978 adventum
1328 1949 1442 1976 moleste
1460 1949 1624 1979 habuerunt,
1638 1952 1699 1974 tau-

911 2008 991 2036 quam
1007 2007 1111 2032 eorum,
1128 1998 1173 2034 qui
1187 1998 1214 2025 in
1230 1997 1352 2024 eamdem
1370 2003 1430 2024 cum
1445 1994 1573 2022 Romanis
1587 1999 1698 2021 senten-

911 2048 974 2075 tiam
994 2046 1218 2074 concessissent:
1242 2044 1422 2078 deincepsque
1446 2041 1541 2069 turbas
1562 2048 1594 2068 ac
1620 2048 1694 2074 qua:-

910 2094 1011 2121 sliones
1026 2091 1168 2119 movebant
1183 2098 1246 2118 cum
1271 2089 1360 2121 Isaac.
1384 2089 1422 2122 ac;
1438 2088 1472 2115 iis
1488 2087 1534 2121 qni
1558 2094 1620 2113 cum
1637 2086 1697 2121 ipso

1336 2143 1344 2162 :
1370 2144 1379 2161 ι
1407 2133 1463 2161 Nisi
1488 2132 1695 2164 convertamini,

910 2186 1003 2219 eisque
1019 2184 1116 2212 dicatis
1131 2183 1284 2213 analhema,
1308 2188 1360 2209 non
1383 2180 1527 2215 recipimus
1541 2186 1590 2207 vos
1609 2178 1636 2205 in
1652 2178 1695 2205 lo-

910 2238 970 2258 cum
984 2234 1118 2257 nostrum.
1133 2238 1142 2254 ι
1155 2228 1194 2255 illi
1208 2234 1307 2260 autem,
1321 2226 1406 2262 magis
1416 2226 1556 2253 hominum
1567 2224 1694 2260 gloriam,

909 2283 989 2311 quam
1018 2275 1066 2302 Dei
1092 2274 1245 2309 diligentes,
1275 2274 1418 2299 anathema
1448 2278 1541 2299 rursus
1567 2270 1618 2297 sibi
1643 2269 1695 2303 ipsi

908 2321 1024 2355 primum
1055 2318 1201 2351 dixerunt,
1232 2325 1280 2345 cctl
1308 2317 1341 2344 iis
1371 2317 1417 2351 qui
1449 2315 1696 2343 conununicasscul

908 2373 968 2393 cum
999 2364 1127 2392 Romanis
1155 2372 1162 2391 :
1189 2371 1220 2391 ac
1249 2363 1350 2390 inventi
1380 2366 1443 2389 sunt
1472 2360 1639 2398 insanabijes
1667 2361 1694 2386 in

909 2411 987 2438 malis

1157 2487 1286 2515 Catholici
1305 2487 1448 2514 Armeniw.

911 2546 1028 2575 Sanctus
1071 2546 1237 2582 Gregorius,
1281 2545 1438 2580 praeclarum
1476 2544 1540 2571 illud
1579 2543 1693 2578 lumen,

942 2601 1006 2619 ann.
1032 2592 1077 2620 50.

908 2638 1024 2666 Sanctus
1042 2637 1173 2664 Rostaces
1190 2636 1248 2671 ejus
1269 2635 1350 2670 illius,
1371 2643 1434 2664 ann.
1454 2636 1482 2663 2.

907 2683 1049 2715 Bartanes,
1070 2689 1135 2709 ann.
1155 2682 1182 2709 ὅ.

907 2729 1053 2764 Gregorius
1074 2737 1138 2755 ιιηιι.
1159 2728 1205 2756 Η.

907 2774 1015 2803 Josech.
1035 2783 1098 2802 ann.
1120 2775 1147 2802 6.
