1875 3056
69 137 84 166 1
89 136 136 166 2’57

681 132 730 165 DE
751 132 878 166 REBUS
898 133 1095 166 ARMENUE.

1630 135 1699 168 1258

66 190 132 225 περὶ
146 190 195 222 τὰς
205 189 253 217 δύο
266 189 364 225 φύσεις
385 190 433 222 τὰς
454 191 483 218 ὲν
500 190 611 227 Χριστῷ
625 191 663 228 τῷ
683 192 743 228 Θεῷ
763 192 853 228 ἡμῶν,
870 199 892 226 Α
907 198 950 220 nat

938 198 1005 219 lllll'a
1021 193 1221 225 duhitavcrant,
1238 192 1271 220 ad
1285 200 1369 228 usque
1387 199 1487 223 annum
1506 193 1570 227 105,
1592 201 1606 221 a
1629 195 1700 223 cele-

65 236 196 272 οὐδεμίαν
220 236 388 272 ἁμφιὸολιαν
407 234 492 271 εἶχον,
516 236 569 268 ἕως
584 237 653 264 ὲτῶν
668 236 721 273 ργ’,
738 238 792 264 ἀπὸ
807 238 857 273 τῆς

67 283 176 310 συνόδου
192 282 243 318 τῆς
265 283 294 309 ὲν
309 282 475 317 Χαλκηδόνι,
491 282 546 314 ἕως
557 283 608 318 τῆς
631 283 743 311 συνόδου
757 283 855 319 Τιὸήν.

67 330 123 356 Καὶ
132 329 225 356 λοιπὸν
241 328 272 361 ἐξ
285 328 393 356 ἐκείνου
406 329 568 364 ἀπέστησαν
580 329 636 356 ἀπὸ
648 329 698 364 τῆς
712 330 857 362 κοινωνίας

65 375 121 402 τῶν
143 374 287 411 Ῥωμαίων
304 375 352 401 καὶ
372 375 422 410 τὴν
442 374 627 411 Ἰερουσαλὴμ
642 375 855 411 ἀνεθεμάτισαν,

68 423 115 449 καὶ
138 422 188 458 τὴν
212 421 324 449 σύνοδον
347 422 534 457 Χαλκηδόνος,
551 422 768 458 ὁμολογήσαντες
791 423 856 458 μίαν

67 468 148 503 φύσιν
169 467 217 494 τοῦ
237 467 370 503 Χριστοῦ,
390 468 440 502 τῆς
464 468 595 503 θεότητος
615 468 729 503 καὶτῆς
749 469 856 504 ἀνθρω-

66 514 201 550 πότητος·
222 514 389 550 προσέθεντο
402 515 443 546 τὸ,
465 516 482 541 ό
503 515 697 548 σταυρωθεὶς,
715 515 754 546 εις
772 517 855 549 Τρισ-

65 561 153 596 άγιον
173 560 268 596 ὕμνον,
286 560 355 596 πρὸς
369 561 467 595 "Arta;
479 562 495 587 ὁ
510 562 592 594 Θεός.
613 562 690 588 Μετὰ
709 562 791 596 ὅρκου
809 561 856 588 καὶ

64 606 362 642 ἁναθεματισμοῦ,καὶ
382 606 454 641 μετὰ
483 607 605 641 ἀλλήλων
621 607 768 642 ἐγγράφως
793 607 856 634 ἰδιο-

66 653 146 688 χερσὶ
167 652 298 685 διέθεντο,
317 652 355 687 μὴ
369 652 534 687 χωρίζεσθαι
551 652 603 687 τῆς
620 653 749 688 τοιαύτης
759 653 855 688 ὁμολο-

65 699 128 732 γίας
145 699 186 730 εὶς
197 699 243 725 τὸν
259 697 356 725 αἰῶνα.
369 698 421 724 Τὸν
436 698 464 725 δὲ
482 698 608 733 Εὐτυχέα
620 698 664 725 τὸν
681 699 855 734 Ἰακωσίτην,

64 747 114 773 καὶ
129 745 151 781 β’
165 745 262 778 ἄλλους
280 745 408 780 ἑταίρους
433 744 530 777 αὑτοῦ,
555 747 569 772 6
585 745 634 780 μὲν
657 742 698 777 εἷς
716 746 856 772 Ἰουλιανι-

63 800 126 825 της,
140 791 192 818 ὁδὶ
205 791 311 827 ἔτερος,
323 790 408 826 ἄλλης
425 791 559 826 αἰρέσεως
573 791 725 826 τυγχάνων,
741 791 855 818 ἐπισκό-

64 845 133 868 πους
153 836 406 872 χειροτονήσαντες,
426 836 468 867 εἰς
481 835 708 871 Μεσωποταμιαν
728 837 856 863 ἀπέστει-

65 883 126 911 λαν.

65 929 145 956 Μετὰ
170 929 251 956 τοῦτο
265 929 279 956 6
297 927 438 963 Εὐανέσης
451 930 464 955 6
483 928 538 955 ἀπὸ
553 928 729 964 Καπεληνῆς,
741 928 788 964 ἐτη
804 927 849 960 ιζ’.

70 976 101 1002 ’0
117 975 239 1010 Μωῦσῆς
256 976 309 1002 ἀπὸ
323 976 371 1002 τοῦ
390 975 543 1011 Ἐλιὸἀρετ,
567 975 615 1010 ἐτη
630 974 661 1002 λ’.

71 1023 102 1049 '0
121 1021 246 1057 Ἀϐραὰμ
262 1021 316 1049 ἀπὸ
332 1021 531 1057 ’Ᾱραστουνῆς,
548 1022 594 1057 ἐτη
609 1019 662 1055 κγ’.

70 1070 99 1096 '0
121 1069 246 1104 Ἰωάννης
259 1068 313 1095 ἀπὸ
329 1068 376 1095 τοῦ
391 1069 533 1103 Πακρανᾶ,
550 1067 599 1103 ἐτη
615 1070 674 1100 κς’.

64 1115 206 1151 Κωμητὰς
219 1115 233 1141 6
243 1115 290 1142 καὶ
301 1116 352 1150 τῆς
363 1112 746 1150 κώμηςῈλτζησαρακιτζοῦ,
759 1113 807 1149 ἐτη
819 1117 854 1149 η’.

68 1163 100 1190 ⁸0
119 1162 303 1197 Χριστοφόρος
317 1163 330 1188 6
345 1161 528 1197 Ἀϐραμίτης,
543 1161 589 1196 ἔτη
606 1159 641 1195 γ’.

69 1210 100 1235 't)
119 1209 237 1244 Ἔσδρας
251 1209 265 1235 6
276 1207 330 1234 ἀπὸ
342 1207 390 1234 τοῦ
404 1207 489 1239 Νιχᾶ,
506 1206 554 1241 ἐτη
572 1210 598 1234 ι’.

68 1255 99 1282 't)
113 1254 255 1291 Νορσέσης
267 1255 281 1281 6
296 1253 351 1283 ἀπὸ
368 1253 416 1280 τοῦ
434 1253 534 1288 Ἰσχνᾶ,
549 1252 596 1288 ἐτη
614 1256 648 1280 κ’.

68 1302 100 1329 '0
116 1302 291 1333 Ἀναστάσιος
303 1301 317 1327 6
328 1301 382 1329 ἀπὸ
397 1300 444 1327 τοῦ
457 1301 545 1336 Κορᾶ,
562 1300 609 1336 ἔτη
623 1303 660 1333 ς’.

68 1349 100 1376 Ὀ
116 1348 226 1384 Ἰσραὴλ
240 1349 254 1375 6
269 1348 324 1375 ἀπὸ
336 1347 449 1382 Τμησοῦ
467 1347 519 1381 τῆς
532 1346 642 1383 κώμης,
655 1346 703 1382 ἔτη
719 1350 746 1374 ι’.

69 1397 100 1422 '0
118 1395 211 1422 Ἰσαὰκ
226 1394 280 1422 ἀπὸ
295 1393 342 1421 τοῦ
358 1393 579 1429 Βαζακαστρίου.

62 1441 192 1473 Βασιλεῖς
207 1440 372 1477 Ἀρμενίων,
389 1440 444 1466 ἀπὸ
459 1438 505 1467 τοῦ
520 1437 666 1474 ΗαΜρέως
683 1438 735 1470 ἕως
747 1438 853 1476 Τασὴρ,

99 1489 148 1513 καὶ
163 1487 232 1522 μετὰ
246 1487 310 1519 τοὺς
328 1487 477 1522 ἡγεμόνας.

62 1533 216 1569 Κοινουνὴς
231 1534 245 1560 ὁ
260 1533 375 1568 ιΙρίτης,
388 1532 435 1568 ἔτη
446 1532 478 1560 δ’.

67 1581 100 1606 Ὀ
113 1579 196 1607 Δαὸὶδ
209 1580 223 1606 6
233 1579 374 1614 Σαρωνῆς,
389 1579 437 1614 ἐτη
451 1577 485 1613 γ’.

60 1625 221 1660 Τοτρούσης
234 1625 248 1651 6
266 1624 443 1659 Ῥουστανῆς,
462 1624 510 1659 ἐτη
525 1627 549 1651 ι’.

68 1672 100 1698 Ὀ
117 1671 282 1707 Ἀμαζάτιης
301 1672 316 1698 6
333 1671 558 1707 Κουροπάλατος,
579 1671 628 1706 ἐτη
640 1670 671 1698 δ’.

58 1718 216 1753 Γρηγόριος
234 1717 249 1744 6
265 1717 380 1752 ἁδελφὸς
395 1717 491 1749 αὑτοῦ,
504 1716 554 1751 ἔτη
565 1716 614 1743 κδ’.

60 1765 158 1800 Σώτης
172 1763 380 1800 Πακρατουνὴς,
397 1763 444 1799 ἐτη
459 1766 495 1798 γ’.

67 1813 98 1838 Ὀ
112 1810 255 1847 Νερσέχης
272 1810 479 1846 Καμψαρακὰν,
498 1809 547 1844 ἐτη
557 1811 592 1843 γ’.

66 1860 98 1886 Ὀ
112 1858 312 1894 Πακρατουνὴς
325 1858 493 1893 Συμπάτιος.

870 872 894 903 Β

867 1550 889 1579 C

909 238 986 266 brata
1008 238 1110 274 synodo
1132 239 1347 267 Chalcedonensi
1383 247 1471 275 usque
1503 241 1538 269 ad
1566 242 1698 278 synodum

905 284 1005 312 Tiben.
1021 285 1155 319 Deinceps
1178 289 1271 312 autem
1297 290 1468 313 recesserunt
1482 293 1496 313 a
1513 286 1698 314 Romanorum

908 331 1109 362 communione,
1125 338 1156 357 ac
1173 329 1324 358 Jerusalem
1343 331 1618 366 anathematizantes,
1636 340 1701 361 san-

908 380 1036 411 ctamque
1054 377 1186 412 s3uodum
1203 376 1449 408 Chalcedonensem
1461 398 1469 412 ,
1494 378 1610 407 confessi
1637 385 1702 408 sunt

909 428 1033 450 naturam
1059 429 1141 449 unam
1166 421 1279 455 Christi,
1308 422 1417 450 deitatis
1443 430 1475 450 ac
1498 423 1700 453 humanitatis:

909 474 991 503 atque
1015 469 1049 496 ad
1067 469 1195 504 hymnum
1213 467 1264 496 Ter
1286 473 1405 500 sanctus,
1432 469 1466 496 ad
1491 468 1564 502 illud,
1587 469 1701 497 Sanctus

908 515 989 548 Deus,
1004 522 1097 541 vocem
1115 515 1199 547 illam,
1227 515 1271 550 qui
1294 514 1437 548 cruciﬁxus
1454 523 1490 548 er,
1511 515 1676 544 addiderunt
1691 525 1700 543 :

906 561 1085 597 jurejurando
1100 561 1218 588 invicem
1241 560 1421 592 devoventes,'
1433 560 1573 597 obsignata
1597 562 1700 596 scripto

909 607 1024 643 propriae
1038 614 1136 634 manus
1164 606 1354 641 promissione,
1381 614 1518 641 nunquam
1541 614 1571 634 se
1589 606 1615 634 in
1628 614 1701 649 |per-

909 658 1019 689 petuutn
1036 659 1192 680 recessuros
1211 653 1244 679 ab
1257 652 1302 679 illa
1315 651 1499 680 confessione.
1521 652 1606 680 Porro
1619 652 1702 688 Euty-

909 699 1014 727 chetem
1045 697 1216 730 Jacobitam,
1250 698 1366 733 ejusque
1392 698 1459 726 alios
1491 698 1559 726 duos
1590 699 1701 729 socios.

908 752 1023 780 quorum
1059 752 1129 772 unus
1157 743 1307 776 Juliauita,
1338 744 1408 772 alter
1442 744 1555 772 haeresis
1588 745 1702 772 alterius

908 796 978 821 erat.
1002 790 1148 826 episcopos
1175 790 1333 818 ordinantes
1346 810 1354 823 ,
1376 790 1510 818 miserunt
1530 790 1556 818 in
1576 790 1702 826 Mesopo-

909 837 1032 864 taminm.

943 931 1040 959 Postea
1055 931 1191 959 Evaneses
1206 939 1221 958 a
1236 931 1380 966 Capelene,
1397 938 1461 958 ann.
1477 929 1519 958 17.

908 977 996 1006 Moses
1012 978 1047 1005 ab
1066 978 1199 1011 Elibaret,
1216 985 1280 1005 ann.
1298 977 1343 1005 30.

908 1024 1045 1051 Abraham
1059 1024 1093 1051 ab
1106 1023 1253 1056 Arastune,
1271 1030 1335 1050 ann.
1347 1023 1393 1051 25.

907 1069 1027 1098 Joannes
1041 1078 1057 1097 a
1070 1069 1206 1102 Pacrana,
1222 1077 1287 1097 ann.
1303 1069 1349 1097 26.

907 1116 1030 1151 Comitas
1044 1115 1078 1143 de
1093 1123 1162 1150 pago
1177 1115 1398 1148 Eltzesaracitze,
1415 1121 1482 1142 ann.
1499 1114 1527 1142 8.

908 1161 1122 1196 Christophorus
1137 1161 1340 1194 Ahrahamites,
1358 1168 1424 1190 ann.
1439 1160 1467 1188 3.

907 1207 1009 1235 Esdras
1021 1216 1035 1234 a
1052 1207 1128 1241 Nitta,
1144 1215 1208 1235 ann.
1228 1207 1272 1234 10.

908 1253 1041 1281 Norseses
1054 1253 1087 1280 ab
1103 1253 1214 1286 lschna,
1228 1261 1293 1281 ann.
1308 1253 1354 1281 20.

906 1298 1066 1326 Anastasius
1078 1306 1092 1325 a
1105 1297 1187 1330 Cora,
1203 1305 1266 1327 ann.
1282 1298 1309 1327 6.

906 1343 989 1371 Israel
1004 1344 1039 1371 ab
1053 1345 1152 1379 oppido
1163 1344 1273 1377 Tmesu.
1292 1352 1355 1374 ann.
1370 1340 1414 1373 f0.

912 1390 989 1418 Isaac
1006 1397 1020 1416 a
1037 1390 1221 1418 Bazacastrio.

906 1437 1095 1465 Armeniorum
1121 1444 1199 1472 reges
1222 1444 1237 1464 a
1261 1436 1357 1466 Balare
1377 1445 1462 1473 usque
1489 1438 1522 1466 ad
1544 1437 1638 1473 Taser,
1660 1445 1695 1466 ac

941 1488 1003 1520 post
1017 1485 1113 1512 duces.

907 1530 1028 1558 Cinuncs
1043 1530 1187 1564 Pritensis,
1206 1538 1270 1558 ann.
1287 1531 1314 1558 ι.

907 1577 992 1605 David
1008 1576 1182 1611 Saronensis,
1197 1584 1261 1606 ann.
1276 1578 1305 1606 5.

908 1621 1042 1650 Totruscs
1057 1623 1249 1657 Rustanensis,
1265 1632 1329 1652 ann.
1349 1625 1394 1652 t0.

908 1671 1073 1705 Armazapes
1086 1670 1262 1705 Curopalata,
1278 1677 1344 1698 ann.
1360 1671 1390 1699 4.

908 1716 1057 1750 Gregorius
1071 1715 1131 1751 ejus
1146 1716 1239 1750 frater,
1256 1724 1319 1744 ann.
1338 1716 1385 1744 Ἡ.

909 1762 988 1790 Soles
1000 1762 1241 1795 Pancratunensis.
1260 1770 1325 1790 ann.
1341 1763 1370 1790 5.

907 1808 1061 1836 Norseches
1078 1807 1324 1842 Campsaracanus,
1339 1815 1403 1836 ann.
1422 1808 1449 1835 5.

908 1854 1094 1880 Pancratunes
1110 1852 1277 1887 Sympatius.

668 1946 1680 1966 _—I_—__——_—__~.—___.

341 2028 546 2067 QUOMODO
561 2027 819 2060 RECIPIENDI
833 2027 945 2059 SUNT

938 2027 945 2038 '
956 2026 1146 2058 ARMENII
1164 2026 1398 2059 ΗίΕΙέΕΤΙΟΙ.

504 2104 588 2134 (Apud
599 2102 707 2130 Coteler.
721 2104 773 2128 not.
785 2102 814 2126 ad
831 2102 934 2128 Constit.
946 2102 1031 2133 Apost.
1044 2101 1084 2127 lib.
1100 2108 1125 2132 ν,
1140 2107 1192 2132 cap.
1206 2102 1243 2126 Η.

855 2169 888 2176 .-

58 2230 227 2262 ’Λπόταξις
235 2228 294 2256 τῶν
304 2227 633 2263 αΙρετικῶνἈρμενζων.
648 2226 684 2253 Τὸ
697 2224 759 2259 πῶς
771 2226 851 2263 ὀφει-
865 2216 889 2246 θ
902 2225 948 2252 Ret

941 2225 1072 2263 ttttntiatio
1111 2224 1296 2263 Ittvreticorttm
1323 2224 1517 2263 Armenio_rt_tm.
1557 2226 1694 2259 Quomodo

91 2269 209 2294 ,λουσιν
217 2261 449 2298 ἀναθεματίζειν
460 2261 694 2298 ἐπιστρέφοντες
709 2262 782 2298 πρρς
795 2261 853 2298 τὴν

92 2302 203 2327 πίστιν
213 2299 274 2326 τῶν
287 2296 456 2333 ὀρθοΰόξων
473 2297 626 2332 Ῥωμαίων
635 2305 642 2312 '
655 2296 684 2323 οτ
700 2297 851 2328 οὺβαπτι-

93 2336 207 2367 (artat,
223 2334 304 2361 ἀλλὰ
318 2333 496 2369 μυροῦνται.

103 2397 179 2432 Ἐγὼ
190 2399 203 2425 ὁ
213 2397 298 2428 δεῖνα,
307 2397 323 2432 ἦ
333 2396 415 2431 ἡμεῖς
423 2396 437 2422 6
447 2395 521 2422 δεῖνα
531 2395 578 2423 καὶ
585 2395 599 2421 6
607 2395 692 2426 δεῖνα,
703 2394 854 2430 προσέρχο-

51 2454 110 2482 μαι
135 2445 168 2479 τῇ
181 2443 314 2479 ὀρθοδόξῳ
323 2442 489 2477 ἁποστολικῇ
500 2441 549 2469 καὶ
562 2441 852 2476 καθολικῇἘκκλησίᾳ

49 2492 108 2518 καὶ
120 2490 326 2522 ὰποτάσσομαι,
340 2489 388 2515 καὶ
406 2487 600 2523 ἀναθεματίζω
611 2487 660 2523 τὴν
675 2487 781 2522 αἵρεσιν
795 2486 849 2512 τῶν

54 2535 236 2571 Ἀρμενίων,
262 2534 309 2561 καὶ
340 2533 395 2560 τῶν
419 2532 612 2568 Χατζιζαρίων
631 2532 663 2568 [Γ.
693 2531 849 2564 Χατζιτςα-

46 2579 152 2617 pium].
168 2580 215 2606 καὶ
235 2579 288 2606 τῶν
303 2578 482 2611 Ίακωὸιτῶν,
497 2578 546 2604 καὶ
555 2577 590 2604 τὰ
605 2577 663 2613 ἔθη,
678 2577 724 2603 καὶ
739 2576 773 2603 τὰ
788 2577 850 2603 ἐπι-

42 2626 231 2661 τηδεύματα,
245 2625 290 2652 καὶ
303 2624 352 2656 τὰς
365 2624 474 2659 ἑορτὰς,
489 2624 537 2650 καὶ
553 2623 646 2658 εὐχὰς,
661 2623 709 2649 καὶ
722 2623 849 2657 νηστείας

41 2670 162 2702 αὐτῶν,
181 2671 226 2713 {tat
245 2670 295 2702 τὰς
315 2670 490 2704 συναγωγὰς,
506 2669 554 2696 καὶ
569 2668 712 2704 βρώματα,
728 2668 776 2695 καὶ
792 2667 850 2695 πώ-

44 2725 149 2753 ματα,
177 2716 228 2742 εἴτ’
245 2713 292 2743 οὖν
308 2716 455 2743 Μαυτάλια
479 2715 509 2751 [Ι.
526 2715 663 2742 Ματάλια.
680 2722 704 2742 s.
724 2723 750 2749 p.
768 2713 847 2749 156I'

42 2763 106 2791 καὶ
134 2761 230 2793 ἁπλῶς
252 2762 445 2797 ἀποτάσσομαι
475 2763 509 2797 τῇ
537 2762 642 2796 αἱρέσει
669 2761 777 2788 αὐτῶν·
803 2761 851 2787 καὶ

40 2807 186 2843 ὁλοψύχῳ
198 2808 328 2844 προθέσει
342 2809 532 2843 προσέρχομαι
543 2810 577 2844 τῇ
590 2807 722 2842 καθολικῇ
736 2806 852 2842 Ἐκκλη-

48 2855 108 2889 atq
122 2855 179 2882 τῶν
193 2854 343 2887 ὀρθοδόξων
353 2863 360 2869 ο
378 2856 425 2881 καὶ
450 2854 573 2881 πιστεύω
585 2855 626 2887 εἰς
637 2854 687 2882 ἕνα
713 2855 779 2881 Θεῦν
796 2855 850 2881 Πα-

225 2903 362 2947 ΡΔτιιοι.
386 2902 445 2933 Gn.
467 2902 622 2933 CXXX”.

937 2260 1048 2287 debeam
1063 2260 1301 2290 anat/tematizure.
1317 2268 1376 2286 cum
1389 2261 1423 2286 ad
1439 2261 1517 2294 ﬁdem
1529 2263 1693 2289 orthodoxa—

939 2303 997 2321 rum
1014 2294 1190 2321 Romanorum
1202 2293 1319 2322 redeunt.
1334 2294 1395 2322 Non
1412 2293 1581 2330 baptizaniur
1592 2302 1692 2329 autem.

939 2330 984 2356 sed
998 2334 1143 2364 unguntur.

939 2393 996 2429 Ego
1024 2393 1079 2426 ille,
1096 2393 1138 2420 vel
1161 2400 1211 2420 nos
1234 2393 1279 2421 ille
1303 2398 1329 2420 et
1345 2393 1400 2427 ille,
1419 2395 1519 2422 accedo
1543 2396 1575 2422 ad
1596 2396 1692 2423 ortho-

904 2439 1012 2471 doxam,
1028 2439 1204 2474 apostolicam
1217 2442 1243 2466 et
1253 2439 1415 2467 catholicam
1431 2438 1597 2474 Ecclesiam;
1610 2446 1691 2476 atquc

904 2483 1037 2518 relinquo,
1053 2491 1084 2511 ac
1112 2483 1286 2511 anathemate
1310 2484 1431 2518 percutio
1452 2485 1575 2513 haeresim
1593 2487 1690 2514 Arme-

904 2530 1021 2562 niorum,
1037 2529 1280 2558 Chatzitzariorum
1313 2534 1341 2558 et
1364 2529 1558 2564 Jacobitarnm,
1585 2539 1694 2559 eorum-

904 2584 957 2612 que
983 2583 1082 2609 mores,
1101 2576 1234 2609 instituta,
1255 2575 1333 2610 festa,
1357 2584 1463 2612 preces.
1494 2577 1608 2613 jejnnia,
1626 2586 1693 2605 con-

903 2627 1012 2656 ventus,
1032 2623 1108 2651 cibos
1134 2627 1161 2650 et
1186 2627 1265 2658 potus
1290 2630 1336 2651 seu
1360 2623 1468 2650 matalia
1488 2632 1494 2651 :
1512 2628 1538 2651 et
1568 2624 1691 2651 absolute

901 2671 1026 2699 renuntio
1037 2670 1132 2698 haeresi
1147 2677 1239 2697 eorum
1253 2679 1260 2704 ;
1275 2674 1330 2697 toto
1346 2676 1434 2697 autent
1450 2671 1533 2698 anitni
1549 2671 1689 2706 proposito

900 2716 981 2743 venio
996 2716 1030 2744 ad
1053 2716 1200 2744 Ecclesium
1219 2717 1378 2744 catholicam
1404 2723 1477 2745 recte
1502 2718 1689 2745 sentientium.

902 2762 989 2789 Credo
1002 2763 1028 2789 in
1047 2770 1127 2790 unum
1146 2762 1230 2790 Deum
1247 2763 1355 2791 Patrem
1371 2766 1584 2803 omnipotentem
1605 2763 1690 2791 facto.
1719 2756 1724 2764 ’

903 2817 958 2836 rem
975 2809 1035 2836 cmli
1056 2813 1082 2836 ct
1101 2813 1190 2836 terrm.
1210 2809 1336 2838 Dicataue
1352 2811 1385 2837 ad
1402 2811 1478 2844 ﬁnem
1495 2818 1585 2844 usque.
1602 2809 1688 2837 Unam

905 2861 970 2882 vero
986 2859 1110 2883 naturam
1129 2856 1154 2883 in
1176 2860 1269 2884 sancta
1294 2855 1426 2885 Trinitaic
1443 2856 1574 2884 confiteor
1590 2865 1597 2883 :
1617 2860 1644 2883 at
1661 2856 1688 2883 in

1490 2902 1526 2933 40
