1875 3056
89 117 151 151 ῑξδι

680 117 728 150 DE
749 118 873 149 REBUS
893 117 1090 147 AllMENIJE.

1641 117 1711 150 12ύί

88 176 116 202 ὂδ
127 174 172 202 καὶ
186 174 237 210 τὴν
255 175 394 210 ὲόδομάδα
406 176 456 211 τῆς
466 176 631 211 Τυροφάγου
645 177 724 212 κρέα,
737 175 871 209 ἀνάθεμα.

965 180 1046 203 tntum
1071 179 1097 208 et
1121 175 1172 208 sal,
1187 181 1238 202 nec
1263 181 1361 209 aquam
1376 183 1436 204 cum
1453 176 1516 203 vizo
1534 175 1563 203 in
1588 181 1710 203 sanctum

89 222 120 249 Εῐ
132 231 170 253 τις
181 221 254 256 λέγει
270 223 312 249 ὅτι
326 223 342 258 ί)
355 222 513 258 λειτουργία
531 223 578 251 καὶ
592 224 608 258 ἡ
623 223 751 250 κοινωνία
762 223 794 258 τῇ
806 222 872 258 ἁγίᾳ

87 266 298 302 Τεσσαρακοστῇ
323 267 352 292 ὲν
375 267 548 302 καοημερινῇ
566 267 689 302 ἁμαρτία
715 267 801 298 ἐστὶν,
824 267 871 293 καὶ

87 312 116 338 ἐν
132 311 264 348 Σαϐϐάτῳ
276 313 324 340 καὶ
338 314 466 349 Κυριακῇ
479 313 565 340 ἐσθίει
581 313 650 348 γάλα
664 313 712 340 καὶ
724 312 789 346 ὠὸν,
805 313 872 341 ἀνά-

87 357 167 391 θεμα.
185 358 219 384 Εἴ
235 367 277 390 τις
299 359 329 386 οὐ
350 359 441 394 βάλλει
468 360 507 390 είς
525 360 575 395 τὴν
598 360 757 396 προσφορὰν
782 360 872 396 ζύμην

87 404 133 430 καὶ
149 403 227 437 ἃλας,
245 404 306 432 οὐδὲ
329 404 361 441 [Γ.
377 406 452 433 ἀνοει
475 406 547 442 ὕδωρ
570 406 623 442 είς]
645 407 723 442 ἆγιον
741 407 871 442 ποτήριον

89 449 157 483 μετὰ
190 449 237 476 τοῦ
256 450 339 481 οἴνου,
355 450 489 485 ἀνάῦεμα.
513 451 547 478 Εἴ
559 460 601 482 τις
625 452 654 478 οὐ
675 453 747 478 ποιεῖ
768 453 808 483 είς
823 452 872 483 τὰς

87 496 125 520 κε’
142 494 267 530 Μαρτίου
282 496 328 521 τὸν
346 496 568 532 Εὐαγγελισμὺν,
582 497 630 524 καὶ
650 497 690 528 είς
704 497 754 528 τὰς
771 500 810 523 κε’
821 497 871 523 Δε-

87 539 217 575 κεμϐρίου
233 541 317 575 μηνὸς
329 541 375 576 τὴν
387 541 434 568 τοῦ
449 542 566 577 Χριστοῦ
580 542 720 578 Γέννησιν,
735 543 870 578 ἀνάθεμα.

87 585 118 612 Εί
131 586 158 612 δὲ
179 587 239 621 μεθ’
255 587 427 623 ὑποκρίσεως
445 589 531 616 ταῦτά
548 598 630 624 φημι,
648 589 694 616 καὶ
711 589 761 615 οὐκ
779 590 810 616 ἐκ
828 589 872 616 πί-

86 640 170 665 στεως
184 633 317 669 ὁλοψύχου
336 636 383 661 καὶ
392 636 516 670 καρδίας,
531 635 580 662 καὶ
594 635 657 671 ἄρτι
672 636 721 670 μὲν
734 636 871 671 σχηματί-

85 677 167 713 ζομαι
193 681 321 714 γενέσθαι
340 681 492 716 ὀροόδοξος,
510 681 625 716 ὕστερον
648 681 675 708 δὲ
703 681 807 716 θελήσω
822 682 872 717 ἀρ-

85 724 219 759 νήσασθαι
238 727 284 753 καὶ
307 726 477 762 ὑποστρέψαι
501 727 570 762 πρὸς
592 727 641 762 τὴν
660 726 798 762 προτέραν
819 735 871 762 μου

85 769 202 805 αἵρεσιν,
218 772 267 798 καὶ
285 772 392 807 εὑρεθῶ
407 773 596 809 συνεορτάξων
611 773 627 809 ῆ
650 773 800 800 συνεσθίων
815 774 872 805 τοῖς

92 815 254 851 Ἀρμενίοις,
272 818 288 854 ἢ
309 819 464 854 συνομιλῶν
481 820 538 851 τοῖς
555 819 736 851 Ἰακωόίταις,
753 819 870 855 λάτραῆ

925 221 1048 253 calicem,
1065 220 1208 248 anathema
1223 221 1270 248 sit.
1285 219 1314 248 Si
1328 221 1388 256 quis
1399 229 1452 248 non
1466 221 1586 248 celebrat
1600 222 1713 248 Annuu-

926 266 1064 293 tiatinnem
1075 266 1110 293 Q5
1121 265 1221 298 Martii,
1233 266 1306 293 e125
1319 266 1422 294 mensis
1435 266 1593 295 Decembris
1608 267 1710 294 Christi

924 312 1031 344 Natale,
1051 313 1195 340 anathema
1222 312 1266 339 sit.
1283 312 1361 345 Quod
1383 312 1405 340 si
1425 320 1485 340 cum
1503 313 1637 347 hypocrisi
1655 312 1714 340 tunc

927 359 1080 394 pronuntio,
1108 366 1162 386 non
1192 366 1257 386 vero
1283 359 1408 391 ﬁdeliter,
1427 364 1537 394 totoque
1566 359 1657 387 animo
1685 363 1714 386 et

925 405 1027 432 corde:
1044 409 1126 440 atque
1134 412 1206 432 nunc
1221 404 1328 438 quidem
1344 403 1442 431 simulo
1460 404 1517 431 ﬁeri
1533 404 1711 434 orthodoxus,

925 455 1018 486 postea
1036 458 1101 479 vero
1113 451 1225 479 voluero
1240 450 1375 486 abnegare
1389 457 1421 477 ac
1436 450 1534 477 reverti
1546 450 1581 477 ad
1593 450 1711 486 priorem

927 506 1012 526 meam
1034 498 1171 530 haeresim,
1188 498 1369 532 inventusque
1385 495 1461 524 fuero
1474 504 1524 524 una
1539 504 1601 523 cum
1616 497 1714 524 Arme-

926 545 978 573 niis
1000 544 1069 572 festa
1093 544 1233 572 celebrans
1255 548 1300 570 aut
1325 543 1416 570 cibum
1442 550 1563 574 sumens,
1586 541 1627 569 vel
1649 549 1715 569 con-

926 598 1055 619 suescens
1088 597 1150 617 cum
1173 589 1315 622 Jacohitis,
1335 589 1392 616 sive
1414 588 1484 616 clam
1509 588 1566 616 sive
1590 587 1712 622 publice;

926 645 981 665 non
998 641 1087 664 autem
1107 637 1197 671 potius
1217 636 1380 671 redarguero
1403 635 1464 664 illos
1480 634 1641 668 illorumque
1660 634 1714 660 hae-

926 684 1025 711 resim:
1043 684 1068 710 in
1086 684 1137 711 hac
1153 683 1260 717 quidem
1276 684 1328 709 vita
1345 682 1456 710 veniam
1472 689 1554 716 super
1567 688 1609 707 me
1619 687 1716 707 omnes

926 729 1001 761 dine,
1016 733 1117 756 tremor
1143 728 1217 756 Caini
1233 733 1259 756 et
1283 728 1359 763 lepra
1383 728 1483 762 Giezis,
1498 733 1598 763 praeter
1623 734 1716 762 poenas

926 775 1014 809 legum
1031 774 1162 807 civilium,
1181 774 1279 809 quibus
1291 774 1431 808 subjiciar,
1446 780 1496 801 uec
1511 773 1613 807 possim
1638 779 1716 798 asse-

927 821 973 856 qui
990 821 1175 854 impunitatem
1195 831 1201 848 :
1219 821 1246 848 in
1260 820 1351 848 futuro
1366 827 1457 848 autem
1478 819 1577 847 stcculo
1593 819 1629 846 sit
1648 817 1713 845 mihi

85 863 221 898 φανερῶς,
236 865 282 890 καὶ
301 865 361 900 οὐχ).
379 865 481 900 μᾶλλον
502 866 607 902 ἐλέγχω
627 865 739 897 τούτους
756 866 804 893 καὶ
820 865 871 900 τὴν

965 868 1071 895 athema
1086 871 1113 894 et
1137 867 1303 898 catathctm,
1320 874 1434 901 meaque
1451 867 1540 893 anima
1565 865 1716 893 collocetur

85 908 187 935 τούτων
211 910 328 944 αἰρεσιν,
346 910 394 938 νῦν
409 911 458 946 μὲν
473 911 546 939 ἔλθοι
567 912 611 939 ἐπ’
626 912 677 947 ἐμὲ
694 913 770 939 πᾶσα
787 912 803 946 ἡ
825 919 873 940 κα-

965 921 987 940 ιιι
1003 913 1103 941 Satana
1118 916 1146 941 et
1161 912 1340 940 daemonibus.
1359 912 1471 939 Cunctis
1491 911 1627 939 haereticis
1644 917 1714 937 ana-

85 954 165 989 τάρι,
183 956 229 982 καὶ
242 956 255 982 ό
269 956 370 991 τρόμος
384 957 430 984 τοῦ
444 957 525 990 Κάῖν,
547 958 593 984 καὶ
608 958 624 992 ή
641 957 729 993 λέπρα
743 957 791 984 τοῦ
813 957 873 983 Γιε-

965 966 1026 986 :ma.
1055 959 1088 986 Et
1113 963 1194 994 caput
1222 958 1368 986 inclinante
1394 965 1426 986 eo
1457 957 1503 992 qui
1534 957 1712 989 convertitur,

85 999 131 1034 ζῆ,
146 1000 214 1035 πρὸς
226 1002 256 1028 τὸ
272 1004 321 1029 καὶ
340 1005 400 1035 ταῖς
419 1005 528 1036 ποιναῖς
547 1004 603 1031 τῶν
617 1005 767 1032 πολιτικῶν
783 1004 875 1040 νόμων

965 1005 1147 1039 :hiepiscopus
1161 1004 1312 1032 orationem
1330 1003 1395 1031 facit
1413 1003 1456 1031 his
1473 1003 1563 1031 verbis
1582 1011 1589 1029 τ

85 1044 157 1073 εἷναί
172 1057 205 1082 με
223 1049 374 1076 ὑπεύθυνον
391 1051 604 1087 ἀπαραιτήτως·
620 1052 693 1080 κατὰ
711 1053 740 1079 δὲ
768 1052 815 1080 τδν
845 1051 980 1088 μέλλοντα
997 1053 1096 1085 αίῶνα,
1117 1052 1159 1087 εἴη
1182 1061 1228 1087 μοι
1251 1052 1377 1086 ἀνάθεμα
1396 1051 1445 1078 καὶ
1473 1050 1631 1086 κατάθεμα,
1667 1050 1714 1076 καὶ

85 1095 103 1129 ἡ
119 1096 191 1131 ψυχή
210 1105 261 1131 μου
277 1099 389 1135 ταχθείη
410 1101 480 1135 μετὰ
495 1101 541 1128 τοῦ
578 1102 688 1129 Σατανᾶ
722 1101 770 1128 καὶ
801 1101 856 1128 τῶν
869 1101 1016 1136 δαιμόνων.
1037 1101 1109 1128 "de;
1130 1101 1186 1132 τοῖς
1206 1100 1357 1135 αίρετικοῖς
1374 1098 1510 1134 ἀνάθεμα.
1532 1098 1588 1124 Καὶ
1611 1097 1715 1124 ἐπικλί-

86 1151 176 1175 νοντας
190 1144 239 1172 τοῦ
263 1148 465 1182 μετερχομένου
492 1149 542 1184 τὴν
559 1149 692 1185 κεφαλὴν,
712 1149 727 1176 ό
747 1149 964 1184 ἀρχιεπίσκοπος
982 1148 1065 1183 εὐχὴν
1080 1147 1167 1181 λέγων
1180 1147 1267 1179 οὕτως
1283 1147 1320 1182 (α)
1332 1154 1339 1162 ·

128 1192 158 1218 Ὀ
172 1193 239 1225 Θεὸς
258 1195 271 1220 ὸ
286 1195 381 1231 Σωτὴρ
399 1197 479 1232 ἡμῶν
496 1198 510 1224 ὀ
533 1197 697 1233 βουλόμενος
713 1197 820 1230 πάντας
833 1197 877 1224 ἁν-

86 1237 214 1273 ορώπους
234 1241 354 1276 σωθῆναι
372 1242 420 1269 καὶ
446 1243 487 1274 είς
511 1244 663 1278 ἐπίγνωσιν
685 1244 815 1279 ἀληθείας
833 1244 877 1270 ὲλ-

86 1283 154 1316 θεῖν,
171 1285 316 1319 πρόσδεξαι
333 1286 379 1313 τὸν
399 1287 494 1315 δοῦλόν
511 1297 559 1315 σου
571 1289 649 1316 πόνδε
674 1289 750 1324 μόλις
773 1289 874 1325 ἀνανή-

84 1329 174 1364 ψαντα
195 1331 228 1358 ἐκ
251 1332 302 1366 τῆς
317 1333 433 1367 πλάνης,
453 1335 502 1361 καὶ
529 1335 737 1370 ὲπιποθήσαντα
759 1336 799 1368 είς
825 1335 875 1369 τὴν

89 1376 240 1410 ἐπίγνωσιν
255 1378 344 1405 ἐλθεῖν
361 1380 410 1414 τῆς
431 1380 573 1415 ἀληθείας.
588 1381 624 1408 Σὺ
638 1382 693 1416 γὰρ
704 1379 794 1414 εἶπας,
817 1382 875 1408 Κύ-

87 1430 147 1457 ριε·
167 1432 176 1448 ι
194 1424 248 1450 Καὶ
267 1424 335 1451 ἄλλα
360 1426 486 1460 πρόϐατα
499 1426 564 1461 ἔχω,
583 1427 602 1454 ἃ
625 1428 676 1454 οὐκ
691 1427 764 1454 ἔστιν
779 1429 811 1454 ἐκ
827 1428 878 1462 τῆς

86 1467 173 1503 αὐλῆς
204 1469 323 1505 ταύτης·
342 1473 457 1499 κακεῖνὰ
484 1481 517 1508 με
534 1473 574 1500 δεῖ
603 1474 728 1508 ἀγαγεῖν,
752 1474 800 1501 καὶ
827 1474 877 1510 τῆς

87 1514 183 1555 φωνῆς
199 1524 249 1549 μου
266 1516 424 1549 ἀκούσουσι,
441 1519 487 1545 καὶ
505 1519 652 1553 γενήσεται
680 1519 729 1554 μία
761 1520 875 1555 ποίμνη,

963 1197 1034 1223 Deus
1044 1195 1167 1223 Salvator
1178 1199 1280 1226 uoster,
1295 1194 1340 1228 qui
1356 1197 1468 1221 ctmctos
1481 1192 1605 1219 homines
1615 1191 1714 1218 salvari

927 1241 978 1272 vis,
996 1246 1023 1268 et
1035 1241 1068 1268 ad
1085 1241 1251 1275 agnitionem
1267 1239 1390 1267 veritatis
1409 1239 1517 1266 venire:
1534 1238 1641 1272 suseipe
1653 1245 1714 1265 ser-

927 1293 989 1313 vum
1009 1291 1082 1313 tuum
1097 1286 1176 1318 hunc,
1197 1285 1242 1320 qui
1257 1284 1301 1312 vix
1323 1283 1434 1313 tandem
1451 1291 1483 1311 ex
1506 1289 1600 1310 errore
1619 1282 1716 1317 resipi-

926 1333 987 1364 scit,
1003 1331 1102 1366 quique
1118 1331 1257 1359 desiderat
1273 1329 1306 1357 ad
1322 1328 1487 1364 agnitionem
1500 1327 1623 1355 veritatis
1639 1335 1716 1355 acce-

925 1378 999 1405 dere.
1019 1377 1060 1404 Tu
1079 1376 1150 1404 enim
1179 1375 1285 1407 dixisti,
1311 1374 1425 1403 Domine
1445 1382 1453 1400 :
1471 1382 1479 1399 ι
1499 1373 1533 1400 Et
1556 1373 1623 1400 alias
1650 1380 1716 1400 oves

926 1424 1025 1456 habeo,
1038 1430 1098 1458 quae
1113 1429 1166 1450 non
1181 1426 1244 1449 sunt
1260 1429 1294 1448 ex
1311 1421 1363 1448 hoc
1380 1419 1462 1447 ovili:
1479 1423 1508 1446 et
1531 1418 1590 1446 illas
1607 1423 1715 1454 oportet

926 1477 970 1498 me
983 1469 1133 1502 adducere;
1148 1472 1175 1495 et
1189 1475 1283 1495 vocem
1299 1474 1384 1494 meam
1401 1465 1559 1498 audient,ct
1576 1465 1714 1492 ﬁetunum

924 1515 994 1543 ovile
1011 1520 1038 1543 et
1050 1522 1120 1542 unus
1135 1519 1226 1549 pastor
1234 1513 1324 1549 (Joan.
1333 1511 1436 1547 x,16).|
1449 1511 1533 1538 Pasce
1543 1511 1632 1545 itaque
1641 1510 1716 1537 illum

86 1554 129 1589 εἷς
143 1559 263 1595 ποιμήν·
287 1570 296 1586 ι
320 1561 457 1596 Ποίμανον
476 1563 567 1589 τοίνυν
589 1553 685 1590 αὑτὸν
700 1565 730 1591 ὲν
753 1566 786 1600 τῇ
810 1553 876 1601 δόξῂ

973 1561 1096 1589 doctrina
1111 1565 1169 1592 tua,
1183 1560 1210 1587 in
1229 1559 1396 1595 agnitionem
1417 1557 1542 1585 veritatis
1562 1553 1715 1591 tum'juxta

87 1614 136 1631 σου
153 1606 192 1638 εἰς
212 1606 360 1640 ἐπίγνωσιν
373 1608 424 1642 τῆς
443 1609 492 1642 σῆς
513 1610 652 1644 ἀληθείας,
674 1611 747 1638 κατὰ
764 1611 814 1646 τὴν
829 1611 875 1638 ἔκ-

86 1650 165 1678 θεσιν
186 1652 239 1679 τῶν
260 1653 347 1686 ἁγίων
371 1662 419 1680 σου
435 1655 483 1682 καὶ
507 1655 622 1688 neego»
638 1657 811 1684 ἀποστόλωνο
830 1658 877 1685 καὶ

86 1696 260 1729 καταξίωσον
281 1698 364 1725 αὐτὸν
379 1698 431 1733 τῆς
451 1701 600 1735 σφραγῖδος
620 1701 668 1727 τοῦ
691 1701 767 1728 θείου
788 1702 875 1738 μύρου

87 1743 199 1778 καὶτῆς
216 1744 393 1779 μιταλήψεως
407 1745 454 1772 τοῦ
471 1746 563 1780 τιμίου
583 1745 711 1782 σώματος
724 1748 771 1774 καὶ
791 1749 875 1783 ιιῐμα⁴

84 1797 145 1820 τος,
163 1789 211 1817 καὶ
224 1790 365 1822 ἀνάδειξον
378 1791 461 1818 αὐτὸν
475 1792 578 1819 τέλειον
591 1792 685 1820 δοῦλόν
702 1802 751 1820 σου
761 1802 768 1810 ·
785 1794 829 1820 ἵνα
840 1795 874 1830 τῇ

87 1832 195 1869 ποίμνῃ
215 1842 263 1860 σου
287 1834 537 1871 συγκαταριθμηθῇ
556 1836 604 1862 καὶ
626 1836 718 1870 αὐτὸς,
739 1837 778 1869 είς
795 1837 877 1870 δόξαν

86 1878 138 1904 καὶ
150 1878 262 1906 ἔπαινον
278 1879 328 1914 τῆς
349 1880 549 1916 μεγαλωσύνης
566 1888 629 1907 σου·
650 1881 690 1908 ὅτι
709 1881 756 1907 σοῦ
770 1881 844 1908 ἐστὶν
857 1882 874 1916 ὴ

86 1923 214 1959 βασιλεία
225 1925 271 1952 καὶ
285 1925 303 1960 ὴ
317 1924 442 1960 δύναμις,
456 1924 558 1960 ὲκφὼν.
584 1925 639 1952 Καὶ
652 1925 723 1960 χρίει
737 1925 820 1952 αὑτὸν
836 1925 876 1961 τῷ

87 1970 182 2006 μύρῳ,
199 1970 272 1998 καθὰ
287 1972 334 1999 καὶ
347 1971 410 2002 τοὺς
426 1972 634 2006 νεοφωτίστου;.
654 1971 705 2007 τὴν
727 1972 812 2007 αὐτὴν
833 1973 878 1999 ἐν-

84 2018 207 2052 τήρησιν
220 2016 379 2053 [ὲπίρῤησιν
391 2016 549 2053 Eucholog.'|
567 2017 727 2053 ποιούμενος
739 2026 746 2034 ·
763 2018 811 2045 καὶ
826 2017 907 2045 πάλιν

125 2063 213 2098 Κύριε
230 2064 244 2089 ὁ
257 2063 323 2094 Θεὸς
337 2063 428 2098 ἡμῶν,
454 2064 468 2090 ὁ
492 2063 665 2096 καταξιώσας
683 2064 786 2090 τέλειον
811 2065 877 2090 ἀνα-

84 2111 176 2143 δεῖξαι
196 2109 241 2137 τλν
252 2108 345 2136 δοῦλόν
355 2117 401 2136 σου
415 2109 500 2141 τόνδε,
512 2109 556 2137 διὰ
568 2110 618 2144 τῆς
633 2111 674 2142 είς
687 2111 718 2137 σὲ
733 2111 876 2146 ὀρθοδόξου

85 2158 220 2188 πίστεως,
240 2156 286 2183 καὶ
310 2155 361 2190 τῆς
379 2156 528 2191 σφραγῖδος
543 2156 591 2183 τοῦ
607 2156 696 2192 μύρου
719 2157 767 2184 τοῦ
795 2158 875 2192 ἁγίου

86 2212 150 2235 σου,
165 2203 289 2230 Δέσποτα
306 2202 362 2229 τῶν
382 2203 522 2236 ἁπάντων,
539 2203 589 2238 τὴν
611 2205 652 2236 είς
679 2205 709 2231 σὲ
727 2204 815 2240 ἀληθῆ
832 2206 876 2232 πί-

86 2259 150 2276 στιν
168 2250 197 2276 ὲν
221 2249 296 2284 αὐτῷ
312 2249 477 2285 διατήρησον
488 2258 494 2265 ·
510 2249 601 2282 αὔξων
623 2250 706 2278 αὺτὸν
730 2251 759 2277 ὲν
774 2251 876 2278 δικαιο-

85 2295 170 2331 σύνῃ,
187 2297 235 2322 καὶ
252 2297 320 2322 πᾶσι
339 2296 394 2326 τοῖς
417 2296 493 2331 παρὰ
523 2295 570 2323 σοῦ
594 2297 743 2332 χαρίσμασι
759 2306 877 2325 κατακο-

926 1610 1082 1634 sanctorum
1111 1606 1344 1640 gloriosorumque
1384 1608 1492 1634 tuorum
1530 1602 1714 1638 apostolorum

927 1652 1126 1687 expositionem
1141 1661 1148 1680 :
1162 1657 1189 1680 et
1201 1651 1301 1686 largire
1322 1651 1361 1678 illi
1377 1650 1548 1685 signaculum
1563 1649 1649 1676 divini
1667 1656 1718 1676 uu-

927 1699 1030 1733 guenti,
1053 1706 1086 1726 ac
1106 1698 1287 1732 sumptionem
1299 1696 1412 1732 pretiosi
1428 1695 1552 1731 corporis
1565 1699 1592 1723 et
1607 1696 1718 1730 sangui-

927 1746 970 1773 nis
987 1753 994 1772 :
1012 1749 1039 1772 et
1059 1744 1101 1772 fac
1116 1744 1192 1771 illum
1213 1743 1364 1779 perfectum
1388 1750 1497 1771 servum
1525 1745 1617 1774 tuum,
1634 1746 1664 1769 ut
1688 1745 1717 1768 et

927 1790 986 1824 ipse
1002 1789 1066 1817 ovili
1086 1793 1132 1817 tuo
1145 1793 1370 1820 connumeretur,
1383 1788 1409 1816 in
1434 1787 1547 1823 gloriam
1563 1791 1592 1815 et
1607 1786 1713 1814 laudem

927 1835 1077 1870 maiestatis
1092 1839 1154 1863 tum.
1171 1834 1306 1863 Exclam.:
1319 1833 1388 1867 Quia
1410 1838 1486 1861 tuum
1502 1836 1545 1861 est
1560 1839 1674 1867 regnum
1689 1835 1716 1859 et

928 1881 1024 1909 virtus.
1039 1880 1160 1917 Etaungit
1173 1888 1234 1909 eum
1249 1880 1400 1908 chrismate
1427 1886 1476 1908 seu
1504 1882 1651 1914 unguento,
1664 1877 1718 1905 sic-

930 1931 960 1954 ut
983 1931 1010 1955 et
1046 1934 1141 1956 recens
1164 1926 1348 1959 illuminatos,
1376 1925 1501 1954 eamdem
1526 1923 1716 1953 caeremoniam

931 1973 1043 2001 faciens.
1062 1973 1101 2001 Ac
1116 1974 1212 2001 iterum
1235 1976 1361 2008 precatur
1377 1973 1418 2001 sic
1435 1981 1443 2000 :

926 2018 1075 2054 ἐπεύχεται
1091 2018 1179 2051 οὕτως
1189 2026 1198 2035 ·

967 2064 1080 2093 Domine
1097 2065 1166 2093 Deus
1183 2069 1286 2098 noster,
1315 2065 1362 2100 qui
1386 2064 1535 2100 perfectum
1561 2063 1719 2092 renuntiare

931 2116 1039 2136 servum
1062 2113 1137 2137 tuum
1162 2110 1268 2138 huncce
1294 2116 1342 2144 per
1356 2109 1532 2137 orthodoxam
1546 2108 1573 2136 in
1596 2113 1622 2137 te
1637 2108 1717 2137 ﬁdem

931 2159 959 2182 et
978 2155 1066 2183 sancti
1083 2155 1121 2183 tui
1135 2155 1262 2191 unguenti
1276 2155 1443 2191 signaculum
1465 2155 1591 2190 dignatus
1605 2162 1652 2182 es:
1667 2154 1718 2182 Do-

931 2199 1004 2227 mine
1015 2200 1145 2233 omnium,
1157 2208 1249 2228 veram
1264 2207 1326 2235 erga
1350 2204 1376 2228 te
1397 2200 1475 2227 [Idem
1497 2200 1523 2226 in
1540 2199 1585 2226 illo
1600 2199 1717 2231 custodi,

931 2251 1093 2279 promovens
1109 2253 1170 2273 eum
1197 2246 1222 2273 in
1242 2246 1361 2281 justitia,
1379 2251 1407 2273 et
1432 2245 1557 2273 omnibus
1573 2253 1634 2280 qua:
1658 2252 1673 2272 a
1693 2251 1719 2272 te

931 2291 1056 2318 oriuntur
1073 2291 1282 2319 charismatibus
1293 2291 1428 2327 donisque
1442 2299 1552 2318 exorna.
1568 2290 1612 2318 Sic
1627 2295 1719 2327 postea

86 2342 181 2377 σμῶν.
198 2340 259 2368 Εἴθ’
273 2341 359 2373 οὕτως
371 2341 508 2377 [κοινωνετ
525 2351 557 2369 ea:
586 2342 742 2379 Eua/10109.]
760 2353 877 2372 κατακο-

965 2338 1120 2365 mmunicat.
1154 2338 1186 2365 Et
1205 2338 1250 2372 qui
1273 2343 1368 2365 sancto
1393 2343 1528 2372 unguento
1548 2338 1720 2372 consignatus

87 2390 214 2424 σμεῖται.
223 2388 278 2415 Καὶ
291 2388 426 2422 λαμϐάνει
441 2389 456 2414 ὀ
471 2388 510 2423 τῷ
521 2389 591 2424 ἁγίῳ
602 2390 680 2424 μύρῳ
699 2390 877 2425 σφραγισοεῒς

965 2384 983 2410 it
1002 2384 1100 2419 accipit
1113 2385 1268 2411 mandatum
1292 2389 1321 2411 ut
1333 2389 1435 2419 septem
1455 2384 1506 2411 illis
1517 2383 1613 2410 diebus
1624 2391 1721 2411 carnes

86 2433 282 2470 παραγγελίαν
298 2430 447 2466 ταῖςὲπτᾶι
469 2435 588 2470 ἡμέραις
606 2435 726 2466 ἐκείναις
747 2436 815 2471 κρέα
840 2437 877 2472 μὴ

965 2438 984 2457 ιη
1001 2432 1234 2465 comedat,ueque
1243 2430 1346 2458 vultum
1367 2431 1447 2463 lavet,
1468 2430 1516 2457 sed
1537 2431 1608 2458 sicut
1628 2429 1719 2464 bapti-

85 2481 201 2514 φαγεῖν,
230 2479 297 2514 μηδὲ
322 2479 452 2514 νίψασθαι
480 2480 531 2515 τὴν
554 2481 626 2515 ὄψιν,
647 2480 715 2507 ἀλλὰ
736 2480 827 2513 καθὼς
853 2483 877 2508 al

966 2476 996 2509 ti,
1014 2477 1049 2504 ita
1073 2482 1231 2511 permaneat
1251 2485 1259 2504 :
1276 2482 1356 2511 atque
1379 2481 1474 2504 octavo
1494 2476 1537 2503 die
1557 2475 1683 2503 abluitur.

87 2525 299 2560 βαπτιζόμενοι,
314 2524 386 2552 οὕτω
406 2525 540 2552 διατιλεῐν
553 2535 559 2542 ·
577 2527 623 2554 καὶ
644 2527 676 2561 τῇ
690 2526 770 2563 ὀγδόῃ
786 2527 877 2563 ἡμέρᾳ

84 2570 268 2598 ἁπολοὺεται.

132 2617 200 2643 Ἀπὸ
229 2618 280 2652 τῆς
301 2617 382 2651 όιγίας
405 2618 452 2645 καὶ
479 2618 672 2653 οἱκουμενικῆς
697 2619 808 2645 συνόδου
825 2619 877 2646 τῶν

968 2620 990 2646 Α
1005 2626 1100 2648 sancto
1124 2625 1152 2648 et
1177 2620 1323 2649 universali
1345 2621 1461 2649 concilio
1485 2625 1641 2648 sanctorum
1667 2619 1720 2646 518

85 2666 143 2698 τιη¹
156 2663 244 2696 ἁγίων
263 2664 395 2700 Πατέρων
415 2665 471 2691 τῶν
496 2666 525 2691 ἑν
551 2665 655 2700 Νικαίᾳ
669 2664 717 2692 καὶ
734 2665 815 2700 μέχρι
830 2666 877 2700 τῆς

965 2669 1041 2693 ttrum
1066 2666 1171 2699 Nicaeae,
1195 2674 1281 2701 usque
1307 2666 1340 2693 ad
1368 2670 1490 2694 sanctum
1519 2670 1545 2693 et
1568 2663 1720 2692 universale

89 2709 176 2742 ἁγίας
195 2710 242 2736 καὶ
257 2710 451 2745 οίκουμενικῆς
470 2711 581 2737 συνόδου
597 2711 653 2736 τῶν
673 2711 703 2737 ἐν
726 2711 877 2746 Χαλκηδόνι

969 2711 1078 2739 ncilium
1107 2712 1158 2740 650
1184 2711 1359 2740 Chalcedone
1385 2714 1623 2746 cougregalorum,
1656 2716 1717 2742 qua:

87 2755 144 2790 χλ¹,
159 2755 188 2782 αί
207 2755 393 2790 προλαϐοῦσαι
409 2757 439 2783 αἱ
457 2756 535 2790 ἅγιαι
553 2756 601 2783 καὶ
610 2757 801 2790 οίκουμενικαὶ
817 2757 877 2784 σύν-

967 2759 1096 2786 stiterunt
1122 2763 1224 2787 sancta:
1248 2766 1279 2786 ac
1309 2759 1484 2787 acumenica:
1511 2755 1618 2792 synodi,
1647 2755 1717 2782 idem

129 2834 168 2869 (ιι)
187 2835 284 2861 Deesse
302 2839 364 2868 puto
383 2835 463 2865 ποιεῖ,
484 2833 637 2868 Eurhologii
651 2841 675 2868 p.
693 2833 754 2860 884.
