1875 3056
177 113 248 148 1263

711 117 836 148 ISAACI
856 117 1043 149 ARMENLE
1063 117 1267 150 CATIIOLICI

1748 121 1803 156 ιεςι

174 171 334 204 sentientes,
353 177 461 199 omnem
475 165 642 199 contrariam
659 179 828 208 pravamque
840 173 912 201 luere

1065 185 1079 202 ιι
1100 176 1334 212 ὁμοφρονήσασαι,
1353 178 1442 204 πᾶσαν
1459 172 1586 205 ἐναντίαν
1611 179 1660 205 καὶ
1690 188 1805 214 πονηριηι

174 217 346 252 expulerunt,
365 224 397 244 ac
416 221 518 244 esterno
545 218 712 246 anathemati
735 219 915 247 tradiderunt.
936 219 964 247 In

174 266 273 300 quibus
294 269 322 293 et
335 269 446 293 sanctus
465 265 630 300 numincqne
646 265 751 294 alliatus
768 265 850 294 Pater
872 273 966 295 noster

175 311 321 347 Gregorius
343 318 446 346 magna;
454 311 598 343 Armeniae,
607 313 745 340 ordinatus
756 313 782 340 in
793 314 965 341 sanctissima

175 358 316 392 metropoli
332 357 474 392 Caesareae,
490 358 600 386 decreta
619 364 647 387 et
669 367 789 387 canones
813 360 914 396 posuit,
931 368 963 387 ne

175 412 281 440 magnae
306 404 442 433 Armeniae
466 405 595 441 episcopo
625 405 705 434 liceat
730 406 794 434 alibi
828 406 964 438 ordinari,

175 457 257 485 quam
282 451 354 486 apud
380 450 587 479 Caesariensiqu
614 452 757 480 ecclesiam
775 460 783 480 :
799 457 827 481 et
847 453 883 480 ita
905 456 966 488 post

175 496 296 524 divinum
311 497 418 525 Patrem
442 502 564 525 nostrum
586 497 760 533 Gregorium.
775 498 823 526 alii
841 499 963 535 episcopi

173 546 236 570 octo
264 543 392 578 deinceps
417 543 534 570 ordinati
561 547 636 572 sunt.
661 543 776 577 Quando
804 549 906 578 autem,
935 549 966 572 ut

173 588 333 623 praedictum
363 593 417 622 est,
433 593 531 616 sancta
556 589 674 625 synodus
697 590 723 617 in
750 589 853 625 Spiritu
869 597 965 620 sancto

173 638 335 670 congregata
350 639 392 662 est
406 634 587 667 Chalcedone,
609 635 728 663 schisma
743 635 866 664 fecerunt
881 643 910 664 et
930 638 962 666 ad

173 688 236 709 snas
262 681 380 709 haereses
401 681 584 709 contulerunt“
600 689 641 714 se.
664 682 789 710 Echanes
803 683 848 711 ille
872 685 917 719 qui
937 689 964 712 et

174 727 350 754 Mantacunes
371 733 405 754 ac
431 727 528 763 reliqui
547 727 631 756 totius
649 728 785 756 Armeniae
800 729 904 764 profani
920 738 964 758 sa-

173 772 309 801 cerdotes.
320 772 453 801 Caeterum
464 773 590 809 princeps
599 774 709 802 malitiae
724 782 836 810 serpens
845 776 964 805 inventis

132 845 139 850 ,
173 818 315 853 pravitatis
331 825 387 846 sua:
405 819 593 847 instrumentis
619 819 749 848 Dioscoro
763 822 960 856 Alexandrino,

174 865 255 893 Petro
280 865 463 899 Antiocheno,
487 871 517 894 et
550 867 726 895 Monolhelita
754 868 887 903 Eutyche,
916 870 961 904 qui

173 910 278 946 expulsi
292 916 320 939 et
344 912 516 940 anathemate
526 913 648 948 percussi
664 912 771 942 fuerant
787 922 836 949 per
853 921 963 942 sanctas

174 957 412 992 meumenicasque
441 959 583 994 synodos:
606 959 640 992 is,
661 959 783 994 inquam,
808 969 919 997 serpens
937 967 965 989 et

174 1004 294 1032 Armenii
321 1004 347 1032 in
373 1005 483 1033 civitate
504 1006 640 1034 Armenia:
664 1006 736 1033 dicta
764 1006 822 1035 Tbe
846 1007 962 1041 collecti,

174 1050 264 1085 ibique
276 1051 391 1085 synodo,
408 1054 438 1078 ut
453 1050 510 1086 ipsi-
529 1051 671 1086 putahant,
690 1057 861 1087 congregata,
881 1053 963 1087 impia

173 1100 203 1124 et
233 1096 391 1132 hlasphema
418 1097 641 1132 conscripserunt
673 1098 816 1134 dogmata;
848 1099 963 1134 indeque

172 1149 292 1170 errorem
307 1141 581 1171 Chantzitzariorum.
599 1143 645 1171 Sic
659 1143 693 1171 ab
708 1144 761 1172 illis
775 1145 957 1173 existimatur.

172 1187 329 1216 Passionem
350 1188 384 1215 ad
399 1188 552 1223 passionem
577 1189 721 1224 imponunt
735 1189 758 1217 ei
779 1190 851 1224 quod
867 1198 916 1225 per
934 1198 964 1219 se

174 1233 284 1261 ratione
297 1233 446 1261 divinitatis
460 1234 527 1262 nihil
543 1234 599 1269 pati
612 1239 716 1270 potest;
745 1233 875 1262 inducunt
888 1243 940 1263 con
950 1251 962 1256 -

171 1278 306 1306 fusionem
333 1283 361 1307 et
388 1279 563 1314 mistionem;
593 1283 731 1316 unamque
760 1288 824 1309 esse
852 1281 960 1310 Domini

172 1323 259 1352 nostri
272 1323 336 1352 Jesu
359 1324 459 1354 Christi
477 1329 602 1353 naturam
620 1325 702 1361 impie.
726 1326 824 1354 docent
843 1337 849 1354 :
871 1328 962 1362 qualia

174 1371 322 1408 Eutyches',
343 1371 490 1400 Dioscorus
517 1377 544 1401 et
572 1372 666 1401 infelix
692 1372 790 1401 Petrus
819 1381 881 1401 cum
909 1375 962 1401 illis

173 1419 311 1447 sentiunt:
326 1419 519 1454 concurritque
545 1419 622 1455 impii
637 1419 731 1447 Severi
745 1420 870 1453 haeresis;
885 1428 916 1448 ac
927 1428 961 1448 ex

173 1465 226 1492 illis
240 1464 340 1493 habent
355 1465 495 1499 Acephali,
510 1464 662 1497 Severiani,
675 1464 815 1493 Jacobitze.
825 1465 960 1493 Praeterea

173 1510 246 1537 idem
263 1510 361 1545 impius
376 1509 522 1545 Eutychos,
537 1513 564 1537 et
586 1509 743 1544 Dioscorus,
763 1515 791 1538 et
806 1510 915 1544 Petrus,
934 1516 960 1539 ct

172 1557 362 1585 Armeniorum
377 1558 473 1585 ductor
495 1557 670 1585 Mantacunes
683 1558 776 1586 dicunt
789 1558 962 1586 Servatorcm

172 1604 313 1639 Deumque
337 1607 474 1637 nostrum,
501 1607 649 1638 antequam
677 1611 709 1631 ex
737 1604 821 1632 Maria
852 1611 962 1639 semper

173 1647 284 1683 Virgine
307 1653 476 1681 nasceretur,
491 1649 524 1676 de
541 1649 611 1676 caelo
629 1656 740 1677 carnem
766 1650 902 1683 habuiSSe,
919 1650 961 1677 si-

172 1693 354 1722 militudinem
377 1693 449 1722 enim
473 1698 500 1721 et
514 1693 602 1721 solum
622 1694 770 1729 secundum
793 1695 910 1730 speciem
929 1702 962 1723 ac

172 1740 340 1775 opinionem,
353 1747 406 1767 non
416 1740 637 1767 verosecundum
653 1740 794 1767 veritatem
809 1740 960 1774 sumpsisse

172 1785 208 1814 de
228 1785 349 1821 Virgine.
364 1784 448 1813 Aiunt
474 1790 565 1813 autem
586 1785 657 1820 quod
681 1792 733 1813 nec
762 1786 879 1813 animam
911 1793 961 1813 nec

173 1839 272 1867 corpus
291 1838 325 1859 ex
340 1831 451 1867 Virgine
467 1831 613 1866 acceperit,
635 1838 685 1859 nec
703 1832 773 1859 Deus
798 1839 910 1860 manere
933 1832 961 1859 in

173 1878 246 1906 illius
258 1882 335 1905 utero
350 1877 519 1910 sustinuerit.
532 1877 578 1906 sed
596 1882 722 1913 tanquam
738 1885 786 1912 per
795 1877 887 1905 tuhum
900 1886 962 1913 per-

173 1924 322 1958 transierit,
345 1928 426 1959 atque
441 1932 475 1952 ex
491 1924 596 1952 duabus
612 1923 717 1952 naturis
734 1923 761 1951 in
782 1930 863 1952 unam
883 1931 959 1952 c0m~

173 1970 271 1998 mistus
287 1970 379 1998 fuerit.
391 1969 508 2005 ideoque
522 1970 644 1999 Armenii
656 1969 896 2004 Annuntiationem
910 1977 961 1998 suo

174 2019 297 2050 tempore
314 2022 367 2043 non
393 2015 533 2043 celebrant
549 2024 556 2043 :
572 2023 666 2043 verum
689 2020 752 2044 octo
777 2015 874 2043 diebus
899 2021 962 2043 ante

172 2066 266 2089 sancta
297 2060 412 2090 Lumina
437 2068 549 2097 vespere
573 2061 714 2090 celebrant
740 2061 962 2090 Annuutiationis

172 2106 274 2137 festum
288 2113 316 2136 et
330 2115 378 2143 per
391 2113 496 2135 noctem
515 2107 610 2135 Natale
621 2106 722 2136 Christi
735 2106 832 2135 festum
847 2107 959 2140 habent,

173 2155 390 2190 transcursisque
412 2158 514 2189 septem
544 2153 648 2187 diebus,
664 2154 701 2180 ita
728 2158 820 2189 postea
846 2154 960 2182 Lumina

1016 220 1123 255 αἵρεσιν
1138 220 1302 254 ἀπεδίωξαν,
1323 222 1370 248 καὶ
1389 221 1428 257 τῷ
1446 223 1550 258 αίωνίῳ
1567 223 1728 258 ἀναθέματι
1744 231 1807 258 παρ-

1016 267 1159 294 εδώκασιν.
1187 268 1231 294 Ἐν
1246 266 1286 300 οἷς
1304 268 1352 294 καὶ
1370 269 1384 295 6
1397 268 1474 303 ἅγιος
1491 269 1538 295 καὶ
1556 269 1692 304 Θεοφόρος
1717 270 1808 304 Πατὴρ

1016 314 1095 349 ήμῶν
1115 313 1266 350 Γρηγόριος
1285 315 1299 341 ὁ
1314 315 1362 349 τῆς
1379 315 1502 350 μεγάλης
1519 315 1670 351 Ἀρμενίας
1688 325 1811 351 χειροτε-

1016 359 1109 394 νηθεὶς
1124 358 1322 399 τῇιὰγιωτάτῃ
1346 358 1510 394 μητροπόλει
1528 359 1714 394 Καισαρείας,
1732 360 1811 393 ἔρως

1016 407 1064 433 καὶ
1083 406 1199 437 κανόνας
1228 405 1306 432 ἔθετο
1327 405 1374 432 τοῦ
1391 405 1429 441 μὴ
1446 405 1518 440 ἔχειν
1541 406 1669 438 ἐξουσίαν
1686 405 1810 440 ἀλλαχῆ-3

1015 452 1240 488 χειροτονηθῆναι
1262 452 1310 478 τὸν
1333 452 1382 487 τῆς
1399 452 1522 487 μεγάλης
1542 452 1691 487 Ἀρμενίας
1713 452 1810 487 ἀρχιε-

1016 498 1077 534 ρέα,
1098 498 1122 524 εί
1154 497 1192 534 μὴ
1213 499 1242 523 ἐν
1263 499 1296 533 τῇ
1316 497 1449 533 ἐκκλησίᾳ
1472 497 1528 523 τῶν
1547 498 1734 532 Καισαρέων’
1764 496 1810 522 καὶ

1015 542 1062 570 ἀπ’
1082 543 1166 571 αὐτοῦ
1189 542 1236 569 τοῦ
1253 543 1385 578 θεοφόρου
1416 543 1523 578 [ἰατρὸς
1541 543 1620 578 ἡμῶν
1637 543 1809 579 Γρηγορξου,

1015 587 1104 623 ἕτερον,
1130 587 1269 622 ἀρχιερεῖς
1294 587 1542 623 ἐχειροτονήθησαν
1570 587 1693 621 καθεξῆς
1723 587 1807 613 ὀκτὼ.

1015 634 1080 660 Ὅτε
1095 633 1134 665 δὲ,
1155 634 1192 665 ὡς
1208 634 1368 669 προείρηται
1381 635 1397 669 ἡ
1420 633 1485 668 ἁγία
1501 634 1607 666 σύνοδος
1620 635 1650 660 ὲν
1665 634 1808 668 Πνεύματι

1015 679 1087 714 ἁγίῳ
1107 679 1290 714 συνηθροίσθη
1306 680 1335 705 ἐν
1351 680 1513 714 Χαλκηδόνι,
1528 680 1684 715 ὰπέσχισαν
1701 681 1752 706 καὶ
1769 681 1808 709 εἰς

1015 725 1085 757 ιδίας
1109 726 1232 761 αἱρέσεις
1254 725 1410 761 ἐχώρησαν,
1434 727 1448 752 6
1474 726 1589 762 Ἐχάνης
1605 727 1715 758 ἐκεῖνος
1731 727 1747 752 ὁ
1761 728 1808 752 καὶ

1014 769 1216 803 Μαντακουνῆς
1231 770 1290 803 ἄμα
1316 770 1371 796 τῶν
1397 770 1500 797 λοιπῶν
1521 772 1638 806 ἀνιέρων
1664 774 1717 806 τῆς
1744 772 1808 807 ὅλης

1021 815 1177 850 Ἀρμενίας.
1196 814 1293 850 Εὐρὼν
1306 816 1335 842 δὲ
1349 817 1363 842 ὁ
1382 817 1539 852 ἀρχέκακος
1554 817 1614 851 oet;
1630 818 1741 852 ὄργανα
1760 819 1808 852 τῆς

979 852 1000 882 Β
1016 861 1100 888 αὐτοῦ
1116 863 1267 896 σκαιωρία;
1285 862 1430 898 Διόσκορον
1445 863 1491 890 τὸν
1514 863 1739 898 ’Δλεξανδρείας,
1762 866 1810 890 καὶ

1015 908 1120 943 Πέτρον
1132 908 1178 934 τὸν
1197 908 1374 943 Ἀντιοχείας,
1389 909 1492 936 καὶτὸν
1511 910 1706 946 Μονοοεὶὴτην
1723 911 1810 937 E57;-

1014 953 1075 988 χέα,
1095 953 1284 984 ἀπελαθέντας
1299 955 1347 981 καὶ
1369 955 1639 990 ἁναθεματισθέντας
1657 958 1740 991 παρὰ
1756 958 1811 983 τῶν

1015 998 1102 1033 ἁγίων
1131 999 1179 1026 καὶ
1200 1000 1400 1035 οἰκουμενικῶν
1423 1001 1540 1028 συνόδων
1553 1010 1561 1018 ·
1581 1003 1627 1028 καὶ
1652 1003 1810 1037 ἀμφότεικι

1015 1045 1194 1081 συναχθέντες
1209 1047 1237 1072 ὲν
1248 1047 1281 1081 τῇ
1299 1047 1377 1074 πόλει
1391 1049 1425 1084 τῇ
1443 1048 1576 1084 λεγομένῃ
1590 1049 1648 1084 Τῦὴ
1665 1049 1745 1085 [aliis
1762 1050 1811 1075 Tt-

1013 1091 1059 1127 ὀὴ]
1073 1092 1123 1127 τῆς
1145 1091 1305 1126 Ἀρμενίας,
1321 1094 1368 1120 καὶ
1379 1094 1408 1120 ὲν
1420 1095 1489 1130 αὐτῇ
1507 1095 1627 1127 σύνοδον,
1647 1095 1686 1127 ὡς
1707 1097 1810 1122 ἐκεῖνοι

1013 1138 1142 1173 ἐνόμισαν
1158 1139 1409 1175 συγκροτήσαντες,
1429 1141 1476 1167 καὶ
1490 1141 1524 1167 τὰ
1536 1141 1602 1168 ἄθεα
1616 1142 1668 1168 καὶ
1679 1141 1811 1177 plina;-

1015 1193 1052 1220 μα
1069 1185 1277 1220 συνεγράψαντο
1308 1186 1453 1221 δόγματα·
1480 1188 1584 1214 ἐκεῖθεν
1598 1189 1648 1214 καὶ
1670 1189 1727 1223 τὴν
1753 1189 1810 1215 τῶν

1013 1230 1236 1267 Χαντζιτξαρίων
1255 1232 1293 1268 (b)
1305 1240 1312 1247 -
1337 1233 1424 1264 οὕτως
1444 1233 1558 1264 ἐκείνοις
1576 1233 1720 1267 λογίζεται
1734 1244 1741 1250 ·
1757 1236 1811 1261 πά-

1013 1276 1058 1308 Θος
1077 1277 1131 1312 γὰρ
1144 1278 1310 1313 ὲπιρέρουσι
1325 1278 1365 1312 τῷ
1382 1279 1463 1306 πάθει
1487 1279 1525 1314 τῷ
1540 1280 1601 1306 κατ’
1614 1281 1685 1307 αὐτο
1703 1282 1810 1308 ἅπαθεί

1012 1323 1062 1358 τῆς
1078 1324 1218 1359 θεότητος,
1248 1326 1295 1351 καὶ
1311 1325 1419 1360 φυρμὸν
1440 1327 1488 1352 καὶ
1512 1327 1612 1362 κρᾶσιν
1639 1328 1788 1361 εἰσάγουσι
1801 1337 1808 1343 ·

1012 1369 1060 1395 καὶ
1079 1369 1144 1404 μίαν
1160 1367 1232 1396 εῖναι
1251 1369 1333 1404 φύσιν
1348 1371 1398 1406 τὴν
1415 1371 1462 1397 τοῦ
1484 1372 1589 1407 Κυρίου
1611 1373 1693 1407 ἡμῶν
1717 1374 1808 1407 Ἰησοῦ

1012 1413 1130 1449 Χριστοῦ
1147 1414 1256 1446 ἁσεῦῶς
1278 1415 1500 1450 δογματίζουσιν,
1517 1414 1562 1444 οἷα
1579 1418 1627 1444 καὶ
1641 1418 1656 1443 ὁ
1680 1418 1808 1453 Εὐτυχὴς

1012 1459 1059 1485 καὶ
1071 1458 1219 1494 Διόσκορος
1239 1460 1287 1486 καὶ
1307 1461 1321 1486 ὁ
1337 1460 1456 1492 δείλαιος
1473 1461 1575 1496 Πέτρος
1602 1461 1735 1495 φρονοῦσι
1760 1464 1808 1488 τὴν

1013 1504 1106 1535 αὐτοῖς
1116 1511 1123 1518 ·
1146 1505 1194 1531 καὶ
1207 1505 1224 1540 ἡ
1238 1504 1285 1532 τοῦ
1299 1505 1382 1532 ἀθέου
1395 1497 1515 1541 έεὸήρου
1531 1507 1638 1541 αἵρεσις
1650 1509 1807 1543 συντρέχει,

1017 1550 1065 1576 καὶ
1077 1549 1106 1582 ἐξ
1116 1550 1206 1577 αὐτῶν
1217 1551 1377 1586 μετέχουσιν
1392 1552 1416 1578 oi
1426 1552 1580 1586 Ἀκέφαλοι,
1593 1553 1664 1588 Σεση
1670 1556 1772 1588 ριανοὶ,
1784 1556 1807 1580 si

1017 1595 1181 1624 Ἰακωῦῐται.
1190 1596 1250 1622 Ἔτι
1257 1596 1285 1622 δὲ
1293 1598 1306 1623 ό
1317 1597 1397 1629 αὐτὸς
1406 1597 1485 1629 ἄθεος
1494 1599 1627 1634 Εὐτυχὴς,
1638 1600 1684 1625 καὶ
1692 1600 1809 1627 Attiano-

1018 1649 1072 1677 ρος,
1082 1642 1128 1667 καὶ
1138 1641 1250 1677 Πέτρος,
1263 1642 1309 1669 καὶ
1319 1643 1333 1670 ὁ
1345 1643 1464 1678 ἀρχηγὸς
1474 1644 1527 1670 τῶν
1535 1644 1686 1680 Ἀρμενίων
1695 1646 1809 1673 Μαντε-

1016 1687 1114 1723 κουνῆς
1131 1687 1256 1722 λέγουσιν
1266 1688 1307 1715 ὅτι
1317 1689 1370 1725 πρὸ
1383 1689 1429 1716 τοῦ
1441 1691 1605 1726 γεννηθῆναι
1618 1694 1651 1718 ὲκ
1662 1693 1718 1728 τῆς
1740 1694 1810 1720 ’Δειο

1015 1733 1155 1769 Παρθένου
1170 1734 1281 1770 Μαρίας
1289 1735 1337 1762 τὸν
1351 1736 1465 1772 Σωτῆρα
1477 1737 1523 1764 καὶ
1536 1737 1604 1764 Θεὸν
1612 1739 1706 1774 ἡμῶν,
1723 1740 1755 1773 ἐξ
1764 1741 1810 1767 οὗ·

1017 1779 1098 1816 ρο.νοῦ
1110 1778 1173 1816 ἔσχε
1188 1781 1238 1817 τὴν
1249 1781 1350 1818 σάρκα.
1364 1783 1419 1817 Τὴν
1429 1782 1484 1819 γὰρ
1498 1784 1649 1820 ὁμοιότητα
1661 1787 1713 1813 καὶ
1724 1788 1809 1822 μόνην

1015 1826 1088 1853 κατὰ
1099 1827 1251 1862 φαντασίαν
1263 1828 1310 1855 καὶ
1328 1828 1359 1855 οὒ
1372 1829 1434 1856 κατ’
1447 1829 1578 1865 ἀλήθειαν
1593 1831 1692 1858 ἔλαδεν
1707 1833 1742 1859 ὲκ
1758 1835 1809 1867 τῆς

1015 1872 1162 1908 παρθένου.
1176 1873 1295 1908 Λέγουσι
1309 1874 1337 1901 δὲ
1347 1874 1385 1906 ὡς
1392 1874 1454 1901 οὔτε
1468 1876 1559 1911 ψυχὴν
1570 1875 1634 1903 οὔτε
1647 1877 1732 1913 σῶμα
1746 1879 1808 1905 ἐλα-

1015 1919 1063 1946 ϐεν
1074 1919 1107 1946 ἐκ
1123 1918 1173 1954 τῆς
1184 1919 1335 1955 Παρθένου,
1350 1920 1412 1947 οὔτε
1425 1921 1492 1953 Θεὸς
1504 1923 1599 1957 μείνας
1610 1923 1642 1949 ὲν
1655 1925 1689 1958 τῇ
1709 1926 1808 1960 γαστρὶ

1015 1965 1102 2000 αὐτῆς
1118 1965 1278 2002 ὑπέμεινεν,
1294 1966 1353 1994 ἀλλ’
1365 1967 1460 2003 ὥσπερ
1483 1967 1529 1994 διὰ
1546 1968 1670 2002 σωλῆνος
1681 1969 1806 2005 διῆλθεν,

1015 2013 1048 2038 ὲκ
1062 2011 1109 2039 δύο
1125 2012 1251 2047 φύσεων,
1267 2013 1315 2040 καὶ
1328 2014 1368 2045 είς
1395 2013 1461 2048 μίαν
1488 2014 1612 2050 ὲφυράϐη
1640 2016 1738 2049 φύσιν,
1763 2019 1808 2044 καὶ

1014 2058 1059 2085 διὰ
1075 2058 1155 2086 τοῦτο
1167 2059 1192 2086 οἱ
1210 2059 1348 2095 ’Δρμένιοι
1361 2060 1406 2087 τὸν
1419 2060 1628 2096 Εὑαγγελισμὸν
1640 2063 1692 2097 οὐχ
1712 2064 1808 2098 ἑορτά-

1015 2104 1108 2137 ζουσιν
1123 2105 1165 2137 είς
1177 2105 1223 2133 τον
1237 2105 1305 2132 ἴδιον
1321 2107 1417 2142 καιρόν
1428 2114 1436 2122 ·
1453 2106 1522 2134 ἀλλὰ
1535 2107 1590 2142 πρὸ
1602 2108 1678 2135 ὀκτὼ
1693 2110 1806 2146 ἡμερῶν

1015 2149 1070 2176 τῶν
1084 2150 1172 2184 ἁγίων
1195 2150 1296 2178 Φώτων
1315 2151 1476 2185 ἑορτάζουσι
1495 2152 1527 2188 τῇ
1543 2152 1651 2188 ἑσπέρᾳ
1673 2153 1727 2189 τὴν
1747 2156 1805 2189 ἐορ-

174 2201 374 2232 conceiebrant,
391 2199 465 2227 nullo
480 2199 560 2227 modo
573 2198 791 2227 circumcisionis
801 2193 913 2227 memori

1062 2206 1064 2215 ν
1087 2197 1134 2224 τοῦ
1150 2197 1370 2233 Εὐαγγελισμοῦ,
1388 2198 1435 2224 καὶ
1454 2198 1500 2225 διὰ.
1516 2199 1564 2233 τῆς
1581 2200 1682 2231 νυκτὲς
1708 2201 1802 2236 ἑορτά-

173 2247 317 2275 facientes.
334 2246 375 2274 Ad
391 2246 447 2273 haec
463 2253 512 2273 suo
529 2245 608 2273 modo
623 2245 730 2274 Iudaeos
753 2245 894 2274 imitentur
907 2246 959 2273 Ar-

174 2292 257 2320 menii
274 2297 376 2327 :atque
401 2293 428 2319 in
460 2291 518 2327 ipso
544 2291 686 2319 Paschalis
709 2295 830 2326 tempore
859 2299 960 2326 agnum

174 2337 341 2370 sacriﬁcant,
369 2344 402 2364 ex
429 2337 505 2372 cujus
533 2337 666 2372 sanguine
696 2337 789 2364 limiua
819 2341 960 2371 portarum

175 2385 322 2419 inungunt;
348 2391 408 2411 assa
430 2383 484 2418 igni
502 2382 606 2410 faciunt
627 2389 655 2410 et
679 2383 853 2410 manducaui.
877 2382 959 2410 Suam

173 2430 337 2458 oblationem
354 2431 458 2464 absque
482 2429 616 2458 fermento
640 2429 788 2457 coniiciunt
809 2436 816 2456 ι
834 2429 959 2456 unionem

174 2476 315 2511 sanguinis
340 2481 367 2504 et.
391 2483 467 2510 aqua:
493 2483 546 2503 non
572 2481 720 2511 peragunt,
741 2476 787 2503 sed
814 2475 871 2503 solo
897 2475 960 2502 vino

175 2527 298 2554 utuntur,
312 2522 389 2556 juxta
411 2520 566 2549 Iudaeorum
582 2520 807 2549 consuetudinem
833 2520 959 2548 traditio-

177 2575 293 2602 nemqne
330 2567 420 2595 cultus
447 2567 559 2602 legalis;
580 2575 633 2595 non
662 2567 843 2603 intelligentes
868 2566 961 2594 divina

175 2613 332 2648 Evangelia,
349 2621 398 2641 nec
412 2613 484 2648 quod
504 2613 538 2641 ab
548 2614 677 2648 Apostolo
694 2614 794 2641 dicitur
812 2622 820 2641 :
836 2622 846 2638 ι
862 2612 961 2640 Vetera

176 2659 352 2692 transierunt,
373 2667 436 2687 ecce
454 2659 525 2687 facta
546 2664 610 2687 sunt
636 2659 727 2687 omnia
753 2666 821 2686 nova
840 2658 881 2695 (11
896 2658 961 2686 Cor.

176 2714 204 2738 ν,
218 2706 274 2742 t7).
293 2715 302 2732 ι
321 2706 432 2741 Signum
447 2710 536 2734 autem
551 2706 712 2734 venerandae
728 2707 817 2734 crucis
831 2713 881 2733 ncc
896 2706 963 2732 ado-

176 2756 248 2783 rant,
265 2758 317 2779 nec
345 2752 448 2784 colunt.
475 2759 524 2779 nec
549 2751 698 2786 quidquam
726 2751 823 2779 divinae
852 2750 961 2779 virtutis

212 2840 249 2875 (ὁ)
262 2839 375 2868 Videtur
391 2840 493 2876 aliquid
511 2841 615 2870 deesse.

504 2958 527 2979 ἡ

1013 2243 1089 2275 ζουσι
1107 2242 1142 2270 τὰ
1158 2243 1278 2279 Χριστοῦ
1308 2243 1403 2276 Γέννα,
1429 2245 1477 2270 καὶ
1497 2245 1716 2280 περιτρέχουσιν
1739 2248 1805 2273 ἑτιτᾶ

1013 2289 1132 2325 ἡμέρας,
1157 2290 1205 2316 καὶ
1221 2288 1272 2317 εἶθ’
1295 2289 1381 2322 οὕτως
1391 2290 1550 2325 ἑορτάζουσι
1573 2292 1608 2318 τὰ
1627 2292 1723 2323 Φῶτα,
1755 2302 1805 2328 μη-

1012 2335 1097 2367 δὸλως
1113 2336 1254 2368 ποιοῦντες
1283 2337 1378 2372 μνείαν
1402 2337 1452 2371 τῆς
1476 2338 1641 2373 περιτομῆς.
1661 2340 1719 2366 Καὶ
1738 2343 1804 2367 κατὰ

1013 2382 1077 2413 τοὺς
1093 2381 1176 2413 ἰδίους
1193 2381 1225 2417 [ί.
1245 2381 1321 2410 deest
1338 2382 1467 2418 τρίπους]
1492 2383 1679 2415 ίουδαῖξουσιν
1701 2386 1728 2411 οἰ
1745 2386 1804 2420 ’Δρ-

1016 2427 1104 2462 μένιοι
1116 2435 1123 2442 ·
1138 2428 1185 2454 καὶ
1200 2428 1229 2454 ὲν
1247 2427 1323 2463 αὐτῷ
1347 2429 1387 2463 τῷ
1402 2429 1492 2464 καιρῷ
1510 2429 1558 2455 τοῦ
1576 2430 1686 2464 Πάσχα,
1713 2431 1803 2457 odeum

1011 2472 1058 2498 τὸν
1070 2472 1168 2507 ἀμνὸν,
1188 2473 1234 2500 καὶ
1250 2475 1282 2500 ὲκ
1297 2472 1345 2500 τοῦ
1357 2473 1476 2509 αἵματος
1494 2473 1579 2500 αὑτοῦ
1591 2475 1643 2505 τὰς
1659 2475 1742 2509 φλιάς
1754 2476 1802 2501 τῶν

1013 2518 1105 2554 θυρῶν
1118 2519 1252 2554 χρίουσιν,
1277 2520 1351 2547 ὀπτὰ
1371 2521 1440 2556 πυρὶ
1467 2520 1577 2546 ποιοῦσι
1600 2521 1650 2547 καὶ
1674 2521 1801 2548 ἐσθίουσι.

1014 2565 1127 2600 Καὶτὴν
1142 2565 1302 2601 προσφορὰν
1321 2565 1411 2593 αὐτῶν
1428 2565 1534 2602 ἄζυμον
1557 2567 1680 2598 ποιοῦσι,
1706 2568 1753 2595 καὶ
1762 2568 1802 2594 ιν-

1013 2619 1081 2638 ωσιν
1095 2611 1142 2639 τοῦ
1161 2611 1278 2647 αἵματος
1293 2613 1342 2639 καὶ
1355 2604 1402 2639 τοῧ
1418 2613 1515 2645 ὓδατος
1536 2613 1568 2639 οὐ
1592 2613 1732 2645 ποιοῦσιν,
1747 2612 1800 2640 ἀλλ’

1015 2655 1087 2685 οίνον
1107 2659 1154 2686 καὶ
1172 2658 1265 2694 μόνον,
1282 2659 1354 2686 κατὰ
1374 2659 1406 2686 τὸ
1418 2659 1514 2695 ἔθιμον
1527 2659 1582 2687 τῶν
1603 2659 1740 2687 Ἰουδαίων
1758 2660 1800 2686 καὶ

1013 2703 1063 2740 τὴν
1080 2703 1230 2740 παράδοσιν
1250 2704 1301 2739 τῆς
1322 2704 1439 2740 νομικῆς
1453 2705 1594 2741 λατρείας,
1611 2705 1653 2740 μὴ
1670 2705 1799 2734 συνιέντες

1014 2750 1069 2778 τῶν
1085 2750 1166 2779 θείων
1181 2750 1366 2786 Εὑαγγελίων,
1387 2751 1436 2778 καὶ
1454 2750 1502 2778 τοῦ
1520 2751 1687 2779 ’Δποστόλου
1711 2750 1796 2786 λέγον-
