4062 6214
263 294 266 301 ’
278 289 3506 359 ΨΜ

881 337 1273 350 μ-
3127 347 3375 357 _—
3477 341 3480 346 ι

881 337 915 338 7
934 337 971 338 ..κ
1094 337 1099 338 ,
1122 337 1131 338 η
1738 337 1892 338 κνηηῖν
1986 337 1995 338 κ
2354 337 2359 338 ,
2384 337 2485 338 TN,

3127 347 3375 357 .______.
3385 349 3442 357 -_
3451 349 3456 357 .
3467 341 3479 357 .-

1111 479 1783 593 MONITUM
1885 409 2674 596 EDITOBUM.

354 843 655 910 Homilies
690 858 851 920 quas
885 841 958 898 R.
990 839 1059 898 Ρ.
1095 839 1318 900 Franc.
1370 839 1662 909 Scorsus,
1695 837 2213 908 Panormitanus,
2250 855 2418 898 anno
2466 840 2616 900 16b!»
2654 840 2909 902 Parisiis
2941 844 3154 907 Graece
3205 854 3266 910 et
3293 852 3504 913 Latinf

277 944 502 1018 edidit,
538 941 604 1001 in
640 934 1066 1000 nobilissimis
1123 934 1452 995 codicibus
1483 931 1836 1010 Hispaniae,
1870 933 2071 994 Italia).
2101 942 2161 995 et
2191 934 2414 996 Galliae
2451 943 2700 996 exstant
2749 939 2872 999 sub
2903 942 3167 1004 nomine
3216 940 3511 1024 Gregorii

279 1037 608 1108 Ceraniei,
667 1029 1132 1110 archiepiscopi
1218 1027 1768 1090 Tauromenitani.
1845 1029 2021 1090 Unde
2090 1039 2232 1091 nata
2298 1039 2395 1091 est
2452 1033 2750 1108 quaestio,
2818 1032 3128 1098 hactenus
3203 1042 3508 1115 pendens,

283 1145 490 1196 utrum
526 1129 950 1207 Theophanes
983 1127 1324 1187 Cerameus
1368 1125 1866 1202 distinguendus
1916 1124 1995 1184 sit
2024 1141 2102 1185 an
2137 1143 2264 1187 non
2323 1143 2357 1187 a
2400 1127 2709 1204 Gregorio
2755 1130 3090 1206 Cet-amco,
3130 1134 3234 1195 cui
3295 1140 3508 1200 eadem

279 1247 464 1308 opera
494 1227 896 1288 tribuuntur.
935 1222 1062 1283 Alii
1099 1220 1448 1298 opinantur
1487 1218 1940 1298 TheOphanem
1977 1223 2129 1282 olim
2167 1239 2400 1284 nomen
2434 1225 2726 1302 Gregorii
2751 1228 3056 1304 gessisse,
3089 1232 3260 1309 quod
3297 1243 3509 1312 postea

278 1329 370 1390 vel
412 1326 710 1395 mutavit,
749 1321 843 1383 vel
877 1319 1270 1396 dereliquit;
1306 1317 1415 1378 alii
1445 1318 1841 1379 contendunt
1866 1317 2247 1394 Gregorium
2274 1321 2649 1380 Cerameum
2684 1323 2954 1384 omnino
2984 1323 3510 1405 distinguendum

280 1440 413 1483 esse
441 1438 472 1482 a
511 1417 928 1495 TheOphane,
963 1429 1328 1493 quanquam
1373 1430 1584 1490 neque
1626 1413 1788 1474 hanc
1817 1413 2190 1491 opinionem
2228 1414 2358 1473 ullo
2395 1413 2672 1491 positivo
2703 1427 3084 1493 argumento
3121 1423 3516 1484 confirment.

279 1517 608 1584 Petavius,
646 1515 799 1575 dum
840 1528 946 1572 an.
983 1513 1138 1572 1616
1171 1509 1571 1569 Breviarium
1601 1510 1977 1570 historicum
2008 1511 2071 1569 S.
2107 1508 2448 1585 Nicephori
2486 1511 2859 1585 patriarchae
2897 1515 3014 1574 (ΣΡ.
3055 1515 3271 1578 Graece
3302 1527 3362 1578 et
3396 1521 3516 1579 La-

281 1613 412 1674 tine
449 1610 709 1671 Parisiis
750 1611 1004 1679 ederet,
1039 1606 1286 1680 eidem,
1319 1605 1698 1683 speciminis
1751 1605 1975 1682 gratia,
2015 1605 2260 1664 addidit
2287 1604 2618 1664 homiliam
2670 1607 2736 1666 in
2769 1607 3151 1670 lndictioais
3196 1613 3323 1674 sive
3364 1616 3518 1674 anni

272 1708 688 1786 principium,
725 1703 922 1765 veluti
965 1720 1126 1779 Opus
1168 1701 1465 1781 Gregorii
1514 1709 1918 1780 cognomento
1968 1699 2218 1777 Figuli,
2275 1701 2797 1763 Tauromenitani
2830 1705 2896 1762 in
2930 1705 3158 1765 Sicilia
3195 1710 3516 1786 archiepi-

279 1804 484 1881 scopi,
519 1798 706 1880 quam
746 1798 1075 1859 homiliam
1113 1799 1179 1858 P.
1217 1799 1481 1859 Scorsus
1523 1798 1717 1859 veluti
1764 1798 2032 1876 primam
2069 1813 2104 1857 a
2137 1795 2528 1875 TbeOphane
2575 1799 2876 1876 scriptam
2925 1802 3173 1862 caeteris
3218 1804 3516 1866 omnibus

278 1900 648 1981 praeposuit.
715 1897 912 1957 Porro
972 1895 1402 1967 Petavius,in
1455 1895 1624 1955 notis
1684 1894 1759 1956 ad
1821 1892 2262 1969 S.Nicephori
2332 1893 2758 1967 Breviarium,
2810 1901 2952 1972 pag.
3015 1897 3125 1969 10,
3177 1905 3511 1976 postquam

277 1996 538 2056 dixisset
571 1995 824 2054 Graecos
863 1989 1258 2052 Indictiones
1291 2007 1436 2050 suas
1471 1989 1624 2049 olim
1663 2005 1696 2050 a
1730 2006 1888 2049 xxxv
1927 1989 2322 2064 Septembris
2345 2034 2360 2062 ,
2405 2000 2620 2066 postea
2659 2006 2808 2050 vero
2840 2007 2871 2050 δ
2908 1991 3215 2052 Kalendis
3251 2010 3514 2055 exorsos

281 2107 438 2162 esse,
459 2089 639 2149 illico
659 2087 874 2148 subdit
907 2108 922 2146 :
963 2106 992 2140 α
1031 2085 1212 2158 Quod
1247 2086 1590 2163 posterius,
1615 2094 1683 2146 ut
1711 2086 1872 2146 alios
1894 2084 2200 2157 omittam,
2227 2085 2572 2161 Gregorius
2599 2095 2908 2164 Kapapebr,
2937 2089 3513 2150 Tauromenitanus

280 2186 832 2264 archiepiscopus,
874 2181 1110 2242 indicat
1158 2179 1224 2240 in
1259 2181 1526 2242 homilia
1567 2191 1670 2255 Εις
1717 2188 1884 2257 τὴν·ιὲ

1909 2190 2059 2256 ρχὴν
2088 2189 2201 2256 τῆς
2251 2189 2569 2258 Ἰνδίκτου,
2602 2190 2734 2260 ἤτοι
2773 2193 2880 2246 τοῦ
2921 2192 3065 2246 νέου
3090 2194 3285 2261 ἔτους,
3329 2205 3513 2265 quam

281 2309 432 2360 nos,
479 2306 604 2350 una
643 2305 786 2348 cum
827 2287 972 2347 aliis
1008 2284 1302 2364 plurimis
1344 2285 1632 2364 ejusdem
1709 2285 2047 2363 scriptoris
2113 2285 2396 2345 nondum
2446 2288 2795 2365 evulgatis,
2847 2289 3214 2366 accepimus
3267 2307 3299 2351 a
3333 2293 3406 2352 Il.
3444 2292 3513 2353 P.

278 2388 513 2449 Jacoho
543 2384 925 2457 Sirmondo,
961 2381 1098 2442 viro
1151 2381 1566 2458 pererudito,
1602 2381 1752 2458 qui,
1791 2381 1939 2459 quia
1991 2381 2217 2444 crebro
2249 2397 2279 2441 δ
2333 2382 2520 2444 nobis
2573 2400 2790 2444 earum
2849 2384 3200 2447 editionem
3250 2386 3513 2466 ﬂagitat,

279 2493 350 2542 ut
397 2482 462 2542 ei
500 2480 712 2558 aliqua
771 2497 848 2539 ex
905 2485 1078 2555 parte
1137 2475 1440 2550 satisﬁat,
1486 2476 1662 2537 velut
1715 2476 2048 2552 specimen
2101 2477 2449 2556 quoddam,
2489 2479 2919 2543 Indictionum
2959 2483 3316 2559 occasione,
3355 2503 3518 2562 prie-

290 2576 606 2636 misimus.
641 2598 670 2630 ι)
715 2575 1035 2635 Hactenus
1087 2573 1419 2644 Petavius,
1471 2570 1583 2650 qui
1623 2574 1702 2632 de
1735 2571 2116 2634 confusione
2156 2573 2497 2635 nominum
2549 2575 2842 2653 Gregorii
2897 2583 2960 2636 et
2991 2576 3398 2655 Theophanis
3436 2597 3517 2642 ne

288 2671 603 2746 COgitasse
631 2671 886 2748 quidem
920 2670 1200 2729 videtur.

360 2768 583 2828 Pirrus
619 2767 680 2827 in
730 2766 958 2826 Sicilia
986 2766 1183 2826 Sacra
1219 2766 1386 2844 (pag.
1425 2763 1540 2826 490
1570 2764 1673 2826 ed.
1728 2763 2212 2827 Panormit.an.
2250 2764 2428 2842 1733)
2465 2764 2849 2845 Gregorium
2893 2784 2926 2829 a
2964 2767 3352 2846 Theophane
3389 2771 3518 2834 dis-

283 2862 518 2940 tinguit
553 2863 620 2923 in
664 2861 961 2940 Catalogo
994 2861 1442 2938 episcoporum
1485 2859 1787 2920 Ecclesia;
1817 2860 2396 2930 Tauromenitanae,
2429 2870 2490 2922 at
2540 2865 2748 2924 neutri
2784 2872 3016 2926 certam
3049 2872 3296 2926 aetatem
3328 2869 3518 2930 ascri-

279 2959 426 3020 bere
459 2958 667 3019 audet.
690 2957 1103 3034 DeGregorio
1132 2957 1216 3017 ita
1247 2957 1469 3017 scribit
1507 2979 1522 3016 :
1550 2979 1577 3010 «
1601 2955 1951 3032 Gregorius
1984 2958 2313 3020 Ccrameus
2347 2958 2880 3036 archiepiscopus.
2915 2960 3141 3022 Plures
3178 2960 3234 3022 is
3262 2962 3517 3041 scripsit

280 3059 577 3119 homilias
607 3059 670 3118 in
702 3058 1042 3134 Evangelia
1067 3102 1083 3130 ,
1117 3073 1187 3117 ac
1238 3058 1317 3118 de
1363 3057 1506 3116 aliis
1555 3057 1970 3135 argumentis,
2006 3075 2038 3116 e
2073 3074 2338 3134 quarum
2373 3074 2638 3118 numero
2671 3057 2887 3119 multae
2935 3059 3376 3137 manuscriptm
3421 3061 3518 3122 le-

280 3163 541 3233 guntur.
578 3177 607 3209 »
647 3153 893 3215 Deinde
927 3171 1004 3213 ex
1051 3152 1306 3213 Fazello
1356 3160 1528 3213 notat
1579 3153 2103 3223 Tauromenium,
2139 3160 2282 3230 post
2311 3151 2561 3231 longam
2601 3152 3030 3225 obsidionem,
3063 3171 3168 3215 an.
3200 3157 3350 3226 878,
3382 3155 3518 3217 fere

282 3263 666 3327 postremam
698 3251 866 3310 inter
901 3249 1146 3310 Siculas
1178 3248 1493 3322 civitates,
1527 3250 1602 3309 ab
1635 3248 1943 3324 Agarenis
1987 3250 2241 3308 tandem
2297 3256 2666 3326 occupatam
2719 3247 2960 3319 fuisse;
3002 3257 3064 3309 et
3105 3266 3176 3309 ex
3226 3250 3522 3328 Cajetano

278 3345 678 3423 (Sanctorum
715 3343 1076 3404 Siculorum
1129 3345 1166 3404 l.
1207 3345 1296 3415 Il,
1339 3361 1398 3420 p.
1450 3343 1576 3422 6i).
1614 3345 1676 3402 S.
1711 3344 2093 3422 Procopium
2129 3344 2728 3405 Tauromenitanam
2755 3345 3110 3420 Ecclesiam
3144 3348 3382 3409 rexisse
3413 3366 3516 3410 an.

279 3443 431 3514 903,
485 3457 628 3502 cum
685 3441 978 3502 Saraceni
1043 3440 1552 3500 Tauromenium
1607 3450 2090 3516 expugnarent,
2126 3447 2186 3501 et
2235 3441 2301 3501 in
2350 3439 2713 3517 direptione
2757 3441 2971 3513 urbis,
3015 3460 3134 3502 una
3189 3460 3330 3504 cum
3367 3445 3512 3506 aliis

281 3539 568 3608 civibus,
619 3535 926 3612 martyrio
958 3535 1158 3594 fuisse
1204 3541 1601 3594 coronatum.
1649 3533 1900 3606 Quibus
1941 3535 2250 3595 enarratis
2303 3536 2561 3596 subdit:
2600 3559 2624 3588 α
2661 3537 2970 3597 Cmterum
3017 3545 3154 3615 post
3200 3553 3455 3601 exactos
3488 3561 3521 3600 a

283 3635 500 3695 Sicilia
533 3637 918 3704 Saracenos,
964 3630 1795 3713 nullam_Tauromenitani
1849 3629 2126 3708 alicujus
2184 3630 2470 3708 episc0pi
2532 3631 2927 3692 mentionem
2987 3633 3218 3694 alicubi
3263 3638 3516 3713 reperi;

283 3730 573 3807 oportuit
610 3728 809 3804 igitur
843 3744 990 3787 eum
1024 3708 1434 3804 praesulatum
1471 3726 1638 3786 inter
1675 3727 2092 3787 Barbarorum
2151 3729 2461 3786 tumultus
2495 3727 2916 3799 exstinctum,
2948 3739 3138 3806 atque
3174 3708 3516 3792 Ecclesiam

283 3827 458 3884 illam
495 3826 572 3885 ab
606 3840 775 3883 anno
810 3823 999 3894 108-2,
1039 3839 1170 3895 quo
1203 3821 1576 3899 epiosc0pum
1613 3841 1643 3882 a
1680 3821 2143 3882 Northmannis
2174 3820 2426 3882 Trointe
2453 3821 2666 3882 datum
2704 3821 2997 3882 dicemus
3022 3867 3038 3894 ,
3070 3824 3135 3883 in
3168 3833 3314 3885 nota
3346 3828 3385 3887 8
3413 3826 3518 3886 in-

286 3919 416 3988 fra,
450 3919 828 3990 Troiuensi,
862 3925 1000 3993 post
1029 3915 1431 3977 Messanensi
1474 3917 1773 3978 Ecclesiae
1806 3918 2153 3996 subjectam
2217 3917 2310 3977 vel
2364 3917 2606 3978 unitam
2653 3919 2728 3978 ad
2793 3918 2926 3978 hmc
2987 3937 3190 3997 usque
3236 3928 3520 3998 tempora

283 4014 519 4075 fuisse.
558 4037 586 4069 »
621 4016 707 4074 lta
740 4012 986 4073 Pirrus.

369 4110 423 4169 A
458 4125 592 4186 quo
625 4123 886 4183 prorsus
917 4105 1310 4168 dissentiunt
1339 4106 1458 4166 viri
1495 4106 1730 4168 eruditi
1769 4108 1879 4185 qui
1909 4110 2306 4171 contendunt
2352 4125 2543 4171 unam
2585 4110 2928 4170 alteramve
2983 4109 3344 4184 homiliam,
3379 4129 3521 4192 quae

284 4208 408 4266 sub
445 4204 704 4266 nomine
736 4203 1145 4282 TheOphanis
1175 4205 1696 4266 Tauromenitani
1744 4205 1932 4268 editae
1974 4214 2156 4280 sunt,
2202 4207 2520 4267 recitatam
2553 4203 2751 4265 fuisse
2802 4221 3011 4265 coram
3047 4206 3318 4282 Rogerio
3357 4208 3519 4265 Ner-

286 4317 670 4362 mannorum
731 4301 923 4370 duce,
981 4299 1055 4360 ad
1114 4299 1299 4360 ﬁnem
1363 4311 1664 4378 vergente
1725 4304 1960 4365 saaculo
2022 4321 2108 4375 χι,
2170 4302 2264 4362 vel
2321 4301 2510 4361 initio
2559 4299 2772 4362 seaculi
2836 4319 2954 4360 xu.
3005 4301 3294 4363 Profecto
3359 4303 3522 4364 ritus

283 4399 586 4467 Grmcus,
628 4397 862 4473 fugatis
900 4397 1270 4469 Saracenis,
1306 4415 1433 4459 non
1470 4398 1655 4475 plane
1698 4401 2052 4461 exstinctus
2100 4408 2269 4469 erat,
2305 4398 2415 4458 sed
2467 4406 2680 4475 postea
2735 4398 2925 4458 etiam
2976 4397 3043 4458 in
3086 4415 3203 4459 usu
3261 4399 3419 4470 fuit,
3454 4408 3523 4460 ut

281 4496 453 4555 doct.
488 4494 735 4564 Rodota
772 4493 1012 4554 notavit
1042 4492 1108 4553 in
1143 4493 1586 4554 eruditissimo
1619 4510 1814 4572 opere
1847 4496 2015 4573 quod
2063 4494 2389 4573 inscripsit
2420 4516 2434 4554 :
2468 4492 2582 4553 Del
2610 4495 2734 4553 rita
2768 4494 2966 4554 Greco
3003 4495 3068 4554 in
3101 4493 3311 4554 Italia.
3347 4495 3518 4555 Fieri

283 4607 444 4667 ergo
477 4589 693 4666 potuit
725 4596 792 4649 ut
822 4588 1106 4649 honiilize
1133 4589 1260 4650 illm
1304 4590 1487 4650 etiam
1522 4609 1598 4651 ex
1633 4603 1806 4669 parte
1858 4592 2094 4654 saeculo
2129 4608 2212 4651 xu
2258 4589 2511 4665 scriptae
2554 4599 2614 4650 et
2661 4591 2846 4650 cditm
2883 4590 3162 4662 fuerint;
3200 4607 3314 4651 nec
3348 4607 3524 4668 pror-

283 4702 400 4749 sus
433 4695 683 4747 certum
725 4693 818 4746 est
860 4701 966 4746 eas
1012 4701 1273 4761 omnes,
1320 4695 1500 4747 aatate
1553 4687 1767 4747 Basilii
1822 4686 2226 4758 Macedonis,
2277 4695 2422 4746 ante
2467 4686 2652 4746 ﬁnem
2709 4685 2928 4746 saeculi
2976 4703 3040 4759 x,
3081 4693 3140 4746 et
3183 4695 3329 4746 ante
3373 4687 3524 4747 sub-

281 4791 488 4844 actam
527 4799 561 4843 a
596 4781 922 4842 Saracenis
958 4782 1278 4854 Siciliam,
1315 4784 1699 4861 compositas
1733 4784 1961 4846 fuisse.

372 4879 682 4941 Obscurm
721 4877 1062 4955 quaestioni
1098 4879 1338 4939 nullam
1369 4879 1575 4940 lucem
1606 4880 1815 4941 attulit
1849 4883 1972 4942 Leo
2003 4880 2276 4941 Allatius
2307 4880 2416 4958 qui
2441 4923 2456 4949 ,
2496 4887 2565 4940 ut
2599 4886 2786 4955 puto,
2817 4877 2895 4939 de
2925 4877 3239 4954 Gregorio
3300 4886 3516 4940 nostro

294 4974 624 5052 Georgium
655 4975 932 5039 faciens.
968 4975 1034 5034 in
1074 4991 1189 5035 sua
1218 4975 1692 5054 Disquisitione
1741 4979 1818 5038 de
1851 4975 2150 5054 Georgiis
2183 4975 2268 5037 ita
2318 4974 2614 5036 disserit:
2653 4997 2680 5030 α
2718 4973 2975 5051 Georgii
3013 4974 3297 5036 Ceramei
3351 4976 3521 5035 Iam-

296 5069 443 5128 bica
474 5071 534 5128 in
563 5071 790 5131 librum
825 5072 1166 5148 Symeonis
1197 5071 1371 5132 Sethi
1406 5072 1478 5132 de
1499 5072 1863 5150 Stephanile
1894 5083 1948 5134 ct
1974 5071 2285 5134 lchnilala
2316 5071 2658 5132 laudantur
2698 5069 2762 5129 in
2793 5069 3228 5148 manuscripto
3266 5071 3518 5132 Graeco;

282 5163 530 5231 Συμεὼν
554 5167 868 5237 Μαγίστρου
895 5167 1150 5236 διήγησις
1173 5167 1414 5238 μυστικὴ
1445 5169 1554 5222 τῶν
1584 5172 1727 5223 κατὰ
1757 5171 2098 5239 Στεφανὶτην
2129 5169 2225 5222 καὶ
2259 5167 2576 5236 ’Ῐκνηλάτην
2621 5165 3007 5234 μετενεχθεῖσα
3056 5167 3119 5218 ὲκ
3151 5167 3248 5235 τῆς
3275 5167 3524 5238 Ἀράϐων

277 5264 583 5323 διαλέκτου
616 5271 668 5320 ὲν
697 5269 878 5338 λόγοις
903 5268 976 5335 η’.
1007 5270 1286 5340 Γεωργίου
1326 5273 1630 5342 Καραμέου
1657 5272 1905 5344 ’ἰαμϐεῖα
1936 5271 2029 5325 ἐπὶ
2050 5275 2115 5340 τῇ
2144 5269 2524 5341 προρῤηθείσῃ
2559 5267 2745 5338 βίϐλῳ.
2784 5259 2845 5318 Id
2881 5266 2976 5319 est
3003 5281 3016 5319 :
3043 5259 3362 5336 Symeoais
3390 5263 3527 5321 Μα-

272 5359 482 5436 gistri
507 5359 791 5418 narratio
826 5376 1062 5418 arcana
1093 5358 1164 5418 de
1193 5357 1564 5437 Stephanile
1596 5372 1648 5422 et
1681 5360 1996 5422 Ichnilata
2032 5379 2110 5420 cx
2139 5359 2414 5420 Arabum
2445 5357 2660 5434 lingua
2696 5373 3033 5429 con-versa,
3067 5355 3246 5415 libris
3278 5365 3525 5418 octo.—

273 5465 547 5544 Georgii
577 5465 855 5526 Ceramei
885 5465 1183 5525 Carmina
1230 5465 1496 5528 iambico
1538 5467 1605 5526 in
1626 5469 1998 5545 praedictum
2044 5467 2294 5528 librum.
2321 5465 2462 5544 (Ap.
2493 5463 2744 5527 Fabric.
2774 5461 2942 5522 Bibl.
2978 5463 3193 5522 erca
3221 5464 3320 5524 ed.
3363 5466 3526 5524 Har-

274 5562 402 5622 ies.
438 5573 482 5622 t.
516 5564 674 5628 xu.
715 5563 931 5640 p.1t3.)

523 5666 795 5726 I‘ATROL.
824 5668 939 5724 Gn.
980 5666 1290 5730 CXXXII.

2632 5735 2635 5737 _
3143 5655 3167 5716 1

388 5865 689 6184 δὲ*
