4062 6214
382 314 454 387 13
1601 307 1910 374 NOTlTlA
1952 311 2049 373 EX
2091 314 2468 376 FABRICIO.
3577 317 3640 382 ιι

374 431 565 493 septis
596 428 818 492 Italiuil,
859 426 1094 480 ἐνώπιον
1121 425 1214 479 τοῦ
1241 425 1409 498 ῥηγὸς
1445 423 1747 495 Ῥογερίου·
1786 423 1858 478 ita
1889 424 1976 479 eni

2058 425 2362 496 legendum,
2394 442 2497 482 non
2527 429 2714 498 ρὁου,
2742 426 2898 481 docet
2920 425 3151 484 Allatius
3176 427 3251 484 De
3285 414 3641 495 Simeouibus,

384 540 445 593 p.
474 519 544 573 63
572 531 692 586 seq.
730 514 832 586 (ὁ).
871 513 1100 568 Exstant
1126 513 1288 570 editae
1319 512 1463 566 illius
1496 512 1734 566 homiliae
1770 512 1823 566 in
1859 511 2169 568 Dominicas
2197 523 2251 568 et
2282 511 2418 569 festa
2468 518 2594 568 anni
2642 528 2751 583 prae
2782 513 2967 568 multis
2998 514 3227 571 aliorum
3275 519 3642 575 recentiorum

391 607 702 661 Graecorum
742 599 1086 654 sermonibus
1122 600 1296 668 dignae
1323 597 1488 663 lectu,
1521 608 1683 666 atque
1711 598 1776 651 ad
1809 613 2016 653 morem
2052 599 2417 655 Ecclesiarum
2454 601 2597 655 illius
2636 599 2918 669 temporis,
2954 615 3112 668 quem
3156 602 3206 655 in
3242 602 3567 660 lectionibus
3589 619 3645 661 et

396 690 629 747 homiliis
659 686 837 742 sacris
868 696 1188 750 tenuerunt,
1222 695 1565 755 opportunus,
1590 696 1647 740 et
1674 685 1836 739 multa
1863 687 2317 758 evangelistarum
2347 688 2464 743 loca
2495 688 2636 742 haud
2669 687 2958 742 infeliciter
2983 687 3334 745 illustrantes.
3361 690 3479 746 Non
3505 694 3644 749 alius

390 791 469 837 est
495 777 888 848 Theophanes,
917 776 1009 845 qui
1040 776 1092 829 in
1124 775 1328 830 Catena
1356 774 1691 829 Corderiana
1722 774 1789 827 ad
1823 774 2024 829 Lucam
2053 775 2273 841 citatur,
2305 790 2466 844 quem
2494 775 2788 829 Corderius
2820 774 2962 829 male
2992 776 3273 832 confundit
3302 794 3423 833 cum
3460 778 3645 837 Theo-

382 868 565 935 phane
592 866 933 926 conl‘essore,
968 873 1193 917 auctore
1222 860 1505 927 Chronici,
1538 870 1755 917 notatus
1788 876 1853 916 co
1886 863 2101 916 nomine
2127 878 2156 915 a
2193 861 2522 917 Combelisio
2557 862 2614 915 in
2648 860 2793 915 Bibl.
2831 861 3251 917 concionatoria.
3285 862 3549 920 Similiter
3586 868 3643 921 in

379 952 637 1022 catalogo
696 949 828 1003 bibl.
883 947 1192 1002 Bodleinna:
1230 949 1283 1002 in
1330 965 1493 1002 unum
1550 949 1962 1004 confunduntur
2006 948 2365 1021 Theophanes
2391 950 2685 1005 Ceramcus
2719 958 2774 1004 et
2811 958 3004 1004 auctor
3028 949 3282 1005 Chronici
3309 961 3365 1007 et
3392 951 3643 1009 Nicaenus

378 1041 711 1109 cpiscopus,
770 1037 926 1106 cujus
978 1047 1062 1093 est
1114 1043 1349 1108 hymnus
1384 1040 1438 1092 in
1481 1039 1962 1094 Annnntiatiouem
1999 1038 2062 1096 Β.
2098 1040 2358 1111 Virginis.
2402 1039 2509 1095 Sed
2555 1041 2667 1110 jam
2712 1038 3063 1108 TheOphanis
3094 1038 3344 1096 Ceramei
3393 1042 3644 1100 homilias

377 1130 561 1184 editas
606 1141 1008 1182 recenseamus.

454 1243 511 1297 I.
551 1236 646 1305 Εἰς
676 1242 777 1310 τὴν
805 1240 986 1310 ἀρχὴν
1014 1241 1116 1309 τῆς
1149 1238 1407 1303 ίνδίκτου,
1449 1240 1568 1309 ῆτοι
1600 1239 1697 1292 τοῦ
1719 1240 1839 1294 νέου
1863 1240 2043 1305 ἔτους,

2037 1280 2043 1303 ,
2075 1238 2152 1294 De
2173 1240 2457 1294 indictione
2479 1255 2525 1291 s.
2551 1238 2681 1292 anni
2709 1241 2988 1311 principio,
3019 1240 3248 1296 Kalend.
3284 1242 3641 1310 Septembris.

382 1329 578 1397 Incipit
611 1346 624 1381 :
658 1327 967 1396 Εὐλογητὸς
997 1329 1025 1380 ὁ
1060 1326 1195 1389 Θεὸς
1233 1328 1263 1379 ὁ
1311 1324 1663 1389 καταξιώσας
1710 1328 1857 1397 ἡμᾶς
1898 1326 2223 1398 διαδραμεῖν
2244 1326 2368 1408 ⁸τὴν
2410 1324 2679 1395 κυκλικὴν
2720 1325 2814 1409 τοῦ
2858 1329 3054 1398 χρόνου
3088 1328 3371 1398 περίοδον.
3416 1328 3548 1399 Pag.
3587 1333 3644 1386 I.

383 1418 642 1473 Ediderat
671 1416 859 1470 Grrcce
892 1426 948 1469 et
976 1415 1097 1469 Lat.
1133 1413 1426 1485 Dionysius
1456 1414 1713 1471 Petavius
1741 1418 1808 1470 ad
1835 1417 2038 1472 calcem
2065 1414 2327 1468 Breviarii
2356 1411 2605 1467 historici
2636 1413 2923 1483 Nicephori
2946 1414 3248 1480 CPolitaui,
3276 1416 3451 1472 Paris.
3481 1417 3642 1482 1616,

378 1509 437 1574 8,
480 1522 537 1577 p.
568 1507 698 1570 258,
736 1506 827 1573 qui
860 1504 1184 1573 Gregorium
1223 1512 1501 1558 auctorem
1541 1513 1696 1560 vocat
1725 1516 1779 1559 et
1806 1505 1858 1558 in
1893 1505 2036 1559 notis
2075 1518 2131 1573 p.
2166 1501 2233 1555 I0
2263 1501 2402 1554 hanc
2427 1509 2482 1555 et
2519 1501 2654 1555 alias
2690 1501 2949 1569 plurimas
2985 1503 3104 1572 eius
3139 1503 3391 1559 homilias
3434 1521 3463 1558 a
3509 1505 3647 1560 Sir-

382 1598 587 1652 mondo
610 1612 667 1650 se
692 1605 921 1649 testatur
952 1596 1248 1663 accepisse.
1281 1594 1387 1659 Qui
1415 1595 1541 1662 quia
1575 1594 1778 1660 crebro,
1818 1596 2010 1665 inquit,
2058 1608 2240 1646 earum
2278 1592 2560 1645 editionem
2592 1610 2623 1645 a
2665 1591 2812 1645 nobis
2836 1593 3069 1663 ﬂagitat,
3103 1604 3157 1648 ut
3191 1596 3239 1648 ei
3285 1596 3481 1665 aliqua:
3493 1610 3645 1663 parte

376 1684 636 1751 satisﬁat,
663 1682 758 1736 Itas
793 1681 931 1737 velut
955 1683 1214 1749 specimen
1242 1682 1507 1751 quoddam
1537 1683 1912 1751 pmmisimus.
1955 1679 2253 1754 [Parisain
2286 1678 2413 1733 bibl.
2448 1678 2596 1747 publ.
2623 1680 2744 1734 cod.
2777 1680 2903 1746 562,
2940 1697 2994 1735 n.
3040 1681 3154 1754 12.]

450 1772 506 1825 2.
541 1772 680 1838 Περὶ
716 1770 821 1839 τῆς
850 1768 1172 1838 παραδολῆς
1204 1768 1315 1822 τῶν
1353 1768 1568 1839 μυρίων
1603 1769 1908 1823 ταλάντων.
1944 1769 2019 1822 De

2061 1766 2319 1838 parabola
2349 1767 2518 1820 decies
2561 1766 2706 1822 mille
2744 1768 3092 1837 talentorum,
3127 1770 3322 1826 Matth.
3351 1788 3505 1839 xvnt,
3547 1773 3639 1830 24.

377 1859 574 1928 Incipit
603 1879 617 1913 :
653 1857 718 1911 οι
750 1854 1102 1925 παιδοτρίϐαι
1131 1855 1226 1907 καὶ
1252 1855 1361 1909 τῶν
1383 1855 1520 1908 νέων
1548 1854 1883 1910 διδάσκαλοι.
1913 1855 2042 1925 Pag.
2077 1856 2134 1912 7.

448 1948 505 2002 5.
538 1948 797 2015 κυριακῇ
829 1943 939 2014 πρὸ
972 1944 1073 2013 τῆς
1107 1941 1404 2011 Ύψώσεως
1430 1942 1524 1996 τοῦ
1554 1943 1739 2013 τιμίου
1771 1946 1867 1998 καὶ
1903 1944 2052 2007 ζωοπ

2037 1945 2173 1999 ποιοῦ
2207 1944 2469 2016 σταυροῦ.
2498 1944 2776 1999 Dominica
2800 1943 2885 1997 die
2907 1953 3027 1998 ante
3055 1943 3246 2013 festum
3281 1939 3641 2002 EEcnltatiouis

378 2036 622 2105 pretiosa:
665 2044 714 2087 et
761 2032 975 2101 civiﬁae
1009 2031 1203 2083 crucis.
1251 2029 1444 2097 Incipit
1473 2048 1487 2083 :
1514 2032 1654 2101 Φέρε
1702 2031 1963 2102 σήμερον,

2033 2026 2059 2085 ἶ)
2094 2032 2513 2101 θεοφιλέστατον
2551 2030 2848 2100 ἄθροισμα.
2890 2029 3021 2101 Pag.
3053 2033 3143 2086 15.
3182 2032 3332 2087 Hanc
3359 2033 3637 2088 honiiliam

383 2123 630 2176 ediderat
656 2120 898 2176 Iacobus
930 2117 1221 2174 Gretserus
1266 2132 1390 2171 cum
1436 2115 1710 2173 Francisci
1745 2117 2000 2173 Turriani
2046 2121 2295 2175 versione
2327 2120 2381 2172 in
2411 2129 2556 2173 tomo
2592 2117 2637 2171 II
2686 2118 2761 2173 De
2793 2133 2967 2184 cruce,
2998 2134 3122 2190 pag.
3171 2120 3295 2175 I24.
3344 2120 3636 2190 lngolstad.

390 2207 564 2274 I600,
599 2210 648 2263 4.

458 2297 510 2351 ι.
538 2297 632 2360 Et;
660 2295 761 2366 τὴν
799 2295 1053 2365 ’Υψωσιν
1098 2294 1191 2347 τοῦ
1239 2295 1424 2366 τιμίου
1475 2295 1571 2348 καὶ
1621 2293 1891 2359 ζωοποιοῦ
1945 2311 2062 2350 σται

2035 2293 2204 2366 ιυροῦ.
2263 2293 2330 2348 In
2377 2294 2774 2349 Exaltatianem
2812 2294 3057 2362 pretioue
3095 2303 3145 2349 et
3190 2295 3407 2363 riviﬁcw
3444 2300 3639 2354 crucis.

378 2383 619 2455 incipit:
666 2384 812 2454 Ὀρῶ
848 2385 1100 2454 σήμερον
1134 2382 1230 2436 τοῦ
1274 2383 1514 2454 μεγάλου
1545 2382 1701 2437 τοῦδε
1734 2382 1887 2436 ναοῦ.
1922 2380 1982 2435 Pa

2037 2423 2051 2436 .
2088 2383 2175 2438 I6.
2214 2381 2364 2437 IIanc
2387 2396 2605 2451 quoque
2644 2380 2923 2437 homiliam
2951 2396 3073 2435 cum
3105 2379 3358 2437 Turriani
3394 2385 3640 2443 versione

381 2473 760 2542 publicaverat
786 2472 1101 2534 Gretserus,
1139 2480 1272 2526 tom.
1301 2470 1345 2525 II
1379 2471 1456 2525 De
1490 2487 1663 2534 cruce,
1689 2486 1810 2540 pag.
1843 2471 1966 2527 155.
2004 2470 2198 2525 Eadem
2235 2485 2357 2525 cum
2406 2468 2689 2538 superiore
2740 2466 2937 2538 legitur
2968 2467 3164 2524 Latine
3195 2470 3248 2524 in
3290 2470 3642 2528 Bibliothecis

383 2556 618 2614 Patrum
650 2560 1032 2614 recentioribus
1062 2557 1259 2622 Paris.,
1285 2559 1473 2614 Colon.
1509 2570 1563 2612 et
1594 2558 1766 2628 Lugd.

466 2668 521 2723 5.
560 2668 655 2721 Ἐκ
686 2666 777 2721 τοῦ
804 2670 935 2722 κατὰ
960 2671 1198 2735 Λουκᾶν,
1232 2672 1482 2743 κυριακῇ
1508 2671 1722 2743 πρώτῃ,
1754 2672 1833 2735 είς
1857 2670 1941 2737 τὸ,
1967 2687 1986 2722 ι
2020 2670 2070 2725 Ἕ

2034 2669 2226 2731 Εστὼς
2248 2669 2278 2721 ὁ
2312 2667 2522 2738 Ἰησοῦς
2545 2666 2721 2735 παρά,
2756 2684 2775 2718 s
2800 2674 2908 2721 etc.
2950 2665 3040 2719 Ea:
3077 2665 3234 2722 Lacte
3271 2682 3323 2733 ν,
3366 2668 3421 2722 2.
3454 2668 3638 2724 Domi-

381 2756 504 2809 m'ca
523 2756 698 2825 prima
720 2756 773 2809 in
789 2755 919 2809 illud
947 2773 966 2811 :
988 2775 1009 2808 ‹
1033 2756 1191 2811 Stans
1206 2758 1361 2812 Jesus
1390 2761 1672 2813 secundant
1690 2769 1931 2829 stagnum
1960 2754 1985 2813 ί

2031 2756 2326 2811 'nesareth.s
2363 2755 2553 2823 Incipit
2583 2772 2597 2806 :
2635 2751 2971 2824 Ἐπειδήπερ
2988 2752 3162 2825 ἀρχὴν
3182 2754 3421 2826 εἰλήφει,
3451 2755 3513 2811 Ρ.
3541 2760 3635 2813 27.

381 2846 441 2898 In
482 2846 645 2912 hujus
677 2845 910 2898 homiliae
945 2846 1169 2900 exordio
1201 2855 1388 2900 narrat
1421 2845 1804 2915 Theophanes,
1837 2854 2021 2911 patres
2056 2845 2214 2915 longo
2245 2860 2342 2898 usu
2376 2842 2704 2906 instituisse,
2742 2850 2802 2895 ut
2844 2842 2896 2894 in
2940 2842 3169 2897 ecclesia
3210 2840 3435 2897 Joannis
3469 2832 3638 2901 evan-

377 2932 581 3004 gelinm
629 2931 900 3002 legeretur
930 2948 958 2985 a
1003 2930 1143 2987 festo
1188 2930 1485 2988 Paschatos
1520 2947 1691 3004 usque
1729 2935 1794 2987 ad
1827 2932 2222 2996 Pentecosten;
2253 2929 2542 2985 Ilatthzeus
2565 2944 2592 2981 a
2628 2929 2951 2983 Pentecoste
2982 2927 3046 2982 ad
3073 2929 3202 2983 anni
3236 2944 3409 2997 usque
3440 2930 3637 3000 ﬁnem;

377 3019 640 3089 deinceps
671 3036 701 3072 a
737 3035 931 3089 magno
958 3018 1103 3074 Luca
1133 3021 1199 3074 de
1235 3020 1446 3091 magnis
1483 3021 1761 3091 mysteriis
1803 3021 2163 3075 educerentur
2193 3016 2513 3079 Christiani,
2558 3014 2746 3070 divino
2785 3028 3034 3083 praecone
3080 3014 3260 3070 Marco
3304 3015 3637 3085 ieiuniorum

374 3107 612 3176 tempori
646 3107 856 3163 relicto.
908 3107 1073 3162 non.
1108 3136 1178 3147 —-
1212 3107 1371 3163 Conl.
1403 3110 1524 3164 cod.
1559 3107 1755 3163 Bavar.
1792 3107 1895 3161 216
1928 3119 1983 3163 et
2024 3107 2092 3162 cl.
2140 3104 2311 3162 Hardt
2355 3106 2408 3160 in
2452 3104 2656 3160 Aretini
2689 3103 2898 3174 Beytr.,
2940 3113 3071 3172 etc.,
3125 3120 3176 3160 a.
3209 3105 3368 3174 I705,
3401 3115 3546 3179 part.
3579 3112 3635 3176 5,

374 3210 432 3265 p.
461 3195 569 3249 268
596 3209 713 3264 seq.
747 3195 920 3250 lianc.

446 3281 501 3337 6.
536 3284 671 3354 Περὶ
704 3282 799 3336 τοῦ
831 3282 952 3336 υίοῦ
985 3284 1084 3354 τῆς
1116 3285 1310 3356 χήρας.
1339 3284 1416 3339 De
1445 3286 1557 3353 filio
1587 3286 1781 3339 vidum.
1817 3284 1948 3340 Luc.
1978 3300 2050 3339 vn

1888 3299 1948 3340 ιο.
1978 3300 2082 3340 vn.
2114 3283 2307 3355 Incipit
2334 3299 2349 3337 :
2391 3282 2595 3354 Ἀλλην
2630 3282 2894 3337 ὑπόθεσιν
2921 3283 3278 3354 ὡρμημένος.
3306 3283 3370 3339 Ρ.
3401 3288 3492 3342 51.

454 3368 506 3425 7.
540 3373 678 3441 Περὶ
707 3372 807 3448 τῆς
839 3371 1163 3443 παραϐολῆς
1190 3372 1287 3427 τοῦ
1317 3373 1543 3443 σπόρου.
1588 3371 1668 3427 De
1698 3371 1955 3440 parabola
1991 3390 2058 3428 sei

2029 3373 2256 3428 ementis.
2308 3371 2437 3427 Luc.
2486 3387 2604 3426 νιιι.
2646 3371 2882 3441 Incipit:
2916 3370 2982 3426 Οἱ
3019 3371 3120 3435 τὰς
3171 3373 3390 3443 μακρὰς
3426 3376 3633 3448 ἀποδη-

377 3460 531 3532 μίας.
570 3460 703 3529 Pag.
731 3461 819 3516 59.

450 3547 504 3601 8.
535 3549 672 3620 Περὶ
696 3547 788 3601 τοῦ
814 3548 1076 3602 πλουσίου
1096 3549 1192 3604 καὶ
1222 3547 1498 3620 Λαζάρου.
1528 3550 1604 3605 De
1632 3550 1788 3605 divite
1814 3560 1862 3603 et
1892 3548 2054 3604 Laxat

2028 3566 2118 3604 ira.
2144 3549 2276 3604 Luc.
2305 3564 2416 3602 xvr.
2449 3546 2640 3616 Incipit
2668 3564 2682 3601 :
2722 3544 2890 3601 Πάλιν
2914 3547 2949 3616 ἡ
2981 3549 3074 3598 τοῦ
3100 3546 3236 3600 Θεοῦ
3264 3551 3632 3617 ὲνυπόστατος

382 3635 564 3705 σοφία.
610 3639 678 3692 Ρ.
723 3637 815 3691 46.

448 3724 500 3777 9.
538 3725 676 3794 Περὶ
707 3725 825 3789 τοῦ,
864 3744 884 3779 ι
926 3724 1167 3779 Ἐλθόντι
1197 3724 1276 3796 τῷ
1303 3725 1480 3793 Ἰησοῦ
1516 3728 1596 3788 εἰς
1623 3724 1723 3795 τὴν
1755 3725 1961 3797 χώραν.
2002 3743 2021 3778 ι

2057 3726 2111 3780 In
2144 3726 2279 3780 huc.
2310 3739 2426 3790 VIII,
2457 3722 2528 3778 26
2558 3737 2700 3794 seq.,
2736 3740 2755 3774 ι
2791 3721 2923 3777 Cum
2947 3724 3166 3777 venisset
3193 3722 3351 3779 Jesus
3376 3726 3432 3780 in
3461 3731 3632 3798 regio-

379 3826 499 3863 nem
537 3810 961 3867 Gadarenorum.
996 3833 1015 3864 ι
1045 3811 1233 3883 Incipit
1266 3829 1280 3865 :
1324 3813 1544 3882 Ἐπέχει
1586 3829 1692 3882 μου
1723 3812 1821 3884 τὴν
1852 3811 1983 3882 γλῶ‹

1457 3830 1544 3882 χει
1586 3829 1692 3882 μου
1723 3812 1821 3884 τὴν
1852 3811 2108 3882 γλῶσσαν
2137 3816 2170 3883 ἡ
2204 3813 2357 3875 νόσος
2384 3812 2479 3865 τοῦ
2513 3811 2785 3881 σώματος.
2815 3810 2943 3881 Pag.
2973 3812 3061 3867 55.

461 3899 546 3950 10.
582 3900 716 3969 Περὶ
746 3901 847 3970 τῆς
877 3900 1143 3970 Θυγατρὸς
1165 3898 1260 3953 τοῦ
1295 3898 1752 3970 ἀρχισυναγώγου
1778 3903 1868 3953 καὶ
1902 3901 2033 3971 περὶ
2061 3921 2065 3934 ε

2029 3937 2033 3950 ,
2061 3900 2164 3970 τῆς
2192 3897 2617 3971 αἱμορῤοούσης.
2650 3897 2727 3952 De
2756 3899 3161 3970 archisynagogi
3194 3899 3310 3968 filia
3333 3909 3383 3955 et
3407 3902 3633 3956 hat-utor-

378 3985 603 4040 rltoissa.
624 3988 755 4043 Luc.
788 4004 906 4055 vni,
940 3989 1027 4042 41.
1066 3990 1296 4057 Incipit:
1335 3989 1542 4059 Διπλῆν
1576 3990 1708 4059 ἡμῖν
1741 3990 1977 4061 σήμερον

624 3988 755 4043 Luc.
788 4004 906 4055 vni,
940 3989 1027 4042 4|.
1066 3990 1296 4057 Incipit:
1335 3989 1542 4059 Διπλῆν
1576 3990 1708 4059 ἡμῖν
1741 3990 1999 4061 σήμερον.
2041 3987 2102 4042 Ρ.
2132 3986 2220 4043 57.

454 4075 539 4128 11.
575 4076 717 4146 Περὶ
744 4075 838 4129 τοῦ
870 4077 1254 4147 ἐρωτήσαντος
1286 4079 1379 4129 τὸν
1408 4076 1615 4147 Κύριον
1639 4076 1867 4145 νομικοῠ
1908 4076 2000 4130 καὶ
2036 4076 2163 4146 περὶ
2204 4073 2299 4127 τοῦ
2328 4071 2664 4149 ἐμπεσόντος
2692 4071 2772 4133 είς
2799 4072 2926 4135 τοὺς
2950 4072 3172 4145 λῃστάς.
3215 4074 3294 4130 De
3338 4075 3632 4146 legisperito

374 4162 737 4232 interrogante
763 4163 1064 4228 Dominum,
1090 4174 1136 4217 et
1168 4164 1231 4217 de
1255 4179 1314 4216 eo
1341 4164 1431 4233 qui
1451 4165 1638 4218 incidit
1668 4166 1721 4217 in
1747 4164 1978 4218 latrones

2030 4162 2160 4217 Luc.
2189 4178 2244 4216 κ.
2283 4160 2512 4229 Incipit:
2537 4159 2611 4213 Οὐ
2636 4156 2902 4212 τοσοῦτον
2931 4160 3228 4232 αὐχμώδης
3253 4163 3347 4231 γῆ.
3375 4162 3505 4232 Pag.
3539 4164 3631 4219 63.

455 4256 542 4310 I2.
574 4256 714 4323 Περὶ
742 4256 841 4325 τῆς
877 4255 1109 4325 ἐχούσης
1134 4256 1351 4327 πνεῦμα
1388 4256 1701 4319 ἀσθενείας.
1736 4257 1811 4311 De
1842 4257 2056 4311 muliere

2025 4273 2056 4310 'e
2087 4271 2205 4325 qua:
2245 4255 2466 4311 habebat
2512 4254 2755 4321 spiritum
2801 4252 3151 4321 infirmitatis.
3201 4256 3333 4312 Luc.
3382 4272 3494 4323 xm,
3540 4258 3629 4314 II.

370 4342 571 4410 Incipit
602 4360 617 4396 :
644 4345 707 4396 Οἱ
737 4343 979 4413 κηφῆνες
1008 4338 1148 4406 εἶδός
1184 4346 1299 4397 ἐστι
1333 4343 1624 4413 μελισσῶν.
1654 4344 1782 4412 Pag.
1808 4344 1895 4400 69.

455 4431 543 4485 I3.
576 4430 715 4501 Περὶ
746 4432 848 4501 τῆς
875 4431 1195 4503 παραϐολῆς
1219 4430 1315 4484 τοῦ
1339 4432 1581 4485 δείπνου.
1602 4431 1676 4486 De
1692 4432 1948 4501 parabola
1973 4445 2059 4485 can

2024 4445 2149 4485 enw.
2178 4416 2317 4484 Luc.
2338 4444 2446 4485 xxv.
2468 4426 2661 4497 Incipit
2682 4446 2696 4483 :
2716 4428 2998 4482 Μυστικὸν
3031 4431 3168 4500 ἡμῖν
3195 4430 3434 4486 δεῖπνον.
3454 4432 3513 4486 Ρ.
3537 4434 3628 4487 76.

450 4517 539 4571 11.
569 4520 830 4590 κυριακῇ
862 4519 970 4587 πρὸ
992 4518 1093 4587 τῆς
1129 4518 1370 4588 Χριστοῦ
1404 4520 1732 4587 γεννήσεως.
1771 4517 2047 4573 Dominica

2028 4537 2047 4573 ι
2077 4531 2200 4573 ante
2236 4518 2429 4572 Christi
2458 4517 2787 4571 natiuitatem
2821 4517 2877 4570 in
2903 4516 3059 4583 illud,
3103 4518 3294 4574 Matth.
3317 4536 3354 4585 ι,
3383 4519 3405 4573 1
3438 4519 3632 4575 :Liber

369 4607 729 4674 generationis
761 4605 889 4659 Jesu
920 4603 1120 4660 Christi
1150 4605 1254 4673 ﬁlii
1289 4605 1476 4658 David.
1505 4605 1735 4673 Incipit:
1772 4604 1878 4657 Τοῦ
1907 4606 1972 4675 μὲ

1172 4605 1254 4657 itii
1289 4605 1476 4658 David.
1505 4605 1695 4673 Incipit
1720 4621 1735 4658 :
1772 4604 1878 4657 Τοῦ
1907 4606 2005 4675 μὲν
2029 4603 2291 4676 αἰσθητοῦ
2314 4604 2493 4675 ἡλίου.
2524 4602 2655 4673 Pag.
2687 4603 2776 4658 81.

448 4692 537 4748 15.
567 4693 706 4765 Περὶ
732 4691 828 4746 τοῦ
847 4691 1211 4763 ἀρχιτελὼνου
1238 4693 1532 4762 Ζακχαίου.
1567 4693 1640 4747 De
1657 4690 1933 4757 Zacclm'o,
1954 4695 2052 4761 prii

2024 4695 2186 4762 incipe
2208 4691 2627 4760 publicanorum.
2650 4690 2781 4744 Luc.
2809 4706 2921 4745 xu.
2949 4689 3144 4762 Incipit
3171 4707 3186 4746 :
3214 4693 3326 4762 Τῆς
3356 4696 3628 4764 μυστικῆς

374 4781 599 4850 ἐκείνης
637 4780 736 4835 καὶ
770 4779 923 4843 θείας
952 4781 1248 4850 κλίμακος.
1284 4778 1411 4849 Pug.
1447 4780 1534 4833 87.

460 4956 533 5027 ib)
563 4957 721 5031 Qonl'.
757 4958 956 5031 Oudin.
991 4957 1030 5012 I.
1067 4965 1241 5031 culpet
1294 4957 1548 5031 μυρίους.
1580 4957 1646 5025 V,
1685 4975 1806 5031 pag.
1856 4958 1957 5013 I22
2055 4967 2147 5028 gat
2180 4959 2385 5031 sarculo
2405 4958 2727 5031 duodecimo
2766 4958 2866 5012 sub
2895 4958 3186 5031 _Rogerio,i
3219 4975 3344 5031 rege
3404 4964 3625 5027 Siciliae.

387 5039 522 5098 seqq
567 5026 795 5092 Knllar.,
828 5030 915 5083 ubi
947 5044 977 5083 a
1010 5043 1065 5098 p.
1098 5028 1199 5081 tl?
1225 5030 1346 5081 cod.
1369 5026 1780 5098 2287recens'et,
1808 5045 1955 5083 com-
2054 5026 2145 5095 Qui
2176 5043 2229 5082 a.
2254 5027 2327 5098 ti.
2364 5027 2505 5082 1162
2533 5027 2666 5081 obiit
2694 5027 2854 5096 (teste
2892 5026 3122 5082 Baronio
3174 5030 3226 5084 in
3269 5026 3466 5087 Ᾱηηαι.
3496 5026 3627 5093 ecct.

379 5095 706 5168 plet-tentem
761 5099 977 5168 triginta
1010 5095 1129 5152 'sex
1183 5098 1433 5152 homilins
1485 5097 1836 5167 Theophanis
1904 5101 1956 5150 in
2058 5109 2190 5152 tom.
2223 5097 2338 5163 XII,
2373 5113 2423 5151 a.
2454 5098 2612 5161 “52,
2641 5095 2838 5168 13.14),
2870 5099 3144 5168 observat,
3173 5106 3389 5167 quando
3421 5105 3474 5157 in
3502 5111 3624 5161 cod.

376 5166 668 5239 evartgelia
705 5166 1056 5223 Dominicalia
1098 5177 1152 5222 et
1182 5168 1317 5223 festa
1356 5166 1747 5222 anniversaria.
1792 5168 1959 5223 Lam-
2058 5170 2322 5239 reperitur
2356 5168 2645 5239 inscriptio
2664 5166 3110 5239 Gram-barbara
3145 5166 3374 5239 humilia:
3400 5189 3546 5239 xxvr,
3574 5178 3626 5230 in

373 5237 502 5314 hec.
545 5246 830 5314 postquam
867 5240 1188 5314 _:\t_ltiotarat,
1241 5240 1467 5314 primum
1504 5239 1568 5314 _i_n
1629 5240 1954 5314 principium

2059 5234 2250 5290 feStnm
2278 5234 2583 5291 Paltnaru'm
2621 5238 2782 5314 diem,
2816 5234 3051 5314 ὲνῴπιον
3077 5238 3393 5314 το-ῦ-ῥηγὺς
3413 5234 3622 5314 Ῥόγου,

370 5308 501 5359 navi
538 5307 671 5379 anni
719 5308 963 5379 inscribi,
1012 5307 1317 5376 Γρηγορίου
1355 5310 1457 5379 τοῦ,
1504 5309 1809 5378 Κερῖμέως
1847 5326 1953 5379 μη-

2059 5322 2253 5379 nomen
2279 5325 2372 5376 per
2402 5307 2779 5379 compendium
2805 5307 3067 5376 scriptum
3107 5307 3322 5379 Ῥόγου,
3348 5313 3485 5366 idem
3505 5307 3625 5370 esse

368 5376 705 5452 τροπολίτου
728 5376 1119 5452 Ταυρομενίας
1148 5382 1249 5448 τῆς
1279 5378 1548 5452 Σξκξλίας,
1583 5376 1791 5452 ὂμιλία,
1820 5376 1951 5452 etcl,

2055 5389 2217 5452 atque
2239 5376 2504 5452 integrum
2543 5376 2842 5446 Ῥογερίου,
2871 5376 3276 5452 et_vocahulum
3304 5381 3408 5452 ρὴξ
3437 5381 3624 5438 Graeco

369 5457 430 5500 et
457 5447 665 5519 ‘Scorsi
727 5446 1033 5519 longiorem
1089 5450 1155 5502 de
1205 5446 1410 5519 duplici
1455 5446 1693 5502 auctoris
1739 5449 1956 5504 nomine
2055 5446 2289 5519 barbare
2333 5450 2473 5519 idem
2508 5462 2630 5502 esse
2671 5462 2734 5519 ac
2767 5462 2881 5502 rex.
2915 5447 3155 5519 Denique
3188 5446 3388 5506 mulius
3429 5463 3514 5507 est
3559 5456 3628 5508 de

370 5515 711 5589 reddiderat,
745 5516 1162 5589 addideratque,
1190 5515 1460 5589 in_G_raeco
1500 5520 1688 5573 codice
1717 5522 1952 5589 quodam
2057 5530 2180 5587 rege
2199 5517 2463 5589 Bogerio,
2492 5528 2548 5589 et
2584 5517 2893 5589 suspicatur
2946 5515 3244 5589 orationem
3290 5522 3433 5575 illam
3467 5523 3625 5577 habi-

370 5584 651 5650 tlwsareo,
684 5589 789 5658 qui
811 5588 961 5639 varia
990 5584 1204 5658 Georgii
1239 5587 1452 5658 Ca‘lybte
1508 5584 1764 5658 npusculn
1814 5589 1955 5642 idio-
2056 5584 2162 5658 tam
2193 5584 2450 5658 fuisset}.
2503 5585 2634 5641 Chr.
2684 5584 2848 5642 1140.
2891 5589 3029 5644 Add.
3063 5588 3263 5643 Kollar.
3303 5602 3413 5645 not.
3448 5596 3513 5655 Α,
3558 5596 3626 5647 ad

369 5658 584 5723 grapha
646 5657 915 5728 continet,
973 5655 1466 5728 cilal'i'Georgium
1510 5655 1846 5723 (Seramcum,
1879 5669 1953 5722 et,
2054 5655 2307 5728 Iftttnbec.
2356 5655 2623 5728 IV,upag.
2661 5659 2723 5712 41
2778 5673 2927 5728 seqq.
2973 5662 3038 5715 de
3090 5671 3247 5714 aetate
3294 5672 3348 5716 ct
3405 5664 3625 5717 nomine

371 5735 581 5781 mutata
620 5726 856 5796 pristina
888 5729 1179 5793 sententia,
1220 5725 1566 5796 Theophanis
1594 5739 1804 5784 tetatetn
1838 5729 1955 5783 alli-
2055 5726 2419 5794 'l‘lieOphanis.
2464 5725 2633 5781 "ABL.

623 5866 652 5882 ις
