4062 6214
340 390 406 451 Π
1551 392 1861 454 ΝΟΤΙΤΙΑ
1905 393 1944 452 Ε

2006 445 2008 452 .
2046 393 2423 454 FABRICIO.
3548 391 3610 454 18

347 503 510 572 ἁγίου
540 502 1045 575 μεγαλομάρτυρος
1073 506 1416 578 Δημητρίου.
1452 506 1610 562 Dicta
1639 516 1715 562 est
1743 509 1796 562 in
1816 507 1951 577 [esto

2001 508 2156 578 ungui
2194 510 2446 579 martyris
2475 508 2723 563 Demetrii
2765 510 2820 580 (8
2855 508 3126 577 Octobr.).
3168 508 3382 577 Incipit,
3415 509 3605 578 Διττῆς

352 594 675 662 προφάσεως
704 591 968 660 σήμερον.
1007 591 1135 662 Pag.
1163 593 1292 648 521.

423 679 503 734 67.
539 679 637 740 Ei;
662 678 764 749 τὴν
793 679 1103 750 ἀποστολὴν
1127 681 1239 734 τῶν
1267 680 1478 736 δώδεκα
1523 681 1806 753 μαθητῶν.
1855 680 1931 736 De
1967 697 2027 735 m1

2001 680 2216 735 tissione
2247 678 2524 734 duodecim
2555 679 2960 745 discipulorum,
3021 678 3212 733 Matth.
3252 695 3304 732 χ.
3352 681 3416 733 In
3470 680 3605 747 [esto

352 767 445 822 SS.
493 767 898 838 Anargyrorum
943 767 1150 823 Cosma.’
1185 777 1236 824 et
1280 769 1529 825 Damiani
1556 771 1647 837 (I7
1675 769 1946 838 Octobr.).

2004 767 2214 834 Incipit,
2249 766 2488 820 Εὑκαλεῐ
2537 767 2636 834 μὲν
2672 768 2843 837 ἡμᾶς,
2885 760 2930 819 ὦ
2957 767 3253 835 φιλέορτοι.
3310 765 3441 834 Pag.
3473 765 3601 820 524.

344 853 512 908 Εηι.
540 883 613 895 --
645 853 704 908 In
732 854 856 910 cod.
905 853 1216 925 Mosquensi
1248 857 1355 911 27A
1411 859 1501 930 (de
1526 874 1635 929 quo
1663 856 1878 928 postea)
1914 873 1944 910 ιι

2000 856 2088 921 16,
2130 855 2330 926 legitur
2363 873 2376 910 :
2408 853 2949 920 -—’Ava.rtvdsaxemt
2977 856 3040 924 τῇ
3076 853 3270 924 πρώτῃ
3301 853 3396 905 τοῦ
3424 853 3604 922 Νοεμ-

340 941 524 1012 6ρίου,
554 940 668 993 τῶν
693 941 869 1009 ἁγίων
901 942 1278 1014 Ἀναργύρων.
1316 945 1593 1014 Συγκαλεϊ
1617 945 1718 1016 μὲν
1746 945 1897 1017 ἡμᾶς
1926 962 1944 997 c

2004 959 2173 1016 μερον
2209 959 2224 974 ο
2263 952 2428 1012 atque
2477 942 2712 996 Matthxi
2756 943 2808 995 in
2847 940 3048 996 Notitia
3084 941 3240 995 codd.
3275 939 3370 994 Gr.
3404 938 3601 1007 Mosq.,

344 1045 397 1096 p.
434 1029 566 1091 175,
595 1029 648 1082 in
674 1039 788 1083 not.
813 1038 853 1096 t,
887 1041 1008 1099 post
1036 1030 1480 1098 ἀναγινώσκεται
1508 1034 1659 1088 malit
1690 1033 1948 1101 interponi

1995 1048 2062 1095 re,
2091 1032 2150 1085 δὲ
2180 1031 2298 1084 καί.
2337 1048 2357 1082 ι
2398 1028 2489 1084 Bis
2515 1029 2683 1092 enim,
2708 1029 2806 1091 ait,
2835 1028 2950 1082 haec
2988 1027 3239 1096 pericopa
3281 1027 3335 1081 in
3368 1027 3599 1082 ecclesia

340 1115 674 1182 explicatur,
701 1117 752 1170 in
788 1133 865 1172 xu
893 1120 1170 1186 apostolos
1191 1129 1243 1174 et
1276 1120 1330 1175 in
1360 1121 1464 1176 SS.
1494 1123 1825 1193 Anargyros.
1857 1119 1992 1177 Vide
2013 1119 2310 1175 secundam
2343 1117 2754 1186 Erangellorum
2785 1116 3077 1171 editionem
3103 1129 3278 1170 meam
3309 1115 3374 1169 ad
3407 1113 3602 1168 Matth.

339 1220 398 1266 x,
429 1203 483 1258 i2
518 1205 880 1272 TheOphancs
910 1206 1050 1261 hanc
1073 1207 1350 1262 homiliam
1380 1210 1517 1265 dixit
1538 1211 1716 1280 primo
1745 1208 2088 1270 Novembris,
2118 1208 2169 1260 in
2201 1221 2307 1277 qua
2339 1205 2567 1260 lectione
2591 1205 2914 1260 omittuntur
2950 1219 3144 1260 versus
3173 1204 3208 1258 2
3230 1241 3245 1266 ,
3282 1203 3316 1258 5
3349 1210 3407 1259 et
3430 1204 3463 1258 4
3483 1244 3498 1270 ,
3536 1212 3596 1282 ut

342 1290 459 1358 ipse
493 1290 546 1344 in
579 1291 681 1344 hac
713 1293 931 1346 homilia
963 1303 1147 1350 monet
1176 1309 1230 1365 p.
1257 1296 1365 1352 526
1400 1296 1451 1351 ὁ.
1493 1315 1514 1350 s
1553 1297 1828 1352 Hactenus
1859 1295 1961 1351 cel.
1997 1293 2258 1348 Matthaei.
2292 1293 2468 1347 ΗΑιιι..

412 1377 506 1432 48.
546 1379 643 1442 Εἰς
671 1379 771 1448 τὴν
803 1381 1114 1452 ἀποστολὴν
1141 1383 1252 1437 τῶν
1276 1385 1661 1456 ἑϐδομήκοντα
1694 1384 1980 1455 μαθητῶν.

2018 1383 2096 1436 De
2126 1383 2371 1436 missione
2402 1382 2734 1447 septuaginta
2775 1378 3180 1443 discipulorum,
3223 1375 3352 1430 Luc.
3391 1392 3447 1438 ι,
3505 1376 3595 1430 16.

352 1463 580 1536 Ἐλέχθη
611 1467 668 1518 ἑν
693 1470 758 1536 τῇ
790 1469 951 1537 ἑορτῇ
987 1469 1084 1523 τοῦ
1105 1472 1574 1542 ἀρχιστρατήγου.
1601 1473 1756 1528 Dicta
1777 1481 1856 1528 est
1877 1473 1930 1525 in
1955 1530 1956 1539 γ

1992 1481 2088 1525 isto
2109 1469 2362 1540 principis
2385 1467 2604 1522 calatis
2625 1467 2832 1522 militia:
2863 1464 2924 1521 S.
2955 1465 3232 1520 Michaelis
3265 1464 3356 1536 (29
3397 1464 3596 1533 Sept.).

339 1552 562 1619 Incipit,
605 1555 667 1607 Οί
711 1557 812 1624 μὲν
843 1557 1094 1628 αἰσθητοὶ
1115 1559 1402 1629 λειμῶνες.
1434 1561 1564 1628 Patr.
1593 1563 1718 1618 529.

414 1640 509 1694 49.
538 1642 630 1704 Ei;
653 1643 738 1705 τὸ,
780 1662 800 1694 ι
823 1644 1133 1715 Ἢθέλησεν.
1169 1666 1188 1699 ›
1223 1645 1292 1701 In
1323 1647 1420 1701 illa
1449 1649 1602 1702 verba
1631 1647 1786 1703 Joan.
1815 1663 1854 1710 ι,
1881 1649 1971 1703 45.
2007 1663 2018 1700 t

2007 1645 2224 1702 sVoluit
2249 1643 2284 1698 ,1
2290 1660 2406 1698 esus
2423 1644 2566 1697 exire
2595 1642 2650 1695 in
2681 1640 2980 1696 Galilaeam.
3003 1659 3022 1693 ι
3053 1639 3513 1710 Ἀναγινῶσκεται
3541 1641 3601 1692 ἑν

339 1727 405 1793 τῇ
448 1725 614 1798 ἑορτῇ
647 1727 746 1783 τοῦ
788 1730 948 1797 ἁγίου
986 1731 1277 1788 Φιλίππου.
1311 1732 1534 1803 Legitur
1567 1737 1622 1790 in
1650 1736 1784 1804 festo
1811 1734 1872 1790 S.
1907 1734 1943 1790 Ρ

1999 1734 2144 1804 ilippi
2172 1733 2221 1804 (1
2267 1730 2442 1801 Maii).
2480 1728 2696 1799 Incipit,
2736 1729 2810 1782 Οὐ
2840 1730 3002 1801 μόνον
3029 1728 3459 1800 περιπολοῦντες
3496 1745 3603 1782 σω-

342 1815 613 1883 ματικῶς.
659 1815 790 1887 Pag.
808 1817 936 1874 556.

412 1903 502 1959 50.
545 1904 643 1967 Εἰς
665 1903 748 1970 τὸ,
783 1923 801 1957 ι
853 1907 1159 1976 Ἐστήκειό
1192 1909 1467 1980 Ἰωάννης.
1511 1930 1530 1961 ο
1589 1909 1655 1964 In
1695 1911 1790 1966 illa
1847 1912 2000 1964 verba

1995 1926 2000 1963 ι
2037 1907 2197 1963 Joan.
2234 1922 2277 1971 ι,
2309 1909 2400 1970 55.
2427 1924 2449 1961 s
2494 1906 2962 1976 StaaatZJoannes,
2993 1916 3046 1962 et
3087 1924 3152 1962 ea:
3177 1907 3454 1976 discipulis
3484 1908 3599 1978 ejus

339 1994 465 2046 duo.
505 2011 524 2044 ι
562 1993 796 2065 Ἐλέχθη
829 1997 888 2048 ἑν
910 1999 976 2066 τῇ
997 1999 1157 2068 ἑορτῇ
1189 1998 1284 2052 τοῦ
1320 2001 1479 2067 ἁγίου
1510 2000 1810 2053 ἀποστόλου
1839 2000 1943 2052 Ἀνέ

1995 1995 2118 2049 νέου.
2155 1995 2306 2050 Dicta
2339 2006 2413 2049 est
2437 1997 2490 2049 in
2521 1995 2652 2064 {esto
2681 1995 2743 2051 S.
2774 1994 3004 2066 apostoli
3046 1995 3272 2049 Andrca:
3293 1993 3383 2064 (50
3413 1995 3599 2064 Non).

342 2080 556 2150 Incipit,
589 2081 746 2151 Ἐμοὶ
781 2083 885 2152 τῆς
913 2085 1200 2156 παρούσης
1232 2089 1428 2158 ἑορτῆς
1461 2090 1493 2158 ἡ
1523 2088 1783 2154 διάλεξις.
1813 2088 1944 2153 I’ap.
1976 2086 2104 2140 542.

419 2168 504 2223 51.
549 2169 643 2233 El;
670 2171 804 2233 τοὺς
839 2174 1248 2244 μακαρισμούς.
1281 2174 1348 2228 In
1376 2175 1749 2239 beatitudines,
1777 2173 1967 2228 Matth.
1994 2190 2023 2224 ν

1997 2190 2048 2228 ν.
2079 2172 2306 2242 Ἐλέχθη
2333 2173 2392 2226 ἑν
2422 2174 2489 2242 τῇ
2529 2173 2721 2244 μνήμῃ
2744 2171 2838 2226 τοῦ
2865 2173 3016 2226 ὁσίου
3056 2173 3270 2244 Πατρδς
3304 2174 3464 2244 ἡμῶν
3505 2171 3601 2226 Νι-

349 2255 571 2309 κολάου.
608 2257 764 2311 Dicta
796 2270 874 2312 est
908 2260 965 2312 in
997 2263 1246 2314 memoria
1280 2261 1340 2317 S.
1379 2261 1560 2316 Patris
1603 2263 1770 2317 nostri
1806 2261 1953 2315 Nicol

2001 2261 2019 2312 i
2051 2261 2140 2328 (16
2171 2259 2348 2329 Dec.).
2376 2258 2587 2329 Incipit,
2639 2260 2763 2313 Ὅτι
2792 2260 2869 2328 (ά)
2907 2260 3046 2330 πρὸς
3072 2261 3174 2329 τὴν
3218 2258 3415 2312 ἑαυτοῦ
3448 2258 3603 2312 θείαν

341 2343 518 2412 αύλὴν
543 2345 572 2397 ὁ
595 2345 898 2416 Δεσπότης.
927 2344 1055 2414 Pag.
1083 2345 1208 2401 546.
1235 2347 1290 2400 In
1344 2347 1450 2402 hac
1482 2348 1722 2414 homilia,
1742 2363 1865 2418 pag.
1893 2349 1945 2404 3t

2005 2385 2020 2412 ,
2055 2348 2302 2417 Gregorii
2336 2346 2567 2416 Nysseni
2604 2347 2836 2402 homiliie
2851 2357 2975 2403 octo
3003 2347 3057 2402 in
3082 2346 3447 2402 beatitudines
3483 2346 3603 2401 lau-

341 2431 547 2484 dantur
579 2431 668 2487 his
703 2432 882 2487 verbis
922 2453 934 2486 :
970 2433 1044 2486 Τὸ
1077 2433 1178 2502 μὲν
1217 2433 1382 2503 βάθος
1413 2435 1513 2505 τῆς
1542 2422 1694 2505 ἱερᾶς
1729 2435 1934 2505 ταύτης
1969 2434 2323 2498 διδασκαλίας
2369 2435 2531 2503 μόνος
2562 2435 2675 2486 τῶν
2720 2433 2940 2488 πάντων
2976 2436 3194 2502 ἐπέγνω
3233 2434 3496 2488 κάλλιστά
3544 2451 3603 2487 τε

348 2519 452 2569 καὶ
513 2518 824 2588 ὑψηλότατα
870 2522 898 2572 ό
945 2521 1084 2574 κατὰ
1133 2521 1226 2573 τδν
1277 2521 1452 2590 μέγαν
1489 2523 1694 2594 Μωσῆν
1731 2525 1812 2585 εἰς
1849 2523 1939 2575 τὸν
1971 2521 2170 2590 γνόφον
2209 2522 2308 2590 τῆς
2344 2519 2627 2587 θεολογίας
2657 2521 2837 2582 εἰσδὺς
2876 2524 2903 2574 ό
2951 2521 3244 2585 Νυσσαεὺς
3285 2521 3380 2572 καὶ
3427 2521 3605 2589 μέγας

357 2603 669 2673 Γρηγόριος
699 2607 758 2656 ἐν
787 2606 1018 2676 ὁμιλίαις
1046 2608 1194 2661 ὀκτὼ
1227 2610 1288 2662 τὸ
1315 2609 1524 2679 ταύτης
1555 2609 1754 2679 κάλλος
1787 2609 2226 2680 ἐξηγησάμενος,
2251 2608 2344 2662 καὶ
2375 2608 2596 2673 ἐξέσται
2630 2608 2707 2677 τῷ
2745 2609 3057 2677 βουλομένῳ
3097 2609 3165 2662 τὰ
3186 2609 3287 2678 τῆς
3323 2608 3602 2676 πανσόφου

350 2690 579 2758 ἐκείνης
597 2691 782 2760 βίϐλου
808 2695 1116 2764 ἀρύσασθαι
1148 2697 1368 2766 νάματα
1399 2698 1494 2751 καὶ
1525 2698 1698 2768 μέθην
1732 2696 1954 2766 μεθυσθὶ

1997 2715 2072 2760 ραι
2095 2695 2195 2760 τὴν
2223 2695 2502 2766 σώφρονα.
2533 2695 2967 2754 Profunditatem
2995 2696 3152 2765 hujus
3179 2696 3436 2750 doctrina:
3466 2712 3601 2750 unus

344 2793 411 2830 ea:
449 2778 693 2832 omnibus
733 2783 922 2848 optime
970 2783 1335 2854 altissimeque
1378 2786 1640 2854 cognorit,
1685 2787 1776 2856 qui
1821 2787 1991 2839 instar
2026 2785 2202 2853 magni
2242 2783 2386 2836 illius
2416 2782 2580 2837 Mosis
2620 2785 2676 2836 in
2703 2783 2976 2851 theologia:
3011 2783 3286 2852 caliginem
3314 2783 3604 2852 penetrarit

348 2861 628 2933 Nyssentts
657 2884 720 2921 ac
755 2885 978 2938 magnus
1007 2868 1289 2940 Gregorius
1321 2873 1554 2926 homitiis
1582 2883 1718 2936 octo,
1751 2871 2010 2942 quidquid
2043 2872 2096 2925 in
2130 2873 2226 2925 hoc
2259 2871 2404 2926 dicto
2433 2871 2553 2924 boni
2589 2871 2895 2938 pulchrique
2927 2871 3249 2936 continetur,
3275 2869 3604 2939 explanavit;

339 2963 390 3004 et
423 2952 599 3006 licebit
623 2955 914 3024 cuicunque
943 2956 1172 3024 libuerit,
1197 2974 1263 3012 ea:
1284 2959 1378 3012 illo
1403 2959 1535 3012 libro
1558 2958 1702 3012 omni
1727 2959 1992 3026 sapientia
2020 2957 2350 3013 redundante
2381 2957 2612 3028 ﬂumina
2640 2957 2879 3023 haurire,
2915 2965 2962 3011 et
2987 2973 3120 3011 sana
3147 2974 3209 3011 ac
3243 2957 3420 3012 sobria
3440 2957 3604 3011 ebrie-

341 3049 450 3092 tate
478 3056 534 3094 se
555 3042 901 3112 ingurgitare.

421 3124 511 3180 52.
570 3128 668 3192 Εἰς
721 3129 789 3183 τὰ
840 3130 976 3198 ἅγια.
1034 3131 1246 3202 Νήπια.
1307 3131 1371 3186 1η
1392 3140 1601 3188 sanctos
1641 3133 1957 3202 Innocentes
2002 3138 2025 3206 ('

2002 3134 2093 3206 (28
2145 3133 2324 3203 Dec.).
2382 3132 2617 3203 Incipit,
2669 3133 2798 3186 Ἐπὶ
2831 3134 2932 3205 τὴν
2987 3131 3144 3202 ίερὰν
3189 3131 3432 3202 Βεθλεὲμ
3478 3131 3603 3200 ἄγει

349 3213 616 3284 σήμερον.
650 3214 778 3286 Pag.
812 3216 944 3272 555.

419 3302 512 3355 55.
571 3301 668 3367 Εἰς
698 3304 788 3357 τὸν
819 3305 1244 3376 Εὐαγγελισμὸν
1265 3309 1367 3376 τῆς
1390 3306 1698 3376 ὑπεραγίας
1732 3307 2014 3362 Θεοτόκου.

2000 3346 2014 3361 .
2060 3306 2127 3360 In
2161 3306 2630 3360 Annuntiationem
2657 3308 3010 3362 sanctissima:
3049 3309 3147 3363 Dei
3195 3307 3479 3362 Gcnitricis
3510 3304 3603 3375 (25

350 3386 564 3455 Μαι-1.).
590 3388 803 3461 Incipit,
835 3393 1088 3464 Σήμερον
1119 3397 1149 3464 ἡ
1185 3395 1488 3464 Ἐκκλησία
1520 3395 1954 3466 δᾳδουχεῖταιμυ

899 3394 1088 3464 ἥμερον
1119 3397 1149 3464 η
1185 3395 1488 3464 Ἐκκλησία
1520 3394 2180 3466 δᾳδουχεῖταιμυστικῶς.
2214 3394 2343 3463 Pag.
2380 3393 2503 3448 559.

422 3475 511 3530 54.
551 3478 646 3542 EI;
669 3479 753 3542 τὸ,
784 3499 802 3531 r
824 3482 1010 3534 Πάντα
1047 3499 1137 3550 μοι
1169 3481 1506 3554 παρεδόθης)
1531 3481 1598 3536 In
1629 3483 1720 3536 illa
1740 3483 1889 3536 verba
1911 3481 2026 3536 Matt

2000 3485 2099 3537 ιιιι.
2135 3496 2210 3543 xt,
2239 3480 2333 3548 27,
2370 3499 2389 3534 ι
2414 3480 2605 3535 Omnia
2632 3480 2759 3535 mihi
2781 3482 2983 3535 tradita
3017 3491 3136 3536 sunt
3161 3499 3192 3535 a
3218 3479 3382 3536 Patre
3414 3496 3551 3534 meo.
3579 3497 3600 3531 ι

349 3560 577 3636 Ἐλέχθη
600 3566 656 3618 δὲ
686 3567 744 3618 ἑν
766 3571 832 3638 τῇ
853 3569 1160 3640 πανηγύρει
1188 3569 1283 3622 τοῦ
1305 3570 1464 3638 ἁγίου
1479 3569 1822 3641 Ὀνουιρρίου.
1848 3570 1953 3624 Dici

2001 3610 2002 3615 η
2028 3578 2105 3626 est
2131 3571 2183 3624 in
2203 3570 2453 3641 panegyri
2481 3566 2540 3623 S.
2565 3567 2825 3638 Onuphrii
2856 3569 2904 3640 (1
2927 3566 3104 3629 Jun.).
3137 3567 3349 3640 Incipit,
3373 3567 3605 3623 Ἔπεστί

355 3667 449 3720 μοι
481 3651 784 3722 θαυμάσαι.
816 3656 948 3723 Pag.
973 3657 1101 3712 565.

425 3738 514 3794 55.
557 3740 652 3805 Είς
671 3743 756 3808 τὸ,
798 3760 818 3795 s
859 3743 1067 3796 Ἐλθὼν
1093 3744 1121 3798 ό
1155 3745 1420 3814 ’1ησοῦς,‹
1464 3743 1528 3797 In
1553 3743 1648 3798 illa
1677 3743 1829 3798 verba
1853 3742 2020 3798 Matth

1993 3743 2044 3799 h.
2075 3732 2186 3808 xvii,
2220 3744 2309 3810 15,
2347 3762 2365 3797 ι
2384 3742 2539 3799 Venit
2564 3743 2723 3801 Iesus
2753 3747 2806 3800 in
2834 3756 3005 3815 partes
3025 3747 3283 3802 Cursorem
3310 3745 3597 3814 Philippm

352 3825 589 3896 Ἐλὲχθη
609 3830 667 3882 ἑν
693 3833 760 3900 τῇ
792 3831 956 3903 ἑορτῇ
989 3831 1097 3884 τῶν
1127 3833 1302 3900 ἁγίων
1327 3832 1644 3886 ἀποστόλων
1679 3832 1887 3902 Πέτρου
1923 3849 1956 3884 κ

2001 3833 2019 3883 ὶ
2067 3821 2304 3886 Παύλου.
2348 3831 2498 3887 Dicta
2525 3842 2600 3888 est
2631 3833 2685 3887 in
2727 3833 2860 3900 festo
2912 3833 3012 3889 SS.
3062 3835 3420 3899 apostolorum
3456 3832 3605 3886 Petri

360 3923 410 3964 et
447 3909 598 3967 Pauli
622 3916 707 3985 (29
742 3916 917 3988 Jun.).
951 3920 1482 3991 Ιιιοίρίῑ,Συνήδομαί
1505 3937 1610 3985 σοι,
1645 3919 1822 3985 πόλις,
1847 3920 1964 3973 uult

1997 3937 2065 3984 οι,
2091 3919 2201 3971 θεῖε
2224 3919 2332 3972 τῶν
2354 3921 2673 3991 ἀνακτόρων
2690 3921 2807 3977 ναέ.
2828 3920 2954 3992 Pag.
2976 3921 3100 3976 570.
3130 3922 3434 3989 Antequam
3459 3919 3601 3974 edita

355 4009 524 4065 esset,
547 4001 735 4058 citavit
761 4003 1064 4062 Turriaaus
1091 4019 1280 4063 contra
1306 4008 1924 4079 Magdeburgensespro
1959 4006 2259 4062 cauonibus
2284 4016 2455 4076 apost.
2489 4021 2549 4070 ιι,
2585 4006 2638 4060 6.

425 4087 512 4143 56.
553 4090 652 4153 Εἰς
688 4091 768 4155 τὸ,
801 4111 819 4144 ι
856 4093 1044 4148 Ταῦτα
1066 4095 1385 4168 ἐντέλλομαι
1414 4097 1566 4167 ὑμῖν.
1610 4113 1629 4148 ι
1661 4095 1725 4150 1η
1757 4095 1850 4150 illa
1875 4097 2029 4150 verba

2001 4112 2053 4160 a,
2086 4093 2242 4150 Joan.
2272 4109 2362 4160 xv,
2395 4093 2482 4157 12,
2521 4111 2540 4145 ι
2579 4093 2704 4148 Ηωο
2727 4095 2920 4148 mando
2943 4095 3108 4150 vobis.
3137 4113 3156 4148 ι
3192 4092 3423 4166 Ἐλὲχθη
3451 4094 3509 4146 ἑν
3537 4093 3605 4162 τῇ

355 4182 520 4251 ἑορτῇ
557 4182 658 4236 τοῦ
687 4185 842 4254 ἁγίου
870 4187 1202 4261 Προκοπίου.
1237 4191 1390 4246 Dicta
1417 4199 1494 4246 est
1525 4190 1579 4244 in
1610 4189 1742 4260 festo
1768 4188 1826 4246 S.
1858 4189 1959 4245 Pro

1999 4187 2106 4258 apii
2135 4186 2192 4260 (8
2221 4186 2383 4258 Jul.).
2415 4187 2636 4258 Incipit,
2678 4189 2790 4242 Καὶ
2815 4189 3116 4261 κιθαρῳδὸς
3145 4188 3284 4260 ἀνὴρ
3308 4186 3603 4250 πολλάκις.

357 4269 420 4322 Ρ.
453 4270 574 4326 578.

433 4358 523 4412 57.
583 4362 677 4425 Εἰς
721 4364 802 4432 τὸ,
843 4383 864 4417 s
904 4365 1046 4436 Ἐγώ
1082 4369 1198 4438 είμι
1228 4369 1262 4439 ή
1300 4367 1460 4440 θύρα.
1510 4387 1529 4421 s
1571 4366 1640 4422 In
1671 4367 1763 4423 illa
1792 4366 1966 4433 verba,
1996 4366 2037 4421 .I:

2002 4366 2161 4421 Ioan.
2189 4381 2245 4429 Χ,
2269 4365 2324 4429 9,
2366 4382 2384 4416 t
2415 4363 2523 4436 Ego
2547 4383 2664 4421 sum
2687 4366 2907 4420 Ostium.
2943 4383 2962 4418 ι
3002 4364 3228 4434 Ἐλὲχθη
3261 4365 3317 4416 ὲν
3351 4363 3417 4433 τῇ
3447 4362 3606 4431 ἑορτῇ

356 4445 458 4498 τοῦ
485 4448 642 4516 ἁγίου
677 4453 1052 4525 Παγκρατίου.
1091 4457 1242 4511 Dicta
1276 4468 1351 4512 est
1379 4459 1434 4511 in
1463 4457 1597 4525 festo
1627 4455 1686 4512 S.
1721 4455 1960 4510 Pancrat:

2026 4453 2502 4516 Tauromenitani,
2541 4463 2599 4508 ut
2621 4455 2794 4519 aiunt,
2829 4453 3096 4522 episcopi,
3121 4460 3175 4506 et
3205 4451 3350 4505 Petri
3377 4448 3603 4520 apostoli

357 4532 616 4606 discipuli
651 4540 736 4608 (11
779 4540 934 4600 JuL).
967 4543 1184 4614 Incipit,
1219 4545 1294 4598 Οὐ
1327 4545 1580 4608 κατόπιν,
1620 4544 1695 4607 ὡς
1723 4546 1750 4597 ό
1771 4545 1926 4612 λόγος
1957 4562 1961 4574 ε

2001 4557 2186 4612 κομεν.
2217 4537 2348 4609 Pag.
2388 4539 2518 4596 585.
2558 4541 2725 4596 Fam.
2761 4569 2831 4582 —
2867 4539 3252 4610 Fragmentum
3290 4536 3521 4590 homiliae
3555 4535 3605 4587 in

359 4622 504 4677 festo
527 4626 612 4679 die
640 4623 698 4682 S.
733 4629 1008 4685 Pancratii
1047 4632 1187 4702 typis
1216 4633 1447 4699 exprimi
1479 4632 1607 4687 fecit
1633 4631 1889 4686 Octavius
1915 4631 2234 4698 Cajetanus,
2265 4629 2333 4681 ab
2381 4629 2690 4700 Augustino
2731 4629 2964 4695 Florito,
2993 4627 3052 4682 S.
3085 4625 3162 4692 1.,
3201 4623 3505 4681 traductum
3552 4622 3606 4676 in

369 4709 506 4765 Vitis
536 4713 637 4768 SS.
668 4714 990 4782 Siculorum,
1024 4730 1155 4775 tom.
1189 4719 1228 4783 I,
1256 4735 1309 4789 p.
1333 4719 1418 4786 10,
1445 4729 1582 4775 teste
1608 4718 1930 4787 MoagitOre.
1967 4719 2145 4775 Ηιιιι..

434 4798 531 4854 58.
592 4803 686 4867 Είς
710 4804 793 4868 τὸ,
833 4825 852 4858 ι
893 4806 1028 4860 Ἰδοὺ
1061 4806 1196 4876 ἐγώ.
1230 4825 1249 4860 ι
1288 4807 1352 4860 In
1382 4808 1475 4862 illa
1498 4813 1677 4869 verba,
1703 4807 1892 4861 Matth.
1929 4822 1983 4873 ι,
2010 4809 2034 4861 1

2010 4809 2098 4876 16,
2157 4829 2177 4862 ι
2222 4809 2355 4864 Ecce
2381 4824 2475 4878 ego
2505 4807 2651 4860 mitto
2679 4823 2791 4868 vos,
2825 4807 2960 4859 sicut
2986 4820 3102 4857 oves
3147 4802 3199 4855 in
3245 4799 3414 4852 medio
3457 4797 3607 4862 lupo-

369 4904 501 4945 rum.
545 4911 565 4943 ι
604 4891 832 4966 Ἐλέχθη
865 4897 924 4949 ἑν
946 4897 1110 4968 ἑορτῇ
1143 4896 1238 4950 τοῦ
1272 4897 1432 4965 ἁγίου
1473 4898 1754 4968 μάρτυρος
1783 4896 1973 4952 Παντεῖ

2003 4897 2252 4968 εὴμονος.
2302 4898 2458 4950 Dicta
2499 4906 2576 4950 est
2624 4896 2678 4948 in
2732 4895 2865 4962 festo
2910 4893 3081 4947 sancti
3132 4885 3311 4956 magni
3357 4884 3607 4954 martyris

376 4974 786 5036 Panteleemonis
823 4982 916 5053 (27
944 4981 1102 5054 .Iul.).
1146 4983 1358 5054 Incipit,
1387 4984 1450 5038 0i
1480 4985 1618 5055 πρὸς
1647 4983 1746 5053 τὴν
1771 4983 1980 5054 πάνδημ

1777 4983 2054 5054 πάνδημον
2082 4985 2289 5057 ταύτην
2314 4983 2695 5056 ἁθροισθέντες
2729 4982 3058 5052 πανήγυριν.
3103 4977 3230 5046 Pag.
3257 4974 3381 5028 592.

447 5063 531 5119 50.
571 5066 669 5131 Είς
695 5068 798 5139 τὴν
826 5072 1100 5140 σωτήριον
1128 5071 1561 5142 μεταμόρφωσιν
1588 5071 1684 5124 τοῦ
1711 5072 1916 5142 Κυρίου
1944 5073 2051 5143 ήμιί

2005 5073 2107 5126 ιῶν
2141 5074 2318 5142 Ἰησοῦ
2350 5071 2611 5144 Χριστοῦ.
2646 5069 2713 5124 In
2749 5069 3038 5123 salutarem
3093 5062 3609 5134 transﬁgurationent

359 5149 578 5208 Domini
607 5159 778 5211 nostri
802 5157 931 5213 Jesu
965 5157 1164 5215 Christi
1196 5157 1250 5228 (6
1279 5159 1558 5228 August).
1584 5159 1800 5227 Incipit,
1825 5155 1951 5212 Οἶόν

1471 5159 1558 5228 ι.).
1584 5159 1800 5227 Incipit,
1825 5155 1951 5212 Οἶόν
1975 5177 2028 5214 τι
2062 5161 2293 5231 πάσχειν
2319 5160 2504 5214 εἰώθει
2530 5159 2760 5228 ποιμήν.
2792 5156 2923 5225 Pag.
2953 5155 3075 5209 598.

437 5241 527 5296 60.
572 5241 667 5306 EI;
699 5244 781 5313 τὸ,
828 5263 848 5298 ι
882 5245 1170 5317 Εἰσῆλθεν.
1212 5265 1231 5299 ι
1270 5245 1338 5300 In
1368 5246 1461 5300 illa
1491 5245 1670 5312 verba,
1693 5245 1824 5300 an.
1850 5263 1905 5312 Χ,
1933 5248 2024 5302 58.

2009 5286 2024 5300 .
2065 5267 2084 5301 ι
2123 5249 2350 5303 Intravit
2381 5247 2537 5300 Iesus
2565 5248 2620 5300 in
2648 5243 2911 5312 quoddam
2944 5242 3240 5296 castellum.
3277 5235 3520 5313 fEléyﬂn
3555 5236 3610 5288 ἑν

360 5332 430 5397 τῇ
461 5331 627 5400 ἑορτῇ
665 5333 764 5400 τῆς
798 5335 1112 5404 κοιμήσεως
1140 5334 1240 5404 τῆς
1267 5333 1572 5406 ὑπεραγίας
1598 5333 1889 5388 Θεοτόκου.
1921 5335 1964 5388 D

2008 5346 2074 5389 tta
2114 5345 2189 5390 est
2223 5336 2275 5388 in
2306 5335 2438 5404 festo
2473 5331 2816 5386 Dormitionis
2847 5329 3190 5384 sanctissima:
3222 5323 3452 5394 Virginis
3487 5319 3612 5374 Dei-

363 5435 512 5487 paraz
547 5420 640 5490 (15
677 5422 967 5491 August.).
1006 5422 1220 5493 Incipit,
1271 5423 1362 5488 Ὠς
1399 5424 1519 5477 λίαν
1559 5440 1648 5494 μοι
1678 5423 1963 5494 λαμπροτὲ

780 5423 967 5491 gust.).
1006 5422 1220 5493 Incipit,
1271 5423 1362 5488 Ὠς
1399 5424 1519 5477 λίαν
1559 5440 1648 5494 μοι
1678 5423 2062 5494 λαμπροτέρα.
2100 5421 2228 5491 I’ag.
2259 5421 2384 5475 102.

437 5508 527 5563 61.
562 5509 659 5574 El;
687 5509 789 5584 τὴν
819 5511 1104 5582 ἀποτομὴν
1129 5511 1226 5567 τοῦ
1250 5493 1592 5584 Προδρόμου.
1629 5511 1694 5567 1η
1731 5493 2041 5566 decollatim

2011 5527 2140 5564 mem
2181 5508 2492 5563 venerabilis
2545 5504 2931 5567 Prwcursoris,
2973 5498 3198 5557 Joannis
3237 5495 3492 5565 Baptista!
3525 5493 3615 5562 (εξ)

367 5593 652 5666 lngua-)-
689 5600 908 5670 Ιιιοίρίιν
932 5599 1128 5664 Καλῶς
1156 5600 1470 5671 ἐφήρμοσεν
1498 5601 1531 5672 ἡ
1559 5601 1714 5668 τάξις
1745 5602 1845 5670 τὴν
1877 5597 1974 5655 τοῦ
1993 5598 2311 5672 Προδρόμου
2342 5594 2633 5651 τελείωσιν
2671 5596 2752 5658 είς
2787 5593 2959 5663 αὐτὴν
3003 5587 3191 5658 σχεδὸν
3232 5585 3328 5640 τοῦ
3367 5585 3617 5640 ἐνιαυτοῦ

367 5681 469 5752 τὴν
501 5687 830 5756 περαίωσιν.
865 5687 995 5759 Pag.
1023 5689 1149 5744 H8.

441 5807 520 5876 (τί)
553 5810 687 5863 Ὀτιτ
715 5811 767 5866 in
805 5811 929 5868 cod.
963 5813 1134 5884 Mosq.
1169 5813 1288 5882 cit.,
1322 5830 1374 5868 n.
1405 5813 1494 5868 20.
1532 5811 1702 5870 lianc.
