4062 6214
400 383 475 447 9.1
1582 383 1959 447 RECENSIO
1997 381 2160 441 COD.
2204 381 2517 441 MATRIT.
3596 380 3665 443 ‘22

414 497 674 565 pltanem,
712 492 840 546 dum
874 492 1036 547 vitam
1074 492 1428 548 monasticam
1459 507 1666 565 ageret,
1695 510 1849 549 usum
1883 493 2075 558 fuisse,
2115 508 2176 546 ex
2207 490 2610 561 subscriptione
2656 492 2892 547 homiliae
2932 493 3145 550 inedita:
3179 494 3245 548 77
3294 494 3536 564 subjecta
3587 495 3664 565 (p.

425 583 513 642 (53.
541 598 594 634 n.
624 580 754 649 20$)
792 582 951 635 docet
982 579 1192 635 Iriarte.
1228 580 1319 635 Illa
1361 581 1503 635 enim
1537 580 1757 635 ltomilia
1791 582 2029 651 inscript:

2092 589 2206 637 est:
2256 581 2565 647 Φιλαγάθου
2613 580 2835 650 πόνημα
2878 582 2974 636 τοῦ
3015 584 3339 651 φιλοσόφου,
3383 585 3524 639 etin
3561 583 3696 642 line.

422 670 646 737 legitur:
693 665 752 720 Ὀ
774 666 1084 737 Φιλὰγαθος
1109 668 1332 740 εὐτελὴς
1364 669 1696 739 μονότροπος
1724 669 1800 733 ὡς
1823 668 2026 734 ἀνάξιος

2079 667 2254 722 ταῦτα
2297 667 2451 720 λαλεῖ
2479 668 2573 739 κᾳὶ
2611 667 2837 737 γράφει.
2871 669 3086 725 Avulsis
3125 681 3306 725 autem
3343 671 3664 738 quibusdam

418 757 583 818 loliis,
624 765 750 811 tota:
779 754 1042 811 deﬁciunt
1068 757 1301 811 homiliae
1331 772 1448 822 sex,
1485 771 1621 825 quas
1653 757 1953 811 secundum
2000 756 2234 812 indicem
2267 756 2545 824 praefixum
2577 756 2835 823 consequi
2867 757 3172 827 oportebat.
3205 772 3326 828 qua:
3357 772 3484 811 vero
3510 756 3669 811 editae
3714 795 3723 798 η

412 853 568 898 sunt.
605 844 715 898 Sed
747 844 912 897 nimis
945 845 1256 898 aberraretn
1291 860 1321 898 a
1354 853 1502 900 recta
1528 846 1634 912 via,
1667 844 1711 899 si
1740 844 1922 899 omnia
1952 858 2074 913 qua:
2104 844 2171 898 ab
2198 841 2396 897 Iriarto
2426 843 2685 898 adnotata
2718 853 2773 899 et
2802 856 3106 899 memoratu
3139 845 3298 915 digna
3326 844 3667 906 viderentur,

408 946 793 1000 excerperetu.
826 931 1005 986 Pauca
1034 943 1214 986 tamen
1251 933 1428 987 adhuc
1450 932 1710 987 adnotare
1736 932 1907 1002 juvat.
1944 932 2075 1003 Pag.
2111 931 2181 988 65
2210 950 2294 1002 sq.
2349 933 2625 988 recensuit
2671 934 2793 989 cod.
2848 932 3315 997 Eseorialcnsetu;
3358 947 3413 999 p.
3446 930 3516 984 67
3543 931 3673 986 sub-

411 1019 549 1078 iecit
582 1018 938 1085 Theophanis
972 1019 1316 1074 homiliarum
1348 1019 1679 1090 catalogum,
1713 1036 1813 1089 per
1843 1021 2122 1091 alpltabeti
2154 1021 2400 1075 ordinem
2433 1020 2728 1090 digestum,
2766 1019 2966 1089 ubique
2995 1019 3176 1075 addita
3210 1030 3337 1074 nota
3374 1034 3477 1088 qua
3509 1020 3672 1073 deno-

413 1116 567 1158 tatur
591 1121 712 1175 quae
738 1105 963 1159 bomilia
991 1105 1076 1160 vel
1104 1106 1155 1160 in
1196 1108 1378 1161 Scorsi
1410 1107 1666 1173 editione,
1702 1107 1786 1162 vel
1815 1109 1871 1162 in
1899 1109 2062 1164 codd.
2093 1107 2400 1164 Matritensi
2443 1117 2608 1178 atque
2637 1108 3003 1163 Escurialensi
3035 1118 3237 1174 exstat,
3270 1108 3353 1161 vel
3379 1107 3445 1160 ab
3474 1104 3672 1158 Allatio

414 1192 672 1248 vi~a'est.
702 1192 890 1263 Culpat
938 1195 1104 1249 etiam
1150 1212 1273 1267 pag.
1301 1197 1370 1252 69
1407 1196 1716 1252 Fabricium
1753 1211 1997 1251 nostrum
2030 1206 2087 1252 et
2115 1195 2492 1259 Montlaucon,
2540 1197 2630 1265 qui
2699 1196 2752 1251 itt
2786 1194 2971 1249 Diario
3025 1195 3215 1249 Italico
3266 1193 3372 1246 duo
3424 1193 3671 1259 ejusdem

416 1278 778 1347 Theophanis
811 1282 1159 1337 homiliarum
1204 1299 1335 1338 mss.
1371 1284 1529 1339 codd.
1566 1282 1809 1353 Neapoli,
1841 1283 2067 1339 totidem
2100 1285 2346 1340 Venetiis
2372 1300 2400 1336 a
2432 1299 2491 1339 se
2522 1286 2799 1350 inspectos
2828 1282 3123 1346 enarravit,
3159 1281 3303 1350 quod
3355 1278 3675 1347 plerumque

418 1366 757 1437 singularum
787 1369 995 1435 titulos,
1031 1374 1227 1426 nedum
1261 1373 1431 1441 prima
1466 1373 1628 1427 verba
1665 1374 1982 1428 describere
2013 1372 2372 1443 neglexerint.
2410 1373 2481 1425 At
2518 1371 2801 1426 brevitatis
2831 1370 3012 1425 studio
3039 1369 3074 1423 ii
3121 1369 3172 1423 id
3200 1367 3398 1423 fecisse
3429 1364 3674 1431 adeoque

416 1455 724 1509 excusandi
750 1470 873 1511 esse
909 1458 1180 1514 videntur.
1208 1458 1313 1514 Per
1342 1462 1481 1515 hanc
1507 1462 1854 1517 occasionem
1884 1460 2124 1528 adjicere
2168 1460 2329 1514 liceat
2372 1460 2505 1514 mihi
2534 1458 2800 1528 epistola,
2850 1460 2903 1512 in
2947 1472 3053 1528 qua
3081 1456 3370 1511 Villoison.
3399 1452 3671 1522 quondam

417 1542 601 1608 plura,
630 1557 750 1612 quae
781 1544 849 1598 ad
888 1544 1248 1601 litteraturam
1276 1547 1519 1603 Graecam
1560 1551 1852 1619 pertinent,
1886 1564 1986 1618 pro
2015 1564 2104 1611 ea,
2136 1564 2239 1617 qua
2272 1549 2479 1613 ﬂoruit,
2507 1549 2768 1616 singulari
2802 1547 3145 1602 humanitate
3171 1559 3278 1599 non
3303 1543 3488 1597 minus
3509 1551 3673 1609 quam

431 1630 568 1683 mira
593 1632 896 1686 eruditione
927 1632 1341 1703 litterarumque
1372 1638 1547 1705 copia,
1582 1651 1668 1690 me
1698 1639 1872 1692 amice
1916 1638 2120 1698 docuit.
2149 1638 2495 1707 particulam.
2526 1641 2580 1693 in
2614 1655 2717 1709 qua
2749 1654 2810 1693 ea
2842 1653 2961 1704 qua:
2995 1637 3047 1692 in
3082 1634 3509 1692 lntroductione,
3538 1640 3674 1688 etc..

426 1716 491 1782 II,
522 1730 664 1785 part.
698 1735 738 1783 t,
770 1736 825 1790 p.
854 1720 961 1776 450
991 1738 1072 1789 sq.
1104 1724 1450 1792 scripserant,
1499 1727 1567 1779 ita
1598 1727 1750 1780 docte
1784 1728 1993 1795 sopplet
2026 1730 2417 1793 eutendatque:
2459 1747 2477 1779 ι
2522 1730 2671 1783 Vnus
2701 1732 2946 1795 pourricz
2978 1728 3186 1794 ajonter
3219 1739 3281 1779 ce
3312 1735 3537 1792 passage
3570 1719 3676 1771 im-

412 1815 642 1878 portant
690 1808 756 1861 de
805 1809 852 1863 Ia
895 1808 1108 1864 Lettera
1141 1813 1357 1865 inlorno
1406 1815 1455 1865 α’
1484 1814 1632 1881 pregi
1678 1813 1804 1868 dell’
1833 1819 2012 1868 antica
2044 1817 2168 1869 citra
2190 1817 2246 1868 di
2276 1815 2582 1881 Taormt'na,
2618 1818 2804 1870 scrilta
2832 1819 2901 1868 ad
2933 1832 3004 1868 tm
3028 1829 3124 1868 suo
3156 1812 3325 1866 amico
3355 1808 3446 1862 dal
3471 1808 3574 1876 sig.
3611 1804 3678 1857 υ.

418 1891 647 1963 Ignasio
680 1894 942 1962 Carlella,
972 1896 1327 1959 Taorminese.
1361 1915 1482 1971 pag.
1521 1901 1643 1964 I55,
1674 1910 1807 1956 tom.
1844 1900 1963 1965 XV,
1992 1905 2087 1959 des
2122 1902 2372 1972 Opuscoli
2404 1905 2459 1958 xli
2487 1905 2669 1959 aulori
2696 1904 2965 1967 Siciliaui,
3019 1904 3070 1957 itt
3103 1902 3373 1965 Palermo,
3424 1895 3586 1958 I775,
3622 1892 3679 1946 4.

417 1981 619 2051 lguaee
648 1983 886 2039 Cartella
918 2002 953 2057 y
980 1987 1129 2055 parle
1157 1988 1254 2044 des
1293 1989 1496 2057 prélats
1524 1994 1590 2045 de
1620 1989 1973 2057 Tauromeni,
2009 1994 2099 2061 qui
2147 2004 2244 2048 ont
2269 2009 2334 2049 ett
2368 1994 2417 2049 Ie
2450 1994 2575 2049 litre
2610 1993 3026 2064 d’arcltevéqttc,
3071 1999 3129 2047 et
3155 1997 3312 2044 entre
3356 1995 3561 2046 atttres,
3588 1983 3682 2037 des

417 2070 557 2123 deus
606 2070 932 2135 Cerametts,
966 2071 1225 2143 Gregoire
1282 2086 1335 2129 et
1379 2074 1725 2145 Theophane,
1781 2077 1914 2132 dout
1956 2095 2094 2135 nons
2137 2096 2325 2145 avons,
2375 2081 2543 2147 dit-il,
2591 2082 2667 2137 les
2708 2081 2952 2137 celebres
3002 2078 3285 2141 bomélies.
3320 2073 3561 2145 βυωίέθθ
3613 2085 3682 2125 ⁸⁸³

421 2173 549 2226 ετεο
589 2170 643 2214 et
688 2177 759 2215 en
801 2161 933 2215 latin
980 2177 1077 2231 par
1111 2162 1319 2231 Scorsi,
1353 2165 1442 2235 qui
1473 2164 1547 2219 les
1573 2165 1810 2220 attribue
1852 2173 2031 2220 toutes
2057 2167 2089 2221 it
2117 2167 2466 2238 ThéOpltane,
2519 2168 2699 2224 tandis
2747 2170 2912 2236 qu’ou
2944 2166 3059 2223 voit
3100 2165 3466 2222 evidemment
3500 2174 3567 2213 en
3601 2159 3683 2213 les

426 2246 607 2313 lisaut,
642 2263 752 2317 que
788 2249 1052 2319 quelques
1080 2267 1215 2308 unes
1245 2253 1455 2308 d’entre
1479 2254 1613 2309 elles
1643 2263 1768 2309 sont
1794 2254 1861 2310 de
1894 2254 2178 2323 Grégoire,
2207 2265 2259 2310 et
2290 2257 2531 2312 d’antrcs
2555 2257 2624 2312 de
2647 2256 3001 2326 Theophane,
3031 2268 3241 2311 comme
3268 2254 3322 2307 le
3357 2249 3598 2307 sontient
3630 2244 3681 2299 le

422 2333 639 2390 celebre
669 2335 732 2391 P.
774 2336 1035 2393 Francois
1064 2336 1361 2405 Combells,
1410 2339 1753 2396 Bibliotheca:
1782 2342 2197 2397 concionatoria:
2230 2343 2453 2397 Patrum
2481 2354 2612 2400 tom.
2651 2344 2693 2408 l,
2721 2360 2815 2399 sur
2841 2344 2892 2399 Ie
2920 2353 3032 2398 mot
3076 2342 3144 2398 de
3170 2340 3484 2408 Theophane
3512 2334 3683 2390 Cera-

421 2438 596 2485 metts,
630 2440 755 2493 pag.
788 2425 877 2494 46,
925 2435 979 2482 et
1028 2443 1123 2483 sur
1150 2428 1287 2485 celui
1318 2430 1385 2485 de
1442 2430 1689 2499 Grégoire
1726 2429 2029 2486 Cerameus.
2062 2449 2079 2482 ι
2106 2430 2167 2486 Ρ.
2207 2431 2294 2485 Η.
2334 2431 2482 2487 Vous
2517 2432 2771 2502 indiqnez
2810 2431 2862 2486 Ie
2898 2429 3189 2496 Catalogtte
3225 2428 3321 2482 des
3367 2438 3498 2479 mss.
3529 2435 3684 2491 grecs

432 2509 501 2561 de
528 2509 763 2576 Madrid,
794 2515 857 2568 de
881 2513 1016 2569 Jean
1048 2516 1259 2580 Iriarte,
1287 2519 1378 2587 qui
1408 2532 1462 2585 p.
1498 2517 1589 2583 84,
1628 2518 1732 2573 col.
1762 2519 1818 2582 2,
1852 2534 1914 2574 se
1959 2519 2166 2586 gloril‘ta
2200 2535 2266 2574 en
2297 2535 2391 2574 ces
2418 2529 2620 2575 termes
2655 2521 2720 2574 de
2749 2520 2798 2573 la
2835 2518 3158 2574 déconverte
3184 2515 3315 2586 qu‘il
3347 2512 3490 2569 croit
3530 2510 3684 2564 avoir

445 2591 581 2647 I‘aite
611 2597 681 2648 du
709 2599 820 2651 vrai
847 2617 964 2655 nom
996 2603 1066 2657 de
1095 2602 1326 2659 I’auteur
1370 2606 1437 2659 de
1483 2620 1575 2660 ces
1607 2605 1892 2667 ltoutélies,
1944 2606 2115 2659 Meum
2160 2608 2371 2676 quidem
2424 2608 2716 2672 inventum,
2748 2616 2804 2659 ut
2836 2607 3057 2674 ingenue
3089 2604 3287 2673 fatear,
3318 2600 3543 2666 miriﬁce
3567 2611 3685 2650 sum

437 2681 766 2763 grata/alus.
796 2684 1075 2752 Srriptoris
1108 2690 1339 2745 invenire
1367 2708 1575 2758 nomen,
1607 2692 1723 2761 plus
1748 2694 1913 2747 visum
1937 2701 2036 2757 est,
2067 2709 2227 2762 quam
2256 2695 2473 2761 scripta.
2511 2692 2823 2763 Pltilugatlti
2851 2707 3014 2762 porro
3045 2690 3254 2743 nomine
3287 2686 3681 2755 Theophanem,

427 2761 561 2818 dum
592 2769 749 2823 vitam
772 2777 1114 2830 monasticam
1141 2790 1338 2851 ageret,
1363 2796 1513 2834 usum
1536 2780 1701 2851 fuisse
1731 2781 1883 2850 plane
1909 2761 2136 2836 constat.
2161 2780 2200 2834 Il
2233 2797 2291 2836 se
2327 2789 2559 2849 trompe.
2606 2761 2716 2835 Les
2763 2761 3000 2851 évéqttes
3046 2793 3228 2849 grecs.
3268 2776 3359 2846 qui
3410 2781 3535 2831 sont
3564 2781 3689 2827 tou-

428 2851 590 2919 jours
622 2857 750 2912 tirés
780 2861 847 2914 du
873 2864 994 2917 sein
1031 2865 1126 2921 des
1157 2878 1438 2935 couvents,
1470 2870 1533 2924 de
1566 2870 1740 2924 ntéme
1769 2884 1873 2937 que
1919 2868 1999 2925 les
2032 2868 2245 2938 Iaiqttes
2277 2868 2371 2938 qui
2409 2868 2758 2925 etubrassent
2803 2867 2855 2922 la
2886 2868 2972 2921 vie
3017 2865 3384 2934 monastiqne,
3415 2863 3689 2931 chaugent

430 2941 577 2997 alors
606 2944 673 2998 de
701 2962 868 3016 nom;
900 2952 1035 3007 mais
1068 2953 1135 3009 ils
1165 2966 1260 3010 ont
1291 2956 1534 3023 toujours
1579 2957 1699 3012 soin
1742 2957 1862 3012 d‘en
1895 2958 2129 3028 prendre
2175 2974 2246 3013 un
2280 2958 2414 3012 dont
2459 2957 2509 3011 la
2541 2955 2810 3027 premiére
2858 2956 3017 3011 lettrc
3053 2954 3260 3009 initiale
3290 2961 3375 3009 est
3408 2951 3459 3005 la
3493 2950 3686 3005 metue.

430 3028 580 3086 C‘cst
614 3051 719 3090 une
755 3038 903 3110 regie
931 3057 1057 3098 sans
1087 3049 1392 3116 exception.
1423 3047 1599 3103 Mallei
1625 3049 1767 3103 avait
1791 3047 1888 3102 fait
1917 3057 2061 3105 cette
2086 3046 2436 3105 observation
2460 3044 2770 3114 judicieuse
2800 3044 2935 3099 dans
2964 3042 3014 3097 la
3044 3051 3272 3099 savante
3294 3040 3508 3095 Lettera
3535 3037 3589 3091 al
3626 3034 3690 3090 Ρ.

435 3121 607 3176 Abate
632 3124 898 3184 Barchine
926 3150 1083 3193 sopra
1111 3135 1130 3187 ἱ
1159 3135 1461 3202 {rammenti
1488 3135 1641 3192 Greci
1662 3138 1775 3192 dati
1800 3139 1855 3192 in
1882 3138 1998 3192 luce
2029 3136 2115 3192 uel
2158 3146 2304 3190 tomo
2334 3132 2453 3189 XVI
2479 3132 2562 3188 del
2592 3132 2851 3189 Giornale
2891 3134 2955 3186 de
2998 3129 3254 3186 Letterati
3283 3127 3527 3193 d’Italia,
3557 3141 3584 3180 e
3610 3140 3694 3178 re-

431 3215 688 3282 stampati
717 3218 769 3270 in
802 3217 1015 3274 Olantla
1048 3222 1130 3275 col
1158 3240 1307 3279 nome
1332 3226 1386 3277 di
1415 3224 1473 3280 S.
1512 3225 1719 3290 Iretteo,
1747 3242 1800 3296 p.
1832 3226 1931 3281 501
1968 3227 2033 3281 de
2064 3239 2151 3280 ses
2178 3223 2326 3277 Rime
2352 3239 2379 3277 e
2405 3237 2576 3290 prose,
2607 3231 2758 3290 parte
2790 3219 3016 3275 raccolle
3052 3219 3123 3273 da
3148 3219 3264 3272 vari
3302 3216 3446 3279 libri,
3491 3232 3519 3269 e
3544 3223 3695 3282 parte

429 3314 536 3354 non
578 3303 671 3368 pit‘t
697 3314 978 3375 statnpale,
1026 3310 1078 3364 in
1116 3309 1373 3379 Venezia,
1409 3314 1568 3378 1719,
1616 3316 1668 3369 in
1728 3314 1784 3369 4.
1841 3313 2206 3371 .I’observerai
2258 3320 2421 3378 done,
2450 3312 2655 3382 malgré
2684 3309 2969 3367 I’autorité
3011 3306 3282 3372 d‘Iriarte,
3314 3322 3445 3377 que,
3477 3303 3694 3374 d'aprés

431 3397 513 3441 cet
549 3404 712 3460 usage
743 3405 1017 3461 constant,
1054 3400 1098 3453 si
1130 3398 1462 3471 Theophane
1497 3403 1792 3458 Cerameus
1832 3402 2016 3458 s'etait
2046 3402 2256 3472 appellé
2283 3400 2600 3471 Philagatlte
2629 3400 2765 3455 dans
2795 3413 2893 3455 son
2942 3406 3199 3462 convent,
3250 3395 3286 3450 il
3321 3393 3557 3449 n’aurait
3595 3405 3698 3463 pas

434 3490 503 3543 tm
534 3477 895 3549 s'cmpecber,
926 3500 992 3538 eu
1026 3495 1272 3541 tnontant
1300 3504 1394 3543 sur
1421 3489 1469 3542 le
1497 3490 1642 3559 siege
1673 3491 1738 3545 de
1758 3490 2111 3557 Tauromeni,
2134 3492 2200 3545 de
2231 3490 2467 3559 prendre
2491 3505 2563 3543 un
2594 3505 2719 3543 nom
2751 3489 2883 3542 dout
2918 3487 2966 3541 la
3004 3484 3274 3556 pretniére
3296 3483 3458 3538 lettrc
3489 3480 3697 3536 initiale

434 3563 528 3617 ent
558 3570 899 3637 commence,
926 3571 997 3628 de
1019 3573 1196 3629 meme
1227 3591 1332 3646 que
1359 3576 1409 3632 Ie
1436 3579 1576 3639 sicn,
1609 3592 1707 3647 par
1733 3595 1802 3633 un
1848 3577 1912 3642 l’,
1951 3579 2020 3632 tel
2054 3593 2159 3649 que
2194 3576 2404 3639 Pierre,
2434 3575 2704 3646 Philippe,
2750 3573 3006 3640 Pacdme,
3051 3583 3159 3629 etc.
3206 3571 3363 3627 C‘est
3407 3568 3547 3623 ainsi
3592 3584 3699 3636 que

437 3649 649 3708 Hanttel
681 3654 965 3728 Margunio
996 3661 1105 3729 prit
1132 3661 1180 3716 Ie
1216 3678 1341 3717 nom
1370 3664 1435 3718 de
1471 3663 1706 3718 Maxime
1739 3680 1872 3720 avcc
1898 3664 2142 3721 l‘éveché
2174 3666 2237 3720 de
2273 3664 2493 3733 Cérigo.
2536 3682 2555 3716 ι
2599 3663 2875 3718 Hactenus
2905 3661 3187 3717 Villoison.
3234 3659 3367 3727 Quis
3398 3657 3566 3727 igitur
3596 3653 3701 3708 fuit

440 3741 529 3796 ille
557 3740 912 3816 Philagathus
931 3748 958 3802 ?
986 3752 1260 3806 Auctorne
1288 3752 1506 3822 ignotus
1533 3753 1890 3822 quarumdam
1927 3754 2298 3819 homiliarum,
2328 3770 2357 3809 a
2392 3753 2728 3823 Theophane
2757 3753 3027 3816 diversus,
3062 3750 3218 3821 cujus
3244 3764 3440 3806 nomen
3472 3763 3500 3800 a
3528 3745 3698 3800 libra-

452 3829 535 3882 rio
563 3832 769 3888 codicis
806 3835 924 3904 ipso
973 3853 1255 3907 perperam
1287 3839 1451 3894 fuerit
1483 3835 1810 3910 praeﬁxum?
1842 3858 1909 3894 an
1959 3841 2317 3910 Theophanes
2362 3840 2438 3895 ita
2471 3855 2691 3909 quoque
2724 3848 2951 3910 propter
2997 3839 3224 3894 virtutes
3274 3835 3550 3892 interdum
3597 3833 3700 3887 fuit

453 3921 898 3986 «ignominatus?
933 3925 1046 3980 Cur
1075 3942 1203 3983 vero
1233 3929 1549 3983 nominatur
1574 3929 1956 3999 philosophus?
1979 3927 2090 3984 Nisi
2119 3930 2172 3982 in
2205 3930 2310 3985 line
2340 3929 2574 3984 humilia:
2598 3929 2664 3980 77
2700 3930 3005 3999 appositum
3032 3928 3261 3982 luisset:
3299 3925 3359 3980 Ὁ
3388 3921 3700 3990 Φιλάγαθος

444 4032 514 4043 -
543 4007 719 4061 ταῦτα
749 4008 905 4062 λαλεῖ
932 4014 1027 4065 καὶ
1052 4015 1276 4083 γράφει,
1305 4013 1463 4071 facile
1488 4026 1705 4086 poterat
1740 4017 1938 4086 aliquis
1967 4016 2019 4070 itt

2095 4017 2424 4085 uspicionem
2458 4014 2724 4079 incidere,
2772 4015 2824 4069 id
2878 4013 3050 4070 fuisse
3081 4014 3275 4069 scribae
3325 4026 3543 4066 nomen.
3592 4006 3699 4063 Sed

442 4095 726 4152 mittamus
758 4100 1176 4158 bariolationes.
1213 4103 1270 4158 Iu
1307 4105 1430 4160 cod.
1457 4104 1759 4161 Matritensi
1786 4106 1857 4161 55
1888 4113 2016 4159 sunt
2053 4103 2314 4158 tredecim
2352 4100 2587 4155 homilite
2630 4097 2982 4171 Theophanis
3013 4099 3287 4165 Ceramei,
3318 4110 3553 4168 quarum
3600 4109 3695 4150 or-

440 4182 627 4237 dinem
663 4193 719 4240 et
748 4187 1131 4258 inscriptiones
1160 4191 1365 4245 indicat
1396 4206 1461 4247 ac
1491 4202 1701 4261 partem
1728 4207 1849 4248 esse
1881 4190 2089 4248 codicis
2131 4189 2194 4246 16
2239 4200 2428 4247 censet
2458 4186 2673 4253 Iriarte,
2706 4186 2743 4242 l.
2779 4202 2833 4244 ο.
2868 4205 2919 4257 p.
2953 4188 3057 4243 I55
3085 4202 3171 4257 sq.
3203 4185 3376 4241 "AM.

1040 4596 1627 4687 RECENSIO
1737 4593 2211 4685 CODICIS
2300 4595 3109 4693 MATRITENSIS

1284 4811 1446 4872 CUM
1489 4811 1725 4872 NOTIS
1770 4808 2109 4874 CRITICIS
2143 4808 2480 4869 JOANNIS
2529 4808 2881 4873 IRIAIlTE.

1688 4971 1828 5035 (Cod.
1864 4975 2018 5025 Grazc.
2056 4972 2262 5034 Matrit.,
2291 4987 2337 5035 p.
2366 4974 2469 5035 53.)

2034 5140 2105 5149 —

527 5273 697 5328 Codex
756 5292 813 5330 n.
857 5274 976 5330 XVI
1030 5283 1268 5338 notatus,
1320 5273 1724 5340 membraneus,
1777 5271 2049 5341 in-lolio,_
2136 5280 2397 5340 praeterea
2419 5270 2620 5326 extima
2651 5270 2790 5325 facie
2817 5278 2873 5325 et
2905 5271 3052 5325 lumo
3072 5279 3128 5326 et
3154 5286 3269 5327 aevo
3299 5270 3525 5324 multum
3551 5269 3706 5324 deni-

446 5364 654 5421 habcns
689 5367 820 5421 I'olia
842 5368 970 5432 220,
1007 5368 1265 5434 bipartito
1297 5378 1545 5432 exarata,
1577 5368 1874 5436 titulosqtte
1900 5381 2027 5419 om-
2135 5373 2310 5431 grata,
2333 5361 2668 5416 fumosarutn
2701 5362 2995 5432 imaginum
3028 5363 3134 5417 ritu
3181 5377 3426 5432 magnam
3459 5360 3708 5430 injiciens

446 5472 564 5521 nes,
601 5459 831 5528 perinde
860 5474 924 5514 ac
970 5459 1208 5516 initiates
1250 5460 1462 5516 litteras
1494 5460 1662 5516 minio
1704 5459 2026 5524 distinctas;
2135 5455 2541 5510 venerationem
2578 5452 2701 5521 sui;
2733 5467 2834 5511 nec
2877 5454 3012 5511 lucis
3052 5456 3232 5510 minus
3277 5456 3345 5509 ab
3393 5453 3707 5521 splendidis-

446 5565 611 5603 manu
631 5551 853 5621 quidem
878 5562 1112 5616 vetusta,
1142 5552 1341 5622 quippe
1368 5552 1552 5609 saeculi
1578 5565 1703 5616 χιιι.
1733 5552 1829 5606 sed
1855 5566 2027 5607 mem~
2136 5546 2296 5610 sima,
2346 5546 2497 5615 cujus
2552 5545 2681 5601 olim
2725 5544 2849 5612 fuit,
2882 5547 3174 5603 Velascana
3228 5545 3556 5601 bibliotheca
3590 5561 3710 5599 mu-

446 5641 620 5696 ltrana
656 5644 974 5708 vetnstiori,
1026 5644 1203 5698 erasis
1256 5643 1462 5699 scilicet
1514 5643 1843 5712 antiquioris
1887 5644 2029 5697 scri-
2138 5649 2338 5693 tuatus.

445 5739 625 5792 pturte
673 5720 905 5800 litteris,
940 5750 1175 5806 quarum
1223 5742 1443 5791 exstant
1486 5733 1775 5789 manifesta
1828 5733 2033 5802 ubique
2208 5731 2567 5791 Contiucrttur
2625 5747 2691 5788 eo
2751 5730 3057 5802 Pliilagatlri
3115 5730 3413 5798 philosophi
3452 5727 3710 5783 Humilia:

445 5820 704 5891 vestigia,
731 5826 884 5883 novis
916 5826 1316 5893 superinductis
1357 5826 1697 5884 conscriptus
1728 5842 1740 5879 :
1775 5823 2026 5881 foliorum
2138 5821 2421 5880 LXXVIII.
2457 5824 2653 5885 quibus
2697 5826 2958 5881 accedunt
3003 5822 3117 5877 alite
3150 5822 3287 5881 duae.
3322 5820 3575 5875 nimirum
3604 5833 3708 5871 una
