4062 6214
347 329 420 394 23
1523 317 1902 382 RECENSIO
1941 317 2104 380 con.
2146 296 2484 382 MATRIT:
3527 319 3599 382 οι

347 451 520 504 sancti
541 449 683 505 Saba
709 446 999 511 Mesimeri,
1025 443 1142 513 ejus
1165 441 1434 513 discipuli,
1451 442 1548 506 Εἰς
1569 442 1669 513 τὴν
1697 436 1920 512 βαῖοφόο

353 557 480 608 pov;
519 540 687 594 altera
720 538 778 592 S.
810 535 1034 591 Joannis
1055 535 1426 605 Cbrysostomi
1462 533 1678 587 nomine
1704 541 1917 596 ornata,

351 633 426 684 Πε
436 631 490 702 pi.
504 633 612 683 τῶν
638 629 777 696 μετὰ
805 628 1250 698 παρατηρήσεως
1269 625 1604 696 προσιόντων
1619 625 1730 686 τοῖς
1754 621 1923 683 Θείοις

350 721 694 791 μυστηρίοις.
728 717 809 781 είς
834 717 960 779 τοὺς
991 715 1411 786 ἀποληφθέντας
1445 716 1525 778 είς
1555 713 1623 767 τὰ
1646 713 1919 782 ὲγκαίνια.

420 809 530 863 Has
557 818 739 862 autem
780 807 1091 878 Philagatlti
1119 807 1375 861 llomilias
1403 805 1723 861 Franciscus
1755 804 1920 859 Scor-

347 919 461 967 sus,
485 901 925 962 Panormitanus,
951 899 1010 953 S.
1034 898 1112 965 1.,
1133 897 1461 966 Theophanis
1483 895 1720 951 Ceramci
1747 895 1924 949 archi-

347 991 575 1060 episcopi
614 988 1053 1043 Tauromenitani
1100 989 1316 1044 nomine
1363 987 1649 1055 inscriptas
1696 985 1922 1040 Lutetiae

347 1082 682 1136 Parisiorum
726 1096 868 1135 anno
899 1081 1040 1135 1644
1074 1080 1259 1136 Graece
1295 1090 1350 1134 et
1391 1078 1580 1133 Latine
1613 1095 1735 1134 cum
1779 1077 1924 1133 notis

234 1171 238 1176 ’
345 1175 555 1242 primus
598 1173 901 1240 evulgavit;
935 1181 990 1225 at
1037 1188 1143 1227 non
1191 1187 1399 1235 omnes,
1456 1171 1722 1240 siquidem
1781 1169 1922 1224 LXII

346 1275 554 1318 tantum
579 1266 767 1319 edidit.
789 1263 986 1319 Noster
1016 1278 1146 1318 vero
1173 1265 1341 1318 codex
1369 1264 1421 1317 in
1455 1264 1570 1318 suis
1601 1263 1763 1318 habet
1782 1264 1923 1316 duo-

345 1355 653 1426 delriginta,
701 1371 820 1426 qua:
863 1370 1037 1424 neque
1083 1355 1136 1409 in
1185 1355 1404 1410 laudata
1451 1355 1710 1418 editione,
1749 1368 1924 1424 neque

346 1446 489 1499 inter
527 1445 646 1502 illas
683 1455 979 1502 occurrunt
1007 1460 1142 1514 quas
1179 1442 1291 1499 Leo
1329 1443 1564 1498 Allatius
1590 1444 1644 1497 in
1679 1443 1923 1496 Diatriba

345 1535 411 1588 de
461 1534 698 1604 Georgii:
735 1546 988 1605 tanquam
1045 1534 1278 1590 ineditas
1330 1534 1521 1590 refert.
1575 1533 1708 1600 Qua:
1759 1549 1922 1604 porro

348 1623 656 1693 ltujusmodi
695 1635 843 1689 sunt,
878 1639 972 1680 eas
1000 1627 1237 1694 .omnino
1273 1626 1328 1680 in
1376 1627 1707 1681 recensionis
1759 1641 1921 1681 cursu

345 1717 628 1782 asterisco,
655 1716 906 1771 brevitati
939 1717 1301 1785 consulentes,
1337 1718 1775 1786 praenotavimus.

417 1807 523 1861 Sed
562 1805 672 1876 jam
707 1808 774 1861 ad
825 1808 1329 1876 prtestantissiumm
1363 1806 1605 1864 codicem
1638 1818 1921 1864 recensen-

343 1899 470 1953 dum
493 1901 837 1954 accedamus.

413 1987 532 2043 Fol.
560 1989 610 2042 1.
640 1990 693 2043 In
722 1991 880 2058 hujus
914 1990 1090 2045 fronte
1115 1990 1308 2044 litteris
1344 2005 1373 2044 a
1413 2000 1609 2045 (κριοῖο
1634 1989 1753 2043 libri
1785 1991 1921 2043 scri-

343 2089 501 2150 ptura
556 2083 808 2147 diversis,
859 2084 1148 2138 maximam
1213 2093 1419 2151 partem
1467 2082 1548 2138 vel
1589 2081 1801 2146 deletis,
1837 2082 1920 2136 vel

343 2176 556 2230 abrasis
588 2177 872 2245 aegerrime
899 2177 1095 2246 legitur
1127 2177 1313 2230 titulus
1358 2195 1372 2231 :
1425 2177 1648 2246 Πόνημα
1682 2174 1918 2242 Φιλαγάο

345 2264 440 2318 θου
476 2265 570 2320 τοῦ
599 2266 918 2336 φιλοσόφου.
949 2267 1007 2322 Id
1036 2277 1140 2331 est,
1173 2266 1317 2336 Opus
1351 2266 1657 2335 Pltilagathi
1681 2266 1918 2334 philoso-

338 2356 430 2422 phi
475 2372 495 2411 :
546 2359 689 2426 quod
746 2373 942 2413 nomen
1002 2359 1172 2414 tribus
1227 2358 1349 2415 aliis
1408 2373 1723 2428 expressum
1787 2359 1918 2413 locis

341 2445 610 2502 invenias.

415 2539 611 2593 Statim
680 2541 927 2610 sequitur
979 2544 1166 2597 eadem
1229 2555 1390 2594 manu
1447 2540 1914 2608 exaratus_index

341 2631 583 2686 omnium
615 2643 878 2701 quotquot
912 2634 1040 2688 olim
1083 2633 1252 2687 codex
1285 2633 1372 2686 hic
1397 2635 1705 2688 continebat
1743 2633 1916 2688 Ιιοιιιὶο

339 2720 555 2787 liarum,
587 2737 784 2792 nempe
809 2723 871 2779 9i
907 2724 1094 2780 titulos
1122 2725 1510 2795 complectens,
1541 2724 1917 2794 praetermissis

346 2821 525 2868 tamen
557 2815 731 2869 tribus
766 2814 1005 2869 bomiliis
1041 2815 1179 2868 infra
1215 2817 1605 2881 memorandis,
1627 2816 1711 2869 cui
1735 2815 1918 2884 snbja-

344 2915 429 2960 cet
459 2906 648 2960 eadem
679 2921 903 2976 prorsus
931 2921 1092 2962 manu
1139 2909 1258 2962 talis
1289 2909 1614 2979 subscriptio
1652 2927 1665 2962 :

905 3023 1126 3078 ΤΕΛΟΣ
1145 3024 1352 3096 ἧληφεν

706 3134 1562 3172 ...σαοοοταοιονου

911 3206 1141 3276 ἀδελφοῦ
1191 3207 1471 3276 Ἄγγελον.

419 3319 528 3376 Hoc
549 3332 630 3377 est
653 3323 722 3392 (si
748 3324 1044 3378 secundum
1065 3339 1279 3380 versum
1303 3339 1441 3394 pene
1463 3325 1808 3381 obliteratum
1833 3327 1917 3380 his

340 3414 566 3468 vocibus
597 3415 757 3486 Παρὰ
779 3416 873 3468 τοῦ
903 3416 1162 3472 ταπεινοῦ
1193 3418 1468 3489 suppleas)
1496 3417 1683 3472 Finem
1717 3421 1915 3487 accepit

340 3505 409 3559 ab
441 3505 630 3560 humili
657 3507 823 3576 fratre
845 3508 1066 3578 Angela.

587 3632 640 3686 2.
683 3638 740 3696 K4
773 3634 1161 3688 ΦῙΛᾹΓΑΘΟΥ
1198 3637 1494 3696 ΠΟΝΗΜΑ
1529 3639 1666 3691 ΤΟΥ

922 3727 1323 3783 ΦΙΛΟΣΟΦΟΥ.

409 3836 538 3903 Λόγ.
572 3835 646 3892 α’.
683 3835 901 3906 Ὀμιλία
932 3839 1161 3909 ῥηθεῖσα
1186 3841 1268 3904 είς
1297 3844 1394 3911 τὴν
1417 3843 1592 3914 ἀρχὴν
1621 3845 1720 3913 τῆς
1763 3845 1913 3899 Ἰνδία

340 3945 491 3983 κτουο
530 3932 627 3984 καὶ
658 3931 737 3993 είς
762 3932 854 3984 τὸν
881 3931 1036 4000 ἅγιον
1061 3933 1326 4001 Συμεῶνα
1351 3936 1632 4006 Στυλίτην.
1726 3920 1736 3942 ⁸

562 4061 980 4118 PlilLACATlil
1021 4063 1434 4120 PHILOSOPHI
1476 4065 1676 4122 OPUS.

408 4173 588 4230 Sermo
609 4179 656 4230 1.
683 4175 917 4234 ﬂomilia
955 4180 1096 4233 dicta
1130 4179 1182 4233 in
1213 4181 1530 4250 principium
1564 4181 1909 4247 Indiclionis,

341 4278 389 4323 et
434 4273 487 4324 in
524 4281 764 4324 sanctum
810 4269 1118 4341 Symeonem
1157 4271 1423 4341 Stylitem.
1460 4272 1694 4342 Incipit:
1742 4273 1909 4326 Εὐλο-

336 4361 501 4430 γητὸς
536 4360 564 4411 6
608 4360 739 4422 Θεὸς
779 4361 807 4412 6
853 4359 1195 4424 καταξιώσας
1248 4364 1396 4431 ἡμᾶς
1447 4364 1762 4434 διαδραμεῖν
1808 4365 1909 4436 τὴν

337 4451 604 4520 κυκλικὴν
639 4450 733 4502 τοῦ
769 4450 964 4521 χρόνου
998 4452 1278 4521 περίοδον.
1317 4453 1441 4508 11ωο
1481 4455 1531 4507 in
1564 4454 1908 4524 Tthphanis

335 4544 575 4598 editione
621 4558 648 4594 a
703 4540 898 4596 Scorso
928 4543 1067 4596 facta
1108 4553 1427 4597 numeratur
1456 4546 1671 4600 ltomilia
1711 4548 1760 4602 1.

404 4635 459 4688 4.
511 4634 737 4688 Averso.
789 4634 920 4701 A67.
959 4633 1024 4703 β’.
1083 4635 1304 4704 Ὀμιλία
1360 4636 1440 4698 εἰς
1487 4637 1576 4691 τὸν
1620 4638 1905 4712 ὀφειλέτην

333 4727 443 4779 τῶν
475 4727 683 4796 μυρίων
726 4725 1022 4780 ταλάντων.
1069 4727 1292 4797 Ἑλέχθη
1325 4729 1382 4780 έν
1423 4728 1501 4799 τῷ
1543 4730 1756 4798 ἄμδωνι
1807 4733 1906 4802 τῆς

334 4815 798 4886 ἀρχιεπισκοπῆς.
840 4815 1026 4871 Sermo
1053 4815 1107 4870 2.
1142 4818 1379 4872 Homilia
1408 4820 1462 4872 in
1493 4819 1777 4873 debitorem
1811 4821 1904 4874 de-

329 4923 445 4960 cem
475 4907 617 4960 mille
647 4910 988 4963 talentorum.
1038 4909 1392 4962 Pronunliala
1429 4911 1532 4978 fuit
1569 4913 1621 4964 in
1660 4912 1898 4975 amboue,

335 5001 448 5052 sive
483 5009 732 5068 suggestu
783 5000 1245 5068 archiepiscopalis
1273 5001 1526 5055 ecclesiae.
1573 5002 1761 5072 Incipit
1791 5021 1805 5059 :
1838 5005 1902 5058 Οί

334 5091 678 5160 παιδοτρίϐαι
720 5091 942 5144 καὶτῶν
977 5093 1112 5146 νέων
1153 5093 1485 5147 διδάσκαλοι.
1523 5094 1645 5150 [huc
1677 5108 1759 5151 cst
1797 5097 1902 5151 ibi-

334 5184 454 5236 dem
490 5181 546 5235 2.

404 5274 454 5327 7.
496 5275 626 5342 Λόγ.
667 5273 718 5344 γ’
765 5276 986 5344 Ὀμιλία
1049 5278 1276 5349 ρηθετσα
1325 5281 1578 5352 κυριακῇ
1637 5283 1745 5352 πρὸ
1800 5284 1900 5353 τῆς

342 5364 641 5436 ’Υψώσεως
674 5385 687 5398 ·
718 5386 736 5417 σ
764 5368 954 5432 Οὐδεὶς
979 5369 1321 5441 άναὸἐὸηκεν
1349 5375 1428 5435 είς
1461 5374 1554 5427 τὸν
1583 5375 1834 5444 οὐρανόν.
1875 5396 1894 5428 ι

345 5459 570 5530 Ἐλέχϐη
602 5461 628 5513 ἐ
655 5460 734 5531 τῷ
770 5462 1006 5532 ἄμϐωνι.
1045 5461 1227 5517 Sermo
1255 5465 1306 5519 '5.
1341 5467 1577 5520 Romi/ia
1609 5467 1749 5521 dicta
1793 5468 1900 5522 Do-

331 5551 528 5603 minica
585 5561 704 5606 ante
756 5555 944 5621 festum
998 5553 1358 5609 Exultationis
1397 5560 1619 5627 (sanctte
1677 5560 1896 5626 crucis).

337 5658 354 5690 ι
395 5637 590 5694 Nullus
631 5644 865 5696 ascendit
916 5645 966 5697 in
1013 5643 1220 5698 ctelum.
1265 5664 1282 5695 ι
1323 5645 1676 5700 Pronuntiala
1708 5649 1811 5716 fuit
1843 5651 1896 5702 in

331 5732 569 5789 umbone.
619 5734 811 5806 Incipit
851 5754 862 5790 :
895 5737 1031 5806 Φέρε
1079 5738 1319 5806 σήμερον
1343 5777 1356 5803 ,
1393 5732 1436 5791 ὦ
1483 5738 1892 5806 (θεοφιλέστατον

2029 434 2328 510 ἄθροισμα,
2377 440 2477 511 τῆς
2511 439 2800 512 ζωηφόρου
2847 438 3084 509 σταυροῦ
3132 437 3490 509 Ἀνυψώσεως
3533 439 3604 496 τὰ

2027 529 2324 599 προεόρτια
2355 531 2735 602 ἑορτάσωμεν.
2771 531 2868 586 Est
2898 531 3096 586 ibidem
3125 531 3180 584 5.

2096 615 2150 670 9.
2192 618 2421 674 Averso.
2463 618 2598 687 A67.
2633 619 2696 672 δ’.
2736 618 2956 687 Ὀμιλία
2992 620 3074 683 είς
3106 621 3204 689 τὴν
3234 618 3484 689 ’Υψωσιν
3509 619 3603 673 τοῦ

2025 707 2209 778 τιμίου
2267 708 2364 760 xal
2419 708 2688 772 ζωοποιοῦ
2743 709 3006 780 σταυροῦ.
3046 710 3274 781 Ἐλέχθη
3305 711 3362 762 ὲν
3385 709 3465 780 τῷ
3498 713 3604 780 ἄμ-

2026 797 2160 851 6ωνι
2192 801 2290 870 τῆς
2317 800 2783 872 ἀρχιεπισκοπῆς.
2807 800 2987 854 Sermo
3012 801 3066 856 ι.
3089 799 3328 854 Homilia
3359 802 3410 854 in
3444 802 3605 856 Επαι-

2027 890 2280 944 tationem
2307 894 2548 956 pretiosa:
2586 901 2635 946 et
2687 892 2980 960 salutifera‘
3020 895 3210 947 crucis.
3244 894 3604 947 Pronuntiata

2027 982 2130 1051 fuit
2167 983 2220 1036 in
2273 982 2495 1038 amboue
2544 984 3001 1054 archiepiscopalis
3047 983 3301 1040 eccletitc.
3346 983 3540 1054 Incipit
3583 1002 3599 1040 :

2040 1073 2183 1144 ’0ρῶ
2218 1073 2463 1145 σήμερον
2492 1074 2588 1130 τοῦ
2635 1075 2876 1146 μεγάλου
2906 1075 3059 1131 τοῦδε
3100 1076 3229 1128 ναοῦ
3269 1076 3359 1128 τὸν
3407 1077 3604 1129 σεϐάσ-

2031 1185 2151 1237 μιον
2184 1167 2383 1239 ὄροφον
2433 1169 2529 1238 τὴν
2575 1168 2828 1239 οὐράνιον
2861 1169 3200 1240 μιμούμενον
3233 1169 3460 1237 ἄντυγα.
3491 1169 3604 1223 'Est

2027 1258 2221 1313 ibidem
2253 1258 2306 1311 ι.

2097 1350 2184 1404 15.
2225 1348 2360 1418 A67.
2397 1355 2460 1404 ε’.
2509 1348 2728 1420 Ὀμιλία
2768 1350 2848 1412 είς
2876 1348 2956 1413 τὸ,
3015 1365 3034 1398 ‹
3087 1345 3376 1414 Ἐθέλησεν
3423 1347 3452 1396 ὁ
3491 1346 3600 1415 ἰη-

2027 1441 2154 1504 σοῦς
2199 1441 2440 1506 ἐξελθεῖν
2472 1443 2553 1504 εἰς
2583 1442 2682 1512 τὴν
2723 1440 3041 1494 Γαλιλαίαν.
3079 1457 3098 1491 ›
3148 1436 3371 1507 Ἐλὲχϐη
3413 1437 3470 1491 ἐν
3523 1436 3602 1505 τῷ

2024 1533 2138 1603 ναῷ
2183 1531 2278 1585 τοῦ
2323 1533 2483 1601 ἁγίου
2534 1533 2836 1586 ἀποστόλου
2871 1531 3144 1585 Φιλίππου
3179 1530 3259 1591 εἰς
3285 1529 3384 1598 τὴν
3407 1528 3601 1598 ἑορτὴν

2023 1623 2215 1677 αὑτοῦ.
2273 1623 2460 1682 Sermo
2497 1624 2551 1680 5.
2601 1623 2839 1678 lIomilia
2873 1625 2929 1677 in
2971 1623 3128 1686 illud,
3167 1641 3186 1673 ι
3222 1618 3397 1674 Voluit
3442 1617 3600 1672 Jesus

2022 1716 2286 1784 proﬁcisci
2309 1717 2363 1769 in
2407 1712 2708 1770 Galit’wnm.
2751 1734 2768 1764 ι
2814 1712 3178 1767 Pronuntiata
3220 1711 3321 1776 fuit
3372 1711 3425 1761 in
3463 1719 3599 1762 tent-

2021 1808 2109 1875 plo
2150 1807 2211 1866 S.
2262 1806 2498 1877 Philippi
2553 1807 2805 1878 apostoli,
2851 1808 2905 1860 in
2955 1805 3068 1874 ejus
3109 1804 3318 1871 festum.
3355 1801 3541 1868 Incipit
3580 1819 3596 1856 :

2023 1902 2098 1955 Οὐ
2154 1902 2315 1971 μόνον
2363 1900 2789 1971 περιπολοῦντες
2824 1895 3154 1968 σωματικῶς
3194 1897 3253 1947 ὲν
3295 1896 3361 1965 τῇ
3399 1896 3470 1964 γῇ
3503 1893 3600 1947 τοῦ

2023 1999 2296 2069 Σωτῆρος.
2338 1997 2434 2052 Est
2467 1997 2663 2053 ibidem
2713 1997 2804 2052 49.

2093 2089 2181 2145 15.
2207 2091 2432 2143 Averso.
2479 2088 2611 2155 A67.
2640 2085 2716 2151 ς’.
2749 2085 2967 2155 Ὀμιλία
3004 2084 3134 2154 περὶ
3158 2083 3252 2136 τοῦ
3279 2081 3597 2151 σεληνιαζο-

2024 2179 2208 2250 μένου.
2253 2179 2478 2249 Ἐλέχθη
2513 2181 2570 2231 ὲν
2613 2178 2691 2248 τῷ
2727 2177 2938 2247 ἇμϐωνι
2981 2176 3078 2245 τῆς
3133 2172 3596 2245 ἀρχιεπισκοπῆς.

2022 2269 2209 2324 Sermo
2240 2269 2294 2323 6.
2328 2267 2569 2321 Bomilia
2598 2269 2661 2321 de
2693 2267 2944 2321 lunatico.
2991 2265 3346 2318 Pronuntiata
3392 2263 3489 2328 fuit
3541 2264 3596 2315 in

2022 2363 2243 2416 ambone
2275 2360 2738 2429 archiepiscopalis
2781 2359 3037 2414 ecclesite.
3077 2357 3303 2427 Incipit:
3345 2353 3591 2422 Ὀτρύνει

2026 2454 2126 2522 μὲν
2186 2453 2352 2506 ἵππον
2405 2452 2690 2523 ἀγέρωχον
2742 2450 2935 2513 πεδιὰς
2981 2449 3294 2522 ήπλωμένη.
3338 2445 3430 2499 Est
3482 2443 3586 2497 ibi-

2021 2543 2142 2596 dem
2178 2542 2270 2596 25.

2090 2632 2178 2685 17.
2212 2634 2435 2688 Averso.
2477 2633 2608 2702 A67.
2655 2633 2720 2697 ζ’.
2767 2631 2984 2702 Ὀμιλία
3027 2631 3156 2702 περὶ
3211 2629 3332 2693 τοῦ,
3360 2627 3597 2697 Ἔχοντα

2020 2722 2114 2774 τὸν
2138 2722 2405 2789 λεγεῶνα.
2458 2722 2682 2792 Ἐλέχθη
2736 2725 2794 2773 ὲν
2832 2721 2910 2788 τῷ
2947 2721 3145 2788 ᾶμσονι
3188 2719 3286 2784 τῆς
3342 2720 3598 2785 ἀρχιεπι-

2022 2812 2252 2880 σκοπῆς.
2284 2810 2466 2866 Sermo
2497 2812 2553 2867 7.
2592 2811 2827 2865 Homilia
2860 2813 2912 2864 in
2943 2807 3072 2862 illud
3107 2825 3167 2862 ει
3203 2805 3488 2860 Ηαὸεηιεηι
3519 2806 3596 2860 le-

2019 2906 2245 2972 gionem.
2275 2926 2294 2955 »
2316 2903 2668 2957 Pronuntiata
2699 2903 2805 2970 fuit
2838 2903 2892 2956 in
2915 2899 3132 2954 umbone
3171 2900 3595 2968 archiepiscopa-

2019 2993 2084 3045 lis
2126 2992 2374 3046 ecclesite.
2409 2991 2644 3062 Incipit:
2689 2991 2908 3061 Ἐπέχει
2957 3007 3056 3059 μου
3104 2987 3203 3060 τὴν
3259 2987 3508 3056 γλῶτταν
3557 2989 3592 3057 ἡ

2019 3083 2175 3145 νόσος
2219 3081 2314 3140 τοῦ
2360 3083 2633 3154 σώματος.
2670 3083 2765 3137 Est
2815 3083 3012 3136 ibidem
3060 3081 3114 3137 9.
3149 3080 3218 3134 At
3268 3081 3382 3134 haec
3426 3095 3593 3149 prope

2021 3183 2151 3236 tota.
2187 3174 2387 3228 avulsis
2431 3175 2686 3230 nimirum
2740 3173 2904 3238 foliis,
2943 3174 3160 3239 deﬁcit;
3209 3172 3409 3228 desinit
3445 3173 3591 3228 enim

2017 3266 2068 3320 in
2103 3267 2216 3321 haec
2263 3267 2471 3320 verba:
2518 3266 2833 3338 Ἀμφότερα
2878 3265 2987 3336 γὰρ
3043 3259 3192 3318 οἶκον
3245 3264 3589 3334 προαστείων

2019 3361 2367 3431 σημαίνουσι,
2411 3361 2888 3433 μεταμειϐομένης
2933 3361 3037 3428 τῆς
3073 3358 3356 3431 Ἐὅραῖδος
3379 3359 3458 3422 είς
3493 3358 3590 3428 τὴν

2029 3448 2254 3502 Ἐλλάδα
2287 3450 2493 3519 φωνήν.
2529 3450 2602 3502 Τὸ
2621 3449 2679 3502 δὲ
2707 3448 2802 3502 δύο
2832 3450 2958 3514 τοὺς
2985 3449 3140 3504 δαι...
3171 3463 3290 3521 qua
3316 3449 3370 3504 in
3403 3448 3589 3504 lauda-

2018 3548 2084 3594 tae
2106 3538 2361 3594 editionis
2392 3539 2496 3593 ima
2525 3553 2649 3609 pag.
2683 3539 2752 3595 55
2789 3540 3052 3594 invenias.

2087 3632 2307 3688 Avulsis
2327 3646 2542 3704 quoque
2571 3631 2730 3697 loliis,
2761 3639 2886 3687 tota:
2915 3631 3176 3688 deﬁciunt
3204 3631 3443 3688 humilis
3467 3645 3584 3696 sex,

2015 3741 2149 3796 quas
2180 3727 2439 3796 consequi
2487 3727 2790 3794 oportebat.

2085 3811 2284 3869 Octava
2320 3813 2587 3879 videlicet,
2654 3817 2748 3879 Ei;
2805 3815 2868 3868 τὸ
2911 3813 3083 3870 Ἰωάν.
3128 3815 3412 3885 εὐαγγέλ..
3453 3833 3473 3869 ι
3505 3814 3586 3867 Ἐ-

2015 3906 2206 3976 στήκει
2240 3904 2518 3976 Ἰωάννης,
2553 3924 2572 3958 ι
2609 3907 2704 3961 καὶ
2732 3908 2813 3970 εἰς
2855 3907 2956 3978 τὴν
3004 3906 3100 3962 τοῦ
3132 3909 3432 3962 ἀποστόλου
3465 3907 3588 3961 Ἀν-

2012 3999 2192 4070 δρέου.
2222 4001 2289 4052 In
2319 3999 2455 4052 illud
2488 3997 2714 4056 Joannis
2748 3998 3016 4069 Evangelii
3044 4015 3064 4054 :
3104 4019 3124 4052 ‹
3175 3999 3363 4055 Stabat
3416 3999 3588 4054 Joan-

2012 4108 2124 4156 nes,
2158 4109 2176 4142 ι
2214 4099 2265 4146 et
2302 4093 2355 4145 in
2382 4090 2574 4159 festum
2617 4091 2844 4157 apostoli
2892 4093 3118 4146 Andreae
3167 4107 3187 4146 :
3230 4107 3352 4161 quae
3386 4093 3580 4147 ibidem

2012 4191 2331 4238 numeratur
2376 4183 2596 4238 bomilia
2625 4182 2714 4238 50.

2084 4273 2255 4338 Nona,
2284 4273 2439 4343 cuius
2463 4275 2622 4343 plane
2653 4274 2782 4328 latet
2816 4275 3120 4344 inscriptio,
3146 4277 3286 4346 quod
3320 4278 3370 4331 in
3398 4278 3581 4346 priore

2013 4361 2172 4430 bujus
2213 4363 2416 4417 codicis
2475 4361 2817 4418 bomiliarum
2866 4363 3040 4418 indice
3083 4364 3369 4419 obliterata
3398 4365 3492 4430 sit,
3524 4366 3579 4421 ln

2013 4456 2313 4525 posteriore
2344 4455 2730 4524 praetermissa.

2081 4546 2322 4613 Decima,
2369 4547 2505 4617 Περὶ
2537 4546 2635 4617 τῆς
2671 4545 3108 4616 αἱμορροούσης,
3153 4546 3250 4601 καὶ
3299 4548 3428 4619 περὶ
3482 4549 3579 4619 τῆς

2010 4639 2280 4710 θυγατρὸς
2319 4639 2414 4693 τοῦ
2452 4639 2928 4711 ἀρχισυναγώγου.
2963 4641 3040 4693 De
3073 4641 3495 4706 ltwmorrltoissa,
3527 4653 3578 4696 et

2008 4735 2072 4789 de
2098 4733 2497 4802 arcltisynagogi
2532 4733 2646 4800 [ilia
2676 4747 2694 4786 :
2726 4747 2844 4800 qua:
2882 4733 3076 4786 ibidem
3111 4735 3314 4799 pariter
3356 4743 3437 4789 est
3487 4734 3575 4792 10.

2082 4824 2400 4888 Undecima,
2425 4823 2518 4886 Είς
2549 4825 2640 4875 τὸν
2670 4821 2923 4877 πλούσιον
2951 4824 3045 4876 καὶ
3074 4823 3166 4876 τὸν
3199 4824 3473 4896 Λάζαρον.
3505 4826 3574 4881 In

2007 4918 2220 4971 divitem
2248 4925 2297 4969 et
2325 4915 2608 4980 Lazarum,
2645 4930 2765 4983 qua:
2792 4915 2984 4969 ibidem
3016 4926 3098 4970 est
3127 4916 3181 4972 8.

2077 5009 2427 5073 Duodecimn,
2464 5009 2598 5078 Περὶ
2631 5006 2726 5060 τοῦ
2766 5005 3131 5076 ἀρχιτελώνου
3167 5011 3461 5081 Ζακχαίου.
3498 5012 3573 5068 De

2005 5100 2261 5157 Zacchtco
2280 5101 2678 5170 publicanorum
2703 5100 2962 5166 principe,
2999 5116 3118 5169 quae
3145 5102 3340 5156 ibidem
3373 5115 3458 5158 est
3483 5105 3573 5160 15.

2080 5193 2294 5246 Decima
2330 5191 2510 5256 tertia,
2538 5190 2674 5259 Περὶ
2708 5186 2803 5241 τοῦ
2844 5187 3090 5244 Τελώνου
3123 5190 3219 5244 καὶ
3246 5193 3568 5264 Φαρισαίου.

2007 5287 2082 5342 De
2105 5285 2394 5340 Publicano
2433 5294 2480 5338 et
2529 5283 2823 5351 Pharisazo,
2853 5302 2975 5356 quae
3009 5285 3205 5340 ibidem
3231 5295 3315 5340 est
3345 5287 3432 5342 16.

2077 5363 2422 5446 Singulorum
2451 5385 2630 5431 autem
2657 5377 2960 5446 hnjnsmodi
2994 5375 3333 5432 bomiliarum
3374 5375 3568 5434 inscri-

2003 5471 2235 5541 ptiones,
2289 5479 2486 5539 przeler
2514 5485 2674 5538 supra
2724 5470 2950 5533 dictam,
2998 5485 3061 5523 ex
3112 5479 3342 5540 utroque
3395 5468 3571 5522 indice

2003 5563 2160 5632 plane
2203 5569 2474 5615 constant.
2510 5562 2578 5613 At
2601 5574 2729 5614 vero
2773 5561 2952 5616 minus
2984 5562 3320 5618 incommode
3349 5561 3566 5625 accidit,

2003 5652 2146 5719 quod
2180 5664 2258 5703 eae
2303 5659 2506 5703 tantum
2553 5649 2640 5704 hic
2685 5650 2920 5704 bomilia:
2964 5650 3240 5720 deﬁciant,
3271 5667 3390 5724 quae
3418 5661 3571 5722 typo--

2007 5759 2124 5801 rum
2151 5742 2412 5798 beneﬁcio
2434 5743 2540 5811 iam
2577 5743 2627 5796 in
2659 5751 2774 5796 tuto
2806 5753 3107 5799 versantur.
