4062 6214
315 293 386 354 25
1496 306 1873 370 RECENSIO
1913 310 2080 374 COD.
2121 315 2438 379 MATRIT.
3508 322 3582 386 26

387 405 487 460 18.
521 403 741 473 Ὀμιλία
789 405 924 480 (ιδ’.)
970 408 1108 480 Περὶ
1140 410 1235 465 τοῦ
1265 412 1502 471 ἀσώτου.
1540 417 1781 474 Humilia
1816 421 1908 487 Il,

316 497 406 553 De
445 499 675 568 proaigo.
705 497 866 553 Initio
894 499 1100 569 mutila,
1140 504 1207 557 ab
1239 504 1323 560 his
1352 508 1529 563 verbis
1561 509 1768 580 incipit,
1808 514 1913 565 Ilo-

323 589 395 644 τὶ
426 589 522 660 μὲν
545 589 801 660 δραχμὴν
829 589 1003 644 εἰπὼν
1033 595 1100 663 τῇ
1143 595 1333 668 κόπρῳ
1360 600 1770 670 συγχωσθεῖσαν
1801 603 1909 656 τῶν

334 681 548 752 ἡδονῶν,
569 697 691 748 quae
716 682 770 735 in
796 682 1028 754 allegata
1052 686 1292 744 editione
1317 705 1439 760 pag.
1471 691 1597 758 101,
1635 709 1793 748 versu
1815 695 1906 760 20,

339 772 506 840 legas;
545 783 741 842 estque
790 773 986 830 ibidem
1021 777 1113 832 17.
1547 768 1549 772 ’

389 864 483 918 22.
529 865 754 936 Ὀμιλία
784 872 866 928 ιε’,
907 870 988 931 είς
1023 869 1104 936 τδ,
1145 888 1164 922 ι
1203 873 1374 926 Ὅταν
1405 873 1536 949 ἔλθῃ
1577 877 1605 929 6
1647 876 1780 941 Υἱὸς
1812 879 1906 931 τοῦ

318 954 618 1024 ἀνθρώπου
669 958 730 1009 ἐν
786 960 852 1028 τῇ
899 957 1026 1029 δόξῃ
1058 960 1250 1018 αὐτοῦ.
1300 982 1320 1014 ι
1374 965 1598 1038 Ἐλέχθη
1648 969 1905 1038 Κυριακῇ

328 1046 663 1116 Ἀποκρέου.
699 1047 936 1101 [lautitia
967 1050 1053 1113 15,
1091 1053 1145 1104 in
1176 1053 1314 1107 illud
1343 1072 1361 1108 :
1409 1074 1426 1107 ι
1461 1056 1688 1122 Quando
1715 1061 1908 1112 venerit

316 1133 499 1189 Filius
535 1137 770 1190 hominis
793 1139 847 1191 in
874 1140 1046 1207 gloria
1069 1158 1188 1197 sua.
1222 1163 1241 1195 ›
1275 1143 1625 1202 Pronuntiata
1659 1149 1760 1215 fuit
1796 1150 1906 1203 Do-

317 1227 516 1278 minica
559 1228 934 1294 Carnisprivii.
971 1229 1189 1300 Incipit,
1222 1229 1346 1288 Οἷόν
1378 1254 1430 1289 τι
1464 1238 1765 1309 πάσχουσιν
1797 1239 1905 1292 ἀπό

317 1335 461 1380 τινος
488 1318 703 1390 ὑψηλῆς
733 1321 1068 1391 ἀκρωρείας.
1105 1325 1198 1379 Est
1231 1327 1428 1382 ibidem
1460 1329 1546 1387 I8.

390 1410 483 1464 25.
527 1410 747 1481 Ὀμιλία
782 1412 880 1480 ις’,
913 1417 994 1478 είς
1016 1411 1098 1484 τὸ,
1131 1437 1149 1470 t
1192 1420 1320 1474 Ἐὰν
1345 1423 1522 1492 ἀφῆτε
1553 1427 1666 1490 τοῖς
1695 1427 1906 1498 ἀνθρώ-

319 1519 444 1562 ποις
484 1503 554 1554 τὰ
581 1506 1037 1575 παραπτώματα.
1085 1527 1104 1559 ι
1153 1509 1376 1582 Ἐλέχθη
1427 1514 1684 1587 Κυριακῇ
1730 1520 1904 1590 Τυρο-

325 1593 658 1656 αποθέσεως.
715 1595 950 1651 llomilia
995 1599 1080 1661 16,
1119 1601 1170 1654 in
1202 1603 1340 1655 illud
1373 1621 1390 1659 :
1429 1624 1448 1656 ι
1495 1605 1552 1659 Si
1600 1609 1902 1663 dimiseritis

323 1684 624 1740 hominibus
649 1699 893 1754 peccata.
928 1709 946 1740 ι
983 1691 1337 1748 Prouuntiata
1363 1696 1461 1760 fuit
1494 1696 1769 1753 Dominica
1797 1702 1902 1753 Τυ-

320 1779 726 1844 ροαποθὲσεως,
767 1781 818 1833 id
861 1791 963 1844 est.
1001 1783 1356 1840 hebdomadis:
1387 1803 1487 1854 qua
1515 1787 1687 1843 Graeci
1734 1791 1901 1846 absti-

315 1869 556 1922 nentiam
609 1873 751 1926 casei
781 1875 1159 1928 exordiuntur.
1207 1878 1417 1947 Incipit,
1451 1882 1514 1933 Οί
1561 1882 1619 1934 ἐν
1665 1885 1778 1944 τοῖς
1812 1884 1898 1936 ἱπ-

315 1963 496 2022 πικοῖς
521 1961 714 2025 ἄθλοις
747 1964 1167 2034 ἀγωνιζόμενοι.
1203 1968 1297 2021 Est
1327 1968 1526 2023 ibidem
1561 1972 1647 2027 I9.

384 2051 476 2108 27.
515 2055 744 2109 Averso.
781 2056 1002 2125 Ὀμιλία
1035 2058 1122 2122 ιζ’,
1157 2061 1418 2128 περὶτῶν
1452 2063 1625 2130 ἁγίων
1649 2065 1896 2120 εἰκόνων.

349 2140 555 2212 Ελὲχθη
589 2145 851 2214 κυριακῇ
886 2147 986 2215 τῆς
1031 2146 1390 2216 Ὀρθοδοξίας.
1435 2150 1669 2208 Homilia
1718 2155 1804 2218 17,
1833 2155 1898 2209 de

318 2235 516 2287 Sanctis
531 2236 874 2304 imaginibus.
894 2236 1245 2293 Pronuntiata
1263 2241 1367 2309 fuit
1399 2241 1675 2298 Dominica
1705 2243 1900 2300 Ortlto-

312 2327 506 2390 ionice,
532 2329 635 2383 hoc
679 2340 759 2384 est
815 2328 1242 2400 Quadragesima:
1285 2333 1611 2390 Crcecorum.
1677 2335 1888 2408 Incipit,

311 2419 572 2489 Δαμπρὰ
592 2421 752 2491 ἑορτὴ
771 2422 861 2473 καὶ
886 2423 1200 2495 πανήγυρις
1216 2427 1441 2496 ἐπέστη.
1470 2427 1559 2480 Est
1579 2429 1773 2482 ibidem
1803 2429 1894 2483 20.

390 2509 492 2561 9.9.
537 2513 756 2566 Averso.
794 2513 1007 2582 Ὀμιλία
1058 2522 1149 2585 ιη’,
1192 2521 1321 2586 περὶ
1366 2518 1459 2571 τοῦ
1513 2521 1893 2589 παραλυτικοῦ

327 2597 426 2650 τοῦ
461 2599 524 2651 ὲν
547 2601 929 2673 Καπερναοὺμ.
964 2605 1194 2676 Ἐλέχθη
1225 2609 1478 2679 Κυριακῇ
1525 2610 1757 2680 δευτέρᾳ
1785 2611 1893 2662 τῶν

313 2686 632 2753 Νηστειῶν.
683 2692 918 2747 ﬂanti/ia
968 2699 1060 2760 18,
1121 2701 1184 2752 de
1231 2700 1524 2770 paralytico
1561 2704 1614 2754 in
1655 2701 1894 2768 Caphar-

311 2791 502 2834 naum.
543 2779 899 2838 Pronuntiata
929 2787 1028 2851 fuit
1075 2787 1349 2843 Dominica
1389 2795 1618 2845 secunda
1647 2791 1885 2859 Jejunio-

309 2887 450 2923 rum.
486 2869 699 2942 Incipit,
751 2876 1141 2947 Ἐπειγόμενος
1182 2881 1282 2950 τῆς
1330 2883 1595 2954 συνήθους
1637 2883 1894 2937 διδασκα-

306 2959 433 3023 λίας
464 2955 798 3032 ἐφάψασθαι.
830 2965 925 3021 Est
956 2969 1150 3023 ibidem
1179 2971 1269 3026 21.

381 3053 476 3107 52.
506 3056 641 3122 Λόγ.
684 3056 770 3111 ιθ’.
811 3057 1029 3128 Ὀμιλία
1059 3062 1140 3126 είς
1172 3064 1255 3128 τὸ,
1287 3082 1306 3115 t
1338 3065 1526 3129 Ὅστις
1550 3067 1692 3120 θέλει
1716 3067 1891 3122 ὀπίσω

313 3163 418 3215 μου
441 3146 786 3203 ἀκολουθεῖν.
825 3167 844 3200 ι
893 3151 1118 3222 Ἐλέχθη
1153 3154 1408 3226 Κυριακῇ
1445 3155 1606 3228 τρίτῃ
1637 3157 1746 3210 τῶν
1777 3158 1891 3226 Νη-

309 3241 528 3296 στειῶν.
561 3241 749 3296 Sermo
789 3243 876 3299 I9.
905 3243 1146 3300 Homilia
1176 3248 1228 3301 in
1260 3248 1394 3300 illud
1424 3263 1443 3302 :
1484 3268 1502 3300 ι
1540 3248 1600 3304 Si
1629 3252 1745 3318 quis
1768 3251 1891 3304 velit

308 3342 430 3400 post
486 3349 570 3386 me
599 3337 767 3403 sequi.
810 3354 830 3387 ι
870 3335 1220 3395 Pronuntiata
1271 3340 1373 3407 fuit
1431 3341 1706 3396 Dominica
1738 3346 1890 3398 tertia

308 3423 668 3493 Jejuuiorum.
709 3427 925 3497 Incipit,
949 3429 1064 3482 Νῦν
1105 3431 1242 3500 ἡμῖν
1277 3433 1377 3502 τῆς
1412 3432 1740 3504 ἐγκρατείας
1768 3450 1888 3488 και-

316 3516 406 3583 ρὸς
430 3516 688 3584 ἔφθασεν.
721 3518 814 3572 Est
842 3519 1040 3574 ibidem
1069 3521 1160 3578 22.

384 3607 474 3660 34.
517 3608 737 3677 Ὀμιλία
770 3607 841 3671 κ’,
878 3611 959 3672 είς
1007 3610 1090 3676 τδ,
1155 3629 1173 3662 t
1227 3612 1358 3665 Ἰδοὺ
1412 3613 1784 3684 ἀναϐαίνομεν
1808 3617 1888 3678 είς

320 3693 704 3766 Ἰερουσαλήμ.
729 3717 749 3750 ι
808 3699 1033 3771 Ἐλέχθη
1076 3703 1330 3772 κυριακῇ
1367 3701 1409 3756 ε’
1443 3705 1552 3756 τῶν
1578 3705 1882 3774 Νηστειῶνο

318 3789 565 3858 Κυριακῇ
589 3790 628 3842 δ’
656 3791 780 3861 ζήτ.
806 3791 923 3858 λόγ.
951 3793 1015 3856 ζ’.
1051 3793 1291 3848 Homilia
1312 3795 1403 3861 20,
1423 3797 1476 3850 in
1499 3796 1636 3849 illud
1662 3812 1681 3850 :
1724 3815 1742 3848 ι
1780 3796 1886 3851 Ec-

319 3897 378 3934 ce
414 3884 739 3936 ascendimus
798 3883 1246 3955 Hierosolymam.
1307 3905 1325 3936 ι
1382 3887 1740 3942 Prouuntiata
1787 3889 1885 3957 fuit

310 3969 589 4024 Dominica
616 3972 649 4026 5
672 3971 1038 4042 Jejuuiorum.
1073 3975 1356 4029 Dominica
1394 3977 1429 4029 4
1463 3994 1640 4046 quare
1667 3977 1881 4034 Sermo-

310 4078 434 4114 nem
456 4062 726 4130 1.1ncipit
769 4085 784 4119 :
824 4064 886 4116 '0
920 4066 1019 4134 μὲν
1059 4067 1158 4139 τῆς
1187 4068 1518 4139 ἐγκρατείας
1546 4071 1739 4141 καιρὸς
1779 4071 1882 4142 ἤδη

305 4152 612 4223 προέκοψε.
656 4153 741 4208 Est
777 4156 974 4209 ibidem
1007 4157 1100 4212 24.

380 4244 469 4299 58.
512 4245 643 4312 A67.
681 4245 791 4300 κα’.
835 4247 1056 4314 Ὀμιλία
1084 4251 1164 4314 είς
1194 4253 1572 4324 τετραήμερον
1611 4253 1883 4327 Λάζαρον.

326 4333 552 4404 Ἔλέχθη
581 4339 639 4389 εν
667 4338 744 4407 τῷ
781 4339 1018 4408 ἄμϐωνι.
1049 4340 1233 4395 Sermo
1263 4345 1354 4411 21,
1399 4345 1635 4400 Homilia
1669 4347 1722 4400 in
1753 4364 1885 4418 qua-

304 4427 619 4480 triduauum
667 4426 954 4483 Lazarum.
999 4429 1361 4488 Prouuutiata
1393 4437 1500 4504 fuit
1535 4438 1590 4489 iu
1641 4436 1879 4493 amboue.

299 4515 516 4586 Incipit,
566 4517 869 4587 Πολυτελὴν
902 4521 977 4589 (iu
1033 4525 1236 4576 excusis
1284 4525 1512 4596 Πολλὴν)
1555 4527 1882 4581 πανδαισίαν

301 4609 436 4676 ⁴ἡμῖν
462 4611 493 4661 ό
523 4609 845 4677 ἑπιστήθιος
889 4613 1310 4685 εὐαγγελιστής.
1347 4619 1441 4671 Est
1481 4619 1676 4674 ibidem
1715 4619 1806 4675 25.

371 4700 467 4755 45.
497 4703 628 4767 A67.
663 4700 768 4770 κβ’.
804 4702 1022 4773 Ὀμιλία
1045 4707 1126 4768 είς
1151 4707 1242 4760 τὸν
1266 4708 1704 4781 Εὐαγγελισμόν.
1737 4712 1884 4766 Ἐλέ-

302 4791 403 4861 χθη
459 4793 516 4844 ὲν
557 4791 634 4861 τῷ
669 4792 887 4862 ἄμϐωνι
933 4796 1033 4864 τῆς
1068 4799 1530 4869 ἀρχιεπισκοπῆς.
1567 4801 1752 4857 Sermo
1787 4804 1879 4869 21,

306 4881 531 4934 Homilia
559 4885 612 4936 in
646 4886 1132 4942 Anuuutiationem.
1170 4888 1530 4945 Pronuntiata
1561 4894 1660 4960 fuit
1687 4896 1742 4948 in
1765 4912 1880 4949 am-

319 4971 434 5026 boue
478 4976 944 5045 are/tiepiscopalis
977 4979 1233 5035 ecclesia.
1274 4980 1468 5051 Incipit
1501 5002 1514 5038 :
1553 4986 1803 5057 Σήμερον
1843 4989 1877 5059 ὴ

310 5062 611 5136 Ἐκκλησία
658 5067 1003 5138 δᾳδουχεῖται
1071 5075 1373 5142 μυστικῶς.
1423 5075 1518 5130 Est
1564 5078 1758 5133 ibidem
1787 5081 1879 5138 55.

367 5155 458 5220 45,
506 5173 699 5212 averso
773 5160 905 5229 A67.
960 5169 1066 5230 κγ’.
1135 5166 1356 5234 Ὀμιλία
1407 5167 1640 5238 meum
1691 5171 1772 5234 είς
1818 5171 1879 5225 τὸ

298 5247 631 5316 εὐαγγέλιον
665 5251 775 5305 τῶν
817 5255 988 5322 ἁγίων
1022 5256 1237 5312 Παθῶν.
1281 5259 1504 5329 Ἐλέχθη
1543 5263 1606 5331 τῇ
1668 5263 1874 5336 μεγάλῃ

298 5337 638 5410 Παρασκευῇ
677 5359 816 5411 μετα
856 5345 951 5397 τὸν
996 5345 1211 5417 ὄρθρον.
1263 5347 1446 5403 Sermo
1503 5351 1593 5405 25.
1639 5351 1878 5408 Homilia

297 5430 434 5481 dicta
448 5433 503 5483 iu
523 5434 847 5502 evangelium
864 5447 1166 5493 sanctarum
1190 5441 1878 5502 Passionum.Pronunliata

294 5518 399 5588 fuit
453 5524 508 5576 iu
549 5542 745 5593 magna
791 5527 1079 5584 Parascere
1125 5543 1240 5599 post
1291 5535 1608 5592 diluculum.
1664 5539 1876 5610 Incipit,

296 5613 460 5705 :Isw;
489 5616 589 5684 μὲν
618 5619 865 5691 ἐπαχθὴς
881 5621 1016 5689 δόξω
1047 5621 1183 5694 πρὸς
1212 5625 1312 5697 τὴν
1333 5629 1607 5702 ὑμετέραν
1632 5631 1874 5705 ἀγάπην.

291 5701 388 5758 Est
419 5706 621 5763 ibidem
664 5709 754 5766 27.

2081 426 2170 482 56.
2210 428 2344 498 A67.
2393 426 2492 484 κδ’.
2541 428 2760 502 Ὀμιλία
2805 431 2885 494 είς
2929 433 3027 504 τὴν
3072 436 3417 508 Σαμαρείτην
3460 438 3582 510 (leg.
3655 487 3659 490 ι

2007 521 2424 593 Σαμαρείτιδα).
2466 525 2688 598 Ἐλέχθη
2743 529 2801 581 ὲν
2844 528 2923 599 τῷ
2957 529 3170 598 ἄμϐωνι
3203 535 3302 602 τῆς
3335 535 3589 604 ἀρχιεπι-
3617 524 3626 592 Ῡ

2008 611 2236 681 σκοπῆς.
2270 610 2453 667 Sermo
2482 613 2572 669 24.
2618 617 2854 669 Homilia
2885 618 2938 672 in
2981 617 3398 675 Samaritauam.
3445 621 3583 675 Ρη·
3623 619 3633 673 ζ

2008 704 2251 758 nuntiata
2300 706 2400 774 fuit
2450 707 2504 760 in
2551 708 2770 760 amboue
2817 707 3275 778 archiepiscOpalis
3324 712 3582 766 ecclesia.

2005 792 2218 865 Incipit,
2285 798 2758 868 Ἀπροοιμιάστως
2811 798 2969 866 (male
3014 801 3064 853 in
3110 802 3337 854 editione
3380 800 3580 866 Scorsi,

2012 887 2108 947 '0;
2165 889 2610 962 προοιμιάστως)
2668 889 2746 960 τῷ
2814 891 3028 961 Σωτῆρι
3079 891 3319 962 σήμερον
3374 893 3580 962 νοητῶς

2005 975 2356 1046 ὲφεψὼμεθα.
2391 978 2485 1032 Est
2511 979 2708 1033 ibidem
2749 979 2838 1034 58.

2075 1067 2163 1120 60.
2201 1068 2332 1134 A67.
2368 1067 2467 1123 κε’.
2512 1069 2729 1137 Ὀμιλία
2766 1071 2844 1128 εἰς
2877 1069 2955 1133 τὸ,
2996 1088 3014 1121 ι
3051 1069 3184 1124 Τίνα
3221 1087 3288 1140 με
3330 1070 3580 1138 λέγουσιν

2001 1157 2051 1208 oi
2088 1157 2289 1226 (supple
2320 1159 2616 1229 ἄνθρωποι)
2641 1157 2780 1212 εἶναι
2807 1178 2821 1226 ;
2855 1179 2873 1210 ι
2915 1160 3140 1231 Ἐλέχθη
3174 1163 3230 1214 ὲν
3256 1161 3334 1231 τῷ
3364 1161 3476 1232 ναῷ
3497 1162 3576 1231 τῷ

2004 1245 2209 1317 (supple
2233 1247 2313 1321 ὲν)
2343 1249 2587 1318 παλατίῳ
2617 1251 2902 1322 Πανόρμου
2931 1254 2997 1322 τῇ
3046 1253 3205 1322 ἐορτῇ
3237 1252 3346 1304 τῶν
3381 1252 3579 1319 Ἀγίων

2014 1339 2370 1395 ’Δποστόλων.
2413 1341 2598 1396 Sermo
2631 1343 2721 1398 25.
2762 1342 2995 1396 Homilia
3040 1345 3092 1397 iu
3142 1343 3321 1398 illud:
3355 1363 3373 1395 ‹
3414 1343 3578 1408 Quem

2005 1447 2086 1482 me
2140 1433 2323 1486 dicunt
2365 1433 2690 1502 (homines)
2743 1436 2897 1489 esse?
2931 1454 2948 1484 ι
2981 1435 3334 1489 l'ronuntiata
3390 1435 3491 1502 fuit
3525 1436 3578 1489 in

2002 1524 2189 1592 templo
2219 1527 2358 1594 quod
2387 1528 2533 1580 estin
2563 1527 2762 1594 palatio
2801 1527 3070 1589 Panormi,
3103 1527 3157 1580 in
3192 1527 3324 1595 festo
3345 1525 3577 1582 Sancto-

2001 1631 2118 1668 rum
2180 1616 2573 1682 Apostolorum.
2625 1617 2839 1687 Incipit,
2887 1617 3200 1687 Συνήδομαί
3246 1635 3347 1682 σοι,
3397 1617 3573 1680 πόλις,

2000 1706 2184 1759 καὶσὺ
2221 1708 2340 1777 (leg.
2382 1726 2484 1773 σοι,
2525 1717 2582 1761 ut
2616 1711 2670 1764 iu
2700 1711 2899 1779 editis),
2947 1709 3058 1762 θεῖε
3103 1709 3215 1764 τῶν
3260 1708 3576 1780 ἀνακτόρων

1999 1798 2117 1851 ναέ.
2146 1798 2238 1854 Est
2264 1801 2458 1855 ibidem
2491 1802 2584 1855 55.

2071 1886 2400 1943 Vocabulum
2448 1891 2760 1961 Πανόρμου,
2792 1891 2938 1961 quod
2994 1890 3152 1961 hujus
3196 1889 3430 1944 homilim
3465 1905 3576 1958 pra:

1999 1995 2060 2034 se
2106 1979 2208 2034 fert
2244 1982 2449 2047 titulus,
2487 1998 2590 2035 non
2639 1998 2828 2051 parum
2880 1983 3195 2036 adversatur
3233 1981 3294 2035 P.
3348 1980 3570 2048 Scorso,

1997 2069 2140 2125 hanc
2187 2071 2463 2126 homiliam
2515 2071 2984 2142 Constantinopoli
3042 2074 3096 2126 in
3148 2072 3574 2144 magnificentis-

1996 2162 2134 2216 signo
2160 2163 2378 2232 templo,
2425 2163 2566 2233 quod
2622 2164 2918 2233 imperator
2971 2163 3203 2217 Basilius
3261 2162 3483 2217 Macedo
3512 2163 3567 2216 in

1995 2255 2194 2322 palatio
2222 2255 2508 2320 exstruxit,
2542 2268 2571 2306 a
2602 2255 2928 2324 Theophane
2957 2255 3196 2309 habitam
3231 2253 3396 2308 fuisse
3435 2252 3574 2307 mul-

1996 2345 2063 2399 tis
2116 2346 2481 2399 contendenti.
2543 2344 2654 2399 Imo
2704 2346 2816 2412 ipse
2871 2345 2971 2400 sibi
3031 2346 3202 2415 magis
3254 2345 3571 2398 adversatur

1995 2435 2250 2500 Scorsus,
2282 2453 2402 2490 cum
2445 2439 2552 2491 duo
2597 2437 2760 2490 etiam
2811 2435 3340 2506 magniﬁcentissima
3387 2435 3574 2504 hujus-

1994 2529 2134 2581 modi
2178 2528 2371 2596 templa
2412 2543 2439 2579 a
2489 2527 2684 2581 Siciliae
2727 2527 2942 2596 regibus
2988 2535 3262 2580 exstructa
3313 2526 3568 2581 Panormi

1993 2619 2166 2672 adhuc
2200 2629 2418 2672 exstare
2456 2619 2706 2680 fateatur,
2744 2635 2971 2688 quorum
3014 2634 3178 2671 unum
3219 2626 3302 2672 est
3332 2620 3384 2672 in
3410 2618 3570 2686 pala-

1992 2711 2064 2762 tio
2111 2713 2347 2780 proregis
2391 2714 2452 2766 S.
2501 2711 2660 2764 Petro
2705 2710 2939 2775 apostolo
2981 2710 3307 2762 dicatum...
3345 2718 3395 2763 et
3443 2726 3570 2765 sane

1990 2800 2163 2852 simile
2188 2801 2309 2853 huic
2344 2800 2536 2870 quod..
2559 2838 2574 2853 .
2615 2801 2701 2852 hic
2742 2810 2927 2852 auctor
2971 2799 3258 2863 describit;
3284 2797 3571 2870 Theopha-

1995 2907 2123 2946 nem
2156 2906 2285 2946 vero
2321 2890 2846 2960 Constantinopolim
2876 2892 3072 2945 adiisse
3107 2893 3417 2962 conjectura
3447 2903 3569 2948 tan-

1993 2991 2105 3036 tum
2145 2983 2340 3038 ductus
2369 2981 2616 3038 aliirmet.
2651 2983 2719 3036 At
2766 2982 2809 3036 si
2855 2996 3040 3037 vocem
3087 2982 3410 3037 Panormum
3440 2998 3569 3040 suus

1989 3072 2268 3141 interpreti
2296 3072 2464 3127 codex
2494 3074 2596 3128 hoc
2629 3072 2747 3126 loco
2774 3072 3054 3141 legendam
3078 3073 3382 3131 obtulisset.
3405 3073 3564 3128 talem

1991 3164 2230 3230 profecto
2260 3164 2580 3218 sententiam
2627 3162 2844 3218 minime
2879 3161 2987 3227 ille,
3032 3173 3089 3217 ut
3121 3163 3333 3232 opinor,
3376 3161 3568 3218 luisset

1987 3255 2288 3322 amplexus.

2059 3345 2149 3400 65.
2172 3345 2306 3414 A67.
2339 3351 2451 3410 κς¹.
2483 3343 2703 3415 Ὀμιλία
2729 3347 2856 3415 περὶ
2876 3343 3108 3415 Μάρθας
3124 3346 3221 3399 καὶ
3243 3346 3478 3416 Μαρίας,
3501 3348 3567 3400 ἐκ

1986 3434 2080 3487 τοῦ
2111 3437 2251 3489 κατὰ
2273 3437 2484 3490 Λουκᾶν
2506 3435 2859 3504 Εὐαγγελίου.
2893 3436 3122 3506 Ἐλέχθη
3147 3437 3203 3489 ὲν
3225 3437 3302 3506 τῷ
3344 3437 3566 3503 ἄμϐωνι

1985 3527 2051 3594 τῇ
2089 3525 2247 3596 ἐορτῇ
2292 3527 2390 3595 τῆς
2428 3528 2753 3597 Κοιμήσεως
2793 3527 2891 3596 τῆς
2925 3527 3234 3597 ὑπεραγίας
3273 3527 3560 3584 Θεοτόκου.

1986 3614 2172 3669 Sermo
2200 3616 2290 3672 26.
2325 3615 2558 3671 Homilia
2580 3618 2646 3672 de
2670 3619 2880 3672 Martha
2916 3630 2962 3672 et
2984 3619 3158 3673 Maria
3187 3635 3251 3672 ex
3275 3617 3563 3690 Evangelia

1983 3708 2267 3762 secundum
2325 3707 2547 3762 Lucam.
2598 3709 2953 3765 Pronuntinta
2996 3712 3096 3780 fuit
3142 3712 3198 3766 iu
3237 3712 3460 3766 a'mboue
3507 3713 3563 3768 ir:

1982 3795 2117 3864 festo
2161 3797 2511 3854 Dormitionis
2577 3803 2929 3866 sanctissima:
2999 3803 3264 3870 Deiparw.
3327 3803 3562 3874 Incipit,

1995 3890 2084 3953 Ὦς
2124 3889 2242 3944 λίαν
2279 3909 2365 3962 μοι
2414 3892 2766 3964 λαμπροτέρα
2800 3893 2897 3964 τὴν
2924 3894 3182 3964 σήμερον.
3220 3894 3316 3949 Est
3359 3894 3556 3949 ibidem

1984 3978 2074 4032 60.

2054 4070 2144 4125 65.
2200 4069 2418 4142 Ὀμιλία
2445 4073 2548 4137 κζ’,
2595 4075 2676 4138 είς
2703 4075 2771 4128 τὰ
2797 4075 2961 4144 Ἀγια
2987 4078 3194 4146 Νήπια.
3242 4077 3472 4150 Ἐλέχθη
3501 4079 3562 4132 ἐν

1987 4164 2069 4234 τῷ
2121 4164 2335 4234 ἄμϐωνι
2375 4163 2476 4234 τῆς
2531 4165 2993 4234 ἁρχιεπισκοπῆς.
3057 4167 3292 4222 Homilia
3349 4170 3442 4234 27,
3503 4171 3561 4225 iu

1983 4264 2194 4309 sanctos
2228 4253 2490 4324 Infantes,
2533 4259 2646 4310 sive
2677 4257 3017 4311 innocentes.
3066 4257 3424 4313 Pronuntiata
3454 4261 3559 4331 fuit

1982 4349 2035 4402 in
2085 4349 2304 4402 amboue
2349 4348 2806 4417 archiepiscOpalis
2851 4350 3110 4406 ecclesic.
3168 4350 3381 4423 Incipit,
3433 4353 3560 4408 Ἐπὶ

1981 4441 2082 4510 τὴν
2117 4439 2268 4510 ἱερὰν
2300 4439 2549 4510 Βηθλεὲμ
2576 4441 2698 4509 ἄγει
2729 4443 2990 4514 σήμερον.
3023 4442 3115 4498 Est
3146 4445 3341 4498 ibidem
3369 4446 3458 4502 52.

2051 4532 2139 4587 67.
2196 4532 2332 4600 Λόγ.
2393 4530 2500 4602 κη’.
2544 4531 2766 4604 Ὀμιλία
2815 4537 2895 4598 είς
2943 4534 3043 4606 τὴν
3097 4536 3400 4607 ἀποστολὴν
3446 4537 3558 4591 τῶν

1981 4623 2188 4680 δώδεκα
2249 4625 2523 4696 μαθητῶν.
2569 4627 2792 4698 Ἐλέχθη
2817 4629 2876 4680 ἐν
2915 4631 2982 4699 τῇ
3014 4629 3175 4700 ἑορτῇ
3215 4629 3326 4682 τῶν
3381 4628 3557 4697 ἁγίων

1993 4716 2344 4789 Ἀναργύρων
2389 4721 2446 4772 ὲν
2486 4717 2566 4788 τῷ
2591 4718 2706 4789 ναῷ
2735 4717 2936 4773 αὐτῶν.
2968 4717 3152 4774 Sermo
3186 4719 3275 4774 28.
3319 4717 3556 4772 Homilia

1979 4809 2033 4863 iu
2083 4811 2380 4864 missionem
2409 4811 2682 4865 duodecim
2737 4813 3136 4880 discipuforum.
3191 4809 3554 4866 Pronuntiata

1981 4901 2082 4971 fuit
2125 4904 2179 4955 in
2231 4902 2363 4971 festo
2417 4912 2720 4956 sanctorum
2761 4904 3178 4972 Anargyrorum,
3219 4903 3274 4956 in
3319 4902 3555 4972 ipsorum

1978 4991 2191 5053 templo.
2250 4990 2462 5060 Incipit,
2522 4990 2759 5044 Εὑκαλεϊ
2811 4990 2911 5060 μὲν
2945 4992 3114 5060 ἡμᾶς,
3157 4985 3203 5045 ὦ
3258 4992 3550 5062 φιλέορτοι.

1978 5080 2070 5135 Est
2103 5080 2298 5134 ibidem
2334 5081 2425 5134 47.

1978 5183 1988 5224 t
2049 5171 2138 5227 69.
2179 5172 2308 5241 Λόγ.
2357 5170 2458 5228 κθ’.
2524 5173 2723 5243 Ομιλία
2763 5172 2843 5234 είς
2878 5171 2979 5242 τὴν
3015 5172 3321 5246 ἀποστολὴν
3352 5173 3461 5230 τῶν
3507 5177 3552 5227 ο⁹

1981 5263 2259 5334 μαθητῶν.
2301 5263 2526 5334 Ἐλέχθη
2570 5266 2628 5316 ὲν
2652 5266 2717 5333 τῇ
2748 5263 2910 5335 ἑορτῇ
2959 5265 3054 5318 τοῦ
3107 5266 3550 5336 ἀρχιστρατήγου

1977 5359 2215 5427 Μιχαὴλ.
2257 5359 2442 5413 Sermo
2463 5359 2553 5412 29.
2611 5357 2924 5412 Homiliaiu
2964 5361 3256 5414 missionem
3301 5374 3406 5414 ιιι
3435 5357 3552 5414 dis-

1976 5450 2289 5519 cipulorum.
2327 5449 2672 5503 Prouuutiata
2706 5450 2809 5520 fuit
2851 5453 2904 5504 in
2932 5453 3060 5521 festo
3102 5451 3372 5517 Principis
3403 5450 3550 5504 mili-

1977 5544 2063 5596 tia:
2089 5541 2379 5595 Michaelis.
2411 5541 2619 5610 Incipit,
2649 5543 2712 5596 Oi
2746 5544 2848 5612 μὲν
2875 5543 3120 5611 αἰσθητοὶ
3147 5540 3412 5611 λειμῶνες
3437 5540 3548 5594 τῶν

1977 5629 2232 5688 ποικίλων
2264 5633 2488 5687 ἀνθέων.
2520 5633 2843 5690 Numeratur
2879 5635 3071 5690 ibidem
3101 5633 3196 5690 48.

2053 5725 2136 5780 7i.
2167 5725 2298 5795 A67.
2359 5726 2424 5782 λ’.
2468 5726 2684 5798 Ὀμιλία
2727 5727 2953 5799 ρηθεῖσα
2995 5728 3076 5793 είς
3117 5727 3243 5795 τοὺς
3288 5729 3540 5797 Μακαρι-
