4062 6214
441 366 511 431 27
1614 356 1994 422 RECENSIO
2031 353 2198 415 COD.
2240 344 2569 413 MATRI'I‘.‘
3635 342 3710 405 ‘28

447 482 641 551 σςιούς.
687 480 911 550 Ἐλέχθη
970 482 1027 533 ὲν
1078 482 1145 551 τῇ
1195 479 1352 550 ἑορτῇ
1393 475 1485 531 τοῦ
1545 475 1700 543 ἁγίου
1732 473 2026 528 Νικολάου.

446 574 630 630 8.·νηιο
658 573 749 627 50.
790 571 1025 625 llomilia
1073 571 1220 624 dicta
1248 571 1301 624 in
1342 567 1730 624 Beatitudines.
1779 568 2029 619 Pronun-

448 670 583 722 tiata
618 664 801 735 fuitin
829 662 965 733 festo
993 663 1053 717 S.
1088 662 1323 717 Nicolai.
1348 660 1565 729 Incipit.
1601 658 1732 712 Ὀτε
1759 656 1896 726 πρὸς
1928 654 2027 722 τὴν

450 756 645 813 ἑαυτοῦ
684 755 838 810 θείαν
868 755 1089 826 αὐλὴνό
1123 753 1403 822 Δεσπότης
1441 750 1628 805 ἐκάλει
1657 748 1725 802 τὰ
1751 747 1860 801 ἴδια
1896 743 2030 815 πρό-

450 851 608 903 ϐατα.
643 846 741 902 Est
770 847 967 901 ibidem
994 846 1084 902 5i.

522 942 612 1007 75,
655 956 864 995 averso.
921 939 1054 1008 A67.
1102 938 1206 994 λα’.
1278 936 1498 1007 Ὀμιλία
1530 935 1611 996 είς
1653 933 1737 997 τὸ,
1788 950 1806 982 ι
1840 927 2031 991 Βίϐλος

447 1035 747 1096 Γενέσεως,
789 1052 807 1084 ι
880 1032 975 1085 καὶ
1043 1032 1171 1103 περὶ
1237 1029 1493 1101 Μάρθας.
1551 1025 1773 1095 Ἐλέχοη
1840 1023 1899 1073 ἐν
1952 1018 2031 1089 τῷ

451 1123 669 1191 ἄμϐωνι
700 1123 952 1193 κυριακῇ
980 1121 1085 1193 πρὸ
1110 1124 1208 1193 τῆς
1232 1119 1470 1193 Χριστοῦ
1497 1120 1826 1189 γεννήσεως.
1850 1114 2031 1170 Sermo

454 1214 545 1269 51.
581 1213 817 1268 Hontilia
856 1217 911 1269 in
956 1213 1130 1267 illud:
1168 1234 1185 1266 t
1217 1212 1369 1268 Liber
1397 1210 1783 1268 Generatiouis.
1816 1228 1834 1260 ι
1877 1215 1924 1261 et
1969 1205 2033 1258 de

458 1305 698 1361 Martha.
728 1305 1085 1360 Pronuntiata
1116 1306 1217 1374 fuit
1243 1306 1298 1359 in
1338 1307 1556 1359 amboue
1597 1301 1871 1356 Dominica
1912 1306 2033 1351 ante

458 1399 655 1455 Christi
674 1400 1044 1454 Nativitatem.
1085 1398 1294 1469 Incipit,
1318 1395 1425 1452 Τοῦ
1459 1398 1558 1467 μὲν
1586 1391 1846 1462 αἰσθητοῦ
1878 1389 2033 1461 ἡλίου

456 1490 552 1544 τοῦ
581 1491 877 1561 ὁρίζοντος.
914 1490 1243 1544 Numeratur
1282 1489 1477 1544 ibidem
1513 1487 1601 1541 l5.

527 1583 614 1637 76.
654 1584 787 1651 A67.
813 1581 915 1652 λβ’.
945 1580 1161 1651 Ὀμιλία
1194 1583 1275 1644 εἰς
1306 1580 1366 1633 τὸ
1389 1581 1529 1633 κατὰ
1559 1579 1837 1634 Ματθαῖον
1860 1578 2036 1643 Εὐαγ-

455 1671 658 1741 γέλιον,
694 1674 948 1744 Κυριακῇ
982 1676 1041 1726 A'
1067 1672 1373 1737 Ματθαίου,
1428 1690 1446 1723 ι
1477 1672 1666 1735 Ὅστις
1714 1669 2035 1740 ὁμολογήσει

457 1765 517 1816 ἐν
567 1766 710 1834 ἐμοί.
740 1784 760 1818 ι
806 1766 1029 1838 Ἑλέχθη
1072 1766 1131 1819 ἐν
1171 1766 1249 1833 τῷ
1292 1764 1507 1834 ἄμϐωνι
1556 1765 1655 1834 τῆς
1706 1762 2033 1832 ἐπισκοπῆς.

460 1857 646 1910 Sermo
680 1857 769 1911 52.
805 1857 1045 1912 Homilia
1088 1859 1143 1911 in
1190 1857 1533 1927 Evangelium
1571 1857 1859 1910 secundum
1898 1853 2040 1907 Mat-

458 1950 674 2013 tltteum,
712 1948 987 2004 Dom-inice
1029 1966 1046 2005 ι
1095 1948 1335 2003 Mattluei
1362 1964 1382 2003 :
1408 1968 1426 2001 ι
1468 1949 1779 2018 Quicunque
1826 1946 2042 2015 conﬁte-

460 2040 604 2095 bitur
639 2059 738 2095 me.
784 2061 803 2094 ι
839 2042 1192 2097 Pronuntiata
1231 2041 1335 2111 fuit
1376 2043 1432 2095 in
1475 2042 1693 2095 amboue
1730 2038 2039 2109 episcOpalis

459 2134 709 2190 ecclesia'.
744 2136 956 2205 Incipit,
1007 2135 1065 2189 Ὀ
1098 2137 1198 2206 μὲν
1238 2136 1430 2207 καιρὸς
1474 2135 1610 2205 πρὸς
1653 2133 1789 2187 αὐτὸ
1834 2134 1895 2186 τὸ
1941 2131 2038 2185 τοῦ

462 2223 640 2296 ἔαρος.
679 2226 774 2281 Est
805 2227 998 2281 ibidem
1027 2228 1118 2283 41.

534 2318 626 2387 79,
668 2334 877 2373 averso.
906 2322 1039 2388 A67.
1072 2321 1173 2389 ).7'.
1219 2321 1440 2392 Ὀμιλία
1471 2323 1551 2385 εἰς
1584 2321 1662 2388 τὸ,
1704 2340 1722 2373 ι
1772 2321 1830 2374 Ὀ
1851 2318 2042 2387 λύχνος

465 2410 720 2480 σώματος
744 2413 890 2466 ἐστιν
915 2416 943 2467 ὁ
972 2414 1273 2484 ὀφθαλμός.
1310 2435 1330 2468 ι
1367 2413 1550 2470 Sermo
1581 2414 1670 2470 55.
1702 2411 1940 2466 Homilia
1986 2412 2043 2465 in

464 2501 639 2556 illud.
678 2520 695 2552 t
732 2499 970 2556 Lucerna
1018 2506 1250 2571 corporis
1280 2516 1354 2559 est
1398 2506 1603 2559 oculus.
1665 2505 1879 2573 Incipit,
1930 2504 2042 2557 Kal.

462 2594 868 2664 χρεωφειλέτης
906 2595 1250 2667 εὐχάριστος.
1293 2595 1388 2650 Est
1422 2597 1615 2649 ibidem
1652 2595 1740 2648 4'2.

533 2685 622 2740 82.
663 2685 795 2752 A67.
826 2686 922 2741 λδ’.
965 2683 1182 2757 Ὀμιλία
1227 2688 1306 2752 εἰς
1346 2686 1414 2739 τὰ
1460 2686 1718 2740 ἐπίλοιπα
1767 2685 1883 2745 τοῦ,
1923 2702 1942 2736 ι
1983 2685 2043 2738 Ὀ

461 2774 653 2847 λύχνος
678 2776 772 2829 τοῦ
798 2776 1053 2845 σώματός
1080 2778 1226 2829 ἐστιν
1252 2778 1280 2829 ὁ
1310 2775 1606 2844 ὀφθαλμός.
1646 2793 1665 2827 ι
1714 2773 1943 2843 Ἑλέχοη
1986 2773 2044 2825 ὲν

464 2866 545 2935 τῷ
603 2866 840 2936 ἄμϐωνι.
896 2865 1080 2921 Sermo
1116 2866 1206 2920 54.
1255 2864 1497 2920 Homilia
1543 2867 1596 2920 in
1645 2866 1844 2935 reliqua
1902 2866 2043 2920 illius

466 2960 618 3024 dicti,
657 2978 676 3011 ι
705 2959 943 3014 Lucerna
986 2960 1220 3029 corporis
1267 2968 1343 3013 est
1380 2958 1580 3013 oculus.
1619 2977 1638 3010 ι
1695 2958 2046 3012 Prouuntiata

471 3051 569 3121 fuit
599 3049 652 3105 in
708 3052 945 3106 umbone.
979 3051 1193 3122 Incipit,
1242 3052 1305 3105 Οί
1341 3050 1597 3122 ἀγύρται,
1643 3050 1736 3105 καὶ
1780 3049 2044 3117 ἀγελαῖοι,

471 3146 568 3199 καὶ
624 3146 857 3214 πένητες
907 3145 1007 3209 τὰς
1055 3145 1234 3210 οίκίας
1278 3143 1743 3218 περινοστοῦντες.
1801 3142 2049 3200 Occurrit

469 3238 668 3293 ibidem
703 3238 796 3294 45.

539 3330 631 3398 85,
674 3345 891 3388 averso.
933 3330 1065 3398 A67.
1098 3331 1196 3385 λε’.
1248 3329 1469 3398 Ὀμιλία
1508 3330 1739 3401 ρηθεῖσα
1781 3329 1911 3400 περὶ
1952 3328 2048 3382 τοῦ

471 3424 877 3495 ἑκατοντάρχου
904 3425 1158 3496 Κυριακῇ
1183 3423 1227 3477 δ’
1259 3423 1689 3504 τοῦ⁶Ματθαίου.
1738 3422 1964 3504 Ἐλέχθη
1993 3423 2051 3476 ἐν

468 3518 551 3588 τῷ
578 3516 817 3586 ἄμϐωνι.
851 3513 1034 3571 Sermo
1059 3516 1149 3570 55.
1186 3502 1423 3569 Homilia
1462 3516 1606 3569 dicta
1658 3519 1725 3570 de
1753 3502 2053 3569 centurione

474 3605 756 3661 Dontinica
786 3602 857 3659 IV
893 3603 1156 3659 Matt/mi.
1192 3603 1551 3659 Prouuntiata
1576 3603 1675 3673 fuit
1707 3605 1762 3658 in
1807 3604 2052 3659 amboue.

473 3697 684 3768 Incipit,
729 3696 1169 3767 Ἀντιστρατεύει
1200 3698 1311 3761 τοῖς
1342 3686 1574 3765 ἀγαθοίξ
1611 3695 1818 3769 ἔργοις.
1852 3696 2054 3752 Recen-

474 3801 626 3846 selur
652 3788 849 3845 ibidem
881 3789 973 3843 44.

543 3881 636 3938 86.
671 3880 805 3949 A67.
860 3880 972 3947 λς’.
1024 3878 1240 3950 Ὀμιλία
1286 3880 1366 3944 είς
1396 3880 1495 3951 τὴν
1556 3880 1884 3951 περιϐουλὴν
1930 3882 2053 3952 (leg.

478 3973 815 4047 παραϐολὴν)
851 3974 946 4029 τοῦ
980 3972 1327 4044 ἀμπελῶνος.
1372 3974 1594 4047 Ἐλὲχθη
1634 3976 1693 4029 ὲν
1720 3972 1797 4045 τῷ
1820 3975 1933 4045 ναῷ
1962 3975 2056 4029 τοῦ

475 4067 637 4138 ἁγίου
664 4066 942 4136 Στεφάνου
969 4066 1028 4117 ἓν
1058 4068 1124 4137 τῇ
1150 4065 1443 4137 Πανόρμῳ.
1474 4064 1658 4122 Sermo
1700 4065 1791 4122 56.
1818 4064 2058 4120 Homilia

479 4161 535 4215 iu
580 4157 888 4228 parabolam
949 4157 1132 4213 uiuere.
1165 4156 1538 4225 {Pronuntiata
1597 4156 1700 4226 fuit
1744 4157 1801 4212 in
1870 4155 2061 4225 templo

484 4251 672 4309 Sancti
699 4250 956 4319 Stephani
1001 4250 1274 4304 Panormi.
1314 4247 1528 4318 Incipit.
1583 4246 1673 4311 Ὠς
1709 4247 1830 4303 λίαν
1872 4246 2061 4302 καλλί-

484 4360 618 4413 στην
671 4341 907 4411 συνῆψεν
964 4345 993 4395 6
1036 4342 1228 4412 χρῦνος
1282 4340 1383 4413 τὴν
1440 4339 1537 4395 τοῦ
1596 4338 2060 4412 πρωτομάρτυρος

484 4436 677 4507 ἑορτὴν
752 4438 818 4505 τῇ
890 4434 1197 4505 πανηγύρει
1270 4435 1380 4488 τῶν
1437 4433 1729 4503 γενεθλίων
1798 4430 2058 4506 Χριστοῦ.

486 4529 717 4594 Desinit,
755 4526 865 4581 Kal.
895 4527 992 4580 νῦν
1022 4526 1393 4596 ἐπηγγείλατο
1425 4526 1603 4581 πίνειν
1654 4527 1711 4581 τὸ
1730 4526 1825 4581 τοῦ
1869 4526 2062 4597 νοητοῦ

486 4621 634 4677 οἴνου
676 4620 959 4690 ποτήριον,
1002 4610 1065 4671 οὗ
1104 4617 1200 4670 καὶ
1247 4617 1395 4689 ἡμᾶς
1424 4620 1749 4691 μετασχεῖν,
1811 4619 1870 4674 ὲν
1914 4618 2065 4688 αὐτῷ

485 4710 710 4784 Χριστῷ
745 4711 824 4781 τῷ
852 4707 972 4781 Θεῷ
996 4726 1015 4744 ·
1050 4702 1095 4778 ᾧ
1123 4709 1157 4779 ή
1199 4708 1325 4774 δόξα
1359 4709 1455 4764 καὶ
1488 4709 1569 4780 τῷ
1609 4709 1811 4777 κράτος
1864 4710 1960 4764 σὺν
1988 4708 2066 4778 τῷ

487 4802 712 4875 ἀνάρχῳ
743 4798 918 4871 Πατρὶ
943 4799 1039 4855 καὶ
1070 4797 1150 4870 τῷ
1185 4798 1454 4869 ὁμοουσίῳ
1490 4799 1585 4853 καὶ
1615 4796 1867 4868 ζωοποιῷ
1903 4797 2069 4852 11νεὺ-

494 4913 626 4967 ματι
662 4878 739 4955 εἷς
791 4893 919 4956 τοὺς
943 4890 1167 4955 αίῶνας.
1213 4891 1404 4961 Ἀμήν.
1782 4957 1787 4963 1

563 4988 655 5053 88,
693 5001 900 5042 averso.
935 4986 1068 5054 A67.
1091 4985 1191 5049 λζ’.
1236 4982 1452 5054 Ὀμιλία
1481 4984 1561 5045 εἰς
1590 4982 1653 5035 τὸ
1683 4981 1823 5035 κατὰ
1853 4983 2068 5035 Λουκᾶν

493 5076 828 5146 Εὐαγγέλιον
854 5076 982 5146 περὶ
1012 5078 1112 5147 τῆς
1132 5076 1306 5148 ἄγρας
1333 5076 1443 5129 τῶν
1475 5074 1695 5145 ίχθύων.
1753 5073 1980 5146 Ἐλὲχθη
2010 5074 2070 5128 ὲν

491 5168 571 5240 τῷ
588 5167 825 5240 ἄμϐωνι.
851 5165 1036 5222 Sermo
1057 5168 1146 5223 56.
1173 5166 1409 5223 ffotnilia
1433 5168 1489 5221 in
1506 5166 1852 5237 Evangelium
1878 5182 2065 5221 secun-

493 5264 619 5318 dum
648 5260 846 5315 Lucam
874 5259 939 5314 de
970 5268 1189 5327 captura
1222 5261 1465 5331 piscium.
1494 5258 1847 5313 Pronuntiata
1886 5257 1985 5326 fuit
2016 5257 2073 5312 in

496 5346 738 5403 amboue.
774 5342 986 5413 Incipit,
1021 5344 1351 5416 Ἐπειδήπερ
1391 5344 1566 5415 ἀρχὴν
1589 5342 1801 5414 εἰλήφει
1832 5343 2074 5413 σήμερον

498 5435 1064 5506 ὗπαναγινώσκεσθαι.
1102 5434 1197 5490 Est
1226 5436 1421 5492 ibidem
1451 5437 1507 5492 5.

570 5528 662 5584 90.
700 5528 832 5598 Λόγ.
871 5528 975 5598 λη’.
1019 5526 1237 5598 Ὀμιλίσι
1283 5528 1413 5599 περὶ
1456 5527 1550 5582 τοῦ
1577 5527 1695 5582 υίοῦ
1740 5529 1840 5600 τῆς
1877 5526 2072 5597 χήρας.

515 5620 741 5691 Ἐλέχθη
768 5622 825 5676 ὲν
860 5623 928 5692 τῇ
962 5620 1169 5693 μεγάλῃ
1196 5620 1330 5692 μονῇ
1372 5620 1464 5674 τοῦ
1516 5621 1766 5693 Σωτῆρος
1797 5619 2079 5690 ιἈκροτη-

508 5714 648 5785 ρίου,
677 5712 1044 5777 ἀποθανόντος
1079 5711 1175 5767 τοῦ
1212 5710 1431 5784 πρώτου
1474 5711 1703 5782 ψάλτου.
1755 5710 1942 5766 Sermo
1985 5707 2076 5761 58.

511 5804 749 5862 Ilomilia
782 5806 845 5862 de
882 5806 991 5860 ﬁlio
1033 5806 1219 5862 t'itltuc.
1258 5806 1612 5861 Pronuntiuta
1655 5804 1753 5874 fuit
1802 5804 1854 5858 in
1893 5815 2078 5869 magno

2130 466 2449 522 monasterio
2482 458 2781 518 Saluatoris
2827 458 3236 527 ’Attpotnplov,
3277 459 3447 526 primo
3491 468 3709 516 cantare

2129 559 2423 613 demortuo.
2443 550 2868 624 Incipit,'AD.'qv
2895 550 3148 603 ὗπὸθεσιν
3169 549 3502 620 ὡρμημένος
3519 551 3709 621 προοί.

2133 664 2257 719 μιον
2280 647 2375 701 τοῦ
2408 646 2568 714 λόγου
2592 641 2941 714 ποιήσασθαι.
2970 639 3065 695 Est
3087 640 3282 696 ibidem
3312 641 3368 695 ϐ.

2201 739 2281 795 Ex
2314 738 2477 809 hujus
2510 735 2746 793 homilim
2784 731 3156 801 inscriptione,
3190 748 3311 801 qua:
3355 730 3416 785 P.
3451 730 3709 787 Scorsum

2130 831 2312 895 latuit,
2350 830 2457 885 duo
2493 828 2628 882 scitu
2655 825 2813 896 digna
2843 822 3087 894 colligas,
3111 837 3229 876 eam
3262 822 3510 878 videlicet
3550 824 3676 877 hahi
3697 854 3711 864 -

2133 931 2240 977 tam
2273 919 2438 975 fuisse
2468 917 2750 983 Messanae,
2784 915 2981 986 quippe
3029 913 3183 981 cujus
3220 913 3273 966 in
3312 924 3500 983 portus
3540 915 3712 986 ἀκρο-
3815 927 3819 930 '

2131 1013 2326 1084 τηρίῳ,
2384 1012 2498 1067 sive
2548 1008 2881 1073 summitate,
2948 1006 3150 1062 exstitit
3201 1004 3329 1059 olim
3390 1004 3710 1067 Salvutoris.

2131 1106 2275 1175 quod
2332 1103 2419 1158 hic
2480 1109 2834 1164 memoratur,
2886 1097 3295 1158 monasterium.
3358 1108 3416 1151 ut
3464 1113 3531 1152 ex
3582 1106 3713 1152 nota

2133 1196 2335 1253 codicis
2392 1195 2449 1259 2,
2503 1194 2666 1264 hujus
2718 1191 2887 1246 nostri
2935 1189 3163 1260 catalogi
3223 1189 3380 1259 plane
3454 1198 3711 1253 constat;

2135 1289 2325 1344 deinde
2351 1286 2548 1349 virum,
2579 1283 2731 1351 cuius
2764 1281 3122 1353 Theophanes
3158 1288 3386 1335 mortem
3429 1279 3482 1333 in
3510 1279 3717 1332 oratio-

2137 1382 2222 1437 uis
2247 1378 2470 1437 exordio
2501 1378 2768 1446 deplorat,
2816 1374 3056 1444 ejusdem
3108 1372 3423 1428 monasterii
3466 1371 3715 1426 ecclesia:

2136 1468 2558 1540 πρωτοψάλτην,
2600 1468 2650 1521 id
2686 1475 2789 1534 est,
2841 1466 3070 1535 primum
3102 1473 3403 1529 cautorem,
3450 1464 3531 1518 vel
3571 1478 3716 1532 prae-

2136 1574 2412 1620 centorem
2435 1562 2732 1619 exstitisse.
2759 1560 2910 1627 Quod
2948 1566 3126 1613 autem
3158 1573 3282 1612 eum
3309 1556 3533 1611 Iratrem
3556 1572 3715 1610 suum

2137 1656 2390 1727 appellat,
2428 1670 2533 1709 non
2563 1652 2687 1709 inde
2720 1667 2851 1707 sane
2892 1650 3180 1706 conficitur
3222 1653 3346 1704 eum
3393 1649 3497 1720 ipsi
3547 1649 3719 1704 fuisse

2139 1745 2419 1815 sanguinis
2443 1746 2761 1814 cognatione
2796 1741 3040 1807 fratrem,
3067 1739 3520 1811 quemadmodum
3570 1740 3718 1793 idem

2137 1837 2201 1894 Ρ.
2243 1836 2470 1893 Scorsus
2503 1836 2554 1891 in
2591 1837 2734 1891 notis
2777 1833 3045 1900 aﬂirmat;
3077 1833 3181 1887 hoc
3207 1832 3353 1887 enim
3391 1840 3453 1885 ut
3497 1831 3721 1886 nomine

2140 1931 2510 2003 compellaret,
2563 1944 2743 1984 nonne
2798 1927 2879 1981 vel
2943 1924 3224 1980 familiaris
3262 1924 3529 1979 .sodalitii
3587 1923 3723 1979 satis

2141 2033 2259 2080 erat
2296 2021 2647 2093 coniunctio?
2688 2019 2958 2073 Prteterea
2991 2017 3036 2073 si
3066 2031 3228 2073 verus
3264 2015 3576 2086 Theophani
3621 2015 3724 2069 de-

2142 2117 2398 2172 cessisset
2429 2117 2614 2179 frater,
2648 2128 2715 2167 an
2740 2110 2997 2167 credibile
3024 2119 3106 2165 est
3136 2124 3259 2164 eum
3285 2110 3338 2162 in
3371 2108 3459 2162 illo
3484 2116 3723 2161 tantum-

2142 2210 2309 2265 modo
2368 2206 2555 2261 formae
2602 2206 2801 2269 decus,
2864 2202 3077 2269 dignam
3146 2200 3452 2255 sacerdotio
3504 2199 3722 2261 faciem,

2143 2311 2352 2374 gratam
2399 2301 2451 2354 in
2495 2298 2746 2354 convictu
2789 2295 3123 2357 comitatem,
3171 2294 3368 2348 variam
3403 2307 3465 2346 ac
3494 2307 3719 2348 suavem

2144 2394 2454 2465 psalmodias
2537 2390 2995 2453 modulationem,
3044 2385 3418 2459 prmtermissis
3488 2382 3718 2436 fraterni

2144 2487 2346 2543 amoris
2398 2482 2730 2539 dulcissimis
2784 2481 3059 2544 sensibus,
3102 2477 3266 2531 fuisse
3325 2474 3719 2529 lztu‘aturum?

2144 2580 2350 2636 Deinde
2386 2578 2439 2631 in
2474 2577 2589 2645 ipsa
2625 2573 2854 2629 humilia:
2898 2571 3251 2639 inseriptione
3293 2565 3479 2620 fratris
3519 2566 3724 2632 potius,

2145 2685 2310 2742 quam
2341 2667 2579 2726 cantoris
2608 2665 2750 2719 facta
2784 2663 2975 2718 fuisset
3000 2662 3219 2715 mentio.
3247 2660 3551 2719 Postremo,
3581 2656 3723 2724 quod

2146 2759 2388 2815 omnium
2441 2756 2713 2811 rationum
2747 2759 2926 2821 caput,
2961 2749 3121 2804 nullis
3172 2748 3480 2801 litterarum
3530 2762 3724 2800 monu-

2146 2851 2346 2907 mentis
2373 2847 2730 2916 TheOphanes
2763 2842 2982 2897 fratrem
3005 2839 3266 2894 habuisse
3300 2837 3555 2891 traditur.

2219 2944 2307 2998 95.
2346 2941 2479 3009 A67.
2533 2936 2633 2993 3.0'.
2703 2934 2922 3006 Ὀμιλία
2982 2934 3063 2997 είς
3110 2932 3209 3000 τὴν
3257 2930 3573 2998 παραϐολὴν
3628 2929 3727 2983 τοῦ

2150 3032 2377 3104 σπόρου.
2417 3027 2643 3100 Ἐλέχθη
2671 3024 2828 3095 ἐντῷ
2872 3022 3106 3094 suam.
3153 3020 3335 3077 Sermo
3365 3019 3452 3074 59.
3492 3018 3727 3073 llomilia

2148 3128 2203 3181 in
2234 3121 2543 3190 parabolant
2573 3118 2840 3175 sementis.
2877 3113 3236 3167 Pronuntiata
3260 3112 3360 3181 fuit
3403 3111 3455 3163 in
3484 3111 3727 3165 umbone.

2150 3218 2363 3286 Incipit,
2417 3217 2479 3270 Οί
2522 3214 2621 3276 τὰς
2671 3209 2888 3283 μακρὰς
2938 3206 3246 3276 ἀποδημίας
3290 3205 3413 3259 κατ’
3457 3201 3732 3275 ἐμπορίαν

2151 3310 2383 3365 πλούτου
2410 3306 2773 3376 στελλόμενοι.
2818 3303 2912 3358 Est
2943 3301 3139 3355 ibidem
3164 3297 3217 3351 7.

2221 3403 2312 3467 95,
2352 3414 2564 3454 averso.
2606 3394 2737 3464 A67.
2782 3392 2856 3464 μ’.
2904 3390 3125 3462 Ὀμιλία
3200 3388 3328 3458 περὶ
3380 3386 3472 3441 τοῦ
3519 3389 3732 3458 ἐπερω-

2151 3496 2418 3567 τήσαντος
2438 3487 2690 3560 νομικοῦ.
2726 3486 2950 3556 Ἐλέχθη
2981 3485 3038 3536 ὲν
3063 3483 3142 3554 τῷ
3164 3474 3379 3553 ἄμϐωνι
3409 3478 3509 3549 τῆς
3548 3479 3737 3548 ἀρχιεν

2154 3585 2435 3655 πισκοπῆς
2471 3581 2609 3652 μετὰ
2634 3579 2734 3651 τὴν
2755 3580 2819 3633 ὲκ
2860 3574 3111 3639 Σικελίας
3141 3572 3508 3643 ὑποστροφήν.
3550 3567 3737 3624 Sermo

2154 3683 2246 3736 40.
2281 3677 2513 3733 Homilia
2543 3676 2608 3730 de
2642 3672 2940 3743 legisperito
2977 3671 3356 3736 interrogante.
3377 3664 3734 3718 Pronuntiata

2157 3773 2259 3844 fuit
2290 3772 2342 3824 in
2377 3770 2594 3823 amboue
2618 3765 2848 3820 ecclesia:
2880 3759 3371 3829 archiepiscopalis,
3415 3765 3525 3823 post
3574 3770 3733 3808 suum

2156 3880 2221 3921 ex
2268 3859 2457 3919 Sicilia
2509 3859 2756 3912 reditum.
2808 3854 2880 3907 At
2912 3852 3193 3921 legendum
3238 3850 3327 3904 hic
3383 3847 3614 3909 videtur,
3652 3846 3735 3909 εἰς

2160 3955 2429 4015 Σικελίαν.
2479 3953 2535 4007 in
2588 3949 2853 4009 Siciliam.
2900 3953 2960 3998 ut
3011 3944 3126 4013 ipse
3172 3939 3407 3997 homilim
3452 3946 3736 3994 contextus

2161 4048 2421 4107 clamitat.
2481 4038 2693 4110 Incipit,
2727 4036 2802 4090 Οὐ
2851 4033 3106 4088 τοσοῦτον
3157 4026 3459 4100 αὐχμώδης
3498 4028 3595 4098 γῆ,
3645 4023 3740 4080 καὶ

2158 4141 2378 4216 κραναὴ
2413 4137 2508 4191 καὶ
2539 4133 2868 4202 κατάξηρος.
2903 4129 3000 4183 Est
3025 4126 3219 4187 ibidem
3259 4124 3349 4179 il.

2235 4232 2411 4304 Ilujus
2440 4225 2674 4286 homilite
2704 4225 2805 4280 sub
2841 4221 2999 4276 linem
3032 4218 3275 4274 occurrit
3318 4216 3464 4272 Patri
3518 4215 3740 4280 Scorso,

2163 4343 2288 4399 pag.
2325 4323 2534 4381 scilicet
2559 4319 2628 4376 68
2649 4313 2900 4372 editionis
2930 4313 2996 4367 ab
3027 4312 3144 4382 ipso
3191 4308 3371 4370 factae.
3404 4306 3495 4361 ubi
3525 4306 3748 4361 elucent

2164 4395 2280 4474 haec
2332 4414 2496 4471 verba
2574 4406 2838 4465 asterisco
2886 4409 3069 4459 notata
3141 4399 3245 4455 κᾶν
3304 4398 3569 4469 ἐτύγχανε
3622 4395 3745 4467 τὴν,

2166 4512 2317 4565 locus
2344 4505 2627 4574 scriptura:
2660 4499 2963 4569 depravatae
2996 4493 3126 4548 vitio
3177 4490 3331 4546 valde
3371 4493 3633 4545 obscurus
3682 4501 3745 4541 ac

2167 4599 2423 4665 dilﬁcilis,
2446 4609 2632 4667 quem,
2675 4589 2899 4647 alterius
2938 4583 3266 4654 exemplaris
3314 4580 3554 4637 subsidio
3589 4580 3746 4648 plane

2167 4692 2481 4755 destitutus,
2530 4701 2590 4743 se
2627 4685 2719 4739 ille
2770 4681 3052 4751 profitetur
3095 4680 3514 4732 commentatum
3565 4669 3745 4738 potius

2168 4799 2289 4842 esse
2320 4797 2483 4854 quam
2520 4780 2961 4847 interpretatum.
3002 4769 3058 4824 Id
3093 4774 3275 4822 autem
3309 4764 3497 4818 vitium
3533 4771 3642 4815 tum
3673 4772 3738 4811 ex

2170 4850 2496 4949 praepostera
2553 4866 2873 4939 traiectione
2924 4862 3214 4918 verborum
3255 4872 3320 4912 ex
3369 4868 3473 4909 una
3524 4850 3748 4922 periodo

2172 4944 2225 5025 in
2247 4944 2429 5031 aliam,
2451 4976 2561 5018 tum
2580 4978 2646 5017 ex
2664 4973 2826 5032 prava
2850 4956 3000 5011 vocis
3018 4948 3383 5023 ὲτυγχανέτην
3403 4945 3456 5000 ἰιι
3481 4944 3753 5015 ἐτύγχανε

2174 5076 2238 5117 ac
2270 5060 2372 5131 τὴν
2401 5055 2667 5143 divisione
2720 5062 2948 5123 prorsus
2981 5044 3278 5100 emanavit.
3322 5040 3396 5095 At
3438 5053 3560 5093 cum
3594 5037 3753 5106 hujus

2173 5154 2294 5210 vitii
2328 5128 2530 5221 expers
2564 5147 2633 5202 sit
2662 5143 2796 5199 liber
2824 5150 3028 5203 noster,
3054 5150 3232 5207 operte
3277 5133 3510 5207 pretium
3557 5128 3750 5221 facturi

2174 5247 2345 5301 simus
2373 5215 2690 5299 niaximum,
2721 5232 2790 5298 si,
2825 5245 2935 5302 quo
2966 5237 3112 5286 totus
3152 5230 3303 5280 locus
3340 5220 3559 5278 sanitati
3591 5215 3750 5272 resti-

2177 5343 2382 5400 tuatur,
2413 5330 2575 5386 verba
2607 5325 2789 5381 omnia
2827 5325 2896 5378 ad
2940 5322 3115 5391 ipsum
3160 5313 3563 5385 intelligendum
3586 5306 3754 5377 perti-

2176 5428 2383 5492 nentia,
2437 5429 2598 5492 prout
2648 5419 2701 5474 in
2763 5415 2966 5471 codicis
3014 5427 3116 5468 ms.
3168 5408 3262 5464 fol.
3335 5417 3523 5461 averso
3576 5399 3646 5456 97
3694 5414 3755 5455 se

2179 5523 2404 5583 habent,
2436 5530 2600 5587 quam
2650 5506 3056 5585 accuratissime
3097 5507 3570 5573 repraesentemus,
3611 5500 3759 5547 aste-

2181 5613 2335 5669 riscis
2362 5626 2424 5665 ea
2454 5585 2708 5664 videlicet
2729 5599 3019 5670 complexi,
3042 5613 3162 5668 quae
3185 5595 3300 5652 suis
3329 5601 3507 5645 emata
3534 5585 3760 5642 sedibus

2183 5713 2568 5771 corruptaque,
2596 5697 2980 5755 obscuritatem
3011 5701 3292 5763 peperere.
3314 5682 3386 5739 Ea
3419 5695 3545 5738 vero
3576 5678 3759 5747 hujus-

2187 5793 2329 5849 modi
2361 5799 2506 5847 sunt.
