4062 6214
405 315 473 381 31
1558 313 1942 378 RECENSIO
1982 312 2148 372 COD.
2194 313 2509 374 MATRIT.
3608 308 3677 370 3?.

407 436 770 494 Prouuntiata
799 442 900 509 fuit
936 442 1193 500 Panormi
1224 446 1278 500 iu
1318 447 1726 516 processioncm,
1762 447 1817 497 in
1848 457 1983 511 pm-

408 531 579 582 sentia
634 533 787 600 regis.
832 533 1045 601 Incipit,
1088 537 1295 609 Φαιδρά
1335 542 1436 609 τῆς
1472 538 1756 609 παρούσης
1789 536 1987 605 ἑορτῆς

408 621 443 689 ἡ
485 621 814 686 συνέλευσις,
848 620 1075 697 λαμπρά
1102 628 1203 699 τῆς
1242 629 1607 700 πανηγύρεως
1632 629 1666 700 η
1694 626 1988 698 συνάθροι·

411 728 514 773 σις.
546 712 638 765 Est
667 712 862 767 ibidem
894 714 987 773 26.

482 799 653 869 Hujus
702 801 935 859 humilia,
975 808 1407 883 inscriptionem,
1462 817 1718 873 Panormi
1764 816 1987 872 nomine

410 901 646 957 auctam,
696 895 742 949 si
775 896 1000 954 vidisset
1047 900 1110 957 P.
1152 903 1405 970 Scorsus,
1449 923 1555 963 non
1584 924 1704 965 eam
1757 908 1989 962 fortasse

412 996 581 1038 ausus
614 986 804 1043 luisset
831 990 1294 1066 Constantinopoli
1326 1014 1510 1057 coram
1540 1001 1867 1071 imperatore
1888 1004 1991 1056 ha-

415 1075 733 1168 bitampesse
766 1093 874 1136 tam
907 1090 1108 1143 acriter
1141 1092 1192 1145 in
1240 1092 1477 1150 Proteu).
1519 1095 1581 1163 ll,
1608 1096 1634 1168 §
1665 1096 1719 1162 6,
1760 1106 1987 1152 conten-

412 1164 559 1221 dere.
586 1166 784 1226 Verum
817 1173 905 1227 ille
928 1184 1039 1231 toto
1070 1180 1252 1237 animo
1277 1199 1339 1239 ac
1364 1187 1540 1241 studio
1566 1164 1631 1242 ad
1656 1189 1988 1255 probandum

414 1256 681 1315 incumbit
701 1264 965 1322 vocabqu
999 1268 1280 1340 βασιλεὺς,
1303 1278 1445 1344 quod
1483 1276 1846 1347 Theophanes
1868 1296 1989 1334 cum

418 1349 524 1413 hic,
578 1361 690 1407 tum
742 1356 893 1423 alibi,
941 1370 1067 1428 puta
1108 1362 1325 1419 homilia
1362 1367 1397 1420 4
1432 1377 1485 1422 et
1536 1368 1627 1432 40,
1690 1372 1989 1425 secundum

416 1438 740 1499 Scorsanam
788 1450 1107 1517 editionem,
1139 1467 1390 1527 usurpat,
1431 1458 1991 1530 Conatautinopolita-

414 1540 601 1587 tanum
630 1536 1036 1606 imperatorem,
1070 1560 1173 1600 non
1210 1546 1454 1604 Siculum
1481 1567 1660 1621 regem
1694 1554 1987 1622 designari.

416 1623 547 1679 I‘Zsto
590 1641 745 1693 sane,
780 1636 1237 1699 quemadmodum
1271 1641 1384 1710 ipse
1428 1642 1616 1697 multis
1651 1646 1989 1714 comprobat,

415 1714 467 1769 id
505 1721 850 1789 vocabulum,
883 1728 950 1779 ad
975 1725 1215 1786 Orientis
1256 1733 1617 1803 imperatores
1660 1738 1727 1790 ab
1770 1738 1995 1807 Eumpze

414 1808 633 1876 regibus
657 1818 1042 1885 secernendos,
1079 1822 1130 1875 in
1154 1822 1462 1891 diplomatis
1496 1828 1612 1884 sive
1645 1829 1764 1885 aliis
1796 1832 1995 1885 instrn-

418 1902 617 1957 mentis
655 1905 887 1974 publicis
927 1908 1090 1966 l'uerit
1131 1915 1420 1985 usitatum;
1465 1918 1558 1975 sed
1596 1937 1802 1977 morem
1850 1924 1996 1979 hunc

416 2007 525 2047 non
555 1997 626 2049 ita
664 1999 882 2066 quidem
918 2004 1214 2063 invaluisse
1254 2012 1602 2079 crediderim,
1636 2025 1695 2071 ut
1729 2017 1996 2086 episcopis

417 2098 576 2155 rcges
610 2103 736 2144 suos
783 2092 834 2146 in
878 2096 1155 2163 precibus,
1190 2109 1287 2155 aut
1321 2104 1701 2169 concionihus,
1749 2116 1842 2161 aut
1890 2109 1996 2163 alio

420 2179 615 2245 quovis
675 2184 940 2241 orationis
973 2203 1169 2258 genere
1214 2194 1543 2263 compellare
1591 2196 1853 2266 βασιλέας
1892 2201 1998 2254 mi-

421 2269 568 2326 nime
602 2272 809 2330 liceret.
837 2275 1107 2336 Caeterum
1158 2299 1311 2339 suam
1344 2298 1742 2347 commentator
1787 2293 2000 2362 opinio-

419 2374 544 2415 nem
578 2364 657 2419 sic
687 2367 960 2424 mordicus
987 2372 1184 2443 ubique
1207 2384 1373 2443 tenet,
1402 2388 1460 2433 ut
1480 2382 1693 2450 quoties
1720 2394 1997 2440 auctorem

424 2452 684 2539 dacili-:6;
747 2472 944 2516 nomen
1009 2463 1373 2532 proferentetn
1444 2474 1615 2539 audit,
1658 2490 1783 2530 eum
1841 2478 2000 2533 toties

421 2538 952 2631 Constantinopolim
1004 2566 1179 2621 usque
1230 2570 1417 2612 coram
1474 2538 1803 2631 imperatore
1834 2567 1998 2621 verba

421 2630 715 2700 facturum,
770 2652 837 2693 eo
883 2640 1005 2710 ipso
1060 2653 1304 2715 tempore
1350 2663 1460 2719 quo
1504 2666 1604 2709 nec
1644 2670 1675 2709 a
1726 2655 1871 2727 regis
1915 2658 1999 2713 sui

421 2739 717 2819 conspectu
746 2731 961 2798 oculos.
994 2750 1095 2791 nec
1127 2752 1158 2791 a
1193 2737 1381 2795 Sicilia
1412 2743 1605 2812 pedem
1643 2756 1847 2815 movet,
1874 2764 2001 2819 per-

423 2816 647 2886 ducere,
677 2822 764 2876 vel
802 2824 985 2892 potius
1018 2828 1235 2886 trahere
1259 2844 1605 2903 nequaquam
1642 2836 1868 2893 dubitet.

492 2909 619 3001 1'51,
666 2926 879 2969 averso.
934 2916 1071 2987 A67.
1113 2918 1208 2975 vc'.
1247 2921 1470 2994 Ὀμιλία
1502 2928 1583 2991 εἰς
1613 2928 1697 2993 τὸ,
1747 2948 1766 2981 r
1805 2931 1920 3001 Πρὸ
1945 2931 2005 2997 ἒξ

424 3000 653 3096 ⁴ἰὲμεμρῶν
670 3002 765 3096 τοῦ
794 3004 1040 3077 Πάσχα.»
1070 3008 1533 3086 Superscriptttm,
1581 3019 1809 3094 Ἐλέχθη
1840 3000 1899 3076 ἐν
1927 3024 2005 3096 τῷ

427 3091 667 3162 ἇμϐωνι.
726 3092 912 3152 Sermo
952 3097 1044 3155 55.
1098 3100 1335 3161 Homilia
1371 3110 1427 3162 in
1462 3108 1598 3163 illud
1625 3127 1645 3165 :
1685 3091 1872 3167 tvante
1913 3091 2007 3169 sea:

424 3184 534 3238 dies
575 3182 818 3243 Paschw.
855 3208 875 3241 ι
912 3188 1271 3249 Prouuntiata
1320 3198 1421 3267 fuit
1452 3202 1505 3256 in
1527 3202 1770 3259 amboue.

496 3279 707 3349 Incipit,
748 3284 855 3338 Τοῦ
896 3287 1170 3342 Δεσπότου
1201 3288 1296 3344 καὶ
1337 3292 1591 3365 Σωτῆρος
1625 3297 1784 3368 ημῶν
1824 3298 2004 3369 Ἰησοῦ

424 3370 487 3424 τὸ
515 3371 800 3443 ὑπερφυὲς
846 3378 942 3431 καὶ
984 3380 1128 3448 μέγα
1174 3380 1362 3453 θαῦμα
1409 3387 1741 3457 ποιήσαντος
1774 3389 1874 3463 τὴν
1912 3409 2006 3445 τε·

426 3464 745 3534 τραημέρου
797 3466 891 3521 τοῦ
941 3469 1198 3541 Λαζάρου
1234 3473 1557 3531 ἀνάστασιν.
1612 3478 1840 3546 Desinit,
1895 3481 2008 3535 Kal

424 3558 493 3627 τῇ
521 3556 739 3628 θεότητι
758 3559 847 3613 διά
882 3560 979 3614 τοῦ
1007 3564 1425 3635 προλήμματος,
1452 3566 1589 3638 ὅπερ
1608 3569 1799 3637 γέγονε
1816 3570 2007 3626 ὲνώσει

425 3648 711 3719 όμόθειον’
746 3652 806 3705 ὲν
855 3653 957 3724 μιᾷ
1000 3654 1095 3707 τοῦ
1121 3654 1280 3725 λόγου
1315 3658 1654 3716 ὑποστάσει·
1690 3662 1788 3716 σὺν
1832 3665 2008 3736 Πατρί

428 3738 525 3792 καὶ
549 3739 830 3811 Πνεῦματι
864 3742 1227 3815 δοξαζόμενον
1260 3745 1359 3802 νῦν
1384 3749 1482 3803 καὶ
1511 3750 1622 3819 ἀεὶ,
1648 3753 1745 3809 καὶ
1769 3755 1851 3819 εἰς
1879 3757 2008 3821 τοὺς

428 3833 652 3899 αἰῶνας.
703 3835 901 3908 Ἀμήν.

505 3928 628 3983 154.
659 3929 790 3998 Λόγ.
816 3928 923 3995 νς’.
953 3930 1167 4001 Ὀμιλία
1192 3934 1271 3998 εἰς
1286 3934 1387 4008 τὴν
1408 3937 1727 4011 παραϐολὴν
1746 3940 1855 3994 τῶν
1874 3940 2008 3995 δέκα

431 4020 743 4091 παρθένων.
779 4020 962 4077 Sermo
1002 4022 1089 4078 56.
1122 4024 1364 4080 Homilia
1403 4029 1457 4082 in
1484 4030 1795 4095 parabolam
1830 4033 2008 4087 decem

439 4106 743 4177 Virginum.

499 4200 717 4271 Incipit,
751 4203 970 4276 Ταύτην
1004 4207 1116 4277 ἐγὼ
1145 4209 1376 4281 πάσχειν
1419 4210 1575 4265 έοικα
1619 4212 1863 4283 σήμερον
1892 4213 2006 4268 ὅσοι

429 4296 864 4365 περισκοποῦσιν
898 4297 1244 4368 ὲναιθρίατον
1282 4302 1512 4369 οὐρανὸν
1542 4302 1637 4356 καὶ
1661 4302 2007 4371 θαυμάζουσι

428 4384 539 4438 τῶν
577 4386 823 4457 ἀστέρων
861 4389 931 4443 τά
982 4391 1379 4461 σελαγίσματα.
1429 4394 1657 4457 Desinit,
1694 4393 1786 4465 Τῷ
1835 4393 2005 4467 ἰλαρῷ

426 4476 527 4547 τῆς
557 4476 930 4548 ἐλεημοσύνης
958 4479 1121 4551 ἐλαίῳ
1160 4485 1369 4554 ταύτην
1414 4484 1749 4550 πιαίνοντες,
1784 4486 1871 4540 ἵνα
1909 4488 2006 4541 καὶ

426 4565 513 4637 τῷ
529 4568 753 4640 νυμφίῳ
790 4570 1015 4641 Χριστῷ
1055 4574 1136 4635 εἰς
1165 4573 1256 4627 τὸν
1303 4574 1575 4646 μακάριον
1616 4575 1861 4646 θάλαμον
1907 4577 2005 4631 σὺν

427 4658 784 4730 εἰσέλθωμεν,
826 4662 1056 4719 καὶτῶν
1096 4665 1393 4736 ἀκηράτων
1432 4666 1657 4735 ἀγαθῶν
1674 4668 2006 4723 ἀπολαύσωη

430 4767 551 4820 μεν,
594 4753 652 4805 έν
683 4753 905 4826 Χριστῷ
936 4756 1117 4827 Ἰησοῦ
1149 4758 1232 4830 τῷ
1271 4759 1461 4830 Κυρίῳ
1502 4761 1663 4831 ἡμῶν
1686 4778 1701 4793 ο
1735 4754 1780 4830 ᾧ
1813 4764 1845 4833 ἡ
1877 4762 2004 4830 δόξα

426 4843 508 4906 εἰς
537 4845 666 4906 τοὺς
698 4846 1043 4917 ἀπεράντους
1068 4850 1276 4914 αἰῶνας
1303 4851 1413 4905 τῶν
1442 4852 1679 4909 αἰώνων.
1720 4854 1919 4926 Ἀμήν.

500 4934 624 5000 156,
662 4950 874 4993 averso.
902 4939 1037 5009 Λόγ.
1074 4941 1173 5007 νζ¹.
1208 4943 1314 4995 Τοῦ
1346 4944 1514 4997 αὐτοῦ
1536 4944 1724 5015 ὁμιλία
1750 4947 1877 5017 περὶ
1905 4948 2005 5019 τῆς

426 5025 758 5100 ἀπογραφῆς
787 5030 888 5100 τῆς
916 5033 1207 5091 Θεοτόκου.
1250 5035 1434 5091 Sermo
1475 5038 1567 5093 57.
1615 5036 1868 5108 Ejusdem
1911 5042 2005 5095 ho-

429 5117 674 5174 milia'de
704 5139 859 5178 censu
888 5125 1149 5193 Deipara’.

484 5205 698 5277 Incipit,
718 5211 965 5280 Ἐγένετο
980 5215 1038 5267 δὲ
1056 5217 1115 5268 έν
1133 5218 1255 5279 ταῖς
1268 5216 1507 5286 ἡμέραις
1526 5218 1786 5283 ἐκείναις,
1807 5220 2002 5290 ἐξῆλθε

426 5299 604 5369 δόγμα
625 5302 778 5374 παρά
815 5304 1089 5376 Καίσαρος
1106 5307 1419 5375 Αὐγούστου
1456 5309 1879 5381 ἀπογράφεσθαι
1899 5313 2007 5367 πᾶ-

431 5407 532 5444 σαν
556 5392 651 5464 τὴν
672 5395 1001 5466 οἰκουμένην
1025 5412 1039 5427 ⁸
1078 5396 1270 5469 αῦτηή
1297 5398 1592 5472 ἀπογραφὴ
1621 5402 1841 5469 ἐγένετο
1874 5405 2005 5473 ἡγε-

433 5484 752 5551 μονεύοντος
783 5487 879 5557 τῆς
899 5489 1100 5559 Συρίας
1118 5489 1409 5561 Κυρηνίου.
1444 5493 1669 5559 Desinit,
1713 5495 1999 5569 Ἐπέστρε-

428 5574 536 5644 ψαν
570 5576 628 5629 δὲ
659 5579 709 5631 οἰ
748 5580 1007 5648 ποιμένες
1056 5582 1509 5653 εὐχαριστοῦντες
1546 5586 1640 5640 ἐπὶ
1692 5589 1886 5643 πᾶσιν.
1924 5590 2000 5643 Οὐ

429 5667 541 5738 γάρ
592 5663 734 5739 ἦσαν
783 5670 1039 5741 φθονεροὶ
1092 5673 1236 5728 κατά
1285 5676 1595 5741 Ἰουδαίους.
1627 5681 1719 5751 Τῷ
1773 5682 1831 5736 δὲ
1883 5681 2001 5753 Θεῷ

428 5758 589 5827 ἡμῶν
613 5760 697 5830 εῐη
732 5760 858 5825 δόξα
885 5764 963 5828 είς
1005 5766 1131 5830 τοὺς
1160 5766 1360 5832 αἰῶνας
1385 5768 1493 5825 τῶν
1525 5771 1742 5827 αἰώνων
1803 5772 1993 5843 Ἀμήν.

2106 464 2109 467 ·
2168 438 2292 507 157,
2320 453 2533 494 averso.
2566 437 2698 504 Λόγ.
2721 434 2822 507 νη’.
2849 434 2954 489 Τοῦ
2982 432 3150 488 αὐτοῦ
3174 432 3360 502 δμιλία
3382 433 3464 495 εἰς
3485 433 3547 486 τὸ
3575 434 3681 487 ὑπὸ

2094 526 2248 580 πάντ’
2284 527 2401 597 (sic)
2441 527 2534 581 τοῦ
2568 527 2771 597 Κυρίου
2810 526 2968 597 ἡμῶν
3012 525 3191 594 Ἰησοῦ
3247 523 3513 593 Χριστοῦ.
3546 522 3679 579 Ser-

2096 635 2180 671 mo
2212 618 2300 673 58.
2322 619 2573 686 Ejusdem
2590 619 2809 674 homilia
2835 620 2889 673 in
2918 616 3053 671 illud
3201 634 3219 668 t
3260 615 3477 669 Domini
3508 617 3681 671 nostri

2093 708 2226 765 Iesu
2265 709 2488 766 Christi.
2530 730 2549 763 ι

2166 804 2383 873 Incipit,
2411 804 2518 858 Kal
2551 804 2640 856 ὅτε
2681 801 3035 872 ἐπλήσθησαν
3065 802 3122 854 αἰ
3166 800 3377 872 ἡμέραι
3411 801 3558 855 ὀκτὼ
3582 802 3681 855 τοῦ

2096 899 2414 967 περιτεμεῖν
2446 896 2506 949 τὸ
2536 895 2769 961 παιδίον,
2811 896 2906 949 καὶ
2939 894 3144 964 ἐκλήθη
3185 896 3245 948 τὸ
3291 895 3467 963 ὄνομα
3513 896 3682 947 αὑτοῦ

2109 991 2341 1061 Ἰησοῦς,
2365 989 2426 1043 τδ
2450 991 2651 1057 κληθὲν
2675 991 2780 1044 ὑπὸ
2800 989 2896 1043 τοῦ
2928 989 3183 1058 ἀγγέλου.
3207 990 3433 1052 Desinit,
3451 990 3525 1041 Οὐ
3546 990 3686 1059 πρὸς

2095 1082 2399 1154 λαμϐάνειν
2440 1085 2636 1152 σοφίαν
2656 1099 2671 1115 ο
2700 1083 2753 1136 τί
2784 1085 2896 1154 γὰρ
2938 1084 3035 1135 τοῦ
3080 1083 3336 1153 ἀπάρχου
3360 1083 3573 1136 τελείου
3598 1085 3689 1151 γέ-

2099 1176 2229 1230 νοιτ’
2276 1177 2342 1230 ἂν
2384 1176 2769 1248 celandi-repeti;
2801 1176 2935 1229 ἀλλὰ
2965 1178 3064 1247 τὴν
3107 1170 3276 1228 οὖσαν
3322 1175 3462 1228 κατά
3508 1176 3685 1246 βραχὺ

2100 1267 2490 1339 παράγυμνον.

2174 1359 2299 1425 159,
2346 1375 2559 1413 averso.
2594 1361 2727 1427 Λόγ.
2760 1358 2858 1414 νθ’.
2906 1359 3129 1429 Ὀμιλία
3155 1362 3234 1423 εἰς
3257 1360 3319 1413 τὸ
3346 1360 3688 1429 Εὐαγγέλιον

2101 1456 2181 1515 εἰς
2206 1454 2287 1515 τὸ,
2314 1472 2332 1504 ι
2368 1453 2456 1505 Ἐν
2480 1453 2633 1522 Κανᾷ
2654 1454 2753 1522 τῆς
2780 1453 3097 1516 Γαλιλαίας.
3122 1452 3305 1507 Sermo
3331 1454 3421 1509 59.
3451 1438 3689 1507 Homilia

2101 1544 2156 1597 in
2184 1542 2546 1612 Evangelium,
2572 1544 2625 1595 in
2665 1544 2800 1596 illud
2825 1560 2845 1598 :
2876 1563 2893 1595 ι
2930 1544 2995 1597 1η
3028 1543 3174 1598 Caua
3205 1542 3466 1597 Galila'ae.
3503 1562 3522 1595 ι

2170 1636 2380 1705 Incipit,
2399 1637 2489 1705 Τῷ
2504 1636 2680 1705 καιρῷ
2702 1636 2893 1706 ἐκείνῳ
2924 1637 3101 1705 γάμος
3127 1635 3368 1704 ἐγένετο,
3408 1636 3597 1705 φησὶν,
3624 1637 3685 1688 ἑν

2102 1727 2256 1797 Κανᾷ
2303 1728 2404 1795 τῆς
2436 1728 2749 1791 Γαλιλαίας.
2805 1727 3035 1791 Desinit,
3073 1728 3147 1779 Τὸ
3187 1727 3243 1779 δὲ
3279 1728 3405 1790 τοὺς
3444 1728 3693 1788 δικαίους

2102 1826 2335 1890 χωρίσαι
2369 1822 2477 1874 ἀπὸ
2524 1821 2632 1873 τῶν
2673 1819 3041 1889 ἁμαρτωλῶν,
3090 1820 3186 1872 καὶ
3226 1820 3527 1889 διακρίνειν
3563 1822 3694 1884 τοὺς

2102 1912 2345 1980 ἀγαθοὺς
2401 1913 2509 1965 ἀπὸ
2549 1912 2659 1964 τῶν
2709 1911 2964 1982 πονηρῶν
3008 1910 3156 1981 μόνῳ
3197 1910 3316 1982 Θεῷ
3340 1911 3418 1982 τῷ
3466 1912 3692 1983 ἄρχοντι

2106 2004 2201 2056 καὶ
2226 2003 2599 2072 οἰκονομοῦντι
2630 2002 2875 2072 πέφυκεν
2907 2002 3059 2056 ἴδιον.

2182 2097 2301 2165 145.
2335 2097 2556 2151 Averso.
2591 2096 2724 2163 Λόγ.
2753 2094 2814 2160 ξ’.
2859 2095 3079 2164 Ὀμιλία
3116 2096 3197 2157 εἰς
3238 2095 3321 2160 τὸ.
3371 2115 3388 2147 ι
3420 2098 3514 2150 Ἐν
3547 2096 3690 2167 ἀρχῇ

2106 2183 2173 2262 ἦν
2209 2190 2237 2241 ό
2280 2190 2454 2253 Λόγος
2509 2208 2526 2240 ι
2576 2188 2719 2240 κατὰ
2764 2187 2943 2241 Ἰωάν.
2993 2186 3179 2242 Sermo
3218 2188 3309 2243 60.
3352 2187 3591 2241 Ilomilia
3636 2188 3694 2240 iu

2109 2282 2242 2335 illud
2285 2282 2567 2335 secundum
2597 2280 2884 2345 Joannem,
2941 2298 2961 2332 ι
3010 2279 3076 2335 1η
3114 2282 3374 2351 principio
3405 2292 3518 2334 erat
3562 2279 3693 2335 Ver-

2110 2375 2251 2427 bum.
2290 2394 2308 2426 ›

2182 2467 2391 2535 Incipit,
2427 2486 2446 2517 ι
2488 2466 2553 2518 'II
2587 2465 2680 2519 τοῦ
2710 2466 3031 2536 Πνεῦματος
3058 2466 3287 2533 δύναμις
3334 2465 3390 2517 ὲν
3432 2464 3691 2537 ἀσθενείᾳ

2109 2558 2445 2619 τελειοῦται,
2492 2559 2959 2625 καταγέγραπται
3007 2559 3101 2611 καὶ
3143 2558 3493 2627 πιστεύομεν.
3541 2557 3695 2609 Desi-

2111 2651 2210 2712 nit,
2234 2650 2417 2719 Νόμος
2439 2649 2539 2719 μὲν
2570 2650 2678 2719 γὰρ
2703 2650 2876 2720 ἐδώθη
2914 2650 3066 2720 παρά
3108 2648 3243 2701 Θεοῦ
3284 2648 3373 2700 διά
3399 2649 3568 2717 μέσου
3598 2647 3692 2701 τοῦ

2110 2742 2355 2806 Μωσέως
2381 2759 2396 2775 ·
2424 2742 2533 2813 ἠδὲ
2556 2744 2717 2813 χάρις
2752 2743 2987 2810 ἐγένετο,
3020 2741 3139 2812 οὑχί
3161 2740 3358 2810 ὲδώθη,
3398 2740 3489 2793 διὰ
3514 2739 3694 2810 Ἰησοῦ

2111 2832 2374 2903 Χριστοῦ.
2405 2832 2741 2887 Δὺθεντικδν
2773 2833 2874 2903 μὲν
2913 2832 3022 2905 γάρ
3067 2833 3129 2887 τὸ
3156 2832 3402 2901 ἐγένετο,
3445 2832 3694 2885 δουλικὸν

2116 2924 2174 2977 δὲ
2206 2925 2266 2978 τὸ
2289 2923 2461 2994 ὲδώθη
2473 2962 2487 2978 .

2185 3013 2311 3071 152,
2331 3015 2465 3084 Λόγ.
2489 3013 2589 3081 ξα’.
2620 3016 2836 3085 Ὁμιλία
2862 3017 2943 3080 εἰς
2963 3016 3043 3081 τὸ,
3078 3035 3096 3067 ι
3128 3015 3262 3070 Θεὸν
3284 3016 3457 3080 οὐδεῖς
3474 3016 3690 3084 ἑώρακε

2116 3108 2359 3163 πώποτε.
2402 3128 2421 3162 ι
2457 3109 2691 3179 Ἐλέχθη
2721 3111 2778 3162 ὲν
2826 3110 2904 3179 τῷ
2940 3110 3181 3180 άμϐωνι.
3220 3109 3409 3165 Sermo
3448 3111 3537 3164 6|.
3579 3109 3695 3164 llo-

2113 3199 2263 3253 milia
2310 3200 2521 3253 inillud
2549 3215 2569 3255 :
2609 3217 2629 3251 ι
2665 3198 2834 3253 Deum
2875 3216 3023 3254 nemo
3065 3199 3191 3253 uidit
3228 3216 3483 3271 unquam.
3516 3222 3533 3254 ι
3557 3197 3697 3255 Pro-

2116 3292 2361 3345 nuntiata
2386 3290 2488 3356 fuit
2523 3292 2576 3344 in
2606 3290 2844 3344 amboue.

2186 3376 2402 3447 Incipit,
2429 3376 2654 3448 Ἐπειδὴ
2678 3372 2833 3431 εἶπεν
2855 3379 2939 3433 δτι
2961 3381 2995 3449 ἡ
3036 3380 3200 3450 χάρις
3229 3378 3320 3433 καί
3351 3379 3579 3450 ἀλήθεια
3604 3380 3697 3433 διὰ

2115 3466 2293 3539 Ἰησοῦ
2327 3468 2565 3538 Χριστοῦ
2597 3468 2835 3535 ἐγένετο,
2860 3468 3021 3523 τοῦτο
3048 3470 3223 3525 θέλων
3259 3471 3697 3536 κατασκευάσαι,

2117 3562 2284 3631 φησὶν
2316 3562 2398 3615 ὅτι
2438 3560 2592 3615 οὐδὲν
2634 3562 2863 3616 άπιστον
2902 3564 3150 3634 εἴρηκεν.
3206 3564 3435 3630 Desinit,
3478 3565 3597 3634 Χρὴ
3634 3564 3695 3616 δὲ

2115 3653 2431 3723 γινώσκειν,
2453 3654 2524 3707 τὰ
2555 3654 2761 3726 ἀκριϐῆ
2792 3654 2901 3707 τῶν
2931 3657 3289 3727 ἀντιγράφων
3315 3658 3371 3710 ὲν
3397 3658 3699 3729 Βηθαϐαρᾷ

2117 3744 2313 3814 ἔχει,ή
2348 3744 2454 3814 γὰρ
2486 3744 2729 3815 Βηθανία
2765 3744 2827 3799 οὐ
2869 3746 3041 3816 πέραν
3068 3747 3163 3800 τοῦ
3213 3748 3482 3819 Ἰορδάνου
3523 3749 3694 3814 ἐστὶν,

2116 3834 2232 3892 ἀλλ⁹
2264 3835 2433 3903 ἐγγὺς
2463 3834 2669 3888 τούτων
2712 3836 3127 3907 Ἱεροσολύμων.

2187 3926 2312 3981 154.
2357 3925 2493 3993 Λόγ.
2520 3924 2621 3995 Εβ’.
2677 3925 2905 3995 Ὀμιλία
2942 3929 3272 3999 ρηθεῖσα’τῇ
3309 3930 3565 4000 Κυριακῇ
3601 3929 3693 3982 τοῦ

2116 4018 2443 4090 Παραλὴτου
2481 4017 2603 4087 (leg.
2642 4017 3073 4088 Παραλυτικοῦ).
3108 4018 3288 4074 Sermo
3340 4020 3430 4074 62.
3459 4020 3697 4074 Homilia

2116 4110 2260 4164 dicta
2301 4109 2577 4162 Domiuica
2610 4106 2931 4177 Paralytici.

2188 4201 2399 4267 Incipit,
2434 4200 2626 4271 Ἀνέϐη
2661 4202 2688 4253 ό
2737 4201 2945 4271 Κύριος
2997 4202 3079 4265 εἰς
3130 4201 3499 4272 Ἰεροσόλυμα.
3540 4203 3699 4258 Ἐστι

2116 4294 2173 4348 δὲ
2200 4296 2259 4347 ὲν
2284 4296 2397 4358 τοῖς
2437 4294 2836 4363 Ἰεροσολύμοις
2883 4295 2979 4349 ἐπὶ
3021 4298 3089 4365 τῇ
3136 4293 3449 4365 Προϐατικῇ
3492 4297 3698 4366 κολυμ-

2117 4386 2297 4459 ϐήθρα
2340 4388 2373 4457 ἡ
2426 4386 2698 4457 λεγομένη
2750 4385 3044 4457 Ἐϐραϊστὶ
3096 4386 3365 4457 Βηθεσδά..
3445 4386 3693 4451 Desinit,

2117 4479 2230 4533 Kal
2268 4479 2326 4532 ἐν
2364 4476 2441 4547 τῷ
2482 4477 2617 4548 ἰερῷ
2649 4478 2848 4548 εῦρεθῦ
2892 4480 3012 4549 (sic)
3047 4480 3184 4548 μετὰ
3217 4478 3315 4549 τὴν
3351 4478 3531 4548 ὑγίαν,
3572 4480 3693 4549 ἦτοι

2119 4570 2318 4641 μηκέτι
2337 4570 2576 4639 ἀνιέροις
2604 4569 2888 4639 λογισμοῖς
2911 4569 3346 4640 ὲμμολυνθῆναι,
3367 4572 3451 4623 ἵνα
3472 4570 3549 4640 μὴ
3571 4571 3693 4640 χείρ

2116 4662 2252 4731 ἡμῖν
2274 4661 2309 4731 ἡ
2335 4660 2610 4725 μέλλουσα
2637 4661 2771 4713 κόλα
2804 4660 2957 4731 (fort.
3002 4660 3176 4732 χωλὴ)
3216 4662 3454 4730 γένοιτο.
3499 4662 3590 4733 Τῷ
3636 4663 3693 4716 δὲ

2115 4752 2235 4824 Θεῷ
2260 4752 2418 4823 ⁴ἡμῶν
2450 4754 2538 4823 εἴη
2572 4752 2700 4818 δόξα
2733 4755 2813 4815 εἰς
2843 4755 3004 4819 τοὺς,
3036 4763 3147 4809 etc.

2188 4839 2311 4895 156.
2382 4842 2608 4896 Averso.
2671 4840 2802 4906 A67.
2841 4838 2943 4909 ἔτ’.
2975 4841 3206 4910 Ὀμιλία
3231 4842 3457 4913 ρηθείσα
3491 4844 3571 4906 εἰς
3607 4844 3689 4910 τὸ,

2121 4933 2276 5003 ιιῈκ
2305 4935 2534 5004 γενετῆς
2556 4933 2781 5003 τυφλόν.
2820 4952 2839 4986 ο
2876 4932 3104 5003 Ἐλέχθη
3146 4935 3205 4986 έν
3236 4934 3311 5003 τῷ
3346 4934 3545 5003 άμϐονι
3595 4939 3695 5006 τῆς

2113 5027 2572 5101 ἀρχιεπισκοπῆς.
2612 5027 2799 5083 Sermo
2839 5028 2930 5082 65.
2973 5026 3217 5080 Homilia
3253 5028 3393 5081 dicta
3421 5030 3477 5083 in
3520 5031 3694 5086 illud:

2121 5137 2140 5172 ι
2174 5119 2385 5176 Caecum
2415 5138 2446 5175 a
2478 5122 2779 5176 nativitate.
2811 5140 2829 5173 ι
2866 5118 3228 5175 Pronuntiata
3257 5120 3357 5190 [ait
3384 5122 3435 5174 in
3476 5125 3695 5177 amboue

2116 5215 2350 5270 ecclesia
2373 5214 2862 5283 archiepiscopalis.

2186 5307 2399 5377 Incipit,
2440 5307 2553 5361 Kal
2595 5307 2863 5377 παράγων
2906 5310 2934 5361 ὁ
2966 5308 3178 5381 Ἰησοῦς
3221 5303 3367 5361 εἶδεν
3404 5307 3694 5376 ἄνθρωπον

2116 5400 2320 5469 τυφλὸν
2348 5401 2413 5451 ὲκ
2445 5400 2699 5467 γενετῆς,
2721 5399 2817 5451 καὶ
2836 5398 3133 5470 ἠρώτησαν
3166 5400 3331 5453 αὑτὸν
3355 5400 3404 5451 οἰ
3429 5397 3692 5467 μαθηταί.

2116 5488 2345 5553 Desinit,
2389 5488 2480 5552 Ὦς
2542 5488 2635 5540 τὸν
2664 5488 2795 5541 Υἰδν
2848 5490 2946 5542 τοῦ
2993 5488 3155 5555 Θεοῦ,
3190 5489 3372 5560 σάρκα
3424 5487 3695 5553 γεγονότα

2116 5580 2406 5650 γἐννοῦσα,
2445 5579 2756 5651 ἀδιαίρετον
2786 5579 2938 5649 ὄντα,
2973 5580 3070 5636 καὶ
3094 5580 3193 5635 ἕνα
3220 5582 3315 5636 τδν
3338 5578 3584 5645 διπλοῦν,
3632 5578 3689 5642 δς

2116 5676 2234 5727 ἐστι
2258 5672 2496 5746 Χριστὸς
2528 5673 2623 5726 καὶ
2645 5671 2871 5745 Κύριος.

2186 5767 2308 5822 161.
2367 5765 2659 5832 ’Υπόθεσις
2716 5768 2811 5821 τοῦ
2874 5768 3015 5824 κατά
3060 5770 3280 5825 Λουκᾶν
3328 5766 3687 5837 Εὑαγγελίου.
