4062 6214
344 241 425 304 33
1521 227 1906 295 RECENSIO
1941 223 2108 287 COD.
2153 227 2470 292 MATRIT.
3252 300 3253 303 η
3552 231 3626 297 34

350 353 688 426 ngothesis
742 351 859 407 sive
912 355 1290 419 argumentum
1349 344 1627 414 Evangelii
1655 339 1945 426 secundum

353 425 582 502 Lusum.
617 443 846 512 Incipit,
885 440 1104 503 Λουκᾶς
1131 438 1160 489 6
1191 436 1334 500 θεῖος
1361 434 1673 506 Ἀντιοχεὺς
1697 431 1796 502 μὲν
1851 425 1945 500 ἦν,

364 537 555 610 ἰατρὸς
599 535 682 588 δέ.
741 533 974 592 Desinit,
1031 531 1127 592 Ὃς
1176 527 1272 582 καὶ
1323 526 1474 591 ἄξιός
1526 525 1644 578 ἐστι
1701 522 1781 593 τῷ
1832 522 1946 574 δντι

367 630 583 684 ἀκούειν
617 625 716 679 τοῦ
745 623 1114 692 Εὐαγγελὶου.

435 718 763 788 llypothesis
798 717 915 771 lucc
967 717 1156 770 eadem
1200 711 1358 783 plane
1401 719 1486 766 est
1517 723 1634 780 quae
1660 705 1951 773 Theophy-

364 812 510 874 lacti,
565 810 841 879 Bulgaria:
889 804 1331 874 archiepiscopi,
1387 803 1608 858 nomine
1663 799 1945 866 inscripta,

357 904 538 957 eiJem
601 901 901 970 Evangelia
961 898 1011 951 in
1069 896 1478 964 exemplaribus
1539 893 1765 956 Graecis,
1832 892 1948 944 sive

359 1011 523 1056 IIISS.,
553 995 673 1048 sive
695 994 938 1055 excusis,
968 991 1224 1060 pramitti
1254 989 1410 1044 solet.
1439 985 1794 1058 Hypothcsim
1818 998 1948 1036 vero

356 1085 571 1153 excipit
595 1082 819 1136 humilia
851 1083 951 1134 hoc
981 1081 1134 1134 titulo
1167 1098 1182 1133 :

429 1174 571 1240 Λόγ.
603 1170 697 1237 ξδ’.
726 1171 830 1224 Τοῦ
855 1170 1022 1223 αὑτοῦ
1056 1169 1268 1240 ἱστορία
1295 1170 1374 1231 είς
1416 1169 1516 1240 τὴν
1555 1169 1811 1236 γέννησιν
1851 1163 1946 1218 τοῦ

357 1265 713 1335 Προδρόμου.
761 1260 948 1316 Sermo
979 1260 1067 1314 64.
1132 1261 1385 1330 Ejusdem
1417 1260 1692 1314 enarratio
1723 1261 1776 1311 in
1808 1257 1950 1311 nati-

361 1358 577 1410 uitatem
606 1354 991 1408 Pra’cursoris.

436 1452 658 1519 incipit,
712 1447 1050 1519 Ἐπειδήπερ
1101 1447 1290 1500 πολλοὶ
1327 1446 1692 1516 ἐπεχείρησαν
1743 1440 1948 1496 ἀνατά-

368 1546 563 1611 ξασθαι
607 1545 865 1614 διήγησιν
921 1543 1050 1611 περὶ
1098 1541 1208 1594 τῶν
1256 1537 1836 1610 πεπληροφορημένων
1891 1535 1949 1585 ὲν

373 1641 508 1707 ἡμῖν
539 1639 909 1707 πραγμάτων.
966 1635 1192 1702 Desinit,
1238 1634 1576 1704 Ἐκρύπτετο
1612 1631 1667 1684 δὲ
1719 1632 1776 1682 ὲν
1827 1631 1949 1689 ταῖς

365 1732 464 1798 ἑρή
477 1747 620 1798 μοις,
641 1729 805 1799 ἄχρις
829 1723 892 1782 οὗ
920 1728 1214 1794 εὐδόκησεν
1243 1729 1271 1780 ὁ
1299 1727 1453 1792 Θεὸς,
1485 1727 1573 1779 ἵνα
1605 1723 1751 1794 δείξῃ
1785 1720 1948 1775 αὐτὸν

361 1821 444 1891 τῷ
477 1822 842 1890 Ἰσραηλιτῶν
876 1820 988 1886 λαῷ
1019 1836 1032 1848 °
1062 1813 1106 1886 ᾧ
1136 1807 1335 1888 πρέπει
1372 1820 1520 1872 πᾶσα
1549 1815 1683 1888 τιμὴ
1707 1815 1801 1870 καὶ
1821 1813 1952 1880 δόξα.

362 1914 445 1976 εἰς
474 1917 601 1975 τοὺς
630 1911 836 1974 αἰῶνας
865 1913 976 1964 τῶν
997 1910 1230 1964 αἰώνων.
1258 1910 1455 1981 Ἀμήν.

437 2002 561 2057 173.
590 2005 823 2058 Averso.
859 2002 992 2070 Λόγ.
1026 1999 1121 2068 ξε’.
1151 2001 1378 2072 Ὀμιλία
1411 2001 1639 2071 ρηθεῖσα
1657 1997 1952 2069 κοιμηθένσ

363 2109 456 2157 τος
489 2093 590 2146 τοῦ
627 2093 880 2164 ἀοιδίμου
917 2095 1129 2164 [ἰατρὸς
1161 2093 1592 2163 Βαρθολομαίου,
1619 2095 1715 2146 καὶ
1749 2090 1950 2163 μερικὴ

365 2183 621 2252 διήγησις
649 2182 748 2234 τοῦ
787 2182 905 2253 βίου
937 2183 1104 2236 αὐτοῦ
1142 2197 1154 2210 °
1185 2183 1280 2236 καὶ
1328 2186 1458 2254 περὶ
1492 2182 1586 2235 τοῦ
1624 2183 1698 2253 μὴ
1732 2183 1951 2252 θρηνεῖν

364 2279 491 2340 τοὺς
519 2275 987 2345 τελευτήσαντας.
1016 2273 1200 2330 Sermo
1235 2275 1322 2329 65.
1356 2273 1594 2329 Humilia
1615 2277 1754 2328 dicta
1778 2275 1831 2328 in
1864 2274 1952 2343 {u-

365 2381 492 2420 ssere
528 2367 887 2421 memorabilis
916 2364 1100 2420 Patris
1140 2366 1541 2431 Bartholoma‘i,
1585 2378 1630 2420 et
1666 2365 1952 2435 peculiaris

373 2459 648 2510 enarratio
676 2458 785 2527 ejus
807 2461 927 2514 uiue
942 2477 963 2524 ;
986 2475 1049 2512 ac
1081 2461 1145 2512 de
1168 2475 1272 2512 non
1315 2459 1554 2528 (agendis
1595 2459 1878 2526 defunctis.

457 2549 677 2616 incipit,
719 2551 997 2619 Πατρικῆς
1047 2551 1271 2620 μνήμης
1313 2551 1509 2620 ἑορτὴν
1535 2551 1742 2619 ἄγομεν
1778 2550 1953 2618 σήμε-

383 2653 507 2704 ρον,
568 2629 614 2688 ὦ
646 2639 884 2705 πατέρων
913 2639 1186 2708 ὁμήγυρις
1209 2678 1222 2701 ,
1260 2639 1420 2707 εἴπερ
1461 2639 1568 2691 τινὶ
1615 2638 1724 2690 τῶν
1774 2637 1953 2690 ἄλλων

374 2725 518 2793 ἡμῖν
549 2725 856 2792 ἀνήκουσαν
898 2726 1158 2794 μάλιστα.
1198 2725 1420 2792 Desinit,
1475 2725 1676 2797 Χάριτι
1719 2726 1815 2779 καί⁸
1863 2743 1953 2795 φι-

369 2811 704 2883 λανθρωπίᾳ
743 2813 837 2866 τοῦ
875 2813 1082 2885 Κυρίου
1120 2815 1278 2884 ἡμῶν
1312 2813 1492 2884 Ἰησοῦ
1523 2816 1784 2886 Χριστοῦ,
1831 2815 1952 2886 μεθ’

370 2894 435 2953 οὗ
468 2900 548 2967 τῷ
576 2901 756 2969 Πατρὶ
790 2905 908 2972 ἅμα
939 2903 1016 2973 τῷ
1039 2903 1180 2972 ἁγίῳ
1203 2903 1485 2973 Πνεύματι
1509 2905 1656 2971 δόξα,
1683 2905 1838 2975 τιμὴ,
1859 2907 1954 2958 καὶ

372 2993 600 3062 κράτος,
631 2994 726 3046 καὶ
757 2995 1154 3065 προσκύνησις,
1191 2997 1286 3049 καὶ
1331 2996 1781 3070 μεγαλοπρέπεια
1818 2999 1956 3050 πάν-

368 3102 520 3152 τοτε,
554 3087 674 3150 νῦν,
708 3089 802 3142 καὶ
837 3089 946 3155 ἀεὶ,
978 3090 1073 3143 καὶ
1094 3094 1174 3155 εἱς
1203 3093 1326 3155 τοὺς
1357 3093 1560 3154 αἰῶνας
1581 3096 1690 3147 τῶν
1718 3094 1952 3150 αἰώνων.

369 3176 569 3248 Ἀμήν.

447 3272 570 3324 176.
593 3271 821 3327 Averso.
854 3273 989 3341 Λόγ.
1010 3273 1120 3340 Eg".
1145 3275 1159 3292 '
1174 3275 1372 3346 Ομιλία
1393 3279 1471 3339 εἰς
1490 3275 1776 3345 Ἐγκαίνια
1797 3278 1949 3344 ναοῦ,

371 3358 549 3426 ἤγουν
599 3364 680 3424 εἰς
721 3362 815 3414 τὸν
853 3363 1218 3434 Θρονιασμόν.
1255 3366 1437 3420 Sermo
1475 3368 1564 3422 66.
1619 3368 1854 3422 Homilia
1901 3374 1952 3422 in

372 3447 636 3506 Encwnia
669 3456 870 3522 templi,
897 3458 1014 3513 sive.
1029 3459 1082 3511 in
1106 3458 1336 3513 ecclesia:
1360 3459 1778 3518 Dedicationem.

447 3542 662 3612 Incipit,
714 3545 806 3615 Τῷ
852 3548 1031 3618 καιρῷ
1065 3550 1263 3620 ἐκείνῳ
1319 3552 1540 3619 ἐγένετο
1570 3553 1638 3604 τὰ
1669 3552 1951 3619 Ἐγκαίνια

372 3633 887 3706 ἐν’ἱεροσολύμοις.
938 3638 1164 3704 Desinit,
1214 3641 1418 3711 Χάριτι
1465 3640 1705 3712 Χριστοῦ
1741 3643 1952 3696 ετστοτε

373 3727 688 3798 κινούμενοί
718 3745 777 3780 τε
806 3729 900 3781 καὶ
940 3729 1050 3782 ἀπὸ
1095 3729 1192 3782 τοῦ
1223 3731 1468 3802 χείρονος
1503 3733 1584 3795 εἰς
1609 3731 1670 3784 τὸ
1701 3734 1952 3803 κρεῖττον

373 3819 736 3888 ἀμειϐόμενοι
771 3837 786 3852 ο
821 3821 1005 3890 χάριτι
1030 3821 1124 3874 τοῦ
1153 3823 1383 3892 Κυρίου,
1421 3822 1516 3876 καὶ
1544 3822 1699 3885 Θεοῦ,
1728 3826 1823 3878 καὶ
1839 3825 1953 3877 Σω-

373 3913 540 3981 τῆρος
564 3913 723 3983 ἡμῶν
752 3914 928 3985 Ἰησοῦ
951 3915 1192 3986 Χριστοῦ
1215 3930 1229 3944 °
1258 3916 1494 3979 ἱκεσίαις
1521 3916 1616 3970 τοῦ
1654 3918 1813 3985 ἁγίου
1855 3918 1950 3972 όδύ

377 4002 502 4071 (leg.
529 4002 772 4072 ὁδηγοῦ).

448 4090 569 4144 178.
613 4091 748 4160 Δόγ.
809 4091 905 4156 ξζτ.
969 4093 1199 4163 Ὀμιλία
1255 4095 1334 4154 εἰς
1382 4095 1480 4166 τὴν
1535 4095 1794 4166 κοίμησιν
1848 4096 1947 4165 τῆς

377 4178 685 4248 ὑπεραγίας
735 4181 1023 4237 Θεοτόκου.
1074 4181 1303 4253 Ἐλέχθη
1361 4184 1420 4236 ἐν
1470 4184 1549 4255 τῷ
1593 4186 1808 4254 ἄμϐωνι
1849 4188 1949 4255 τῆς

376 4271 814 4342 ἀρχιεπισκοπῆς
862 4273 1176 4344 Πανόρμου.
1227 4272 1409 4328 Sermo
1457 4275 1545 4329 67.
1610 4275 1844 4329 Humilia
1894 4277 1948 4330 in

373 4362 766 4416 Dormitionem
792 4365 1140 4417 sanctissima:
1175 4365 1430 4432 Deiparw.
1453 4365 1804 4418 Pronuntiau
1847 4365 1947 4433 fuit

374 4453 427 4505 in
459 4457 683 4505 umbone
706 4455 1171 4521 archiepiscopalis
1195 4457 1423 4508 ecclesia:
1457 4454 1734 4515 Panormi.

446 4543 665 4612 Incipit,
727 4545 935 4615 Φαιδρὰ
981 4547 1140 4613 ἡμῶν
1163 4549 1200 4616 ἡΔ
1227 4549 1538 4608 συνέλευσις
1570 4550 1807 4617 σήμερον
1841 4547 1950 4599 διε-

373 4635 638 4704 γείρουσα
672 4635 762 4688 τὸν
801 4636 945 4703 νοῦν,
986 4639 1081 4690 καὶ
1107 4637 1442 4691 διανεστῶσα
1476 4638 1536 4691 τὸ
1575 4639 1874 4708 πρόθυμον,
1902 4638 1954 4691 ὦ

374 4729 520 4782 θεῖον
548 4729 644 4782 καὶ
677 4730 898 4798 ἀγαθὸν
948 4733 1069 4801 ἐμοὶ
1125 4731 1513 4803 ἀκροατήριον.
1561 4731 1703 4784 Ἀλλ’
1746 4734 1774 4784 ὁ
1814 4731 1948 4801 ἐμὸς

373 4824 533 4892 λόγος
577 4824 788 4894 βραχύς
831 4841 892 4876 τε
927 4825 1026 4878 καὶ
1073 4825 1308 4896 ἀσθενής
1349 4829 1514 4880 ἐστιν.
1571 4825 1798 4889 Desinit,
1854 4824 1949 4886 Εἰς

317 4985 320 4987 Α
374 4917 534 4969 ἄλλον
599 4916 794 4987 καιρὸν
851 4915 1280 4986 καταλείψαντες
1322 4917 1420 4986 τὴν
1473 4915 1582 4971 τῶν
1635 4915 1949 4986 βαθυτέρων

375 5009 599 5061 ἐννοιῶν
634 5008 986 5078 ὲπιδίιρρησίν
1020 5025 1080 5060 τε
1109 5012 1202 5060 καὶ
1229 5008 1538 5079 ψηλάφησιν
1562 5022 1574 5034 ·
1597 5006 1825 5068 ἱκεσίαις
1849 5006 1948 5074 τῆς

367 5100 602 5169 Μητρὸς
636 5099 731 5152 τοῦ
777 5099 1007 5170 Κυρίου,
1053 5100 1161 5153 τῶν
1191 5099 1394 5172 νοερῶν
1434 5096 1788 5170 λειτουργῶν,
1839 5096 1949 5150 τῶν

370 5192 606 5255 ἐνδόξων
635 5194 732 5246 καὶ
758 5195 1131 5264 πανευφήμων
1159 5193 1492 5260 ἀποστόλων,
1509 5191 1604 5246 καὶ
1632 5187 1946 5263 προφητῶν,

366 5287 468 5339 καὶ
500 5285 716 5338 πάντων
743 5285 854 5338 τῶν
886 5286 1080 5354 ἁγίων.
1115 5286 1310 5356 Ἀμήν.

443 5376 574 5431 179.
603 5379 834 5433 Averso.
877 5378 1010 5446 Λόγ.
1050 5377 1151 5448 ξην.
1189 5377 1416 5448 Ὀμιλια
1443 5379 1522 5441 εἱς
1555 5377 1653 5449 τὴν
1697 5377 1948 5432 είσόασιν

368 5473 470 5540 τῆς
500 5470 664 5537 ἁγίας
690 5470 1176 5542 Τεσσαρακοστῆς.
1231 5471 1416 5527 Sermo
1459 5471 1551 5527 68.
1603 5469 1838 5524 Hontilia
1895 5471 1950 5524 in

365 5564 666 5632 ingressum
694 5572 889 5618 sanctae
920 5561 1370 5632 Quadragesimw.

441 5654 659 5726 Incipit,
687 5656 762 5710 Ἥ
800 5656 896 5727 τῆς
935 5655 1226 5728 μετανοίας
1284 5656 1432 5726 πύλη
1491 5656 1599 5710 ἰδοὺ
1651 5653 1946 5728 ὴνέῳκται,

2059 327 2104 386 ὦ
2133 335 2673 406 Χριστιανικὼτατον
2711 339 2988 413 ἄθροισμα
3010 381 3026 408 ,
3063 341 3172 398 ἰδοὺ
3201 342 3228 396 6
3260 349 3634 416 πνευματικὸς

2057 426 2208 494 ἁγὼν
2228 428 2686 498 προητοίμασται.
2721 431 2952 498 Desinit,
2981 434 3102 488 Ἵνα
3131 435 3339 506 ἀξιώσῃ
3366 439 3514 509 ἡμᾶς
3533 439 3633 511 τὴν

2059 519 2358 592 σεϐάσμιον
2407 522 2623 592 ἡμέραν
2663 525 2763 593 τῆς
2810 527 3026 593 ἐνδόξου
3077 529 3432 595 ἀναστάσεως
3464 532 3630 586 αὑτοῦ

2061 611 2210 677 ἰδεῖν,
2249 613 2346 666 καὶ
2378 614 2485 666 τῶν
2535 615 2773 668 αἰωνίων
2801 620 2990 686 τυχεῖν
3022 620 3266 687 ἀγαθῶν,
3297 623 3480 692 χάριτι
3539 624 3632 676 καί

2057 700 2441 772 φιλανθρωπία
2474 702 2569 754 τοῦ
2601 703 2810 772 Κυρίου
2845 705 3027 775 ἡμῶν,
3064 710 3157 760 καὶ
3188 709 3344 771 Θεοῦ,
3396 711 3490 763 καὶ
3522 712 3636 763 Σω-

2055 791 2226 861 τῆρος
2267 790 2446 862 Ἰησοῦ
2509 793 2749 864 Χριστοῦ
2776 833 2790 858 ,
2831 796 2952 864 μεθ’
2991 791 3052 851 οὗ
3092 798 3170 869 τῷ
3206 800 3380 869 [hirpi
3420 801 3512 854 καὶ
3556 801 3634 872 τῷ

2059 883 2198 955 ἁγίῳ
2234 884 2512 955 Πνεῦματι
2543 886 2706 953 δόξα,
2743 889 2944 958 κράτος
2990 890 3084 942 καὶ
3131 892 3338 956 αἶνεσις
3379 895 3637 963 πάντοτε,

2060 975 2152 1030 νῦν
2176 976 2268 1027 καὶ
2301 977 2407 1041 ἀεὶ,
2434 977 2527 1029 καὶ
2557 979 2635 1039 εἰς
2661 979 2787 1042 τοὺς
2821 979 3044 1044 αἰῶνας.
3080 981 3278 1051 Ἀμήν.

2128 1067 2251 1121 180.
2307 1071 2535 1122 Averso.
2582 1068 2808 1139 Ὀμιλία
2857 1072 2956 1137 ξθν,
3008 1078 3088 1134 εἰς
3139 1074 3239 1142 τὴν
3287 1075 3491 1128 εἴσοδον
3526 1078 3634 1129 τῶν

2057 1158 2230 1227 ἁγίων
2263 1159 2572 1229 Νηστειῶν.
2651 1161 2883 1216 Humilia
2911 1165 3001 1230 69,
3049 1167 3104 1218 in
3143 1168 3461 1234 principium
3507 1186 3634 1223 san-

2067 1262 2269 1305 ctorum
2294 1251 2650 1321 Jejuniorum.

2132 1343 2344 1411 Incipit,
2399 1346 2694 1416 Εὐλογήσω
2730 1347 2822 1400 τὸν
2860 1349 3065 1419 Κύριον
3111 1352 3168 1402 ἐν
3203 1353 3366 1405 παντί
3428 1355 3631 1425 καιρῷ,

2058 1435 2146 1488 διὰ
2191 1437 2394 1499 παντὸς
2432 1439 2464 1508 ἡ
2517 1439 2724 1501 αίνεσις
2784 1441 2949 1493 αὑτοῦ
2992 1443 3051 1494 ἐν
3099 1443 3174 1513 τῷ
3239 1444 3470 1513 στόματί
3502 1465 3625 1516 μου.

2061 1528 2286 1592 Desinit,
2342 1529 2635 1600 Εὑλογήσω
2665 1530 2755 1582 τὸν
2785 1532 2986 1601 Κυρίον
3015 1537 3072 1586 ἐν
3120 1537 3282 1587 παντὶ
3328 1537 3526 1607 καιρῷ,
3551 1539 3639 1591 διὰ

2060 1621 2548 1692 παντὸςὴαῖνεσις
2581 1623 2749 1676 αὐτοῦ
2791 1627 2848 1676 ὲν
2895 1626 2971 1695 τῷ
3015 1628 3243 1696 στόματί
3302 1648 3424 1698 μου.
3475 1630 3637 1700 Αύτῴ

2057 1715 2135 1785 τῷ
2167 1716 2379 1786 Κυρίῳ,
2406 1718 2501 1768 καὶ
2535 1716 2653 1781 Θεῷ
2677 1757 2692 1780 ,
2728 1718 2820 1770 καὶ
2853 1719 3064 1787 Σωτῆρι
3097 1721 3252 1787 ἡμῶν
3288 1720 3463 1792 Ἰησοῦ
3501 1724 3638 1792 Χρι-

2062 1805 2173 1876 στῷ
2211 1808 2295 1876 εἴη
2330 1808 2360 1874 ἡ
2400 1806 2525 1870 δόξα
2547 1807 2782 1859 ’πάντοτε
2804 1845 2819 1870 ,
2854 1807 2949 1862 νῦν
2988 1811 3080 1861 καί
3115 1811 3234 1874 ἀεὶ,
3269 1813 3361 1863 καὶ
3391 1815 3472 1875 είς
3515 1815 3642 1876 τοὺς

2059 1897 2260 1961 αἰῶνας
2289 1897 2399 1950 τῶν
2436 1896 2672 1950 αἰώνων.
2709 1897 2904 1970 Ἀμήν.

2132 1993 2254 2046 181.
2305 1991 2527 2061 Ὀμιλία
2566 1991 2628 2058 o',
2683 1995 2764 2056 εἰς
2813 1994 2914 2064 τὴν
2951 1994 3312 2064 Ὀρθοδοξίαν,
3366 1999 3458 2052 καὶ
3513 1999 3643 2068 περὶ

2057 2083 2168 2137 τῶν
2191 2085 2360 2151 ἁγίων
2389 2083 2639 2147 εἰκόνων,
2671 2087 2766 2138 καὶ
2793 2087 2872 2148 είς
2903 2088 3244 2156 ὲξαγορείαν.
3279 2089 3514 2144 Humilia
3551 2091 3644 2154 70,

2060 2177 2112 2230 in
2145 2177 2536 2241 orthodoxiam,
2577 2187 2623 2230 et
2676 2181 2739 2232 de
2771 2182 2967 2232 sanctis
3000 2182 3340 2251 imaginibus,
3393 2192 3549 2252 atque
3589 2185 3643 2236 in

2061 2269 2458 2336 confessionem.
2716 2320 2725 2327 .

2137 2356 2349 2426 Incipit,
2403 2360 2780 2430 Προφητικαῖς
2844 2361 3160 2432 πειθόμενοι
3223 2364 3471 2432 ρἠεσιν,
3507 2365 3649 2417 ἀπο-ο

2064 2450 2344 2512 στολικαῖς
2385 2467 2443 2503 τε
2490 2453 2881 2522 παραινέσεσιν
2942 2453 3272 2517 ἀκούοντες,
3325 2458 3418 2508 καὶ
3471 2455 3642 2523 εὐαγ-

2061 2540 2308 2606 γελικαῖς
2371 2541 2634 2609 ἱστορίαις
2677 2543 3106 2611 στοιχειούμενοι
3178 2545 3286 2597 τῶν
3351 2545 3646 2614 ἐγκαινίων

2061 2631 2161 2700 τὴν
2209 2629 2424 2699 ἡμέραν
2472 2631 2845 2699 ἑορτάζωμεν.
2893 2634 3124 2698 Desinit,
3180 2634 3268 2686 Ἐν
3308 2635 3458 2706 αὐτῷ
3508 2639 3647 2708 Χρι-

2065 2720 2175 2790 στῷ
2224 2720 2301 2790 τῷ
2354 2720 2612 2790 ἀθανάτῳ
2670 2721 2884 2791 βασιλεῖ
2945 2724 3408 2795 ὲνδυναμούμενοί
3453 2744 3512 2778 τε
3548 2729 3644 2780 καὶ

2064 2813 2427 2882 σκεπόμενοιο
2484 2813 2606 2882 μεθ’
2645 2808 2706 2867 οὗ
2743 2814 2823 2883 τῷ
2858 2815 3077 2885 ἀνάρχῳ
3124 2816 3218 2869 καὶ
3272 2817 3641 2888 φιλανθρώπῳ

2063 2904 2261 2975 Πατρὶ,
2324 2904 2420 2956 καὶ
2475 2905 2553 2974 τῷ
2610 2905 2858 2976 ζωοποιῷ
2910 2908 3004 2959 καί.
3053 2909 3306 2978 παναγίῳ
3361 2892 3644 2980 Πνεῦματι

2061 2997 2211 3063 δόξα,
2243 2997 2585 3068 μεγαλωσύνη
2616 3015 2676 3049 τε
2710 2999 2802 3052 καί
2835 2999 3042 3063 αίνεσις
3096 3001 3352 3067 πάντοτε,
3402 3003 3498 3056 νῦν
3549 3005 3644 3057 καὶ

2061 3088 2149 3140 ἀεὶ
2185 3090 2264 3150 εἰς
2291 3087 2418 3150 τοὺς
2444 3087 2667 3150 αἰῶνας.
3402 3128 3404 3130 τ

2139 3180 2270 3232 Emi.
2306 3184 2530 3232 Averso.
2583 3179 2804 3248 Ὀμιλία
2837 3186 2939 3246 οα’,
2975 3182 3054 3244 εἱς
3119 3183 3218 3251 τὴν
3277 3182 3637 3252 Ὀρθοδοξίαν,

2063 3270 2157 3322 καὶ
2195 3271 2275 3331 εἰς
2317 3270 2416 3338 τὴν
2457 3270 2802 3338 ἐξαγορείαν,
2851 3271 3108 3341 καὶπερὶ
3157 3273 3266 3324 τῶν
3317 3274 3488 3340 ἁγίων
3547 3275 3640 3324 εἱ-

2063 3362 2256 3413 κόνων.
2296 3360 2534 3414 Humilia
2569 3361 2657 3426 ⁸71,
2691 3364 2745 3416 in
2795 3363 3164 3417 orthodoxiam
3193 3374 3240 3417 et
3272 3367 3324 3418 in
3349 3365 3642 3435 confessio-

2064 3470 2201 3512 nem.
2235 3471 2296 3506 ac
2321 3455 2384 3508 de
2414 3456 2608 3507 sanctis
2634 3455 2977 3522 imaginibus.

2139 3545 2348 3614 Incipit,
2407 3546 2544 3616 Φέρε
2596 3548 2836 3617 σήμερον
2878 3549 2972 3600 ἐπὶ
3002 3547 3098 3618 τὴν
3164 3550 3442 3620 προτέραν
3486 3552 3642 3603 εὐκο-

2063 3632 2232 3702 σμίαν
2267 3633 2374 3686 τῶν
2405 3634 2564 3687 θείων
2595 3636 2686 3688 καὶ
2715 3635 2886 3704 ἁγίων
2917 3638 3141 3690 εἱκόνων
3186 3641 3252 3707 ἣν
3283 3641 3314 3708 ἡ
3345 3641 3640 3708 Ἐκκλησία

2061 3722 2351 3777 ἐνεδύσατο
2377 3724 2646 3794 λαμπρῶς
2690 3729 3192 3798 πανηγυρίσωμεν,
3229 3735 3323 3783 καὶ
3348 3732 3446 3803 τὴν
3481 3751 3640 3786 πνευ-

2064 3817 2304 3885 ματικὴν
2335 3816 2605 3886 εὐθυμίαν
2634 3817 3020 3890 ἀναλάϐωμεν.
3054 3819 3403 3887 Desinit,'H;
3427 3825 3640 3893 γένοιτο

2061 3911 2269 3972 πάντας
2309 3913 2459 3981 ἡμᾶς
2508 3915 2821 3983 μετασχεῖν,
2882 3915 3066 3986 χάριτι
3122 3918 3639 3990 καὶηφιλανθρωπίᾳ

2059 4001 2152 4053 τοῦ
2207 4003 2414 4070 Κυρίου
2464 4003 2622 4072 ἡμῶν
2695 4003 2888 4072 Ἰησοῦ,
2927 4008 3047 4075 μεθ’
3074 4004 3135 4062 οὗ
3180 4008 3256 4079 τῷ
3309 4012 3484 4080 Πατρὶ
3544 4015 3638 4064 καὶ

2060 4091 2200 4162 ἁγίῳ
2214 4091 2488 4164 Πνεῦματι
2508 4093 2656 4161 δόξα,
2671 4093 2766 4151 νῦν
2783 4098 2876 4150 καὶ
2901 4099 2980 4162 εἰς
3002 4101 3393 4172 ἀτελευτήτους
3409 4104 3632 4167 αἰῶνας.

2071 4183 2266 4253 Ἀμήν.

2132 4276 2254 4331 185.
2311 4277 2529 4346 Ὀμιλία
2560 4277 2658 4347 οβ’,
2695 4281 2774 4342 εἰς
2801 4279 2897 4350 τὴν
2931 4281 3092 4349 ἁγίαν
3126 4284 3450 4356 μετάληψιν,
3480 4287 3634 4356 λεγο-

2063 4369 2200 4440 μένη
2250 4369 2330 4431 εἰς
2375 4368 2474 4431 τὰς
2516 4371 3111 4441 Δεσποτικὰςζὲορτὰς.
3169 4375 3406 4432 Homilia
3445 4379 3532 4442 72,
3577 4382 3632 4434 in

2055 4470 2293 4516 sanctam
2320 4460 2518 4515 Citriin
2541 4465 2821 4533 sanguinis
2849 4469 3222 4536 sumptionem,
3245 4472 3385 4524 dicta
3401 4473 3456 4527 in
3484 4473 3632 4542 [estis

2057 4550 2361 4604 Dominicis.

2129 4643 2344 4712 incipit,
2397 4643 2540 4713 Ἐγὼ
2583 4644 2684 4715 μὲν
2711 4685 2726 4712 ,
2759 4639 2803 4699 ὦ
2835 4649 3074 4719 πατέρες
3125 4651 3218 4704 καὶ
3261 4652 3480 4721 ἀδελφοὶ
3537 4655 3635 4706 καὶ

2056 4735 2226 4788 τέκνα
2259 4736 2721 4804 προσφιλέστατα,
2743 4739 2838 4791 xui
2867 4742 2968 4810 τῆς
2996 4742 3156 4809 ἁγίας
3176 4743 3502 4812 Ἐκκλησίας
3531 4761 3630 4797 πε-

2061 4824 2289 4896 ρύφημα
2324 4827 2419 4879 καὶ
2445 4828 2608 4898 τίμια
2638 4828 2860 4896 γύναια.
2894 4831 3123 4897 Desinit,
3174 4832 3344 4902 Κάγὼ
3381 4836 3439 4888 ἐν
3480 4835 3634 4907 αὐτῷ

2058 4916 2205 4978 ὅπως
2231 4917 2532 4972 ὲνοικοῦντι
2577 4921 2634 4972 ὲν
2677 4921 2828 4991 ὑμῖν,
2866 4923 3134 4993 γενόμεθα
3162 4925 3288 4988 ναὸς
3317 4925 3412 4978 τοῦ
3455 4945 3634 4981 παναο

2057 5008 2177 5075 γίου
2217 5009 2382 5063 αὐτοῦ
2438 5011 2652 5082 Πατρός
2678 5028 2693 5044 ο
2719 5014 2801 5067 ὅτι
2836 5015 2986 5086 αὑτῷ
3032 5017 3236 5087 πρέπει
3287 5019 3414 5085 δόξα
3440 5059 3458 5086 ,
3495 5022 3631 5093 τιμὴ

2059 5098 2140 5162 είς
2170 5100 2297 5158 τοὺς
2323 5101 2527 5165 αίῶνας
2559 5103 2666 5155 τῶν
2689 5103 2922 5159 αἰώνων.
2950 5107 3146 5176 Ἀμήν.

2133 5191 2256 5246 185.
2282 5192 2510 5249 Averso.
2560 5194 2779 5266 Ὀμιλία
2815 5205 2916 5267 ογθ,
2953 5200 3020 5255 ἐκ
3051 5201 3164 5256 τῶν
3195 5200 3334 5257 Ἰὼϐ.
3395 5202 3633 5261 Humilia
3672 5277 3676 5280 η

2059 5282 2156 5347 75,
2189 5299 2252 5336 ex
2275 5283 2430 5337 dictis
2461 5285 2578 5338 Iob.
3673 5283 3681 5318 ξ

2131 5376 2345 5444 Incipit,
2375 5374 2733 5446 Προέφθασὰν
2765 5395 2832 5448 με
2856 5381 3064 5452 ἡμέραι
3093 5384 3364 5452 πτωχείας
3390 5398 3404 5412 ·
3431 5383 3634 5440 ατε-,ων
3674 5351 3691 5416 ἱ

2060 5470 2412 5539 πεπόρευμαι
2446 5470 2576 5522 ἄνευ
2617 5470 2786 5540 φιμοῦ
2815 5488 2830 5503 ο
2863 5475 3090 5544 ἀδελφὸς
3114 5479 3315 5546 γέγονα
3342 5480 3628 5549 σειρήνων,

2061 5565 2276 5631 ἑταῖρος
2308 5559 2364 5613 δὲ
2393 5559 2689 5626 στρουθῶν.
2720 5563 2943 5630 Desinit,
2981 5567 3301 5622 ’Υπολαϐὼν
3327 5570 3382 5622 δὲ
3406 5569 3634 5639 Ἐλιφὰξ

2065 5657 2093 5708 ὁ
2145 5653 2526 5724 Θαιμανὲτης,
2583 5654 2774 5723 λέγει’
2825 5658 3060 5728 Πότερον
3123 5662 3304 5731 σοφὸς,
3339 5664 3633 5734 ἀπόκρισιν
