4062 6214
398 298 471 360 35
1547 268 1924 337 RECENSIO
1955 264 2104 326 COD
2163 267 2487 339 MATRI'I‘.
3572 272 3645 336 36

394 411 557 466 δὼσει
624 406 892 467 συνέσεως
931 400 1146 469 πνεῦμα
1188 398 1281 452 καὶ
1334 393 1604 464 ἐνέπλησε
1654 392 1818 445 πόνον
1867 404 1973 454 γα-

398 501 581 571 στρός.

473 594 596 648 184.
638 590 861 644 Averso.
905 582 1011 639 (ιδ’.
1048 581 1320 653 Πρόλογος
1356 581 1437 641 εἰς
1470 577 1569 649 τὴν
1601 575 1729 630 νέαν
1771 571 1966 642 κυρίου

397 687 494 741 τοῦ
523 683 713 753 Θωμᾶ.
747 679 834 733 ⁸74.
871 677 1129 746 Prologus
1158 675 1209 729 in
1248 688 1431 727 novam
1466 670 1734 724 ecclesiam
1768 663 1968 718 domini

401 776 633 832 Thoma'.

471 866 683 933 Incipit,
728 860 1034 931 Εὐλογητὸς
1080 860 1109 911 ό
1154 856 1286 919 Θεὸς
1344 856 1373 907 ό
1417 850 1763 916 καταξιώσας
1817 849 1969 918 ἡμᾶς

400 958 529 1010 ίδεῖν
553 954 761 1024 ταύτην
778 954 878 1023 τὴν
909 950 1069 1019 ἁγίαν
1093 950 1188 1001 καὶ
1213 943 1471 1016 λαμπρὰν
1497 943 1713 1014 ἑορτήν.
1742 940 1966 1006 Desinit,

395 1048 532 1118 Φέρε
553 1047 609 1098 δὲ
631 1047 719 1098 τὸν
753 1045 956 1098 πέπλον
986 1041 1400 1096 ἀναπετάσαντα
1434 1036 1566 1089 είσω
1598 1037 1697 1105 τῆς
1731 1034 1965 1104 θεωρίας

396 1136 684 1207 γενόμεθα.
1570 1168 1575 1171 -

472 1229 596 1283 185.
654 1225 871 1297 Ὀμιλία
901 1223 995 1279 σε’.
1028 1224 1302 1294 Πρόλογος
1340 1219 1539 1284 είςτὸν
1572 1218 1804 1289 αὐχμόν.
1852 1216 1967 1271 Ho-

399 1321 548 1374 milia
584 1319 671 1375 75.
708 1318 970 1386 Prologus
996 1318 1048 1368 in
1071 1300 1387 1369 siccitaiem.

476 1429 689 1498 Incipit,
735 1427 1063 1497 Προσέχετε,
1107 1424 1236 1487 λαός
1288 1442 1412 1494 μου,
1466 1424 1558 1476 τὸν
1610 1422 1775 1492 νόμον
1810 1436 1914 1491 μου
1948 1435 1965 1451 ·

399 1521 621 1575 κλίνατε
664 1520 726 1572 τὸ
771 1515 863 1581 οὖς
906 1517 1063 1587 ἡμῶν
1101 1518 1181 1578 είς
1213 1516 1281 1569 τὰ
1318 1515 1540 1587 ῥήματα
1569 1513 1664 1567 τοῦ
1702 1512 1969 1582 στόματός

402 1631 525 1682 μου.
581 1612 806 1674 Desinit,
847 1610 903 1662 '0
955 1609 1065 1679 γὰρ
1118 1610 1274 1671 τόκος
1332 1607 1503 1676 καὶὴ
1554 1605 1837 1671 πλεονεξία
1872 1604 1966 1657 τοῦ

398 1702 647 1756 διαϐόλου
730 1701 1130 1766 συνέζευκται,
1189 1700 1371 1764 καθὼς
1433 1698 1696 1769 ἀνωτέρω
1769 1695 1967 1768 ὲπροέ-

400 1814 607 1867 φημεν-

473 1909 597 1963 186.
651 1910 869 1979 Ὀμιλία
891 1909 1000 1974 σις’,
1034 1911 1113 1972 είς
1143 1908 1240 1979 τὴν
1275 1906 1576 1978 Βαῖοςρόρον
1606 1904 1843 1970 δοθεῖσα,
1873 1902 1965 1957 τοῦ

401 2000 560 2068 ἁγίου
597 2001 745 2053 Σάὅα
776 2000 871 2054 τοῦ
916 2002 1171 2071 Μεσιμερ
1214 2001 1331 2067 (sic)
1374 1998 1669 2069 γενομένου
1722 1996 1967 2066 μαθητοῦ

400 2093 588 2146 αὐτοῦ.
625 2095 859 2148 [Iomilia
885 2093 971 2155 76,
1007 2094 1062 2147 in
1095 2095 1231 2146 diem
1262 2092 1569 2146 Palinurum
1597 2092 1771 2155 edita,
1796 2090 1967 2143 sancti

402 2180 545 2235 Saba
570 2181 862 2248 Mesimeri,
895 2182 984 2251 qui
1013 2182 1113 2250 fuit
1139 2182 1369 2248 ejusdem
1391 2178 1699 2243 discipulus.

475 2272 690 2339 Incipit,
746 2271 943 2343 Ἐορτὴ
1000 2272 1341 2340 χαρμόσυνος
1388 2269 1678 2337 ἀπέλαμψε
1726 2270 1970 2338 σήμερον

400 2366 517 2427 τοῖς
549 2364 749 2427 πέρασι
792 2364 962 2434 ἡτῶν
1005 2362 1171 2431 βαῖων
1212 2360 1348 2430 αὕτη
1382 2358 1475 2412 τοῦ
1525 2359 1725 2428 Κυρίου
1764 2356 1967 2425 ἡμέρα.

405 2454 826 2519 Desinit,"0nw;
857 2452 1027 2516 οὕτως
1066 2454 1231 2519 ἀξίως
1261 2450 1612 2520 δοξαζόμενος
1648 2448 1775 2518 παρ’
1808 2446 1968 2518 ήμῶν

400 2543 476 2607 ὡς
502 2545 637 2608 Θεὸς
663 2543 997 2610 ἀντιδοξάσει
1021 2545 1171 2615 ἡμᾶς
1199 2560 1213 2574 ·
1243 2545 1308 2612 τῇ
1344 2542 1500 2610 θεῖκῇ
1535 2538 1699 2593 αὐτοῦ
1722 2537 1870 2610 δόξῃ,
1898 2539 1966 2607 τῇ

400 2635 565 2688 αὐτοῦ
593 2636 890 2705 ἀγαθότητι
914 2634 1170 2699 πάντοτε,
1194 2634 1311 2697 νῦν,
1339 2632 1434 2684 καὶ
1471 2632 1552 2693 εἰς
1585 2630 1711 2692 τοὺς
1746 2627 1968 2682 ἀτελευ⁶

396 2726 593 2796 τήτους
623 2726 845 2789 αἰῶνας.
884 2723 1078 2795 Ἀμήν.

473 2836 597 2891 Ilaec
634 2838 852 2891 humilia
886 2837 940 2891 in
977 2836 1221 2904 catalogo
1271 2834 1447 2889 codici
1482 2832 1785 2903 praemisso,
1826 2833 1967 2887 inter

398 2928 706 2997 Philagatlii
768 2900 1072 2991 sermones:
1127 2927 1273 2981 nullo
1322 2927 1568 2994 magistri
1596 2941 1659 2980 ac
1718 2923 1966 2995 discipuli

400 3021 732 3085 discrimine,
765 3029 1108 3074 recensetur.
1141 3019 1272 3085 Quis
1297 3029 1476 3072 autem
1508 3016 1647 3071 Saba
1678 3018 1766 3071 hic
1808 3017 1970 3072 Meti-

401 3125 601 3175 merus,
633 3110 747 3163 sive
788 3109 1119 3164 Mesimerius
1153 3109 1443 3170 exstiterit,
1490 3108 1634 3162 haud
1681 3108 1841 3163 facile
1887 3117 1971 3163 est

399 3200 676 3270 expedire.
712 3200 860 3255 Nihil
910 3204 978 3256 de
1025 3217 1089 3256 eo
1140 3202 1279 3269 apud
1337 3201 1632 3265 Labbeum,
1683 3201 1965 3264 Al‘atium,

400 3293 728 3358 Nesselium,
757 3292 1088 3356 Fabricium,
1127 3292 1628 3354 Monteialeonium,
1653 3292 1857 3347 aliosve
1883 3293 1967 3346 bi-

398 3385 755 3456 bliograpliite
792 3396 1112 3440 tractatures
1145 3385 1411 3439 invenias.

478 3501 602 3555 188.
656 3503 884 3555 Averso.
936 3500 1153 3569 ὐμιλία
1182 3500 1280 3569 τῆς
1324 3500 1614 3570 Κυριακῆς
1656 3499 1755 3569 τῆς
1800 3500 1967 3553 Ἀπο-

399 3593 587 3663 κρέου.
631 3592 869 3647 Homilia
901 3593 1193 3646 Domimcw
1219 3593 1595 3661 Carnispriuii.

477 3684 687 3750 Incipit,
721 3683 890 3736 Ὅταν
937 3682 1063 3754 ἔλθῃ
1108 3685 1135 3735 ό
1173 3684 1295 3747 Υἱὸς
1327 3684 1421 3735 τοῦ
1464 3683 1752 3753 ἀνθρώπου
1791 3684 1850 3735 ὲν
1896 3684 1963 3753 τῇ

397 3776 526 3849 δόξῃ
554 3776 741 3835 αὑτοῦ,
769 3777 865 3828 καὶ
889 3777 1091 3838 πάντες
1117 3777 1167 3828 οἱ
1194 3774 1339 3843 ἅγιοι
1371 3775 1593 3842 ἄγγελοι
1628 3776 1746 3846 μετ’
1771 3775 1963 3838 αὐτοῦ,

398 3870 521 3921 τότε
551 3868 767 3920 καθίσει
805 3867 898 3919 ἐπὶ
940 3867 1130 3938 θρόνου
1160 3865 1316 3936 δόξης
1351 3866 1541 3920 αὑτοῦ.
1585 3866 1811 3930 Desinit,
1833 3867 1965 3920 Τότε

398 3958 686 4028 φονεύουσι
712 3961 1229 4029 καταφρονήσαντες
1252 3960 1344 4011 καὶ
1373 3957 1467 4010 τοῦ
1498 3957 1662 4028 ὄχλου
1697 3959 1855 4028 μόνον
1879 3958 1967 4012 ἴνα

397 4050 461 4104 τὸ
498 4052 710 4120 θέλημα
736 4051 919 4104 αὐτῶν
944 4051 1186 4120 γένηται.

471 4143 703 4198 Humilia
740 4146 851 4197 haec
880 4158 1201 4197 exterarum
1225 4157 1512 4196 numerum
1546 4142 1857 4212 neutiquam
1881 4158 1968 4198 se-

399 4237 620 4305 quitur;
662 4252 763 4290 nec
800 4236 936 4290 satis
968 4235 1133 4303 liquet
1178 4234 1309 4303 quid
1349 4234 1449 4300 ipsi
1482 4235 1767 4302 praeposita
1800 4234 1967 4304 signi-

402 4327 528 4382 licet
560 4330 673 4381 haec
700 4337 823 4379 nota
848 4328 869 4377 ϊ
895 4326 1264 4392 superscripto
1296 4324 1346 4378 θ.
1370 4326 1590 4377 Partem
1628 4323 1747 4394 ejus
1782 4336 1964 4380 extre-

400 4432 544 4470 mam
596 4416 935 4480 transcripsit
985 4414 1090 4466 alia
1149 4429 1364 4466 manus.
1446 4414 1563 4481 Ipsa
1621 4429 1750 4469 vero
1808 4415 1966 4483 plane

399 4506 674 4573 discrepat
703 4507 770 4557 ab
805 4504 977 4557 altera
1023 4502 1263 4569 ejusdem
1298 4504 1689 4573 inscriptionis,
1732 4519 1853 4575 quae
1880 4507 1967 4561 de-

397 4598 537 4651 cima
567 4596 753 4665 quinta
781 4607 1117 4649 numeratur.

471 4689 595 4744 I90.
637 4687 858 4759 Ὀμιλία
883 4690 961 4751 εἰς
994 4689 1094 4758 τὴν
1124 4687 1497 4759 προσκύνησιν
1521 4687 1631 4740 τῶν
1653 4688 1967 4758 σεϐασμίων

398 4786 493 4837 καὶ
529 4782 698 4850 ἁγίων
731 4781 977 4835 είκόνων.
1017 4779 1252 4833 Homilia
1284 4781 1338 4833 in
1368 4783 1724 4834 adorationem
1753 4797 1965 4834 ueneru—

400 4880 583 4930 bilium
603 4888 651 4932 et
681 4891 987 4931 sanctarum
1012 4876 1326 4945 imaginum.
1347 4873 1717 4930 Prwtermissa
1751 4875 1961 4930 numeri

399 4975 549 5030 nota,
569 4969 775 5034 incipit,
801 4969 1047 5039 Ααμπρὰ
1075 4968 1238 5038 ἑορτὴ
1273 4968 1368 5019 καὶ
1402 4966 1712 5037 πανήγυρις
1734 4967 1962 5034 ἐπέστη.

470 5058 598 5112 Haec
625 5060 843 5112 humilia
879 5063 1066 5116 eadem
1108 5060 1327 5115 omnino
1357 5070 1439 5114 est
1473 5075 1589 5129 quae
1623 5061 1831 5116 decima
1879 5075 1965 5114 εον

398 5152 564 5219 ptima
597 5150 689 5203 fol.
711 5151 780 5203 27
801 5167 991 5206 averso
1016 5168 1175 5222 supra
1204 5153 1501 5217 recensita;
1536 5153 1627 5207 sed
1663 5155 1763 5206 alia
1804 5169 1959 5222 pror-

397 5259 492 5300 sus
524 5259 706 5307 manu,
742 5245 1123 5313 grandiouibus
1154 5246 1401 5313 videlicet
1437 5259 1504 5301 ac
1554 5245 1720 5299 multo
1763 5246 1960 5299 clario-

395 5337 547 5391 rilms
583 5335 781 5389 litteris
815 5345 1035 5388 exarata

462 5429 589 5483 202.
621 5432 844 5484 Averso.
894 5428 1064 5493 Πίναξ
1121 5429 1226 5481 τῶν
1280 5428 1505 5498 ὁμιλιῶν
1550 5430 1658 5481 τῶν
1710 5428 1951 5496 Εὑαγγε-

394 5522 548 5575 λίων.
586 5522 745 5577 Index
776 5522 1117 5575 homiliarum
1147 5519 1578 5590 Evangeliorum.

468 5612 541 5675 Is,
568 5612 873 5666 litterarum
908 5613 1084 5668 forma
1114 5610 1270 5680 longe
1303 5611 1479 5665 minus
1514 5620 1721 5665 vetusta
1755 5610 1958 5666 descri-

393 5714 540 5773 ptus,
565 5702 807 5774 priorum
840 5702 912 5756 25
945 5704 1103 5774 hujus
1128 5702 1335 5760 codicis
1382 5702 1724 5788 lnomiliarum
1767 5701 1952 5759 titulos

2083 384 2483 453 complectitur,
2521 402 2751 456 quarum
2806 395 2983 443 tamen
3032 392 3264 456 septem,
3310 394 3371 441 ut
3412 400 3646 456 praemo-

2077 473 2315 540 nuimus,
2347 475 2748 532 desiderantur.

2139 563 2409 620 Continuo
2437 565 2581 620 subit
2632 570 2792 623 unius
2840 576 2897 623 et
2942 570 3112 625 semis
3161 569 3372 639 paginae
3405 569 3641 640 spatium

2068 654 2263 722 partim
2293 655 2692 723 oblitteratum,
2724 661 2919 728 partim
2961 660 3324 725 maculosum,
3359 663 3449 714 cui
3497 677 3641 732 prae.

2071 746 2173 799 lixa
2207 746 2489 816 inscriptio
2541 751 2973 821 Καλανδολόγιον
3001 754 3080 822 (li.
3133 770 3184 809 ε.
3218 752 3635 823 Kalendarium)

2070 835 2305 905 legitur;
2342 850 2538 896 caetera
2589 843 2821 913 legentis
2853 846 3041 901 oculos
3080 847 3238 915 plane
3261 846 3497 920 fugiunt.

2137 929 2265 985 204.
2304 932 2525 1002 Ὀμιλία
2570 931 2669 997 oC'.
2710 935 3020 1003 Φιλαγάθου
3077 937 3300 1007 πόνημα
3354 937 3448 991 τοῦ
3491 939 3645 1008 φιλοο

2070 1024 2257 1092 σόφου.
2295 1024 2534 1081 Hemi/ia
2563 1025 2650 1082 77.
2682 1026 2986 1099 Pliilagathi
3019 1030 3316 1099 philosophi
3342 1047 3495 1098 opus.

2144 1118 2373 1188 Incipit:
2402 1118 2549 1171 Ἔδει
2583 1120 2718 1189 μηδὲ
2754 1121 2931 1188 λόγων
2963 1121 3065 1193 τὴν
3097 1123 3390 1191 ἀγροικίαν
3418 1122 3605 1188 ἀξιοῦν
3625 1141 3640 1155 ·

2066 1206 2220 1260 οὐδὲν
2249 1210 2361 1277 γὰρ
2393 1212 2505 1272 τοῖς
2536 1210 2872 1277 ἑτερουσίοις
2893 1211 3096 1274 κοινὸν,
3133 1214 3181 1264 εἰ
3211 1211 3319 1281 γὰρ
3354 1212 3432 1281 τῷ
3468 1214 3641 1268 λέοντι

2070 1299 2358 1370 πάρδαλις,
2383 1302 2477 1353 καὶ¹
2502 1302 2763 1355 δασύποδι
2783 1303 3080 1373 ὲρυθνᾶκος
3105 1303 3264 1372 (forte
3288 1306 3428 1373 quod
3452 1305 3642 1359 Latine

2068 1391 2391 1463 Erinaceus)
2434 1394 2834 1448 ἀντιτάττοιτο.
2880 1396 3103 1459 Desinit,
3148 1397 3282 1453 Τότε
3328 1397 3423 1449 καὶ¹
3478 1398 3642 1467 ἡμεῖς

2068 1482 2167 1552 τὴν
2188 1482 2466 1553 ἀρκοῦσαν
2490 1486 2695 1556 ταύτην
2719 1486 2900 1549 δεξιὰν
2923 1487 3058 1557 πρὸς
3085 1486 3365 1555 ἐκδίκησιν
3382 1490 3480 1556 τῆς
3505 1489 3641 1556 ἁλη-

2070 1572 2218 1637 θείας
2248 1575 2564 1645 ὁπλίσομεν,
2598 1578 2692 1631 καὶ
2725 1577 2917 1647 μέλανι
2941 1580 3033 1631 καὶ
3057 1578 3292 1649 καλάμῳ
3334 1582 3445 1642 τοῖς
3490 1581 3640 1633 ἀντι-

2070 1664 2261 1729 πάλοις
2293 1667 2438 1721 διαλε
2447 1670 2685 1736 ξώμεθα.

2143 1756 2196 1809 In
2233 1757 2339 1813 line
2372 1760 2599 1830 hujusce
2630 1763 2885 1828 humilia,
2917 1764 3105 1819 eadem
3135 1780 3322 1828 manu,
3355 1765 3642 1835 rubrisque

2070 1846 2257 1914 etiam,
2288 1863 2345 1902 ut
2371 1850 2485 1920 ipsa
2515 1854 2816 1921 inscriptio,
2846 1854 3041 1908 litteris
3067 1855 3276 1924 depicta
3301 1854 3494 1923 legitur
3526 1856 3642 1910 lnec

2071 1938 2400 2009 subscriptio
2439 1961 2454 1996 :
2500 1942 2559 1995 Ὀ
2587 1944 2888 2012 Φιλάγαοος
2932 1946 3154 2016 εὐτελὴς
3190 1946 3526 2017 μονότροπος
3565 1947 3642 2011 ὡς

2070 2029 2288 2094 ἀνάξιος
2317 2032 2492 2086 ταῦτα
2520 2034 2670 2087 λαλεί
2698 2037 2792 2089 καὶ
2822 2037 3044 2106 γράφει.
3078 2038 3267 2099 Τέλος.
3303 2037 3355 2091 Itl
3381 2048 3484 2102 est,
3513 2037 3642 2090 Plii-

2071 2119 2348 2190 lagathus,
2395 2125 2510 2178 cili:
2549 2126 2834 2180 monachus
2865 2128 3081 2195 perinde
3115 2144 3179 2180 ac
3223 2128 3490 2197 indignus,
3531 2128 3643 2182 litae

2070 2213 2305 2282 loquitur
2342 2227 2388 2268 el
2417 2218 2621 2271 scribit.
2651 2216 2826 2273 Finis.

2144 2305 2279 2361 End.
2342 2322 2557 2361 averso.
2599 2309 2823 2377 Ὀμιλία
2871 2316 2973 2381 or",
3025 2311 3105 2374 είς
3161 2311 3261 2381 τὴν
3316 2311 3636 2379 Βαῖοφόρον.

2083 2395 2307 2466 Ἐλίχθη
2335 2400 2415 2462 είς
2438 2399 2537 2469 τὴν
2568 2400 2721 2470 λιτὴν
2748 2402 2806 2453 ὲν
2827 2403 2891 2471 τῇ
2928 2402 3079 2453 πόλει
3100 2402 3307 2474 Μεσίνῃ
3337 2402 3457 2469 (leg.
3484 2401 3638 2454 Μεσ-

2072 2488 2250 2558 σήνῃ).
2283 2490 2519 2544 Romilio
2555 2491 2640 2555 78,
2673 2494 2728 2544 in
2761 2492 2899 2545 diem
2927 2490 3260 2545 Palinurum.
3280 2490 3635 2544 Pronuntiata

2070 2579 2172 2647 fuit
2200 2580 2252 2632 in
2294 2582 2703 2648 procationem,
2729 2584 2785 2636 in
2821 2582 2947 2635 urbe
2979 2582 3246 2637 Messana.

2144 2668 2355 2739 Incipit,
2405 2673 2573 2727 Πάλιν
2620 2676 2752 2744 ἡμῖν
2786 2676 2817 2744 ή
2846 2675 2944 2743 τῆς
2980 2673 3251 2743 βασιλίδος
3296 2673 3403 2724 τῶν
3435 2670 3642 2741 ἑορτῶν

2069 2763 2231 2833 ἑορτὴ
2266 2764 2582 2833 προεόρτιος
2618 2766 2952 2836 ἐπεδήμησε.
2989 2765 3212 2826 Desinit,
3241 2764 3350 2817 Kal.
3377 2764 3484 2817 ὑπὸ
3506 2764 3637 2827 τοὺς

2069 2854 2236 2918 πόδας
2260 2855 2424 2909 αὑτοῦ
2444 2856 2833 2911 ταπεινοῦσθαι
2851 2858 2975 2920 τοὺς
3002 2858 3413 2927 ὲναντιομένους
3434 2857 3601 2910 αὑτοῦ
3622 2872 3636 2886 ’

2070 2947 2217 3016 ἡμᾶς
2248 2947 2305 2999 δὲ
2341 2949 2747 3019 ἀκατακρίτους
2775 2948 3093 3019 προφθάσαι
3118 2951 3218 3017 τὴν
3248 2948 3639 3019 λαμπροφόρον

2070 3039 2165 3091 καὶ¹
2195 3037 2477 3108 ζωηφόρον
2521 3042 2820 3095 ἀνάστασιν
2846 3057 2858 3071 ·
2893 3042 3077 3111 χάριτι
3124 3041 3215 3094 καὶ
3255 3040 3637 3110 φιλανθρωπίᾳ

2066 3129 2159 3182 τοῦ
2204 3131 2409 3202 Κυρίου
2462 3134 2556 3186 καὶ
2599 3133 2735 3185 Θεοῦ
2790 3134 2884 3186 καὶ
2937 3133 3189 3203 Σωτῆρος
3242 3132 3397 3202 ἡμῶν
3459 3129 3638 3201 Ἰησοῦ

2067 3221 2325 3291 Χριστοῦ,
2358 3216 2401 3291 ᾧ
2432 3226 2465 3296 η
2497 3224 2626 3289 δόξα
2653 3224 2824 3278 καὶτὸ
2846 3224 3043 3295 κράτος
3069 3226 3151 3287 εἰς
3178 3224 3306 3287 τοὺς
3338 3225 3564 3286 αἰῶνας.

2144 3315 2374 3370 Homilia
2404 3320 2514 3371 luce
2544 3319 2755 3372 diversa
2787 3327 2868 3371 est
2901 3316 2968 3369 ab
2996 3316 3097 3370 alia
3125 3318 3366 3387 ejusdem
3403 3318 3542 3372 tituli
3577 3327 3633 3373 et

2068 3409 2396 3477 argumenti,
2434 3410 2685 3478 superius
2719 3410 3006 3464 recensita.

2137 3499 2263 3553 205.
2328 3501 2551 3555 Averso.
2614 3500 2829 3570 Ὀμιλία
2879 3501 2976 3565 οθ’,
3026 3502 3107 3564 είς
3161 3502 3259 3571 τὴν
3313 3501 3636 3572 Βαῖοφόρον.

2079 3590 2305 3661 Ἐλέχθη
2325 3592 2382 3643 ὲν
2404 3591 2482 3661 τῷ
2502 3592 2714 3663 ἀμὸωνι
2733 3592 2833 3662 τῆς
2855 3591 3152 3660 καθολικῆς
3183 3595 3420 3661 Ῥηγίου.
3445 3593 3634 3647 Homi-

2066 3682 2139 3735 lia
2169 3683 2256 3747 79,
2293 3685 2347 3737 in
2376 3686 2513 3737 diem
2549 3684 2881 3739 Palinurum.
2912 3684 3271 3739 Pronuntiata
3302 3686 3402 3755 fuit
3433 3688 3487 3740 in
3522 3703 3639 3739 am-

2067 3772 2198 3827 bone
2229 3774 2544 3828 eathedralis
2580 3774 2788 3845 Rhegii.

2138 3865 2351 3934 Incipit,
2389 3867 2474 3930 Ὧς
2509 3867 2629 3920 λίαν
2659 3868 2773 3938 όρῶ
2817 3868 3183 3940 φαιδροτέραν
3210 3869 3309 3940 τὴν
3353 3868 3636 3940 παροῦσαν

2066 3958 2375 4026 πανήγυριν
2409 3960 2477 4012 τά
2522 3959 2784 4029 προοίμια
2818 3962 3093 4032 φέρουσαν
3119 3962 3221 4033 τὴν
3254 3960 3350 4013 τοῦ
3393 3959 3635 4031 Χριστοῦ

2066 4045 2362 4099 ἀνάστασιν
2406 4049 2499 4100 καὶ
2532 4048 2751 4119 τριττὴν
2795 4050 3136 4122 εὐφροσύνην
3175 4051 3251 4121 τῷ
3283 4051 3637 4121 χριστονύμῳ

2065 4136 2178 4205 λαῴ
2227 4140 2647 4206 ἐπεισάγουσαν.
2705 4140 2933 4207 Desinit,
2995 4142 3101 4194 Kal.
3146 4144 3195 4194 εί
3250 4141 3320 4195 δι’
3372 4142 3636 4211 ἀμέλειαν

2070 4231 2257 4299 ἱερέως
2278 4230 2589 4302 τελευτήσει
2621 4234 2726 4286 κᾶν
2773 4236 2854 4297 είς
2888 4234 3336 4306 ἀνεξαγόρευτος,
3388 4236 3421 4305 ἢ
3479 4235 3637 4287 ἀκοι-

2067 4320 2304 4390 νώνητος
2333 4338 2346 4350 °
2378 4323 2471 4375 τοῦ
2507 4325 2671 4378 αὐτοῦ
2721 4330 2896 4396 κρῖμα
2946 4326 3081 4397 πρὸς
3139 4327 3229 4379 τὸν
3283 4327 3433 4396 ἱερέα
3490 4326 3635 4378 ἔστω

2066 4412 2207 4464 κατὰ
2258 4413 2320 4464 τὸ
2354 4413 2448 4466 τοῦ
2482 4415 2730 4486 Σωτῆρος
2761 4417 3106 4486 ἐπάγγελμα.

2136 4502 2261 4561 208.
2291 4503 2397 4556 Τοῦ
2448 4507 2504 4557 ἑν
2547 4506 2722 4573 ἁγίοις
2775 4510 2986 4580 Πατρὸς
3043 4509 3196 4579 ἡμῶν
3235 4509 3483 4562 Ἰωάννου
3534 4507 3631 4563 τοῦ

2067 4593 2465 4664 Χρυσοστόμου
2491 4597 2678 4667 ὁμιλία
2719 4601 2838 4670 περὶ
2869 4602 2977 4653 τῶν
3010 4600 3150 4670 μετὰ
3191 4603 3631 4671 παρατηρήσεως

2068 4685 2403 4753 προσιόντων
2434 4689 2546 4749 τοῖς
2573 4688 2739 4752 θείοις
2766 4690 3106 4759 μυστηρίοις,
3141 4683 3223 4752 εἷς
3255 4691 3381 4751 τοὺς
3407 4689 3628 4740 ἀπολει-

2067 4776 2299 4846 φθέντας
2322 4777 2400 4839 είς
2421 4779 2489 4830 τὰ
2524 4780 2825 4849 Ἑγκαίνια.
2850 4779 3028 4835 Sancti
3051 4781 3229 4835 Patris
3265 4782 3427 4833 nostri
3455 4779 3627 4833 Joano

2069 4870 2148 4922 nis
2177 4868 2533 4938 Chrysostomi
2563 4872 2780 4924 homilia
2809 4875 2871 4925 de
2899 4872 2961 4924 iis
2985 4874 3073 4941 qui
3113 4874 3181 4925 ad
3217 4872 3394 4924 divina
3434 4882 3627 4938 myste-

2069 4960 2145 5011 ria
2175 4975 2291 5013 cum
2324 4963 2606 5015 attentione
2643 4961 2922 5026 accedunt,
2957 4965 3009 5015 in
3038 4980 3124 5016 eos
3152 4964 3243 5032 qui
3272 4963 3339 5015 ad
3370 4960 3628 5015 Encamia

2067 5051 2237 5105 relicti
2261 5062 2402 5106 sunt.

2141 5146 2354 5215 Incipit,
2385 5146 2499 5200 Οὐκ
2528 5148 2690 5217 ἀρκεῖ
2716 5147 2776 5199 τὸ
2817 5146 3002 5210 ἁπλῶς
3026 5147 3119 5199 καὶ
3149 5147 3225 5209 ὠς
3249 5145 3439 5214 ἔτυχεν
3466 5144 3632 5197 ἀκού-

2064 5254 2144 5290 ειν
2169 5238 2314 5307 ἡμᾶς
2343 5239 2706 5308 Χριστιανοὺς
2734 5239 2898 5291 καὶεί
2943 5238 3195 5307 βούλεσθε
3232 5237 3456 5307 παρέξω
3479 5235 3627 5299 ἀξιό-

2063 5346 2255 5382 πιστον
2299 5331 2549 5400 μάρτυρα
2582 5329 2670 5383 τὸν
2714 5329 3036 5398 ἀδελφόθεον
3079 5328 3335 5381 Ίάκωσον
3376 5328 3620 5394 λέγοντα.

2061 5421 2288 5486 Desinit,
2325 5423 2441 5475 ’Ὶνα
2476 5422 2575 5490 τῆς
2613 5422 2910 5492 μελλούσης
2939 5422 3033 5475 καὶ
3072 5419 3430 5488 ἀτελευτήτου
3463 5413 3623 5467 κολά-

2062 5530 2199 5577 σεως
2230 5513 2655 5584 ἀπαλλαγῶμεν,
2683 5514 2897 5584 καὶτῆς
2928 5515 3035 5567 τῶν
3071 5512 3322 5583 οὐρανῶν
3346 5507 3624 5578 βασιλείας

2060 5607 2384 5678 ἀξιωθῶμεν
2410 5648 2425 5674 ,
2466 5608 2653 5679 χάριτι
2696 5608 2792 5661 καὶ
2835 5606 3221 5678 φιλανθρωπία
3261 5602 3355 5657 τοῦ
3408 5600 3621 5671 Κυρίου

2062 5701 2222 5771 ἡμῶν
2263 5700 2439 5773 Ἰησοῦ
2465 5701 2728 5775 Χριστοῦ,
2760 5694 2806 5773 ᾧ
2836 5703 2871 5773 ἡ
2897 5699 3025 5769 δόξα
3056 5699 3151 5755 καὶ
3172 5699 3233 5749 τὸ
3257 5697 3457 5761 κράτος
3486 5692 3625 5747 πάν-
