4062 6214
316 277 391 341 37
1480 260 1635 325 HEC
1645 260 1872 322 ENSIO
1912 261 2079 323 COD.
2118 260 2439 322 MATRIT.
3541 255 3611 320 38

309 407 470 453 τοτε,
502 385 606 441 νῦν
638 382 737 439 καὶ
760 380 872 446 ἀεὶ,
905 378 1004 434 καὶ
1040 379 1117 443 εἰς
1147 381 1274 442 τοὺς
1306 377 1508 442 αἰῶνας
1538 376 1651 431 τῶν
1679 374 1921 433 αἰώνων.

324 479 539 549 Ἀμήν-

404 570 534 623 liae
577 562 805 620 homilia
842 574 1022 632 neque
1073 559 1216 615 inter
1266 559 1521 629 genuina,
1568 574 1744 626 neque
1782 559 1924 613 inter

330 662 516 733 spuria
565 656 621 712 S.
654 654 883 710 Joannis
911 651 1278 722 Chrysostami
1313 666 1478 722 opera
1528 651 1826 714 invenitur,
1877 651 1921 704 si

335 755 491 810 modo
523 750 663 805 ﬁdes
691 747 944 803 habenda
969 747 1041 801 sit
1060 745 1406 815 Alphabetica
1437 744 1674 813 ejusdem
1706 758 1921 811 operum

331 843 504 900 Indici
543 856 609 894 ea:
656 838 845 908 primis
878 838 1050 892 verbis
1098 852 1401 890 sermonum
1437 844 1487 889 et
1541 835 1916 898 homiliarum,

320 937 379 989 in
432 934 634 1002 quibus
694 930 896 998 spuritz
945 940 993 984 et
1040 930 1204 983 etiam
1261 929 1505 993 ontissw,
1558 942 1717 996 quem
1759 926 1823 980 P.
1858 926 1926 981 de

315 1024 684 1080 lloutl‘aucon
733 1022 956 1077 exhibet
1019 1020 1464 1090 locupletissimae
1510 1019 1767 1075 editionis
1809 1019 1920 1072 vol.

315 1115 471 1179 XIII,
511 1130 639 1185 pag.
677 1113 804 1169 296.
837 1114 907 1166 At
941 1127 1071 1166 vero
1105 1121 1227 1180 post
1256 1111 1396 1166 bene
1428 1111 1632 1166 multos
1665 1125 1798 1166 mss.
1829 1125 1926 1164 ea-

317 1211 545 1277 talogos
589 1216 647 1261 et
675 1206 886 1259 indices
940 1203 1141 1257 frustra
1186 1202 1496 1270 exploratos
1529 1217 1921 1272 excussosque.

331 1302 557 1355 latttlem
592 1297 756 1365 hujus
805 1295 1041 1350 homilia:
1080 1297 1322 1348 occurrit
1366 1296 1566 1349 mentio
1596 1295 1648 1347 in
1701 1294 1923 1349 Antonii

334 1390 631 1461 Augustini
663 1387 993 1442 Bibliotheca
1033 1386 1220 1440 Crmca
1263 1402 1385 1449 ms.,
1420 1387 1542 1441 cod.
1575 1385 1665 1451 41,
1712 1386 1796 1440 his
1842 1385 1926 1438 di-

327 1485 503 1541 sertis
544 1483 771 1536 verbis:
802 1479 894 1534 Cll
907 1477 1200 1534 RYSOST.
1240 1480 1362 1533 item
1396 1478 1460 1532 de
1493 1477 1836 1533 Eucharistia
1870 1479 1925 1532 in

343 1576 613 1631 Enetcniis
659 1589 864 1637 sermo,
913 1581 962 1625 et
1013 1573 1154 1640 quod
1201 1573 1446 1626 debemus
1507 1573 1755 1627 accedere
1803 1588 1924 1625 cum

338 1667 806 1724 multatimaread
843 1666 1021 1719 divina
1043 1664 1476 1736 mysteria.Cum
1513 1677 1693 1720 autem
1725 1667 1923 1721 doctis-

334 1760 465 1817 simi
504 1758 752 1827 prmsulis
781 1772 918 1813 mss.
955 1756 1281 1812 bibliotheca
1318 1757 1370 1811 in
1403 1755 1626 1825 Regiam
1668 1756 1925 1813 Escuria-

335 1852 547 1906 lensem
578 1849 730 1904 illata
757 1849 849 1911 sit,
882 1848 1159 1904 homiliam
1191 1850 1334 1903 hanc
1371 1849 1609 1914 ibidem,
1634 1850 1740 1904 nisi
1769 1848 1926 1905 fune-

333 1943 588 1998 stissima
633 1941 762 1994 anni
811 1940 945 1996 1671
991 1940 1244 1995 incendio
1289 1941 1471 2010 periit,
1504 1941 1680 1996 adhuc
1711 1952 1925 1999 exstare

335 2033 567 2089 minime
594 2032 933 2088 dubitamus.
984 2030 1055 2088 Ut
1104 2041 1163 2087 ut
1213 2042 1317 2099 est,
1354 2033 1593 2088 nondum
1642 2033 1731 2089 illa
1784 2037 1926 2106 typis

333 2122 601 2178 innotuit.

408 2217 540 2273 840.
574 2218 708 2274 Post
746 2217 1023 2274 homiliam
1055 2215 1429 2289 Cluysostomi
1472 2216 1809 2284 iuterjectam
1839 2232 1926 2272 re-

337 2310 421 2363 dit
447 2307 810 2380 Theophanis
839 2309 1182 2363 homiliarmn
1217 2307 1372 2373 ordo,
1399 2323 1492 2360 sua
1519 2307 1717 2377 cuique
1747 2308 1922 2362 ascri-

338 2414 433 2473 pta
472 2404 681 2458 numeri
719 2411 869 2466 nota,
908 2413 965 2454 ut
994 2401 1285 2469 sequitur:

436 2494 657 2564 Ὁμιλία
692 2493 764 2559 π’,
797 2495 875 2557 είς
904 2493 1006 2564 τὴν
1036 2492 1315 2563 σωτήριον
1360 2492 1653 2563 Ἀνάληψιν
1689 2490 1785 2545 τοῦ
1823 2493 1928 2545 Κυ-

360 2588 486 2658 ρίου
515 2586 613 2639 καὶ
633 2586 767 2639 Θεοῦ
797 2586 889 2639 καὶ
927 2585 1187 2655 Σωτῆρος
1240 2584 1396 2655 ἡμῶν
1454 2583 1631 2653 Ἰησοῦ
1665 2583 1925 2653 Χριστοῦ.

350 2679 605 2733 Hemi/ia
635 2680 721 2745 80,
762 2679 814 2731 in
853 2678 1186 2746 salutiferam
1223 2677 1596 2731 Ascensianem
1637 2675 1849 2730 Domini
1879 2683 1929 2730 et

339 2770 454 2826 Dei
485 2779 537 2824 et
568 2768 853 2824 Saluatoris
886 2769 1056 2821 nostri
1086 2768 1214 2821 Jesu
1244 2768 1470 2822 Christi.

427 2860 643 2927 incipit,
672 2859 924 2927 Σήμερον
952 2859 1047 2927 τῆς
1077 2859 1237 2928 ἡμῶν
1270 2859 1546 2929 σωτηρίας
1575 2860 1609 2929 ἡ
1640 2857 1924 2927 οἰκονομία

340 2949 729 3019 πεπλήρωται,
769 2949 1013 3018 σήμερον
1045 2950 1079 3019 ἡ
1112 2948 1277 3016 φύσις
1319 2949 1431 3002 τῶν
1479 2947 1785 3019 ἀνθρώπων
1812 2947 1924 3001 ἀπὸ

336 3038 447 3107 ⁸τῆς
492 3042 593 3106 γῆς
626 3038 706 3100 ei;
731 3037 999 3107 οὐρανοὺς
1041 3036 1401 3107 ἁνεφύτησεν.
1431 3036 1661 3102 Desinit,
1708 3039 1818 3090 Καὶ
1847 3035 1925 3106 τῷ

340 3133 489 3198 φωτὶ
507 3131 609 3196 τῆς
628 3131 793 3196 ἁγίας
818 3130 1054 3198 Τρίαδος
1084 3132 1399 3202 τελεότερον
1431 3130 1771 3201 ἐλλαμφθείη
1781 3146 1882 3198 μεν
1909 3146 1924 3161 ·

341 3221 416 3291 ῆν
445 3220 819 3289 ὁμολογοῦμεν
861 3220 921 3271 ὲν
966 3221 1250 3293 παρρησίᾳ
1278 3238 1293 3255 ο
1330 3220 1578 3275 κελεύσει
1606 3220 1717 3275 τῶν
1754 3221 1929 3287 ἁγίων

344 3314 612 3382 [laticum
657 3314 753 3391 καί
792 3312 1258 3378 ἀποστόλων,”καί
1304 3313 1522 3367 πάντων
1571 3313 1681 3366 τῶν
1731 3314 1937 3382 ἁγίων,Β

343 3406 608 3469 πάντοτε,
640 3404 734 3458 νῦν
765 3407 861 3459 καὶ
890 3404 1001 3473 ἀεὶ,
1039 3405 1119 3468 ei;
1149 3405 1276 3467 τοὺς
1304 3404 1509 3468 αἰῶνας
1536 3406 1646 3459 τῶν
1691 3407 1925 3463 αἰώνων.

353 3496 556 3566 ’Δμήν.

416 3587 541 3642 212.
571 3586 861 3643 llotniliam
892 3588 1030 3643 hanc
1052 3586 1396 3657 excipiebant
1419 3587 1546 3641 olim
1580 3595 1784 3657 septem
1809 3586 1929 3642 aliae

339 3683 400 3735 in
448 3682 631 3751 priora
667 3691 874 3749 septem
915 3678 1168 3744 Ἑωθινά,
1203 3680 1308 3734 hoc
1338 3686 1422 3734 est
1478 3677 1788 3745 Matutina;
1828 3677 1927 3735 sed

341 3773 589 3836 avulsis,
647 3781 740 3826 aut
788 3773 1058 3842 corruptis
1120 3779 1388 3826 vetustate
1442 3770 1622 3838 loliis,
1681 3771 1929 3840 septimae

347 3872 556 3917 tantum
584 3872 766 3918 exstat
801 3865 1070 3931 posterior
1121 3863 1408 3932 particula,
1451 3865 1518 3918 ab
1545 3861 1630 3917 his
1662 3861 1928 3932 incipiens

337 3953 547 4017 verbis.
580 3954 655 4006 Τὸ
685 3954 874 4007 λοιπὸν
911 3953 1012 4026 τὴν
1060 3954 1455 4025 ἁνθρωπότητα
1487 3953 1818 4019 ἀκολούθως,
1869 3955 1926 4010 in

340 4048 464 4101 hac
492 4048 772 4110 desinens,
802 4047 846 4099 Τ
849 4046 912 4100 οὔ
949 4049 1046 4101 σὺν
1078 4049 1253 4121 Πατρὶ
1286 4050 1381 4102 καὶ
1424 4047 1539 4117 Υἰῷ
1585 4064 1926 4117 προσκυνου-

350 4137 517 4208 μὲνου
548 4138 645 4193 καὶ
682 4137 1075 4209 δοξαζομένου,
1119 4139 1216 4194 νῦν
1251 4140 1347 4194 καὶ
1388 4141 1498 4205 ἀεὶ,
1540 4140 1636 4193 καί
1682 4141 1763 4203 εἰς
1797 4140 1927 4205 τοὺς

344 4230 568 4293 αἰῶνας.
841 4222 887 4230 ⁵
908 4224 929 4231 ﬁ

416 4320 545 4388 Quae
573 4322 794 4391 quidem
836 4332 1044 4394 septem
1095 4325 1332 4379 humilia:
1383 4335 1600 4382 exstant
1652 4326 1705 4380 in
1762 4341 1927 4396 supra

339 4412 561 4467 laudata
619 4414 880 4480 editione,
930 4424 986 4468 et
1037 4430 1066 4468 a
1106 4416 1361 4470 \icesitua
1391 4427 1582 4471 octava
1613 4416 1679 4471 ad
1712 4417 1928 4474 tricesi-

339 4521 490 4559 tnam
525 4508 861 4575 pertingant.

412 4598 556 4654 Ibid.
605 4598 823 4668 Ὀμιλία
856 4606 969 4672 my,
1003 4602 1083 4664 εἰς
1109 4605 1171 4654 ab
1194 4606 1243 4673 η’
1280 4599 1578 4654 Ἐωθινῶν.
1600 4599 1833 4655 Homilia
1857 4600 1926 4655 88

341 4690 399 4742 in
436 4702 533 4742 Vttt
570 4687 984 4743 Matutinarum.
1022 4690 1260 4760 Incipit:
1296 4692 1457 4763 Ἀρτι
1486 4691 1582 4747 τοῦ
1621 4692 1925 4763 κορυφαίου

341 4779 459 4833 τῶν
500 4779 793 4853 ερατ-τιτῶν.
853 4780 1046 4837 Exstat
1098 4783 1319 4848 ibidem,
1376 4793 1801 4853 numeraturque
1830 4783 1921 4850 51,

290 4916 293 4923 λ
349 4872 475 4926 licet
498 4871 584 4925 illa
610 4873 823 4941 plenior
854 4868 1099 4945 incipiat,
1142 4874 1335 4946 Μαρία
1367 4875 1637 4945 εἱστήκει.

422 4964 545 5018 2l3.
579 4969 803 5022 Averso.
851 4967 1073 5038 Ὀμιλία
1118 4968 1229 5032 110',
1289 4967 1369 5030 εἰς
1425 4968 1487 5020 τὸ
1543 4969 1586 5021 θ’
1629 4966 1922 5025 Ἐωθινῶν.

354 5054 588 5112 Romilio
611 5059 680 5113 89
712 5061 765 5112 in
790 5075 844 5113 ix
876 5057 1292 5115 Matutinarum.
1324 5058 1534 5130 Incipit,
1553 5058 1735 5131 Οὔσης
1764 5061 1924 5132 ὀψίας

343 5151 416 5219 τῇ
445 5148 618 5221 ἡμέρᾳ
639 5151 845 5222 ἐκείνῃ.
879 5152 971 5206 Est
1005 5153 1201 5207 ibidem
1239 5151 1329 5207 35.
1680 5184 1686 5190 ~

412 5240 547 5294 2l5.
575 5243 796 5297 Averso.
839 5242 1062 5313 Ὀμιλία
1094 5242 1144 5311 ιζ
1170 5246 1251 5307 εἰς
1284 5243 1346 5298 τὸ
1374 5241 1405 5298 ι’
1454 5243 1746 5299 Ἐωθινῶν.
1784 5244 1924 5318 Περί

334 5333 442 5403 τῆς
475 5333 654 5403 ἄγρας
681 5335 792 5387 τῶν
824 5334 1042 5405 ἰχθύων.
1085 5336 1323 5392 Humilia
1353 5336 1442 5401 90,
1471 5341 1523 5391 in
1558 5353 1590 5391 x
1623 5336 1923 5391 Matutino-

336 5440 480 5480 rum.
522 5424 601 5478 De
641 5437 869 5493 captura
904 5429 1153 5494 piscium.
1200 5430 1410 5499 Incipit,
1462 5429 1588 5482 Ἕπί
1621 5431 1722 5502 τὴν
1757 5430 1922 5483 Τιϐε-

336 5517 529 5587 ριάδος
551 5517 775 5590 λίμνην.
815 5517 906 5574 Est
954 5521 1151 5576 ibidem
1190 5522 1279 5576 36.

2095 376 2226 432 2l8.
2280 372 2504 443 Ὅμιλία
2538 376 2648 441 ιμ’,
2691 372 2774 436 εἰς
2812 369 2876 425 τὸ
2928 374 2996 426 ια’
3041 368 3335 427 Ἑωθινῶν.
3370 368 3613 425 Ilomilia

2027 469 2117 532 91,
2162 468 2219 521 in
2270 484 2321 522 ιι
2382 465 2802 519 Matutinarum.
2832 463 3046 531 Incipit,
3078 462 3170 533 Τῷ
3204 462 3380 533 καιρῷ
3426 462 3613 533 ἑνείνῳ

2027 562 2379 630 ἐφανέρωσεν
2412 558 2609 611 ἑαυτὸν
2650 559 2678 610 ὁ
2718 556 2927 626 Ἰησοῦς
2954 558 3069 620 τοῖς
3111 556 3384 626 μαθηταῖς
3418 556 3610 610 αὐτοῦ.

2029 654 2310 707 Postrema
2339 652 2501 721 hujus
2528 651 2764 705 humilia:
2790 650 3006 719 pagina,
3026 650 3216 703 deletis
3246 665 3384 718 pene
3416 651 3611 706 litteris

2028 746 2129 813 legi
2162 761 2220 799 se
2249 746 2470 798 minime
2499 747 2724 810 patitur.
2764 740 2860 795 Est
2892 754 3023 796 vero
3055 740 3254 796 ibidem
3282 741 3373 796 57.

2100 838 2382 893 Hactenus
2435 835 2794 904 singularum,
2853 848 2992 902 quas
3043 843 3188 888 totus
3231 833 3612 902 complectitur

2028 933 2220 997 codex,
2258 929 2602 985 homiliarum
2653 928 2924 983 recensio.
2957 924 3115 980 Nunc
3147 941 3294 989 vero,
3327 936 3520 995 prmter
3546 941 3609 979 ea

2028 1040 2147 1095 qtta:
2183 1023 2363 1077 obiter
2394 1019 2833 1083 observavimus,
2879 1019 3058 1087 aliqua
3112 1019 3267 1073 nobis
3319 1027 3611 1087 supersunt

2032 1128 2140 1173 tum
2195 1119 2260 1171 de
2314 1115 2554 1169 auctoris
2592 1114 2831 1175 neruiue,
2887 1120 3069 1176 actate,
3107 1110 3349 1179 scriptis,
3398 1123 3507 1163 tum
3545 1112 3611 1165 de

2031 1210 2146 1278 ipso
2176 1208 2364 1260 codice
2399 1203 2736 1259 disserenda.

2100 1302 2306 1355 Auctor
2328 1300 2546 1367 quidem
2575 1313 2639 1351 ex
2676 1296 2784 1349 illis
2817 1305 2903 1350 est
2936 1296 3026 1363 qui
3066 1294 3429 1365 πολυωνυμία
3459 1293 3610 1348 labo-

2030 1404 2185 1460 rant;
2244 1392 2367 1446 aliis
2424 1390 2569 1445 enim
2632 1387 2910 1456 Georgius,
2945 1389 3074 1456 .sive
3123 1385 3441 1456 Gregorius;
3493 1385 3613 1438 aliis

2034 1485 2399 1555 Theophanes,
2434 1481 2715 1550 Philippus
2757 1482 2901 1543 aliis,
2938 1480 3058 1533 aliis
3084 1479 3315 1548 denique
3344 1477 3611 1546 Nicepho-

2032 1594 2144 1642 rus,
2175 1577 2435 1644 adjuncto
2456 1587 2671 1641 semper
2696 1568 3003 1636 Cerameos,
3026 1570 3109 1624 vel
3140 1568 3438 1634 Ceramitte,
3469 1569 3611 1637 quod

2029 1668 2254 1740 ﬁgulum
2289 1675 2486 1732 sonat,
2538 1675 2919 1734 cognomento,
2956 1672 3317 1731 nuncupatur.
3348 1662 3451 1716 Sed
3488 1674 3612 1715 0m-

2030 1777 2126 1816 nes
2157 1758 2597 1829 frequentissime
2629 1764 2723 1810 aut
2765 1754 3133 1822 Theophanes,
3160 1766 3252 1806 aut
3283 1749 3610 1821 Gregorius:

2029 1853 2166 1907 adeo
2194 1862 2253 1905 ut
2282 1849 2472 1905 haberi
2502 1847 2804 1903 binominis
2830 1846 3028 1916 possit,
3055 1844 3238 1900 addito
3263 1844 3425 1898 etiam
3451 1840 3617 1896 Cera-

2029 1947 2133 2001 mei
2184 1945 2545 2015 cognomine,
2599 1953 2655 1999 et
2712 1940 3112 2011 archiepiscoisi
3170 1935 3614 1994 Tauromenitani

2032 2037 2209 2093 titulo.
2249 2040 2364 2104 Qua
2410 2038 2477 2091 de
2530 2050 2588 2091 re
2638 2035 2844 2091 videsis
2875 2032 3132 2089 Scorsum
3167 2033 3220 2087 in
3253 2032 3517 2086 Prommia
3546 2046 3611 2095 tt,

2031 2129 2168 2202 §2;
2217 2128 2455 2183 Leonem
2509 2125 2763 2181 Allatium
2825 2126 2876 2180 in
2944 2124 3189 2178 Diatriba
3232 2125 3297 2178 de
3352 2124 3612 2194 Geargiis,

2029 2237 2181 2276 num.
2219 2219 2407 2280 LXXI.
2447 2229 2503 2274 et
2533 2217 2845 2273 Fabricium
2895 2219 2947 2271 in
2987 2217 3248 2273 Biblioth.
3275 2215 3475 2273 Grecae
3506 2217 3612 2272 vol.

2031 2312 2098 2381 Χ,
2135 2328 2252 2383 cap.
2277 2313 2368 2367 42.
2408 2312 2489 2366 Ad
2525 2311 2837 2381 Philagatlti
2870 2310 3168 2380 pltilamphi
3198 2309 3611 2383 appellationem

2030 2409 2172 2474 quod
2206 2382 2423 2468 attinet,
2463 2403 2593 2473 quid
2628 2401 2717 2456 illa
2759 2401 2976 2456 rarius?
3008 2399 3165 2471 Apud
3212 2401 3421 2455 nullum
3476 2382 3617 2455 scri-

2032 2504 2240 2562 ptorem
2279 2492 2534 2563 nulloque
2592 2495 2643 2546 in
2706 2492 3043 2561 exetuplari,
3099 2500 3461 2561 praeterquam
3512 2491 3617 2548 hoc

2033 2584 2335 2641 Matritensi
2399 2587 2660 2647 occurrit,
2717 2586 2804 2638 ubi
2859 2594 3071 2653 quater,
3141 2599 3248 2652 qua
3300 2582 3617 2638 suboriatur

2034 2673 2315 2729 dubitandi
2380 2675 2559 2740 ratio,
2615 2675 2904 2745 repetitur.
2974 2676 3112 2731 Hinc
3167 2680 3325 2748 plane
3387 2678 3615 2749 colligas

2032 2776 2233 2835 quanta
2297 2780 2385 2820 me
2437 2765 2701 2820 invaserit
2752 2782 3069 2836 germanum
3127 2769 3364 2826 auctoris
3418 2785 3613 2826 nomen

2034 2856 2323 2926 delegandi
2357 2856 2650 2927 cupiditas,
2679 2868 2918 2927 quantus
2945 2858 3073 2913 mihi
3110 2859 3163 2912 in
3196 2874 3260 2914 eo
3292 2859 3615 2916 inveniendo

2035 2948 2222 3014 labor;
2262 2958 2395 3018 quot
2424 2950 2773 3003 homiliarum
2801 2950 3162 3019 scriptoribus
3185 2953 3612 3022 pervolutandis.

2030 3050 2163 3110 qoot
2218 3040 2565 3095 conferendis
2620 3040 2977 3110 impenderim
3028 3058 3297 3113 operam,
3349 3045 3521 3099 donec
3559 3045 3613 3098 in

2028 3129 2353 3200 Philagatho
2378 3146 2674 3200 agnoscere
2707 3130 3074 3202 Theophanem
3113 3135 3331 3189 demum
3359 3135 3615 3207 contigit.

2029 3221 2206 3279 Meum
2254 3224 2385 3279 mihi
2439 3225 2741 3289 inventum,
2788 3235 2846 3279 ut
2879 3226 3112 3294 ingenue
3160 3227 3351 3294 fatear,
3387 3229 3615 3284 miriﬁce

2030 3331 2148 3370 sum
2204 3315 2537 3385 gratulatus;
2578 3317 2870 3387 scriptoris
2936 3318 3186 3373 invenire
3245 3336 3439 3375 nomen
3496 3323 3615 3389 plus

2031 3406 2205 3461 visum
2237 3415 2322 3461 est
2350 3422 2509 3475 quam
2538 3408 2739 3478 scripta
2777 3410 2876 3479 (a).
2910 3408 3217 3479 Philaguthi
3247 3426 3408 3481 porro
3437 3413 3616 3467 nomi-

2031 3512 2100 3551 ne
2130 3495 2542 3565 Theophanem,
2582 3500 2709 3552 dum
2760 3500 2930 3557 vitam
2993 3501 3348 3556 monasticam
3409 3512 3614 3572 ageret,

2031 3601 2189 3641 usum
2225 3587 2391 3644 fuisse
2423 3589 2591 3669 plane.
2613 3599 2829 3645 constat
2868 3607 2933 3647 ex
2980 3594 3385 3662 subscriptione
3436 3594 3617 3649 homi-

2029 3679 2116 3733 lia:
2148 3679 2215 3733 77
2247 3679 2517 3749 subjecta,
2543 3688 2705 3751 quam
2733 3682 2896 3754 hujus
2925 3685 3129 3739 codicis
3160 3682 3256 3740 fol.
3282 3684 3390 3740 202
3420 3702 3617 3742 averso

2029 3771 2402 3829 exhibuimus.

2101 3862 2222 3919 lam
2261 3880 2386 3921 vero
2416 3866 2483 3921 de
2506 3877 2664 3924 aetate
2700 3886 2805 3941 qua
2835 3869 3200 3942 Theophanes
3229 3873 3383 3937 vixit,
3412 3873 3454 3929 si
3489 3888 3618 3929 vera

2029 3966 2115 4012 est
2138 3957 2300 4013 lectio
2325 3960 2703 4031 inscriptionis
2731 3964 2991 4030 homiliae,
3019 3964 3317 4019 secundum
3357 3965 3614 4021 Scorsutn

2027 4047 2121 4113 26,
2158 4050 2212 4103 in
2238 4051 2572 4107 solemnitate
2597 4051 2917 4109 Palmarum
2939 4056 3096 4111 diem:
3127 4057 3359 4110 ἐνώπιον
3397 4058 3491 4111 τοῦ
3517 4062 3616 4129 ρη-

2029 4144 2126 4212 γὸς
2165 4140 2379 4211 Ῥόγου,
2419 4144 2507 4199 ubi
2537 4152 2592 4200 et
2624 4143 2734 4201 Leo
2758 4144 3012 4211 Allatius,
3045 4156 3119 4212 et,
3153 4148 3269 4217 ipso
3309 4150 3509 4204 Scorso
3538 4151 3592 4204 fa

2038 4246 2207 4307 lente,
2243 4237 2573 4294 Sirmundus
2614 4238 2900 4310 Ῥογερίου
2946 4254 3046 4309 pro
3088 4239 3279 4308 Ῥόγου
3335 4241 3617 4312 legendum

2033 4340 2283 4397 censent,
2314 4347 2396 4386 nae
2445 4331 2537 4386 ille
2569 4333 2772 4386 vixisse
2832 4333 3013 4402 potius
3076 4334 3294 4388 vidczur
3328 4332 3546 4400 Roget-ii
3575 4334 3615 4399 Ι,

2032 4421 2233 4479 Siciliae
2278 4424 2419 4494 regis
2475 4433 2719 4493 tempore
2778 4425 2847 4480 ab
2896 4440 3040 4481 anno
3100 4425 3321 4481 circiter
3384 4426 3520 4481 1150
3542 4426 3617 4483 ad

2031 4516 2194 4582 1154,
2229 4531 2391 4585 quam
2421 4517 2620 4572 steculo
2644 4533 2698 4570 nt
2736 4519 2836 4572 sub
2864 4518 3064 4573 Basilio
3091 4529 3145 4572 et
3169 4517 3351 4574 Leone
3380 4520 3617 4589 impera-

2031 4608 2262 4664 toribus.
2302 4607 2363 4663 ld
2406 4617 2586 4663 tamen
2621 4611 2905 4664 contendit
2938 4609 3195 4674 Scorsus,
3229 4612 3388 4664 modo
3437 4609 3614 4678 Ῥογε-

2029 4700 2153 4770 ρίου
2185 4700 2370 4756 delere
2403 4716 2625 4768 nomen,
2654 4703 2815 4757 modo
2843 4702 3166 4757 vocabulum
3215 4701 3408 4770 Ῥόγου
3447 4703 3617 4755 st..bi-

2028 4793 2132 4848 lire
2160 4793 2311 4848 omni
2362 4793 2578 4848 ratione
2630 4791 2905 4859 aduitens,
2936 4802 3046 4848 tum
3079 4792 3342 4863 βασιλέως
3378 4792 3615 4860 appelln-

2032 4885 2257 4952 tionem,
2291 4901 2456 4956 quam
2494 4882 2858 4955 Theophanes
2887 4884 3203 4955 frequenter
3237 4894 3483 4950 usurpat,
3517 4884 3619 4936 im-

2028 4985 2351 5046 peratoriam,
2396 4992 2501 5030 non
2539 4992 2708 5047 regem
2745 4977 3077 5046 pertinacius
3126 4976 3512 5045 interpretans.
3546 4976 3616 5030 At

2028 5069 2237 5138 singula
2261 5068 2423 5140 hujus
2449 5080 2768 5139 argumenta
2793 5069 3010 5140 egregie
3029 5069 3258 5123 Allatius
3285 5069 3340 5122 iu
3370 5069 3612 5123 Diatriba

2027 5162 2092 5216 de
2124 5160 2429 5217 Simeonum
2456 5163 2666 5230 scriptis
2694 5162 2958 5227 confutat,
2991 5163 3165 5231 ipsum
3197 5162 3325 5217 item
3356 5162 3609 5214 Allatium

2026 5252 2306 5323 explanat,
2342 5263 2619 5322 totamque
2655 5269 2766 5306 rem
2819 5253 3025 5323 optime
3061 5253 3312 5308 enucleati
3346 5252 3609 5305 illustrat-

2028 5362 2133 5416 que
2159 5346 2458 5400 Casimirus
2491 5344 2739 5400 Oudiuus
2767 5345 2819 5400 in
2848 5343 3240 5400 Commentario
3271 5346 3333 5398 de
3357 5342 3609 5398 Ecclesia:

1982 5490 1989 5497 _
2028 5435 2379 5504 scriptoribus
2425 5436 2682 5506 antiquis,
2744 5446 2888 5492 torno
2919 5437 2985 5501 ll,
3033 5438 3138 5493 col.
3174 5436 3314 5492 1185
3340 5452 3462 5507 sqq.

2100 5527 2183 5580 Ad
2210 5527 2451 5583 auctoris
2483 5530 2653 5584 nostri
2701 5531 2928 5600 scripta,
2964 5532 3013 5585 id
3050 5541 3134 5585 est
3180 5530 3451 5601 homilias,
3481 5536 3609 5585 tan-

406 5698 491 5766 (a)
537 5695 595 5750 Si
639 5696 933 5755 Villoisono
991 5702 1222 5767 credas,
1278 5701 1477 5759 frustra
1528 5705 1617 5763 hic
1675 5704 1913 5764 exsultat
1951 5705 2187 5764 Yriarte.
2222 5705 2353 5764 Vide
2379 5722 2543 5780 supra
2581 5709 2685 5767 col.
2721 5708 2812 5764 21.
2846 5709 3002 5764 Eon.
3041 5708 3209 5766 Pun.
