4062 6214
521 288 590 352 39
1666 279 2044 344 RECENSIO
2082 276 2251 339 COD.
2291 274 2600 336 MATRIT.
3695 277 3768 339 ιο

520 403 644 458 dem
682 400 1026 456 accedamus.
1074 395 1180 450 Eas
1227 393 1398 449 multo
1436 393 1624 464 plures
1651 409 1772 450 esse
1801 395 2081 463 sexaginta

520 493 732 548 duabus
779 504 922 560 quas
957 488 1226 541 Scorsana
1260 493 1620 555 reprasentat
1658 485 1850 552 editio,
1894 483 1978 538 vel
2004 483 2092 537 hic

521 582 661 636 liber
686 595 786 636 ms.
819 578 976 632 (idem
1014 576 1228 630 abunde
1259 575 1410 630 facit.
1458 575 1603 629 Inter
1637 584 1862 629 crateras
1911 581 2090 628 autem

522 687 706 727 earum
768 669 1122 722 Homiliarum
1187 667 1402 721 codices
1449 664 1904 720 auimadvertenti
1960 663 2094 718 mihi

523 781 648 819 cum
699 762 840 826 apud
895 763 1142 814 eumdem
1195 758 1478 824 Scorsutn,
1507 766 1618 812 tum
1671 756 1810 825 apud
1851 755 2089 810 Leonem

522 855 778 910 Allatium
814 853 866 906 in
898 853 1140 905 Diatriba
1173 851 1238 904 de
1271 851 1508 920 Georgiis
1540 849 1704 904 etiam
1742 847 2090 902 Escurialen-

524 961 612 1000 ses
649 945 873 1014 allegari
923 944 1106 998 statim
1167 941 1317 995 adire
1373 940 1643 994 succurrit
1698 938 2090 1008 praecipuorum

521 1036 919 1091 Escurialensis
944 1033 1285 1088 bibliotheca:
1327 1047 1458 1085 mss.
1490 1031 1750 1093 Iudicem,
1778 1044 1936 1096 quem
1966 1043 2092 1098 par-

523 1126 619 1180 tim
657 1140 721 1178 ex
761 1125 930 1193 ipsius
957 1123 1228 1190 catalogo,
1260 1121 1452 1190 partim
1487 1135 1550 1174 ett
1605 1119 1736 1186 ipsis
1766 1117 1919 1171 libris
1965 1116 2090 1170 olim

522 1217 1001 1277 concinnaveram,
1058 1227 1198 1266 anno
1231 1213 1481 1266 videlicet
1539 1210 1716 1275 1747,
1769 1210 1895 1263 dum
1949 1208 2090 1278 apud

525 1308 732 1376 regium
762 1306 890 1358 illud
920 1304 1252 1368 camobium,
1281 1303 1519 1356 omnium
1546 1302 1745 1354 artium
1781 1300 2095 1366 disciplina-

524 1410 754 1463 rumque
785 1396 987 1456 sedem,
1022 1393 1296 1446 mensibus
1322 1389 1544 1446 Octobri
1589 1401 1644 1443 et
1683 1388 1967 1443 Novembri
2001 1403 2096 1458 per

524 1485 641 1540 dies
665 1484 1019 1554 quadraginta
1045 1499 1150 1536 non
1175 1484 1384 1536 otiosus
1408 1490 1682 1549 spectator
1704 1493 2090 1533 commorarer.

524 1575 601 1629 Eo
651 1578 701 1628 in
762 1575 941 1628 indice
1001 1582 1398 1642 peropportune
1453 1571 1652 1624 librum
1698 1569 1898 1623 oﬂ‘eudi
1931 1609 1945 1633 ,
2005 1567 2095 1622 cui

526 1666 714 1719 titulus
751 1682 764 1717 :
799 1664 1044 1733 Gregorii
1073 1663 1298 1730 episcopi
1333 1660 1695 1715 Tauromeniw
1717 1659 1914 1714 Sicilire
1935 1660 2096 1714 Gera-

523 1757 625 1810 mei
649 1758 806 1808 var-iw
833 1755 1104 1815 Homilies,
1137 1756 1236 1807 hac
1263 1763 1386 1806 nota
1413 1752 1734 1806 distinctum
1757 1771 1771 1807 :
1794 1751 1883 1806 IV.
1916 1754 1974 1806 Ω.
2001 1753 2092 1808 27.

595 1849 862 1902 Continuo
894 1859 1024 1916 quot
1056 1857 1109 1899 et
1149 1861 1284 1914 quas
1320 1845 1771 1914 complecteretur
1797 1845 1883 1898 hic
1916 1846 2095 1900 homi-

522 1941 645 2006 lias,
678 1940 877 1994 certior
921 1937 1035 1990 ileri
1089 1937 1337 2005 cupidus,
1390 1937 1454 1988 ad
1497 1933 1829 1988 Bernardum
1858 1933 2095 2000 Yriarte,

526 2033 711 2087 fratris
743 2032 844 2084 mei
873 2030 1062 2090 lilium,
1097 2027 1338 2098 primarii
1375 2027 1645 2096 regiorum
1669 2025 2095 2080 commentario-

529 2141 645 2178 rum
683 2123 868 2176 scrinii
894 2122 1297 2183 administrum,
1329 2117 1466 2187 apud
1500 2131 1662 2185 supra
1691 2117 1890 2171 dictum
1910 2129 2099 2170 emno-

528 2214 696 2271 bium,
734 2211 1031 2265 rusticante
1063 2209 1135 2260 ibi
1169 2221 1319 2274 rege,
1363 2205 1665 2272 degentem,
1717 2203 1925 2256 litteras
1978 2201 2096 2254 dedi

524 2317 616 2356 ινι
672 2301 795 2353 Kal.
847 2301 983 2367 Aug.
1019 2313 1108 2350 an.
1153 2295 1310 2360 I766,
1346 2295 1505 2348 enixe
1556 2293 1836 2362 postulans
1876 2299 1933 2345 ut
1963 2291 2099 2344 duos

525 2391 883 2458 peritissimos
915 2388 1032 2455 ejus
1054 2387 1396 2440 bibliothecae
1419 2385 1671 2443 custodes
1696 2397 1757 2436 ea
1789 2383 1857 2437 de
1887 2397 1944 2437 re
1969 2397 2098 2437 con-

527 2481 736 2534 veniret
795 2478 1227 2544 consuleretque.
1293 2474 1446 2542 Quod
1518 2489 1640 2527 cum
1700 2472 1793 2527 ille
1855 2485 2098 2539 strenue,

527 2571 978 2639 quemadmodum
1010 2567 1148 2622 solet
1189 2566 1390 2628 omnia,
1422 2563 1779 2635 prmstitisset,
1815 2563 1881 2618 R.
1915 2562 1976 2616 Ρ.
2007 2565 2098 2618 Di-

527 2665 693 2716 dacus
725 2661 790 2714 de
816 2658 1091 2724 Cisueros,
1117 2657 1400 2712 custodum
1441 2657 1730 2721 secundus,
1756 2657 1841 2710 cui
1871 2657 2101 2710 schedu-

521 2753 633 2807 Iam
665 2767 837 2805 meam
870 2751 1074 2805 codicis
1123 2750 1357 2814 titulum,
1393 2760 1683 2817 notamque
1721 2748 2096 2817 praeferentem

525 2845 616 2899 ille
648 2845 962 2906 tradiderat,
1007 2852 1117 2896 tam
1175 2843 1461 2910 diligenter
1509 2856 1668 2910 quam
1705 2842 2012 2894 humaniter
2041 2848 2097 2892 et

531 2936 671 2994 illius
699 2935 856 2989 dictis
890 2942 944 2986 et
986 2931 1124 2986 meis
1154 2933 1456 2999 obsequens
1484 2930 1715 2999 optatis,
1755 2929 2101 2984 accuratissi-

530 3043 678 3080 mum
711 3025 975 3094 ejusmodi
1007 3025 1233 3088 codicis,
1275 3021 1614 3076 homiliarum
1650 3033 1757 3075 tum
1790 3022 2099 3091 inscriptio-

528 3118 711 3179 nibtts,
747 3126 860 3170 tum
889 3115 1076 3185 primis
1115 3115 1377 3184 cujusque
1408 3114 1587 3168 verbis
1631 3113 1819 3167 Graece
1867 3113 2102 3180 perscri-

529 3208 657 3275 ptis,
693 3207 991 3277 catalogum
1023 3207 1088 3261 ad
1123 3222 1208 3260 me
1238 3205 1476 3273 ejusdem
1524 3204 1782 3260 Bernardi
1808 3219 1909 3274 ope
1936 3205 2101 3260 biduo

530 3307 650 3366 post
685 3298 999 3351 mittendum
1025 3297 1254 3350 curavit.

603 3385 652 3439 Is
682 3387 841 3456 igitur
874 3385 1265 3440 Escurialensis
1294 3385 1484 3448 codex,
1527 3383 1668 3439 foliis
1690 3393 1947 3441 constans
1970 3386 2099 3453 299,

532 3485 586 3529 et
628 3487 920 3528 meworata
959 3475 1211 3544 superius
1267 3483 1388 3527 nota
1437 3474 1525 3528 IV.
1571 3475 1634 3526 Ω.
1684 3476 1754 3528 27
1797 3475 2099 3546 insignitus,

531 3565 882 3636 Theophanis
921 3569 1160 3621 continet
1200 3567 1462 3621 Iiomilias
1489 3569 1710 3621 omnino
1741 3568 1830 3632 56,
1874 3586 2101 3640 quarum

530 3660 782 3724 princeps
819 3656 977 3710 talem
1027 3657 1244 3710 exhibet
1285 3657 1494 3710 titulum
1539 3676 1553 3711 :
1599 3658 1705 3711 Τοῦ
1740 3664 2100 3730 μακαριωτά-

527 3766 646 3812 sou,
679 3749 990 3815 σοφωτάτου
1027 3765 1087 3800 τε
1125 3750 1218 3802 καὶ
1269 3751 1711 3819 ῥητορικωτάτου
1744 3755 2100 3824 ἁρχιεπισκό-

531 3855 635 3891 που
679 3839 1083 3910 Ταυρομενείας
1129 3841 1228 3910 τῆς
1284 3841 1536 3904 Σικελίας
1582 3842 1751 3914 κόρου
1798 3845 2101 3917 Γρηγοριου

529 3927 624 3980 τοῦ
658 3928 886 3997 ἐπίκλην
915 3929 1219 4000 Κεραμέως
1258 3931 1339 3993 εἰς
1358 3931 1456 4000 τὴν
1479 3932 1654 4001 ἀρχὴν
1686 3935 1786 4001 τῆς
1825 3935 2101 4002 Ἰνδίκτου,

529 4019 648 4088 ἦτοι
673 4019 788 4088 ,τοῦ
825 4021 946 4072 νέου
981 4021 1154 4083 ἔτους.
1193 4021 1249 4075 Id
1295 4036 1378 4076 eSt
1413 4037 1429 4074 :
1467 4021 1790 4089 Beatissimi,
1824 4029 2104 4096 sapientis-

531 4110 651 4162 simi
683 4126 744 4162 ac
766 4112 1172 4180 eloquentissimi
1225 4114 1605 4183 archiepiscopi
1647 4113 1980 4172 Tauromenii
2013 4120 2103 4174 Si-

529 4201 689 4266 cilia',
717 4202 918 4256 domini
945 4201 1208 4274 Gregorii,
1241 4215 1580 4272 cognomento
1629 4204 1888 4273 Ceramei,
1930 4209 2103 4262 homi-

528 4294 600 4346 lia
621 4294 672 4346 in
690 4295 1006 4362 principium
1033 4295 1368 4361 lndictionis,
1387 4296 1492 4349 sive
1509 4296 1625 4348 novi
1641 4299 1802 4362 anni;
1831 4309 2102 4362 postrema

529 4384 609 4437 sic
643 4385 961 4438 inscribitur
993 4401 1008 4438 :
1053 4386 1158 4438 Τοῦ
1193 4388 1357 4440 αὐτοῦ
1394 4387 1582 4458 ὁμιλία
1627 4390 1709 4452 εἰς
1746 4391 1807 4443 τὸ
1846 4391 1914 4445 ια’
1945 4393 2103 4446 ἑωθι-

529 4474 642 4540 νόν,
672 4475 986 4544 incipitque,
1027 4476 1117 4546 Τῷ
1163 4477 1342 4549 καιρῷ
1370 4480 1562 4549 ἐκείνῳ
1592 4481 1936 4554 ἐφανέρωσεν
1976 4485 2105 4539 ἑαυο

532 4565 623 4619 τὸν
653 4568 681 4619 ὁ
719 4566 923 4636 Ἰησοῦς
959 4570 1071 4630 τοῖς
1099 4569 1388 4639 μαθηταῖς.

603 4659 674 4710 At
701 4659 815 4712 ista:
839 4674 1026 4712 omnes
1046 4659 1154 4726 jam
1179 4676 1207 4712 a
1234 4659 1293 4714 P.
1323 4660 1520 4719 Scorso
1549 4665 1684 4735 typis
1709 4667 2105 4726 Parisiensihus

533 4749 814 4820 evulgataa.
863 4749 918 4803 lit
956 4750 1062 4805 line
1115 4755 1347 4821 accedit,
1383 4754 1490 4809 Τοῦ
1539 4761 1854 4827 σοφωτάτου
1887 4765 1982 4817 καὶ
2016 4764 2106 4818 λο-

532 4843 801 4909 γιωτάτου
841 4843 933 4895 καὶ
960 4844 1269 4911 ἁγιωτάτου
1297 4848 1638 4919 πατριάρχου
1662 4850 2106 4911 Κωνσταντινουο

531 4931 742 5030 scola-tu;
789 4932 959 5004 κύρου
1017 4935 1054 4986 Γ
1060 4936 1321 5006 ρηγορίου
1371 4938 1463 4990 τοῦ
1523 4939 1772 5010 Κυπρίου
1812 4944 1967 5030 ὶφγος
2023 4948 2104 5013 εἰς

530 5021 624 5074 τὸν
651 5022 806 5089 ἅγιον
861 5026 1324 5098 μεγαλομάρτυρα
1365 5031 1462 5082 καὶ
1487 5021 1887 5105 τροπαιοφόρον
1925 5038 2105 5110 Γεὼρ·

532 5133 672 5186 γιον.
703 5113 816 5170 IIoc
851 5125 935 5169 est
965 5135 979 5171 ε
1016 5117 1425 5186 Sapientissimi,
1461 5123 1873 5192 eloquentissimi
1905 5140 1953 5182 et
1976 5146 2104 5184 san-

533 5208 754 5260 ctissimi
798 5205 1319 5278 Constantinopoleos
1359 5214 1701 5280 patriarchas,
1738 5217 1939 5273 domini
1973 5218 2107 5277 Grc-

532 5300 668 5369 gorii
696 5298 879 5369 Cyprii
902 5316 1069 5352 sermo
1091 5302 1143 5353 in
1176 5314 1416 5357 sanctum
1443 5323 1688 5377 magnum
1732 5322 2016 5382 martyrem
2054 5326 2104 5370 et

534 5394 956 5463 trapaaopltorum
997 5393 1303 5462 Georgium,
1335 5401 1403 5453 ab
1457 5402 1540 5454 his
1587 5402 1851 5473 incipiens
1875 5408 2053 5464 verbis
2087 5427 2100 5464 :

536 5483 697 5548 "seu;
725 5486 882 5539 τοῦτο
910 5487 1017 5539 τῶν
1040 5486 1218 5555 λόγοις
1248 5489 1665 5561 ἀγωνισόμένων
1691 5496 1899 5566 σχεδὸν,
1926 5501 2017 5568 qui
2049 5504 2102 5556 in

532 5575 677 5628 Actis
716 5589 1040 5642 sanctorum,
1090 5579 1288 5647 Aprilis
1332 5590 1460 5635 tom.
1492 5582 1596 5647 .Ill,
1645 5585 1731 5640 die
1772 5587 1862 5653 25,
1919 5586 2106 5646 Graece

534 5681 598 5721 ac
652 5665 843 5723 Latine
891 5669 999 5739 jam
1058 5671 1276 5741 prodiit.
1340 5672 1580 5744 Denique
1629 5679 1682 5734 in
1737 5679 2103 5741 trausmissia

2206 387 2272 442 Β.
2298 388 2362 443 Ρ.
2391 387 2649 444 Cisneros
2704 388 2933 460 catalogi
2973 390 3078 445 line
3112 389 3482 452 subnotatum,
3505 388 3638 442 nihil
3658 407 3782 444 am-

2199 480 2336 547 plius
2377 495 2442 533 ea:
2473 478 2654 534 eodem
2702 479 2958 552 Gregorio
2986 481 3236 536 Cerameo
3270 482 3324 536 in
3372 497 3435 536 ea
3461 490 3673 536 exstare
3701 483 3784 536 bi-

2205 568 2478 623 bliotlteca.

2273 658 2402 712 Tam
2451 658 2598 714 clara
2641 668 2820 715 tamen
2869 669 3034 730 atque
3085 668 3268 729 aperta
3302 660 3640 730 sagacissimi
3679 663 3789 718 viri

2201 750 2600 820 signiﬁcatione
2627 766 2656 804 a
2686 749 3034 820 Theophanis
3054 767 3276 821 cperum
3299 731 3614 821 inquirendi
3642 768 3788 810 con-

2203 842 2326 896 silio
2362 842 2585 896 minime
2625 853 2929 909 revocatus,
2958 845 3228 906 eumdem,
3264 843 3477 899 iteratis
3506 845 3572 898 ad
3618 859 3789 914 supra

2201 934 2406 988 dictum
2438 931 2769 988 Bernardum
2808 936 3025 1002 litteris,
3069 950 3261 1005 rogare
3309 935 3501 1000 institi,
3537 945 3594 988 ut
3621 950 3790 990 accn-

2202 1028 2372 1081 ratius
2408 1027 2790 1097 investigaret,
2835 1028 2878 1082 si
2917 1041 3021 1096 qua
3059 1028 3268 1094 uspiam
3301 1025 3494 1080 lateret
3532 1025 3651 1093 ejus
3689 1042 3790 1079 at:-

2205 1117 2394 1182 ctoris,
2437 1129 2529 1172 aut
2568 1120 2635 1173 ad
2664 1133 2791 1174 eum
2829 1119 3104 1187 pertinens
3138 1118 3386 1186 scriptio,
3425 1119 3602 1187 qualis
3631 1118 3786 1187 ejus-

2203 1210 2322 1263 dem
2376 1210 2735 1264 Homilinrum
2793 1210 3043 1275 Lexicon,
3093 1225 3122 1264 a
3156 1209 3217 1264 P.
3253 1210 3452 1265 Scorso
3499 1213 3549 1264 in
3591 1212 3786 1280 primis

2210 1302 2668 1364 commendatum,
2709 1310 2768 1354 ut
2812 1301 3023 1370 plenius
3050 1300 3189 1354 inira
3219 1303 3551 1356 narrabitur.
3582 1301 3782 1358 Verum

2205 1391 2650 1462 diligentissimus
2683 1393 2772 1446 ille
2804 1393 2964 1462 regia:
3010 1393 3358 1448 bibliothecae
3389 1403 3592 1456 custos,
3623 1403 3786 1462 post-

2203 1497 2388 1551 quam,
2447 1483 2688 1537 adhibita
2742 1484 3057 1552 impensiori
3104 1499 3256 1547 cura,
3313 1484 3447 1537 nihil
3499 1484 3787 1539 invenerat

2203 1574 2350 1635 novi,
2380 1574 2635 1628 schedam
2672 1589 2831 1628 manu
2877 1590 2974 1629 sua
3005 1583 3285 1630 exaratam
3332 1575 3400 1629 ad
3449 1589 3536 1629 me
3568 1577 3787 1629 mittere

2207 1665 2451 1732 ejusdem
2486 1664 2746 1720 Bernardi
2799 1681 2963 1736 opera
3016 1682 3125 1721 non
3167 1676 3250 1720 est
3285 1673 3542 1734 gravatus
3573 1684 3586 1720 :
3619 1682 3786 1734 quam

2202 1755 2355 1810 velut
2384 1753 2498 1823 ejus
2533 1766 2641 1810 tum
2690 1757 3004 1825 diligentiae,
3052 1767 3162 1808 tum
3203 1755 3362 1810 otlicii
3398 1765 3590 1810 testem
3630 1756 3787 1812 locu-

2204 1846 2558 1914 pletissimam
2586 1846 2790 1916 placuit
2829 1849 2931 1900 huc
2963 1847 3280 1914 producere.

2281 1955 2301 1988 ι
2338 1937 2418 1990 Ειι
2447 1939 2497 1990 el
2527 1937 2707 1992 Indice
2732 1938 2954 2005 antiguo
2975 1951 3080 2006 que
3116 1938 3260 2007 regia
3293 1947 3446 1993 antes
3470 1938 3556 1992 del
3590 1939 3783 1994 incen-

2205 2028 2293 2083 dio
2323 2028 2409 2082 dcl
2440 2042 2584 2082 anno
2615 2029 2746 2082 1671
2783 2043 2842 2082 se
2869 2038 3203 2083 encuentrau
3250 2031 3316 2084 de
3345 2031 3608 2099 Gregorio
3641 2031 3789 2085 Tau-

2205 2134 2428 2174 romeno
2457 2120 2538 2174 las
2569 2120 2816 2175 homilias
2849 2137 2882 2191 y
2909 2121 3092 2175 titulos
3117 2122 3434 2190 siguientes.

2276 2210 2334 2264 1.
2373 2228 2392 2261 ‹
2427 2209 2677 2264 llomiliw
2705 2228 2735 2263 a
2770 2211 3050 2265 Dominica
3081 2209 3350 2280 Principis
3369 2212 3784 2267 Publicanorum

2206 2313 2253 2358 et
2300 2302 2514 2357 Zaclta’i
2549 2319 2712 2372 usque
2749 2304 2817 2355 ad
2856 2301 3192 2357 Dominicam
3241 2303 3296 2356 in
3339 2302 3518 2357 Ramis
3557 2303 3782 2358 Palma-

2207 2411 2346 2450 rum.

2275 2487 2331 2541 2.
2369 2505 2389 2539 ι
2423 2486 2558 2540 Item
2598 2487 2830 2540 homiliis
2867 2487 3218 2555 particulares
3238 2489 3396 2542 totius
3427 2487 3576 2541 anni.

2277 2579 2334 2634 5.
2379 2597 2399 2630 r
2436 2577 2691 2632 Homiiia:
2745 2595 2778 2632 α
2823 2579 3100 2634 Dominica
3145 2579 3411 2649 Principis
3463 2580 3787 2635 Publicano—

2207 2689 2325 2728 rum
2358 2691 2517 2744 usque
2548 2675 2616 2727 ad
2636 2684 2965 2728 transactam
3003 2674 3498 2744 Quadragcsimam,
3520 2685 3568 2728 et
3589 2675 3787 2744 ﬁniunt

2207 2767 2260 2817 in
2285 2765 2417 2831 festo
2444 2765 2689 2818 Omnium
2722 2765 3059 2820 Sanctorum.

2277 2856 2336 2912 4.
2381 2875 2399 2907 r
2441 2855 2577 2909 Item
2603 2857 2656 2908 in
2683 2859 2922 2910 undecim
2954 2857 3218 2911 Matutino
3249 2858 3515 2913 Homilire.

2274 2949 2330 3003 5.
2382 2967 2400 2999 t
2442 2947 2670 3002 Lexicon
2711 2949 3094 3017 pracipttarum
3144 2950 3434 3004 dictionum
3483 2953 3789 3007 earumdem

2209 3039 2257 3093 ΙΙ
2267 3039 2446 3093 υιηὶιὶἁ
2454 3056 2590 3094 rum.

2287 3146 2306 3180 ι
2347 3128 2474 3183 Este
2509 3129 2744 3184 Lexicon
2775 3127 2963 3183 estaba
3000 3128 3358 3198 incorporado
3392 3145 3458 3184 en
3496 3130 3545 3183 el
3583 3131 3784 3186 mismo

2212 3230 2356 3274 tomo
2378 3235 2444 3274 en
2475 3236 2579 3290 que
2603 3235 2666 3276 se
2691 3221 2942 3274 hallaban
2975 3220 3057 3274 las
3092 3220 3352 3275 llomilias
3376 3222 3441 3276 de
3487 3221 3568 3277 los
3588 3221 3792 3278 Nume-

2195 3326 2301 3391 ,τος
2329 3311 2388 3375 2,
2419 3312 2473 3378 3,
2506 3312 2561 3366 4.
2601 3309 2644 3364 Y
2680 3327 2850 3382 segun
2889 3326 3104 3380 parece,
3159 3313 3319 3367 habia
3371 3314 3467 3368 dos
3516 3315 3794 3383 exempla-

2211 3417 2324 3468 res,
2349 3412 2732 3457 como-concta
2765 3402 2832 3457 de
2859 3402 2938 3456 los
2975 3403 3224 3459 diversos
3254 3403 3472 3473 lugares
3503 3421 3607 3473 que
3652 3421 3794 3460 nco-

2210 3494 2383 3562 paban
2419 3510 2486 3548 en
2511 3495 2558 3547 la
2595 3494 2945 3549 bibliotheca.
2979 3496 3052 3549 De
3079 3505 3230 3550 estos
3257 3499 3476 3566 perecio
3507 3498 3554 3551 el
3577 3513 3682 3566 que
3709 3508 3787 3553 te-

2211 3586 2298 3640 nia
2355 3597 2472 3642 esta
2519 3587 2673 3641 senal
2727 3586 2815 3642 Vl.
2857 3587 2919 3641 Γ.
2959 3586 3000 3640 1.
3034 3603 3068 3658 y
3103 3603 3169 3641 en
3217 3599 3332 3644 este
3376 3605 3437 3644 se
3483 3591 3696 3645 hallaba
3741 3593 3792 3646 el

2210 3679 2470 3739 Lexicon.
2518 3679 2779 3734 Tambien
2835 3680 3048 3748 perecio
3091 3681 3141 3734 el
3175 3681 3263 3735 del
3307 3699 3534 3738 numero
3589 3683 3644 3736 1ο
3672 3682 3790 3738 Con

2210 3785 2321 3840 que
2363 3786 2433 3826 no
2470 3785 2570 3825 nos
2622 3771 2690 3824 ha
2717 3772 2964 3840 quedado
3009 3769 3140 3843 (que
3192 3774 3467 3844 sepamos)
3503 3789 3616 3828 mas
3653 3775 3794 3828 libro

2211 3877 2317 3931 que
2345 3861 2392 3916 el
2426 3860 2493 3914 de
2519 3861 2599 3916 las
2633 3862 2699 3916 '57
2743 3861 3025 3928 Ilomilias,
3065 3863 3135 3918 de
3167 3878 3275 3932 que
3306 3866 3356 3919 di
3382 3867 3601 3920 noticia.
3633 3884 3652 3918 ι

2281 3950 2476 4007 Gravis
2505 3953 2814 4018 enimvero,
2851 3961 2906 4008 et
2940 3955 3295 4010 vehementer
3320 3956 3547 4011 dolenda
3597 3957 3793 4013 litteris

2207 4039 2421 4108 jactura
2453 4042 2468 4096 i
2504 4045 2811 4112 praesertim
2869 4042 3071 4110 Lexici,
3101 4046 3168 4098 de
3211 4059 3336 4112 quo,
3385 4055 3642 4114 tanquam
3678 4047 3792 4100 sin-

2213 4132 2384 4201 gulari
2410 4143 2464 4187 et
2491 4135 2704 4189 caeteris
2735 4135 3084 4190 bibliothecis
3131 4137 3314 4206 ignoto
3349 4153 3573 4206 prorsus
3604 4155 3792 4208 opere,

2215 4223 2288 4278 ita
2332 4223 2562 4280 Scorsus
2591 4226 2732 4281 inter
2768 4227 3177 4283 Escurialenses
3203 4230 3551 4298 Theophanis
3576 4234 3796 4287 codices

2214 4313 2445 4368 Procem.
2476 4330 2560 4382 ιιι,
2594 4315 2702 4388 §2,
2731 4318 2989 4372 disserit:
3029 4320 3294 4374 Praeterea
3319 4322 3371 4375 in
3409 4324 3556 4391 regia
3591 4324 3791 4377 biblio-

2216 4407 2372 4461 theca
2425 4407 2654 4478 Ilispan.
2707 4409 2760 4463 in
2804 4411 3134 4466 monasterio
3189 4412 3247 4464 S.
3294 4410 3597 4478 Laurentii,
3644 4415 3790 4482 quod

2214 4495 2545 4553 Escurialetn
2588 4509 2805 4565 vocant,
2839 4502 3142 4573 Γρηγορίου
3173 4503 3473 4557 ἐπισκόπου
3503 4505 3600 4575 τῆς
3634 4506 3790 4559 Σικεο

2212 4585 2332 4650 λιας
2365 4588 2578 4658 ὁμιλίαι
2629 4590 2737 4643 ἀπὸ
2774 4592 2868 4643 τοῦ
2909 4593 3338 4664 Ἀρχιτελὼνου,
3379 4605 3432 4649 et
3478 4596 3531 4648 in
3570 4596 3676 4648 alio
3705 4609 3793 4650 eo-

2214 4677 2354 4742 dice,
2397 4677 2640 4748 ⁹Ομιλίαι
2669 4679 2765 4734 τοῦ
2800 4681 2924 4735 ὅλου
2963 4684 3237 4739 ἐνιαυτοῦ.
3283 4682 3524 4755 Gregorii
3558 4687 3792 4755 episcopi

2214 4765 2418 4823 Sicilire
2460 4770 2690 4826 humilia:
2719 4789 2755 4825 a
2789 4775 3022 4844 principe
3055 4778 3455 4843 publicanorum
3494 4779 3790 4841 inchoata’;

2213 4859 2445 4916 homilias
2493 4865 2656 4917 totius
2701 4867 2848 4929 anni,
2877 4883 3014 4934 quas
3063 4883 3196 4940 sane
3224 4872 3442 4924 easdem
3485 4885 3610 4926 esse
3632 4882 3792 4940 atque

2212 4951 2312 5006 has
2338 4968 2474 5023 quas
2519 4955 2839 5026 evulgamus
2885 4957 3040 5012 (idem
3094 4959 3227 5014 fecit
3254 4960 3318 5014 Ι).
3362 4960 3643 5019 Marianos
3662 4963 3798 5018 Vul-

2213 5061 2482 5113 guaruera
2533 5047 2978 5114 Panortnitanus,
3021 5065 3126 5105 non
3178 5053 3352 5122 magis
3395 5067 3595 5122 genere
3621 5071 3784 5124 quam

2211 5137 2510 5191 litterarum
2555 5138 2863 5194 Graecarum
2905 5141 3212 5197 eruditione
3253 5145 3472 5210 clarus;
3553 5147 3642 5201 cui
3675 5147 3788 5199 Mn-

2215 5227 2345 5282 driti
2381 5229 2438 5282 in
2487 5229 2639 5298 regia
2669 5229 2903 5302 Philippi
2933 5233 3001 5288 IV
3033 5236 3248 5306 degenti
3293 5239 3570 5304 negotium
3607 5239 3660 5294 in
3688 5240 3788 5292 hac

2214 5333 2273 5374 re
2300 5319 2565 5374 litteraria
2601 5323 2744 5387 dedi,
2772 5335 2830 5377 ut
2857 5325 2925 5380 de
2969 5327 3054 5382 his
3088 5327 3326 5382 homiliis
3363 5330 3535 5399 deque
3569 5340 3791 5383 auctore

2216 5424 2588 5485 cognosceret,
2617 5425 2672 5470 et
2709 5432 2774 5471 ex
2800 5419 2978 5474 indice
3009 5435 3195 5476 earum
3228 5437 3364 5490 quas
3400 5424 3536 5492 apud
3575 5435 3661 5473 me
3686 5421 3792 5474 ha-

2214 5507 2428 5574 bebant,
2453 5510 2519 5562 ad
2559 5509 2734 5579 ipsum
2770 5513 3095 5567 transmisso
3131 5512 3406 5568 conferret
3447 5522 3792 5577 argumenta,

2215 5597 2602 5669 inscriptiones
2630 5611 2686 5658 et
2714 5604 2886 5673 prima
2909 5607 3196 5676 ,cujusque
3239 5605 3422 5670 verba,
3453 5603 3646 5673 quibus
3679 5605 3796 5658 colo

2219 5690 2347 5748 latis
2373 5691 2593 5752 easdem
2617 5709 2737 5755 esse
2765 5699 3050 5768 comperit,
3081 5713 3216 5768 quas
3244 5698 3386 5769 apud
3435 5711 3520 5754 me
3557 5710 3680 5753 esse
3709 5697 3797 5752 in-
