4062 6214
254 351 327 418 tt
1421 354 1795 414 RECENSIO
1836 352 1998 414 eoo.
2039 354 2350 415 unum
3450 360 3522 422 42

252 469 556 539 tellige'oat.
586 462 767 530 Atque
797 460 988 515 eadem
1023 461 1074 514 in
1108 461 1433 516 bibliotheca
1479 464 1544 515 ad
1586 462 1832 517 codicem

253 561 568 630 adjunctum
617 554 817 623 reperit
853 554 1169 618 opusculum
1223 557 1496 621 singulare
1528 554 1826 624 quoddam,

255 653 402 723 quod
441 652 491 701 in
524 648 650 701 aliis
684 645 1028 700 bibliothecis
1085 646 1308 713 reperiri
1355 646 1595 700 nondum
1628 641 1834 711 accepi.

247 744 483 809 Λεξικὺν
532 740 644 792 τῶν
677 740 929 809 ὁμιλιων,
969 739 1082 792 sive
1124 739 1459 792 Glossarium
1506 754 1696 794 vocum
1732 737 1841 790 sin.

244 836 519 904 gularium
556 841 609 887 et
635 830 931 885 tlilliciiittrtt
968 831 1207 883 auctoris
1235 846 1353 883 cum
1382 847 1565 884 earum
1598 829 1838 898 explica-

245 930 435 991 tione;
469 928 629 995 cujus
659 941 760 994 ego
810 923 963 978 lesici
1001 923 1395 992 apographum,
1437 938 1558 975 cum
1599 922 1835 983 tandem,

248 1020 503 1075 adhibita
540 1019 837 1070 multorum
875 1014 1181 1069 amicorum
1246 1025 1297 1067 ct
1331 1014 1702 1068 litteratorum
1737 1013 1838 1068 ho~

253 1114 466 1167 tuinum
501 1126 629 1178 ope,
674 1106 956 1177 diligentia
990 1108 1043 1160 in
1077 1106 1266 1176 primis
1291 1104 1570 1160 Laurentii
1611 1103 1838 1171 Cocchi,

254 1208 359 1258 viri
410 1202 620 1258 eruditi
665 1209 721 1255 et
768 1201 824 1253 in
874 1209 1139 1268 apparatu
1201 1197 1443 1252 historiae
1484 1195 1544 1250 S.
1584 1194 1843 1249 Demetrii

257 1296 523 1365 martyris
588 1288 1008 1348 studiosissimi,
1047 1295 1239 1343 nactus
1274 1302 1477 1353 essent,
1512 1285 1580 1339 ad
1629 1286 1836 1340 calcem

264 1390 425 1457 hujus
492 1385 681 1455 οριτίε
733 1381 1155 1450 iniprituendum
1211 1379 1422 1443 curavi,
1485 1384 1544 1431 ut
1600 1384 1844 1431 exstaret

258 1483 423 1536 etiam
464 1481 569 1533 hoc
620 1474 1000 1530 testimonium
1047 1481 1101 1525 et
1139 1472 1424 1542 vestigium
1455 1470 1839 1542 antiquitatis;

266 1575 362 1631 sed
394 1574 461 1626 de
509 1587 572 1626 eo
608 1568 763 1639 plura
789 1568 883 1622 illo
907 1566 960 1620 in
984 1565 1125 1619 loco.
1162 1583 1180 1616 ι

340 1685 409 1737 At
439 1696 563 1737 vero
620 1680 803 1733 minus
859 1692 994 1732 sane
1041 1674 1434 1745 deplorandum
1472 1674 1613 1730 foret
1656 1674 1843 1730 eximii

266 1777 454 1831 Lexici
493 1775 686 1838 fatum,
714 1773 759 1827 si
784 1769 1131 1837 praestitisset
1165 1767 1398 1822 Scorsns
1428 1766 1574 1834 quod
1614 1782 1676 1821 se
1707 1782 1845 1836 prae-

263 1869 474 1923 stitisse
516 1877 626 1918 tam
664 1864 890 1934 pulchre
928 1871 1231 1915 asseverat.
1264 1861 1372 1915 lies
1410 1870 1591 1915 tamen
1639 1875 1840 1914 secus:

265 1963 419 2016 testis
459 1974 602 2027 opus
634 1957 836 2024 ipsum.
869 1952 1153 2024 Nusquam
1185 1953 1330 2005 cnitn
1379 1951 1645 2020 ejusmodi
1688 1951 1846 2006 Lexi-

260 2067 363 2106 c0n
411 2050 485 2104 ibi
545 2048 647 2100 fuit
707 2046 990 2108 invenire,
1054 2046 1303 2114 quamvis
1346 2043 1602 2099 Scorsani
1664 2046 1846 2112 operis

262 2141 603 2211 exemplaria
637 2139 748 2194 duo
794 2137 1237 2198 absolutissima,
1287 2151 1408 2205 qua
1455 2136 1596 2205 rcgia
1654 2136 1850 2191 biblio-

263 2236 422 2290 theca
470 2231 866 2303 suppeditavit,
917 2229 1242 2285 evolverim.
1288 2229 1429 2282 Nihil
1482 2238 1744 2298 praeterea
1781 2228 1850 2283 de

264 2329 362 2381 illo
404 2325 679 2396 opusculo
724 2323 901 2378 eidem
958 2323 1044 2377 vel
1098 2336 1333 2386 annexo,
1370 2323 1449 2374 vel
1498 2322 1704 2376 inserto
1735 2322 1851 2377 sive

261 2421 521 2483 Allatius,
560 2419 674 2473 sive
710 2416 1023 2481 Fabricius,
1054 2415 1148 2485 qui
1186 2416 1326 2468 hanc
1354 2416 1699 2482 TheOphanis
1730 2416 1848 2470 eili-

267 2513 477 2566 tionem
528 2507 946 2562 accuratissime
994 2505 1416 2574 perlnstrarunt.
1476 2505 1647 2570 Quam
1711 2505 1848 2559 male

273 2605 446 2674 igitur
475 2601 851 2671 Theophanem
898 2599 1153 2667 scriptor,
1196 2597 1332 2650 alias
1384 2596 1586 2666 optime
1617 2598 1681 2649 de
1728 2596 1848 2665 ipso

274 2696 529 2754 meritus,
581 2707 686 2746 tam
744 2690 1002 2760 singulari
1050 2697 1396 2754 ornamento,
1454 2687 1848 2755 rempublicam

272 2790 576 2842 litterarum
637 2792 743 2837 tam
811 2782 1013 2852 insigni
1074 2779 1353 2835 fraudavit
1420 2778 1711 2833 thesauro!
1779 2777 1852 2833 Ut

269 2881 578 2948 archetypa:
612 2873 928 2942 seriptionis
972 2871 1226 2926 incendio
1260 2878 1603 2939 consmnpta}
1631 2869 1852 2925 deside-

267 2974 406 3027 rium
446 2966 838 3023 inﬂammavit!

340 3079 515 3148 Hujus
563 3078 665 3133 loci
717 3092 827 3131 non
862 3074 1098 3129 alienum
1134 3072 1380 3145 profecto
1421 3088 1727 3128 memorare
1766 3071 1848 3126 vi-

266 3174 467 3228 deatur
505 3187 648 3240 quas
702 3166 1142 3222 litteratissimus
1179 3166 1414 3220 antistes
1444 3165 1713 3221 Antonius
1742 3165 1850 3219 An-

269 3265 525 3336 gustinus
570 3263 760 3317 habuit
795 3261 845 3314 in
892 3258 1229 3314 bibliotheca
1274 3274 1373 3314 sua
1405 3256 1653 3329 Gregorii
1685 3256 1851 3321 Cera-

268 3358 373 3409 ιηρὶ
427 3355 714 3419 llontilias,
755 3359 939 3421 utpote
985 3366 1105 3421 quae
1152 3366 1274 3405 cum
1308 3349 1522 3406 cteteris
1561 3349 1679 3420 cjus
1714 3364 1848 3407 mss.

265 3449 473 3503 Graecis
525 3447 577 3500 in
622 3444 1061 3501 Escurialensem
1106 3443 1216 3498 sint
1265 3442 1446 3498 illatae.
1500 3442 1587 3496 Eae
1635 3455 1764 3496 vero
1795 3441 1848 3494 in

270 3543 416 3594 hunc
449 3540 673 3593 modum
702 3536 1012 3591 referuntur
1044 3534 1098 3588 in
1127 3533 1371 3604 ejusdem
1389 3532 1632 3603 Catalogi
1663 3532 1852 3588 codice

266 3635 457 3690 Graeco
492 3632 621 3688 {02.

336 3748 583 3819 Gregorii
615 3745 994 3814 archiepiscopi
1025 3741 1367 3798 Tauromenii
1392 3736 1594 3794 Sicilia:
1632 3735 1851 3792 homilia

266 3844 329 3895 de
360 3840 688 3895 architelono
712 3838 986 3894 Zacchteo.

341 3949 593 4018 Ejusdem
629 3947 847 4000 humilia
869 3948 932 4000 de
966 3945 1264 4000 Publicano
1288 3953 1338 3999 et
1373 3942 1669 3997 Pharisteo.

343 4042 595 4109 Ejusdem
628 4037 845 4091 humilia
876 4038 941 4090 de
973 4037 1234 4107 parabola
1268 4034 1513 4105 Proiligi.

348 4132 600 4200 Ejusdem
638 4131 857 4183 homilia
891 4131 944 4181 in
976 4129 1110 4182 illud
1140 4126 1402 4192 Matthwi,
1436 4146 1454 4178 ι
1494 4124 1623 4180 Cum
1657 4123 1853 4179 venerit

275 4223 454 4279 Filius
483 4225 733 4277 hominis.
775 4242 794 4274 ι

353 4316 601 4384 Ejusdem
652 4316 878 4369 homilia
920 4316 975 4367 in
1015 4313 1175 4379 illud,
1214 4331 1231 4364 ι
1271 4312 1423 4366 Dixit
1481 4311 1756 4373 Dominus,
1792 4307 1853 4364 Si

266 4427 374 4463 non
398 4410 661 4463 remiserit
696 4409 1056 4477 unusquisque
1090 4406 1249 4475 fratri
1280 4421 1396 4459 suo.

345 4504 606 4573 Ejusdem
638 4502 852 4556 humilia
882 4502 945 4555 de
972 4501 1281 4554 adoratione
1324 4508 1630 4552 sanctarum
1663 4497 1851 4566 imagi-

266 4612 421 4650 num.

329 4687 593 4757 Ejusdem
620 4686 839 4739 homilia
874 4685 938 4739 de
967 4685 1267 4754 paralytico
1302 4684 1356 4736 in
1380 4680 1779 4749 Capharnaum.

338 4780 603 4850 Ejusdem
639 4796 810 4833 sermo
853 4781 909 4832 in
944 4778 1117 4843 illud,
1164 4796 1183 4828 ι
1222 4776 1326 4841 Qui
1370 4774 1477 4829 vult
1526 4776 1696 4829 venire
1736 4782 1855 4843 post

275 4891 368 4928 me.
388 4894 407 4924 1

347 4966 598 5034 Eiusdem
622 4961 838 5015 humilia
872 4961 925 5015 in
954 4976 1070 5014 eum
1101 4961 1276 5013 locum
1318 4959 1579 5023 Matthcei,
1629 4977 1647 5010 ι
1684 4957 1854 5011 Homo

267 5060 478 5129 quidem
519 5057 743 5109 accessit
769 5056 836 5106 ad
865 5053 1049 5108 Iesum
1088 5052 1307 5123 genibus
1336 5050 1665 5122 provolutus.
1698 5069 1715 5102 ι

336 5149 593 5218 Ejusdem
628 5145 849 5199 homilia
879 5148 935 5199 in
967 5144 1103 5198 illud
1142 5143 1359 5211 Mallia,
1401 5160 1421 5196 ι
1454 5141 1587 5196 Ecce
1611 5140 1851 5196 ascendi-

261 5255 384 5291 mus
418 5235 868 5306 Hierosolymam.
909 5255 928 5286 ι

338 5329 596 5399 Ejusdem
624 5328 845 5382 humilia
874 5328 930 5382 iu
965 5329 1154 5398 festum
1197 5327 1527 5382 Palmarum.

338 5421 494 5477 Liber
525 5424 579 5475 in
617 5422 805 5476 charta
851 5422 1081 5491 scriptus
1130 5440 1269 5477 anno
1318 5423 1476 5485 1555,
1516 5421 1688 5491 forma
1717 5437 1854 5492 qua-

259 5517 431 5568 drati.

337 5609 417 5661 Ac
467 5608 512 5659 si
563 5607 839 5661 ltmniliam
882 5623 911 5661 a
961 5624 1068 5680 qua
1123 5609 1169 5664 is
1220 5609 1388 5664 codex
1432 5609 1641 5679 incipit,
1693 5618 1749 5663 et
1796 5608 1848 5661 iu

259 5714 431 5765 quam
453 5699 681 5764 desinit,
716 5711 951 5770 spectes,
973 5703 1223 5756 eumdem
1246 5703 1367 5771 jure
1392 5716 1644 5766 censeas,
1668 5701 1757 5770 qni
1794 5701 1848 5756 in

255 5792 469 5849 schedo
506 5792 573 5847 Β.
611 5794 669 5846 Ρ.
702 5792 958 5848 Cisneros
999 5795 1250 5864 superius
1296 5797 1526 5862 inserta,
1560 5808 1786 5850 numero
1819 5795 1839 5847 l

571 5884 843 5949 PATBOL.
875 5888 987 5951 Gn.
1039 5888 1349 5949 CXXXII.

1953 461 2299 531 (li-signatur;
2367 462 2612 533 adeoque
2681 467 2958 521 telerrimo
3015 466 3268 523 incendio
3322 471 3522 529 conﬂa-

1954 565 2159 621 grasse.

2028 642 2309 697 Postremo
2333 646 2598 715 siquidem
2633 647 2683 701 in
2717 658 2927 702 tantum
2962 654 3199 706 excrevit
3240 652 3527 722 TltCOpha-

1954 734 2037 785 nis
2099 735 2441 791 itOlIlllidl‘lltll
2501 756 2797 804 numerus,
2837 758 2971 811 quas
3031 744 3145 798 sive
3200 745 3525 804 Parisiensis

1957 824 2190 894 vulgavit
2217 829 2401 894 editio,
2431 829 2544 885 sive
2582 833 2812 886 ineditas
2855 846 3037 887 servat
3068 835 3394 893 Matritensis
3425 856 3525 896 co-

1954 913 2079 980 dex,
2117 928 2208 971 aut
2266 920 2494 973 Allalins
2541 922 2739 976 indicat
2785 924 2837 976 in
2885 924 3129 979 Diatriba
3158 928 3222 979 de
3266 927 3524 1000 Georgiis,

1958 1022 2071 1062 rem
2126 1011 2325 1079 oppido
2380 1024 2587 1080 gratam
2648 1015 3098 1086 commodumque
3154 1020 3282 1075 viris
3335 1025 3527 1080 harum

1959 1100 2261 1156 litterarmn
2320 1106 2580 1160 studiosis
2630 1109 2965 1176 praestituros
3016 1124 3113 1162 nos
3166 1111 3438 1179 duximus,
3479 1115 3527 1168 si

1958 1192 2261 1260 catalogum
2297 1211 2360 1249 ex
2400 1196 2501 1249 illis
2545 1199 2800 1252 omnibus
2851 1208 3186 1267 contextum,
3228 1202 3399 1267 prima
3430 1219 3528 1258 cu-

1918 1283 2149 1351 jusque
2208 1288 2367 1340 verba
2404 1289 2674 1355 alphabeti
2728 1291 2919 1345 ordine
2970 1292 3385 1361 praeferentem,
3431 1297 3531 1351 hoc

1959 1375 2077 1428 loco
2133 1375 2475 1441 sisteretnus,
2525 1379 2668 1434 unde
2720 1395 2838 1450 quae
2880 1371 2991 1449 jam
3047 1385 3191 1454 typis
3242 1387 3529 1454 mandatae,

1956 1483 2080 1536 qua:
2113 1469 2165 1521 in
2199 1485 2331 1524 mss.
2382 1471 2693 1536 rceonditm,
2732 1488 2870 1542 quas
2904 1474 3005 1545 ipsi
3040 1466 3220 1530 adhuc
3256 1479 3533 1533 desidera-

1960 1567 2099 1623 rent,
2130 1573 2270 1625 quas
2306 1558 2447 1612 muti
2482 1569 2664 1614 essent
2703 1576 2890 1627 novas,
2945 1563 3092 1617 nullo
3127 1565 3342 1632 negotio
3374 1566 3536 1621 inte!-

1956 1647 2204 1717 ligerent,
2236 1664 2299 1703 ac
2329 1650 2409 1704 vel
2467 1666 2575 1704 uno
2621 1652 2901 1705 oculorum
2954 1653 3202 1722 conjectu
3246 1655 3533 1714 celerrime

1956 1741 2316 1809 perciperent.

1992 1873 2317 1945 Theophanis
2371 1876 2733 1954 [familiarum
2786 1880 3064 1954 catalogus
3100 1898 3194 1952 per
3237 1882 3507 1954 alphabeti

2485 1950 2721 2003 ordinent
2760 1950 3015 2019 digestus.
3102 1950 3124 2027 λ

1957 2074 2068 2138 (SC.
2083 2078 2284 2127 denotat
2300 2077 2470 2128 Scorsi
2491 2076 2751 2139 editionem
2769 2093 2787 2139 ;
2812 2080 2874 2129 M.
2892 2081 2954 2130 Μ.
2986 2079 3182 2133 Librum
3205 2082 3535 2135 Matritensem

2018 2151 2107 2202 ms.
2135 2140 2285 2202 1118C,
2313 2140 2700 2202 Es'curialensem
2749 2142 2996 2202 codicem;
3041 2145 3183 2196 ALL.
3215 2145 3454 2196 Homilias
3475 2148 3538 2195 ab

2018 2198 2198 2272 έιιοιὶρ
2239 2199 2400 2272 visas;
2425 2201 2865 2272 Nota__nu_rneralis
2907 2198 3215 2269 singularum
3247 2220 3537 2270 numerum;

2015 2260 2140 2311 Nota
2162 2262 2203 2328 σι-
2232 2263 2445 2313 nondum
2482 2261 2677 2327 editas.)

2034 2384 2234 2456 Ἄλλην
2280 2386 2538 2440 ὑπόθεσιν
2569 2387 2898 2459 ὡρμημένος
2935 2389 3224 2461 προοίμιον
3253 2391 3346 2445 τοῦ
3376 2391 3535 2460 λόγου

1958 2477 2314 2543 ποιήσασθαι.
2344 2477 2443 2533 SC.
2478 2479 2530 2533 6.

2042 2570 2237 2640 ’Δνέὸη
2263 2572 2290 2623 ὁ
2330 2570 2532 2641 Κύριος
2564 2574 2643 2635 εἰς
2680 2574 3051 2643 Ἰεροσόλυμα.
3094 2572 3166 2629 M.
3200 2561 3274 2629 Μ.
3308 2575 3394 2629 52.
3423 2576 3462 2646 -ι’

2042 2659 2481 2731 Ἀντιστρατεύει
2507 2664 2618 2726 τοῖς
2646 2663 2871 2731 ἀγαθοῖς
2902 2662 3085 2734 ἔργοις
3115 2665 3143 2717 ὁ
3182 2667 3411 2737 πονηρὸς
3438 2668 3530 2739 ζη-

1956 2752 2085 2806 τῶν.
2118 2752 2218 2808 SC.
2256 2753 2345 2807 44.

2043 2845 2515 2915 Ἀπροοιμιάστως
2544 2846 2621 2917 τῷ
2665 2848 2879 2919 Σωτῆρι
2925 2851 3185 2920 σήμερον.
3228 2852 3304 2907 [ta
3355 2853 3423 2909 Μ.
3463 2855 3536 2910 Μ.

1957 2946 2012 2991 et
2038 2935 2211 3002 ESC.,
2245 2955 2348 2992 non
2379 2939 2474 3003 Ὃς
2508 2941 2939 3012 προοιμιάστως,
2981 2952 3039 3009 ut
3084 2959 3365 3015 perperam
3399 2949 3538 3015 apud

1958 3027 2232 3085 Scorsum.

2034 3122 2239 3192 Διπλῆν
2273 3124 2405 3193 ἡμῖν
2446 3125 2685 3194 σήμερον
2733 3125 3060 3197 ἀφηγήσατο
3114 3126 3408 3198 θαυμάτων
3458 3130 3541 3183 δι-

1959 3215 2180 3285 ήγησιν.
2215 3213 2315 3270 SC.
2354 3215 2441 3269 10.

2031 3304 2225 3374 Διττῆς
2272 3304 2599 3375 προφάσεως
2659 3307 2898 3378 σήμερον
2949 3309 3261 3362 συνέλευσιν
3310 3310 3535 3378 ἄγομεν.

1959 3396 2059 3456 SC.
2093 3397 2184 3453 46.

2054 3490 2303 3560 Ἐγένετο
2353 3494 2409 3547 δὲ
2464 3495 2522 3547 ἐν
2574 3496 2693 3558 ταῖς
2748 3491 2983 3564 ἡμέραις
3034 3492 3305 3559 ἐκείναις,
3353 3493 3542 3565 ἐξῆλθε

1959 3578 2155 3653 δόγμα.
2189 3584 2258 3640 Μ.
2288 3585 2357 3641 Μ.
2394 3587 2483 3641 57.
2513 3587 2554 3657 ἰ’

2041 3675 2183 3746 Ἐγὼ
2208 3678 2330 3747 μὲν,
2356 3673 2401 3733 ὦ
2419 3681 2655 3751 πατέρες
2681 3680 2776 3735 καὶ
2798 3681 3038 3750 ἀδελφοὶ,
3067 3680 3160 3734 καὶ
3188 3678 3353 3732 τέκνα
3374 3696 3543 3751 προσ-

1962 3766 2283 3836 φιλέστατα.
2318 3768 2388 3826 Μ.
2419 3770 2490 3827 Μ.
2524 3770 2613 3826 72.
2644 3770 2686 3842 ἰ-

1959 3948 1989 4001 7
2034 3857 2184 4020 Ἔῐει
2224 3860 2359 3931 μηδὲ
2411 3860 2585 3930 λόγων
2630 3862 2729 3934 τήν
2770 3863 3060 3936 ἀγροικίαν
3104 3862 3311 3928 ἀξιοῦν.
3356 3865 3429 3920 Μ.
3471 3864 3543 3921 Μ.

1996 3950 2048 4003 7.

1996 3950 2048 4003 7.

2032 4034 2202 4092 Εἶπεν
2249 4041 2331 4094 ὅτι
2370 4040 2554 4111 μέλλει
2591 4044 2618 4096 ὁ
2655 4042 2779 4107 Υἱὸς
2807 4042 2901 4096 τοῦ
2936 4042 3222 4114 ἀνθρώπου
3262 4044 3542 4116 ἔρχεσθαι.

1959 4128 2116 4186 ALL.
2151 4131 2202 4185 ι.
2236 4130 2278 4204 τ

2045 4219 2202 4291 Ἐμοὶ
2239 4223 2338 4293 τῆς
2385 4222 2665 4295 παρούσης
2704 4225 2978 4297 ἑορτῆςή
3027 4224 3262 4305 διάλεξις
3310 4223 3544 4281 παλαιοῦ

1958 4312 2176 4384 χρέους.
2210 4310 2311 4369 SC.
2353 4314 2441 4370 50.

2046 4404 2313 4460 Ἐνταῦθα
2346 4406 2408 4460 τὸ
2452 4408 2891 4480 πολυθρύλλητον
2935 4408 3179 4481 ζήτημα,
3209 4408 3328 4473 πῶς
3358 4410 3386 4464 ὁ
3415 4410 3543 4475 Υἱὸς

1963 4499 2212 4568 φαίνεται
2243 4499 2520 4571 φθονερὸς.
2560 4502 2713 4558 ALL.
2749 4504 2803 4559 4.
2843 4502 2886 4574 ‘l‘

2046 4590 2240 4663 Ἐορτὴ
2280 4593 2624 4664 χαρμόσυνος
2671 4584 2958 4666 ἐπέλαμψε
2999 4595 3242 4669 σήμερον
3286 4598 3400 4660 τοῖς
3444 4597 3547 4651 πάι

1969 4701 2095 4756 ρασι
2125 4680 2265 4757 αὕτη
2304 4685 2397 4738 τοῦ
2431 4687 2636 4758 Κυρίου
2673 4687 2876 4760 ἡμέρα.
2910 4686 3026 4741 Non
3056 4682 3423 4759 Theophanis,
3449 4686 3548 4741 sed

1964 4780 2022 4835 S.
2052 4778 2206 4834 Saba:
2236 4778 2530 4843 Mesimeri,
2565 4779 2648 4834 vel
2680 4779 2992 4844 Mesimerii,
3019 4776 3134 4847 ejus
3167 4777 3434 4844 discipuli.
3472 4775 3546 4834 Μ.

1964 4867 2036 4925 Μ.
2070 4862 2157 4926 76.
2192 4870 2232 4941 -ι-

2047 4962 2438 5034 Ἐπειγόμενος
2475 4963 2577 5035 τῆς
2622 4963 2886 5036 συνήθους
2932 4963 3281 5029 διόασκαλιας
3329 4964 3548 5035 ἐφάψα-

1967 5053 2109 5108 σθαι.
2145 5054 2247 5111 SC.
2279 5057 2375 5111 21.

1998 5208 2003 5212 ὴ
2053 5145 2272 5217 Ἐπειδὴ
2314 5144 2470 5201 εἶπεν
2516 5148 2599 5202 ὅτι
2641 5149 2668 5217 ή
2721 5146 2884 5218 χάρις
2927 5147 3021 5200 καὶ
3062 5146 3312 5218 ἀλήθεια.
3350 5146 3424 5201 Μ.
3472 5145 3542 5201 Μ.

1961 5237 2051 5292 6|.
2093 5236 2135 5310 τι
3190 5230 3193 5235 '

2048 5330 2268 5403 Ἐπειδὴ
2316 5332 2445 5403 περὶ
2499 5330 2601 5401 τῆς
2648 5329 3002 5404 ζωοπαρὸχου
3033 5314 3269 5405 Χριστοῦ
3313 5329 3549 5397 ἀναστά-

1963 5441 2120 5487 σεως.
2152 5423 2254 5478 SC.
2284 5423 2375 5479 51.

2050 5516 2379 5589 Ἐπειδήπερ
2424 5513 2599 5587 ἀρχὴν
2650 5515 2863 5589 εἰλήφει
2916 5516 3154 5588 σήμερον
3195 5515 3544 5582 ὑπαναγινώ-

1964 5605 2210 5660 σκεσθαι.
2248 5605 2349 5661 SC.
2377 5604 2432 5659 5.

2046 5700 2341 5763 Ἐπειδήπε
2353 5716 2382 5770 ρ
2418 5699 2607 5755 πολλοὶ
2638 5699 3006 5773 ἐπεχείρησαν
3039 5696 3435 5764 ἀνατάξασθαι.
3474 5696 3546 5752 Μ.

1961 5792 2031 5848 Μ.
2074 5790 2232 5861 64.1-

3112 5883 3154 5942 2
