4062 6214
512 327 585 392 43
1692 316 2070 378 RECENSIO
2107 318 2271 380 COD.
2314 318 2631 378 MATRIT.
3694 310 3724 372 4
3737 314 3767 376 1

586 430 811 488 Ἐπεστί
864 444 952 499 μοι
988 422 1268 493 Θαυμάσαι
1304 422 1402 493 τήν
1444 422 1542 493 τῆς
1581 423 1782 495 ἀρετῆς
1825 424 2076 493 ἰδιότητα.

510 533 612 590 80.
642 529 732 584 56.

594 624 809 693 Ἐπέχει
858 636 961 691 μου
988 619 1089 690 τήν
1118 616 1363 688 γλῶτταν
1405 616 1439 686 ή
1470 614 1623 677 νόσος
1669 608 1762 664 τοῦ
1808 607 2080 679 σώματος.

510 718 610 776 SC.
640 716 692 771 9.

594 807 717 861 Ἐπὶ
761 804 860 877 τήν
913 803 1070 874 ίερᾶιν
1123 798 1370 872 Βηθλεὲμ
1406 797 1529 867 ἄγει
1575 795 1815 865 σήμερον
1853 791 2000 862 ἡμᾶς
2047 791 2080 858 ἡ

508 899 791 957 θεσπεσία.
823 897 923 953 SC.
951 897 1039 951 52.
1079 879 1085 885 ’

590 994 714 1048 Ἐπὶ
756 992 855 1063 τῆν
888 987 1208 1060 Τιϐεριάδος
1255 986 1452 1056 λίμνην
1499 981 1741 1051 σήμερον
1790 976 1885 1030 καὶ
1924 975 2083 1045 ήμεῖς

509 1087 585 1158 τῷ
623 1087 789 1156 λόγῳ.
820 1082 923 1139 80.
953 1081 1041 1136 56.
1868 1122 1923 1158 71,

579 1176 813 1230 Εύκαλεῖ
847 1173 944 1243 μὲν
976 1168 1146 1241 ήμᾶς,
1170 1163 1214 1221 ὦ
1248 1165 1539 1236 φιλέορτοι,
1566 1163 1825 1232 σήμερον.
1856 1156 1954 1213 80.
1989 1155 2078 1211 47.

580 1269 874 1338 Εὐλογήσω
901 1264 993 1317 τὸν
1028 1262 1231 1332 Κύριον
1265 1263 1320 1312 ἐν
1354 1256 1517 1311 παντὶ
1547 1254 1723 1325 καιρῷ
1750 1250 1836 1305 διὸ.
1863 1247 2079 1309 παντός.

506 1362 573 1416 Μ.
608 1362 675 1415 Μ.
707 1359 793 1415 69.
828 1357 867 1429 τ

578 1450 884 1522 Εὐλογητὸς
929 1450 956 1501 6
1000 1446 1129 1510 Θεὸς
1157 1447 1185 1498 6
1219 1440 1561 1506 καταξιώσας
1595 1438 1740 1508 ήμᾶς
1763 1433 2080 1505 διαδραμεῖν

506 1550 605 1617 τὴν
641 1542 907 1613 κυκλικὴν
936 1540 1030 1594 τοῦ
1064 1538 1259 1608 χρόνου
1294 1532 1561 1606 περίοδον.
1590 1529 1690 1586 80.
1730 1531 1782 1582 1.

575 1635 880 1706 Εὐλογητὸς
911 1636 938 1687 6
961 1630 1092 1695 Θεὸς
1117 1634 1143 1685 6
1167 1626 1514 1694 καταξιώσας
1542 1623 1688 1694 ἡμᾶς
1725 1621 1850 1673 ἰδεῖν
1878 1616 2081 1688 ταύτην

507 1730 605 1799 τήν
639 1727 803 1795 ἁγίαν
834 1725 927 1778 καὶ
950 1720 1211 1793 λαμπρὰν
1246 1718 1460 1789 ἑορτήν.
1489 1714 1559 1769 Μ.
1592 1713 1659 1767 Μ.
1694 1712 1780 1764 76.
1815 1709 1856 1780 -ι-

583 1819 861 1887 Ἔφθασεν
888 1816 922 1880 ή
958 1810 1293 1881 εύαγγελικὴ
1322 1807 1609 1878 φιλοσοφία
1636 1803 1743 1858 ἀπὸ
1770 1802 1879 1855 τῶν
1908 1800 2078 1853 κάτω.

508 1908 610 1967 80.
640 1910 726 1965 17.

584 2004 654 2057 ’Π
705 2002 786 2065 είς
832 2000 924 2053 τὸν
978 1995 1231 2068 Τελώνην
1282 1994 1378 2048 καὶ
1431 1991 1722 2061 Φαρισαῖον
1772 1983 2079 2056 παραϐολή.

507 2094 656 2150 ALL.
685 2095 737 2149 5.
771 2092 813 2163 ατ

589 2185 655 2236 ’Π
705 2183 804 2252 τῆς
861 2179 1152 2254 μετανοίας
1207 2177 1349 2247 πύλη
1396 2175 1505 2229 ίδοὺ
1554 2172 1846 2243 ήνέῳκται.
1894 2167 1960 2223 Μ.
2007 2166 2080 2221 Μ.

509 2276 597 2330 68.

592 2274 774 2422 Ἱῖτοῦ
806 2362 1125 2433 Πνεύματος
1153 2360 1378 2430 δύναμις
1401 2361 1457 2412 ἐν
1486 2355 1742 2429 ἀσθενείᾳ
1761 2350 2080 2407 τελειοῦται.

502 2463 573 2517 Μ.
606 2460 677 2515 ιι.
713 2456 867 2527 60.1-

582 2556 741 2614 Ἰσως
780 2549 884 2620 μὲν
910 2543 1156 2616 ἐπαχθὴς
1182 2543 1317 2609 δόξω
1352 2544 1487 2612 πρὸς
1517 2540 1614 2613 τήν
1640 2537 1915 2610 ὑμετέραν
1942 2533 2083 2602 ἀγά-

508 2663 635 2714 πην.
669 2640 769 2698 80.
797 2640 888 2694 27.

582 2735 689 2789 Καὶ
712 2731 1009 2803 κιθαρῳδὸς
1042 2728 1182 2800 ἀνὴρ
1212 2726 1472 2790 πολλάκις
1504 2724 1603 2788 τάς
1638 2721 1832 2792 ἀγυιᾶς
1861 2717 2084 2790 διερχό-

504 2845 695 2901 μενος.
726 2826 829 2881 SC.
856 2823 945 2880 56.

580 2920 691 2973 Καὶ
721 2918 809 2970 ὅτε
841 2911 1193 2983 ἐπλήσθησαν
1228 2911 1285 2962 αἱ
1315 2908 1518 2980 ήμέραι
1555 2903 1702 2959 ὀκτὼ
1731 2902 1823 2956 τοῦ
1861 2914 2084 2971 περιτε-

508 3012 652 3082 μεῖν.
683 3008 754 3062 Μ.
784 3004 856 3060 Μ.
889 3004 979 3059 58.
1004 3003 1045 3075 -ι-

583 3098 696 3153 Καὶ
728 3096 997 3167 παράγων
1040 3094 1068 3146 6
1124 3088 1333 3164 Ἰησοῦς
1381 3084 1523 3143 εἶδεν
1566 3086 1849 3155 ἄνθρωπον
1887 3081 2085 3151 τυφλὸν

508 3198 574 3250 ἐκ
603 3192 846 3264 γενετῆς.
881 3190 950 3245 Μ.
980 3189 1051 3243 Μ.
1085 3189 1175 3244 55.
1198 3185 1240 3257 ἰ-

580 3285 692 3339 Kal
722 3280 1126 3354 χρεωφειλέτης
1166 3278 1487 3349 εύχάριστος
1517 3273 1620 3329 κᾶν
1667 3270 1942 3344 μηδεμίαν
1981 3266 2085 3321 ύπδ

509 3374 603 3429 τοῦ
631 3370 932 3427 δανειστοῦ.
966 3368 1067 3424 80.
1093 3368 1184 3423 42.

584 3461 858 3516 Καλοῦσιν
887 3461 966 3522 είς
1004 3459 1093 3511 τὸν
1125 3456 1304 3527 γάμον
1329 3454 1420 3508 τὸν
1453 3452 1682 3524 Κύριον.
1716 3448 1873 3503 ALL.
1901 3448 1955 3502 3.
1988 3447 2029 3517 ἰ-

578 3555 777 3620 Καλῶς
817 3553 1128 3622 ἐφήρμοσεν
1170 3549 1205 3619 ή
1251 3546 1405 3610 τάξις
1444 3545 1543 3615 τὴν
1590 3542 1683 3596 τοῦ
1766 3539 2083 3610 Προδρόμου

508 3649 811 3703 τελείωσιν.
847 3643 949 3699 SC.
982 3642 1070 3696 61.

508 3750 537 3777 ν’
584 3737 830 3808 Λαμπρᾶ
869 3733 1051 3805 ἑορτή,
1094 3730 1191 3785 κα)⁸
1233 3728 1539 3799 πανήγυρις
1583 3723 1786 3793 ἐπέστη
1821 3722 2081 3792 σήμερον.

510 3829 613 3886 80.
648 3829 739 3883 20.

580 3917 824 3991 Λαμπρά
852 3917 929 3988 τῷ
961 3915 1096 3979 ὄντι,
1130 3913 1223 3967 καὶ
1252 3908 1556 3981 περιφανὴς
1588 3908 1622 3978 ή
1659 3904 1911 3977 παροῦσα
1943 3918 2079 3954 παν-

508 4017 729 4086 ήγυρις.
759 4009 862 4065 80.
899 4008 991 4063 59.

580 4104 769 4175 Μαρια
797 4100 1046 4170 εἱστήκει
1087 4097 1224 4170 πρὸς
1268 4096 1330 4149 τὸ
1367 4093 1631 4165 μνημεῖον
1668 4089 1928 4144 κλαίουσα
1955 4086 2081 4152 ἔξω.

508 4195 612 4251 SC.
642 4195 733 4249 51.

578 4283 859 4340 Μυστικὸν
893 4283 1025 4353 ἡμῖν
1058 4280 1275 4335 δεῖπνον
1320 4278 1354 4350 ή
1390 4275 1674 4338 θεόλεκτος
1714 4273 1807 4327 τοῦ
1837 4272 2082 4341 Εύαγγε-

512 4375 630 4428 λίου
659 4378 833 4442 φωνή.
870 4372 971 4428 80.
1002 4372 1090 4428 15.

582 4462 697 4516 Νῦν
736 4463 870 4533 ήμῖν
906 4463 935 4514 6
971 4464 1070 4533 τῆς
1117 4459 1442 4532 ἐγκρατείας
1491 4459 1680 4532 καιρὸς
1730 4457 1966 4528 ἔφθασεν
2003 4474 2083 4520 ε.ς

512 4558 644 4610 αὐτὸ
673 4555 734 4608 τὸ
762 4555 1110 4626 μεσαίτατον.
1146 4553 1248 4610 SC.
1275 4553 1367 4608 22.
1930 4542 1933 4549 ί

586 4648 651 4703 ὐ
686 4648 786 4718 μὲν
812 4646 1003 4718 καιρὸς
1035 4646 1170 4717 πρὸς
1201 4645 1333 4700 αὐτὸ
1362 4646 1421 4700 τὸ
1449 4642 1543 4698 τοῦ
1588 4644 1746 4714 ἔαρος
1782 4644 1930 4716 ήμᾶς
1960 4641 2085 4710 ἄγει

512 4739 945 4813 ἀκροτελεύτιον.
971 4736 1079 4793 SC.
1109 4736 1199 4793 41.

596 4831 655 4885 Ὅ
684 4830 783 4902 μὲν
811 4829 909 4901 τῆς
951 4829 1280 4901 ἐγκρατείας
1310 4828 1500 4900 καιρὸς
1528 4826 1628 4899 ἤδη
1662 4824 1949 4897 προέκοψε,
1992 4825 2085 4878 καὶ

515 4924 651 4993 πρδς
679 4923 811 4975 αὐτὸ
844 4922 1071 4992 ἔφθακε.
1101 4921 1202 4979 SC.
1236 4921 1329 4978 24.

593 5011 653 5066 '0
689 5013 894 5083 Πέτρος
923 5013 1162 5076 ἀναστὰς
1193 5013 1428 5084 ἔδραμεν
1454 5014 1546 5068 ἐπὶ
1584 5013 1646 5067 τδ
1678 5015 1959 5085 μνημεῖον,
1990 5011 2085 5066 καὶ

512 5103 865 5174 παρακύψας.
892 5103 995 5161 SC.
1028 5105 1119 5160 32.

594 5195 656 5250 '0
697 5196 798 5265 τῆς
841 5197 1120 5268 ἡμετέρας
1152 5197 1444 5263 πολιτείας,
1484 5191 1530 5252 ὦ
1571 5199 1828 5268 πατέρες,
1864 5197 2083 5261 σκοπός.

509 5288 583 5345 ιι.
614 5286 687 5342 ιι.
719 5286 880 5358 68.1-

578 5381 644 5435 Οί
675 5379 931 5452 ἀγύρται,
961 5383 1055 5436 καὶ
1081 5383 1325 5452 ἀγελαῖοι
1354 5384 1581 5454 πένητες
1603 5380 1699 5446 τὰς
1727 5380 1902 5443 οίκίας
1930 5398 2085 5452 περι-

508 5470 844 5537 νοστοῦντες.
878 5473 981 5530 SC.
1007 5474 1098 5529 45.

579 5563 645 5615 Οἱ
691 5564 936 5627 ἀεννάως
968 5564 1185 5636 ῥέοντες
1225 5566 1497 5635 ποταμοὶ,
1532 5564 1656 5618 οὔτε
1699 5564 1776 5636 τῷ
1806 5565 1957 5637 θέρει
1989 5567 2085 5640 λή-

506 5669 668 5722 γουσι
695 5652 939 5718 νάοντες.
977 5654 1078 5710 SC.
1105 5654 1193 5711 30.

568 5742 640 5796 0E
674 5744 731 5795 ὲν
763 5744 877 5806 τοῖς
912 5744 1156 5807 ἱππικοῖς
1195 5743 1378 5808 ἄθλοις
1410 5743 1823 5815 ἀγωνιζόμενοι.
1863 5742 1963 5799 SC.
1992 5743 2077 5802 19.

2267 429 2328 481 Οί
2362 428 2604 498 κηφῆνες
2658 419 2794 489 εἶδός
2837 423 2953 476 ἑστι
3012 419 3281 492 μελιῖσῶν
3339 420 3507 492 ἀργόν
3562 438 3619 474 τε
3672 425 3768 477 καὶ

2192 522 2483 591 ἄχρηστον.
2514 518 2615 573 SC.
2651 518 2737 571 12.

2263 613 2326 666 Oi
2364 611 2460 682 μὲν
2491 608 2744 680 αἰσθητοὶ
2783 606 3048 677 λειμῶνες
3089 606 3196 657 τῶν
3237 603 3496 657 ποικίλων
3533 604 3765 659 ἀνθέων.

2192 705 2291 760 SC.
2317 704 2407 759 28.

2262 796 2327 850 Οἱ
2360 795 2724 865 παιδοτρίϐαι,
2761 791 2851 844 καὶ
2891 789 3000 842 τῶν
3028 789 3164 841 νέων
3197 787 3523 841 διδάσκαλοι.
3561 785 3663 842 SC.
3709 786 3767 841 2.

2262 892 2325 943 Οἱ
2360 889 2494 958 1:96;
2518 889 2616 959 τὴν
2642 886 2924 955 πάνδημον
2967 881 3170 950 ταύτην
3219 879 3598 950 ἀθροισθέντες
3632 896 3767 931 παν-

2190 984 2406 1053 ήγυριν.
2434 981 2532 1036 SC.
2559 979 2645 1034 58.

2260 1074 2322 1127 OE
2354 1073 2449 1134 τὰς
2483 1071 2701 1142 μακρὰς
2733 1069 3043 1138 ἁπ.δημίας
3079 1067 3201 1121 κατ’
3231 1068 3504 1138 ἐμπορίαν
3532 1068 3765 1122 πλούτου

2193 1161 2555 1230 στελλόμενοι.
2582 1158 2685 1214 SC.
2717 1160 2770 1213 7.

2261 1246 2385 1305 Οἷόν
2423 1269 2473 1304 τι
2516 1251 2747 1320 πάσχειν
2776 1249 2932 1302 εἴωθε
2965 1248 3169 1320 ποιμήν
3201 1248 3623 1321 πληθυνθεῖσαν.
3658 1248 3762 1306 SC.

2187 1342 2276 1398 45.

2261 1430 2391 1488 Οἷόν
2415 1452 2467 1487 τι
2505 1433 2805 1504 πάσχουσιν
2846 1435 2896 1487 οἱ
2942 1434 3050 1487 ἀπό
3083 1452 3227 1496 τινος
3272 1433 3503 1505 ὑψηλῆς.
3536 1435 3635 1491 SC.
3673 1437 3767 1491 18.

2260 1523 2384 1581 Οἷόν
2419 1545 2471 1580 τι
2505 1526 2823 1597 συμϐαίνειν
2854 1525 3010 1578 εἴωθε
3053 1527 3179 1597 περὶ
3217 1526 3287 1580 τὰ
3321 1526 3488 1597 μύρα.
3537 1527 3635 1583 SC.
3670 1528 3764 1583 45.

2275 1618 2418 1687 Ὀρῶ
2450 1620 2690 1690 σήμερον
2729 1616 2823 1670 τοῦ
2870 1616 3105 1686 μεγάλου
3132 1617 3283 1671 τοῦδε
3324 1617 3453 1671 ναοῦ
3480 1618 3572 1671 τὸν
3602 1618 3773 1672 σεϐά-

2193 1730 2349 1783 σμιον
2374 1711 2591 1780 ὄροφον.
2623 1709 2724 1766 SC.
2757 1709 2811 1763 4.

2267 1803 2448 1873 Ὀρῶν
2481 1802 2722 1872 σήμερον
2765 1801 2857 1854 τὸν
2891 1800 3194 1871 ἁγιώτατον
3228 1802 3327 1872 τῆς
3358 1800 3623 1867 παναγίου
3667 1802 3768 1854 Δε-

2191 1898 2420 1968 σποίνης
2447 1895 2598 1951 ναόν.
2640 1893 2739 1950 SC.
2779 1893 2867 1950 10.

2265 1993 2364 2054 Ὃς
2411 1986 2819 2060 προοιμιάστως
2866 1984 2946 2057 τῷ
2994 1986 3207 2055 Σωτῆρι
3262 1986 3503 2055 σήμερον
3559 1986 3767 2057 νοητῶς

2188 2079 2538 2151 ὲφεψώμεθα.
2565 2077 2663 2133 SC.
2694 2077 2783 2133 38.
2822 2076 3110 2148 Perperam
3144 2076 3241 2140 ’⁸ος
3273 2094 3288 2131 :
3318 2077 3453 2132 forte
3478 2078 3550 2132 ()6
3584 2078 3770 2150 legen-

2190 2177 2339 2229 dum.
2375 2171 2504 2227 Vide
2537 2171 3036 2241 Ἀπροοιμιάστως.

2263 2266 2430 2317 Ὅταν
2456 2260 2584 2334 ἔλθῃ
2617 2264 2644 2315 6
2684 2260 2809 2323 Υἱὸς
2855 2262 2949 2313 τοῦ
2999 2259 3288 2331 ἀνθρώπου
3323 2262 3381 2315 ὲν
3424 2265 3487 2333 τῇ
3518 2262 3644 2335 δόξῃ
3666 2266 3768 2318 αύ-

2188 2353 2303 2408 τοῦ.
2331 2352 2401 2406 Μ.
2437 2353 2506 2406 Μ.
2534 2362 2687 2406 extra
2722 2365 3024 2405 numerum.
3052 2349 3094 2421 1-

2263 2444 2393 2498 Ὀτε
2432 2441 2566 2514 πρὸς
2598 2440 2695 2511 τήν
2746 2440 2940 2494 ἑαυτοῦ
2997 2441 3147 2495 θείαν
3199 2443 3363 2514 αὐλὴν
3413 2446 3441 2498 6
3483 2443 3762 2514 Δεσπότης

2191 2536 2397 2591 ἐκάλει.
2428 2535 2530 2591 SC.
2565 2535 2655 2590 51.

2262 2628 2392 2682 Ὅτε
2420 2629 2519 2699 τὴν
2546 2626 2687 2681 κατά
2714 2624 2814 2698 τῆς
2839 2628 3113 2700 ἡμετέρας
3144 2626 3360 2697 φύσεως
3386 2628 3623 2699 ἀρχῆθεν
3648 2628 3767 2680 ἐπι-

2192 2719 2409 2790 ϐουλήν.
2437 2717 2536 2774 SC.
2569 2719 2657 2773 33.

2273 2812 2517 2883 ὀτρύνει
2555 2815 2654 2883 μὲν
2685 2811 2852 2865 ἵππον
2895 2811 3171 2883 ἀγέρωχον
3210 2811 3397 2874 πεδιάς
3443 2809 3743 2882 ἠπλωμένη

2194 2902 2292 2959 SC.
2323 2903 2412 2957 25.

2263 2994 2338 3047 Ού
2368 2994 2617 3059 κατόπιν,
2639 2993 2716 3059 ὡς
2751 2996 2780 3048 6
2821 2993 3002 3064 λόγος,
3036 2994 3246 3065 ἥκομεν
3297 2996 3513 3066 ἑορτῆς.
3545 2995 3644 3053 SC.
3677 2997 3765 3052 57.

2189 3086 2268 3141 Ita
2314 3086 2624 3156 legendum,
2676 3100 2782 3140 non
2815 3084 3069 3151 πατόπιν,
3110 3097 3170 3140 ιιι
3213 3091 3468 3144 mendose
3509 3105 3766 3145 cxcusum

2195 3188 2300 3233 est.

2260 3271 2337 3325 Ού
2394 3270 2557 3341 μόνον
2616 3269 3039 3341 περιπολοῦντες
3096 3272 3427 3343 σωματικῶς
3474 3274 3532 3326 ὲν
3579 3274 3643 3342 τῇ
3692 3274 3783 3344 γῇ-

2189 3359 2283 3413 τοῦ
2326 3361 2598 3430 Σωτῆρος.
2634 3360 2734 3416 SC.
2768 3361 2860 3416 49.

2262 3454 2337 3507 Οὐ
2371 3453 2930 3526 τοσοῦτοναύχμὼδης
2950 3455 3042 3526 γῆ,
3066 3455 3162 3510 καὶ
3195 3456 3433 3526 κραναὴ,
3471 3456 3565 3509 καὶ
3591 3455 3764 3509 κατά-

2193 3543 2256 3615 ξή
2268 3561 2378 3613 ρος.
2408 3542 2512 3599 SC.
2548 3544 2633 3598 11.

2262 3635 2441 3706 Οὔσης
2476 3635 2634 3705 ὀψίας
2674 3637 2741 3707 τῇ
2776 3635 2961 3709 ήμέρᾳ
3008 3638 3196 3710 ἐκείνῃ
3233 3641 3297 3711 τῇ
3337 3641 3437 3710 μιᾷ
3480 3640 3587 3691 τῶν
3620 3638 3767 3693 Σαϐ-

2192 3725 2391 3779 ϐάτων.
2428 3724 2527 3781 SC.
2564 3726 2653 3782 35.

2262 3816 2433 3870 Πάλαι
2480 3816 2579 3887 μὲν
2611 3818 2640 3870 6
2676 3818 2909 3891 θεόπτης
2937 3821 3142 3891 Μωσῆς
3185 3819 3403 3874 ἀνάγων
3428 3820 3520 3874 τὸν
3553 3820 3768 3892 Ἰσριιη⁸

2190 3909 2399 3962 λιτικὸν
2426 3906 2576 3964 λαόν.
2615 3909 2717 3966 80.
2747 3911 2841 3967 28.

2264 4001 2432 4054 Πάλιν
2455 4002 2487 4073 ή
2516 4002 2847 4073 εύαγγελική
2869 4002 3021 4074 φωνή
3047 4002 3182 4072 πρὸς
3205 4003 3304 4074 τὴν
3325 4004 3596 4076 πατρικήν
3621 4006 3767 4077 ήμᾶς

2190 4093 2471 4161 ἁνόιγουσα
2503 4094 2773 4165 κλίμακα.
2802 4095 2902 4150 80.
2936 4096 3023 4151 16.

2263 4184 2431 4239 Πάλιν
2465 4186 2497 4255 ή
2522 4186 2616 4238 τοῦ
2639 4186 2772 4240 Θεοῦ
2803 4187 3166 4250 ὲνυπόστατος
3198 4187 3362 4258 σοφία
3395 4189 3488 4243 καὶ
3510 4188 3768 4260 δύναμις.

2192 4275 2294 4333 80.
2331 4279 2385 4334 8.

2262 4371 2432 4424 Πάλιν
2462 4373 2596 4442 ήμῖν
2641 4372 2674 4442 ή
2711 4370 2808 4441 τῆς
2867 4370 3139 4440 βασιλίδος
3189 4372 3295 4426 τῶν
3341 4373 3546 4444 ἑορτῶν
3579 4375 3769 4448 ἑορτή.

2189 4464 2264 4519 ιι.
2297 4463 2368 4517 Μ.
2408 4463 2494 4518 78.
2523 4462 2563 4534 ατ

2262 4557 2542 4626 Πατρικῆς
2577 4557 2799 4627 μνήμης
2835 4557 3027 4628 ἑορτὴν
3056 4558 3265 4629 ἄγομεν
3289 4563 3550 4633 σήμερον,
3581 4556 3626 4615 ὧ
3654 4563 3770 4614 Πα-

2189 4647 2386 4718 τέρων.
2419 4648 2488 4701 Μ.
2522 4648 2591 4702 Μ.
2626 4648 2714 4702 65.
2745 4647 2786 4718 ’ί-

2263 4738 2472 4809 ιῐολλὴν
2488 4740 2812 4793 πανδαισίαν
2827 4742 2956 4811 ἡμῖν
2978 4742 3005 4793 6
3031 4743 3343 4813 ὲπιστήθιος
3375 4740 3765 4810 εύαγγελιστὴς

2191 4830 2502 4900 προτίθησι.
2539 4831 2640 4886 SC.
2671 4831 2759 4887 25.

2259 4923 2564 4996 Πολυτελὴν
2612 4927 2912 4980 πανδασίαν
2967 4928 3122 4996 ήμῖν,
3169 4935 3268 4980 elc.
3307 4925 3375 4979 Μ.
3410 4924 3482 4978 Μ.
3535 4922 3767 4987 Eadem,

2191 5031 2310 5085 quin
2340 5017 2588 5084 superius
2620 5017 2805 5085 incipit
2833 5036 2846 5070 :
2880 5018 3088 5084 Πολλὴν
3134 5016 3480 5078 πανδαισίαν,
3517 5026 3624 5069 etc.

2264 5106 2378 5175 Πρὸ
2412 5107 2520 5177 γὰρ
2559 5106 2654 5158 τοῦ
2686 5108 2935 5160 ἑκουσίου
2983 5108 3188 5170 πάθους
3231 5106 3710 5175 ἐπαγγειλάμενος
3743 5105 3773 5157 6

2192 5197 2404 5268 Σωτήρ.
2440 5196 2591 5251 ALL.
2620 5198 2675 5253 2.
2703 5198 2745 5270 ἰ-

2265 5286 2623 5356 Προέφθασάν
2665 5306 2730 5360 με
2771 5290 2981 5360 ἡμέραι
3024 5291 3302 5362 πτωχείας
3328 5306 3341 5321 ·
3376 5289 3576 5343 στένων
3602 5288 3779 5340 πεπό-

2194 5399 2416 5453 ρευμαι.
2453 5384 2523 5438 Μ.
2556 5384 2625 5438 Μ.
2669 5385 2754 5439 75.
2787 5385 2828 5454 ἰ’

2267 5475 2588 5546 Προσέχετε,
2623 5475 2749 5537 λαός
2790 5493 2915 5546 μου,
2952 5478 3043 5530 τὸν
3076 5475 3241 5547 νόμον
3281 5492 3383 5546 μου
3413 5490 3426 5505 ·
3463 5472 3682 5525 κλίνατε
3713 5473 3783 5525 τδ

2191 5563 2283 5628 οῦς
2315 5565 2486 5634 ὑμῶν.
2527 5566 2599 5624 Μ.
2639 5567 2707 5621 Μ.
2741 5568 2827 5622 75.
2854 5567 2895 5639 ἰ·

2269 5659 2648 5728 Προφητικαῖς
2678 5660 2994 5730 πειθόμενοι
3034 5660 3258 5731 ρήσεσιν
3302 5656 3687 5718 ἀποστολικσίς
3716 5672 3783 5709 τε

2198 5751 2582 5825 παραινέσεσιν
2616 5752 2835 5824 ἥκοντες
2868 5754 2996 5825 (leg.
3031 5751 3371 5822 ἀκούοντες).
3402 5749 3471 5806 Μ.
3501 5747 3571 5802 Μ.
3611 5747 3696 5802 70.
3734 5747 3784 5804 ’1-
