4062 6214
329 420 398 482 43
1514 420 1895 483 RECENSIO
1934 422 2097 484 COD.
2138 426 2450 488 MATRIT.
3521 435 3592 498 46

396 536 644 604 Σήμερον
683 537 716 603 ἡ
764 532 1060 605 Ἐκκλησία
1088 533 1428 605 δᾳδουχείται
1462 535 1762 603 μυστικῶς.
1798 532 1896 588 SC.

328 650 418 685 ὃς).

395 723 639 791 Σήμερον
671 720 771 790 τῆς
796 721 957 791 ἡμῶν
988 719 1261 790 σωτηρίας
1304 720 1337 789 ἡ
1374 717 1661 787 οἰκονομία
1690 716 1904 786 πεπλή-

325 831 509 885 ρωται.
540 813 609 868 Μ.
646 813 717 869 Μ.
751 813 841 867 80.
869 811 910 883 ’τ’

385 907 663 973 Συγκαλεῖ
691 906 791 976 μὲν
819 908 987 975 ἡμᾶς,
1011 916 1116 961 etc.
1150 902 1275 960 ESC
1331 905 1551 967 Eadem,
1587 919 1707 973 qum
1740 920 1899 973 supra

313 1000 507 1066 incipit
545 1018 561 1054 :
596 998 837 1052 Εὖκαλετ
868 997 967 1065 μὲν
999 998 1167 1067 ἡμᾶς.

381 1090 696 1161 Συνήδομαί
743 1108 848 1157 σοι,
884 1090 1059 1155 πόλις,
1103 1089 1196 1142 καί
1227 1106 1328 1153 σοι,
1364 1087 1472 1141 Θείε
1514 1086 1622 1141 τῶν
1666 1087 1898 1141 ἀνακτόσ

308 1199 426 1250 ρων
458 1182 579 1235 ναέ.
617 1179 719 1236 SC.
758 1181 849 1235 55.

382 1273 610 1343 Ταύτην
651 1270 763 1341 ἐγὼ
791 1273 1020 1343 πάσχειν
1063 1270 1215 1324 ἔοικα
1252 1269 1517 1340 σήμερον,
1561 1268 1698 1322 ὅσοι.
1730 1267 1798 1322 Μ.
1825 1269 1896 1324 Μ.

301 1368 399 1423 se.
439 1367 502 1438 «τ.

376 1461 590 1529 Τέρπει
623 1457 721 1527 μὲν
756 1454 857 1520 τὰς
885 1454 1040 1526 ὄψεις
1070 1456 1308 1525 ἀνίσχων
1339 1454 1438 1519 τῆς
1476 1454 1618 1525 ἑῴας
1657 1457 1686 1509 ὁ
1722 1456 1893 1527 ἥλιος.

301 1551 408 1609 SC.
445 1551 539 1607 29.

372 1646 493 1714 Τῆς
538 1642 812 1713 μυστικῆς
848 1640 1067 1710 ἐκείνης
1098 1638 1193 1693 καὶ
1242 1637 1395 1703 Θείας
1447 1639 1711 1710 κλίμακος
1756 1642 1824 1714 ἢν
1867 1643 1895 1696 6

301 1738 440 1799 Θεὸς
472 1734 746 1801 ὑπέδειξε.
781 1731 882 1789 SC.
911 1731 1001 1788 15.

373 1826 480 1889 Τίς
512 1823 677 1877 δώσει
713 1824 780 1891 τῇ
812 1818 1026 1890 κεφαλῇ
1065 1836 1168 1890 μου
1205 1817 1374 1889 ὕδωρ,
1411 1819 1507 1874 καὶ
1536 1823 1646 1885 τοῖς
1693 1821 1894 1892 ὀφθαλ-

301 1921 433 1988 μοῖς
469 1915 593 1987 μοῦ.
630 1912 733 1968 SC.
762 1913 853 1967 69..

372 2009 487 2060 Τοῦ
519 2007 793 2059 Δεσπότου
829 2004 925 2055 καὶ
953 2001 1206 2072 Σωτῆρος
1235 2001 1393 2073 ἡμῶν
1436 2003 1608 2073 Ἰησοῦ
1636 2005 1696 2057 τὸ
1723 2006 1893 2076 ὑπερ-

299 2101 463 2169 φυές.
501 2097 575 2152 Μ.
610 2096 682 2149 Μ.
714 2095 805 2150 55.
837 2092 880 2165 δε

367 2190 479 2244 Τοῦ
516 2191 617 2260 μὲν
664 2186 930 2261 αἰσθητοῦ
973 2186 1127 2256 ἡλίου
1165 2184 1259 2240 τοῦ
1295 2186 1571 2255 ὁρίζοντος
1622 2189 1889 2260 ὑπερτέλ-

297 2281 511 2343 λοντος.
546 2277 648 2334 SC.
683 2279 771 2333 H.

372 2372 470 2443 Τῷ
495 2371 673 2441 καιρῷ
714 2370 912 2440 ἐκείνῳ
955 2368 1132 2439 γάμος
1161 2368 1400 2437 ἐγένετο,
1431 2373 1584 2442 φησί,
1619 2373 1677 2427 ὲν
1708 2374 1882 2444 Κανᾷ.

299 2462 379 2518 tu.
415 2463 486 2518 tt.
517 2463 606 2518 sa.
632 2462 674 2534 δε

382 2554 480 2625 Τῷ
510 2555 683 2626 καιρῷ
710 2555 901 2626 ἐκείνῳ
923 2555 1145 2624 ἐγένετο
1182 2558 1251 2612 τὰ
1279 2556 1534 2627 ὲγκαίνια
1562 2558 1622 2609 ἐν
1657 2556 1886 2623 Ἱεροσο-

308 2646 535 2715 λύμοις.
572 2645 640 2700 Μ.
672 2646 740 2702 Μ.
777 2646 859 2701 66.
894 2647 937 2718 ἰ-

380 2742 475 2811 Τῷ
514 2740 686 2813 καιρῷ
725 2740 919 2812 ἐκείνῳ
955 2742 1304 2815 ἐφανέρωσεν
1344 2742 1538 2796 ἑαυτὸν
1581 2743 1610 2794 6
1656 2740 1884 2811 Ἰησοῦς.

299 2832 410 2888 SC.
442 2833 534 2888 37.

370 2925 585 2995 Φαιδρὰ
608 2926 708 2995 τῆς
733 2926 1018 2997 παρούσης
1041 2926 1233 2997 ἑορτῆς
1256 2927 1289 2995 ἡ
1315 2926 1652 2988 συνέλευσις.
1672 2923 1751 2980 SC
1794 2924 1883 2979 26.

364 3017 579 3087 Φαιδρὲ
611 3016 767 3087 ὑμῶν
807 3018 842 3088 ή
882 3016 1197 3079 συνέλευσις
1249 3017 1490 3087 σήμερον
1533 3016 1885 3086 διαγείρουσα

290 3110 389 3161 τὸν
423 3107 570 3162 νοῦν.
600 3107 672 3161 Μ.
709 3106 781 3161 Μ.
814 3107 905 3162 67.
941 3107 983 3179 τ

366 3201 510 3269 Φέρε
542 3200 791 3269 σήμερον
837 3199 934 3252 ἐπὶ
982 3198 1081 3270 τὴν
1126 3197 1399 3269 προτέραν
1445 3198 1768 3268 εὐκοσμίαν.
1812 3196 1881 3251 Μ.

289 3289 487 3346 n.7t.
520 3291 567 3362 1-

364 3384 512 3455 Φέρε
564 3385 829 3456 σήμερον,
869 3377 915 3438 ὦ
959 3382 1376 3455 θεοφιλέστατον
1441 3384 1740 3458 ἄθροισμα,
1783 3385 1884 3456 τῆς

290 3476 593 3548 ζωηςρόρου
620 3476 881 3548 σταυροῦ.
908 3475 1013 3533 SC.
1048 3478 1104 3532 5.

377 3569 471 3631 Ὠς
508 3569 633 3622 λίαν
680 3568 1003 3642 καλλίστην,
1028 3567 1267 3639 συνῆψεν
1309 3571 1338 3624 6
1377 3569 1603 3641 χρόνος,
1647 3568 1747 3641 τὴν
1785 3569 1879 3624 τοῦ

290 3660 546 3731 πρῶτον.
579 3658 652 3713 Μ.
684 3659 763 3714 Μ.
808 3659 904 3715 56.
934 3659 976 3729 ἰ’

377 3753 473 3814 Ὠς
518 3751 642 3807 λίαν
684 3769 778 3822 μοι
832 3752 1193 3825 λαμπροτέρα
1236 3752 1337 3825 τὴν
1391 3753 1666 3824 σήμερον,
1706 3755 1742 3825 ή
1780 3756 1880 3826 τῆς

289 3843 674 3908 διδασκαλίας.
716 3841 818 3899 δατ.
859 3842 951 3899 60.

374 3934 468 3997 Ὧς
495 3933 618 4008 λίαν
648 3933 762 4004 ὁρῶ
794 3933 1159 4005 φαιδροτέραν
1184 3934 1285 4005 τὴν
1312 3933 1592 4006 παροῦσαν
1628 3935 1878 4006 πανήγυ-

289 4044 411 4100 ριν.
437 4027 509 4082 Β.
539 4027 612 4082 Μ.
650 4027 740 4083 79.
784 4028 826 4098 ἰ-

363 4121 768 4176 Ldmoneudus
800 4121 891 4177 hic
920 4121 1119 4177 Lector
1148 4121 1215 4177 ab
1255 4122 1359 4178 hoc
1384 4121 1631 4191 catalogo
1656 4122 1873 4177 exclusa

289 4213 469 4268 fuisse
520 4222 756 4283 quatuor
811 4212 1155 4269 homiliarum
1202 4214 1373 4276 initia.
1430 4230 1549 4284 qua:
1596 4214 1877 4272 Fabricius

288 4305 548 4360 Biblioth.
593 4306 796 4361 Graece
825 4305 932 4361 vol.
964 4304 1033 4372 X,
1062 4320 1183 4375 cap.
1211 4306 1301 4372 42,
1345 4305 1586 4362 referens
1617 4322 1649 4362 a
1678 4308 1875 4365 Scorso

284 4393 490 4461 editas,
529 4396 756 4452 adducit
794 4411 861 4452 ex
889 4396 1076 4453 codice
1111 4395 1359 4453 Caesareo
1381 4411 1410 4451 a
1453 4396 1743 4454 Lambecio
1786 4415 1873 4455 re-

280 4490 525 4554 censita,
551 4491 642 4543 ubi
682 4487 984 4562 Ἐρμηνεία
1022 4489 1102 4553 είς
1140 4489 1209 4544 τὰ
1235 4489 1426 4544 ἕνδεκα
1465 4490 1685 4560 ἑωθινά,
1730 4493 1785 4549 h.
1821 4507 1872 4549 e.

279 4578 677 4649 Interpretau'o
722 4581 780 4633 in
823 4579 1067 4634 undecim
1108 4578 1379 4650 evangelia
1421 4583 1705 4648 matutina,
1747 4597 1882 4658 con-.

283 4670 521 4724 tinetur.
568 4669 639 4724 At
678 4670 809 4739 quid
861 4669 972 4724 ita?
1008 4668 1139 4726 Ideo
1181 4669 1462 4736 nimirum,
1503 4673 1644 4742 quod
1682 4688 1871 4730 recen-

279 4758 499 4813 sionem
537 4759 726 4829 potius
759 4758 1179 4815 Lambecianam
1213 4774 1374 4828 quam
1403 4758 1730 4818 Scorsanam
1756 4764 1873 4820 edi-

282 4850 492 4904 tionem
537 4849 844 4919 amplexus,
881 4850 1136 4905 homilias
1184 4850 1438 4906 maluerit
1478 4853 1786 4922 acepltalas,
1819 4853 1873 4908 id

286 4946 408 5000 est,
469 4938 654 4992 verbis
704 4938 981 5009 Evangelii
1038 4938 1292 5007 praemitti
1346 4940 1522 4995 solitis
1564 4941 1870 5009 destitutas,

287 5044 459 5098 quam
502 5030 686 5099 plenas
731 5031 1076 5102 integrasqne
1113 5044 1439 5095 memorare,
1498 5032 1685 5099 quales
1733 5034 1870 5089 idem

278 5118 524 5176 Scorsus
551 5136 616 5176 ex
645 5120 972 5191 Optimorum
1008 5120 1399 5190 exemplarium
1431 5122 1532 5178 fide
1557 5122 1869 5193 publicavit.

274 5212 645 5268 Homiliarum
680 5222 860 5269 autem
922 5229 1056 5284 quas
1115 5214 1285 5269 edidit
1317 5213 1568 5281 Scorsus,
1604 5230 1670 5270 en
1706 5215 1872 5272 babes

272 5305 440 5362 initia
472 5308 614 5376 apud
638 5306 951 5363 Fabricium
979 5307 1166 5362 allata.

361 5400 431 5452 Ἥ
465 5399 746 5472 ζωοφόρος
789 5400 884 5455 τοῦ
929 5399 1139 5472 Κυρίου
1190 5400 1510 5464 ἀνάστασις.
1542 5398 1868 5454 Matutinum

272 5492 343 5549 ν.
370 5491 530 5546 FAB.
578 5493 639 5548 '0
670 5494 877 5563 Πέτρος
915 5493 1156 5557 ἀναστὰς
1215 5492 1451 5563 ἔδραμεν
1485 5493 1580 5545 ἐπὶ
1631 5492 1694 5546 τὸ
1736 5510 1871 5565 μνη-

269 5583 598 5654 μεῖονικαὶ
624 5585 987 5655 παρακύψας.
1025 5583 1128 5640 SC.
1234 5584 1239 5589 ”

362 5673 517 5727 Ἀντὶ
556 5674 680 5744 (leg.
713 5675 862 5744 ἄρτι)
903 5673 1206 5744 κορυφαίου
1232 5674 1342 5730 τῶν
1370 5665 1871 5746 φοιτητῶν.’Μειιι-

264 5767 462 5820 tinum
520 5765 654 5821 VIII.
708 5765 860 5821 FAB.
917 5768 1107 5837 Μαρία
1159 5769 1407 5838 εἱστήκει
1440 5769 1574 5839 πρὸς
1635 5769 1695 5822 τὸ
1727 5785 1867 5839 μνη-

268 5860 439 5925 μεῖον
466 5859 734 5913 κλαίουσα
764 5860 869 5923 ἔξω
917 5859 1021 5915 SC.

2082 541 2350 611 Ζητητέον
2377 546 2489 605 τοῖς
2521 545 2628 596 τῶν
2663 545 2824 615 ἱερῶν
2868 546 3063 613 λογίων
3116 547 3450 611 ἐξετασταῐς.
3479 548 3595 602 Ma-

2009 629 2243 682 tuliuttm
2278 629 2365 684 IX.
2394 630 2543 684 FAB.
2580 633 2760 702 Οὔσης
2786 634 2944 704 ὀψίας
2989 639 3054 705 τῇ
3091 637 3275 707 ἡμέρα
3313 637 3495 709 ἐκείνῃ
3524 640 3592 709 τῇ

2008 720 2110 789 μιᾷ
2136 722 2243 773 τῶν
2284 722 2596 776 Σα66ἀτων.
2630 723 2732 778 SC.

2076 813 2201 875 'l‘oi;
2242 814 2511 884 μαθηταῖς
2560 816 2748 887 ὀφθεὶς
2779 821 2807 872 6
2842 819 3065 891 Κύριος.
3126 821 3449 877 Matutinum
3491 822 3586 877 Χῐ.

2005 900 2157 957 FAB.
2195 905 2284 972 Τῷ
2317 907 2496 978 καιρῷ
2539 909 2735 979 ἐκείνῳ
2789 910 3137 982 ἐφανέρωσεν
3187 913 3381 967 ἑαυτὸν
3408 915 3436 967 6
3481 916 3589 986 ’1η-

2005 995 2099 1046 σοῦ
2109 1013 2151 1056 εἷο
2190 997 2295 1055 SC.

2075 1087 2340 1143 Cmternm
2421 1095 2579 1164 longe
2639 1096 2810 1167 major
2863 1096 3211 1166 Theophanis
3265 1113 3582 1153 sermonum

2002 1179 2118 1234 sive
2169 1182 2489 1237 concinnum
2542 1187 2694 1255 copia
2737 1186 3038 1258 eatalognm
3076 1189 3218 1242 hunc
3257 1187 3589 1259 locupletare

2002 1282 2206 1338 posset,
2252 1274 2295 1325 si
2340 1276 2667 1342 scriptorum
2710 1276 2763 1329 in
2797 1277 2986 1346 primis
3032 1291 3216 1332 earum
3253 1279 3431 1333 verbis
3461 1293 3588 1349 pro-

2000 1358 2241 1415 ferendis
2282 1365 2586 1417 accuratior
2620 1364 2810 1420 fuisset
2833 1382 3019 1436 opera.
3050 1365 3155 1421 Sed
3193 1382 3303 1421 rem
3346 1368 3587 1438 plerique

2000 1453 2100 1506 levi
2134 1454 2376 1518 brachio,
2411 1471 2502 1509 seu
2538 1456 2716 1525 potius
2738 1457 2946 1511 calamo
2973 1458 3319 1526 attingentes,
3344 1460 3412 1515 de
3443 1461 3506 1514 iis
3529 1461 3581 1514 in

2001 1547 2312 1602 universum
2367 1565 2528 1619 agere
2599 1552 2732 1606 satis
2782 1551 3042 1605 habuere.
3107 1553 3258 1618 Quod
3313 1553 3581 1622 pracipue

1997 1639 2195 1693 tnirum
2235 1641 2286 1694 in
2325 1641 2738 1710 diligentissimo
2770 1643 2828 1698 P.
2870 1644 2936 1698 de
2972 1643 3315 1698 Montfaueon
3357 1645 3576 1713 accidit,

1997 1730 2087 1799 qui
2123 1733 2171 1785 in
2203 1731 2390 1786 Diario
2425 1732 2640 1798 Italico,
2670 1735 2720 1789 id
2750 1746 2855 1799 est,
2885 1733 3083 1790 Itinere
3121 1735 3405 1801 litterario,
3439 1737 3578 1792 duos

1995 1822 2236 1890 ejusdem
2300 1823 2651 1893 TheOphanis
2715 1826 3065 1882 ltontiliarutn
3146 1845 3274 1884 mss.
3362 1829 3578 1885 codices

1996 1914 2240 1984 Neapoli,
2273 1917 2495 1977 totidem
2531 1915 2774 1973 Veneti'ts
2815 1933 2843 1972 a
2869 1933 2927 1974 se
2980 1920 3254 1990 inspectos
3292 1936 3573 1988 ettarrans,

1993 2006 2328 2075 singularum
2365 2009 2568 2076 titulos,
2610 2010 2811 2064 nedum
2850 2010 3021 2081 prima
3060 2013 3225 2066 verba
3265 2011 3575 2066 describere

1994 2099 2311 2168 neglexerit.

2066 2192 2218 2257 Quod
2288 2203 2563 2261 postremo
2634 2194 2753 2249 loco
2826 2196 3165 2265 praaStituros
3236 2196 3566 2265 recepimus,

1993 2285 2211 2338 tandem
2248 2287 2652 2355 aggrediamur,
2693 2286 2965 2357 iidemque
3003 2287 3314 2343 liberemus.

2062 2375 2188 2431 llaec
2217 2391 2326 2445 pra:
2351 2379 2565 2432 cazteris
2598 2379 2701 2433 hoc
2721 2377 2774 2431 in
2802 2380 2986 2433 codice
3021 2380 3260 2449 reperias
3283 2382 3571 2435 obserVatn

1991 2464 2172 2533 digna.
2224 2464 2381 2520 Nulla
2431 2465 2545 2522 fere
2570 2482 2674 2522 vox
2728 2469 2997 2524 scribendi
3044 2471 3367 2540 compendio
3395 2480 3564 2527 vacat.

1990 2554 2320 2610 Litterarum
2346 2572 2517 2611 nexus
2541 2560 2745 2628 passim
2771 2560 3015 2615 difﬁciles
3040 2573 3093 2614 et
3129 2562 3564 2617 inextricabiles:

1988 2649 2133 2702 unde
2180 2648 2315 2703 alias
2362 2647 2593 2718 (Edipo,
2645 2651 2783 2704 alias
2827 2652 3136 2705 Alexandro
3173 2654 3244 2707 sit
3285 2668 3440 2721 opus.
3483 2652 3567 2706 All

1991 2735 2093 2790 hoc
2142 2738 2303 2791 verba
2341 2747 2449 2792 tam
2483 2748 2632 2793 arcte
2672 2739 2812 2794 inter
2844 2756 2903 2796 se
2936 2740 3227 2810 aliquando
3271 2743 3564 2806 cohaerere,

1989 2836 2047 2883 ut
2084 2829 2190 2882 duo
2232 2830 2285 2882 in
2324 2845 2485 2883 unum
2519 2830 2863 2895 coalescant;
2892 2841 2997 2885 tam
3032 2833 3190 2902 longe
3237 2831 3501 2885 interdum
3533 2849 3566 2886 a

1988 2934 2048 2974 se
2072 2920 2203 2989 ipsis
2223 2920 2447 2982 distare.
2488 2929 2544 2975 ut
2575 2936 2740 2976 unum
2773 2922 2825 2975 in
2858 2925 2964 2976 dno
2994 2939 3213 2992 prorsus
3241 2925 3415 2977 abeat.
3448 2923 3565 2989 Quo

1987 3014 2114 3082 quid
2145 3013 2407 3067 orationis
2446 3015 2771 3067 sententiam
2810 3015 3027 3082 gravius
3067 3014 3381 3082 perturbet?
3422 3014 3562 3080 Quid

1988 3104 2258 3173 ingenium
2291 3104 2604 3173 interpretis
2634 3105 2915 3161 excruciet
2954 3106 3240 3160 acerbius?
3272 3104 3328 3160 ln
3361 3105 3563 3161 litteris

1986 3210 2115 3251 vero
2147 3194 2444 3262 majoribus
2489 3212 2671 3249 rarum
2717 3196 2844 3250 illud
2889 3200 3124 3252 occurrit
3169 3212 3232 3252 ac
3270 3197 3560 3266 singulare,

1985 3286 2127 3355 quod
2166 3285 2343 3339 littera
2386 3283 2432 3339 Ο
2462 3285 2705 3354 pluribus
2746 3286 2902 3349 locis.
2940 3297 3066 3354 puta
3110 3286 3203 3341 fol.
3246 3287 3338 3351 95,
3376 3289 3478 3342 “5
3504 3302 3560 3345 et

1986 3374 2111 3438 116,
2163 3375 2364 3444 piscem
2412 3374 2711 3443 exprimat;
2748 3377 2992 3445 adeoque
3027 3376 3329 3433 animantes
3366 3386 3559 3434 natura

1987 3475 2167 3522 mutos
2192 3467 2411 3523 mireris
2440 3466 2621 3521 induci
2664 3468 2970 3534 loquentes.
3010 3470 3126 3535 Qua
3157 3468 3374 3536 quidem
3411 3469 3477 3524 de
3501 3484 3562 3524 re

1985 3557 2077 3612 ﬁet
2117 3556 2242 3611 alibi
2290 3557 2515 3624 mentio,
2551 3566 2607 3613 et
2644 3572 2765 3615 cum
2795 3558 2854 3614 P.
2912 3559 2977 3614 de
3008 3558 3349 3616 Montfaucon
3379 3576 3559 3617 sermo

1982 3649 2315 3705 conferetur.
2774 3686 2779 3695 .
3330 3699 3339 3702 ,

2052 3742 2132 3798 Ad
2163 3743 2368 3800 codicis
2398 3746 2710 3812 materiam,
2744 3747 2859 3802 sive
2894 3748 3263 3805 membranam
3301 3752 3442 3820 quod
3474 3758 3557 3805 at-

1984 3835 2136 3901 tinet,
2186 3849 2247 3889 ea
2290 3838 2526 3891 crassior
2571 3848 2655 3893 est
2696 3853 2759 3894 ac
2804 3840 2987 3907 rudis;
3028 3842 3143 3910 ipse
3189 3853 3367 3898 autem
3413 3850 3556 3899 totus

1981 3935 2196 3982 censuit
2235 3941 2268 3983 ο
2311 3928 2664 3998 complurium
2717 3930 2977 3987 librorum
3016 3933 3160 3988 foliis
3194 3934 3555 4004 palimpsestis

1981 4019 2216 4089 undique
2261 4020 2494 4084 collatis,
2529 4038 2634 4078 non
2676 4041 2779 4078 una
2824 4040 2987 4079 manu
3044 4026 3126 4081 vel
3157 4034 3317 4082 aetate
3345 4027 3553 4084 descri-

1981 4111 2105 4178 ptis,
2139 4125 2368 4180 quorum
2399 4114 2632 4181 priorem
2663 4115 3013 4183 scripturam,
3044 4127 3102 4170 ut
3126 4131 3318 4173 novam
3354 4119 3556 4179 admit-

1979 4211 2175 4269 terent,
2242 4206 2468 4261 eradere
2524 4205 2687 4275 jussit
2740 4206 2996 4277 frequens
3041 4208 3146 4264 illis
3219 4212 3553 4279 temporibus

1980 4295 2306 4353 membrana:
2338 4299 2583 4367 penuria.
2623 4299 2737 4353 Non
2765 4309 2944 4353 tamen
2982 4301 3032 4355 id
3056 4302 3276 4359 omnino
3300 4303 3547 4371 pervicit;

1976 4390 2242 4461 siquidem
2274 4390 2456 4444 multa:
2489 4391 2664 4446 adhuc
2687 4402 2945 4462 apparent
2974 4394 3199 4464 paginae,
3229 4396 3348 4450 alia:
3374 4396 3550 4450 minu-

1976 4485 2066 4548 tis,
2090 4482 2209 4537 alia:
2247 4482 2640 4547 mediocribus,
2673 4500 2779 4539 non
2818 4501 3001 4555 pauca:
3050 4487 3426 4556 grandioribus
3461 4488 3546 4541 lit-

1974 4575 2131 4641 teris,
2171 4588 2316 4630 nunc
2347 4574 2692 4643 quadratam,
2732 4592 2876 4631 nunc
2912 4576 3225 4643 rotundam,
3269 4579 3429 4633 modo
3464 4592 3549 4631 rc-

1975 4675 2140 4735 ctam,
2166 4669 2323 4724 modo
2340 4668 2611 4738 obliquam
2631 4668 2860 4722 formam
2892 4668 3267 4735 referentibus,
3290 4677 3543 4724 exaratm.

2046 4757 2212 4813 Multa
2241 4759 2475 4830 denique
2517 4759 2582 4814 ad
2609 4760 2936 4830 exemplaris
2967 4760 3124 4827 hujus
3155 4762 3362 4814 laudem
3395 4774 3545 4814 com-

1973 4848 2476 4917 men'dationetnqne
2509 4863 2639 4903 sane
2670 4849 3005 4918 conspirant.
3059 4849 3411 4903 Ilotniliarum
3458 4850 3543 4903 in-

1973 4944 2295 5014 scriptiones
2326 4944 2390 4996 iis
2424 4943 2706 4997 uberiores
2730 4946 3044 5011 plerumque
3076 4960 3136 4999 ac
3170 4944 3543 5014 locupletiores

1975 5053 2098 5093 sese
2141 5038 2455 5101 ostendunt,
2518 5054 2653 5105 quas
2700 5038 2755 5091 P.
2814 5038 3043 5092 Scnrsus
3096 5038 3285 5094 edidit.
3333 5040 3542 5106 Quanta

1974 5145 2135 5198 porro
2186 5129 2310 5183 inde
2352 5131 2441 5182 lux
2487 5128 2833 5197 Theophanis
2874 5131 3032 5183 rebus
3070 5134 3240 5199 gestis
3290 5132 3537 5201 aliulgetl

1972 5220 2087 5274 sive
2118 5219 2264 5274 locos
2304 5219 2559 5285 indit-ent,
2594 5219 2756 5273 urbes
2791 5220 3053 5284 videlicet,
3087 5225 3366 5285 ecclesias,
3400 5225 3542 5277 mdes

1973 5315 2063 5370 ubi
2105 5315 2209 5370 illre
2260 5315 2488 5380 habitae;
2542 5315 2653 5368 sive
2685 5316 2821 5380 dies,
2867 5325 3133 5385 tempora.
3175 5310 3330 5380 festa,
3361 5329 3540 5367 rerum

1969 5419 2218 5472 eventus,
2256 5417 2494 5468 sanctos,
2523 5405 2764 5473 aliosque
2792 5407 3028 5476 insignes
3071 5406 3354 5460 virtutibus
3393 5404 3540 5455 viros

1970 5497 2299 5567 signiﬁcent,
2352 5497 2404 5548 in
2448 5511 2677 5563 quorum
2723 5500 3037 5550 memoriam
3081 5512 3143 5550 ac
3172 5495 3537 5549 celebritatem
3624 5554 3630 5561 _

1969 5590 2349 5655 pronuntiatm.
2377 5586 2515 5652 Quid
2549 5602 2797 5656 magnam
2837 5589 3174 5642 hontilinrum
3203 5587 3414 5654 cupiam
3455 5604 3533 5640 reo

1970 5676 2160 5735 feram.
2195 5693 2313 5743 quae
2348 5678 2450 5729 hoc
2500 5688 2683 5729 nostro
2723 5677 2909 5731 codice
2957 5677 3321 5742 continentur,
3368 5694 3538 5744 neque
3562 5668 3575 5676 ’

1970 5771 2022 5824 in
2081 5769 2224 5829 nilis,
2267 5767 2563 5829 Vaticanis,
2609 5767 2850 5831 Gallicis,
2896 5769 3231 5823 Germanicis
3280 5772 3539 5825 hactenus

1973 5859 2229 5929 inspectis
2256 5860 2506 5914 exstanti
2538 5860 2793 5930 Exemplo
2826 5862 2893 5914 sit
2926 5862 3008 5913 vel
3042 5862 3227 5915 Oratio
3259 5863 3321 5916 de
3343 5877 3541 5915 mento-
