4062 6214
472 325 544 389 ῃ
1126 264 1130 267 Δ
1640 276 2024 372 ΡίΕοΕΝδιο
2062 310 2083 370 ι

2189 314 2227 370 ).
2267 307 2479 368 MATR
2490 308 2582 368 [Τ.
2724 334 2725 337 η
3664 304 3738 368 48

463 441 662 499 trabilis
696 436 873 492 Patris
900 430 1279 489 Barlholomwi
1312 428 1519 499 funere,
1550 426 1666 496 ejus
1694 426 1856 479 vitam
1887 439 2050 478 com-

480 537 737 607 plectens.
790 527 868 583 Ad
911 540 1048 596 quas
1091 535 1373 576 accessere
1417 533 1540 572 cum
1576 517 1743 570 sancti
1779 513 1919 569 Saba
1964 513 2046 568 vel

470 606 634 681 Saba:
667 617 959 678 Mesimeri,
993 611 1333 680 TheOpltanis
1371 607 1642 676 discipuli,
1695 606 1904 669 concio,
1946 615 2056 656 tum

482 717 541 771 S.
569 713 797 768 Joannis
833 706 1193 777 Cltrysostomi
1226 701 1448 757 hnmilia
1473 701 1560 770 (de
1586 714 1690 766 qua
1716 703 1901 766 supra)
1932 709 2060 749 ncc-

481 807 605 860 dum
637 801 800 874 typis,
845 797 990 869 quod
1032 797 1225 861 sciam,
1257 792 1525 862 evulgata.
1576 790 1866 854 Praeterea,
1919 786 1963 841 si
1997 801 2062 841 ex

480 896 641 951 unius
676 894 778 949 loci
806 892 981 947 obiter
1012 904 1041 942 a
1070 888 1228 942 nobis
1259 882 1626 939 animadversi
1652 879 2054 939 ememiatione.

482 1003 645 1059 quam
664 1001 830 1056 supra
860 979 1387 1054 reprazsentavimus,
1419 975 1544 1030 licet
1573 982 1718 1028 recte
1748 970 2019 1037 conjicere
2048 985 2063 1023 :

2161 430 2292 489 quot
2327 420 2475 475 locus
2524 420 2577 472 in
2609 418 2827 473 excusis
2860 417 3125 486 ejusmodi
3164 416 3403 471 homiiiis
3438 416 3609 471 nostri
3647 433 3747 472 co-

2164 516 2299 570 dicis
2324 514 2587 569 beneﬁcio
2626 511 2904 566 emendari
2933 526 3089 579 posse
3111 512 3436 565 censendum
3474 513 3594 566 esti

2236 606 2368 672 Qua:
2395 622 2517 659 cum
2553 607 2621 657 ita
2655 619 2714 658 se
2746 605 3001 668 habeam,
3033 604 3279 672 quisnam
3325 619 3513 673 aequus
3560 621 3747 660 rerum

2166 697 2467 751 :estimator
2496 710 2604 748 non
2646 694 2803 763 plane
2830 693 3095 761 intelligat
3126 695 3312 761 quanti
3346 694 3415 747 sit
3440 695 3529 749 ille
3556 697 3747 765 pretii,

2168 799 2369 858 quanto
2406 786 2620 841 caeteris
2643 784 3014 847 exuellentior,
3046 794 3307 852 quantum
3333 785 3400 837 ad
3424 786 3752 854 ampliorem

2171 873 2678 942 castigatioremque
2706 871 3052 941 Theophanis
3081 872 3405 941 scriptorum
3450 874 3750 930 editionem

2172 964 2425 1019 conferre
2448 963 2656 1032 possit?
2972 959 2978 968 ’

554 1129 853 1197 tlucusque
908 1120 1159 1179 recensio
1204 1117 1415 1175 codicis
1465 1113 1533 1170 16
1584 1109 1925 1168 bibliotheca:
1973 1103 2341 1168 Matritensis;
2396 1101 2660 1156 addemus
2702 1113 2849 1154 nunc
2920 1099 3346 1170 descriptionem
3414 1100 3621 1157 codicis
3677 1100 3755 1157 '53

484 1227 734 1298 ejusdem
763 1195 1112 1277 bibliotheca:
1143 1214 1235 1286 qui
1265 1211 1511 1268 continet
1537 1204 1894 1276 Theophanis
1919 1198 2174 1256 homilias
2205 1195 2488 1252 tredecim.

560 1338 696 1397 Cod.
722 1338 813 1402 53,
850 1333 1236 1389 memhraneus
1275 1327 1386 1383 folii
1419 1323 1808 1395 magnitudine,
1843 1321 1895 1374 in
1941 1317 2067 1373 folia

494 1441 702 1488 tantum
728 1431 791 1485 51
822 1432 1163 1491 contractus,
1193 1429 1403 1475 vetusta
1441 1431 1630 1482 manu,
1654 1415 1852 1485 quippe
1870 1408 2069 1466 saeculo

490 1542 592 1583 xm
627 1521 1007 1588 transcriptus,
1043 1515 1357 1571 membrana
1395 1525 1523 1566 vero
1560 1509 1720 1577 longe
1756 1501 2069 1567 vetustiori,

491 1611 842 1686 Theophanis
872 1607 1118 1667 Ceramei
1160 1604 1413 1661 homilias
1462 1602 1529 1656 l3
1563 1600 1665 1656 hoc
1693 1597 1887 1654 ordine
1923 1607 2075 1649 com-

491 1709 765 1781 plectitur.

562 1801 679 1858 Fol.
717 1800 771 1853 1.
818 1794 989 1867 Ἀρχὴ
1022 1792 1135 1849 τῶν
1179 1796 1249 1846 ια’
1289 1784 1584 1843 Ἐωθινῶν.
1647 1780 1866 1852 Ὀμιλία
1891 1778 1973 1867 si;
2014 1773 2075 1829 τὸ

493 1878 713 1963 πρῶιὲον
751 1864 1005 1940 amenti
1041 1880 1132 1952 (ad
1170 1892 1321 1934 oram
1353 1875 1491 1943 ποί).
1534 1870 1757 1963 Initium
1796 1883 1851 1922 ιι
1891 1864 2074 1963 liuiu-

499 1954 757 2039 tiirurum.
790 1976 1028 2033 Humilia
1056 1972 1119 2028 8i
1158 1972 1212 2025 in
1249 1970 1479 2039 primum
1535 1962 1884 2020 Matutinnm.
1930 1954 2076 2011 Inci‘

495 2076 595 2144 pit,
621 2071 797 2128 Πάλαι
817 2069 917 2140 μὲν
947 2068 975 2120 ὁ
993 2064 1226 2134 θεόπτης
1247 2059 1486 2128 Μωῦσῆς
1515 2055 1732 2122 ἀνάγων
1760 2049 2076 2118 τὸνἹσραη·

494 2143 700 2223 λιτικὸν
751 2162 881 2215 λαὸν
916 2160 997 2221 εἰς
1026 2158 1088 2211 τὸ
1111 2155 1321 2208 Σίναιον
1348 2143 1857 2221 περιρραντηρίοις.

568 2259 623 2314 5.
653 2253 870 2325 Ὀμιλία
895 2253 975 2314 εἰς
1013 2247 1073 2301 τὸ
1106 2243 1148 2317 β’
1189 2243 1442 2298 Ἑωθινόν
1495 2239 1584 2311 (ad
1614 2250 1765 2291 oram
1807 2231 1942 2325 πβθ).
1969 2227 2080 2325 Πο-

498 2348 645 2403 milia
672 2316 763 2409 88,
814 2341 870 2395 in
901 2355 941 2393 ιι
981 2337 1322 2392 Matutinum.
1352 2330 1571 2399 Incipit,
1597 2326 1806 2396 Τέρπιι
1854 2320 1951 2392 μὲν
1981 2316 2081 2379 τὰς

497 2442 651 2512 ὄψεις
685 2439 751 2492 ὲκ
790 2434 889 2502 τῆς
916 2433 1061 2503 ἑῴας
1092 2427 1301 2498 ἀνέχων
1329 2426 1355 2478 ὁ
1376 2422 1550 2512 ἥλιος.

575 2531 633 2584 5.
668 2527 899 2581 Averso.
956 2519 1178 2590 Ὀμιλῐα
1218 2517 1296 2580 εἰς
1326 2515 1386 2568 τὸ
1425 2510 1472 2581 γ’
1509 2508 1767 2566 Ἐωθινόν
1801 2506 1889 2576 (ad
1928 2515 2082 2559 oram

503 2622 641 2693 κγ’).
691 2620 932 2675 Humilia
989 2616 1059 2672 8‘5
1119 2614 1175 2666 in
1231 2625 1292 2665 nt
1338 2605 1679 2663 Matutinum.
1745 2598 1958 2668 Incipit,
2016 2596 2079 2651 Ol

502 2715 747 2777 ἁεννάως
777 2713 991 2784 ῥέοντες
1020 2702 1280 2775 ποταμοί.

572 2808 627 2864 8.
667 2778 887 2875 ὐμίλία
930 2803 1011 2864 εἰς
1048 2799 1111 2851 τὸ
1141 2796 1181 2849 δ’
1225 2790 1514 2847 Ἐωθινόνο
1554 2786 1696 2842 κατὰ
1735 2784 1950 2841 Δουκᾶν
1990 2778 2083 2847 (ad

504 2915 659 2956 oram
690 2874 818 2965 ne).
845 2891 1083 2948 Humilia
1112 2889 1204 2953 8i,
1232 2888 1288 2939 in
1315 2900 1367 2939 tv
1397 2881 1744 2945 Hatutinum,
1795 2874 2083 2965 secundum

505 2992 727 3047 Lucam.
772 2963 988 3056 Incipit,
1034 2978 1258 3050 Ἐπειδὴ
1305 2976 1435 3048 περὶ
1502 2974 1601 3045 τῆς
1650 2971 1803 3043 ἱερᾶς
1844 2963 2082 3038 Χριστοῦ

517 3078 921 3138 Ἀναστᾶσεως.

580 3172 649 3228 10
730 3166 951 3238 Ὀμιλία
990 3165 1071 3227 εἰς
1110 3161 1170 3215 τὸ
1214 3159 1254 3214 ε’
1310 3155 1562 3213 Ἑωθινόν
1615 3152 1707 3223 (ad
1749 3165 1900 3208 oram
1956 3145 2083 3219 πί).

510 3262 745 3323 Humilia
769 3259 840 3316 85
880 3259 934 3313 in
963 3272 993 3311 ν
1028 3254 1373 3309 Hatutinunt.
1414 3248 1542 3304 Hac
1583 3242 1878 3317 praemissis
1909 3241 2086 3297 Evan-

510 3358 634 3431 gelii
675 3353 900 3412 verbis:
936 3348 1029 3422 Τῷ
1059 3344 1239 3417 καιρῷ
1274 3342 1490 3413 ἐκείνῳ,
1528 3341 1558 3393 ὁ
1605 3338 1812 3409 Πέτρος
1845 3332 2087 3431 ἀναρίτας

510 3425 747 3522 ἱδραμιν
775 3444 868 3500 ἐπὶ
901 3441 997 3495 τοῦ
1040 3437 1310 3511 μνημείου
1352 3434 1482 3507 (leg.
1516 3431 1581 3486 τὸ
1614 3426 1920 3522 μνημεῖον).
1947 3425 2089 3522 inc-i-

512 3517 594 3613 pit
627 3517 655 3597 :7
686 3539 752 3594 Ἡ
781 3533 1063 3606 ζωηφόρος
1092 3528 1187 3584 τοῦ
1226 3526 1435 3599 Κυρίου
1479 3523 1800 3584 ’Δνάστασις
1843 3520 1945 3574 οὐκ
1985 3517 2087 3571 αὑ-

511 3631 669 3686 τόθεν
697 3627 985 3682 δέδεικται.

588 3723 679 3778 11.
729 3720 955 3775 Averso.
1008 3711 1227 3784 Ὅμιλία
1266 3710 1346 3772 εἰς
1394 3706 1453 3759 τὸ
1482 3710 1536 3770 ς’
1587 3699 1839 3757 Ἐωθινδν
1868 3698 1962 3752 καὶ
2009 3699 2089 3760 είς

510 3816 618 3887 τὴν
643 3813 919 3882 σωτήριον
934 3804 1229 3875 Ἀνάληψιν
1261 3802 1350 3869 (ad
1385 3812 1537 3854 oram
1568 3791 1964 3887 ug’).‘Homilia
1996 3787 2087 3887 ὃς,

514 3879 658 3962 ἰαῠνι
687 3879 1010 3959 Matutinum
1043 3909 1090 3951 et
1119 3896 1175 3948 in
1201 3892 1491 3947 salutarent
1524 3884 1909 3941 Ascensionem.
1945 3879 2090 3936 Inci-

516 4000 617 4070 pit,
675 3991 924 4066 Δαμπρὰ
985 3987 1065 4061 τῷ
1121 3987 1238 4040 ὄντι.
1290 3983 1384 4038 καί
1442 3975 1714 4050 παμφαὴς
1748 3974 1830 4045 (in
1881 3972 2089 4026 excusis

519 4087 848 4164 περιφανὴς)
878 4086 913 4156 ἠ
940 4081 1194 4155 παροῦσα
1237 4089 1561 4146 πανήγυρις.

744 4178 971 4251 Ὀμιλία
1006 4179 1087 4239 είς
1132 4172 1194 4229 τὸ
1244 4172 1291 4237 ζ’
1328 4168 1582 4225 Ἐωθινόν
1625 4165 1714 4237 (ad
1756 4179 1908 4222 oram
1952 4161 2089 4232 σις’).

524 4275 760 4333 Humilia
787 4272 878 4339 87,
900 4271 956 4325 in
975 4283 1057 4324 vtt
1083 4267 1424 4320 Matutinum.
1448 4258 1658 4331 Incipit,
1684 4258 1816 4312 Ὅτε
1833 4254 1934 4328 τὴν
1950 4253 2091 4309 κατὰ

520 4370 622 4441 τῆς
646 4365 922 4438 ἡμετέρας
967 4360 1185 4431 φύσεως
1205 4355 1470 4428 ἀρχῆθεν.

595 4457 723 4514 Haec
750 4453 969 4511 humilia
1020 4452 1128 4506 line
1156 4457 1325 4514 caret,
1349 4446 1657 4515 desinitque
1683 4445 1739 4501 in
1768 4444 1888 4500 haec
1905 4440 2093 4507 verba,

522 4546 745 4623 τὴνιτοῦ
766 4544 943 4615 Λόγου
965 4542 1195 4612 ϐιότητα
1225 4540 1322 4594 καὶ
1344 4537 1526 4607 σῶμα,
1543 4551 1662 4607 quae
1681 4536 1885 4606 optime
1904 4542 2100 4591 coeunt

520 4645 644 4709 his,
684 4641 746 4695 τὸ
804 4638 994 4693 λοιπὸν
1043 4636 1144 4705 τὴν
1193 4631 1612 4701 ἀνθρωπότητα,
1649 4639 1778 4696 etc.,
1830 4644 1861 4683 a
1906 4627 2100 4697 quibus

527 4733 722 4805 incipit
745 4732 935 4788 eadem
969 4725 1191 4783 humilia
1227 4724 1385 4779 initio
1421 4722 1608 4778 mutila
1648 4721 1704 4775 in
1733 4719 1897 4791 hujus
1929 4718 2099 4773 nostri

451 4833 454 4836 ’
527 4825 771 4895 Catalogi
814 4820 1008 4878 Codice
1048 4818 1135 4880 lli.
1185 4814 1531 4884 Theophanis
1559 4811 1808 4868 Ceramei
1854 4808 2103 4866 humilius

527 4917 939 4986 complectente,
986 4911 1080 4968 fol.
1130 4907 1258 4972 212,
1305 4906 1411 4961 cui.
1453 4906 1503 4960 l.
1558 4903 1709 4971 Quod
1759 4902 1914 4970 plane
1955 4916 2103 4956 com-

531 5008 788 5077 probatur
820 5004 1058 5072 ejusdem
1090 4997 1437 5069 Theophanis
1466 4996 1702 5053 editione
1745 5010 1777 5049 a
1808 4993 1869 5048 P.
1903 4991 2102 5048 Scorso

528 5098 694 5161 facta,
729 5095 820 5150 ubi
851 5109 974 5163 pag.
998 5092 1127 5157 245,
1154 5090 1301 5145 circa
1342 5087 1600 5154 medium,
1629 5087 1786 5141 allata
1818 5084 1978 5140 modo
2001 5086 2104 5140 ito-

531 5185 696 5242 miiite
729 5185 897 5238 verba
928 5181 1220 5251 conjuncta
1249 5179 1617 5251 perleguntur.

606 5277 696 5333 17.
725 5275 844 5332 Col.
871 5276 894 5330 1
930 5274 1151 5328 ineunte
1174 5270 1408 5327 occurrit
1436 5271 1773 5326 continuatio
1794 5271 2028 5325 homilia:
2047 5271 2102 5336 8,

530 5368 662 5439 napi.
699 5365 819 5432 τοῦ,
838 5366 1071 5436 Ἔχοντα
1101 5363 1192 5417 τὸν
1213 5362 1475 5431 λεγεῶνα,
1514 5378 1705 5431 nempe
1740 5363 1791 5417 in
1819 5364 1970 5427 illud,
1995 5362 2109 5416 Ha-

531 5459 732 5514 bentem
779 5458 1058 5528 legionem,
1102 5468 1263 5524 quam
1315 5454 1368 5508 in
1421 5464 1721 5510 memorato
1774 5454 1961 5510 codice
2017 5457 2102 5518 16,

534 5552 629 5605 fol.
660 5554 725 5608 17
755 5567 964 5615 averso,
998 5550 1101 5606 col.
1138 5549 1190 5616 i,
1239 5548 1394 5603 initio
1436 5549 1655 5619 quidem
1695 5550 1978 5621 integram,
2011 5555 2105 5606 sed

530 5643 675 5697 serie
714 5657 809 5697 sua
844 5644 1182 5706 destitutam,
1214 5649 1376 5709 atque
1414 5639 1466 5694 in
1510 5640 1625 5696 hac
1655 5641 2014 5708 desinentem,
2045 5644 2107 5698 τὸ

532 5734 589 5795 δὲ
632 5735 727 5788 δύο
766 5735 889 5798 τοὺς
933 5734 1091 5789 δαί...
1137 5748 1257 5803 qua:
1303 5731 1528 5789 miriiicc
1576 5734 1988 5790 committuntur
2026 5738 2107 5793 his

2172 1314 2372 1380 verbis,
2411 1312 2694 1384 μονῶντας
2755 1312 2931 1365 εἰπεῖν
2980 1310 3070 1364 τὸν
3108 1309 3408 1374 Ματθαῖον,
3437 1321 3567 1379 etc.,
3606 1312 3757 1368 unde

2170 1406 2359 1461 eadem
2398 1405 2678 1460 exorditur
2716 1401 3075 1466 continuatio,
3130 1410 3190 1456 ut
3237 1402 3440 1472 liquido
3481 1412 3630 1471 patet
3677 1419 3754 1457 ex

2170 1498 2401 1553 laudatae
2460 1496 2716 1552 editionis
2762 1509 2882 1565 pag.
2939 1494 3031 1559 53,
3076 1495 3126 1549 in
3159 1493 3312 1562 cujus
3364 1494 3468 1549 line
3516 1494 3757 1551 adducta

2175 1589 2335 1642 verba
2366 1587 2623 1658 contigua
2648 1590 2911 1657 reperias.

2245 1680 2334 1735 18.
2371 1679 2594 1734 Averso.
2636 1678 2864 1749 Ὀμιλία
2892 1679 2971 1741 είς
2997 1677 3058 1731 τὸ
3091 1677 3236 1733 κατὰ
3283 1677 3540 1749 Ἰωάννην
3568 1680 3760 1749 Εὐαγ-

2173 1772 2381 1842 γελίου,
2443 1792 2461 1826 ι
2521 1772 2782 1843 Εἱστήκει
2814 1773 2860 1825 δ
2916 1772 3190 1840 Ἰωάννης,
3230 1790 3249 1824 ι
3290 1770 3386 1825 καὶ
3413 1771 3494 1835 είς
3525 1774 3586 1825 τό
3609 1772 3759 1844 (sic).

2188 1854 2409 1935 Ἐλέχοη
2441 1866 2498 1918 ἐν
2524 1863 2598 1934 τῷ
2632 1867 2756 1934 (leg.
2789 1863 2880 1934 τῇ)
2904 1864 3121 1935 πατρίδι
3144 1863 3310 1917 αὑτοῦ
3335 1864 3391 1917 ὲν
3413 1863 3493 1933 τῷ
3513 1863 3628 1935 ναῷ
3657 1863 3759 1918 τοῦ

2175 1957 2477 2013 ἀποστόλου
2524 1956 2774 2027 Ἀνδρέου
2815 1961 2903 2024 (ad
2942 1971 3096 2013 oram
3130 1956 3247 2025 λόγ.
3281 1954 3375 2027 η’).
3430 1956 3665 2012 Humilia
3697 1958 3760 2025 8,

2176 2053 2232 2107 in
2285 2053 2421 2106 illud
2477 2050 2750 2121 Evangelii
2790 2052 3072 2105 secundum
3121 2051 3384 2105 Joannem
3427 2066 3446 2106 :
3494 2069 3513 2103 ι
3566 2050 3759 2107 Stabat

2176 2140 2464 2204 Joannes,»
2488 2148 2537 2192 et
2577 2140 2631 2193 in
2657 2138 2792 2193 illud
2815 2156 2835 2195 :
2875 2159 2893 2192 ι
2925 2139 3079 2194 Dicla
3105 2151 3177 2194 est
3213 2141 3266 2194 in
3298 2142 3464 2210 ipsius
3492 2142 3667 2213 patria
3698 2146 3756 2197 in

2181 2231 2369 2300 templo
2399 2231 2621 2301 apostoli
2651 2231 2897 2287 Andreaz.
2932 2231 3146 2303 Incipit,
3176 2232 3330 2302 Ἐμοὶ
3353 2235 3454 2303 τῆς
3472 2234 3759 2306 παρούσης

2180 2324 2372 2392 ἑορτῆς
2402 2325 2436 2393 ή
2463 2324 2718 2390 διάλεξις.

2251 2417 2341 2470 21.
2385 2417 2604 2486 Ὁμιλία
2635 2418 2767 2487 περὶ
2800 2420 2902 2487 τῆς
2928 2418 3315 2492 Αίμορρούσης
3344 2422 3435 2476 καὶ
3455 2423 3554 2493 τῆς
3579 2424 3754 2491 θυγα-

2184 2508 2311 2581 τρὸς
2337 2508 2432 2563 τοῦ
2458 2509 2937 2581 ἀρχισυναγώγου.
2961 2510 3187 2583 Ἐλέχθη
3222 2516 3282 2567 ὲν
3320 2515 3398 2585 τῷ
3427 2515 3639 2585 ἄμϐωνι
3661 2517 3754 2581 (ad

2184 2615 2336 2656 oram
2387 2600 2502 2670 λόγ.
2556 2601 2633 2672 ι’).
2687 2601 2926 2658 Humilia
2976 2604 3066 2669 10,
3114 2600 3182 2661 de
3238 2605 3660 2661 meorrlwissa
3704 2617 3760 2658 ct

2183 2693 2588 2764 arcliisynagugi
2642 2694 2782 2762 ﬁlia.
2837 2695 2993 2751 Dicta
3043 2709 3118 2752 est
3152 2700 3207 2753 in
3246 2700 3487 2753 ambone.
3545 2698 3759 2767 Incipit,

2184 2783 2394 2852 Διπλῆν
2442 2785 2576 2854 ἡμῖν
2611 2786 2855 2856 σήμερον
2889 2787 3217 2859 ἀφηγήσατο
3249 2789 3564 2862 Θαυμᾶτων.

2254 2875 2346 2929 25.
2374 2877 2600 2931 Averso.
2649 2877 2865 2948 Ὀμιλία
2893 2881 2973 2942 είς
2995 2880 3088 2933 τὸν
3129 2881 3387 2938 πλούσιον
3417 2882 3514 2936 καὶ
3546 2882 3626 2945 είς
3664 2881 3764 2936 at:

2186 2966 2442 3039 Λάζαρον
2468 2970 2559 3037 (ad
2597 2983 2748 3024 oram
2798 2968 2912 3038 ta’).
2956 2970 3200 3026 Humilia
3235 2973 3323 3039 11,
3362 2974 3416 3029 in
3461 2975 3667 3028 divitem
3707 2983 3766 3028 et

2186 3056 2472 3115 Lazarum.
2524 3060 2739 3130 Incipit,
2790 3062 2962 3117 Πάλιν
2995 3064 3028 3135 ὴ
3067 3063 3162 3119 τοῦ
3213 3064 3350 3119 Θεοῦ
3394 3065 3765 3129 ἐνυπόστατος

2189 3151 2353 3221 σοφία
2384 3153 2477 3207 καὶ
2504 3151 2757 3223 δύναμις.

2260 3242 2350 3297 26.
2395 3244 2617 3298 Averso.
2667 3242 2886 3313 Ὀμιλία
2919 3244 3050 3315 περὶ
3082 3244 3178 3299 τοῦ
3215 3245 3577 3317 ἀρχιτελὼνου
3611 3249 3769 3303 Ζακ-

2190 3335 2344 3409 χαίου
2368 3336 2456 3407 (ad
2483 3351 2634 3407 oram
2661 3335 2781 3404 λόγ.
2817 3334 2906 3409 ιβ’)
2935 3336 3180 3392 Humilia
3207 3338 3300 3406 12,
3332 3340 3397 3394 de
3422 3338 3642 3394 Zarhaeo
3658 3358 3769 3407 pu-

2193 3429 2518 3483 blicanorum
2546 3429 2798 3498 principe.
2846 3427 3185 3501 Ineipit'Tij;
3239 3431 3514 3502 μυστικῆς
3541 3433 3769 3505 ἐκείνης

2191 3521 2287 3575 καὶ
2320 3519 2471 3584 θείας
2498 3519 2785 3590 κλίμακος.

2259 3613 2349 3667 29.
2394 3613 2614 3684 Ὀμιλία
2646 3615 2776 3685 περὶ
2813 3614 2908 3668 τοῦ
2937 3615 3185 3669 Τελώνου
3216 3617 3312 3672 καὶ
3344 3618 3439 3673 τοῦ
3468 3619 3770 3689 Φαρισαίου

2195 3702 2282 3778 (ad
2308 3718 2457 3775 oram
2481 3705 2594 3775 ιγ’).
2619 3705 2666 3759 Η
2675 3707 2854 3760 omilia
2881 3706 2971 3772 15,
2996 3708 3059 3770 de
3079 3707 3371 3765 Publicano
3392 3720 3441 3764 et
3464 3700 3766 3766 Pharium.

2194 3795 2425 3866 Incipit:
2466 3797 2637 3851 Πάλιν
2666 3799 2797 3869 ἡμῖν
2836 3801 2870 3869 η
2917 3799 3251 3873 εὐαγγελικὴ
3288 3803 3443 3874 φωνὴ
3487 3794 3623 3875 πρὸς
3668 3805 3772 3876 τὴν

2198 3888 2471 3960 πατρικὴν
2493 3891 2640 3961 ἡμᾶς
2669 3892 2947 3959 ἀνάγουσα
2973 3893 3239 3961 κλίμακα.

2267 3980 2357 4035 52.
2390 3982 2617 4037 Averso.
2663 3983 2878 4053 Ὀμιλία
2913 3985 3043 4055 περὶ
3090 3986 3186 4038 τοῦ
3239 3985 3500 4044 Ἀσώτου.
3545 3989 3773 4063 Ἐλέχθη

2197 4074 2278 4137 είς
2300 4070 2346 4125 τ’
2376 4072 2514 4143 (sic).
2549 4073 2652 4146 (Ad
2682 4090 2831 4130 oram
2869 4075 2975 4146 ιδ’.)
3025 4075 3262 4131 Humilia
3302 4077 3391 4142 14,
3423 4078 3489 4132 de
3515 4082 3774 4150 Prodigo.

2199 4164 2359 4220 Dicta
2380 4166 2435 4219 in
2461 4166 2616 4221 illud.
2656 4165 2890 4238 Incipit:
2926 4169 3200 4240 Ἐφθασεν
3233 4173 3262 4243 ἡ
3301 4172 3634 4246 εὐαγγελικη
3679 4194 3775 4247 φιο

2196 4258 2443 4328 λοσοφία.
3072 4260 3079 4265 ’

2276 4351 2402 4408 Ilaec
2415 4353 2633 4409 humilia
2657 4354 2893 4409 maxima
2911 4355 2992 4410 sui
3012 4366 3166 4426 parte
3184 4358 3382 4425 deﬁcit,
3398 4361 3698 4434 desinitque
3720 4363 3776 4421 in

2201 4445 2345 4501 hanc
2370 4459 2557 4501 vocem
2602 4445 2969 4517 ἐσχημάτισαι
2997 4449 3119 4519 (leg.
3154 4451 3537 4526 ἐσχημάτισε).
3561 4455 3770 4511 Caetera

2202 4537 2257 4592 in
2279 4552 2441 4607 supra
2470 4538 2688 4593 laudato
2722 4540 2908 4595 codice
2946 4541 3034 4607 16,
3067 4541 3160 4596 fol.
3198 4544 3286 4608 18,
3326 4542 3641 4615 sequuntur,
3679 4547 3772 4602 ubi

2200 4633 2389 4686 eadem
2418 4634 2601 4685 exstat
2625 4632 2842 4686 humilia
2876 4647 3071 4701 expers
3091 4634 3254 4699 initii,
3297 4638 3364 4691 ab
3394 4638 3478 4692 his
3506 4638 3769 4705 incipiens

2201 4724 2384 4778 verbis
2418 4738 2434 4777 :
2474 4722 2613 4775 Ποτὲ
2671 4721 2772 4792 μὲν
2808 4723 3083 4796 δραχμήν,
3125 4737 3253 4803 εις..
3298 4734 3417 4797 qua:
3465 4742 3584 4781 cum
3634 4718 3769 4784 voce

2202 4816 2571 4888 tsxnpastcat
2602 4815 2877 4885 aptissime
2906 4820 3247 4889 copulantur.

2272 4908 2475 4966 Omnes
2520 4922 2682 4979 porro
2730 4911 2963 4967 humilia:
3012 4913 3116 4968 hoc
3162 4915 3215 4967 in
3266 4914 3452 4969 codice
3503 4926 3775 4971 contentae

2205 5003 2509 5074 Philagalhi
2532 5013 2655 5059 sunt
2678 5002 3011 5072 Philosophi,
3041 5007 3153 5058 sive
3187 5003 3511 5071 Theophanis
3536 4996 3776 5063 σει-ἀνηρὶ

2205 5097 2600 5164 archiepiscopi
2656 5096 3106 5161 Tauromenitani,
3154 5114 3291 5169 quas
3313 5113 3434 5152 cum
3479 5101 3598 5153 aliis
3633 5102 3777 5169 (κίεις-

2207 5188 2326 5241 dem
2373 5189 2618 5255 plurimis
2661 5187 2987 5243 Franciscus
3032 5189 3264 5244 Scorsus
3312 5190 3370 5245 S.
3415 5188 3463 5245 Ι.
3497 5191 3681 5246 Graece
3723 5198 3778 5248 et

2206 5278 2400 5333 Latine
2432 5279 2824 5334 Parisiensibus
2868 5281 3008 5349 typis
3041 5281 3209 5336 edidit
3250 5298 3393 5338 anno
3427 5282 3587 5338 1611.
3625 5282 3776 5337 Βρεῖὲ

2206 5370 2465 5424 derantur
2522 5378 2700 5422 autem
2750 5384 2945 5426 omnes
3000 5372 3243 5442 integrze,
3293 5375 3601 5429 mmilarum
3655 5389 3782 5431 vero

2209 5461 2506 5526 fragmenta
2537 5462 2880 5530 reperiuntur
2911 5464 2963 5518 in
2989 5464 3153 5533 lmj'us
3178 5464 3423 5537 Catalogi
3458 5469 3644 5523 codice
3694 5468 3783 5532 16,

2208 5552 2300 5622 qui
2348 5566 2413 5605 ex
2469 5552 2708 5619 ejusdem
2770 5552 3078 5625 Philagatlii
3143 5557 3378 5613 homiliis
3426 5574 3593 5628 prope
3644 5569 3787 5615 totus

2209 5652 2439 5700 constat.
2478 5643 2687 5700 Adsunt
2722 5648 2789 5701 ibi
2826 5649 3045 5718 quidem
3072 5650 3304 5703 ltontilim
3336 5652 3386 5705 in
3416 5668 3462 5705 tv
3493 5655 3789 5718 posteriora

2216 5738 2505 5804 Malmina,
2568 5754 2673 5795 una
2712 5755 2835 5797 cum
2880 5741 3184 5812 fragmento
3218 5740 3275 5795 in
3326 5741 3643 5810 septimum;
3696 5748 3796 5810 sed
