4062 6214
297 359 370 423 49
1335 364 1740 427 FRANCISCI
1780 365 2048 428 SCORSI
2085 366 2508 428 PRIEFATIO.
3495 369 3573 432 50
3596 380 3599 387 ’

299 470 426 525 inde
482 482 675 523 rursus
718 468 919 523 absunt
967 470 1201 527 bomilim
1248 471 1300 527 in
1351 490 1404 527 vt
1469 472 1664 529 Priora
1694 514 1711 541 ,
1764 490 1887 530 cum

304 559 605 630 fragmento
643 559 882 614 homilim
918 560 969 614 in
1013 564 1327 630 septimum,
1361 580 1497 633 quas
1537 566 1627 622 hic
1662 569 1886 624 omnino

312 652 568 711 invenias,
601 659 769 719 atque
810 667 918 705 uno
958 654 1123 708 verbo
1166 662 1374 709 cteterze
1412 658 1650 712 humilia:
1698 660 1882 724 varim,

216 750 241 768 ‘
312 755 596 808 earumque
630 739 960 810 iragntenta,
991 759 1111 812 qua:
1143 744 1229 798 hic
1252 751 1620 804 comineutur.
1652 751 1719 802 At
1743 754 1885 808 unde

311 838 527 882 mutuus
564 831 853 899 utriusque
908 834 1112 888 codicis
1163 835 1437 891 delectus?
1484 838 1581 893 llic
1624 841 1882 895 nimirum

304 921 469 975 codex
516 923 586 976 53
637 924 919 978 memorati
971 926 1179 982 codicis
1225 929 1291 983 l6
1322 945 1445 995 pars
1484 942 1598 998 est;
1652 933 1724 986 ita
1763 947 1884 987 esse

298 1014 438 1068 nihil
470 1016 743 1084 apertius,
787 1016 921 1070 nihil
977 1017 1339 1076 manifestius.
1373 1021 1516 1077 Idem
1549 1025 1693 1080 enim
1744 1025 1883 1079 utri-

297 1121 402 1175 que
447 1108 665 1173 modus,
716 1108 906 1161 eadem
949 1115 1282 1167 membrana:
1329 1116 1631 1179 crassities,
1683 1118 1886 1186 pariter

297 1200 517 1254 fumosa
562 1199 766 1265 iacies;
801 1202 989 1255 eadem
1027 1217 1238 1266 manus,
1267 1207 1458 1260 eadem
1488 1208 1723 1278 denique
1747 1209 1884 1264 scri-

298 1305 462 1362 ptura
530 1293 926 1349 vetustioribus
988 1293 1184 1350 litteris
1243 1299 1420 1353 erasis
1477 1301 1881 1367 superimlucta.

297 1384 454 1438 Adde
494 1382 846 1438 bomiliarum
901 1395 1085 1440 mutua
1142 1387 1535 1456 supplementa,
1596 1392 1734 1446 adde
1773 1388 1885 1446 fra-

296 1486 645 1547 gmentorum
710 1476 1045 1545 aptissimam
1118 1480 1561 1549 copulationem,
1622 1493 1677 1537 et
1729 1484 1883 1553 quasi

298 1569 719 1622 commissuram
754 1586 769 1623 :
813 1569 970 1632 adeo,
1009 1579 1067 1625 ut
1102 1585 1287 1639 parem
1328 1572 1466 1628 alter
1513 1575 1672 1629 alteri
1713 1576 1883 1631 codex

300 1674 457 1726 opem
501 1666 747 1733 praestet,
783 1660 1093 1731 mutuisque
1134 1662 1388 1718 adhibeat
1422 1665 1738 1721 vulneribus
1775 1683 1884 1720 me-

298 1750 565 1803 dicinam.
592 1750 840 1815 Quonam
881 1761 1058 1805 autem
1096 1755 1261 1808 sortis
1294 1754 1379 1808 vel
1421 1756 1655 1826 ingenio,
1689 1757 1770 1812 vel
1799 1758 1884 1813 di-

294 1841 519 1912 ligentia
554 1840 754 1896 factum
786 1857 908 1898 esse
935 1844 1188 1910 dixerim,
1220 1854 1277 1900 ut
1312 1846 1499 1903 avulsa
1535 1865 1601 1903 ex
1649 1865 1758 1905 uno
1786 1865 1881 1904 vo-

1993 477 2200 532 lumine
2255 477 2380 534 folia
2416 478 2472 532 in
2509 476 2738 534 alterum
2774 478 2897 538 sine
2932 479 3046 536 ullo
3096 479 3423 537 detrimento
3481 481 3578 536 aut

1998 567 2377 623 imminutione
2402 568 2795 625 convenerint?
2818 578 2878 624 ut
2904 570 3161 625 distracta
3191 572 3348 624 unius
3375 585 3572 642 corpo-

1992 658 2067 713 ris
2109 659 2353 713 mcmbra
2406 659 2772 728 coagmentari
2818 661 3111 730 potuerint,
3165 672 3329 731 atque
3374 659 3566 715 iterum

1990 751 2325 807 coalesceret
2362 749 2554 806 Nonne
2598 752 2788 807 ambos
2828 753 3132 821 lmjusmodi
3181 752 3398 807 codices
3445 767 3568 806 cum

1993 845 2098 899 illis
2127 854 2364 898 veterum
2410 853 2711 912 temporqu
2760 844 2954 898 chartis
3000 861 3092 912 per
3117 844 3448 914 alphabetum
3488 845 3572 898 tli-

1992 937 2114 990 visis
2168 935 2364 990 merito
2419 950 2720 1005 compares,
2764 952 2883 1006 qua:
2926 935 3076 1007 prius
3115 937 3334 1001 decisae,
3375 945 3565 1005 postea

1992 1025 2223 1081 admotae
2266 1024 2601 1093 collataque,
2651 1027 2875 1081 omnino
2924 1028 3065 1081 inter
3113 1041 3173 1081 se
3230 1026 3564 1082 cohaerentes

1994 1116 2445 1171 inveniebantur?
2489 1115 2658 1170 Tanta
2692 1117 2921 1172 duorum
2961 1116 3294 1173 voluminum
3338 1129 3568 1172 concor-

1990 1207 2102 1273 dia,
2140 1217 2246 1263 tam
2282 1207 2574 1277 singularis
2607 1208 2978 1280 miriﬁcusque
3002 1223 3322 1266 consensus.

2059 1298 2286 1365 Quando
2322 1313 2454 1353 vero
2496 1297 2732 1354 insolens
2766 1298 3077 1369 huiusmodi
3116 1299 3328 1355 avulsio
3369 1308 3425 1353 et
3457 1298 3569 1352 dis-

1990 1389 2185 1444 tractio
2239 1389 2546 1459 contigerit,
2603 1390 2727 1460 quis
2794 1405 2925 1446 vere
2977 1389 3260 1445 alIirmet?
3305 1388 3465 1444 Certe
3509 1387 3564 1441 in

1991 1483 2336 1538 bomiliarum
2361 1481 2542 1537 indice
2566 1481 2747 1537 saeculi
2776 1498 2845 1537 xv
2880 1497 3042 1536 manu
3080 1490 3327 1547 exarata,
3351 1480 3441 1550 qui
3476 1494 3567 1534 su-

1989 1589 2089 1645 pra
2137 1574 2284 1628 dicto
2336 1572 2509 1628 codici
2563 1572 2630 1627 l6
2674 1573 3043 1642 praemittitur,
3100 1572 3300 1626 eaedem
3336 1584 3563 1641 prorsus

1992 1663 2228 1720 bomilia:
2277 1674 2667 1728 memorantur,
2714 1678 2850 1733 quas
2880 1662 2968 1719 hic
3011 1661 3152 1719 forte
3189 1661 3401 1716 fortuna
3438 1674 3566 1714 con-

1990 1758 2126 1812 tinet
2148 1754 2321 1810 codex
2351 1771 2366 1808 :
2396 1755 2632 1810 maximo
2651 1769 2785 1811 sane
2814 1762 3153 1825 argumento,
3193 1768 3297 1808 non
3325 1752 3459 1808 adeo
3478 1766 3564 1806 re-

1991 1857 2201 1904 ceutem
2230 1861 2353 1905 esse
2384 1847 2550 1903 talem
2581 1847 2915 1905 avulsionem
2947 1846 3485 1916 distractionemque.

304 2063 3523 2095 W

963 2259 2021 2497 ’l‘llll0PlllNlS
2173 2264 2925 2496 Cllllllllll

1542 2663 1550 2669 ’
1618 2642 2265 2761 HOMlLl/E

289 2922 521 3097 IN
678 2915 1560 3099 E'VANGE
1596 2916 1971 3096 LI’A
2103 2914 3557 3101 DOMINICALIA

1178 3232 1329 3320 ET
1401 3231 1759 3321 FESTA
1832 3228 2273 3322 TOTIUS
2345 3233 2683 3322 ANNI.

764 3571 1297 3636 PRIMORIBUS
1340 3573 1466 3635 ET
1508 3573 1838 3635 POPULO
1884 3573 1981 3634 TA
2000 3569 2624 3635 UROMENITANO
2667 3565 3096 3633 UNIVERSO

1414 3721 1937 3786 FRANCISCUS
1974 3720 2236 3783 SCOBS
2249 3720 2346 3782 US
2378 3720 2447 3780 S.

373 3849 538 3910 Cum
590 3843 793 3906 multa
836 3846 964 3908 sint
1034 3858 1251 3909 vestrae
1316 3850 1595 3911 civitatis
1647 3849 1951 3928 insignia,
2012 3847 2240 3929 quibus
2300 3848 2434 3909 sine
2473 3844 2603 3908 ullo
2656 3846 2985 3926 jactantite
3040 3848 3219 3928 fastu
3285 3840 3565 3924 gloriari

288 3948 502 4022 vobis,
558 3956 615 4009 et
668 3948 837 4008 inter
859 3947 1203 4025 primarius
1241 3949 1478 4012 Sicilia;-
1516 3950 1703 4011 urbes
1732 3951 2137 4030 conspicuum
2174 3948 2390 4012 tollere
2441 3949 2734 4009 verticem
2790 3946 2951 4022 licet,
3042 3941 3564 4009 Tauromenitani

288 4054 487 4127 cives,
555 4052 671 4113 hoc
719 4060 883 4112 certe
934 4051 1121 4114 decus
1180 4073 1257 4114 ea:
1313 4054 1426 4116 hoc
1484 4073 1668 4134 opere
1724 4054 1899 4116 vobis
1957 4071 2314 4133 assurgens,
2373 4052 2541 4131 quod
2603 4061 2662 4114 et
2724 4060 2931 4113 vestro
2988 4052 3240 4114 nomine
3286 4050 3477 4116 simul
3500 4059 3557 4115 et

290 4159 648 4219 aternitati
705 4169 1136 4221 consecratum
1175 4160 1395 4238 prodit
1456 4161 1524 4222 in
1590 4160 1809 4235 lucem,
1872 4170 1927 4222 et
1968 4159 2697 4238 honorificentissimum,
2748 4159 2805 4220 si
2855 4156 3024 4238 quod
3057 4156 3259 4232 aliud,
3326 4168 3385 4220 et
3421 4176 3561 4219 am-

290 4258 661 4338 plissimum
704 4268 818 4320 est.
880 4261 1134 4323 Etenim
1162 4272 1384 4323 cwtera
1412 4281 1780 4344 magnarum
1838 4262 2094 4326 urbium
2118 4262 2345 4323 decora
2388 4271 2444 4323 et
2489 4269 2909 4334 monumenta,
2966 4278 3101 4341 quae
3135 4259 3220 4322 ad
3267 4263 3565 4339 potentia:

294 4359 765 4441 opulenticeque
830 4364 1314 4427 ostentationem
1368 4384 1595 4446 magno.
1638 4363 1954 4427 molimine
2014 4381 2396 4443 operosaque
2450 4380 2640 4424 manu
2696 4359 3085 4439 exaediﬁcata
3143 4369 3317 4437 sunt,
3380 4380 3565 4442 quam

291 4466 433 4526 sint
484 4463 768 4525 obnoxia
819 4462 954 4524 caeli
1009 4483 1081 4525 ac
1127 4473 1559 4544 tempestatum
1606 4467 1890 4546 injuriis,
1922 4474 1978 4528 et
2026 4466 2098 4525 .si
2137 4463 2226 4524 ha:
2276 4464 2501 4536 desint,
2561 4481 2744 4543 quam
2798 4471 3108 4525 vetustate
3157 4463 3299 4542 ipsa
3346 4463 3561 4525 subsi—

292 4563 482 4628 dant,
560 4562 862 4641 fatiscant
933 4569 991 4623 et
1046 4560 1504 4638 dissolvantur,
1557 4583 1666 4624 vos
1719 4564 1843 4643 ipsi
1896 4563 2043 4625 estis
2100 4561 2338 4623 oculati
2405 4571 2615 4623 testes.
2692 4560 2958 4623 Habetis
3040 4570 3264 4623 vestra:
3335 4564 3564 4624 veteris

295 4657 784 4736 amplitudinis,
839 4677 973 4736 qua
1005 4657 1100 4718 vel
1129 4661 1467 4719 Romanam
1518 4661 1717 4737 ipsam
1742 4661 2236 4739 magnitudinem
2279 4657 2562 4720 wmulari
2594 4656 2864 4720 voluisse
2924 4659 3058 4719 visa
3095 4666 3266 4732 sunt,
3297 4659 3567 4737 vestigia

291 4760 506 4821 adhuc
557 4758 694 4819 solo
755 4759 1093 4831 exstantia,
1126 4777 1236 4818 seu
1260 4761 1482 4837 potius
1514 4762 1756 4822 stantia
1794 4760 1996 4822 adhuc
2040 4761 2288 4839 integra
2308 4766 2703 4819 monumenta
2729 4780 2750 4820 :
2800 4777 2946 4819 nam
2988 4776 3099 4818 vos
3130 4759 3328 4835 magis
3379 4775 3567 4838 quam

300 4870 571 4921 cancros
613 4862 892 4939 fortuna:
941 4860 1301 4938 petulantia
1347 4861 1601 4921 videtur
1651 4864 1964 4930 reverita;
2012 4882 2051 4923 α
2093 4861 2271 4923 vobis
2313 4861 2425 4940 jus
2472 4878 2653 4919 suum
2704 4859 3040 4937 avidosque
3103 4855 3313 4916 dentes
3368 4856 3569 4919 absti-

302 4955 523 5017 nuisse
578 4958 942 5027 Saturnus;
1000 4966 1070 5017 ut
1110 4967 1167 5019 et
1223 4958 1281 5017 si
1334 4973 1581 5016 morsus
1636 4956 1951 5035 inﬂixerit
2004 4958 2273 5038 aliquos,
2328 4965 2530 5018 tamen
2577 4956 2785 5017 omnia
2834 4972 2963 5015 non
3007 4950 3325 5033 afﬂixerit
3358 4971 3431 5013 ac
3456 4951 3561 5013 de-

300 5063 556 5122 vorarit
586 5084 607 5126 :
666 5063 1000 5134 theatrum,
1064 5062 1521 5135 naumachiam,
1586 5079 1892 5140 aquarum
1942 5064 2025 5126 ad
2075 5081 2204 5122 eam
2260 5062 2509 5133 ductus,
2560 5069 2613 5122 et
2644 5050 3039 5138 receptacula
3072 5054 3567 5120 substructionis

293 5159 582 5238 antiqua:
634 5170 822 5239 atque
875 5160 1238 5239 magniﬁcae.
1306 5158 1427 5221 Sed
1473 5178 1540 5218 ea
1571 5177 1707 5239 qua:
1758 5169 1980 5238 suapte
2022 5164 2257 5218 natura
2318 5153 2556 5216 caduca
2611 5166 2758 5215 sunt
2799 5153 3043 5233 partim
3100 5155 3353 5217 subruit
3383 5163 3570 5232 atque

294 5263 594 5335 detrivit,
656 5256 728 5322 ut
773 5262 939 5338 dixi,
992 5272 1266 5325 vetustas
1315 5265 1496 5344 ipsa;
1543 5267 1787 5344 partim
1835 5266 2022 5326 etiam
2062 5281 2180 5341 pro
2239 5282 2356 5323 sua
2415 5261 2781 5322 conditione
2854 5258 3107 5340 delapsa
3153 5259 3400 5321 tandem
3439 5274 3562 5335 po-

290 5367 564 5427 steritas
616 5366 1003 5445 ingemiscet.
1062 5368 1308 5428 Cceterce
1367 5369 1550 5431 etiam
1611 5378 1831 5431 vestra:
1903 5368 2180 5430 civitatis
2234 5366 2699 5445 pmrogativaz,
2764 5363 3166 5427 conditorum
3237 5360 3566 5434 nobilitas,

287 5464 662 5544 antiquitas
715 5483 854 5524 cum
885 5462 1178 5524 plurimis
1220 5463 1458 5526 Sicilia:
1508 5465 1771 5526 urbibus
1810 5481 2013 5544 prope
2043 5483 2267 5540 cowva,
2324 5464 2605 5538 libertas,
2638 5458 2847 5525 civilis
2876 5459 3372 5533 administratio,
3408 5457 3574 5537 jura

288 5563 606 5622 Romana:
665 5546 949 5636 colonias,
1012 5576 1351 5641 cwteraque
1413 5581 1546 5641 qua:
1602 5582 1641 5622 a
1689 5583 1780 5623 me
1836 5564 1918 5625 ad
1971 5562 2398 5625 suscita-udam
2455 5564 2737 5625 civitatis
2793 5574 3011 5626 vestra:
3042 5561 3316 5642 gloriam
3324 5559 3464 5640 jam
3496 5558 3567 5619 in

288 5658 631 5720 hominum
680 5661 909 5721 animis
965 5677 1123 5738 pene
1176 5663 1548 5722 exstinctam
1603 5663 1670 5724 in
1726 5664 1932 5741 primo
1992 5663 2312 5743 isagogico
2350 5664 2650 5743 praemio
2708 5662 2965 5742 longius
3036 5662 3356 5741 descripta
3394 5666 3569 5732 sunt,

286 5779 668 5840 quanquam
735 5759 968 5824 litteris
1020 5782 1258 5841 semper
1315 5765 1580 5826 victuris
1626 5767 1754 5827 sint
1814 5769 2184 5845 consignata
2216 5787 2236 5836 ;
2295 5775 2497 5830 tamen
2533 5768 2741 5831 nescio
2797 5786 2919 5847 quo
2974 5778 3165 5848 pacto
3240 5766 3577 5829 etiamnum
