4062 6214
459 267 525 333 51
1483 268 1628 328 FBA
1638 267 1884 330 NCISCI
1928 267 2191 329 SCORSI
2237 267 2653 329 PltxiiFATlO.
3646 255 3716 317 52

456 383 878 456 delitescunt;
937 396 992 446 et
1041 386 1099 444 si
1125 384 1331 444 minus
1369 381 1444 443 ab
1479 383 1583 455 iis,
1642 392 1808 447 certe
1852 383 1928 445 ab
1995 385 2315 446 hominum
2370 381 2467 443 vel
2516 381 2805 451 scientia,
2864 377 2960 439 vel
3022 374 3319 437 memoria
3341 370 3710 445 obliterata,

456 490 774 571 multoque
827 491 1027 568 magis
1074 488 1151 550 ab
1210 506 1320 549 ore
1360 505 1435 547 ac
1499 503 1776 547 sermone
1837 491 2152 550 communi
2206 499 2466 559 remota,
2524 495 2579 547 et
2642 486 2699 546 si
2737 482 3141 563 paucissimis
3192 477 3581 558 antiquariis
3649 486 3707 537 et

454 599 829 658 interiorum
880 595 1236 655 litterarum
1294 592 1602 653 studiosis
1653 601 1830 664 nota,
1870 594 2159 654 maximae
2213 603 2375 654 certe
2422 592 2740 653 hominum
2788 588 2963 667 parti
3015 587 3233 663 ignota
3278 592 3451 644 sunt.
3485 581 3712 660 Atque,

456 706 527 757 ut
583 715 702 756 acu
748 697 1023 773 propius
1073 712 1203 754 rem
1284 694 1626 771 attingam,
1685 693 2175 770 quotusquisque
2226 693 2651 770 Theophanem
2700 700 2970 749 vestrum
3025 697 3287 744 veterem
3342 684 3714 752 antistitem,

458 791 1029 872 eloquentissimum
1090 788 1511 863 ecclesiasten,
1588 789 1759 850 omni
1824 788 2265 850 doctrinarum
2315 809 2535 867 genere
2593 790 2897 866 insignem
2944 788 3150 846 virum
3196 802 3387 863 usque
3443 782 3524 843 ad
3586 785 3708 846 ho-

457 893 739 954 diernam
805 894 966 955 diem
1015 891 1115 953 vel
1172 893 1244 953 de
1284 892 1555 963 nomine,
1626 890 1852 951 nedum
1914 891 1987 951 de
2032 893 2197 970 facie
2257 892 2564 951 noverat?
2617 887 2867 951 Claruit
2915 884 3021 946 ille
3077 885 3323 963 quidem
3386 902 3516 944 una
3570 903 3711 945 cum

452 995 663 1055 aureis
717 1004 937 1054 vestrae
992 988 1353 1072 reipublicae
1396 988 1692 1056 sceculis;
1734 992 1841 1051 sed
1887 990 1997 1051 ubi
2052 989 2488 1068 Agarenorum
2520 989 2849 1068 imperium
2878 984 3223 1045 decolorem
3270 981 3528 1043 induxit
3564 993 3716 1043 ceta-

454 1108 596 1174 tem,
656 1117 728 1160 ac
762 1101 1051 1180 ferream,
1117 1096 1380 1157 eamdem
1440 1112 1640 1173 prope
1696 1114 1769 1155 ac
1820 1105 2041 1155 vestrae
2092 1094 2373 1155 civitatis
2433 1092 2619 1153 decus
2674 1093 2997 1171 fortunam
3048 1087 3329 1158 subivit,
3385 1084 3716 1163 eademque

452 1206 647 1263 ruina
710 1218 912 1281 prope
944 1202 1308 1280 funeratum
1366 1198 1496 1280 ejus
1535 1214 1758 1273 nomen
1797 1207 1852 1258 et
1905 1196 2201 1258 obrutum
2248 1203 2358 1256 est.
2438 1195 2889 1260 Verumtamen,
2949 1187 3274 1268 quoniam,
3326 1194 3399 1246 ut
3429 1186 3523 1246 ait
3565 1184 3715 1247 Cal-

455 1300 759 1364 limachus
791 1301 898 1363 ille
939 1303 1281 1370 Romanus,
1332 1299 1661 1378 qumsitum
1692 1297 1942 1375 ingenio
1974 1313 2200 1357 nomen
2254 1294 2330 1355 ab
2384 1312 2509 1355 amo
2540 1311 2670 1353 non
2703 1291 2973 1364 excidet,

850 1405 933 1463 Et
973 1421 1109 1463 eum
1139 1415 1459 1463 consumat
1496 1400 1789 1478 lapidem,
1821 1404 2183 1481 ferrumque
2208 1409 2512 1470 vetustas,

452 1506 695 1586 scripta
744 1516 946 1565 tamen
984 1524 1182 1565 annos
1241 1505 1555 1574 evincunt,

1093 1601 1360 1681 Solaque
1384 1621 1510 1662 non
1545 1614 1783 1665 norunt
1830 1605 1955 1665 ha’c
1985 1610 2381 1663 monumenta
2413 1604 2598 1674 mori,

450 1708 808 1784 perfugium
854 1714 1078 1766 nactus
1138 1716 1251 1778 est,
1309 1704 1420 1765 ubi
1469 1705 1711 1766 diutius
1768 1706 2000 1765 durare
2044 1714 2099 1764 et
2162 1706 2366 1766 vivere
2407 1715 2613 1784 posset
2652 1703 3048 1781 Theophanes
3108 1708 3310 1763 vester
3381 1698 3712 1763 Cerameus

455 1812 522 1871 in
590 1808 1113 1872 bibliothecarum
1177 1808 1428 1885 asylis:
1490 1809 1558 1868 in
1620 1808 1846 1887 quibus
1907 1826 2044 1868 cum
2099 1808 2182 1869 ad
2243 1809 2405 1869 hunc
2431 1809 2591 1869 diem
2637 1807 2969 1868 abstrusus
3032 1806 3262 1883 fuerit,
3324 1821 3399 1865 en
3461 1803 3713 1865 tandem

451 1912 685 1989 aspicit
746 1909 962 1983 lucem,
1018 1920 1073 1970 et
1112 1911 1178 1972 in
1232 1929 1346 1972 ora
1384 1910 1700 1971 hominum
1742 1907 2116 1989 linguasque
2152 1909 2519 1970 traducitur
2546 1928 2567 1967 :
2611 1926 2749 1968 cum
2795 1925 2917 1987 quo
2956 1906 3231 1986 equidem
3262 1906 3470 1966 omnia
3499 1914 3712 1966 vestra

451 2008 643 2071 simul
701 2010 949 2083 decora,
994 2028 1127 2090 qua:
1160 2012 1297 2090 jam
1348 2017 1658 2069 vetustate
1716 2007 2124 2069 inobscurata
2165 2018 2219 2069 et
2290 2007 2602 2070 oblivione
2655 2025 2855 2086 prope
2914 2005 3112 2068 deleta
3154 2008 3436 2087 fuerant,
3472 2005 3709 2068 revivi-

451 2128 623 2171 scere
673 2094 830 2173 mihi
876 2112 1222 2180 videntur;
1280 2130 1411 2171 non
1447 2108 1649 2171 solum
1711 2110 1858 2187 quia
1902 2110 1971 2170 in
2026 2110 2214 2190 hujus
2273 2109 2480 2187 operis
2528 2109 2844 2186 prooemiis
2896 2106 3234 2187 isagogicis
3272 2123 3339 2165 ea
3374 2103 3470 2164 vel
3494 2104 3571 2165 ab
3615 2103 3713 2164 ul-

456 2206 612 2269 tima
649 2212 1027 2290 antiquitate
1083 2212 1354 2287 repetita
1403 2208 1499 2270 vel
1541 2213 1603 2269 in
1642 2211 1995 2269 memoriam
2025 2211 2337 2270 hominum
2372 2227 2665 2270 revocare
2695 2209 2789 2270 vel
2820 2209 2884 2270 in
2927 2207 3347 2287 cognitionem
3375 2205 3705 2273 adducere,

453 2313 586 2368 tum
641 2308 735 2367 rei
789 2309 994 2386 ipsius
1057 2309 1368 2386 dignitate
1424 2317 1773 2386 permotus.
1838 2318 1969 2369 tum
2025 2319 2233 2368 vestro
2292 2310 2504 2369 studio
2548 2309 2801 2369 omnino
2859 2310 3217 2386 compulsus
3257 2306 3557 2373 institui;
3602 2304 3713 2365 sed

454 2410 637 2470 etiam
661 2411 811 2489 quia
842 2429 981 2471 cum
1026 2410 1417 2488 Theophanis
1439 2410 1904 2487 archiepiscopi
1941 2418 1994 2469 et
2032 2410 2369 2488 scriptoris
2418 2409 2827 2472 ecclesiastici
2865 2428 3082 2470 nomen
3102 2428 3231 2470 non
3254 2409 3430 2470 modo
3463 2410 3702 2470 littera—

454 2504 687 2580 torum,
739 2510 848 2571 sed
901 2512 1089 2571 etiam
1130 2528 1453 2571 sacrorum
1505 2521 1829 2571 oratorum
1889 2511 1955 2569 in
1998 2528 2106 2570 ore
2146 2510 2527 2584 versabitur,
2596 2530 2734 2572 cum
2785 2512 3095 2590 referetur
3139 2512 3208 2571 in
3236 2511 3697 2582 commentaria,

451 2630 590 2672 cum
631 2611 952 2673 resonabit
984 2613 1051 2671 in
1073 2610 1317 2689 templis
1342 2610 1844 2691 populorumque
1871 2612 2508 2688 concionibus,simul
2535 2613 2719 2673 etiam
2749 2613 3145 2674 Tauromenii
3165 2611 3374 2692 gloria
3403 2611 3703 2691 decusque

450 2712 794 2772 resonabit.
856 2711 1065 2786 Quare
1119 2715 1385 2788 vigescet
1445 2712 1569 2773 ham
1618 2713 2004 2790 Theophanis
2047 2712 2260 2781 vestri,
2297 2729 2542 2790 unaque
2575 2713 3095 2773 Tauromenitani
3127 2712 3400 2772 nominis
3450 2709 3706 2790 gloria;

452 2822 505 2873 et
562 2811 849 2890 florescet
902 2810 1186 2889 quotidie
1236 2814 1475 2888 magis:
1536 2820 1591 2871 et
1635 2820 1936 2889 quantum
1982 2810 2207 2869 vestris
2243 2812 2622 2890 manufactis
2659 2810 2953 2889 operibus
3008 2811 3383 2889 decerptura
3438 2819 3529 2872 est
3583 2814 3702 2873 (cvi

452 2914 908 2994 longinquitas,
936 2922 1178 2975 tantum
1223 2922 1611 2992 arrogatura
1659 2913 1975 2975 laudibus.
2029 2915 2141 2975 Est
2194 2915 2354 2975 enim
2408 2916 2524 2977 hoc
2548 2932 2746 2974 meum
2788 2926 3270 2987 monumentum,
3332 2917 3503 2995 quod
3531 2936 3569 2976 a
3604 2936 3701 2976 me

452 3031 673 3094 magno
740 3032 878 3074 cum
913 3012 1149 3082 studio,
1208 3015 1277 3074 in
1334 3031 1557 3092 magna
1621 3024 1824 3081 tamen
1864 3016 2161 3093 temporis
2188 3016 2405 3093 inopia
2454 3014 2781 3078 subcisivis
2809 3016 3264 3094 propemodum
3320 3018 3496 3079 horis
3547 3037 3698 3081 con-

451 3114 653 3176 ditum
711 3122 769 3175 et
828 3113 1259 3174 elucubratum
1312 3114 1561 3176 tandem
1615 3117 1917 3177 exsistit:
1949 3124 2060 3188 est,
2096 3116 2370 3196 inquam,
2424 3114 2590 3177 illud
2641 3116 3022 3196 hujusmodi,
3070 3125 3143 3177 ut
3193 3136 3310 3194 pro
3356 3119 3701 3182 immortali

451 3238 567 3280 sua
625 3218 986 3278 conditione
1038 3218 1242 3278 vivere
1282 3219 1485 3297 possit
1546 3221 1842 3281 memoria
1898 3219 2273 3281 saeculorum
2328 3221 2625 3289 omnium,
2680 3221 2844 3298 quod
2894 3221 3235 3299 posteritas
3275 3238 3514 3299 semper
3567 3241 3700 3283 am-

450 3323 805 3405 plectatur,
861 3333 915 3384 et
969 3324 1108 3402 ipsa
1165 3326 1492 3387 intueatur
1547 3326 1892 3387 aeternitas.
1950 3327 2071 3388 Sed
2126 3328 2293 3406 quod
2345 3344 2541 3386 meum
2589 3326 2753 3397 dimi,
2812 3328 2946 3407 jam
3006 3336 3175 3387 muto
3232 3326 3507 3394 dictum;
3551 3329 3626 3388 et'
3663 3349 3704 3388 a

450 3444 540 3488 me
598 3425 777 3506 quasi
822 3428 1117 3505 mancupi
1176 3445 1308 3489 rem
1356 3424 1690 3495 abalieno;
1745 3436 2015 3488 vestrum
2073 3428 2395 3489 volueram
2465 3428 2671 3489 dicere
2717 3429 2830 3489 hoc
2891 3446 3066 3505 opus,
3123 3427 3349 3506 quoda
3402 3445 3495 3488 me
3522 3428 3700 3488 vobis

448 3545 567 3604 pro
618 3527 840 3588 merito
887 3535 1114 3598 vestro,
1164 3547 1236 3588 ac
1267 3527 1475 3587 studio
1524 3528 1592 3588 in
1638 3526 1957 3588 alumnum
1986 3538 2168 3609 atque
2204 3539 2519 3608 pastorem
2560 3530 2808 3605 patriae,
2854 3527 3198 3608 collataque
3247 3529 3316 3588 in
3352 3529 3419 3590 id
3464 3530 3703 3589 exscri-

457 3623 722 3685 bendum
773 3643 891 3686 tere
942 3624 1193 3704 publica
1254 3626 1551 3687 donatum
1616 3646 1687 3688 ac
1757 3628 2109 3689 dedicatum
2158 3627 2323 3691 volo.
2408 3630 2625 3690 Vestro
2685 3628 2848 3688 enim
2919 3630 3363 3707 prcescriptum
3429 3630 3700 3698 nomini,

452 3730 929 3809 patrocinioque
987 3729 1271 3791 devotum
1318 3729 1489 3793 haud
1548 3750 1789 3806 vereor,
1834 3743 1907 3793 ut
1968 3735 2038 3794 in
2075 3753 2191 3795 ora
2220 3753 2553 3815 manusque
2583 3741 2817 3795 vestras
2848 3743 2903 3794 et
2947 3736 3198 3813 gratius
3234 3745 3567 3797 venturum
3616 3737 3703 3796 sit

454 3838 513 3895 st
544 3832 767 3909 tutius,
801 3833 1157 3915 diutiusque
1191 3836 1258 3897 in
1289 3834 1529 3914 pluteis
1594 3835 1916 3897 doctorum
1938 3839 2255 3901 hominum
2293 3848 2709 3899 versaturum.

1236 4042 2153 4051 -————————-———————.—siw.~-~1y-a_ﬂ
2178 4045 2217 4051 -.ο
2252 4046 2471 4052 μ-ιιι--οονο
2526 4046 2609 4051 νμ-κ
2655 4043 2664 4050 σ
2758 4046 2840 4052 ,ν-‹

1960 4044 2153 4051 -ςιορελ-π-
2178 4045 2217 4051 α».
2252 4046 2325 4050 --ι
2346 4046 2471 4052 "HL-
2526 4046 2609 4051 -μ-κ
2655 4043 2664 4050 ·
2758 4046 2953 4053 -v——<——-——o
2976 4046 3284 4059 --o—-‘——-—-
3304 4045 3564 4059 Mica—q—

692 4270 719 4282 -
1395 4198 1943 4287 HUMANIS
2019 4199 2761 4295 LECTORIBUS

566 4394 573 4400 ’
1124 4412 2164 4533 FRANCISCUS
2304 4412 3034 4602 sconsus

1714 4637 2177 4705 SOCIETATIS
2224 4641 2256 4702 J
2266 4640 2433 4704 ESU.

2027 4804 2104 4817 ...φ

536 4934 796 4997 Poetico
829 4949 1004 4996 more
1047 4927 1400 5008 etingenio
1431 4944 1593 4991 usus
1620 4929 1875 4992 videtur
1906 4932 2216 4996 Hebraeus
2252 4942 2426 4997 vates
2457 4942 2595 4997 tum
2623 4950 2791 5013 scepe
2816 4932 2998 5004 alias,
3025 4940 3159 4995 tum
3192 4946 3342 4993 vero
3374 4946 3518 4992 cum
3553 4931 3696 4994 ina-

456 5029 653 5099 nimis
682 5030 874 5091 rebus
916 5028 1195 5090 animam
1227 5023 1559 5103 alhngens,
1593 5027 1818 5088 centum
1848 5044 2144 5091 enarrare
2179 5031 2447 5110 gloriam
2480 5030 2621 5102 Dei,
2652 5037 2713 5091 et
2743 5030 2911 5090 diem
2939 5029 3069 5091 diei
3102 5028 3365 5089 verbum
3393 5034 3686 5091 eructare

455 5123 691 5185 cecinit
723 5128 763 5186 ¹.
798 5125 1106 5202 Perpetua
1131 5119 1375 5182 scilicet
1404 5126 1499 5181 est
1539 5119 1845 5199 nullaque
1892 5133 2256 5203 temporum
2288 5123 2768 5204 intercapedine
2801 5126 3255 5188 obmutescens
3289 5124 3506 5185 divina
3557 5125 3697 5187 laus

455 5237 645 5301 quam
685 5238 892 5281 rerum
927 5226 1279 5281 creatarum
1309 5216 1701 5280 universitas
1741 5220 1871 5281 Deo
1905 5221 1982 5283 Ο.
2017 5222 2103 5284 Μ.
2137 5221 2482 5283 architecto
2512 5239 2634 5284 suo
2659 5220 2954 5299 quamvis
2990 5229 3166 5281 muta
3236 5220 3524 5281 decantat
3563 5236 3578 5278 :
3635 5228 3700 5282 et

455 5335 599 5379 cum
635 5334 709 5381 ea
739 5316 934 5378 unius
967 5313 1437 5393 dieiangustiis
1469 5313 1912 5379 circumscribi
1957 5334 2084 5379 non
2120 5314 2343 5395 possit,
2376 5315 2575 5377 vicem
2612 5333 2815 5389 suam,
2848 5323 2911 5379 et
2965 5317 3141 5377 velut
3200 5316 3486 5394 lampada
3541 5315 3701 5377 alter

457 5413 639 5475 alteri
685 5412 882 5475 tradat
915 5428 1176 5473 necesse
1205 5417 1321 5477 est.
1355 5410 1537 5484 Quod
1571 5411 1626 5471 si
1651 5410 1771 5473 hoc
1797 5415 2131 5476 oraculum
2176 5412 2252 5474 ad
2286 5414 2631 5493 mysticum
2670 5429 2965 5493 sensum,
2995 5429 3188 5490 quem
3229 5413 3437 5483 multi,
3472 5419 3535 5473 et
3583 5429 3700 5489 0p-

457 5509 629 5569 timaa
662 5515 827 5570 notm
860 5507 1403 5583 indicantPatres,
1438 5507 1903 5575 traducendum
1947 5510 2054 5583 sit,
2088 5510 2154 5581 id
2175 5510 2368 5576 etiam
2403 5511 2735 5574 commode
2758 5511 2923 5573 cadit
2951 5510 3014 5570 iu
3042 5525 3182 5570 eam
3236 5509 3351 5572 Dei
3411 5508 3695 5581 laudem,l

528 5647 542 5677 ¹
580 5646 725 5711 Psal.
762 5664 915 5715 xvm,
948 5648 1004 5715 2,
1038 5648 1090 5705 5.
