4062 6214
336 293 399 355 53
1352 290 1753 351 FRANCISCI
1798 289 2061 349 SCORSI
2105 289 2267 348 [’Rzli
2278 289 2515 348 FATIO.
3497 288 3572 352 51»

335 416 514 481 quam
548 399 751 461 sancti
790 399 1087 462 doctores
1122 398 1425 460 Ecclesia:
1458 398 1750 460 doctrina
1780 397 2167 475 scriptisque
2204 397 2601 458 tradiderunt
2634 397 2796 460 suis.
2833 398 3083 461 Etenim
3120 404 3432 478 perpetuo
3457 398 3566 458 illa

335 495 647 559 curriculo
683 496 764 555 ab
796 494 1007 572 ipsius
1039 494 1343 557 Ecclesiae
1371 503 1598 556 exortu
1633 508 1971 571 progressa
1990 500 2050 553 et
2070 501 2406 571 pervagata
2431 502 2563 566 est;
2591 500 2650 555 et
2680 511 2870 573 qualn
2892 501 3275 573 acceperunt
3297 511 3331 556 a
3355 495 3568 574 primo

340 596 591 655 Doctore
620 590 875 653 Christo
902 593 1201 670 apostoli,
1242 609 1377 653 eam
1416 610 1529 671 per
1550 593 1767 652 Patres
1802 589 2093 651 traditam
2131 596 2323 668 atque
2350 590 2789 653 transmissam
2825 608 2952 652 non
2979 591 3340 670 intercepto
3365 609 3562 652 cursu

346 710 632 770 excepere
673 692 911 754 saecula
948 694 1437 772 consequentia.
1474 693 1655 756 Unde
1694 693 1759 754 fit
1807 691 1899 753 uti
1933 708 2058 753 non
2098 692 2285 753 modo
2344 709 2598 772 semper
2656 694 2877 756 eadem
2912 694 3145 774 vigeat,
3187 697 3299 756 sed
3369 695 3563 757 etiam

345 796 632 867 augeatur
671 788 873 867 magis
906 790 1242 869 magisque
1272 791 1869 870 Splendescat,cum
1903 804 2160 866 semper
2194 788 2271 849 ad
2326 789 2685 851 doctrinam
2734 789 3168 867 evangelicam
3230 791 3563 871 esplican-

339 888 462 948 dam
495 884 1129 966 illuminandamque
1157 886 1324 949 alius
1358 888 1547 949 aliam
1604 885 1893 965 praeferat
1922 884 2162 960 facem;
2197 888 2546 965 praesertim
2587 906 2737 951 vero
2772 907 2917 951 cum
2965 888 3184 968 aliqua
3237 888 3568 950 bmreseon

333 988 533 1044 coorta
570 989 941 1061 tempestas,
975 1001 1122 1061 qum
1154 984 1633 1046 eandidissimis
1666 981 1952 1045 veritatis
1982 982 2343 1045 luminibus
2378 984 2637 1048 nebulis
2667 986 2806 1047 suis
2841 985 3174 1064 folﬁceret;
3211 1000 3373 1063 quas
3414 1001 3567 1064 pro-

327 1078 484 1139 fecto
519 1078 684 1138 radii
737 1078 833 1139 illi
868 1078 1156 1141 caelestes
1179 1097 1249 1141 ac
1276 1081 1688 1157 praevalentes
1722 1079 1809 1141 ita
1839 1085 2257 1157 penetrarunt
2286 1088 2480 1159 atque
2511 1084 2986 1159 discusserunt,
3032 1089 3099 1144 ut
3158 1080 3327 1143 nihil
3369 1080 3571 1159 magis

330 1174 735 1235 tenebrarum
784 1174 1085 1252 princeps
1116 1192 1191 1235 ex
1230 1174 1434 1236 offusa
1465 1192 1577 1236 sua
1618 1174 1894 1253 caligine.
1928 1173 2209 1236 lucratus
2235 1175 2341 1249 sit,
2370 1178 2464 1237 uti
2490 1177 2914 1256 'l‘heOphanes
2950 1186 3164 1239 noster
3198 1176 3265 1238 in
3290 1176 3567 1255 quadam

328 1270 583 1332 homilia
613 1273 823 1345 docet,
853 1286 1043 1351 quam
1075 1278 1142 1333 ut
1177 1271 1379 1351 magis
1411 1270 1712 1332 Ecclesiae
1742 1269 2050 1348 splendor
2079 1270 2481 1333 enitesceret.
2513 1273 2599 1333 Ita
2639 1272 2835 1351 igitur
2884 1280 2954 1334 ut
2999 1272 3370 1335 institutum
3435 1287 3573 1333 ora-

328 1368 509 1429 tionis
542 1370 771 1429 orbem
813 1367 1168 1443 conﬁciam,
1191 1367 1328 1429 dies
1367 1368 1732 1446 praecedens
1765 1367 2019 1428 videtur
2044 1370 2274 1429 docere
2301 1377 2716 1447 sequentem;
2748 1369 2920 1449 quod
2986 1368 3177 1432 etiam
3226 1369 3570 1447 Mimogra-

328 1463 621 1542 phusillo
657 1464 982 1526 versiculo
1016 1471 1285 1526 venuste
1318 1464 1633 1544 expressit
1674 1484 1689 1521 :
2531 1524 2557 1548 μ

884 1605 1186 1677 Discrpulus
1204 1616 1286 1661 est
1315 1604 1511 1676 prioris
1546 1606 1814 1676 posterior
1842 1604 1979 1661 dies.

327 1760 539 1835 Neque
576 1773 731 1818 vero
758 1759 877 1819 hoc
906 1758 1117 1821 solum
1149 1759 1228 1821 de
1252 1758 1553 1822 Ecclesiae
1584 1759 1876 1821 Patribus
1914 1760 2155 1822 dictum
2196 1761 2417 1833 velim,
2454 1779 2530 1823 eo
2562 1762 2733 1841 quod
2766 1764 3018 1825 nullum
3070 1761 3205 1824 fere
3257 1763 3563 1824 smculum

323 1853 498 1913 ﬂuxit
530 1852 694 1931 quin
737 1853 1021 1932 aliquem
1058 1855 1421 1932 protulerit,
1453 1854 1648 1934 quiei
1676 1856 1983 1918 doctrinm
2013 1856 2181 1932 luce,
2221 1858 2370 1919 dum
2406 1857 2671 1932 viveret,
2724 1859 3140 1939 praeluceret;
3200 1858 3312 1921 sed
3373 1858 3564 1921 etiam

321 1950 483 2028 quod
516 1965 743 2009 eorum
773 1965 965 2026 opera
992 1949 1193 2011 veluti
1225 1967 1368 2012 cum
1395 1951 1771 2012 earumdem
1807 1951 1931 2013 vita
1961 1952 2273 2031 deposita,
2302 1960 2535 2015 etcum
2573 1954 2984 2034 corporejam
3039 1955 3320 2033 sepulta,
3365 1957 3563 2018 adeo-

321 2061 441 2122 que
468 2051 599 2104 tam
636 2059 867 2123 magna
911 2046 1017 2105 tux
1052 2045 1243 2106 etiam
1274 2046 1701 2108 intermortua
1737 2043 2149 2125 postaliquot
2178 2046 2415 2109 deinde
2447 2048 2757 2111 revixerit
2785 2049 3040 2120 saecula,
3076 2059 3268 2127 atque
3292 2049 3371 2111 ab
3401 2049 3566 2111 obli-

323 2140 530 2202 vionis
575 2142 881 2218 sepulcro
914 2151 1116 2215 eruta,
1158 2143 1226 2205 in
1262 2142 1472 2206 lucem
1500 2145 1787 2205 evenerit
1823 2168 1837 2204 :
1878 2158 2008 2223 quo
2041 2160 2190 2206 casu
2215 2144 2561 2223 plerosque
2597 2149 2695 2207 vel
2733 2145 3001 2223 primos,
3047 2152 3109 2206 et
3139 2152 3428 2223 tempore
3499 2155 3564 2208 et

319 2239 627 2318 dignitate
650 2240 868 2301 Patres
893 2239 1232 2303 defunctos
1265 2257 1407 2302 esse
1442 2241 1757 2301 videmus.
1788 2241 2081 2312 Quantus
2141 2245 2201 2301 et
2254 2257 2447 2319 quam
2493 2241 2867 2304 luculentus
2918 2241 3141 2303 doctor
3199 2241 3571 2320 Dionysius

318 2335 727 2414 AreOpagita,
795 2336 903 2412 qui
961 2336 1267 2398 altissima
1334 2337 1411 2399 de
1467 2336 1708 2399 divinis
1774 2336 2173 2410 nominibus,
2234 2344 2426 2415 atque
2481 2335 2748 2399 omnino
2812 2338 3130 2400 cmlestem
3184 2339 3261 2400 de
3324 2338 3561 2402 caelesti

317 2431 674 2492 hierarchia
701 2431 1086 2510 theologiam
1122 2433 1388 2512 propius
1421 2436 1500 2497 ab
1552 2434 1990 2512 apostolorum
2044 2432 2220 2493 fonte
2288 2432 2584 2497 haustam
2662 2450 2775 2510 per
2835 2432 3033 2494 libros
3090 2449 3246 2495 suos
3314 2434 3380 2495 in
3450 2450 3563 2513 po-

323 2533 534 2588 steros
562 2527 907 2589 derivavit?
936 2530 1012 2590 Et
1043 2537 1250 2591 tamen
1284 2518 1421 2609 ejus
1456 2530 1604 2592 libri
1639 2538 1762 2593 tam
1802 2529 2089 2607 insignes
2119 2536 2456 2590 sexcentos
2496 2545 2694 2606 prepe
2742 2545 2947 2591 annos
2995 2530 3063 2592 in
3124 2532 3377 2592 occulto
3424 2531 3565 2593 fue-

323 2629 506 2696 runt,
539 2640 684 2684 cum
711 2641 890 2686 nemo
917 2632 1064 2687 ante
1096 2626 1229 2687 divi
1262 2626 1557 2705 Gregorii
1596 2634 1880 2704 tempora
1914 2640 2135 2685 eorum
2170 2624 2544 2686 meminisse
2568 2626 2962 2702 reperiatur;
3019 2625 3205 2703 cujus
3257 2626 3353 2686 rei
3421 2642 3551 2687 non

316 2716 511 2777 aliam
563 2717 763 2779 fuisse
811 2737 1067 2782 causam
1118 2723 1371 2784 censuit
1433 2722 1772 2783 eardinalis
1835 2719 2280 2790 Bellarminus,
2343 2735 2534 2797 quam
2591 2720 2761 2798 quod
2825 2719 3063 2782 alicubi
3114 2720 3443 2795 latuerint,
3490 2728 3563 2783 ut

316 2814 522 2877 multa
551 2815 676 2878 alia
702 2834 871 2895 saepe
904 2820 1095 2898 longo
1127 2825 1416 2896 tempore
1446 2820 1856 2881 delitescunt.
1883 2819 1945 2878 S.
1973 2815 2268 2895 Gregorii
2289 2817 2565 2894 Nyssenl
2593 2815 2792 2877 libros
2825 2815 3136 2878 adversus
3163 2815 3557 2878 Eunomium

314 2911 377 2973 S.
414 2912 860 2993 Hieronymus
888 2915 1050 2977 libro
1089 2917 1173 2975 De
1202 2917 1357 2976 ciris
1380 2913 1742 2978 illustribus
1774 2919 2088 2985 recenset,
2124 2928 2368 2989 eosque
2400 2909 2527 2973 sibi
2568 2909 2648 2971 ab
2699 2913 2923 2972 eodem
2981 2912 3295 2987 Gregorio
3355 2912 3553 2974 lectos

314 3015 626 3080 testatur;
655 3010 720 3069 hi
758 3027 909 3072 vero
942 3010 1182 3072 nostris
1212 3010 1387 3071 hisce
1418 3010 1816 3089 temporibus
1845 3026 1991 3071 cum
2027 3016 2113 3070 tot
2142 3017 2288 3069 ante
2315 3007 2568 3069 saeculis
2597 3008 2663 3068 in
2697 3009 2984 3070 tenebris
3006 3008 3384 3087 jacuissent,
3456 3028 3554 3070 as-

313 3120 553 3181 pexere
594 3104 847 3176 lucem;
882 3122 1045 3185 quos
1078 3123 1220 3166 cum
1248 3106 1313 3165 P.
1349 3104 1624 3166 Iacobus
1650 3105 2011 3180 Gretserus,
2046 3108 2124 3166 de
2161 3104 2417 3178 litteris,
2458 3110 2520 3165 et
2544 3104 2717 3183 quod
2764 3111 2860 3166 est
2932 3103 3123 3183 longe
3158 3104 3550 3181 praeclarius,

312 3201 388 3261 de
418 3203 745 3265 Catholica
774 3204 1053 3265 Ecclesia
1077 3206 1315 3283 Optime
1349 3203 1641 3277 meritus,
1676 3220 1761 3263 ex
1789 3201 2085 3265 Bavarica
2107 3198 2501 3260 bibliotheca
2548 3206 2766 3260 erutos
2797 3217 2930 3278 prm
2955 3200 3253 3260 manibus
3297 3199 3556 3262 haberet

313 3300 373 3357 et
410 3298 760 3375 expoliret,
802 3307 868 3359 ut
903 3300 966 3360 in
997 3299 1200 3362 lucem
1232 3298 1707 3377 utilitatemque
1733 3314 2138 3360 communem
2173 3294 2454 3366 elferret,
2490 3295 2961 3373 prmoecupavit
2989 3296 3182 3356 edere
3205 3312 3284 3356 ex
3306 3295 3554 3356 Nicolai

313 3393 582 3455 Gulonii
624 3395 1157 3474 interpretatione
1192 3398 1255 3456 P.
1289 3398 1571 3457 Joannes
1602 3412 1635 3456 a
1665 3397 1724 3456 S.
1752 3395 2114 3463 Francisco,
2151 3387 2502 3451 monachus
2529 3388 2879 3461 Fuliensis,
2939 3389 3316 3468 interpretis
3358 3388 3555 3458 (ilius,

312 3496 704 3569 exstantque
768 3492 962 3553 hodie
1004 3500 1175 3553 tomo
1224 3493 1281 3552 ΙΙ
1324 3493 1611 3571 Operum
1665 3490 1962 3570 Nysseni.
2019 3487 2165 3565 Ejus
2212 3500 2363 3546 vero
2387 3484 2603 3548 fratris
2626 3484 2846 3546 Basilii
2874 3484 3088 3564 Magni
3130 3492 3384 3548 centum
3417 3501 3556 3573 am-

310 3584 478 3663 plius
504 3587 807 3662 epistolas
849 3587 913 3647 in
958 3603 1116 3649 nova
1153 3588 1438 3651 editione
1479 3604 1750 3667 operum
1788 3584 1928 3664 ejus
1959 3582 2175 3644 Graece
2208 3577 2406 3641 simul
2431 3585 2493 3641 et
2522 3579 2743 3641 Latine
2774 3578 2844 3641 in
2873 3579 3078 3641 lucem
3114 3574 3431 3658 prodiere.
3492 3578 3559 3640 S.

313 3681 534 3759 Cyrilli
576 3683 1086 3746 Commentarios
1112 3685 1175 3745 in
1208 3685 1552 3765 prOphetas
1588 3684 1874 3745 minores
1914 3697 2119 3759 nuper
2155 3677 2493 3739 vidimusa
2540 3678 2776 3738 Jacobo
2806 3678 3095 3738 Pontano
3136 3674 3498 3755 publicatos
3538 3701 3553 3738 :

314 3785 374 3837 et
404 3796 482 3840 ne
509 3795 595 3840 ex
619 3779 898 3858 singulis
937 3779 1293 3857 catalogum
1337 3789 1567 3852 texam,
1604 3778 1960 3856 longiorem
2018 3793 2171 3837 sane
2204 3772 2493 3837 futurum
2548 3789 2738 3852 quam
2800 3772 2934 3834 btec
2977 3771 3263 3834 lefatio
3329 3789 3557 3851 capere

315 3876 537 3951 possit,
578 3877 693 3954 qui
728 3885 1092 3937 sanctorum
1128 3882 1413 3938 veterum
1446 3878 1701 3937 Patrum
1737 3872 2089 3940 volumina,
2118 3870 2231 3948 qui
2268 3867 2688 3931 bibliothecas
2741 3876 2986 3930 veteres
3023 3885 3352 3945 novasque
3410 3887 3553 3930 ver-

309 3971 487 4044 sarit,
527 3989 727 4052 quam
757 3973 880 4035 hoc
915 3990 1134 4034 verum
1187 3973 1294 4046 sit,
1330 3974 1501 4053 quod
1548 3973 1651 4034 hic
1715 3968 2139 4051 proponimus
2199 3966 2762 4037 considerandum,
2837 3965 3352 4025 animadvertat:
3407 3980 3550 4025 nam

307 4067 604 4144 pml'ecto
629 4087 701 4129 ea
724 4087 870 4147 qum
899 4069 1181 4131 Coloniae
1206 4071 1374 4132 edita
1404 4077 1495 4132 est
1526 4086 1694 4131 anno
1719 4068 1871 4129 1618
1900 4065 2209 4139 etMagna
2225 4060 2602 4139 appellatur,
2635 4060 2778 4139 plus
2796 4067 3052 4121 centum
3076 4062 3328 4123 Patrum
3357 4075 3555 4139 opus-

311 4163 499 4237 culis,
535 4182 688 4240 quae
724 4175 907 4227 antea
944 4166 1269 4244 incognita
1301 4175 1504 4241 erant,
1544 4176 1723 4227 aucta
1756 4170 1818 4226 et
1843 4158 2224 4237 Iocupletata
2249 4164 2369 4221 est.
2395 4155 2460 4218 ln
2511 4173 2641 4234 quo
2695 4172 2930 4232 genere
2992 4172 3220 4233 magna
3290 4154 3565 4234 quidem

315 4272 527 4334 operte
568 4260 774 4337 pretia
802 4259 1009 4321 facere
1028 4261 1326 4323 homines
1359 4270 1595 4322 nostrae
1625 4255 1983 4329 Societatis,
2029 4262 2090 4313 et
2147 4252 2437 4315 doctrina
2502 4258 2565 4313 et
2628 4251 2960 4312 sanctitate
3021 4249 3384 4329 conspicui,
3424 4248 3554 4328 jam

311 4360 445 4415 tum
478 4356 565 4417 ab
589 4358 726 4434 ipsa
756 4357 1010 4419 condita
1047 4358 1403 4431 Societate;
1436 4356 1675 4435 quibus
1707 4369 1845 4416 eam
1875 4356 2180 4423 mentem,
2214 4364 2455 4427 eosque
2485 4364 2611 4408 non
2641 4345 2982 4420 humanos,
3015 4347 3125 4408 sed
3158 4346 3417 4409 divinos
3443 4347 3565 4406 im-

310 4448 576 4531 misis_se
632 4451 907 4530 spiritus
960 4452 1037 4514 ad
1069 4452 1292 4531 gloria)
1318 4460 1379 4516 et
1414 4451 1715 4515 Ecclesiae
1742 4466 1878 4511 suae
1914 4445 2439 4525 prepagationem
2477 4444 2732 4505 videtur
2755 4445 2954 4518 Deus,
2981 4452 3053 4506 ut
3098 4444 3165 4505 in
3234 4442 3553 4521 pervesti-

313 4525 543 4622 gandis
577 4525 866 4609 veterum
901 4525 1181 4623 Patrum,
1211 4548 1568 4627 praesertim
1603 4563 1756 4608 vero
1788 4546 2183 4613 Graecorum,
2219 4556 2294 4601 ex
2357 4538 2889 4601 bibliothecarum
2949 4536 3209 4617 angulis
3269 4536 3561 4599 latebris-

314 4657 434 4720 que
469 4642 1056 4718 reconditioribus,
1092 4643 1561 4716 monumentis,
1598 4642 1663 4704 in
1698 4643 1914 4720 iisque
1961 4636 2360 4717 illustrandis
2410 4633 2700 4697 Studium
2765 4652 2984 4709 suum,
3047 4634 3555 4713 linguarumque

306 4736 638 4814 peritiam,
665 4755 859 4816 quam
897 4740 1023 4802 sibi
1057 4740 1534 4818 quaesivissent,
1564 4742 1728 4801 bene
1759 4737 2188 4807 collocarent;
2224 4738 2285 4794 et,
2324 4749 2401 4793 ex
2436 4731 2779 4794 blattarum
2821 4748 2965 4794 esca
3000 4731 3433 4792 humanorum
3468 4729 3563 4788 in-

310 4834 659 4910 geniorum
696 4835 953 4910 pabula,
979 4845 1036 4897 et
1066 4836 1368 4899 Ecclesiae
1399 4835 1840 4897 emolumenta
1869 4850 1947 4893 ex
1980 4830 2238 4891 illarum
2273 4828 2762 4895 oblectamentis
2794 4828 3141 4890 eﬂicerent.
3179 4825 3366 4898 Quod
3410 4842 3557 4886 cum

310 4928 415 4989 illi
443 4930 807 4996 studiosius
842 4934 1040 4994 multo
1072 4933 1505 5012 cupidiusque
1535 4931 2082 5009 fecissent.quam
2112 4926 2225 5007 qui
2275 4925 2575 4989 mortales
2636 4926 2902 4988 avaritia
2952 4923 3268 4987 stimulati
3326 4940 3557 4986 aurum

306 5039 395 5086 ex
431 5032 617 5088 terra;
642 5028 826 5090 venis
855 5038 1043 5109 atque
1077 5030 1434 5092 visceribus
1466 5035 1802 5103 eruerant,
1834 5034 1969 5090 tum
2001 5029 2196 5091 etiam
2231 5026 2461 5091 utilius
2491 5045 2562 5090 ac
2593 5024 2944 5089 salutarius
2994 5023 3283 5087 humano
3334 5022 3559 5103 generi

299 5122 480 5198 fuit;
518 5141 666 5186 nam
694 5124 981 5205 profecto
1014 5127 1452 5208 perniciosum
1492 5134 1586 5189 est
1631 5143 1862 5188 aurum

1092 5269 1297 5338 Cogere
1325 5271 1587 5325 humanos
1628 5270 1680 5324 in
1723 5284 1873 5333 usus,

1095 5359 1266 5413 Omne
1301 5374 1517 5413 Sacrum
1543 5359 1785 5427 rapiente
1825 5359 2016 5414 dextra
2057 5373 2069 5414 ;

297 5482 377 5529 eo
403 5472 535 5531 xtra
577 5483 725 5530 vero

1064 5594 1259 5646 Parum
1286 5592 1507 5659 sepulta:
1532 5593 1694 5649 distat
1725 5593 1934 5648 inertia:

1072 5682 1252 5736 Celata
1284 5682 1477 5735 virtus.
