4062 6214
265 280 337 344 σι
1308 288 1711 352 FRANCISCI
1750 291 2016 353 SCORSI
2051 292 2490 354 PRO€EM1UM
2530 291 2578 354 Ι.

272 415 446 454 numn
481 413 547 452 ex
576 397 805 453 alterius
840 398 1062 454 interitu
1098 401 1357 471 nascitur,
1390 405 1685 460 excitatum
1719 421 1874 463 com-

273 491 586 559 periemns.
616 489 696 542 Ac
739 505 931 560 parum
974 490 1062 546 hic
1093 492 1157 547 ad
1197 509 1305 549 rem
1339 498 1577 566 pertinet
1608 508 1874 567 nostram,

275 593 473 638 utrum
502 580 681 636 Naxus
712 597 777 636 eo
810 583 925 637 loco
949 583 1050 638 sita
1078 583 1258 651 fuerit,
1294 590 1380 643 ubi
1420 607 1561 644 nunc
1594 592 1873 647 castellum

283 676 621 744 conspicitur
675 674 821 743 vulgi
879 673 1238 745 appellatione
1291 681 1341 732 lo
1404 680 1589 736 Scliiso
1644 682 1873 748 dictum,

284 766 428 837 quod
461 763 671 819 duobus
701 764 925 817 circiter
962 764 1198 823 millibus
1235 782 1265 821 a
1293 767 1659 826 Tauromenio
1687 772 1874 837 distat,

286 868 344 913 ut
368 856 605 913 Thomas
632 855 883 913 Fazellus
915 860 1142 929 ejusque
1171 861 1392 917 asscclre
1423 874 1773 926 censuerunt,
1803 879 1873 917 an

278 950 563 1018 aliquanto
591 947 823 1019 longius,
852 950 1092 1020 quinque
1119 952 1327 1008 scilicet
1358 954 1683 1009 milliarihus
1714 955 1874 1010 dissi-

274 1049 394 1093 tnm
434 1037 621 1102 fuerit,
653 1040 793 1108 quod
844 1037 1131 1108 Philippus
1179 1039 1486 1107 Cluverius,
1517 1042 1874 1112 diligentissi-

272 1144 400 1185 mus
454 1130 658 1184 veteris
704 1128 902 1183 Siciliae
943 1131 1361 1201 pervestigator,
1407 1132 1633 1197 scribit,
1676 1131 1767 1202 qui
1819 1139 1875 1187 et

278 1220 601 1291 Opinionem
637 1221 937 1290 superioris
982 1223 1266 1291 scriptoris
1296 1240 1360 1280 ex
1397 1223 1680 1280 ltinerario
1708 1227 1876 1278 Anto-

277 1314 391 1367 nini
423 1312 645 1368 refellit.
677 1313 893 1368 Certum
930 1313 1079 1381 illud,
1106 1325 1161 1370 et
1195 1331 1225 1371 a
1259 1317 1498 1385 probatis
1530 1316 1868 1382 auctoribus,

278 1400 574 1465 Strabone,
626 1402 723 1457 lib.
777 1418 852 1469 vt,
909 1402 1164 1471 Diodoro,
1222 1404 1314 1460 lib.
1370 1421 1484 1474 xvr,
1532 1405 1865 1477 Thucydide,

275 1492 377 1545 lib.
409 1507 482 1555 vt,
514 1490 809 1547 Plutarcho
847 1494 898 1548 in
932 1492 1255 1550 Timoleonta
1296 1512 1314 1550 :
1347 1512 1410 1551 ex
1445 1512 1551 1566 quo
1575 1496 1866 1551 confirma-

285 1591 378 1634 tur
406 1581 643 1635 narratio
673 1580 741 1635 de
770 1579 1121 1637 Tauromenii
1155 1584 1365 1654 origine
1394 1584 1554 1639 allata
1578 1600 1607 1638 a
1637 1584 1867 1639 Diodoro

282 1672 411 1727 loco
433 1672 540 1741 jam
574 1670 745 1736 dicto,
793 1687 965 1741 eaque
998 1673 1174 1744 potior
1216 1683 1270 1728 et
1298 1677 1479 1731 verior
1521 1676 1869 1731 existimatur

277 1777 446 1831 quam
495 1776 615 1831 qua:
653 1761 885 1817 traditur
915 1765 983 1817 ab
1011 1766 1200 1818 eodem
1250 1765 1332 1819 sui
1382 1782 1569 1836 parum
1606 1779 1867 1831 memnre,

275 1852 376 1907 lib.
419 1867 536 1919 xtv,
581 1868 611 1908 a
657 1854 900 1909 secunda
934 1854 1169 1910 diversa.
1216 1853 1310 1910 His
1355 1857 1522 1928 igitur
1555 1843 1866 1912 auctoribus

276 1945 397 1997 hac
450 1942 728 1999 aﬂ‘erimus
774 1963 788 1999 :
836 1959 865 1999 a
925 1944 1161 2001 Theorle
1214 1948 1533 2003 Atheniensi
1589 1947 1862 2002 conditum

273 2034 512 2098 Naxum,
564 2035 655 2106 qui
705 2051 827 2122 cum
876 2035 944 2090 ab
987 2036 1234 2093 instituto
1267 2054 1426 2094 cursu
1473 2041 1524 2093 in
1567 2056 1629 2096 ea
1682 2040 1861 2094 littora

275 2129 455 2182 ventis
499 2137 647 2183 esset
692 2127 969 2196 abreptus,
1003 2144 1234 2200 cumque
1281 2130 1382 2185 soli
1433 2133 1729 2186 bonitatem
1764 2134 1864 2186 ad-

273 2219 560 2285 vertisset,
601 2227 658 2274 et
702 2218 1013 2274 Siculorum
1054 2221 1107 2274 in
1156 2235 1220 2277 eo
1268 2221 1513 2277 colenda.
1539 2224 1862 2294 segnitiem,

271 2312 496 2365 domum
529 2326 799 2376 reversus,
833 2327 952 2366 cum
999 2312 1441 2380 Atheniensibus,
1486 2316 1560 2370 nti
1592 2316 1858 2372 coloniam

272 2418 345 2458 eo
370 2404 670 2470 mitterent,
699 2403 1027 2471 persuadere
1071 2420 1178 2459 non
1211 2407 1495 2473 potuisset,
1531 2408 1699 2464 ascito
1747 2421 1862 2461 ma-

277 2506 392 2563 gno
431 2492 867 2548 Chalcidensium
913 2491 1188 2549 Lubacam
1231 2496 1465 2552 insulam
1511 2499 1858 2553 incolentium

283 2598 546 2648 numero,
574 2583 758 2638 lonum
788 2584 909 2640 item
937 2594 991 2642 et
1025 2586 1361 2640 Doriensium
1380 2626 1396 2653 ,
1426 2604 1653 2659 quorum
1692 2588 1862 2655 major

272 2692 420 2747 pars
464 2676 799 2747 Megarenses
839 2691 1014 2744 erant,
1068 2682 1119 2735 in
1175 2683 1415 2738 Siciliam
1463 2684 1759 2752 navigavit,
1806 2693 1863 2736 et

272 2766 671 2823 Chalcidenses
712 2769 925 2839 quidem
973 2770 1206 2839 Naxum,
1255 2774 1543 2830 Dorienses
1590 2773 1859 2845 Megaram

268 2855 592 2923 condidere,
627 2857 785 2929 idque
814 2861 1105 2931 contigisse
1131 2878 1274 2917 anno
1305 2874 1429 2918 ante
1458 2864 1734 2919 Christum
1762 2880 1863 2918 na-

274 2956 393 3002 tum
425 2948 549 3014 736,
576 2958 699 3019 post
721 2948 1017 3016 Troianum
1047 2954 1241 3008 bellum
1266 2954 1392 3009 448.
1417 2953 1701 3011 Cluverius
1727 2954 1863 3009 scri-

272 3037 377 3102 bit,
407 3052 531 3093 cum
558 3055 731 3096 annos
758 3041 865 3096 555
905 3042 1090 3098 Naxus
1123 3045 1385 3112 stetisset,
1419 3048 1632 3100 tandem
1677 3061 1705 3099 a
1740 3045 1865 3099 Dio-

269 3130 437 3200 nysio
480 3130 876 3202 Syracusarum
922 3141 1147 3206 tyranno
1172 3137 1408 3206 jnniore,
1440 3139 1584 3208 quod
1625 3137 1741 3207 ejus
1771 3148 1860 3210 ty-

270 3223 491 3279 rannidi
545 3224 755 3280 infensa
805 3225 994 3283 civitas
1026 3229 1093 3283 ab
1142 3245 1206 3285 eo
1247 3232 1582 3298 descivisset,
1614 3247 1858 3287 eversam

267 3328 414 3369 esse.
445 3313 616 3384 Igitur
644 3324 762 3385 post
796 3315 927 3372 Naxi
958 3320 1227 3375 excidium
1262 3336 1408 3376 anno
1432 3322 1524 3387 57,
1552 3323 1859 3377 Androma-

270 3404 431 3471 chus,
474 3406 665 3462 Timaei
712 3408 976 3476 historici,
1009 3428 1168 3482 quem
1200 3413 1382 3471 laudat
1412 3415 1482 3472 Μ.
1516 3415 1725 3473 Tullius
1765 3416 1857 3471 lib.

267 3501 352 3555 De
379 3509 546 3568 orat.,
573 3512 749 3570 pater,
774 3505 1021 3559 exsulum
1059 3507 1314 3576 reliquias
1340 3509 1464 3564 hinc
1489 3510 1611 3565 inde
1634 3525 1852 3580 cogens,

267 3602 513 3648 montem
550 3592 813 3660 Taurum,
839 3595 907 3651 ab
936 3598 1073 3651 tauri
1106 3598 1279 3654 forma
1305 3600 1531 3666 dictum,
1560 3600 1667 3655 illis
1703 3600 1857 3655 habi-

272 3684 496 3737 tandum
545 3683 720 3749 dedit,
748 3686 891 3754 quod
940 3702 970 3740 a
1007 3687 1167 3758 longo
1216 3691 1475 3760 temporis
1520 3694 1718 3761 spatio,
1754 3706 1859 3762 quo

269 3775 345 3831 ibi
400 3773 722 3830 substiterat
781 3774 1200 3834 Tauromenium
1254 3796 1282 3834 a
1316 3793 1471 3836 tauro
1500 3793 1551 3838 et
1578 3786 1860 3853 manendo,

271 3866 459 3923 Graece
478 3867 590 3922 ἀπὸ
608 3868 708 3938 τῆς
730 3868 825 3923 ἐπὶ
846 3869 1060 3942 Ταύρου
1087 3875 1259 3944 μονῆς
1281 3875 1602 3945 appellatum
1625 3893 1640 3930 :
1662 3886 1857 3933 etcum

266 3958 468 4015 subitis
509 3959 765 4030 Oppidum
816 3960 1168 4020 incrementis
1222 3963 1413 4022 ﬂorere
1457 3969 1731 4037 coepisset,
1777 3969 1859 4025 fa-

268 4059 422 4105 ctum
469 4061 555 4106 est
606 4060 665 4105 ut
725 4059 779 4107 et
834 4053 1027 4109 incolae
1090 4056 1335 4127 ingentes
1387 4073 1516 4127 opes
1563 4071 1617 4116 et
1668 4064 1859 4119 civitas

271 4142 593 4213 dignitatem
625 4141 1010 4211 amplissimam
1042 4146 1143 4202 sibi
1167 4160 1528 4219 compararet.
1560 4152 1735 4222 Atque
1771 4156 1858 4210 hic

271 4244 359 4290 est
387 4234 737 4291 Tauromenii
772 4246 946 4303 ortus,
984 4238 1099 4294 haec
1132 4243 1366 4297 nominis
1413 4244 1587 4315 origo.
1624 4242 1777 4310 Quod
1811 4247 1856 4301 si

269 4324 501 4394 Plinius,
555 4325 797 4396 Colonia,
858 4328 1053 4400 inquit,
1104 4330 1530 4401 Tauromenium,
1567 4352 1685 4408 qua:
1736 4347 1857 4391 ante

266 4420 372 4490 fuit
403 4418 635 4486 Naxos;
673 4429 727 4475 et
768 4420 988 4478 Solinus
1031 4424 1214 4480 itidem
1256 4426 1533 4482 Coloniam
1566 4430 1858 4486 Taurome-

269 4514 445 4576 nium,
479 4529 644 4581 quam
674 4514 833 4583 prisci
864 4512 1077 4570 Naxum
1111 4520 1395 4587 vacabant;
1432 4522 1478 4577 si
1508 4524 1575 4578 de
1619 4540 1748 4590 uno,
1774 4525 1856 4578 itt-

273 4619 458 4673 quam,
484 4604 998 4675 eodemqueoppido
1023 4617 1075 4663 et
1100 4610 1287 4665 eodem
1315 4613 1419 4667 situ
1439 4615 1614 4683 posito
1636 4616 1858 4687 loquan-

273 4704 377 4758 tur,
414 4696 535 4750 falsi
563 4705 718 4762 sunt;
750 4696 796 4751 si
836 4698 901 4750 ad
939 4697 1081 4753 hunc
1112 4700 1442 4757 intellectum
1486 4706 1854 4773 traducantur,

263 4794 326 4840 ut
349 4800 419 4840 ex
440 4785 741 4840 Naxiorum
765 4786 973 4841 colonia
1003 4787 1421 4846 Tauromenium
1455 4804 1633 4849 ortum
1664 4796 1853 4865 velint,

272 4876 409 4930 veri.
458 4874 727 4930 Cazternm
780 4877 1101 4950 etymologia
1166 4895 1327 4948 quam
1380 4879 1627 4938 Fazellus
1690 4883 1858 4938 refert

275 4969 495 5025 omnino
539 4969 720 5038 inepta
766 4977 893 5025 est:
930 4969 1339 5025 Tauromenium
1388 4975 1607 5043 dictum,
1658 4978 1853 5047 inquit,

264 5059 432 5133 quasi
474 5062 607 5114 tauri
651 5060 926 5129 fortitudo.
972 5061 1113 5118 Nam
1158 5079 1355 5119 menos
1384 5064 1566 5120 Graece
1602 5079 1674 5122 est
1701 5069 1857 5138 forti-

260 5153 401 5209 tudo
431 5171 519 5209 seu
563 5155 747 5211 robur.
796 5154 988 5215 Falsus
1034 5168 1120 5215 est
1162 5160 1403 5216 Falellus
1450 5162 1505 5216 in
1542 5164 1724 5229 verbo,
1760 5165 1852 5220 sed

258 5247 443 5317 magis
472 5249 526 5301 in
569 5263 662 5314 re;
698 5264 803 5304 non
845 5259 929 5305 est
975 5252 1136 5322 μένος
1169 5255 1385 5324 proprie
1432 5255 1691 5315 fortitudo
1722 5274 1856 5314 uta)-

255 5342 503 5410 niorum,
525 5343 623 5399 sed
667 5345 995 5413 animorum,
1043 5350 1126 5404 vel
1172 5366 1458 5420 corporum
1502 5370 1517 5407 :
1568 5368 1742 5423 neque
1789 5369 1855 5407 ex

259 5451 552 5491 murorum
582 5436 919 5506 fortitudine,
948 5442 1040 5496 sed
1069 5459 1135 5497 ex
1170 5446 1467 5511 mansione,
1501 5458 1557 5501 ut
1589 5446 1853 5505 Diodorus

256 5540 429 5598 supra
460 5526 663 5582 relatus
692 5540 778 5584 est
800 5541 1009 5599 auctor,
1055 5533 1288 5590 deducta
1318 5539 1606 5606 origittatio
1639 5538 1850 5595 Tauro-

254 5619 467 5683 nienii;
498 5620 593 5674 sed
635 5620 724 5676 hic
766 5635 919 5677 error
946 5624 1084 5680 forte
1119 5628 1506 5687 eondonandus
1544 5644 1712 5699 esset,
1748 5635 1849 5692 nisi

253 5725 316 5768 se
364 5710 486 5781 ipse
531 5712 583 5768 in
630 5712 826 5785 lingua:
860 5715 1057 5775 Graeca:
1092 5721 1300 5791 spineta
1330 5725 1514 5781 volens
1553 5743 1616 5783 ac
1648 5729 1846 5799 sciens,

3502 290 3575 354 re

1983 426 2078 466 seu
2111 409 2291 480 potius
2334 408 2600 475 nesciens,
2639 406 2964 463 induxisset.
2993 405 3130 474 Quid
3164 404 3295 461 illud
3328 406 3471 476 quod
3504 406 3574 459 ad

1981 502 2383 556 ﬁrmamentum
2437 500 2609 566 addit,
2659 515 2820 569 quam
2872 499 2990 556 leve
3042 509 3206 568 atque
3260 498 3571 562 ridiculum,

1982 609 2165 648 nmros
2201 593 2398 648 ιιιωιιίιι
2445 591 2742 662 appellatos
2790 593 2944 662 quasi
2980 608 3009 646 a
3047 594 3227 662 μένος.
3265 591 3426 661 Atqui
3467 590 3571 644 hoc

1979 695 2063 741 est
2113 686 2273 739 etiam
2325 685 2519 739 Latine
2571 685 2825 741 nescire:
2858 684 3053 740 mtenia
3102 685 3257 757 quasi
3309 684 3487 738 munia
3538 698 3570 737 a

1980 778 2263 832 muniendo
2295 778 2438 832 dicta
2469 786 2596 832 sunt
2624 778 2804 846 prisco
2839 792 3088 832 sermone
3117 777 3450 840 Latinorum,
3477 774 3569 844 qui

1981 884 2075 937 per
2114 885 2159 923 ae
2189 867 2501 924 scribebant
2529 880 2582 924 et
2625 867 2942 935 efferebant,
2978 884 3097 938 quae
3144 878 3327 937 postea
3367 882 3466 936 per
3507 883 3561 920 ιι.

1977 962 2202 1017 Plautus
2255 961 2411 1032 Capt.
2448 976 2467 1015 :
2505 960 2707 1016 Vinclis
2758 961 3115 1031 custodiisque
3163 940 3568 1016 cirEummazniti

1976 1070 2178 1110 sumus.
2217 1054 2309 1108 Sic
2338 1057 2489 1108 mwri
2519 1068 2615 1121 pro
2644 1054 2803 1120 muri,
2837 1069 2974 1108 rasus
3008 1066 3106 1122 pro
3137 1068 3297 1117 usus;
3324 1061 3377 1106 et
3410 1050 3568 1120 plura

1976 1148 2029 1205 id
2062 1163 2251 1218 genus.
2288 1147 2395 1203 Sed
2444 1147 2497 1201 in
2533 1147 2808 1202 nonnullis
2850 1160 2981 1200 usus
3027 1145 3247 1200 retinuit
3293 1159 3362 1208 te,
3407 1152 3464 1197 ut
3512 1142 3564 1196 in

1974 1241 2253 1303 moenibus,
2300 1241 2354 1295 in
2405 1239 2678 1309 plerisque
2722 1237 3047 1307 repudiavit,
3101 1244 3162 1290 ut
3208 1233 3262 1289 in
3306 1233 3565 1301 exemplis

1972 1332 2177 1387 allatis.
2204 1331 2319 1387 lloc
2347 1331 2509 1402 igitur
2536 1338 2754 1400 etymon
2785 1326 3002 1383 falsum.
3038 1327 3104 1381 Et
3128 1340 3256 1382 vero
3290 1326 3452 1381 etiam
3483 1322 3565 1378 fa-

1972 1425 2219 1479 bulosum
2271 1424 2401 1478 illud
2441 1424 2585 1492 quod
2629 1421 2788 1478 ali‘ert
2831 1420 3064 1491 scriptor
3094 1418 3339 1474 hiStorize
3384 1415 3562 1472 sancti

1972 1514 2268 1579 Pancratii,
2299 1513 2456 1584 primi
2488 1511 2839 1568 Tauromenii
2883 1510 3147 1580 episcopi,
3181 1507 3338 1579 quasi
3367 1523 3397 1560 a
3430 1505 3564 1567 Μω-

1974 1622 2092 1660 mra
2141 1616 2197 1659 et
2242 1604 2423 1659 Tauro
2468 1604 2673 1659 dictum
2711 1602 3130 1657 Tauromenium
3163 1616 3176 1654 :
3212 1598 3443 1666 scriptor
3479 1597 3563 1649 in-

1971 1713 2134 1768 quam
2180 1710 2506 1766 anonymus,
2560 1710 2663 1749 non
2709 1693 2995 1763 Evagrius,
3045 1688 3343 1757 discipulus
3393 1686 3560 1755 ipsius

1971 1791 2143 1846 sancti
2181 1789 2471 1853 Pancratii,
2515 1786 2669 1858 cujus
2720 1787 2936 1842 nomine
2985 1784 3267 1855 supposito
3315 1789 3423 1835 tota
3469 1777 3557 1832 illa

1971 1869 2151 1936 fabula
2174 1880 2352 1952 potius
2376 1894 2540 1950 quam
2567 1878 2791 1934 historia
2814 1875 3061 1941 emersit,
3079 1875 3164 1929 vel
3188 1882 3336 1929 certe
3362 1868 3560 1926 fabulae

1972 1973 2155 2030 multae
2212 1973 2266 2028 in
2320 1986 2505 2028 veram
2561 1970 2841 2027 historiam
2899 1968 3267 2038 irrepserunt,
3313 1978 3475 2035 quam
3525 1975 3557 2015 a

1971 2064 2162 2121 Graeco
2187 2065 2239 2118 in
2270 2061 2522 2116 Latinum
2550 2061 2849 2117 traductam
2879 2058 3064 2126 accepi
3095 2070 3161 2110 ex
3192 2052 3558 2108 monumentis

1970 2156 2032 2212 P.
2077 2155 2283 2212 Octavii
2332 2153 2578 2219 Caelani,
2620 2150 2901 2221 scriptoris
2946 2147 3187 2203 historiae
3240 2154 3558 2200 sanctorum

1973 2249 2305 2304 Siculorum.
2339 2245 2503 2314 Igitur
2536 2252 2808 2307 narratur,
2841 2239 3074 2295 Taurum
3124 2239 3410 2308 quemdam
3458 2249 3556 2289 nov

1974 2343 2140 2408 mine,
2186 2340 2575 2404 Chananmum,
2624 2350 2653 2390 a
2707 2335 2857 2405 Syris
2908 2342 3144 2401 captum,
3174 2340 3228 2385 et
3266 2328 3557 2383 mercatori

1971 2429 2219 2485 Romano
2250 2429 2529 2483 venditum
2565 2425 2617 2479 in
2653 2424 2925 2487 Calabria,
2961 2423 3182 2476 ductum
3240 2420 3306 2472 ad
3358 2416 3558 2473 ltenal-

1971 2523 2101 2576 dum
2131 2518 2567 2590 toparcham,cui
2594 2532 2728 2572 uxor
2759 2526 2878 2568 erat
2905 2513 3121 2568 Mamaea
3150 2510 3557 2574 Macedonissa;

1969 2615 2064 2669 sed
2101 2628 2222 2667 cum
2258 2610 2530 2667 Renaldus
2572 2610 2624 2664 in
2677 2624 2741 2664 eo
2778 2608 2915 2663 bello
2963 2608 3109 2677 quod
3156 2606 3322 2675 gessit
3368 2613 3556 2657 contra

1969 2704 2304 2774 Aquilinum,
2335 2703 2386 2756 in
2413 2698 2659 2757 Calabria
2691 2715 2894 2771 regem,
2931 2713 3104 2753 caesus
3145 2705 3311 2760 esset,
3344 2693 3556 2747 alterum

1970 2796 2150 2851 Tauro
2177 2794 2381 2864 nupsit.
2407 2793 2526 2848 Mox
2554 2792 2840 2863 Aquilinns
2870 2807 2960 2846 rex
2986 2789 3170 2858 cepias
3199 2796 3382 2843 contra
3408 2785 3553 2839 Tau-

1971 2906 2089 2944 rum
2119 2888 2336 2953 cduxit;
2372 2887 2526 2956 isque
2548 2900 2669 2940 cum
2720 2885 2934 2939 Mtenma
2964 2883 3193 2952 conjuge
3233 2882 3285 2935 in
3316 2878 3556 2934 Siciliam

1971 2982 2231 3054 profugit,
2280 2982 2368 3037 ubi
2398 2980 2821 3035 Tauromenium
2873 2993 2901 3031 a
2947 2976 3266 3046 coniugibus
3294 2972 3473 3027 Tauro
3501 2979 3557 3024 ct

1970 3078 2185 3134 Mtenaea
2231 3075 2508 3132 conditum
2546 3081 2651 3128 cst.
2699 3069 2824 3125 Haec
2867 3078 2951 3124 est
2999 3067 3193 3123 fabella
3245 3066 3310 3122 de
3347 3064 3558 3134 origine

1968 3165 2327 3223 Tauromenii
2358 3163 2589 3220 conficta
2618 3162 2753 3218 etin
2797 3160 2991 3228 vulgus
3031 3159 3231 3223 dedita,
3261 3172 3381 3226 qme
3426 3170 3558 3211 sane

1968 3260 2240 3330 preposila
2290 3274 2320 3311 a
2346 3271 2429 3310 me
2460 3265 2584 3312 ante
2619 3253 2862 3309 veritatis
2908 3251 3177 3308 historica:
3203 3250 3401 3312 lucem,
3437 3249 3557 3301 sine

1966 3352 2075 3406 ulla
2121 3347 2590 3421 argumentatione
2637 3346 2797 3415 quasi
2849 3343 3046 3398 nebula
3098 3341 3343 3397 discussa
3392 3336 3557 3407 disje-

1967 3450 2165 3510 ctaque
2202 3441 2317 3507 jam
2349 3448 2452 3501 est,
2486 3446 2539 3491 et
2581 3451 2612 3490 a
2647 3434 2839 3506 quovis
2875 3431 3220 3486 mediocriter
3267 3431 3319 3483 in
3366 3428 3555 3483 critica

1966 3537 2263 3590 exercitato
2319 3529 2633 3600 dispelletur
2664 3547 2678 3583 :
2713 3542 2873 3597 quam
2912 3534 2967 3579 et
3016 3521 3263 3578 Fazellus
3321 3521 3436 3588 ipse
3471 3534 3555 3573 re-

1968 3625 2135 3699 pulit;
2190 3639 2312 3678 nam
2353 3623 2420 3678 de
2466 3619 2691 3677 Octavio
2735 3618 2973 3676 Caetano
3022 3630 3126 3669 non
3174 3622 3315 3668 esset
3360 3611 3553 3665 mirum

1966 3715 2199 3772 acrioris
2226 3714 2415 3784 judieii
2451 3713 2597 3777 viro;
2629 3709 2727 3767 sed
2763 3725 2882 3764 eam
2912 3708 3019 3762 huc
3050 3704 3231 3767 retuli,
3262 3712 3319 3757 ut
3352 3718 3381 3755 a
3410 3699 3551 3768 vulgi

1965 3810 2132 3866 etiam
2159 3806 2602 3862 Tauromenitani
2627 3803 2903 3868 sensibus,
2934 3801 2986 3854 in
3017 3798 3238 3869 quibus,
3262 3805 3320 3849 ut
3346 3802 3553 3848 cex-terte

1967 3904 2139 3959 aniles
2175 3899 2367 3956 fabulae
2416 3899 2640 3954 haesisse
2673 3896 2852 3962 video,
2885 3901 3144 3962 quantum
3180 3889 3298 3944 fieri
3348 3896 3550 3957 posset,

1965 4002 2410 4062 extorqueretur.
2434 3990 2516 4045 Ab
2546 3989 2653 4043 illis
2683 3988 2848 4059 igitur
2876 3984 3049 4039 initiis
3078 3980 3381 4051 profectmn
3407 3975 3554 4029 Tau-

1966 4085 2266 4143 romenium
2322 4096 2518 4151 capere
2562 4095 2660 4137 sua
2707 4078 2875 4149 coepit
2922 4076 3276 4130 incrementa.
3324 4070 3397 4124 De
3442 4084 3552 4138 quo

1963 4179 2093 4233 illud
2119 4177 2281 4232 etiam
2313 4172 2652 4244 antiquitatis
2683 4170 2800 4239 ejus
2845 4177 2900 4222 et
2929 4165 3208 4236 dignitatis
3255 4163 3551 4216 documen-

1966 4283 2076 4328 tum
2107 4268 2302 4334 habeo,
2330 4265 2470 4335 quod
2503 4280 2532 4318 a
2572 4262 2812 4326 nemine,
2848 4259 2990 4330 quod
3018 4257 3211 4319 sciam,
3239 4267 3426 4309 eorum
3458 4250 3551 4320 qui

1964 4378 2052 4419 res
2086 4359 2400 4416 Sicilienses
2442 4355 2731 4425 scripsere,
2766 4352 2965 4408 litteris
2992 4351 3259 4421 proditum
3301 4356 3384 4402 est
3413 4368 3424 4402 :
3453 4361 3553 4416 ego

1962 4468 2096 4508 vero
2129 4455 2196 4505 ab
2242 4448 2581 4504 nobilissimo
2609 4459 2762 4517 teque
2791 4458 2856 4499 ac
2886 4442 3288 4498 studiosissimo
3320 4435 3554 4505 antiqui-

1962 4546 2090 4602 tatis
2132 4551 2184 4597 et
2220 4541 2522 4597 litterarum
2570 4538 2633 4593 D.
2668 4537 2898 4591 Martino
2944 4534 3218 4599 Lofarina,
3267 4531 3552 4586 Panormi-

1963 4644 2113 4696 tauo,
2149 4632 2240 4702 qui
2273 4629 2432 4686 hodie
2459 4628 2598 4698 apud
2630 4626 3014 4697 Hispaniarum
3047 4639 3228 4695 regem
3268 4620 3412 4689 degit
3455 4634 3550 4672 ea-

1960 4724 2113 4796 pellae
2143 4722 2302 4794 regia:
2326 4721 2593 4784 addictus,
2626 4718 2755 4772 illud
2783 4716 2967 4786 accepi
2993 4730 3116 4770 cum
3146 4728 3211 4767 ex
3243 4711 3451 4766 Malcho
3483 4711 3548 4764 de

1960 4818 2071 4873 vita
2147 4814 2467 4887 Pythagora:
2537 4827 2567 4865 a
2620 4810 2870 4865 Cttnrado
2940 4803 3305 4861 Rittershusio
3364 4801 3549 4854 Graece

1960 4910 2107 4966 edito
2141 4916 2426 4978 exceptum
2464 4905 2531 4958 ad
2585 4920 2669 4959 Ine
2701 4901 3002 4965 detulisset,
3052 4897 3192 4965 quod
3228 4905 3309 4949 est
3358 4892 3547 4959 hujus-

1963 5000 2152 5056 modi:
2191 4999 2288 5059 "A;
2337 4996 2381 5048 δ’
2412 4994 2764 5065 ἐπιδημήσας
2806 4990 3009 5061 Ἰταλίᾳ
3065 5005 3124 5042 τε
3169 4987 3264 5042 καὶ
3326 4984 3547 5055 Σικελίᾳ

1961 5087 2231 5145 κατέϐαλε
2263 5085 2447 5145 πόλεις
2468 5083 2875 5152 δεδουλωμένας
2907 5081 2999 5132 ὑπ’
3029 5079 3404 5150 ἁλλήλων,τὰς
3446 5075 3544 5146 μὲν

1960 5183 2171 5237 πολλῶν
2212 5180 2376 5244 ἑτῶν,
2406 5179 2505 5240 τὰς
2547 5178 2603 5230 δὲ
2644 5175 2839 5227 νεωστὶ
2887 5174 3239 5243 φρονήματος
3269 5168 3546 5235 ἐξελευθε-

1963 5276 2079 5345 ρίου
2114 5274 2325 5344 πλήσας
2357 5271 2445 5325 διὰ
2487 5270 2596 5324 τῶν
2640 5267 2727 5336 ἐφ’
2763 5267 3006 5337 ἑκάστην
3054 5262 3339 5317 ἁκουστῶν
3373 5257 3540 5315 αὐτοῦ

1958 5366 2329 5437 ἠλευθέρωσε.
2369 5363 2658 5435 Κρότωνα.
2697 5363 2793 5415 καὶ
2820 5359 3081 5432 Σύϐαριν,
3123 5357 3217 5411 καὶ
3258 5356 3542 5420 Κατάνην,

1959 5460 2053 5511 καὶ
2115 5456 2356 5525 Ῥήγιον,
2406 5454 2502 5507 καὶ
2563 5452 2804 5523 Ἱμέραν,
2868 5452 2964 5505 καὶ
3031 5448 3395 5519 ’Δκράγαντα,
3448 5442 3544 5497 καὶ

1961 5549 2353 5620 Ταυρομένιον,
2382 5548 2476 5601 καὶ
2498 5545 2663 5608 ἄλλας
2688 5544 2864 5611 τινὰς,
2900 5538 2987 5606 αἷς
3020 5541 3114 5595 καὶ
3151 5539 3347 5608 νόμους
3386 5535 3542 5589 ἔθετο

1962 5640 2049 5695 διὰ
2094 5639 2361 5712 Χαρώνδα
2399 5656 2459 5692 τε
2499 5638 2595 5692 τοῦ
2632 5636 2978 5697 Καταναίου,
3015 5633 3107 5686 καὶ
3154 5629 3421 5685 Ζελεύκου
3446 5628 3540 5685 τοῦ

1974 5732 2217 5806 Λοκροῦ·
2269 5732 2336 5786 δι’
2384 5724 2460 5788 ὧν
2507 5730 2862 5803 ἀξιοζήλωτοι
2909 5727 3020 5790 τοῖς
3067 5723 3364 5796 περιοίκοις
3411 5721 3540 5795 ἄχρι
