4062 6214
431 296 499 362 63
1476 311 1877 393 FRANCISCI
1921 315 2185 379 SCORSI
2226 322 2659 388 PROCEMIUM
2697 327 2745 390 Ι.
3635 339 3710 406 (ἰαί

431 410 631 466 πολλοῦ
658 414 936 483 γεγόνασι.
970 415 1220 472 Civitates
1254 434 1392 486 vero,
1429 438 1560 491 quas
1608 425 1662 478 in
1704 442 1801 478 sua
1837 425 2012 481 Italia:

433 502 734 577 Siciliaque
777 510 1193 578 peregrinatione
1244 512 1579 586 Pythagoras
1628 517 1808 572 vicinis
1854 521 2015 574 servi-

434 605 544 649 tute
571 596 705 651 alias
744 600 951 667 quidem
981 603 1297 672 antiquitus,
1330 606 1464 660 alias
1497 623 1618 661 vero
1663 620 1896 664 recenter
1925 627 2017 681 op-

435 705 642 757 pressas
672 692 884 758 invenit,
909 709 998 747 eas
1035 694 1289 748 libertatis
1318 699 1494 753 studio
1525 701 1727 769 replens
1760 720 1853 768 per
1892 720 2015 757 suos

438 784 724 846 auditores,
755 799 883 852 quos
914 801 979 838 ea:
1011 803 1321 858 unaquaque
1364 806 1547 844 earum
1593 804 1876 848 sectatores
1918 794 2015 848 ha-

435 871 604 935 bebat,
655 873 706 926 in
764 875 1040 943 pristinam
1096 879 1319 932 asseruit
1369 881 1684 947 libertatem,
1732 882 2012 938 Crotonem

432 964 724 1018 scilicet-et
761 965 1027 1036 Sybarim,
1073 967 1351 1033 Catonum,
1400 971 1680 1042 Rhegium,
1715 972 2011 1038 Himeram,

431 1054 793 1125 Agrigentum,
850 1067 901 1112 et
953 1059 1383 1129 Tauromenium,
1434 1072 1484 1116 et
1545 1065 1804 1133 quasdam
1856 1066 2013 1133 alias,

431 1146 622 1207 quibus
648 1148 782 1217 leges
805 1165 897 1219 per
931 1150 1267 1207 Charondam
1297 1155 1627 1219 Catanceum,
1656 1166 1702 1209 et
1730 1154 2013 1211 Zaleucum

432 1235 659 1292 Locrum
686 1242 827 1306 tulit,
859 1260 1142 1314 earumque
1187 1262 1348 1300 causa
1382 1247 1558 1316 digna:
1590 1249 1729 1316 apud
1760 1250 2015 1316 ﬁnitimos

434 1332 502 1385 ad
533 1330 745 1402 longum
773 1350 935 1403 usque
954 1346 1151 1404 tempus
1183 1338 1378 1393 habita:
1410 1349 1552 1405 sunt,
1584 1357 1811 1412 quarum
1848 1357 2014 1395 temu-

433 1422 674 1477 larentur
705 1426 969 1483 instituta.
1016 1429 1191 1499 Atque
1230 1419 1644 1500 htecipei'tinent
1690 1434 1756 1488 ad
1806 1433 2015 1490 Tauro-

434 1516 599 1570 meuii
631 1520 1033 1589 antiquitatem,
1068 1523 1154 1577 cui
1187 1540 1291 1580 non
1324 1527 1604 1581 minimum
1646 1526 1894 1594 adiecere
1919 1528 2014 1583 de-

435 1608 578 1663 coris
617 1608 721 1664 duo
747 1611 1078 1668 nobilissima
1115 1610 1568 1685 virorum'paria;
1605 1633 1833 1687 quorum
1880 1619 2016 1673 alter

434 1699 487 1753 in
523 1700 744 1757 historia
792 1704 916 1758 cum
954 1706 1067 1776 ipsa
1100 1724 1264 1777 prope
1313 1725 1570 1766 nascente
1614 1710 1782 1782 patria
1835 1712 2016 1767 ﬂoruit

434 1790 694 1859 Timaeus,
722 1796 1086 1854 Andromachi
1112 1802 1409 1857 conditoris
1440 1802 1602 1866 ﬁlius,
1631 1806 1695 1858 de
1724 1819 1832 1874 quo
1863 1805 2017 1865 testis

433 1884 673 1938 monimn
716 1897 893 1941 exstat
923 1887 995 1944 Μ.
1024 1890 1204 1957 Tullii,
1244 1893 1336 1947 lib.
1371 1910 1408 1948 ιι
1448 1894 1524 1948 De
1559 1904 1701 1949 orat.
1732 1910 1750 1948 :
1788 1894 2014 1950 Timaeus
2052 1888 2055 1893 ”

434 1974 585 2045 longe
634 1979 1053 2043 eruditissimus,
1087 1992 1136 2036 et
1181 2000 1356 2038 rerum
1407 1988 1583 2056 copia,
1636 1997 1687 2043 et
1732 1991 2016 2043 sententia-

432 2079 548 2118 rum
600 2071 851 2123 varietate
907 2071 1425 2139 abundantissimus,
1479 2077 1594 2147 ipsa
1645 2060 2017 2148 conipositione

431 2159 704 2212 verborum
757 2177 859 2215 non
915 2162 1208 2231 impolitus,
1248 2182 1489 2236 magnam
1540 2167 1885 2240 eloquentiam
1944 2172 2014 2225 ad

432 2248 763 2302 scribendum
798 2251 998 2305 attulit.
1038 2252 1280 2308 Meminit
1319 2256 1383 2310 de
1415 2256 1601 2311 eodem
1635 2260 1772 2313 idem
1805 2259 2016 2317 Tullius

435 2339 533 2394 lih.
569 2355 621 2405 v,
661 2340 835 2409 Epist.
887 2345 952 2396 ad
999 2343 1248 2401 Lucium.
1292 2348 1541 2402 Meminit
1589 2349 1911 2406 Plutarchus
1959 2355 2013 2410 in

431 2429 610 2494 Nicia,
642 2432 707 2486 de
754 2432 1001 2489 historiis
1031 2436 1098 2490 ab
1127 2450 1192 2490 eo
1235 2438 1560 2507 conscriptis
1588 2457 1603 2494 :
1633 2450 1861 2496 testatur
1901 2445 2017 2499 hac

434 2522 723 2592 Dionysius
742 2521 1206 2591 Halicarnasseus,
1237 2526 1330 2582 lib.
1353 2544 1370 2582 ι
1398 2530 1761 2600 Antiquitatis.
1782 2532 2015 2602 Τιμαίου

428 2614 527 2669 τοῦ
548 2615 875 2670 Σικελιώτου
908 2616 976 2671 τὰ
1014 2617 1114 2687 μὲν
1140 2618 1346 2689 ἀρχαῖα
1403 2619 1512 2673 τῶν
1540 2622 1794 2691 ἱστοριῶν
1814 2623 1874 2677 ὲν
1893 2628 2017 2690 ταῖς

429 2713 634 2775 κοιναῖς
663 2712 928 2784 ἱστορίαις
955 2713 1416 2785 ἀφηγησαμένου,
1469 2717 1598 2780 τοὺς
1626 2718 1683 2771 δὲ
1707 2719 1842 2790 πρὸς
1870 2718 2017 2792 Πύρ-

432 2802 527 2871 ρον
568 2800 662 2855 τὸν
700 2803 1048 2875 Ἠπειρώτην
1087 2806 1363 2877 πολέμους
1392 2809 1474 2871 είς
1515 2809 1654 2863 ἰδίαν
1698 2812 2016 2882 καταχωρί-

430 2909 625 2957 causa;
670 2896 1077 2965 πραγματείαν.
1132 2897 1245 2953 Hoc
1286 2906 1371 2954 est
1420 2901 1714 2969 interprete
1772 2903 2017 2975 Dionysii

429 2983 776 3051 Sigismundo
825 2985 1031 3043 Galeno
1074 3003 1091 3043 :
1138 2988 1366 3045 Timwus
1417 2989 1635 3048 Siculus
1683 3010 1765 3048 res
1810 2996 2016 3064 priscas

428 3077 733 3146 complexus
764 3078 1053 3134 universali
1082 3079 1331 3145 historia,
1362 3082 1553 3154 Pyrrhi
1600 3084 1835 3155 Epirotae
1865 3089 2014 3145 bellis

426 3169 678 3239 privatim
722 3171 898 3226 dicato
940 3171 1219 3229 columine.
1268 3172 1374 3231 Sed
1405 3175 1543 3231 nihil
1582 3177 1741 3247 huius
1788 3180 2015 3251 insignis

428 3258 671 3314 historici
706 3260 773 3316 ad
805 3268 1045 3317 nostram
1079 3271 1292 3318 aetatem
1325 3268 1591 3335 pervenit.
1622 3268 1777 3324 Alter
1805 3270 2017 3328 Tauro-

430 3348 738 3405 menitanus
773 3350 826 3405 in
874 3350 1117 3407 historiis
1148 3362 1479 3409 memoratus
1508 3354 1722 3414 Phileas
1753 3364 1837 3415 est
1868 3359 1923 3416 in
1955 3376 2016 3418 re

428 3440 745 3497 mechanica
790 3442 1128 3511 praecellens,
1157 3444 1473 3503 Archimedi
1511 3447 1856 3520 Syracusano
1884 3452 2016 3523 σύγ-

426 3548 641 3605 χρονος,
674 3537 753 3591 λᾶε
793 3549 903 3606 quo
942 3536 1256 3602 Athenaeus,
1286 3536 1381 3594 lib.
1427 3553 1460 3594 v
1482 3540 1792 3612 Δειπνοση
1822 3544 1913 3599 ubi
1948 3545 2017 3602 de

425 3622 554 3677 navi
602 3620 878 3690 Hieronis,
934 3626 1078 3696 regis
1136 3625 1552 3699 Syracusarum,
1602 3632 1772 3703 ipsius
1817 3635 2016 3691 Archi-

430 3714 607 3769 medis
645 3715 926 3771 molimine
954 3726 1287 3783 constructa,
1329 3718 1555 3790 ejusque
1587 3722 1729 3778 malo
1771 3724 2015 3781 omnium

426 3807 668 3864 maxime
701 3824 717 3864 :
754 3809 1089 3883 Κατήγαγεν
1104 3811 1161 3866 δὲ
1194 3812 1356 3867 αὐτὸν
1385 3813 1480 3868 ἐπὶ
1510 3813 1784 3871 θάλατταν
1818 3817 2017 3885 Φιλέας

427 3898 458 3952 ὁ
502 3900 914 3974 Ταυρομενίτης
976 3905 1296 3975 μηχανικός.
1342 3905 1573 3962 Deduxit
1617 3923 1733 3964 eam
1774 3910 1831 3964 in
1873 3925 2019 3966 mare

423 3991 640 4049 Phileas
678 3993 1160 4052 Tauromenitanus
1184 3998 1538 4055 mechanicas.
1568 3999 1686 4056 Jam
1725 4015 1854 4059 vero
1877 4002 2018 4060 situs

426 4084 778 4143 Tauromenii
815 4088 1155 4147 admirabilis
1185 4102 1288 4156 est,
1329 4103 1382 4147 et
1414 4102 1604 4149 natura
1644 4096 1817 4169 magis
1851 4105 2015 4170 quam

426 4187 544 4233 arte
574 4180 813 4235 munitus
843 4201 857 4237 :
888 4192 943 4236 ut
975 4198 1085 4239 non
1126 4186 1321 4240 mirum
1350 4201 1470 4242 esse
1492 4187 1763 4256 videatur,
1787 4190 1832 4246 si
1859 4204 1890 4245 a
1917 4188 2018 4245 Sa-

426 4276 661 4338 racenis.
695 4275 795 4330 nisi
824 4290 923 4343 per
955 4276 1181 4333 insidias
1224 4279 1342 4347 capi
1379 4280 1787 4351 expugnarique
1826 4291 2016 4353 potue-

430 4362 526 4423 rit,
570 4379 742 4433 caque
788 4378 1059 4433 postrema
1112 4370 1272 4423 fuerit
1323 4372 1533 4427 urbium
1583 4362 2011 4431 clarissimarum

425 4454 633 4509 clades.
669 4457 760 4510 list
789 4460 934 4511 enim
968 4475 1125 4514 mons
1158 4461 1268 4529 ipse
1304 4461 1354 4514 in
1385 4478 1491 4532 quo
1520 4465 1683 4520 situm
1720 4478 1803 4522 est
1843 4477 1898 4522 et
1928 4483 2015 4523 ar-

425 4546 567 4601 duus
594 4557 646 4600 et
679 4562 906 4603 ascensu
948 4536 1179 4605 difﬁcilis
1209 4562 1437 4623 utroque
1467 4572 1532 4611 ex
1560 4557 1752 4622 latere,
1782 4559 1927 4629 quod
1961 4568 2016 4615 et

426 4653 524 4692 nos
558 4639 657 4707 ipsi
691 4641 865 4696 oettlis
891 4643 1090 4697 nostris
1121 4647 1466 4714 suspeximus
1494 4660 1550 4701 et
1584 4651 2011 4720 peragravimus,

424 4744 724 4800 verumque
764 4747 882 4787 esse
915 4734 1267 4803 cognovimus
1309 4736 1449 4804 quod
1490 4736 1557 4792 dc
1587 4753 1652 4792 eo
1692 4739 1857 4794 etiam
1899 4742 2012 4811 Ap-

423 4821 617 4890 pianus
655 4823 817 4876 tradit
856 4839 976 4879 esse
1019 4826 1373 4891 asperrimum
1429 4828 1632 4883 visu‘et
1682 4832 2013 4889 acutissimis
2056 4828 2061 4837 ’

423 4911 663 4977 undique
705 4914 980 4979 prrclisum
1024 4926 1462 4987 prmruptumque
1494 4919 1663 4976 saxis.
1702 4919 1844 4977 Urbs
1885 4939 2013 4979 vero

426 5001 483 5054 in
516 5000 623 5055 illis
659 5005 852 5057 mediis
887 5006 1131 5074 Alpibus,
1162 5007 1335 5061 dicam
1366 5008 1539 5077 patius
1571 5025 1732 5080 quam
1764 5010 2014 5082 alpe‘stri-

427 5092 533 5147 bus
562 5095 806 5161 rupibus,
839 5088 1195 5155 etintercisis
1242 5104 1439 5169 posita,
1472 5111 1526 5156 et
1570 5102 1639 5158 ab
1671 5103 1861 5159 iisdem
1906 5106 2015 5160 cir-

425 5188 763 5240 cnmmunita
818 5198 870 5241 et
918 5190 1184 5245 obvallata
1230 5198 1313 5246 est
1346 5210 1360 5246 :
1392 5206 1619 5261 quarum
1674 5194 1847 5260 alias,
1905 5212 2009 5266 qua

424 5277 691 5333 orientem
719 5286 949 5348 spectat,
977 5279 1119 5335 intra
1152 5297 1209 5337 se
1235 5282 1400 5338 habet
1425 5284 1492 5337 ad
1517 5300 1665 5340 mare
1689 5286 2007 5357 depressas;

425 5369 581 5430 alias.
608 5385 711 5438 qna
747 5369 1105 5437 occidentem,
1141 5373 1338 5428 caelum
1390 5376 1565 5443 ipsum
1610 5377 2010 5445 contingentes,

427 5470 485 5512 ut
514 5462 722 5528 poetice
749 5458 947 5527 dicam,
978 5462 1135 5531 eique
1156 5465 1447 5532 minantes,
1467 5468 1517 5521 in
1549 5483 1775 5536 quarum
1808 5471 2011 5526 vertice
2056 5472 2059 5475 ’

427 5562 607 5605 exstat
649 5570 744 5609 arx
777 5565 827 5608 et
862 5554 1177 5626 Oppidulum
1211 5555 1369 5623 Mela,
1399 5568 1508 5613 tota
1552 5559 1737 5615 Sicilia
1784 5561 2010 5617 notissi-

432 5658 603 5708 mum,
635 5646 774 5711 (μιοά
818 5661 885 5700 eo
928 5648 1166 5701 damnati
1204 5648 1450 5706 homines
1498 5650 1781 5709 facinerosi
1814 5656 2011 5724 depor~

433 5743 638 5801 tentur,
666 5745 725 5791 ut
759 5737 922 5796 tradit
954 5738 1220 5811 Paullus,
1255 5742 1341 5800 cui
1370 5743 1557 5801 subest
1582 5759 1680 5803 arx
1712 5746 2008 5803 Taurome-

2126 429 2199 483 nii
2241 431 2480 500 inferior,
2509 437 2578 491 ita
2613 450 2669 492 ut
2702 439 2933 496 molibus
2964 456 2994 495 a
3023 441 3160 499 mola
3187 432 3454 504 devolutis
3476 450 3713 519 opprimi

2123 520 2265 577 haud
2316 526 2514 583 dillicili
2582 530 2799 601 negotio
2848 532 3038 602 possit.
3085 534 3353 593 Caeterum
3404 538 3713 598 Taurome-

2122 615 2361 670 nitanttm
2410 623 2605 677 coelum
2652 625 2832 680 lectum
2868 642 2932 683 ac
2966 627 3182 684 salubre
3218 639 3339 698 est;
3387 644 3716 703 prospectus

2122 707 2190 759 ab
2219 711 2414 778 oppido
2447 713 2499 767 in
2530 714 2833 772 Mamertini
2872 719 2993 773 lreti
3032 730 3088 776 et
3121 723 3290 777 maris
3328 724 3463 781 Ionii
3507 726 3719 782 latissio

2125 812 2269 852 mum
2306 818 2510 870 aequor,
2551 797 2931 881 oppositasque
2981 810 3295 870 Brutiorum
3344 827 3577 884 tuentes,
3617 821 3719 891 ju-

2124 894 2489 951 cundissimus
2536 917 2551 953 :
2600 900 2715 969 agri
2775 902 2938 957 etiam
2998 903 3249 973 planities
3298 909 3715 979 amoenissima;

2122 978 2308 1071 cannae
2357 988 2591 1057 mellilm,
2637 1001 2691 1047 et
2726 993 2833 1048 vini
2865 997 3008 1064 apud
3053 1007 3286 1066 veteres,
3319 1009 3456 1058 teste
3501 1002 3711 1072 Plinio,

2122 1066 2537 1141 celebratissimi
2572 1079 2932 1152 feracissima,
2959 1095 3016 1142 ut
3046 1103 3151 1144 non
3182 1090 3451 1163 immerito
3473 1108 3591 1148 eam
3623 1111 3714 1152 re-

2122 1162 2337 1233 gionem
2373 1166 2514 1224 inter
2547 1181 2773 1228 caeteras
2797 1175 3059 1245 elegerint
3077 1176 3307 1234 Romani
3334 1180 3446 1251 quo
3463 1184 3716 1242 colonias

2124 1251 2478 1326 deducerent,
2529 1263 2669 1329 quod
2717 1261 2858 1319 Julio
2901 1265 3113 1322 Caesare
3168 1283 3350 1322 rerum
3404 1273 3596 1340 potito,
3652 1287 3718 1332 et

2125 1343 2474 1404 Tauromenii
2513 1350 2877 1421 ampliﬁcandi
2926 1355 3167 1412 studioso
3214 1346 3438 1425 factum,
3489 1373 3547 1417 ut
3580 1361 3718 1418 Dio-

2124 1435 2286 1492 dorus
2313 1438 2563 1521 ejusdem
2582 1432 2844 1510 temporis
2881 1446 3118 1521 scriptor
3148 1430 3432 1505 est'testis.
3473 1449 3538 1504 Et
3572 1467 3716 1509 sane

2123 1541 2309 1581 eorum
2353 1531 2767 1599 magnificentia:
2812 1532 2974 1607 opera
3007 1535 3256 1593 videntur
3283 1554 3428 1607 esse,
3458 1542 3604 1611 quod
3637 1546 3715 1599 ab

2124 1618 2279 1675 initio
2313 1621 2591 1690 dicebam,
2647 1627 2918 1681 theatrum
2967 1626 3203 1684 lateritio
3250 1616 3415 1709 opere
3460 1646 3717 1692 constru-

2124 1720 2291 1774 ctum,
2330 1712 2473 1782 quod
2515 1730 2709 1786 magna
2756 1732 2824 1771 ex
2865 1728 3020 1787 parte
3051 1708 3556 1789 integrum’exstat,
3588 1741 3718 1796 qua:

2123 1804 2243 1854 so'rs
2275 1801 2414 1857 haud
2447 1804 2560 1860 scio
2598 1820 2664 1860 an
2699 1805 2819 1862 aliis
2846 1808 3116 1865 veteribus
3147 1811 3352 1868 Sicilia:
3386 1829 3717 1872 monumen-

2125 1891 2191 1944 tis
2226 1892 2551 1950 obvenerit:
2584 1896 2746 1966 idque
2789 1894 2891 1967 ego
2922 1915 3028 1955 non
3064 1903 3186 1957 sine
3222 1904 3391 1959 animi
3438 1906 3719 1978 voluptate

2121 1983 2294 2038 oculis
2324 1997 2389 2039 ac
2418 1983 2645 2054 pedibus
2674 2004 2778 2044 non
2802 1991 2970 2045 semel
2998 1982 3275 2049 dimensus
3303 2008 3427 2051 sum
3457 1997 3721 2067 doluique

2122 2082 2175 2128 et
2207 2086 2430 2143 questus
2480 2094 2597 2134 sum
2651 2082 2796 2150 apud
2848 2083 3019 2151 cives,
3055 2099 3123 2140 ex
3156 2100 3220 2141 ea
3269 2084 3467 2146 lateres
3502 2091 3568 2145 ad
3604 2094 3714 2148 alia

2125 2182 2262 2222 nova
2314 2169 2542 2225 aediﬁcia
2588 2172 2957 2231 substruenda
3001 2166 3232 2235 subinde
3279 2182 3554 2251 exscindi;
3602 2200 3717 2255 quo

2123 2252 2234 2320 lict,
2268 2266 2327 2311 ut
2353 2259 2541 2327 paucis
2566 2268 2689 2328 post
2710 2263 2889 2329 anuis,
2919 2263 3110 2333 ingens
3142 2264 3270 2321 illud
3299 2252 3713 2328 monumentum

2122 2345 2597 2405 Tauromenitana;
2634 2352 3008 2422 amplitudinis
3036 2354 3278 2413 funditus
3306 2360 3573 2417 concidat.
3605 2361 3711 2418 lti-

2122 2442 2242 2495 dem
2271 2441 2513 2510 ejusdem
2538 2444 2872 2502 admiranda:
2892 2449 3145 2517 potentia:
3167 2465 3327 2520 opera
3353 2462 3478 2507 sunt
3508 2461 3704 2526 stagna

2121 2547 2216 2588 seu
2251 2534 2501 2589 cisternae
2549 2537 2921 2592 subterranea:
2958 2538 3077 2593 dum
3112 2552 3521 2608 concamerata,
3565 2559 3710 2613 qua-

2122 2638 2243 2678 rum
2270 2625 2441 2680 altera
2470 2635 2593 2681 octo
2616 2627 2895 2697 quadratis
2917 2631 3247 2687 cementitiis
3268 2633 3483 2688 suffulta
3505 2637 3718 2692 colum-

2122 2716 2239 2782 nis;
2276 2717 2444 2771 altera
2478 2732 2608 2773 vero
2637 2734 2772 2787 pene
2800 2720 3070 2789 prostrata
3092 2732 3147 2778 et
3179 2722 3374 2785 atilicta
3409 2716 3712 2798 temporum

2126 2805 2331 2875 injuria
2355 2809 2617 2864 cernitur.
2646 2809 3008 2879 Aquaednctus
3032 2812 3159 2868 item
3190 2826 3402 2872 veteres
3430 2817 3505 2873 ibi
3532 2820 3720 2877 visun-

2124 2888 2246 2981 tur;
2287 2907 2342 2953 et
2379 2899 2481 2954 alia
2528 2902 2747 2957 demum
2793 2915 3269 2969 monumentorum
3316 2908 3369 2964 in
3415 2911 3719 2984 primisque

2121 2976 2383 3061 Adhegeti
2419 2992 2623 3074 templi?
2655 2993 2911 3065 vestigia,
2960 3003 3016 3050 et
3071 2996 3321 3079 sepulcra
3374 2976 3478 3057 non
3517 2976 3716 3081 pauca,

2121 3094 2286 3149 quam
2335 3080 2421 3137 vel
2474 3071 2680 3159 ambitu
2734 3098 2930 3156 magna
2985 3080 3133 3157 (nam
3173 3072 3337 3159 quota
3388 3071 3529 3158 pars
3569 3076 3721 3151 illius

2123 3168 2287 3226 hodie
2314 3172 2542 3239 restat?)
2573 3171 2659 3228 vel
2687 3168 3084 3243 magniﬁcentia
3119 3170 3338 3243 nobilis,
3370 3178 3455 3234 vel
3487 3196 3720 3237 numero

2123 3257 2324 3314 civium
2366 3259 2597 3315 celebris
2630 3258 2795 3316 fuerit
2826 3261 3384 3337 civitas,lostendunt.
3418 3269 3595 3337 Atque
3626 3271 3720 3326 hic

2125 3346 2243 3417 ejus
2271 3346 2528 3416 splendor
2557 3348 2722 3403 etiam
2755 3360 2926 3420 usque
2953 3351 3020 3405 ad
3046 3334 3435 3410 Saracetticam
3470 3334 3721 3426 υἷι-σηιιί-

2127 3438 2271 3505 dem,
2293 3440 2547 3495 nimirum
2572 3448 2684 3496 toto
2705 3440 2919 3510 imperii
2936 3441 3250 3499 Graecorum
3279 3446 3719 3523 temporeius'que

2124 3532 2193 3588 ad
2224 3532 2419 3589 Leonis
2453 3531 2726 3604 Sapientis
2752 3549 2947 3601 aevum,
2976 3533 3078 3590 sub
3107 3551 3216 3604 quo
3246 3547 3549 3613 expugnata
3583 3541 3711 3607 luit,

2122 3624 2389 3679 mansisse
2429 3623 2666 3678 videtur.
2716 3623 2849 3679 Nam
2903 3622 3719 3702 Constantinus‘Porphyrogeé

2124 3723 2273 3782 neta,
2302 3714 2421 3785 ejus
2456 3714 2615 3779 illius.
2645 3717 2736 3785 qui
2768 3714 2843 3770 De
2877 3717 3195 3772 thematibus
3225 3719 3434 3789 imperii
3468 3713 3715 3779 libellum

2123 3806 2362 3878 scripsit,
2395 3806 2490 3863 lib.
2519 3824 2582 3874 ιι,
2622 3807 2675 3863 in
2704 3792 2952 3863 themate
2996 3797 3198 3865 Sicilire
3224 3805 3342 3866 haec
3380 3804 3563 3880 tradit,
3592 3830 3718 3885 quae

2122 3900 2354 3972 primam
2393 3902 2534 3957 hanc
2564 3898 2814 3973 precemii
2849 3910 3058 3970 partem
3092 3902 3159 3958 de
3188 3901 3536 3960 Tauromenii
3567 3916 3717 3985 statu

2122 3994 2344 4066 politico
2371 3994 2445 4050 ita
2475 3994 2709 4059 claudat,
2735 4003 2791 4050 et
2811 3994 3046 4073 sigillum
3073 3996 3144 4051 sit
3168 3995 3437 4079 dictorum
3464 3999 3712 4055 omnium

2123 4084 2763 4153 ltonorilicentissimum,
2795 4097 2849 4142 et
2897 4086 3067 4157 ipsius
3115 4085 3462 4173 imperatoris
3509 4074 3761 4148 annulo'

2122 4177 2481 4248 impressum,
2537 4191 2606 4234 ne
2651 4178 3047 4249 dicam'digito
3097 4181 3358 4251 scriptum
3394 4200 3408 4237 :
3441 4181 3600 4254 Ἔχει
3657 4185 3716 4238 δὲ

2123 4269 2311 4336 πόλεις
2336 4272 2645 4342 ἐπισήμους
2670 4271 2771 4344 τήν
2799 4289 2858 4326 τε
2883 4273 3261 4346 Συράκουσαν,
3296 4274 3393 4329 καὶ
3422 4274 3482 4329 τὸ
3509 4276 3713 4331 καλού-
3748 4350 3753 4355 1

2125 4370 2287 4441 μενον
2331 4364 2731 4438 Ταυρομένιον,
2766 4365 2860 4420 καὶ
2887 4365 3058 4437 αὐτὴν
3082 4365 3183 4441 τὴν
3216 4362 3590 4439 Ἀκράγαντα,
3619 4371 3718 4426 καὶ

2120 4459 2217 4521 τὰς
2241 4436 2468 4521 ’λοιπὰς-ὴ
2494 4458 2680 4523 πόλεις
2710 4459 2808 4522 τὰς
2848 4458 2949 4530 μὲν
2993 4436 3373 4531 ἠρημωμένας
3414 4458 3565 4532 παρὰ
3601 4462 3715 4518 τῶν

2122 4548 2479 4620 Σαρακηνῶν.
2509 4540 2622 4622 Τὴν
2641 4550 2760 4622 ’μὲν
2793 4550 2885 4605 οὖν
2919 4551 3276 4620 Συράκουσαν
3299 4553 3393 4607 ἐπὶ
3416 4554 3707 4609 Βασιλείου

2121 4642 2215 4697 τοῦ
2250 4644 2496 4714 ἀοιδίμου
2534 4644 2807 4716 βασιλέως
2840 4646 3152 4718 παρέλαϐον
3186 4648 3236 4699 οἱ
3274 4647 3609 4719 Σαρακηνοί”
3644 4649 3712 4702 τὸ

2118 4737 2185 4791 δὲ’
2203 4735 2582 4809 Ταυρομένιον
2608 4741 2703 4794 ἐπὶ
2727 4740 2960 4805 Λέοντος
3003 4734 3101 4795 τοῦ
3149 4742 3491 4811 Σοφωτάτου.
3529 4739 3707 4797 Crete-

2120 4832 2238 4883 ru'm
2274 4829 2503 4899 insignes
2555 4829 2708 4884 urbes
2759 4832 2909 4886 habet
2958 4822 3284 4903 Syracusas,
3321 4845 3369 4889 et
3417 4831 3745 4913 Tauromey

2120 4921 2265 4974 nium
2327 4921 2560 4987 dictum,
2624 4922 2899 4993 ipsumque
2949 4910 3330 4993 Agrigentum,
3385 4932 3435 4978 et
3489 4931 3714 4978 steteras

2119 5012 2376 5079 ciuitates,
2406 5008 2594 5081 partim
2621 5013 2906 5073 desolatas.
2937 5017 3132 5085 partim
3168 5012 3453 5070 Saracenis
3486 5031 3717 5102 occupa-

2121 5115 2222 5161 tas.
2258 5106 2552 5178 Syracusas
2594 5117 2731 5162 certe
2762 5106 2858 5161 sub
2895 5106 3098 5161 Basilio
3133 5109 3454 5178 imperatore
3480 5109 3712 5181 percele-
3758 5186 3763 5193 ἱ

2119 5199 2198 5252 bri
2229 5211 2471 5269 ceperunt
2501 5200 2776 5264 Saraceni,
2807 5192 3225 5256 Tauromenium
3242 5216 3361 5255 vero
3405 5202 3502 5255 sub
3541 5199 3713 5256 Leone

2118 5290 2433 5360 imperatore
2479 5290 2751 5361 Sapiente.

2259 5433 2288 5505 ς
2333 5434 2401 5490 ll.
2432 5466 2500 5480 —
2532 5436 2717 5493 Status
2763 5439 3148 5495 ecclesiasticus
3201 5439 3567 5497 Tauromenii.

2188 5567 2704 5625 Tauromenitanam
2754 5569 3049 5629 Ecclesiam
3099 5575 3423 5644 antiquitate
3452 5577 3712 5650 ctdigni-

2122 5668 2229 5713 tate
2260 5674 2381 5715 cum
2414 5662 2604 5730 primis
2630 5671 2682 5717 et
2713 5664 2901 5733 primae
2947 5666 3285 5735 antiquitatis
3323 5662 3582 5723 Ecclesiis
3617 5668 3711 5724 Si-

2124 5750 2260 5807 ciliae
2293 5753 2717 5823 componendam
2759 5770 2919 5813 nemo
2948 5759 3155 5814 vocarit
3183 5758 3236 5815 in
3268 5758 3513 5829 dubium,
3547 5760 3709 5823 modo
