4062 6214
322 326 403 390 6g,
1352 321 1758 386 FRANCISCI
1795 326 2058 387 SCORSI
2097 329 2530 394 PROCEMIUM
2572 334 2619 395 Ι.
3540 353 3610 420 66

326 438 454 507 ejus
511 437 800 507 primordia
850 447 1095 504 reputet;
1154 439 1405 490 nimirum
1443 456 1470 491 a
1501 440 1556 492 8.
1593 438 1750 492 Petro
1791 456 1921 507 apo-

329 533 601 590 stolorum
639 528 883 595 principe
919 529 1224 593 fundatam,
1264 531 1429 584 misso
1447 533 1748 585 exoriente
1777 529 1923 583 Tau—

335 626 632 678 romenium
668 621 727 674 S.
765 622 1087 685 l’ancralio,
1142 625 1316 690 primo
1366 623 1480 688 ejus
1535 623 1806 690 episeopo,
1854 622 1922 674 ab

340 719 567 785 ipsumet
603 715 660 769 S.
702 715 864 768 Petro
913 725 1252 779 consecrato,
1300 727 1447 769 extra
1499 715 1918 768 controversiam

340 819 439 859 cst.
494 804 747 859 Testatur
801 805 1237 876 Martyrologitnn
1287 805 1645 860 Romanum?)
1679 807 1918 872 Aprilis;

329 898 484 950 card.
529 895 794 949 Baronius
824 897 875 948 in
917 901 1097 962 notis;
1147 897 1374 965 Niceph.
1425 898 1518 950 lib.
1550 914 1631 961 ιιι,
1665 916 1714 951 c.
1745 898 1834 962 55,
1867 907 1921 952 et

323 995 512 1039 ltttstz‘r
548 985 911 1054 Theophanes
959 989 1104 1040 hom.
1139 987 1206 1040 de
1236 986 1292 1041 S.
1328 987 1650 1053 Pancratio;
1693 986 1820 1054 quin
1853 1002 1915 1041 ex

323 1078 433 1131 ﬁde
463 1093 584 1146 quae
615 1094 778 1144 penes
809 1076 1112 1132 Simeonem
1163 1078 1579 1148 Melaphrastem
1611 1090 1713 1142 est,
1761 1080 1913 1134 Orat.

320 1171 389 1224 de
432 1167 534 1223 SS.
584 1166 744 1222 Petro
769 1179 816 1222 et
848 1169 1049 1235 Paulo,
1113 1171 1353 1237 ejusdem
1383 1171 1439 1224 S.
1474 1171 1614 1226 Petri
1674 1172 1914 1239 vestigiis

320 1260 606 1328 impressis
637 1275 699 1311 ea
731 1260 962 1314 ecclesia
1020 1262 1308 1316 sanctitate
1337 1271 1390 1315 et
1434 1261 1635 1315 honore
1671 1271 1825 1316 aucta
1862 1273 1913 1315 et

323 1353 563 1408 stabilita
593 1361 714 1416 est;
747 1353 1010 1422 siquidem
1057 1353 1250 1406 festum
1292 1371 1356 1408 ex
1389 1353 1582 1407 itinere
1608 1354 1910 1419 apostolum

323 1444 559 1510 lto.~pitio
589 1446 820 1512 excepit,
860 1445 977 1512 ipso
1009 1443 1066 1496 S.
1098 1443 1383 1498 Pancratio
1409 1444 1478 1497 illi
1514 1444 1728 1498 obviam
1765 1460 1912 1499 sum-

324 1536 432 1588 mis
484 1536 684 1587 amoris
737 1536 1223 1603 signiﬁcationibus
1296 1537 1638 1604 procedente.
1687 1538 1791 1590 Sed
1843 1538 1910 1591 de

330 1629 391 1682 8.
427 1627 704 1681 Pancratio
745 1629 968 1697 ejusque
998 1630 1134 1682 actis
1189 1644 1251 1682 ac
1279 1632 1535 1695 martyrio
1566 1629 1905 1683 Tauromenii

323 1722 488 1774 obitis
517 1721 771 1774 nonnulla
808 1720 971 1774 refert
1005 1737 1069 1775 ex
1100 1721 1379 1775 Gallicano
1412 1722 1685 1775 Breviario
1715 1711 1908 1775 excer-

319 1827 412 1882 pta
449 1814 508 1867 D.
542 1813 791 1868 Bocchus
829 1815 1016 1868 Pirrtts
1046 1817 1098 1867 in
1132 1816 1270 1867 notis
1313 1813 1767 1868 Tauromenitana:
1798 1813 1907 1867 Ec.

317 1904 512 1966 desire,
562 1907 702 1974 apud
735 1920 896 1974 quem
948 1905 1112 1958 etiam
1149 1904 1299 1971 plura
1331 1907 1394 1958 ad
1441 1908 1574 1960 hanc
1608 1905 1902 1959 Ecclesiam

315 1998 621 2066 spectantia
679 1997 843 2065 leges.
907 1994 1016 2052 Nos
1062 2008 1145 2050 sat
1194 1997 1470 2059 habemus,
1530 2010 1586 2051 ut
1631 2002 1902 2068 synupsim

315 2089 608 2160 quamdam
673 2088 789 2157 ejus
841 2089 1097 2142 Ecclesia:
1147 2089 1232 2142 hic
1283 2091 1688 2157 praemittamns,
1748 2099 1903 2156 prout

316 2189 563 2234 nostrum
616 2169 917 2232 institutum
978 2177 1233 2246 postulat,
1283 2191 1493 2232 summa
1543 2180 1904 2247 perstringere

314 2274 517 2342 capita.
546 2271 605 2325 S.
643 2270 933 2324 Pancratio
985 2269 1247 2325 succvssit
1304 2270 1560 2337 Evagrius
1591 2270 1707 2336 ejus
1741 2269 1901 2321 dist-i-

315 2362 510 2431 pulus;
547 2361 778 2430 Evagrio
807 2359 867 2415 S.
901 2359 1186 2418 Maximus.
1241 2361 1398 2415 ambo
1432 2376 1458 2413 a
1492 2359 1550 2414 S.
1586 2361 1743 2414 Petro
1774 2377 1903 2414 con-

315 2455 522 2508 secrati
570 2452 830 2522 episcopi,
863 2451 1067 2520 primus
1120 2450 1323 2512 nonne,
1355 2467 1474 2504 cum
1508 2462 1650 2505 esset
1697 2453 1901 2521 legatus

321 2557 391 2599 eo
445 2543 643 2596 missus
674 2557 702 2594 a
746 2542 808 2596 S.
836 2541 1157 2605 Pancratio;
1216 2541 1484 2594 secundus
1530 2539 1896 2610 Tauroiieuii,

325 2649 452 2687 cum
506 2632 579 2685 ibi
607 2648 672 2686 ex
715 2631 898 2686 itinere
953 2641 1275 2684 moraretur.
1329 2630 1401 2682 De
1447 2629 1624 2696 priore
1673 2641 1899 2683 testatur

313 2723 655 2778 Gallicanum
700 2721 1054 2783 Breviarium,
1089 2721 1230 2790 quod
1261 2736 1360 2791 ego
1390 2735 1510 2774 cum
1543 2735 1715 2774 essem
1751 2720 1896 2774 Tau-

310 2813 565 2877 romenii,
618 2812 856 2866 oblatum
901 2828 930 2866 a
977 2810 1211 2876 civibus,
1267 2811 1410 2879 legi:
1443 2824 1506 2863 ex
1553 2825 1659 2880 quo
1714 2811 1893 2865 itidem

309 2903 500 2958 Pirrus
526 2903 578 2956 in
607 2919 702 2958 sua
737 2901 927 2957 notitia
969 2901 1204 2956 secoudo
1251 2900 1368 2955 loco
1397 2910 1516 2967 post
1552 2899 1893 2954 Pancratium

308 2996 500 3052 statuit
548 2996 866 3065 Evagrium.
901 2994 1291 3049 Testimonium
1341 2993 1599 3046 Breviarii
1646 2994 1897 3061 produci-

308 3106 430 3145 mus
475 3090 545 3142 ad
592 3089 869 3142 homiliam
915 3087 982 3142 de
1029 3087 1090 3141 8.
1141 3087 1426 3141 Pancratio
1475 3086 1680 3156 (ltomil.
1724 3089 1889 3154 LVII),

307 3191 435 3235 nota
469 3181 571 3246 l3;
607 3178 948 3249 posterioris,
985 3177 1085 3232 hoc
1115 3186 1192 3232 est
1226 3177 1284 3231 8.
1315 3177 1551 3243 Maximi,
1591 3177 1888 3246 Metaphra-

306 3283 441 3327 atem
475 3273 653 3326 habeo
686 3280 960 3326 auctorem
995 3271 1110 3323 loco
1142 3269 1327 3324 citato.
1373 3269 1541 3338 llujus
1590 3269 1648 3326 S.
1677 3269 1889 3322 Maximi

307 3363 740 3417 anniversariam
787 3360 1240 3415 Tauromenitana
1290 3358 1526 3413 Ecclesia
1574 3361 1887 3413 mt'lltttl'lzlm

307 3456 432 3510 colit
467 3455 646 3522 pridie
679 3453 804 3508 ldus
831 3452 1091 3507 Januarii.
1129 3453 1258 3506 Post
1282 3451 1568 3504 lllaximnm
1602 3452 1733 3504 Nico
1759 3468 1890 3517 pra:-

310 3549 410 3602 luit
431 3546 822 3610 Tauromenio,
852 3547 944 3615 qui
979 3559 1096 3597 cum
1129 3553 1342 3597 centum
1382 3545 1668 3611 nonaginta
1701 3559 1886 3594 novem

310 3639 590 3706 discipulis
641 3637 777 3698 suis,
832 3636 990 3688 Decio
1027 3635 1350 3699 imperatore
1394 3633 1714 3687 Christiana:
1766 3634 1887 3686 tidei

311 3728 683 3783 testimonium
711 3726 859 3780 dedit
890 3732 1082 3778 morte.
1111 3723 1236 3776 Post
1263 3723 1360 3788 hos
1391 3723 1538 3774 tnnlti
1562 3739 1624 3773 cx
1651 3721 1888 3790 epistolis

312 3818 627 3890 pontiﬁcum
657 3826 709 3871 et
739 3816 958 3886 synodis
990 3829 1110 3867 cum
1145 3813 1560 3880 provincialibus
1597 3822 1702 3865 tum
1736 3829 1886 3867 meu-

312 3908 537 3963 menicis
587 3903 1030 3959 Tauromenitani
1073 3901 1313 3972 episcom
1363 3901 1701 3968 colliguntur.
1753 3901 1883 3956 Nam

310 4002 369 4058 S.
403 4001 511 4058 Leo
543 4001 782 4071 pontifex
822 4000 1042 4067 epistola
1093 4011 1251 4068 quam
1285 3996 1347 4049 ad
1382 3995 1659 4051 universos
1690 3998 1887 4052 Siciliae

309 4097 591 4164 episcopos
624 4092 841 4162 scripsit
868 4090 1009 4145 circa
1057 4104 1254 4142 annum
1288 4089 1416 4152 447,
1451 4087 1886 4145 Tauromenitani

312 4189 642 4241 mentionem
695 4183 843 4246 facit,
890 4183 982 4236 sed
1034 4195 1226 4234 nomen
1283 4195 1384 4233 non
1435 4180 1708 4248 exprimit.
1759 4181 1887 4235 Post

315 4278 567 4334 Romana:
625 4276 831 4346 synodo
874 4275 972 4327 sub
1024 4269 1348 4342 Symmacho
1406 4287 1542 4340 papa
1600 4272 1886 4328 celebratae

307 4371 556 4427 interfuit
604 4369 868 4437 Regatus,
903 4363 1392 4418 Tanromenitauus
1438 4364 1756 4431 episcopus;
1792 4361 1884 4417 Vi-

304 4461 503 4518 ctorini
534 4472 587 4513 et
617 4456 909 4513 Secundini
957 4454 1332 4522 episcopormn
1379 4453 1623 4508 meminit
1657 4453 1718 4507 D.
1752 4452 1884 4508 Gre-

302 4553 490 4625 gorius
543 4549 771 4619 epistola
799 4548 864 4601 ad
897 4546 1114 4602 Petrum
1165 4544 1572 4609 subdiaconum,
1609 4545 1751 4600 circa
1783 4561 1884 4599 au-

305 4654 434 4692 num
486 4637 629 4701 649;
679 4634 866 4691 Justus
894 4637 959 4688 ad
999 4633 1282 4689 concilium
1340 4632 1702 4689 Laterauense
1742 4635 1885 4689 venit

303 4727 542 4782 Martino
576 4726 828 4797 pontiﬁce
853 4735 906 4778 et
930 4725 1225 4780 Constante
1251 4725 1606 4792 imperatore;
1642 4724 1706 4778 ad
1737 4738 1885 4777 oecu-

307 4822 578 4874 menicam
649 4820 910 4889 synodum
959 4835 1008 4873 vt
1059 4817 1412 4872 Constantino
1478 4819 1634 4870 tertio
1694 4826 1884 4872 contra

309 4912 692 4967 Monothelitas
740 4911 992 4966 convenit
1038 4926 1159 4966 cum
1194 4910 1404 4965 caeteris
1450 4908 1640 4965 Petrus
1675 4911 1884 4979 episco-

313 5019 416 5075 pus
458 5004 981 5066 Tauromcnitanus;
1021 5002 1263 5072 septimae
1311 5016 1456 5065 vero,
1493 5016 1610 5068 qua:
1654 5000 1753 5054 fuit
1791 4999 1886 5054 Ni-

307 5110 459 5151 caea
514 5111 574 5158 ιι,
627 5105 818 5150 contra
881 5092 1305 5156 lconomachos,
1361 5089 1709 5146 Constantino
1763 5107 1881 5146 cum

298 5187 459 5243 lrene
515 5195 689 5241 matre
743 5186 944 5254 impp.,
998 5183 1234 5238 Joannes
1291 5181 1552 5237 interluit.
1604 5180 1734 5237 Post
1786 5186 1884 5238 hos

300 5280 506 5350 legitur
557 5279 850 5334 Zacharias
896 5275 1383 5330 Tattromenilantts
1431 5277 1737 5344 episcopus,
1788 5292 1884 5332 seu

299 5373 488 5445 potius
518 5369 994 5440 pseudepiscopus,
1029 5380 1086 5420 ut
1117 5369 1168 5422 iu
1206 5370 1348 5423 notis
1376 5368 1646 5422 Anastasii
1686 5369 1883 5422 Biblio-

299 5461 533 5518 thecarii
567 5462 766 5530 legitur
789 5462 854 5513 ad
877 5460 1161 5514 concilium
1183 5460 1406 5528 vut,qui
1438 5459 1611 5513 Photii
1641 5459 1884 5527 partibus

299 5554 439 5609 favit
469 5570 485 5606 :
511 5554 606 5608 sed
636 5568 704 5605 an
733 5552 822 5604 hic
853 5551 920 5604 sit
950 5552 1089 5604 idem
1129 5560 1290 5618 atque
1343 5551 1429 5602 ille
1468 5548 1759 5604 Zacharias
1791 5552 1882 5619 qui

275 5654 670 5722 ,cognomento
729 5645 944 5713 Copltus
977 5644 1047 5698 sit
1092 5643 1288 5706 dictus,
1338 5652 1395 5696 ut
1437 5641 1573 5695 Pirri
1621 5643 1884 5712 scriptum

294 5738 544 5810 reliquit,
575 5745 628 5796 et
669 5751 736 5792 an
764 5734 1154 5807 archiepiscopi
1205 5734 1355 5787 titulo
1407 5745 1596 5788 auctus
1627 5750 1652 5786 ει
1692 5732 1883 5791 Photio

2037 441 2198 495 fuerit
2263 447 2771 516 pscudopatriarcha
2837 451 3275 526 Constantinop.,
3313 460 3609 532 disputabi-

2030 545 2150 584 mus
2183 533 2340 598 intra,
2373 535 2400 605 §
2429 554 2508 591 ιιι.
2546 538 2679 593 llnic
2710 541 3004 610 Zacharia',
3052 551 3159 608 iam
3191 551 3242 602 in
3271 555 3476 621 synodo
3513 574 3603 612 \‘tll

2029 628 2364 678 wcnmenica
2414 629 2498 694 dej
2521 631 2658 682 osito
2693 641 2747 684 ttt
2776 632 3140 701 schistuatico,
3180 655 3276 693 nec
3303 646 3605 715 pmnitenti,

2027 718 2289 771 successit
2342 717 2697 790 Theophanes
2731 724 3017 779 Cerameus
3064 743 3414 790 consecratus
3471 749 3608 792 tem-

2026 823 2154 875 pore
2207 811 2320 876 ipso
2369 816 2647 883 t-Ompusiti
2697 817 3010 873 schismatis
3055 829 3106 872 et
3153 825 3297 888 pacis
3351 830 3607 885 restituta:

2021 894 2278 952 Ecclesia:
2337 899 2639 970 Orientali,
2714 907 2854 974 qunti
2920 911 3195 965 evidenter
3256 921 3605 978 ostendemus

2021 993 2284 1054 protentio
2313 989 2373 1057 ll,
2408 992 2434 1064 §
2469 1009 2521 1047 tv
2550 1009 2601 1048 et
2641 1012 2756 1061 vu;
2808 1010 2996 1054 nostro
3053 1011 3233 1058 autem
3293 1005 3602 1079 Theophani

2023 1081 2345 1151 subrogatus
2398 1087 2604 1141 videtur
2632 1089 2688 1141 S.
2720 1089 3032 1162 Procopius,
3075 1097 3166 1166 qui
3211 1114 3354 1152 anno
3400 1102 3604 1160 Christi

2020 1173 2144 1238 905,
2177 1171 2374 1231 Leonis
2409 1179 2653 1246 imperat.
2693 1197 2838 1246 xxvi,
2869 1184 2968 1237 sub
3002 1184 3322 1242 Abracheno
3351 1191 3603 1252 Africano

2018 1265 2412 1324 Saracenorum
2463 1287 2584 1341 rege
2636 1273 2922 1328 invadente
2953 1286 3006 1331 et
3046 1291 3346 1349 occupante
3397 1284 3604 1342 Tauro-

1957 1421 1970 1436 δ
2016 1359 2274 1425 menium,
2337 1363 2478 1431 quod
2537 1377 2867 1434 posuemum
2925 1367 3026 1422 fuit.
3079 1372 3130 1423 in
3188 1371 3457 1430 Siciliensi
3514 1379 3601 1433 illa

2015 1449 2167 1536 clade
2197 1461 2356 1518 atque
2389 1454 2625 1520 pernicie
2653 1466 2866 1526 captum
2893 1459 3146 1528 oppidum
3171 1476 3186 1524 ;
3219 1463 3325 1527 ille,
3357 1466 3597 1536 inquam,

2014 1535 2072 1591 S.
2104 1535 2398 1607 Procopius
2450 1542 2765 1613 martyrium
2803 1558 2990 1611 passus
3039 1555 3162 1602 est:
3195 1550 3335 1618 quod
3373 1535 3600 1606 habetur

2013 1642 2078 1682 ex
2114 1626 2231 1681 Vita
2266 1630 2506 1698 ejusdem
2541 1633 2598 1684 8.
2637 1631 2905 1702 Procopii,
2955 1650 3116 1705 quam
3150 1636 3383 1695 Joannes
3415 1642 3601 1696 diaco-

2015 1735 2115 1772 nus
2178 1718 2561 1798 Neapolitanus
2621 1723 2852 1778 intexuit
2900 1726 2950 1779 in
3009 1742 3072 1781 ea
3128 1731 3433 1784 narratione
3493 1749 3598 1800 qua

2015 1811 2417 1866 translationem
2479 1815 2722 1883 corporis
2776 1800 2835 1871 S.
2883 1816 3127 1872 Severini
3183 1836 3245 1875 ex
3286 1819 3586 1877 Lucullana

2010 1903 2234 1958 castello
2268 1921 2362 1974 per
2394 1908 2736 1962 occasionem
2792 1909 3004 1964 timoris
3035 1910 3102 1965 de
3132 1893 3444 1968 eorumdem
3497 1914 3597 1969 Sa-

2009 2010 2330 2050 racenorum
2369 1999 2675 2053 incursione
2709 2000 2884 2054 coorti
2931 2002 3207 2056 describit.
3242 2002 3370 2056 Eam
3409 2005 3508 2075 legi
3541 2007 3593 2060 in

2010 2091 2378 2144 monumentis
2437 2107 2565 2146 mss.
2614 2090 2673 2146 P.
2710 2090 2922 2146 Octavii
2955 2092 3198 2160 Caetani,
3253 2110 3369 2162 qua:
3415 2104 3591 2151 tamen

2007 2178 2184 2232 adhuc
2209 2179 2307 2233 sub
2341 2178 2536 2235 incude
2589 2189 2891 2236 tornantur.
2927 2181 3051 2236 llaec
3097 2182 3337 2237 Ecclesia
3385 2185 3594 2239 Tauro-

2007 2269 2282 2323 menitana
2331 2270 2396 2324 de
2444 2272 2730 2340 episcopali
2787 2271 2943 2326 simul
2987 2279 3041 2327 et
3085 2273 3300 2341 politico
3366 2273 3593 2330 ﬂorente

2006 2367 2148 2414 statu
2207 2360 2442 2426 decidit;
2498 2361 2594 2416 sed
2631 2360 2870 2429 profecto
2911 2363 3108 2428 decuit,
3140 2372 3195 2417 ut
3245 2379 3363 2432 qua:
3414 2364 3592 2420 fuerat

2005 2452 2262 2520 martyris
2297 2451 2353 2505 S.
2382 2449 2650 2505 Pancratii
2691 2453 2848 2522 primi
2903 2455 3133 2520 pastoris
3173 2458 3436 2524 sanguine
3488 2458 3591 2510 ini-

2007 2539 2157 2601 tiata,
2191 2555 2252 2592 ea
2287 2550 2512 2594 essetet
2554 2541 2814 2610 postremi
2858 2541 3043 2594 itidem
3093 2543 3354 2610 sanguine
3403 2545 3585 2599 censi-

2003 2640 2184 2698 gnata.
2215 2630 2325 2683 Nec
2355 2645 2482 2684 vero
2513 2630 2654 2684 inter
2697 2633 2930 2698 primum
2959 2643 3011 2684 et
3039 2644 3366 2699 postremum
3399 2647 3586 2703 pasto-

2003 2735 2110 2782 res,
2167 2721 2256 2789 qui
2305 2721 2540 2774 animam
2603 2735 2756 2776 suam
2809 2737 2907 2791 pro
2957 2724 3148 2777 ovibus
3207 2725 3584 2793 profuderunt,

2001 2810 2178 2864 ovium
2221 2809 2460 2878 ipsarum
2499 2825 2621 2863 cum
2655 2810 2815 2880 lupis,
2845 2811 2927 2864 vel
2955 2811 3205 2876 ethnicis,
3242 2813 3322 2867 vel
3358 2813 3587 2869 Sarace-

2001 2901 2085 2955 nis
2117 2899 2416 2956 Christiani
2451 2901 2682 2956 nominis
2727 2901 2972 2956 hostibus
3004 2918 3106 2956 non
3139 2914 3378 2973 spectata
3409 2919 3586 2961 cerla«

2000 2993 2188 3045 mina:
2223 2995 2386 3046 etiam
2415 2992 2615 3047 decoro
2665 2993 2859 3046 civium
2900 3009 3115 3046 snormn
3155 2996 3417 3065 sanguine
3457 3013 3586 3052 cen-

1999 3097 2183 3149 spersa
2213 3091 2267 3136 et
2293 3091 2502 3148 ornata,
2553 3095 2608 3137 ut
2632 3083 2749 3136 alia:
2779 3081 2980 3147 multm,
3017 3084 3252 3137 Ecclesia
3296 3085 3586 3142 Taurome-

2000 3171 2206 3224 nitana.
2231 3171 2470 3226 Ostensae
2495 3172 2620 3224 mihi
2650 3181 2775 3224 sunt
2797 3169 3138 3224 Tauromenii
3171 3173 3339 3242 plena:
3363 3175 3582 3229 OSalbllI

1999 3278 2173 3331 capsa:
2205 3263 2345 3328 duae,
2375 3277 2495 3331 qua:
2543 3263 2723 3316 multis
2771 3273 2894 3316 ante
2943 3264 3098 3316 annis
3131 3263 3185 3317 in
3217 3280 3348 3334 agro
3379 3264 3585 3320 Tauro-

1997 3356 2270 3409 menitano
2302 3372 2406 3410 non
2439 3357 2556 3411 sine
2587 3357 2782 3410 divinis
2813 3356 3196 3411 miraculorum
3255 3359 3578 3415 testimoniis

1997 3452 2211 3505 inventa
2244 3462 2530 3520 erectaque
2566 3463 2709 3517 sunt,
2745 3451 2828 3506 vel
2866 3455 3066 3506 recenti
3113 3455 3287 3508 adhuc
3312 3459 3576 3525 sanguine

1998 3545 2184 3606 tincta,
2218 3553 2270 3598 et
2299 3544 2427 3612 ipsis
2454 3545 2613 3597 etiatn
2658 3543 2847 3598 tnortis
2896 3547 3268 3601 instrumentis
3314 3549 3524 3603 conﬁxa
3554 3565 3569 3604 :

1995 3635 2088 3687 sed
2131 3649 2357 3703 quorum
2397 3647 2718 3700 martyrum,
2779 3637 2998 3702 cujusve
3051 3639 3304 3704 temporis
3343 3639 3428 3691 illa
3466 3643 3575 3694 sint

1997 3727 2230 3778 nondum
2263 3735 2592 3792 compertum
2620 3728 2685 3777 ab
2719 3727 2870 3793 ipsis,
2902 3741 3000 3780 nec
3029 3728 3096 3781 ab
3128 3726 3370 3782 Bouiano
3403 3731 3573 3797 ponti-

1995 3815 2094 3868 ﬁce
2120 3817 2409 3870 sancittnn.
2441 3815 2706 3869 (λειω-ρῳ
2738 3831 2800 3869 ex
2833 3817 3075 3871 historiis
3105 3818 3244 3882 aliis,
3274 3834 3336 3872 ac
3379 3819 3574 3874 tabulis

1993 3889 2048 3957 et
2080 3907 2442 3957 monumentis
2470 3905 2583 3957 haec
2643 3904 2989 3974 colliguntur.
3033 3905 3142 3959 Sub
3176 3906 3348 3974 ipsum
3390 3907 3576 3962 Eccle-

1993 4000 2086 4054 siae
2133 4009 2401 4063 exortum,
2469 3998 2712 4067 magistri
2770 4009 2824 4051 et
2873 3998 3134 4052 antistitis
3178 4000 3259 4052 sui
3303 3998 3570 4054 Pancratii

1991 4092 2329 4160 documentis
2365 4091 2659 4156 instructae,
2695 4090 3048 4156 exemploque
3083 4093 3437 4158 conﬁrmatas,
3469 4093 3569 4149 SS.

1989 4181 2243 4238 mulieres
2297 4178 2442 4232 Aisia
2504 4178 2752 4234 Susanna
2795 4189 2848 4232 et
2889 4177 3102 4243 Zeuais,
3135 4180 3200 4233 de
3247 4191 3474 4250 tyranno
3508 4199 3574 4239 ac

1991 4288 2120 4327 sexu
2177 4270 2422 4326 muliebri
2479 4271 2640 4324 morti
2693 4270 3077 4325 occutnbentes
3151 4275 3571 4344 triumpharunt.

1991 4366 2123 4420 Cum
2155 4365 2212 4418 S.
2242 4361 2446 4418 Nicone
2479 4362 2664 4416 itidem
2699 4364 2974 4433 episcopo,
2995 4378 3152 4432 quem
3184 4377 3381 4432 quarto
3410 4382 3572 4437 supra

1993 4458 2359 4510 recensuimus
2407 4455 2546 4520 loco,
2584 4455 2707 4508 cmsi
2752 4464 2897 4518 sunt,
2954 4455 3115 4511 Decio
3153 4467 3442 4512 exercente
3492 4472 3574 4531 ty-

1991 4547 2294 4608 rannidem,
2352 4545 2567 4599 ducenti
2622 4561 2730 4600 uno
2791 4546 3010 4609 minus,
3075 4547 3164 4616 qui
3219 4548 3574 4618 triumphanti

1990 4637 2113 4690 duci
2159 4651 2257 4690 suo
2289 4636 2428 4692 latus
2486 4639 2773 4706 stiparent,
2829 4638 3016 4692 eadem
3064 4639 3248 4694 laurea
3299 4641 3574 4706 redimiti;

1989 4727 2132 4796 quod
2159 4726 2230 4781 ibi
2261 4726 2424 4782 etiam
2475 4727 2774 4795 attigimus.
2806 4729 2876 4782 At
2904 4744 2971 4783 ex
3004 4728 3341 4784 Diocletiano
3394 4731 3573 4800 impe-

1991 4831 2172 4874 ratore
2202 4818 2306 4873 SS.
2338 4817 2542 4888 Speras
2573 4829 2626 4872 et
2655 4817 3010 4876 Cornelianus
3054 4836 3175 4875 cum
3215 4823 3381 4876 sociis
3410 4838 3570 4877 sexa-

1991 4913 2137 4983 ginta
2166 4911 2409 4964 eamdem
2439 4910 2673 4966 retulere
2709 4911 2960 4979 palmam.
2989 4909 3100 4965 Nec
3131 4927 3257 4964 vero
3283 4912 3342 4966 S.
3372 4911 3572 4967 Proco-

1990 5004 2080 5072 pio
2126 5012 2399 5072 postremo
2449 5003 2700 5071 episcopo
2727 5011 2780 5056 et
2809 5011 3044 5071 martyre
3105 5003 3284 5056 socios
3337 5003 3571 5058 abfuisse

1989 5095 2334 5156 crediderim,
2371 5082 2421 5146 in
2453 5094 2540 5148 illa
2592 5094 2976 5148 immanissima
3018 5105 3222 5160 strage,
3268 5110 3429 5164 quam
3473 5100 3571 5148 Sa-

1990 5188 2194 5254 raceni,
2247 5186 2570 5242 Christiana:
2638 5186 2913 5255 religionis
2965 5185 3304 5240 intesnssimi
3367 5189 3569 5250 hostes,

1991 5280 2231 5351 ejusdem
2291 5294 2454 5335 causa
2489 5279 2771 5340 dederunt,
2820 5278 2932 5348 jam
2978 5290 3136 5349 capto
3183 5279 3566 5340 Tauromenio,

1991 5385 2220 5438 quorum
2254 5369 2512 5423 fortassse
2565 5383 2722 5422 sacra
2755 5367 2986 5437 λείψανα
3019 5353 3145 5423 sunt
3170 5385 3287 5436 qua:
3328 5370 3569 5437 superio-

1988 5463 2141 5518 ribus
2189 5463 2346 5516 annis
2396 5461 2610 5515 inventa
2659 5461 2773 5530 jam
2823 5463 3089 5517 asservari
3133 5462 3241 5514 dixi
3272 5462 3325 5513 in
3367 5460 3566 5527 majore

1989 5555 2340 5614 Tauromenii
2375 5553 2592 5622 templo.
2626 5551 2851 5607 Demum
2881 5568 2982 5606 nec
3017 5551 3278 5621 virginum
3310 5566 3411 5604 nec
3441 5564 3568 5602 con-

1992 5649 2258 5702 fessorum
2321 5642 2544 5698 ﬁoribus
2604 5656 2759 5698 sacer
2821 5639 3310 5695 Tauromenitanus
3377 5639 3568 5692 hortus

1998 5736 2193 5800 caruit,
2229 5748 2454 5801 quorum
2487 5733 2618 5787 odor
2651 5732 2755 5788 late
2793 5740 3113 5810 pervagatus
3143 5729 3233 5786 sit.
3265 5729 3338 5784 Ex
3369 5728 3565 5786 horum
