4062 6214
313 347 388 411 63
1334 338 1733 399 FRANCISCI
1774 339 1892 396 SCC

2003 338 2035 395 ,ι
2078 335 2511 396 PRO(EMIUM
2553 337 2594 397 l.
3514 314 3586 404 τὶ)

308 474 424 514 nus
475 456 790 519 Grctserus,
847 454 1028 523 quiet
1080 453 1323 521 sequenti
1373 452 1616 521 proxime
1647 466 1899 520 paragra-

323 554 440 622 pho
472 548 710 617 ejusdem
737 546 934 615 capitis
963 546 1027 600 de
1059 556 1245 598 nostro
1275 544 1641 598 testimonium
1673 541 1899 610 profert.

327 638 660 694 Tauromenii
710 637 768 691 in
801 635 991 691 Sicilia
1035 635 1226 688 colitur
1255 633 1469 702 antiqua
1523 633 1695 700 imago
1740 629 1904 684 beata:

340 730 560 800 Virginis
592 745 695 782 non
739 727 1049 795 manufacta
1073 743 1095 791 ;
1141 725 1313 793 qualis
1356 724 1513 778 etiam
1561 739 1672 776 esse
1699 724 1905 775 videtur

323 823 415 876 illa
469 821 718 888 Deiparte
768 820 944 889 imago
995 817 1248 871 dit-initus
1295 817 1436 885 picta
1486 829 1603 884 qum
1627 814 1821 867 colitur
1848 814 1904 865 in

329 913 478 966 Valle
541 910 741 975 Viridi,
789 912 843 965 in
894 920 1067 964 monte
1106 908 1301 972 xEtna,
1349 918 1406 960 ut
1441 906 1619 960 scribit
1648 905 1901 959 Octavius

311 1006 703 1060 Constantinus
753 1003 896 1075 tlcge
953 999 1269 1065 Caetanns;
1311 998 1700 1055 Constantinus
1756 999 1901 1053 enim

308 1107 400 1152 est
451 1111 657 1150 nomen
707 1095 868 1148 unius
927 1108 992 1148 ex
1061 1092 1319 1145 fratribus
1385 1091 1625 1161 ejusdem
1666 1087 1901 1151 Octavii,

312 1187 578 1243 monachi
616 1196 670 1239 ct
732 1183 942 1239 abbatis
979 1182 1188 1238 ordinis
1244 1182 1426 1237 Sancti
1476 1179 1756 1234 Benedicti
1789 1179 1806 1247 )
1847 1180 1897 1231 in

318 1277 455 1332 Idea
520 1277 697 1346 operis
748 1277 813 1330 de
872 1275 1072 1329 sanctis
1120 1272 1343 1329 Siciliae.
1400 1273 1579 1343 Atque
1634 1272 1903 1325 hactenus

316 1369 517 1423 thesim
580 1368 710 1422 huic
758 1382 891 1421 mea:
949 1364 1264 1420 tractationi
1323 1364 1582 1435 praetexui
1628 1378 1692 1416 ex
1718 1362 1902 1416 relatis

315 1477 346 1512 a
398 1460 662 1516 Gretscro
688 1477 703 1513 :
729 1467 785 1514 et
826 1474 891 1514 ex
937 1471 1139 1528 genere
1163 1458 1353 1510 harum
1396 1455 1612 1509 iconum
1647 1455 1900 1509 universo

318 1546 479 1601 tidem
515 1545 652 1599 mihi
712 1544 938 1609 munivi,
996 1553 1196 1598 utnon
1257 1543 1536 1597 videretur
1586 1542 1899 1598 incredibile

325 1636 694 1707 hujuscemodi
763 1636 1055 1704 imaginem
1141 1633 1561 1706 ἀχειροποίητον
1624 1634 1900 1689 exstitisse

322 1726 692 1792 Tauromenii,
756 1739 880 1782 cum
927 1724 1062 1779 alias
1099 1724 1227 1779 alibi
1253 1739 1319 1779 ex
1380 1725 1545 1780 certis
1584 1725 1899 1780 auctoribus

316 1827 537 1872 exstare
573 1826 761 1871 notum
816 1816 910 1871 sit.
965 1814 1103 1881 Quid
1157 1814 1320 1885 igitur
1349 1814 1415 1870 de
1438 1814 1898 1870 Tauromenitana

316 1909 559 1979 imagine
616 1907 758 1964 diva:
810 1906 1047 1977 Virginis
1099 1923 1202 1961 non
1253 1904 1583 1971 manufacta,
1616 1906 1899 1961 dixerim?

316 2000 585 2070 Equidem
624 2008 775 2054 certa
814 2013 913 2068 pro
970 1997 1152 2063 certis,
1212 1997 1454 2067 conjecta
1487 2011 1585 2066 pro
1642 1997 1898 2067 conjectis

312 2092 495 2147 dabo:
558 2106 740 2160 neque
801 2090 946 2145 enim
1000 2089 1051 2143 in
1120 2097 1269 2142 tanta
1323 2089 1642 2157 antiquitate
1684 2098 1895 2159 tempo—

314 2197 436 2237 rum
465 2190 523 2237 et
565 2180 811 2236 historia:
861 2178 1085 2249 penuria
1130 2178 1309 2248 potius
1332 2176 1548 2232 faciam.
1608 2177 1898 2233 Exstitisse

318 2271 637 2342 huiusmodi
685 2271 974 2342 imaginem
1024 2269 1453 2341 ἀχειροποίητον
1506 2280 1559 2325 et
1599 2271 1896 2336 religiosis-

315 2366 454 2421 sime
530 2363 885 2418 Tauromenii
939 2361 1145 2417 cultam
1217 2362 1568 2430 Theophanis
1629 2373 1895 2433 tempore,

314 2467 482 2529 atque
522 2458 688 2511 etiam
743 2464 853 2511 toto
908 2455 1002 2511 illo
1030 2462 1275 2524 tempore
1329 2454 1473 2523 quod
1506 2452 1893 2509 Saracenicam

320 2548 667 2619 tyrannidem
689 2548 1000 2611 antecessit,
1048 2546 1192 2601 haud
1219 2546 1269 2600 in
1321 2545 1540 2600 dubium
1568 2548 1888 2602 vertendum

328 2640 465 2697 mihi
507 2640 739 2703 videtur,
769 2654 882 2694 cum
932 2648 1037 2692 tam
1066 2638 1270 2693 diserte
1306 2637 1518 2691 duobus
1573 2639 1624 2691 in
1661 2638 1796 2693 locis
1825 2641 1892 2693 de

320 2743 387 2781 ea
484 2726 830 2795 Theophanes
884 2727 1216 2792 meminerit,
1280 2736 1335 2782 et
1383 2726 1645 2797 glorietur
1699 2728 1749 2781 in
1801 2742 1898 2782 sua

312 2818 559 2875 Ecclesia
582 2828 638 2874 et
667 2820 822 2875 urbe.
841 2819 1110 2875 Caeterum
1146 2819 1288 2874 unde
1310 2829 1364 2875 et
1388 2820 1650 2888 originem
1693 2819 1897 2874 habue-

314 2912 407 2980 rit,
440 2927 551 2983 qoa
584 2926 752 2982 opera
778 2910 991 2977 eti'ecta,
1023 2920 1078 2967 et
1107 2927 1176 2966 an
1213 2916 1544 2983 archetypon
1584 2912 1893 2984 εἰιὰχειρόο

310 3020 561 3069 τευκτον,
604 3019 675 3059 an
731 3013 984 3074 ectypon,
1043 3002 1149 3059 hoc
1201 3014 1286 3060 est
1336 3020 1398 3059 ex
1460 3013 1746 3075 prototypo
1798 2998 1901 3059 ex;

312 3111 565 3166 psessum
628 3096 1001 3159 simulacrum,
1041 3096 1204 3166 idque
1267 3096 1382 3151 sive
1440 3096 1722 3162 miraculo,
1773 3096 1891 3152 sive

311 3187 541 3257 pictoris
629 3201 796 3258 opera
889 3186 1301 3242 accuratissime
1361 3186 1692 3253 deductum;
1753 3190 1894 3258 quod

316 3291 494 3334 tamen
550 3277 696 3334 idem
746 3279 889 3349 quod
946 3277 1281 3348 archetypon
1341 3292 1539 3332 nomen
1602 3279 1896 3350 ἀχειροπο-

314 3370 467 3442 ίητον
495 3371 753 3433 retineat,
795 3369 937 3438 quod
966 3370 1107 3423 illius
1143 3367 1215 3423 sit
1268 3369 1460 3432 instar,
1497 3370 1642 3439 quod
1672 3370 1725 3423 in
1757 3370 1895 3424 mul-

312 3458 387 3511 tis
429 3454 804 3526 hujuscemodi
860 3464 973 3509 tum
1021 3454 1246 3521 Christi,
1285 3463 1398 3508 tum
1452 3454 1693 3525 Deiparze
1719 3458 1895 3513 conti-

310 3547 460 3617 gisse
509 3534 656 3602 idem
729 3544 1023 3602 Gretserus
1076 3555 1270 3601 auctor
1314 3556 1419 3602 est.
1470 3546 1737 3604 Praeterea
1783 3565 1894 3619 quo

311 3635 423 3690 alio
445 3635 736 3701 miraculo,
776 3650 885 3705 quo
911 3642 1154 3703 tempore
1187 3634 1396 3705 perlata
1429 3634 1880 3704 Tauromenium,

312 3726 457 3780 idem
495 3725 676 3779 dicam
730 3724 875 3794 quod
923 3724 1087 3792 paulo
1131 3731 1260 3779 ante
1308 3723 1604 3779 Gretserus
1629 3724 1696 3780 de
1752 3726 1893 3780 ima-

313 3815 440 3885 gine
489 3814 736 3885 Deipara:
768 3829 874 3870 non
909 3813 1219 3870 manufacta
1281 3814 1523 3871 Conissze
1567 3820 1884 3873 monasterii

316 3922 485 3977 prope
503 3906 786 3970 Cabalam,
836 3905 969 3961 nihil
994 3906 1121 3961 alibi
1147 3906 1214 3961 de
1238 3905 1722 3974 Tauromenitana,
1748 3912 1890 3980 quod

310 4000 505 4062 sciam,
569 3999 851 4054 traditum.
929 3996 1004 4052 De
1069 3998 1243 4054 altero
1300 4013 1452 4064 vero,
1508 4000 1655 4069 quod
1717 4015 1884 4071 supra

309 4105 704 4161 preposueram
726 4090 1063 4161 agitandum,
1091 4103 1160 4143 an
1206 4090 1384 4159 imago
1416 4089 1589 4145 beata:
1616 4090 1882 4162 Virginis,

310 4201 476 4254 quam
527 4184 689 4238 hodie
716 4181 1162 4237 Tauromenitani
1198 4197 1293 4251 per
1313 4197 1580 4237 summam
1636 4184 1889 4252 pietatem

312 4275 523 4336 colunt,
579 4287 744 4342 quam
780 4280 1061 4339 patronam
1120 4269 1411 4341 appellant,
1469 4271 1525 4325 in
1571 4287 1674 4339 qua
1695 4288 1887 4327 eorum

306 4382 437 4439 spes
476 4380 719 4435 opesque
763 4367 817 4420 in
868 4363 1026 4418 rebus
1068 4361 1281 4418 amictis
1325 4365 1468 4429 sita),
1510 4363 1652 4432 quod
1716 4365 1881 4419 etiam

2018 463 2181 517 quam
2210 447 2413 501 fontem
2452 450 2694 502 omnium
2752 449 3047 520 gratiarum
3079 450 3321 518 uberem,
3356 453 3580 523 petitum

2010 553 2178 609 aquas
2200 550 2490 594 accurrunt
2514 559 2526 593 :
2552 556 2613 595 ac
2632 541 2712 594 vix
2729 556 2823 610 per
2848 543 3030 597 urbem
3051 543 3340 614 circumagi
3356 545 3586 602 solemm

2010 633 2403 701 supplicatione
2452 639 2652 701 empta,
2701 648 2820 686 cum
2894 648 3011 688 eam
3080 635 3440 692 intermittere
3490 653 3585 692 co-

2010 733 2213 792 guntur
2256 738 2284 777 a
2326 724 2500 793 pluvia
2557 723 2736 778 obruti
2802 734 2853 780 et
2882 725 3104 790 madidi,
3156 729 3245 795 qui
3293 744 3411 782 eam
3446 730 3582 785 sicci

2011 814 2363 884 sitientesqne
2410 816 2769 883 inchoarant;
2828 818 2971 885 quod
3034 832 3099 871 ex
3151 819 3333 873 ntultis
3371 819 3585 874 Tauro-

2010 906 2302 960 menitanis
2369 906 2471 959 lide
2522 908 2696 976 dignis
2746 915 3115 962 contestatam
3170 909 3377 978 accepi,
3450 924 3573 963 cum

2010 996 2357 1050 Tauromenii
2396 999 2583 1052 harum
2624 1014 2800 1053 rerum
2859 999 3355 1067 cognoscendarum
3407 1014 3572 1053 causa

2009 1105 2397 1146 commorarer.
2452 1093 2509 1144 Et
2541 1108 2671 1147 sane
2718 1110 2779 1147 ex
2814 1092 2916 1146 alia
2950 1102 3103 1162 parte
3134 1093 3378 1162 legimus,
3403 1093 3581 1149 Theo-

2008 1183 2240 1250 phanem
2275 1185 2325 1236 in
2376 1184 2593 1238 bomilia
2636 1186 2812 1239 habita
2841 1188 2905 1240 de
2937 1187 3087 1255 plaga
3118 1186 3380 1241 siccitatis
3407 1187 3572 1258 (hom.

2009 1272 2154 1342 uti)
2193 1275 2256 1327 ad
2299 1275 2511 1328 beatam
2568 1274 2844 1347 Virginem
2898 1280 3298 1346 perorationem
3342 1296 3574 1334 conven-

2011 1373 2145 1427 tere,
2198 1366 2354 1437 eique
2415 1368 2739 1438 supplicare,
2794 1386 2862 1424 ne
2910 1385 3064 1426 suam
3110 1372 3580 1426 civitatcmdesti-

2012 1465 2124 1508 tnat
2170 1457 2221 1510 in
2270 1459 2387 1526 ejus
2436 1462 2655 1514 nomine
2710 1461 3073 1530 gloriantem:
3131 1478 3293 1532 quam
3351 1463 3577 1532 gloriam

2008 1548 2074 1599 ad
2133 1549 2423 1621 imaginem
2456 1568 2562 1607 non
2603 1553 2970 1609 manui-actam
3006 1571 3114 1609 non
3151 1555 3425 1609 immerito
3454 1556 3577 1623 quis

2009 1634 2228 1704 referat,
2287 1646 2343 1693 ut
2391 1640 2461 1696 ibi
2507 1642 2910 1698 adnotavimus.
2976 1643 3143 1698 Multa
3178 1644 3281 1697 alia
3318 1653 3582 1713 praeterea

2009 1731 2063 1784 in
2102 1733 2248 1787 omni
2303 1748 2500 1803 genere
2544 1736 2683 1790 dona
2746 1736 3007 1790 miraculo
3083 1745 3322 1806 aCCepta,
3366 1743 3419 1789 et
3462 1736 3582 1805 ejus

2008 1821 2113 1877 ﬁde
2154 1822 2446 1892 implorata
2481 1840 2645 1895 supra
2673 1825 2965 1881 humanam
2996 1839 3149 1895 opem
3191 1825 3380 1879 cﬂ'ecta
3415 1839 3581 1892 opera

2006 1915 2253 1985 quotidie
2297 1916 2498 1983 ferunt,
2532 1927 2584 1972 et
2609 1926 2983 1973 contestantur
3024 1932 3127 1972 non
3162 1916 3350 1971 incola:
3378 1917 3582 1980 solum,

2008 2004 2103 2059 sed
2157 2006 2322 2059 etiam
2374 2006 2581 2059 exteri:
2645 2007 2788 2060 inter
2842 2020 2979 2074 quos
3024 2020 3128 2058 non
3182 2004 3402 2059 silentio
3436 2019 3577 2068 pra:-

2007 2096 2306 2151 tereundns
2381 2095 2442 2149 D.
2494 2095 2841 2158 Franciscus,
2901 2095 3178 2149 Romanus
3235 2093 3578 2158 Catanensis,

2004 2188 2263 2242 sacerdos
2310 2187 2452 2242 haud
2497 2187 2663 2241 multo
2716 2187 2922 2253 pridem
2963 2186 3018 2240 in
3070 2185 3357 2255 collegium
3407 2200 3578 2240 cano-

2009 2276 2258 2330 nicorum
2288 2276 2544 2333 Ecclesia:
2570 2275 2973 2331 Panormitanze
3009 2277 3202 2331 merito
3222 2287 3577 2347 aggregatus,

2005 2364 2363 2421 concionandi
2402 2381 2625 2421 munere
2661 2375 2715 2422 et
2751 2367 2970 2435 pietatis
2993 2366 3189 2421 ardore
3227 2382 3333 2420 non
3367 2367 3579 2432 vulgari

2012 2456 2294 2526 praeditus,
2330 2457 2422 2527 qui
2454 2473 2574 2512 cum
2636 2457 2985 2513 Tauromenii
3016 2460 3314 2514 conciones
3339 2469 3581 2529 tempore

2010 2547 2450 2618 Quadragesimae
2483 2550 2727 2615 haberet,
2784 2551 2950 2604 multa
2996 2551 3062 2605 ab
3091 2566 3157 2605 ea
3194 2551 3428 2620 imagine
3465 2565 3575 2606 non

2005 2637 2313 2692 manufacta
2371 2654 2431 2693 se
2474 2640 2749 2707 accepisse
2796 2641 2863 2693 ab
2918 2639 3040 2692 aliis
3079 2641 3364 2707 impetrata
3414 2641 3581 2694 mira-

2002 2731 2144 2795 cula,
2198 2731 2365 2785 multa
2410 2730 2463 2784 in
2507 2731 2684 2798 seipse
2733 2739 3014 2800 expertum
3042 2744 3165 2785 esse
3224 2730 3581 2788 mihinarra-

2001 2822 2099 2887 vit,
2143 2831 2198 2877 et
2231 2823 2434 2891 scripto
2474 2836 2538 2876 ac
2584 2820 2951 2891 chirographo
3010 2821 3151 2875 dicta
3211 2823 3577 2892 consignavit.

2002 2914 2266 2969 Caeterum
2305 2913 2435 2968 illud
2494 2913 2658 2967 etiam
2699 2914 2754 2967 in
2818 2912 2918 2967 hac
2959 2927 3019 2967 re
3054 2914 3497 2969 animadversum
3547 2933 3579 2971 a

2003 3003 2300 3060 lectoribus
2355 3005 2540 3068 velim,
2569 3004 2614 3061 si
2660 3004 2748 3058 cui
2793 3004 2862 3060 sit
2893 3020 3240 3073 persuasum,
3284 3006 3574 3077 imaginem

2002 3095 2244 3165 Delparae
2304 3111 2424 3166 quae
2500 3096 2660 3151 hodie
2730 3104 2939 3163 exstat,
2995 3112 3115 3151 eam
3182 3112 3307 3152 esse
3361 3100 3581 3171 ἀχειρο-

2003 3186 2230 3255 ποίητον
2248 3202 2368 3256 quae
2395 3185 2744 3255 Theophanis
2775 3194 3018 3255 tempore
3040 3187 3306 3253 exstabat,
3330 3206 3436 3243 non
3456 3205 3579 3245 esse

2004 3273 2333 3328 censendam
2383 3288 2447 3326 ex
2509 3273 2574 3327 iis
2624 3288 2744 3343 qua:
2793 3271 2849 3327 in
2897 3276 3079 3343 aliquo
3122 3276 3286 3332 linteo
3329 3277 3573 3347 Virginis

2000 3363 2208 3419 vultum
2269 3363 2337 3416 ab
2373 3362 2600 3432 ipsamet
2658 3363 2983 3434 impressum
3028 3366 3208 3422 ferunt
3238 3386 3252 3422 :
3288 3386 3399 3424 non
3428 3373 3572 3427 enim

2000 3468 2065 3510 ea
2112 3453 2296 3509 tabula
2360 3454 2566 3508 vultum
2617 3454 2856 3524 Virginis
2912 3455 3106 3520 solum,
3161 3459 3254 3513 sed
3316 3459 3577 3530 integram

1999 3556 2268 3603 staturam
2322 3548 2597 3601 sedentem
2657 3557 2711 3601 ct
2744 3546 3001 3601 infantem
3039 3546 3223 3604 Jesutn
3267 3560 3570 3621 gestantem

2001 3639 2144 3694 ulnis
2188 3637 2481 3709 exprimit:
2518 3651 2686 3706 quare
2710 3637 2762 3690 in
2807 3637 2979 3691 altero
3003 3653 3197 3704 genere
3219 3641 3573 3715 ἀχειροποιή-

1997 3745 2105 3783 των
2155 3743 2275 3783 eam
2324 3726 2729 3790 accensuerim,
2783 3724 2849 3779 de
2893 3740 3000 3795 quo
3055 3727 3216 3782 etiam
3262 3728 3574 3799 Gretserus,

1999 3830 2058 3873 ut
2095 3820 2405 3890 angelorum
2456 3832 2617 3887 opera
2654 3832 2718 3872 ea
2763 3817 2975 3885 depicta
3012 3820 3102 3884 sit,
3167 3819 3248 3874 vel
3284 3830 3435 3877 certe
3502 3823 3571 3877 ab

1998 3909 2177 3978 aliqua
2231 3925 2337 3964 non
2376 3908 2688 3963 manufacta
2719 3909 2927 3977 pictura
2985 3909 3283 3979 descripta,
3313 3922 3368 3964 ut
3403 3927 3567 3982 supra

1997 4002 2264 4056 dicebam.
2327 4003 2557 4055 Servant
2600 4015 2718 4054 eam
2776 4000 2935 4054 hodie
2978 4000 3029 4053 in
3077 4015 3179 4054 suo
3218 4002 3417 4072 templo
3444 4004 3572 4057 reli‘

1996 4093 2135 4163 giosi
2183 4092 2351 4147 beatre
2392 4091 2631 4159 Virginis
2661 4107 2691 4145 e
2719 4102 2903 4144 monte
2934 4089 3204 4154 Carmelo,
3234 4094 3390 4161 eique
3422 4094 3564 4148 diem

1995 4186 2288 4240 solemnem
2340 4193 2506 4252 agunt
2564 4181 2878 4238 Decembris
2926 4182 3014 4237 die
3051 4192 3265 4246 octavo,
3299 4186 3391 4253 qui
3447 4187 3566 4241 dies

1996 4276 2237 4348 ejusdem
2263 4275 2504 4348 Virginis
2530 4274 2873 4328 immaculato
2918 4273 3198 4341 conceptui
3240 4274 3569 4328 celebrando

1994 4376 2243 4421 sacratus
2292 4373 2397 4419 est.
2455 4363 2640 4417 Tradit
2686 4362 2737 4416 in
2784 4359 2915 4414 Idea
2968 4362 3140 4430 operis
3182 4360 3246 4415 de
3277 4360 3378 4416 SS.
3437 4358 3575 4418 Sici-

305 4455 562 4512 nonnulli
613 4470 720 4511 non
774 4454 1024 4521 vulgares
1064 4452 1165 4507 viri
1230 4469 1334 4508 non
1370 4454 1737 4508 manufactam
1790 4471 1891 4509 το·
1934 4442 2083 4513 “alio:
2138 4457 2394 4513 Octavius
2465 4455 2779 4518 Caetanus,
2834 4454 3178 4508 Tauromenii
3246 4455 3419 4523 primo
3489 4457 3574 4512 die

303 4560 463 4615 cant,
516 4545 765 4601 eamdem
805 4548 878 4600 sit
909 4553 1074 4614 atque
1108 4544 1197 4598 illa
1221 4559 1343 4614 quae
1371 4543 1721 4614 Theolihauis
1746 4557 1885 4600 tem-

308 4653 440 4708 pore
487 4636 809 4701 exstitisset,
859 4634 930 4688 ita
968 4635 1215 4689 utetiam
1265 4633 1458 4703 impias
1488 4633 1887 4690 Saracenorum

304 4744 505 4784 manus
531 4726 801 4799 etingerit,
826 4736 882 4781 et
917 4725 986 4781 ab
1029 4740 1217 4780 eorum
1267 4735 1321 4779 ct
1365 4725 1625 4794 temporis
1677 4724 1891 4793 injuriis

302 4820 609 4883 vindicata,
671 4830 726 4873 et
768 4832 939 4887 usque
985 4816 1051 4871 ad
1107 4817 1206 4871 hoc
1266 4825 1476 4885 tempus
1525 4825 1673 4871 sarta
1738 4826 1880 4873 tecta

314 4925 548 4979 servata,
610 4912 754 4982 quod
808 4919 954 4966 esset
990 4909 1147 4965 alteri
1183 4910 1440 4963 miraculo
1471 4909 1880 4976 ascribendum,

318 5005 566 5073 equidem
594 5006 711 5059 haec
734 5012 1057 5073 argumenta
1083 5001 1277 5066 habeo,
1306 5010 1362 5052 ut
1384 5000 1629 5054 eamdem
1648 5001 1887 5058 credam.

311 5097 552 5151 Primum
599 5096 729 5166 quia
762 5096 920 5166 vulgo
957 5109 1078 5151 eam
1127 5090 1416 5162 Deiparam
1437 5090 1751 5146 Grecorum
1788 5107 1886 5161 ap-

300 5190 540 5262 pellant,
613 5189 755 5244 unde
809 5188 938 5243 mihi
1004 5189 1061 5243 tit
1093 5186 1395 5258 probabile.
1433 5202 1498 5240 ex
1527 5200 1593 5242 eo
1632 5196 1876 5256 tempore

302 5299 420 5355 quo
489 5282 798 5336 Graecorum
848 5279 1089 5336 Ecclesia
1124 5288 1178 5334 et
1227 5280 1364 5333 ritus
1401 5276 1880 5333 Tauromeniiﬂo-

300 5374 584 5436 rescebat,
627 5372 729 5429 hoc
780 5381 864 5425 est
907 5369 1256 5440 Theophanis
1292 5381 1556 5439 tempore,
1614 5383 1733 5423 eam
1782 5384 1881 5438 ap-

303 5465 655 5537 pellationem
680 5466 990 5528 deductam,
1018 5470 1073 5517 et
1112 5477 1205 5531 per
1249 5478 1445 5518 manus
1468 5463 1534 5517 ad
1554 5462 1669 5517 haec
1706 5477 1883 5530 usque

308 5565 555 5625 tempora
621 5556 925 5621 traditam;
986 5553 1177 5608 deinde
1219 5555 1362 5623 quod
1404 5569 1524 5609 eam
1570 5553 1624 5608 in
1675 5568 1887 5609 summa

302 5662 577 5716 aquarum
624 5636 928 5718 pluviarum
980 5647 1233 5717 penuria,
1294 5647 1512 5701 unicum
1570 5655 1888 5713 certumque

296 5740 616 5812 perfugium
671 5741 1118 5798 Tauromenitaui
1158 5733 1383 5805 habent,
1417 5750 1473 5795 ct
1505 5740 1573 5796 ad
1619 5749 1887 5796 eumtan-

1998 4549 2334 4619 Septembris
2373 4547 2637 4603 celebrari
2668 4547 2865 4602 festum
2911 4546 3160 4616 imaginis
3190 4545 3431 4616 Deipara:
3459 4565 3565 4603 non

1999 4638 2359 4706 manul‘actae;
2411 4641 2553 4709 quod
2588 4654 2719 4694 sane
2752 4639 2895 4693 unde
2942 4639 3214 4708 acceperit
3246 4641 3571 4693 miliiadliuc

1996 4737 2284 4803 ignotum:
2322 4732 2416 4788 sed
2469 4748 2590 4787 cum
2643 4732 2731 4786 ille
2765 4731 3213 4801 diligentissimus
3261 4730 3419 4784 fuerit
3488 4730 3575 4784 Si-

1996 4820 2300 4874 ciliensium
2344 4821 2635 4875 rerum'ad
2691 4828 3001 4875 sanctorum
3028 4819 3330 4874 Siculorum
3363 4821 3563 4875 cultum

1995 4912 2377 4982 pertinentium
2425 4914 2726 4981 indagator,
2792 4911 2845 4964 id
2886 4926 3060 4980 neque
3100 4910 3342 4966 refellere
3371 4914 3564 4980 debeo,

1997 5018 2097 5059 nec
2147 5014 2325 5058 tamen
2381 5001 2648 5057 aliirmare
2707 5017 2947 5072 possum.
2996 5000 3130 5057 Nam
3217 5003 3567 5063 Tauromenii

1996 5096 2228 5152 moranti
2279 5097 2408 5151 mihi
2439 5106 2491 5149 et
2539 5095 2605 5150 de
2624 5111 2687 5149 eo
2725 5094 2863 5149 l‘esto
2909 5094 2995 5147 die
3039 5096 3362 5156 sciscitanti.
3419 5101 3554 5153 nihil

2001 5187 2280 5250 traditum.
2326 5188 2427 5242 nisi
2463 5188 2548 5240 die
2600 5186 2744 5240 dicto
2792 5185 3108 5241 Decembris
3138 5198 3334 5241 octavo
3371 5189 3567 5245 festum

1998 5280 2064 5335 ad
2104 5280 2392 5350 imaginem
2442 5277 2685 5345 Deiparas
2717 5277 2829 5345 jam
2860 5288 3239 5346 memoratam,
3273 5296 3567 5348 quamnon

1998 5371 2365 5427 manufaetam
2427 5385 2547 5424 esse
2595 5370 2755 5423 nobis
2782 5369 3191 5438 persuademus,
3243 5372 3434 5425 eodem
3460 5388 3568 5441 quo

1997 5464 2119 5533 ejus
2170 5461 2573 5517 immaculatam
2629 5460 3051 5530 Conceptionem
3098 5461 3381 5516 celebrari.
3434 5460 3571 5517 For—

1998 5567 2145 5612 tasse
2179 5570 2243 5610 ex
2303 5554 2471 5624 ipsius
2530 5551 2878 5622 Theophanis
2911 5554 3132 5608 bomilia
3160 5554 3225 5607 de
3260 5553 3565 5611 indictione

1996 5663 2060 5703 ac
2115 5646 2240 5702 anui
2286 5645 2554 5716 principio
2604 5644 2655 5699 id
2711 5645 2979 5700 Caetanus
3012 5643 3320 5712 coiiegerit:
3355 5644 3411 5699 in
3458 5661 3563 5715 qua

2004 5739 2146 5794 inter
2195 5744 2424 5792 caeteras
2485 5732 2832 5791 celebritates
2888 5730 3049 5801 primi
3087 5730 3427 5802 Septembris
3456 5732 3568 5786 diei
