  <div class='ocr_page' id='page_1' title='image "/cluster/home/n/w/nwhite01/storage/ocr_20150623/132/hvd.32044073502361/041.png"; bbox 0 0 2031 3107; ppageno 0'>
   <div class='ocr_carea' id='block_1_1' title="bbox 238 114 1371 173">
    <p class='ocr_par' dir='ltr' id='par_1_1' title="bbox 238 114 1371 173">
     <span class='ocr_line' id='line_1_1' title="bbox 238 114 1371 173; baseline -0.022 -5"><span class='ocrx_word' id='word_1_1' title='bbox 238 138 271 173; x_wconf 79' lang='grc'><strong>’11</strong></span> <span class='ocrx_word' id='word_1_2' title='bbox 733 121 935 157; x_wconf 67' lang='lat' dir='ltr'><strong>FRANCIFCI</strong></span> <span class='ocrx_word' id='word_1_3' title='bbox 959 119 1092 151; x_wconf 76' lang='lat' dir='ltr'><strong>SCORSI</strong></span> <span class='ocrx_word' id='word_1_4' title='bbox 1113 114 1327 148; x_wconf 70' lang='lat' dir='ltr'><strong>PROOEMIUM</strong></span> <span class='ocrx_word' id='word_1_5' title='bbox 1346 115 1371 143; x_wconf 90' lang='grc' dir='ltr'><strong>Ῐ.</strong></span> 
     </span>
    </p>
   </div>
   <div class='ocr_carea' id='block_1_2' title="bbox 237 183 1029 229">
    <p class='ocr_par' dir='ltr' id='par_1_2' title="bbox 237 183 1029 229">
     <span class='ocr_line' id='line_1_2' title="bbox 237 183 1029 229; baseline -0.027 -1"><span class='ocrx_word' id='word_1_6' title='bbox 237 197 363 228; x_wconf 85' lang='lat' dir='ltr'><strong>meminit</strong></span> <span class='ocrx_word' id='word_1_7' title='bbox 384 194 562 229; x_wconf 78' lang='lat' dir='ltr'><strong>Theophanes</strong></span> <span class='ocrx_word' id='word_1_8' title='bbox 587 189 713 225; x_wconf 76' lang='lat' dir='ltr'><strong>imaginis</strong></span> <span class='ocrx_word' id='word_1_9' title='bbox 745 188 814 215; x_wconf 76' lang='lat' dir='ltr'><strong>divze</strong></span> <span class='ocrx_word' id='word_1_10' title='bbox 834 183 1029 219; x_wconf 79' lang='lat' dir='ltr'><strong>Virginis;cu—</strong></span> 
     </span>
    </p>
   </div>
   <div class='ocr_carea' id='block_1_3' title="bbox 234 227 1030 282">
    <p class='ocr_par' dir='ltr' id='par_1_3' title="bbox 234 227 1030 282">
     <span class='ocr_line' id='line_1_3' title="bbox 234 227 1030 282; baseline -0.028 -7"><span class='ocrx_word' id='word_1_11' title='bbox 234 247 281 282; x_wconf 78' lang='lat' dir='ltr'><strong>jus</strong></span> <span class='ocrx_word' id='word_1_12' title='bbox 305 246 362 273; x_wconf 57' lang='lat' dir='ltr'><strong>hac</strong></span> <span class='ocrx_word' id='word_1_13' title='bbox 395 227 475 270; x_wconf 79' lang='lat' dir='ltr'><strong>verba</strong></span> <span class='ocrx_word' id='word_1_14' title='bbox 500 248 506 266; x_wconf 89' lang='lat'><strong>:</strong></span> <span class='ocrx_word' id='word_1_15' title='bbox 529 239 666 267; x_wconf 68' lang='grc' dir='ltr'>Ἅπαντες</span> <span class='ocrx_word' id='word_1_16' title='bbox 687 231 760 262; x_wconf 60' lang='grc' dir='ltr'>οὗτοι</span> <span class='ocrx_word' id='word_1_17' title='bbox 784 233 831 260; x_wconf 81' lang='grc' dir='ltr'><strong>τοῦ</strong></span> <span class='ocrx_word' id='word_1_18' title='bbox 855 231 952 267; x_wconf 83' lang='grc' dir='ltr'>χρόνου</span> <span class='ocrx_word' id='word_1_19' title='bbox 981 227 1030 262; x_wconf 81' lang='grc' dir='ltr'><strong>τὴν</strong></span> 
     </span>
    </p>
   </div>
   <div class='ocr_carea' id='block_1_4' title="bbox 240 274 1031 328">
    <p class='ocr_par' dir='ltr' id='par_1_4' title="bbox 240 274 1031 328">
     <span class='ocr_line' id='line_1_4' title="bbox 240 274 1031 328; baseline -0.025 -9"><span class='ocrx_word' id='word_1_20' title='bbox 240 274 328 328; x_wconf 57' lang='lat' dir='ltr'><strong>iit)th</strong></span> <span class='ocrx_word' id='word_1_21' title='bbox 336 289 506 323; x_wconf 79' lang='grc' dir='ltr'><strong>ἁγιάζουσιν·</strong></span> <span class='ocrx_word' id='word_1_22' title='bbox 518 287 531 312; x_wconf 80' lang='grc' dir='ltr'>ὁ</span> <span class='ocrx_word' id='word_1_23' title='bbox 543 285 591 320; x_wconf 80' lang='grc' dir='ltr'><strong>μὲν</strong></span> <span class='ocrx_word' id='word_1_24' title='bbox 603 283 699 317; x_wconf 83' lang='grc' dir='ltr'>Σωτὴρ</span> <span class='ocrx_word' id='word_1_25' title='bbox 708 278 899 328; x_wconf 33' lang='grc' dir='ltr'><strong>ἡμῶνἸησοζῦς</strong></span> <span class='ocrx_word' id='word_1_26' title='bbox 923 274 1031 327; x_wconf 48' lang='grc' dir='ltr'><strong>εὐλοῖεϊ</strong></span> 
     </span>
    </p>
   </div>
   <div class='ocr_carea' id='block_1_5' title="bbox 241 322 1031 367">
    <p class='ocr_par' dir='ltr' id='par_1_5' title="bbox 241 322 1031 367">
     <span class='ocr_line' id='line_1_5' title="bbox 241 322 1031 367; baseline -0.023 -4"><span class='ocrx_word' id='word_1_27' title='bbox 317 334 448 367; x_wconf 79' lang='grc' dir='ltr'><strong>στέφανον</strong></span> <span class='ocrx_word' id='word_1_28' title='bbox 478 329 616 358; x_wconf 70' lang='grc' dir='ltr'><strong>ἐνιαυτοῦ.</strong></span> <span class='ocrx_word' id='word_1_29' title='bbox 648 328 681 354; x_wconf 85' lang='grc' dir='ltr'>Ἡ</span> <span class='ocrx_word' id='word_1_30' title='bbox 713 327 741 353; x_wconf 72' lang='grc' dir='ltr'><strong>δὲ</strong></span> <span class='ocrx_word' id='word_1_31' title='bbox 768 325 813 352; x_wconf 70' lang='grc' dir='ltr'><strong>διὰ</strong></span> <span class='ocrx_word' id='word_1_32' title='bbox 847 323 897 357; x_wconf 80' lang='grc' dir='ltr'><strong>τῆς</strong></span> <span class='ocrx_word' id='word_1_33' title='bbox 930 322 1031 356; x_wconf 71' lang='grc' dir='ltr'><strong>σεπτῆς</strong></span> 
     </span>
    </p>
   </div>
   <div class='ocr_carea' id='block_1_6' title="bbox 242 367 1031 412">
    <p class='ocr_par' dir='ltr' id='par_1_6' title="bbox 242 367 1031 412">
     <span class='ocr_line' id='line_1_6' title="bbox 242 367 1031 412; baseline -0.022 -5"><span class='ocrx_word' id='word_1_34' title='bbox 242 380 345 410; x_wconf 81' lang='grc' dir='ltr'><strong>εἰκόνος</strong></span> <span class='ocrx_word' id='word_1_35' title='bbox 361 376 505 412; x_wconf 75' lang='grc' dir='ltr'><strong>τιμωμένη</strong></span> <span class='ocrx_word' id='word_1_36' title='bbox 524 375 660 408; x_wconf 76' lang='grc' dir='ltr'>πάνοιγνος</span> <span class='ocrx_word' id='word_1_37' title='bbox 677 373 812 398; x_wconf 66' lang='grc' dir='ltr'><strong>Δέσποινα.</strong></span> <span class='ocrx_word' id='word_1_38' title='bbox 827 368 941 404; x_wconf 74' lang='grc' dir='ltr'><strong>μεσίτης</strong></span> <span class='ocrx_word' id='word_1_39' title='bbox 964 367 1031 401; x_wconf 57' lang='grc' dir='ltr'><strong>πρὶς</strong></span> 
     </span>
    </p>
   </div>
   <div class='ocr_carea' id='block_1_7' title="bbox 242 411 1028 458">
    <p class='ocr_par' dir='ltr' id='par_1_7' title="bbox 242 411 1028 458">
     <span class='ocr_line' id='line_1_7' title="bbox 242 411 1028 458; baseline -0.022 -6"><span class='ocrx_word' id='word_1_40' title='bbox 242 426 308 452; x_wconf 65' lang='grc' dir='ltr'><strong>Θεὸν</strong></span> <span class='ocrx_word' id='word_1_41' title='bbox 335 423 414 458; x_wconf 78' lang='grc' dir='ltr'>ἡμῶν</span> <span class='ocrx_word' id='word_1_42' title='bbox 438 422 557 456; x_wconf 75' lang='grc' dir='ltr'><strong>γίνεται.</strong></span> <span class='ocrx_word' id='word_1_43' title='bbox 581 420 647 452; x_wconf 64' lang='lat' dir='ltr'><strong>Quae</strong></span> <span class='ocrx_word' id='word_1_44' title='bbox 673 418 776 444; x_wconf 83' lang='lat' dir='ltr'><strong>sicnos</strong></span> <span class='ocrx_word' id='word_1_45' title='bbox 804 415 840 441; x_wconf 86' lang='lat' dir='ltr'><strong>ibi</strong></span> <span class='ocrx_word' id='word_1_46' title='bbox 869 413 962 440; x_wconf 74' lang='lat' dir='ltr'><strong>Latine</strong></span> <span class='ocrx_word' id='word_1_47' title='bbox 990 411 1028 437; x_wconf 86' lang='lat' dir='ltr'><strong>itt-</strong></span> 
     </span>
    </p>
   </div>
   <div class='ocr_carea' id='block_1_8' title="bbox 244 457 1034 505">
    <p class='ocr_par' dir='ltr' id='par_1_8' title="bbox 244 457 1034 505">
     <span class='ocr_line' id='line_1_8' title="bbox 244 457 1034 505; baseline -0.02 -7"><span class='ocrx_word' id='word_1_48' title='bbox 244 457 384 505; x_wconf 77' lang='lat' dir='ltr'><strong>terprctati</strong></span> <span class='ocrx_word' id='word_1_49' title='bbox 412 475 528 496; x_wconf 88' lang='lat' dir='ltr'><strong>sumus:</strong></span> <span class='ocrx_word' id='word_1_50' title='bbox 554 466 592 493; x_wconf 79' lang='lat' dir='ltr'><strong>Ab</strong></span> <span class='ocrx_word' id='word_1_51' title='bbox 616 466 656 491; x_wconf 71' lang='lat' dir='ltr'><strong>his</strong></span> <span class='ocrx_word' id='word_1_52' title='bbox 673 463 792 491; x_wconf 79' lang='lat' dir='ltr'><strong>omnibus</strong></span> <span class='ocrx_word' id='word_1_53' title='bbox 819 459 919 494; x_wconf 78' lang='lat' dir='ltr'><strong>aliquid</strong></span> <span class='ocrx_word' id='word_1_54' title='bbox 936 457 1034 484; x_wconf 75' lang='lat' dir='ltr'><strong>sancti-</strong></span> 
     </span>
    </p>
   </div>
   <div class='ocr_carea' id='block_1_9' title="bbox 244 506 1032 545">
    <p class='ocr_par' dir='ltr' id='par_1_9' title="bbox 244 506 1032 545">
     <span class='ocr_line' id='line_1_9' title="bbox 244 506 1032 545; baseline -0.022 -1"><span class='ocrx_word' id='word_1_55' title='bbox 244 518 306 544; x_wconf 78' lang='lat' dir='ltr'><strong>tatis</strong></span> <span class='ocrx_word' id='word_1_56' title='bbox 334 516 360 542; x_wconf 84' lang='lat' dir='ltr'><strong>in</strong></span> <span class='ocrx_word' id='word_1_57' title='bbox 390 516 437 541; x_wconf 83' lang='lat' dir='ltr'><strong>hoc</strong></span> <span class='ocrx_word' id='word_1_58' title='bbox 456 513 520 540; x_wconf 81' lang='lat' dir='ltr'><strong>uniti</strong></span> <span class='ocrx_word' id='word_1_59' title='bbox 545 511 703 545; x_wconf 76' lang='lat' dir='ltr'><strong>principium</strong></span> <span class='ocrx_word' id='word_1_60' title='bbox 737 507 887 535; x_wconf 84' lang='lat' dir='ltr'><strong>redundat:</strong></span> <span class='ocrx_word' id='word_1_61' title='bbox 920 511 981 530; x_wconf 82' lang='lat' dir='ltr'><strong>nam</strong></span> <span class='ocrx_word' id='word_1_62' title='bbox 1008 506 1032 528; x_wconf 87' lang='lat' dir='ltr'><strong>et</strong></span> 
     </span>
    </p>
   </div>
   <div class='ocr_carea' id='block_1_10' title="bbox 245 552 1033 591">
    <p class='ocr_par' dir='ltr' id='par_1_10' title="bbox 245 552 1033 591">
     <span class='ocr_line' id='line_1_10' title="bbox 245 552 1033 591; baseline -0.02 -1"><span class='ocrx_word' id='word_1_63' title='bbox 245 563 372 591; x_wconf 82' lang='lat' dir='ltr'><strong>Salvator</strong></span> <span class='ocrx_word' id='word_1_64' title='bbox 409 564 498 587; x_wconf 83' lang='lat' dir='ltr'><strong>noster</strong></span> <span class='ocrx_word' id='word_1_65' title='bbox 524 558 644 585; x_wconf 66' lang='lat' dir='ltr'><strong>Christus</strong></span> <span class='ocrx_word' id='word_1_66' title='bbox 672 556 750 583; x_wconf 77' lang='lat' dir='ltr'><strong>Jcsus</strong></span> <span class='ocrx_word' id='word_1_67' title='bbox 776 552 905 580; x_wconf 80' lang='lat' dir='ltr'><strong>benedicit</strong></span> <span class='ocrx_word' id='word_1_68' title='bbox 928 555 1033 577; x_wconf 67' lang='lat' dir='ltr'><strong>coronae</strong></span> 
     </span>
    </p>
   </div>
   <div class='ocr_carea' id='block_1_11' title="bbox 245 595 1033 638">
    <p class='ocr_par' dir='ltr' id='par_1_11' title="bbox 245 595 1033 638">
     <span class='ocr_line' id='line_1_11' title="bbox 245 595 1033 638; baseline -0.02 -2"><span class='ocrx_word' id='word_1_69' title='bbox 245 609 309 636; x_wconf 82' lang='lat' dir='ltr'><strong>anni</strong></span> <span class='ocrx_word' id='word_1_70' title='bbox 326 616 335 635; x_wconf 88' lang='lat'><strong><em>:</em></strong></span> <span class='ocrx_word' id='word_1_71' title='bbox 349 612 372 634; x_wconf 76' lang='lat' dir='ltr'><strong>et</strong></span> <span class='ocrx_word' id='word_1_72' title='bbox 399 605 553 633; x_wconf 64' lang='lat' dir='ltr'><strong>veneranda</strong></span> <span class='ocrx_word' id='word_1_73' title='bbox 570 603 692 638; x_wconf 76' lang='lat' dir='ltr'><strong>imaginis</strong></span> <span class='ocrx_word' id='word_1_74' title='bbox 717 600 844 636; x_wconf 85' lang='lat' dir='ltr'><strong>religione</strong></span> <span class='ocrx_word' id='word_1_75' title='bbox 861 597 933 624; x_wconf 86' lang='lat' dir='ltr'><strong>culta</strong></span> <span class='ocrx_word' id='word_1_76' title='bbox 956 595 1033 628; x_wconf 78' lang='lat' dir='ltr'><strong>Virgo</strong></span> 
     </span>
    </p>
   </div>
   <div class='ocr_carea' id='block_1_12' title="bbox 244 642 1034 692">
    <p class='ocr_par' dir='ltr' id='par_1_12' title="bbox 244 642 1034 692">
     <span class='ocr_line' id='line_1_12' title="bbox 244 642 1034 692; baseline -0.018 -10"><span class='ocrx_word' id='word_1_77' title='bbox 244 655 390 692; x_wconf 79' lang='lat' dir='ltr'><strong>purissima</strong></span> <span class='ocrx_word' id='word_1_78' title='bbox 410 653 477 679; x_wconf 85' lang='lat' dir='ltr'><strong>inter</strong></span> <span class='ocrx_word' id='word_1_79' title='bbox 501 659 547 678; x_wconf 81' lang='lat' dir='ltr'><strong>nos</strong></span> <span class='ocrx_word' id='word_1_80' title='bbox 572 655 596 677; x_wconf 84' lang='lat' dir='ltr'><strong>et</strong></span> <span class='ocrx_word' id='word_1_81' title='bbox 623 649 705 675; x_wconf 81' lang='lat' dir='ltr'><strong>Deum</strong></span> <span class='ocrx_word' id='word_1_82' title='bbox 729 651 861 681; x_wconf 80' lang='lat' dir='ltr'><strong>sequestra</strong></span> <span class='ocrx_word' id='word_1_83' title='bbox 886 642 1034 670; x_wconf 80' lang='lat' dir='ltr'><strong>intercedit.</strong></span> 
     </span>
    </p>
   </div>
   <div class='ocr_carea' id='block_1_13' title="bbox 248 689 1035 733">
    <p class='ocr_par' dir='ltr' id='par_1_13' title="bbox 248 689 1035 733">
     <span class='ocr_line' id='line_1_13' title="bbox 248 689 1035 733; baseline -0.019 -4"><span class='ocrx_word' id='word_1_84' title='bbox 248 689 311 729; x_wconf 71' lang='lat' dir='ltr'><strong>lla-c</strong></span> <span class='ocrx_word' id='word_1_85' title='bbox 334 699 536 733; x_wconf 70' lang='lat' dir='ltr'><strong>Theophanes:</strong></span> <span class='ocrx_word' id='word_1_86' title='bbox 565 696 611 730; x_wconf 93' lang='lat' dir='ltr'><strong>qui</strong></span> <span class='ocrx_word' id='word_1_87' title='bbox 644 702 705 722; x_wconf 90' lang='lat' dir='ltr'><strong>cum</strong></span> <span class='ocrx_word' id='word_1_88' title='bbox 733 701 785 720; x_wconf 93' lang='lat' dir='ltr'><strong>non</strong></span> <span class='ocrx_word' id='word_1_89' title='bbox 817 691 934 726; x_wconf 85' lang='lat' dir='ltr'><strong>appellet</strong></span> <span class='ocrx_word' id='word_1_90' title='bbox 965 689 1035 716; x_wconf 85' lang='lat' dir='ltr'><strong>ima-</strong></span> 
     </span>
    </p>
   </div>
   <div class='ocr_carea' id='block_1_14' title="bbox 248 740 1036 782">
    <p class='ocr_par' dir='ltr' id='par_1_14' title="bbox 248 740 1036 782">
     <span class='ocr_line' id='line_1_14' title="bbox 248 740 1036 782; baseline -0.016 -9"><span class='ocrx_word' id='word_1_91' title='bbox 248 747 338 782; x_wconf 77' lang='lat' dir='ltr'><strong>ginem</strong></span> <span class='ocrx_word' id='word_1_92' title='bbox 358 744 404 772; x_wconf 92' lang='lat' dir='ltr'><strong>Dei</strong></span> <span class='ocrx_word' id='word_1_93' title='bbox 421 742 568 771; x_wconf 86' lang='lat' dir='ltr'><strong>Genitricis</strong></span> <span class='ocrx_word' id='word_1_94' title='bbox 586 740 806 776; x_wconf 80' lang='grc' dir='ltr'><strong>ἀχειροποίητον,</strong></span> <span class='ocrx_word' id='word_1_95' title='bbox 823 744 904 771; x_wconf 89' lang='lat' dir='ltr'><strong>quam</strong></span> <span class='ocrx_word' id='word_1_96' title='bbox 918 742 966 762; x_wconf 92' lang='lat' dir='ltr'><strong>cur</strong></span> <span class='ocrx_word' id='word_1_97' title='bbox 982 741 1036 760; x_wconf 92' lang='lat' dir='ltr'><strong>non</strong></span> 
     </span>
    </p>
   </div>
   <div class='ocr_carea' id='block_1_15' title="bbox 248 780 1036 826">
    <p class='ocr_par' dir='ltr' id='par_1_15' title="bbox 248 780 1036 826">
     <span class='ocr_line' id='line_1_15' title="bbox 248 780 1036 826; baseline -0.016 -7"><span class='ocrx_word' id='word_1_98' title='bbox 248 780 376 826; x_wconf 73' lang='lat' dir='ltr'><strong>expresse</strong></span> <span class='ocrx_word' id='word_1_99' title='bbox 405 788 559 820; x_wconf 81' lang='lat' dir='ltr'><strong>nmninarit,</strong></span> <span class='ocrx_word' id='word_1_100' title='bbox 591 786 613 813; x_wconf 93' lang='lat' dir='ltr'><strong>si</strong></span> <span class='ocrx_word' id='word_1_101' title='bbox 630 787 662 813; x_wconf 88' lang='lat' dir='ltr'><strong>de</strong></span> <span class='ocrx_word' id='word_1_102' title='bbox 684 793 715 813; x_wconf 87' lang='lat' dir='ltr'><strong>ea</strong></span> <span class='ocrx_word' id='word_1_103' title='bbox 730 791 818 811; x_wconf 87' lang='lat' dir='ltr'><strong>sermo</strong></span> <span class='ocrx_word' id='word_1_104' title='bbox 841 787 910 813; x_wconf 82' lang='lat' dir='ltr'><strong>erat,</strong></span> <span class='ocrx_word' id='word_1_105' title='bbox 930 787 992 808; x_wconf 85' lang='lat' dir='ltr'><strong>cuin</strong></span> <span class='ocrx_word' id='word_1_106' title='bbox 1010 780 1036 806; x_wconf 94' lang='lat' dir='ltr'><strong>in</strong></span> 
     </span>
    </p>
   </div>
   <div class='ocr_carea' id='block_1_16' title="bbox 248 825 1035 866">
    <p class='ocr_par' dir='ltr' id='par_1_16' title="bbox 248 825 1035 866">
     <span class='ocr_line' id='line_1_16' title="bbox 248 825 1035 866; baseline -0.017 -3"><span class='ocrx_word' id='word_1_107' title='bbox 248 825 309 863; x_wconf 83' lang='lat' dir='ltr'><strong>aliis</strong></span> <span class='ocrx_word' id='word_1_108' title='bbox 336 834 455 862; x_wconf 88' lang='lat' dir='ltr'><strong>homiliis</strong></span> <span class='ocrx_word' id='word_1_109' title='bbox 485 837 614 866; x_wconf 77' lang='lat' dir='ltr'><strong>tanquam</strong></span> <span class='ocrx_word' id='word_1_110' title='bbox 638 830 734 864; x_wconf 77' lang='lat' dir='ltr'><strong>insigni</strong></span> <span class='ocrx_word' id='word_1_111' title='bbox 755 829 872 863; x_wconf 86' lang='lat' dir='ltr'><strong>quodam</strong></span> <span class='ocrx_word' id='word_1_112' title='bbox 895 829 922 853; x_wconf 87' lang='lat' dir='ltr'><strong>et</strong></span> <span class='ocrx_word' id='word_1_113' title='bbox 937 825 969 852; x_wconf 89' lang='lat' dir='ltr'><strong>de</strong></span> <span class='ocrx_word' id='word_1_114' title='bbox 982 831 1035 858; x_wconf 90' lang='lat' dir='ltr'><strong>quo</strong></span> 
     </span>
    </p>
   </div>
   <div class='ocr_carea' id='block_1_17' title="bbox 249 872 1038 917">
    <p class='ocr_par' dir='ltr' id='par_1_17' title="bbox 249 872 1038 917">
     <span class='ocr_line' id='line_1_17' title="bbox 249 872 1038 917; baseline -0.016 -9"><span class='ocrx_word' id='word_1_115' title='bbox 249 881 416 917; x_wconf 72' lang='lat' dir='ltr'><strong>gloriabatur</strong></span> <span class='ocrx_word' id='word_1_116' title='bbox 440 877 527 912; x_wconf 78' lang='lat' dir='ltr'><strong>elogio</strong></span> <span class='ocrx_word' id='word_1_117' title='bbox 544 884 603 904; x_wconf 85' lang='lat' dir='ltr'><strong>eam</strong></span> <span class='ocrx_word' id='word_1_118' title='bbox 628 875 790 910; x_wconf 69' lang='lat' dir='ltr'><strong>designavit,</strong></span> <span class='ocrx_word' id='word_1_119' title='bbox 817 872 916 899; x_wconf 87' lang='lat' dir='ltr'><strong>nullam</strong></span> <span class='ocrx_word' id='word_1_120' title='bbox 929 875 1038 897; x_wconf 79' lang='lat' dir='ltr'><strong>causam</strong></span> 
     </span>
    </p>
   </div>
   <div class='ocr_carea' id='block_1_18' title="bbox 250 915 1038 956">
    <p class='ocr_par' dir='ltr' id='par_1_18' title="bbox 250 915 1038 956">
     <span class='ocr_line' id='line_1_18' title="bbox 250 915 1038 956; baseline -0.019 -2"><span class='ocrx_word' id='word_1_121' title='bbox 250 915 349 954; x_wconf 73' lang='lat' dir='ltr'><strong>video:</strong></span> <span class='ocrx_word' id='word_1_122' title='bbox 377 930 404 952; x_wconf 87' lang='lat' dir='ltr'><strong>et</strong></span> <span class='ocrx_word' id='word_1_123' title='bbox 431 931 464 951; x_wconf 76' lang='lat' dir='ltr'><strong>ex</strong></span> <span class='ocrx_word' id='word_1_124' title='bbox 481 923 566 949; x_wconf 86' lang='lat' dir='ltr'><strong>altera</strong></span> <span class='ocrx_word' id='word_1_125' title='bbox 585 927 672 956; x_wconf 85' lang='lat' dir='ltr'><strong>parte,</strong></span> <span class='ocrx_word' id='word_1_126' title='bbox 693 927 754 947; x_wconf 82' lang='lat' dir='ltr'><strong>cum</strong></span> <span class='ocrx_word' id='word_1_127' title='bbox 784 919 810 945; x_wconf 90' lang='lat' dir='ltr'><strong>in</strong></span> <span class='ocrx_word' id='word_1_128' title='bbox 829 917 928 944; x_wconf 69' lang='lat' dir='ltr'><strong>Menam</strong></span> <span class='ocrx_word' id='word_1_129' title='bbox 951 915 1038 949; x_wconf 69' lang='lat' dir='ltr'><strong>legam</strong></span> 
     </span>
    </p>
   </div>
   <div class='ocr_carea' id='block_1_19' title="bbox 251 961 1040 1002">
    <p class='ocr_par' dir='ltr' id='par_1_19' title="bbox 251 961 1040 1002">
     <span class='ocr_line' id='line_1_19' title="bbox 251 961 1040 1002; baseline -0.016 -3"><span class='ocrx_word' id='word_1_130' title='bbox 251 980 284 999; x_wconf 87' lang='lat' dir='ltr'><strong>eo</strong></span> <span class='ocrx_word' id='word_1_131' title='bbox 310 972 353 1002; x_wconf 87' lang='lat' dir='ltr'><strong>die</strong></span> <span class='ocrx_word' id='word_1_132' title='bbox 378 968 508 997; x_wconf 81' lang='lat' dir='ltr'><strong>celebrari</strong></span> <span class='ocrx_word' id='word_1_133' title='bbox 532 967 642 1000; x_wconf 76' lang='grc' dir='ltr'><strong>σύναξιν</strong></span> <span class='ocrx_word' id='word_1_134' title='bbox 657 967 707 1000; x_wconf 81' lang='grc' dir='ltr'><strong>τῆς</strong></span> <span class='ocrx_word' id='word_1_135' title='bbox 732 963 886 998; x_wconf 73' lang='grc' dir='ltr'><strong>ὑπεραγίσις</strong></span> <span class='ocrx_word' id='word_1_136' title='bbox 907 961 1040 988; x_wconf 80' lang='grc' dir='ltr'>Θεοτὸκου</span> 
     </span>
    </p>
   </div>
   <div class='ocr_carea' id='block_1_20' title="bbox 250 1009 1040 1049">
    <p class='ocr_par' dir='ltr' id='par_1_20' title="bbox 250 1009 1040 1049">
     <span class='ocr_line' id='line_1_20' title="bbox 250 1009 1040 1049; baseline -0.013 -6"><span class='ocrx_word' id='word_1_137' title='bbox 250 1018 305 1044; x_wconf 82' lang='grc' dir='ltr'><strong>τῶν</strong></span> <span class='ocrx_word' id='word_1_138' title='bbox 338 1015 499 1049; x_wconf 72' lang='grc' dir='ltr'><strong>Μιαςηνῶν.</strong></span> <span class='ocrx_word' id='word_1_139' title='bbox 529 1014 579 1040; x_wconf 89' lang='lat' dir='ltr'><strong>hoc</strong></span> <span class='ocrx_word' id='word_1_140' title='bbox 591 1019 641 1045; x_wconf 87' lang='lat' dir='ltr'><strong>est,</strong></span> <span class='ocrx_word' id='word_1_141' title='bbox 655 1012 786 1047; x_wconf 69' lang='lat' dir='ltr'><strong>Synaxim</strong></span> <span class='ocrx_word' id='word_1_142' title='bbox 803 1019 848 1037; x_wconf 79' lang='lat' dir='ltr'><strong>seu</strong></span> <span class='ocrx_word' id='word_1_143' title='bbox 865 1009 1040 1036; x_wconf 74' lang='lat' dir='ltr'><strong>celebritatem</strong></span> 
     </span>
    </p>
   </div>
   <div class='ocr_carea' id='block_1_21' title="bbox 253 1054 1039 1094">
    <p class='ocr_par' dir='ltr' id='par_1_21' title="bbox 253 1054 1039 1094">
     <span class='ocr_line' id='line_1_21' title="bbox 253 1054 1039 1094; baseline -0.013 -5"><span class='ocrx_word' id='word_1_144' title='bbox 253 1062 428 1089; x_wconf 62' lang='lat' dir='ltr'><strong>sanctissime</strong></span> <span class='ocrx_word' id='word_1_145' title='bbox 444 1059 558 1094; x_wconf 74' lang='lat' dir='ltr'><strong>Virginis</strong></span> <span class='ocrx_word' id='word_1_146' title='bbox 574 1058 765 1089; x_wconf 80' lang='lat' dir='ltr'><strong>Miaseuorum,</strong></span> <span class='ocrx_word' id='word_1_147' title='bbox 777 1056 846 1083; x_wconf 89' lang='lat' dir='ltr'><strong>haud</strong></span> <span class='ocrx_word' id='word_1_148' title='bbox 858 1059 933 1082; x_wconf 84' lang='lat' dir='ltr'><strong>certe</strong></span> <span class='ocrx_word' id='word_1_149' title='bbox 944 1054 1039 1088; x_wconf 86' lang='lat' dir='ltr'><strong>liquet,</strong></span> 
     </span>
    </p>
   </div>
   <div class='ocr_carea' id='block_1_22' title="bbox 254 1101 1042 1140">
    <p class='ocr_par' dir='ltr' id='par_1_22' title="bbox 254 1101 1042 1140">
     <span class='ocr_line' id='line_1_22' title="bbox 254 1101 1042 1140; baseline -0.013 -5"><span class='ocrx_word' id='word_1_150' title='bbox 254 1113 282 1135; x_wconf 89' lang='lat' dir='ltr'><strong>et</strong></span> <span class='ocrx_word' id='word_1_151' title='bbox 296 1108 322 1134; x_wconf 90' lang='lat' dir='ltr'><strong>in</strong></span> <span class='ocrx_word' id='word_1_152' title='bbox 335 1106 445 1140; x_wconf 78' lang='lat' dir='ltr'><strong>ancipiti</strong></span> <span class='ocrx_word' id='word_1_153' title='bbox 458 1112 501 1132; x_wconf 81' lang='lat' dir='ltr'><strong>res</strong></span> <span class='ocrx_word' id='word_1_154' title='bbox 512 1107 637 1131; x_wconf 81' lang='lat' dir='ltr'><strong>versatur</strong></span> <span class='ocrx_word' id='word_1_155' title='bbox 654 1104 685 1129; x_wconf 87' lang='lat' dir='ltr'><strong>de</strong></span> <span class='ocrx_word' id='word_1_156' title='bbox 696 1101 961 1129; x_wconf 81' lang='lat' dir='ltr'><strong>Tauromenitanane</strong></span> <span class='ocrx_word' id='word_1_157' title='bbox 974 1101 1042 1126; x_wconf 84' lang='lat' dir='ltr'><strong>inia-</strong></span> 
     </span>
    </p>
   </div>
   <div class='ocr_carea' id='block_1_23' title="bbox 255 1144 1046 1186">
    <p class='ocr_par' dir='ltr' id='par_1_23' title="bbox 255 1144 1046 1186">
     <span class='ocr_line' id='line_1_23' title="bbox 255 1144 1046 1186; baseline -0.011 -7"><span class='ocrx_word' id='word_1_158' title='bbox 255 1152 317 1186; x_wconf 77' lang='lat' dir='ltr'><strong>gine</strong></span> <span class='ocrx_word' id='word_1_159' title='bbox 340 1150 518 1184; x_wconf 80' lang='lat' dir='ltr'><strong>Theophanes</strong></span> <span class='ocrx_word' id='word_1_160' title='bbox 537 1149 674 1181; x_wconf 85' lang='lat' dir='ltr'><strong>loquatur,</strong></span> <span class='ocrx_word' id='word_1_161' title='bbox 699 1155 733 1174; x_wconf 88' lang='lat' dir='ltr'><strong>an</strong></span> <span class='ocrx_word' id='word_1_162' title='bbox 758 1148 792 1173; x_wconf 91' lang='lat' dir='ltr'><strong>de</strong></span> <span class='ocrx_word' id='word_1_163' title='bbox 817 1145 978 1172; x_wconf 74' lang='lat' dir='ltr'><strong>Miasenensi</strong></span> <span class='ocrx_word' id='word_1_164' title='bbox 995 1144 1046 1170; x_wconf 87' lang='lat' dir='ltr'><strong>ali-</strong></span> 
     </span>
    </p>
   </div>
   <div class='ocr_carea' id='block_1_24' title="bbox 256 1190 1045 1233">
    <p class='ocr_par' dir='ltr' id='par_1_24' title="bbox 256 1190 1045 1233">
     <span class='ocr_line' id='line_1_24' title="bbox 256 1190 1045 1233; baseline -0.011 -8"><span class='ocrx_word' id='word_1_165' title='bbox 256 1206 321 1233; x_wconf 87' lang='lat' dir='ltr'><strong>qua,</strong></span> <span class='ocrx_word' id='word_1_166' title='bbox 349 1197 382 1224; x_wconf 88' lang='lat' dir='ltr'><strong>ad</strong></span> <span class='ocrx_word' id='word_1_167' title='bbox 408 1204 490 1231; x_wconf 83' lang='lat' dir='ltr'><strong>quant</strong></span> <span class='ocrx_word' id='word_1_168' title='bbox 509 1200 660 1222; x_wconf 85' lang='lat' dir='ltr'><strong>conventus</strong></span> <span class='ocrx_word' id='word_1_169' title='bbox 670 1201 702 1221; x_wconf 90' lang='lat' dir='ltr'><strong>eo</strong></span> <span class='ocrx_word' id='word_1_170' title='bbox 719 1194 762 1220; x_wconf 88' lang='lat' dir='ltr'><strong>die</strong></span> <span class='ocrx_word' id='word_1_171' title='bbox 778 1193 866 1228; x_wconf 91' lang='lat' dir='ltr'><strong>primo</strong></span> <span class='ocrx_word' id='word_1_172' title='bbox 879 1190 1045 1225; x_wconf 78' lang='lat' dir='ltr'><strong>Septembris</strong></span> 
     </span>
    </p>
   </div>
   <div class='ocr_carea' id='block_1_25' title="bbox 256 1236 1046 1273">
    <p class='ocr_par' dir='ltr' id='par_1_25' title="bbox 256 1236 1046 1273">
     <span class='ocr_line' id='line_1_25' title="bbox 256 1236 1046 1273; baseline -0.009 -3"><span class='ocrx_word' id='word_1_173' title='bbox 256 1242 453 1273; x_wconf 82' lang='lat' dir='ltr'><strong>celebraretur,</strong></span> <span class='ocrx_word' id='word_1_174' title='bbox 472 1240 510 1267; x_wconf 87' lang='lat' dir='ltr'><strong>uti</strong></span> <span class='ocrx_word' id='word_1_175' title='bbox 539 1239 582 1266; x_wconf 91' lang='lat' dir='ltr'><strong>hic</strong></span> <span class='ocrx_word' id='word_1_176' title='bbox 600 1239 726 1266; x_wconf 79' lang='lat' dir='ltr'><strong>Panormi</strong></span> <span class='ocrx_word' id='word_1_177' title='bbox 751 1242 909 1265; x_wconf 84' lang='lat' dir='ltr'><strong>consuetum</strong></span> <span class='ocrx_word' id='word_1_178' title='bbox 942 1242 981 1263; x_wconf 83' lang='lat' dir='ltr'><strong>est</strong></span> <span class='ocrx_word' id='word_1_179' title='bbox 1003 1236 1046 1263; x_wconf 87' lang='lat' dir='ltr'><strong>die</strong></span> 
     </span>
    </p>
   </div>
   <div class='ocr_carea' id='block_1_26' title="bbox 258 1279 1047 1317">
    <p class='ocr_par' dir='ltr' id='par_1_26' title="bbox 258 1279 1047 1317">
     <span class='ocr_line' id='line_1_26' title="bbox 258 1279 1047 1317; baseline -0.01 -3"><span class='ocrx_word' id='word_1_180' title='bbox 258 1287 377 1315; x_wconf 87' lang='lat' dir='ltr'><strong>secundo</strong></span> <span class='ocrx_word' id='word_1_181' title='bbox 399 1285 463 1313; x_wconf 81' lang='lat' dir='ltr'><strong>Julii</strong></span> <span class='ocrx_word' id='word_1_182' title='bbox 496 1289 529 1310; x_wconf 85' lang='lat' dir='ltr'><strong>an</strong></span> <span class='ocrx_word' id='word_1_183' title='bbox 561 1288 648 1312; x_wconf 68' lang='lat' dir='ltr'><strong>beatze</strong></span> <span class='ocrx_word' id='word_1_184' title='bbox 674 1281 805 1317; x_wconf 82' lang='lat' dir='ltr'><strong>Virginis,</strong></span> <span class='ocrx_word' id='word_1_185' title='bbox 833 1288 913 1316; x_wconf 84' lang='lat' dir='ltr'><strong>quam</strong></span> <span class='ocrx_word' id='word_1_186' title='bbox 945 1279 1047 1306; x_wconf 64' lang='lat' dir='ltr'><strong>Gratia</strong></span> 
     </span>
    </p>
   </div>
   <div class='ocr_carea' id='block_1_27' title="bbox 258 1327 1045 1369">
    <p class='ocr_par' dir='ltr' id='par_1_27' title="bbox 258 1327 1045 1369">
     <span class='ocr_line' id='line_1_27' title="bbox 258 1327 1045 1369; baseline -0.013 -8"><span class='ocrx_word' id='word_1_187' title='bbox 258 1333 433 1369; x_wconf 80' lang='lat' dir='ltr'><strong>appellamus,</strong></span> <span class='ocrx_word' id='word_1_188' title='bbox 458 1330 614 1366; x_wconf 73' lang='lat' dir='ltr'><strong>imaginem,</strong></span> <span class='ocrx_word' id='word_1_189' title='bbox 645 1334 673 1357; x_wconf 89' lang='lat' dir='ltr'><strong>et</strong></span> <span class='ocrx_word' id='word_1_190' title='bbox 695 1329 729 1356; x_wconf 89' lang='lat' dir='ltr'><strong>ad</strong></span> <span class='ocrx_word' id='word_1_191' title='bbox 754 1328 821 1355; x_wconf 82' lang='lat' dir='ltr'><strong>alias</strong></span> <span class='ocrx_word' id='word_1_192' title='bbox 840 1327 893 1354; x_wconf 89' lang='lat' dir='ltr'><strong>alio</strong></span> <span class='ocrx_word' id='word_1_193' title='bbox 913 1332 1045 1360; x_wconf 85' lang='lat' dir='ltr'><strong>tempore,</strong></span> 
     </span>
    </p>
   </div>
   <div class='ocr_carea' id='block_1_28' title="bbox 256 1371 1048 1414">
    <p class='ocr_par' dir='ltr' id='par_1_28' title="bbox 256 1371 1048 1414">
     <span class='ocr_line' id='line_1_28' title="bbox 256 1371 1048 1414; baseline -0.011 -7"><span class='ocrx_word' id='word_1_194' title='bbox 256 1371 285 1407; x_wconf 79' lang='lat' dir='ltr'><strong>et</strong></span> <span class='ocrx_word' id='word_1_195' title='bbox 306 1379 403 1414; x_wconf 87' lang='lat' dir='ltr'><strong>oppido</strong></span> <span class='ocrx_word' id='word_1_196' title='bbox 426 1376 581 1412; x_wconf 74' lang='lat' dir='ltr'><strong>huiusmodi</strong></span> <span class='ocrx_word' id='word_1_197' title='bbox 602 1376 735 1409; x_wconf 79' lang='lat' dir='ltr'><strong>imagines</strong></span> <span class='ocrx_word' id='word_1_198' title='bbox 756 1373 924 1401; x_wconf 79' lang='lat' dir='ltr'><strong>venerabiles</strong></span> <span class='ocrx_word' id='word_1_199' title='bbox 951 1371 1048 1405; x_wconf 79' lang='lat' dir='ltr'><strong>agitari</strong></span> 
     </span>
    </p>
   </div>
   <div class='ocr_carea' id='block_1_29' title="bbox 259 1417 1049 1457">
    <p class='ocr_par' dir='ltr' id='par_1_29' title="bbox 259 1417 1049 1457">
     <span class='ocr_line' id='line_1_29' title="bbox 259 1417 1049 1457; baseline -0.013 -4"><span class='ocrx_word' id='word_1_200' title='bbox 259 1426 317 1453; x_wconf 88' lang='lat' dir='ltr'><strong>dies</strong></span> <span class='ocrx_word' id='word_1_201' title='bbox 335 1424 396 1452; x_wconf 82' lang='lat' dir='ltr'><strong>festi</strong></span> <span class='ocrx_word' id='word_1_202' title='bbox 413 1423 510 1452; x_wconf 81' lang='lat' dir='ltr'><strong>solent.</strong></span> <span class='ocrx_word' id='word_1_203' title='bbox 540 1422 685 1457; x_wconf 85' lang='lat' dir='ltr'><strong>Equidem,</strong></span> <span class='ocrx_word' id='word_1_204' title='bbox 706 1425 736 1447; x_wconf 93' lang='lat' dir='ltr'><strong>ut</strong></span> <span class='ocrx_word' id='word_1_205' title='bbox 750 1420 818 1451; x_wconf 76' lang='lat' dir='ltr'><strong>dixi,</strong></span> <span class='ocrx_word' id='word_1_206' title='bbox 847 1425 896 1446; x_wconf 88' lang='lat' dir='ltr'><strong>nec</strong></span> <span class='ocrx_word' id='word_1_207' title='bbox 923 1417 1049 1445; x_wconf 86' lang='lat' dir='ltr'><strong>refellere</strong></span> 
     </span>
    </p>
   </div>
   <div class='ocr_carea' id='block_1_30' title="bbox 260 1463 1050 1505">
    <p class='ocr_par' dir='ltr' id='par_1_30' title="bbox 260 1463 1050 1505">
     <span class='ocr_line' id='line_1_30' title="bbox 260 1463 1050 1505; baseline -0.013 -6"><span class='ocrx_word' id='word_1_208' title='bbox 260 1470 443 1505; x_wconf 82' lang='lat' dir='ltr'><strong>conjecturam</strong></span> <span class='ocrx_word' id='word_1_209' title='bbox 466 1469 573 1497; x_wconf 88' lang='lat' dir='ltr'><strong>Octavii</strong></span> <span class='ocrx_word' id='word_1_210' title='bbox 598 1467 722 1500; x_wconf 89' lang='lat' dir='ltr'><strong>Caetani,</strong></span> <span class='ocrx_word' id='word_1_211' title='bbox 748 1473 799 1493; x_wconf 87' lang='lat' dir='ltr'><strong>nec</strong></span> <span class='ocrx_word' id='word_1_212' title='bbox 827 1465 973 1497; x_wconf 73' lang='lat' dir='ltr'><strong>afﬁrmare,</strong></span> <span class='ocrx_word' id='word_1_213' title='bbox 1001 1463 1050 1490; x_wconf 80' lang='lat' dir='ltr'><strong>sed</strong></span> 
     </span>
    </p>
   </div>
   <div class='ocr_carea' id='block_1_31' title="bbox 260 1510 1050 1544">
    <p class='ocr_par' dir='ltr' id='par_1_31' title="bbox 260 1510 1050 1544">
     <span class='ocr_line' id='line_1_31' title="bbox 260 1510 1050 1544; baseline -0.01 -1"><span class='ocrx_word' id='word_1_214' title='bbox 260 1524 320 1544; x_wconf 84' lang='lat' dir='ltr'><strong>eam</strong></span> <span class='ocrx_word' id='word_1_215' title='bbox 331 1514 448 1543; x_wconf 90' lang='lat' dir='ltr'><strong>hominis</strong></span> <span class='ocrx_word' id='word_1_216' title='bbox 464 1515 625 1541; x_wconf 76' lang='lat' dir='ltr'><strong>auctoritate</strong></span> <span class='ocrx_word' id='word_1_217' title='bbox 642 1512 736 1539; x_wconf 83' lang='lat' dir='ltr'><strong>fultam</strong></span> <span class='ocrx_word' id='word_1_218' title='bbox 753 1512 779 1538; x_wconf 91' lang='lat' dir='ltr'><strong>in</strong></span> <span class='ocrx_word' id='word_1_219' title='bbox 793 1511 884 1538; x_wconf 88' lang='lat' dir='ltr'><strong>medio</strong></span> <span class='ocrx_word' id='word_1_220' title='bbox 895 1510 1050 1544; x_wconf 82' lang='lat' dir='ltr'><strong>relinquere</strong></span> 
     </span>
    </p>
   </div>
   <div class='ocr_carea' id='block_1_32' title="bbox 262 1561 356 1591">
    <p class='ocr_par' dir='ltr' id='par_1_32' title="bbox 262 1561 356 1591">
     <span class='ocr_line' id='line_1_32' title="bbox 262 1561 356 1591; baseline -0.032 0"><span class='ocrx_word' id='word_1_221' title='bbox 262 1561 356 1591; x_wconf 80' lang='lat' dir='ltr'><strong>statui.</strong></span> 
     </span>
    </p>
   </div>
   <div class='ocr_carea' id='block_1_33' title="bbox 359 1624 951 1666">
    <p class='ocr_par' dir='ltr' id='par_1_33' title="bbox 359 1624 951 1666">
     <span class='ocr_line' id='line_1_33' title="bbox 359 1624 951 1666; baseline -0.01 -8"><span class='ocrx_word' id='word_1_222' title='bbox 359 1630 373 1666; x_wconf 61' lang='grc' dir='ltr'>ᾗ</span> <span class='ocrx_word' id='word_1_223' title='bbox 392 1629 436 1657; x_wconf 83' lang='grc' dir='ltr'><strong>ιν.</strong></span> <span class='ocrx_word' id='word_1_224' title='bbox 455 1629 577 1664; x_wconf 74' lang='lat' dir='ltr'><strong>Dignitas</strong></span> <span class='ocrx_word' id='word_1_225' title='bbox 594 1632 617 1655; x_wconf 86' lang='lat' dir='ltr'><strong>et</strong></span> <span class='ocrx_word' id='word_1_226' title='bbox 637 1627 730 1654; x_wconf 79' lang='lat' dir='ltr'><strong>titulus</strong></span> <span class='ocrx_word' id='word_1_227' title='bbox 750 1624 951 1660; x_wconf 75' lang='lat' dir='ltr'><strong>archiepiscopi.</strong></span> 
     </span>
    </p>
   </div>
   <div class='ocr_carea' id='block_1_34' title="bbox 298 1693 1053 1728">
    <p class='ocr_par' dir='ltr' id='par_1_34' title="bbox 298 1693 1053 1728">
     <span class='ocr_line' id='line_1_34' title="bbox 298 1693 1053 1728; baseline -0.009 -3"><span class='ocrx_word' id='word_1_228' title='bbox 298 1697 366 1725; x_wconf 87' lang='lat' dir='ltr'><strong>Cum</strong></span> <span class='ocrx_word' id='word_1_229' title='bbox 383 1697 409 1724; x_wconf 90' lang='lat' dir='ltr'><strong>in</strong></span> <span class='ocrx_word' id='word_1_230' title='bbox 425 1695 549 1724; x_wconf 91' lang='lat' dir='ltr'><strong>omnibus</strong></span> <span class='ocrx_word' id='word_1_231' title='bbox 572 1695 627 1723; x_wconf 88' lang='lat' dir='ltr'><strong>fere</strong></span> <span class='ocrx_word' id='word_1_232' title='bbox 650 1702 718 1722; x_wconf 86' lang='lat' dir='ltr'><strong>mss.</strong></span> <span class='ocrx_word' id='word_1_233' title='bbox 732 1693 934 1728; x_wconf 83' lang='lat' dir='ltr'><strong>exemplaribus</strong></span> <span class='ocrx_word' id='word_1_234' title='bbox 957 1693 1053 1719; x_wconf 91' lang='lat' dir='ltr'><strong>harum</strong></span> 
     </span>
    </p>
   </div>
   <div class='ocr_carea' id='block_1_35' title="bbox 264 1737 1055 1776">
    <p class='ocr_par' dir='ltr' id='par_1_35' title="bbox 264 1737 1055 1776">
     <span class='ocr_line' id='line_1_35' title="bbox 264 1737 1055 1776; baseline -0.009 -5"><span class='ocrx_word' id='word_1_235' title='bbox 264 1743 450 1774; x_wconf 88' lang='lat' dir='ltr'><strong>homiliarum,</strong></span> <span class='ocrx_word' id='word_1_236' title='bbox 476 1749 536 1776; x_wconf 67' lang='lat' dir='ltr'><strong>quae</strong></span> <span class='ocrx_word' id='word_1_237' title='bbox 559 1741 585 1768; x_wconf 92' lang='lat' dir='ltr'><strong>in</strong></span> <span class='ocrx_word' id='word_1_238' title='bbox 607 1740 793 1769; x_wconf 87' lang='lat' dir='ltr'><strong>celeberrimis</strong></span> <span class='ocrx_word' id='word_1_239' title='bbox 820 1739 932 1773; x_wconf 65' lang='lat' dir='ltr'><strong>Europa:</strong></span> <span class='ocrx_word' id='word_1_240' title='bbox 957 1737 1055 1766; x_wconf 91' lang='lat' dir='ltr'><strong>biblio-</strong></span> 
     </span>
    </p>
   </div>
   <div class='ocr_carea' id='block_1_36' title="bbox 265 1784 1056 1826">
    <p class='ocr_par' dir='ltr' id='par_1_36' title="bbox 265 1784 1056 1826">
     <span class='ocr_line' id='line_1_36' title="bbox 265 1784 1056 1826; baseline -0.004 -11"><span class='ocrx_word' id='word_1_241' title='bbox 265 1788 362 1819; x_wconf 85' lang='lat' dir='ltr'><strong>thecis,</strong></span> <span class='ocrx_word' id='word_1_242' title='bbox 384 1787 526 1826; x_wconf 81' lang='lat' dir='ltr'><strong>Vatieana,</strong></span> <span class='ocrx_word' id='word_1_243' title='bbox 545 1786 728 1821; x_wconf 83' lang='lat' dir='ltr'><strong>Hispaniensi,</strong></span> <span class='ocrx_word' id='word_1_244' title='bbox 745 1785 946 1813; x_wconf 80' lang='lat' dir='ltr'><strong>Parisiensibus</strong></span> <span class='ocrx_word' id='word_1_245' title='bbox 969 1784 1056 1812; x_wconf 85' lang='lat' dir='ltr'><strong>tribus</strong></span> 
     </span>
    </p>
   </div>
   <div class='ocr_carea' id='block_1_37' title="bbox 265 1826 1057 1867">
    <p class='ocr_par' dir='ltr' id='par_1_37' title="bbox 265 1826 1057 1867">
     <span class='ocr_line' id='line_1_37' title="bbox 265 1826 1057 1867; baseline -0.005 -7"><span class='ocrx_word' id='word_1_246' title='bbox 265 1826 453 1867; x_wconf 78' lang='lat' dir='ltr'><strong>asservantur,</strong></span> <span class='ocrx_word' id='word_1_247' title='bbox 472 1840 503 1860; x_wconf 80' lang='lat' dir='ltr'><strong>ex</strong></span> <span class='ocrx_word' id='word_1_248' title='bbox 526 1832 625 1867; x_wconf 86' lang='lat' dir='ltr'><strong>quibus</strong></span> <span class='ocrx_word' id='word_1_249' title='bbox 649 1831 691 1858; x_wconf 86' lang='lat' dir='ltr'><strong>vel</strong></span> <span class='ocrx_word' id='word_1_250' title='bbox 716 1832 838 1866; x_wconf 81' lang='lat' dir='ltr'><strong>integras</strong></span> <span class='ocrx_word' id='word_1_251' title='bbox 863 1830 998 1860; x_wconf 89' lang='lat' dir='ltr'><strong>bomilias,</strong></span> <span class='ocrx_word' id='word_1_252' title='bbox 1016 1829 1057 1857; x_wconf 90' lang='lat' dir='ltr'><strong>vel</strong></span> 
     </span>
    </p>
   </div>
   <div class='ocr_carea' id='block_1_38' title="bbox 265 1874 1058 1911">
    <p class='ocr_par' dir='ltr' id='par_1_38' title="bbox 265 1874 1058 1911">
     <span class='ocr_line' id='line_1_38' title="bbox 265 1874 1058 1911; baseline -0.006 -5"><span class='ocrx_word' id='word_1_253' title='bbox 265 1886 361 1907; x_wconf 86' lang='lat' dir='ltr'><strong>earum</strong></span> <span class='ocrx_word' id='word_1_254' title='bbox 385 1877 529 1905; x_wconf 89' lang='lat' dir='ltr'><strong>elenchum</strong></span> <span class='ocrx_word' id='word_1_255' title='bbox 552 1877 746 1911; x_wconf 80' lang='lat' dir='ltr'><strong>transcriptum</strong></span> <span class='ocrx_word' id='word_1_256' title='bbox 770 1876 933 1908; x_wconf 86' lang='lat' dir='ltr'><strong>amicorum,</strong></span> <span class='ocrx_word' id='word_1_257' title='bbox 948 1875 993 1910; x_wconf 91' lang='lat' dir='ltr'><strong>qui</strong></span> <span class='ocrx_word' id='word_1_258' title='bbox 1013 1874 1058 1901; x_wconf 89' lang='lat' dir='ltr'><strong>lit-</strong></span> 
     </span>
    </p>
   </div>
   <div class='ocr_carea' id='block_1_39' title="bbox 268 1920 1057 1956">
    <p class='ocr_par' dir='ltr' id='par_1_39' title="bbox 268 1920 1057 1956">
     <span class='ocr_line' id='line_1_39' title="bbox 268 1920 1057 1956; baseline -0.006 -5"><span class='ocrx_word' id='word_1_259' title='bbox 268 1924 334 1952; x_wconf 86' lang='lat' dir='ltr'><strong>teris</strong></span> <span class='ocrx_word' id='word_1_260' title='bbox 357 1927 384 1951; x_wconf 87' lang='lat' dir='ltr'><strong>et</strong></span> <span class='ocrx_word' id='word_1_261' title='bbox 406 1922 533 1950; x_wconf 82' lang='lat' dir='ltr'><strong>litteratis</strong></span> <span class='ocrx_word' id='word_1_262' title='bbox 559 1922 680 1949; x_wconf 81' lang='lat' dir='ltr'><strong>fautores</strong></span> <span class='ocrx_word' id='word_1_263' title='bbox 708 1928 768 1949; x_wconf 90' lang='lat' dir='ltr'><strong>esse</strong></span> <span class='ocrx_word' id='word_1_264' title='bbox 793 1928 822 1948; x_wconf 84' lang='lat' dir='ltr'><strong>se</strong></span> <span class='ocrx_word' id='word_1_265' title='bbox 845 1920 959 1956; x_wconf 88' lang='lat' dir='ltr'><strong>professi</strong></span> <span class='ocrx_word' id='word_1_266' title='bbox 983 1923 1057 1952; x_wconf 89' lang='lat' dir='ltr'><strong>sunt,</strong></span> 
     </span>
    </p>
   </div>
   <div class='ocr_carea' id='block_1_40' title="bbox 268 1964 1060 2005">
    <p class='ocr_par' dir='ltr' id='par_1_40' title="bbox 268 1964 1060 2005">
     <span class='ocr_line' id='line_1_40' title="bbox 268 1964 1060 2005; baseline -0.009 -8"><span class='ocrx_word' id='word_1_267' title='bbox 268 1976 351 2005; x_wconf 80' lang='lat' dir='ltr'><strong>opera</strong></span> <span class='ocrx_word' id='word_1_268' title='bbox 379 1968 500 1996; x_wconf 87' lang='lat' dir='ltr'><strong>nancisci</strong></span> <span class='ocrx_word' id='word_1_269' title='bbox 526 1967 620 2003; x_wconf 72' lang='lat' dir='ltr'><strong>potui,</strong></span> <span class='ocrx_word' id='word_1_270' title='bbox 651 1966 745 1994; x_wconf 89' lang='lat' dir='ltr'><strong>titulus</strong></span> <span class='ocrx_word' id='word_1_271' title='bbox 773 1964 991 2000; x_wconf 76' lang='lat' dir='ltr'><strong>archicpiseopi,</strong></span> <span class='ocrx_word' id='word_1_272' title='bbox 1017 1964 1060 1991; x_wconf 69' lang='lat' dir='ltr'><strong>vel</strong></span> 
     </span>
    </p>
   </div>
   <div class='ocr_carea' id='block_1_41' title="bbox 267 2013 1059 2048">
    <p class='ocr_par' dir='ltr' id='par_1_41' title="bbox 267 2013 1059 2048">
     <span class='ocr_line' id='line_1_41' title="bbox 267 2013 1059 2048; baseline -0.008 -5"><span class='ocrx_word' id='word_1_273' title='bbox 267 2015 387 2044; x_wconf 88' lang='lat' dir='ltr'><strong>auctoris</strong></span> <span class='ocrx_word' id='word_1_274' title='bbox 402 2014 503 2042; x_wconf 90' lang='lat' dir='ltr'><strong>nomini</strong></span> <span class='ocrx_word' id='word_1_275' title='bbox 514 2015 550 2041; x_wconf 89' lang='lat' dir='ltr'><strong>sit</strong></span> <span class='ocrx_word' id='word_1_276' title='bbox 561 2016 708 2048; x_wconf 79' lang='lat' dir='ltr'><strong>ascriptus,</strong></span> <span class='ocrx_word' id='word_1_277' title='bbox 721 2013 765 2040; x_wconf 91' lang='lat' dir='ltr'><strong>ubi</strong></span> <span class='ocrx_word' id='word_1_278' title='bbox 778 2014 937 2047; x_wconf 82' lang='lat' dir='ltr'><strong>nominatur</strong></span> <span class='ocrx_word' id='word_1_279' title='bbox 952 2015 1059 2043; x_wconf 85' lang='lat' dir='ltr'><strong>auctor,</strong></span> 
     </span>
    </p>
   </div>
   <div class='ocr_carea' id='block_1_42' title="bbox 266 2057 1062 2095">
    <p class='ocr_par' dir='ltr' id='par_1_42' title="bbox 266 2057 1062 2095">
     <span class='ocr_line' id='line_1_42' title="bbox 266 2057 1062 2095; baseline -0.004 -8"><span class='ocrx_word' id='word_1_280' title='bbox 266 2061 309 2089; x_wconf 88' lang='lat' dir='ltr'><strong>vel</strong></span> <span class='ocrx_word' id='word_1_281' title='bbox 323 2061 411 2089; x_wconf 88' lang='lat' dir='ltr'><strong>solum</strong></span> <span class='ocrx_word' id='word_1_282' title='bbox 425 2061 452 2088; x_wconf 91' lang='lat' dir='ltr'><strong>in</strong></span> <span class='ocrx_word' id='word_1_283' title='bbox 466 2060 575 2095; x_wconf 72' lang='lat' dir='ltr'><strong>scriptis</strong></span> <span class='ocrx_word' id='word_1_284' title='bbox 589 2065 685 2087; x_wconf 87' lang='lat' dir='ltr'><strong>auctor</strong></span> <span class='ocrx_word' id='word_1_285' title='bbox 699 2058 897 2093; x_wconf 77' lang='lat' dir='ltr'><strong>archiepiscopi</strong></span> <span class='ocrx_word' id='word_1_286' title='bbox 911 2057 1062 2085; x_wconf 78' lang='lat' dir='ltr'><strong>Taurome—</strong></span> 
     </span>
    </p>
   </div>
   <div class='ocr_carea' id='block_1_43' title="bbox 268 2103 1061 2141">
    <p class='ocr_par' dir='ltr' id='par_1_43' title="bbox 268 2103 1061 2141">
     <span class='ocr_line' id='line_1_43' title="bbox 268 2103 1061 2141; baseline -0.006 -7"><span class='ocrx_word' id='word_1_287' title='bbox 268 2107 356 2135; x_wconf 90' lang='lat' dir='ltr'><strong>nitani</strong></span> <span class='ocrx_word' id='word_1_288' title='bbox 379 2106 569 2141; x_wconf 85' lang='lat' dir='ltr'><strong>appellatione,</strong></span> <span class='ocrx_word' id='word_1_289' title='bbox 582 2105 609 2132; x_wconf 93' lang='lat' dir='ltr'><strong>in</strong></span> <span class='ocrx_word' id='word_1_290' title='bbox 625 2113 678 2140; x_wconf 92' lang='lat' dir='ltr'><strong>quo</strong></span> <span class='ocrx_word' id='word_1_291' title='bbox 694 2105 784 2132; x_wconf 88' lang='lat' dir='ltr'><strong>omnia</strong></span> <span class='ocrx_word' id='word_1_292' title='bbox 798 2103 985 2134; x_wconf 89' lang='lat' dir='ltr'><strong>consentiunt,</strong></span> <span class='ocrx_word' id='word_1_293' title='bbox 1000 2110 1061 2130; x_wconf 91' lang='lat' dir='ltr'><strong>cum</strong></span> 
     </span>
    </p>
   </div>
   <div class='ocr_carea' id='block_1_44' title="bbox 270 2149 1063 2186">
    <p class='ocr_par' dir='ltr' id='par_1_44' title="bbox 270 2149 1063 2186">
     <span class='ocr_line' id='line_1_44' title="bbox 270 2149 1063 2186; baseline -0.005 -6"><span class='ocrx_word' id='word_1_294' title='bbox 270 2153 300 2180; x_wconf 88' lang='lat' dir='ltr'><strong>in</strong></span> <span class='ocrx_word' id='word_1_295' title='bbox 322 2152 431 2179; x_wconf 86' lang='lat' dir='ltr'><strong>nomine</strong></span> <span class='ocrx_word' id='word_1_296' title='bbox 453 2152 609 2186; x_wconf 89' lang='lat' dir='ltr'><strong>discrepent</strong></span> <span class='ocrx_word' id='word_1_297' title='bbox 630 2150 674 2186; x_wconf 89' lang='lat' dir='ltr'><strong>(de</strong></span> <span class='ocrx_word' id='word_1_298' title='bbox 690 2158 743 2185; x_wconf 93' lang='lat' dir='ltr'><strong>quo</strong></span> <span class='ocrx_word' id='word_1_299' title='bbox 759 2150 847 2177; x_wconf 90' lang='lat' dir='ltr'><strong>dicam</strong></span> <span class='ocrx_word' id='word_1_300' title='bbox 869 2149 1005 2177; x_wconf 77' lang='lat' dir='ltr'><strong>Protemio</strong></span> <span class='ocrx_word' id='word_1_301' title='bbox 1020 2156 1063 2176; x_wconf 84' lang='lat' dir='ltr'><strong>se-</strong></span> 
     </span>
    </p>
   </div>
   <div class='ocr_carea' id='block_1_45' title="bbox 270 2195 1061 2233">
    <p class='ocr_par' dir='ltr' id='par_1_45' title="bbox 270 2195 1061 2233">
     <span class='ocr_line' id='line_1_45' title="bbox 270 2195 1061 2233; baseline -0.004 -8"><span class='ocrx_word' id='word_1_302' title='bbox 270 2198 387 2233; x_wconf 90' lang='lat' dir='ltr'><strong>queuli),</strong></span> <span class='ocrx_word' id='word_1_303' title='bbox 408 2205 460 2224; x_wconf 90' lang='lat' dir='ltr'><strong>non</strong></span> <span class='ocrx_word' id='word_1_304' title='bbox 478 2202 581 2225; x_wconf 86' lang='lat' dir='ltr'><strong>temere</strong></span> <span class='ocrx_word' id='word_1_305' title='bbox 602 2197 709 2224; x_wconf 83' lang='lat' dir='ltr'><strong>videtur</strong></span> <span class='ocrx_word' id='word_1_306' title='bbox 734 2196 787 2224; x_wconf 85' lang='lat' dir='ltr'><strong>illis</strong></span> <span class='ocrx_word' id='word_1_307' title='bbox 801 2197 956 2231; x_wconf 83' lang='lat' dir='ltr'><strong>abroganda</strong></span> <span class='ocrx_word' id='word_1_308' title='bbox 979 2195 1061 2227; x_wconf 82' lang='lat' dir='ltr'><strong>fides;</strong></span> 
     </span>
    </p>
   </div>
   <div class='ocr_carea' id='block_1_46' title="bbox 272 2243 1063 2277">
    <p class='ocr_par' dir='ltr' id='par_1_46' title="bbox 272 2243 1063 2277">
     <span class='ocr_line' id='line_1_46' title="bbox 272 2243 1063 2277; baseline -0.003 -6"><span class='ocrx_word' id='word_1_309' title='bbox 272 2243 391 2277; x_wconf 88' lang='lat' dir='ltr'><strong>alioquin</strong></span> <span class='ocrx_word' id='word_1_310' title='bbox 405 2243 485 2270; x_wconf 87' lang='lat' dir='ltr'><strong>etiam</strong></span> <span class='ocrx_word' id='word_1_311' title='bbox 501 2243 591 2270; x_wconf 90' lang='lat' dir='ltr'><strong>omnis</strong></span> <span class='ocrx_word' id='word_1_312' title='bbox 608 2243 673 2270; x_wconf 84' lang='lat' dir='ltr'><strong>fides</strong></span> <span class='ocrx_word' id='word_1_313' title='bbox 686 2247 809 2270; x_wconf 88' lang='lat' dir='ltr'><strong>veterum</strong></span> <span class='ocrx_word' id='word_1_314' title='bbox 826 2246 1063 2270; x_wconf 87' lang='lat' dir='ltr'><strong>monumentorum</strong></span> 
     </span>
    </p>
   </div>
   <div class='ocr_carea' id='block_1_47' title="bbox 272 2289 1063 2325">
    <p class='ocr_par' dir='ltr' id='par_1_47' title="bbox 272 2289 1063 2325">
     <span class='ocr_line' id='line_1_47' title="bbox 272 2289 1063 2325; baseline -0.001 -7"><span class='ocrx_word' id='word_1_315' title='bbox 272 2291 407 2322; x_wconf 82' lang='lat' dir='ltr'><strong>intereat,</strong></span> <span class='ocrx_word' id='word_1_316' title='bbox 438 2297 499 2317; x_wconf 93' lang='lat' dir='ltr'><strong>cum</strong></span> <span class='ocrx_word' id='word_1_317' title='bbox 532 2294 620 2316; x_wconf 89' lang='lat' dir='ltr'><strong>tatnen</strong></span> <span class='ocrx_word' id='word_1_318' title='bbox 650 2289 800 2316; x_wconf 88' lang='lat' dir='ltr'><strong>doctissimi</strong></span> <span class='ocrx_word' id='word_1_319' title='bbox 825 2289 974 2325; x_wconf 81' lang='lat' dir='ltr'><strong>Scriptores</strong></span> <span class='ocrx_word' id='word_1_320' title='bbox 1003 2296 1063 2317; x_wconf 86' lang='lat' dir='ltr'><strong>eam</strong></span> 
     </span>
    </p>
   </div>
   <div class='ocr_carea' id='block_1_48' title="bbox 273 2334 1065 2369">
    <p class='ocr_par' dir='ltr' id='par_1_48' title="bbox 273 2334 1065 2369">
     <span class='ocr_line' id='line_1_48' title="bbox 273 2334 1065 2369; baseline -0.001 -6"><span class='ocrx_word' id='word_1_321' title='bbox 273 2336 375 2364; x_wconf 89' lang='lat' dir='ltr'><strong>salvam</strong></span> <span class='ocrx_word' id='word_1_322' title='bbox 399 2342 431 2362; x_wconf 86' lang='lat' dir='ltr'><strong>ac</strong></span> <span class='ocrx_word' id='word_1_323' title='bbox 455 2335 560 2361; x_wconf 89' lang='lat' dir='ltr'><strong>tlrtnatn</strong></span> <span class='ocrx_word' id='word_1_324' title='bbox 587 2341 647 2362; x_wconf 88' lang='lat' dir='ltr'><strong>esse</strong></span> <span class='ocrx_word' id='word_1_325' title='bbox 672 2334 821 2367; x_wconf 85' lang='lat' dir='ltr'><strong>voluerint,</strong></span> <span class='ocrx_word' id='word_1_326' title='bbox 846 2334 891 2369; x_wconf 87' lang='lat' dir='ltr'><strong>qui</strong></span> <span class='ocrx_word' id='word_1_327' title='bbox 915 2334 941 2361; x_wconf 90' lang='lat' dir='ltr'><strong>in</strong></span> <span class='ocrx_word' id='word_1_328' title='bbox 967 2342 1065 2362; x_wconf 92' lang='lat' dir='ltr'><strong>monu-</strong></span> 
     </span>
    </p>
   </div>
   <div class='ocr_carea' id='block_1_49' title="bbox 273 2380 1065 2415">
    <p class='ocr_par' dir='ltr' id='par_1_49' title="bbox 273 2380 1065 2415">
     <span class='ocr_line' id='line_1_49' title="bbox 273 2380 1065 2415; baseline 0 -7"><span class='ocrx_word' id='word_1_329' title='bbox 273 2381 372 2408; x_wconf 90' lang='lat' dir='ltr'><strong>mentis</strong></span> <span class='ocrx_word' id='word_1_330' title='bbox 387 2380 445 2408; x_wconf 84' lang='lat' dir='ltr'><strong>snis</strong></span> <span class='ocrx_word' id='word_1_331' title='bbox 462 2381 570 2408; x_wconf 80' lang='lat' dir='ltr'><strong>excusis</strong></span> <span class='ocrx_word' id='word_1_332' title='bbox 587 2380 661 2407; x_wconf 89' lang='lat' dir='ltr'><strong>illum</strong></span> <span class='ocrx_word' id='word_1_333' title='bbox 675 2380 872 2415; x_wconf 79' lang='lat' dir='ltr'><strong>archiepiscopi</strong></span> <span class='ocrx_word' id='word_1_334' title='bbox 891 2380 995 2407; x_wconf 89' lang='lat' dir='ltr'><strong>titulum</strong></span> <span class='ocrx_word' id='word_1_335' title='bbox 1011 2388 1065 2408; x_wconf 88' lang='lat' dir='ltr'><strong>non</strong></span> 
     </span>
    </p>
   </div>
   <div class='ocr_carea' id='block_1_50' title="bbox 275 2425 1065 2461">
    <p class='ocr_par' dir='ltr' id='par_1_50' title="bbox 275 2425 1065 2461">
     <span class='ocr_line' id='line_1_50' title="bbox 275 2425 1065 2461; baseline 0.003 -9"><span class='ocrx_word' id='word_1_336' title='bbox 275 2426 327 2453; x_wconf 83' lang='lat' dir='ltr'><strong>alia</strong></span> <span class='ocrx_word' id='word_1_337' title='bbox 351 2434 432 2461; x_wconf 84' lang='lat' dir='ltr'><strong>quam</strong></span> <span class='ocrx_word' id='word_1_338' title='bbox 456 2434 489 2454; x_wconf 78' lang='lat' dir='ltr'><strong>ex</strong></span> <span class='ocrx_word' id='word_1_339' title='bbox 512 2434 578 2453; x_wconf 88' lang='lat' dir='ltr'><strong>mss.</strong></span> <span class='ocrx_word' id='word_1_340' title='bbox 603 2425 656 2454; x_wconf 85' lang='lat' dir='ltr'><strong>fide</strong></span> <span class='ocrx_word' id='word_1_341' title='bbox 683 2430 710 2453; x_wconf 91' lang='lat' dir='ltr'><strong>et</strong></span> <span class='ocrx_word' id='word_1_342' title='bbox 734 2426 895 2453; x_wconf 87' lang='lat' dir='ltr'><strong>auctoritate</strong></span> <span class='ocrx_word' id='word_1_343' title='bbox 924 2430 1065 2461; x_wconf 86' lang='lat' dir='ltr'><strong>acceptum</strong></span> 
     </span>
    </p>
   </div>
   <div class='ocr_carea' id='block_1_51' title="bbox 276 2470 1067 2504">
    <p class='ocr_par' dir='ltr' id='par_1_51' title="bbox 276 2470 1067 2504">
     <span class='ocr_line' id='line_1_51' title="bbox 276 2470 1067 2504; baseline 0.001 -5"><span class='ocrx_word' id='word_1_344' title='bbox 276 2471 418 2499; x_wconf 89' lang='lat' dir='ltr'><strong>ediderunt</strong></span> <span class='ocrx_word' id='word_1_345' title='bbox 441 2480 449 2498; x_wconf 87' lang='lat'><strong>:</strong></span> <span class='ocrx_word' id='word_1_346' title='bbox 474 2471 621 2500; x_wconf 88' lang='lat' dir='ltr'><strong>eardmalis</strong></span> <span class='ocrx_word' id='word_1_347' title='bbox 644 2471 777 2499; x_wconf 86' lang='lat' dir='ltr'><strong>Baronius</strong></span> <span class='ocrx_word' id='word_1_348' title='bbox 801 2475 867 2498; x_wconf 90' lang='lat' dir='ltr'><strong>tom.</strong></span> <span class='ocrx_word' id='word_1_349' title='bbox 888 2470 934 2504; x_wconf 82' lang='lat' dir='ltr'><strong>IX,</strong></span> <span class='ocrx_word' id='word_1_350' title='bbox 948 2470 1067 2500; x_wconf 78' lang='lat' dir='ltr'><strong>Jacobus</strong></span> 
     </span>
    </p>
   </div>
   <div class='ocr_carea' id='block_1_52' title="bbox 276 2516 1068 2550">
    <p class='ocr_par' dir='ltr' id='par_1_52' title="bbox 276 2516 1068 2550">
     <span class='ocr_line' id='line_1_52' title="bbox 276 2516 1068 2550; baseline -0.001 -5"><span class='ocrx_word' id='word_1_351' title='bbox 276 2516 421 2545; x_wconf 87' lang='lat' dir='ltr'><strong>Gretserus</strong></span> <span class='ocrx_word' id='word_1_352' title='bbox 453 2521 518 2543; x_wconf 89' lang='lat' dir='ltr'><strong>tom.</strong></span> <span class='ocrx_word' id='word_1_353' title='bbox 535 2516 555 2543; x_wconf 95' lang='lat' dir='ltr'><strong>ll</strong></span> <span class='ocrx_word' id='word_1_354' title='bbox 572 2517 611 2544; x_wconf 79' lang='lat' dir='ltr'><strong>De</strong></span> <span class='ocrx_word' id='word_1_355' title='bbox 625 2525 717 2550; x_wconf 79' lang='lat' dir='ltr'><strong>cruce;</strong></span> <span class='ocrx_word' id='word_1_356' title='bbox 738 2517 901 2545; x_wconf 85' lang='lat' dir='ltr'><strong>Franciscus</strong></span> <span class='ocrx_word' id='word_1_357' title='bbox 917 2517 1068 2545; x_wconf 84' lang='lat' dir='ltr'><strong>Turrianus</strong></span> 
     </span>
    </p>
   </div>
   <div class='ocr_carea' id='block_1_53' title="bbox 276 2561 1066 2599">
    <p class='ocr_par' dir='ltr' id='par_1_53' title="bbox 276 2561 1066 2599">
     <span class='ocr_line' id='line_1_53' title="bbox 276 2561 1066 2599; baseline 0 -8"><span class='ocrx_word' id='word_1_358' title='bbox 276 2563 324 2592; x_wconf 89' lang='lat' dir='ltr'><strong>lib.</strong></span> <span class='ocrx_word' id='word_1_359' title='bbox 334 2567 425 2590; x_wconf 84' lang='lat' dir='ltr'><strong>contra</strong></span> <span class='ocrx_word' id='word_1_360' title='bbox 435 2561 668 2598; x_wconf 76' lang='lat' dir='ltr'><strong>Magdeburgenses</strong></span> <span class='ocrx_word' id='word_1_361' title='bbox 678 2564 771 2592; x_wconf 75' lang='lat' dir='ltr'><strong>lueret.</strong></span> <span class='ocrx_word' id='word_1_362' title='bbox 781 2571 828 2598; x_wconf 83' lang='lat' dir='ltr'><strong>pro</strong></span> <span class='ocrx_word' id='word_1_363' title='bbox 836 2572 931 2591; x_wconf 85' lang='lat' dir='ltr'><strong>conon.</strong></span> <span class='ocrx_word' id='word_1_364' title='bbox 941 2565 1066 2599; x_wconf 74' lang='lat' dir='ltr'><strong>apostol.,</strong></span> 
     </span>
    </p>
   </div>
   <div class='ocr_carea' id='block_1_54' title="bbox 277 2610 1067 2648">
    <p class='ocr_par' dir='ltr' id='par_1_54' title="bbox 277 2610 1067 2648">
     <span class='ocr_line' id='line_1_54' title="bbox 277 2610 1067 2648; baseline 0 -8"><span class='ocrx_word' id='word_1_365' title='bbox 277 2619 338 2648; x_wconf 83' lang='lat' dir='ltr'><strong>cap.</strong></span> <span class='ocrx_word' id='word_1_366' title='bbox 361 2610 394 2645; x_wconf 85' lang='lat'><strong>6;</strong></span> <span class='ocrx_word' id='word_1_367' title='bbox 419 2610 554 2638; x_wconf 78' lang='lat' dir='ltr'><strong>Antoains</strong></span> <span class='ocrx_word' id='word_1_368' title='bbox 579 2610 744 2640; x_wconf 86' lang='lat' dir='ltr'><strong>Possevinus</strong></span> <span class='ocrx_word' id='word_1_369' title='bbox 761 2612 787 2639; x_wconf 92' lang='lat' dir='ltr'><strong>in</strong></span> <span class='ocrx_word' id='word_1_370' title='bbox 809 2612 957 2647; x_wconf 83' lang='lat' dir='ltr'><strong>Apparatu,</strong></span> <span class='ocrx_word' id='word_1_371' title='bbox 975 2617 1003 2640; x_wconf 85' lang='lat' dir='ltr'><strong>et</strong></span> <span class='ocrx_word' id='word_1_372' title='bbox 1022 2613 1067 2640; x_wconf 86' lang='lat' dir='ltr'><strong>alii</strong></span> 
     </span>
    </p>
   </div>
   <div class='ocr_carea' id='block_1_55' title="bbox 277 2657 1069 2695">
    <p class='ocr_par' dir='ltr' id='par_1_55' title="bbox 277 2657 1069 2695">
     <span class='ocr_line' id='line_1_55' title="bbox 277 2657 1069 2695; baseline 0.003 -10"><span class='ocrx_word' id='word_1_373' title='bbox 277 2665 393 2695; x_wconf 82' lang='lat' dir='ltr'><strong>quorum</strong></span> <span class='ocrx_word' id='word_1_374' title='bbox 408 2657 563 2692; x_wconf 88' lang='lat' dir='ltr'><strong>testimonia</strong></span> <span class='ocrx_word' id='word_1_375' title='bbox 578 2658 741 2685; x_wconf 88' lang='lat' dir='ltr'><strong>contulimus</strong></span> <span class='ocrx_word' id='word_1_376' title='bbox 754 2657 782 2685; x_wconf 93' lang='lat' dir='ltr'><strong>in</strong></span> <span class='ocrx_word' id='word_1_377' title='bbox 795 2658 849 2686; x_wconf 85' lang='lat' dir='ltr'><strong>fine</strong></span> <span class='ocrx_word' id='word_1_378' title='bbox 865 2659 961 2686; x_wconf 90' lang='lat' dir='ltr'><strong>horum</strong></span> <span class='ocrx_word' id='word_1_379' title='bbox 977 2658 1069 2687; x_wconf 72' lang='lat' dir='ltr'><strong>Prom-</strong></span> 
     </span>
    </p>
   </div>
   <div class='ocr_carea' id='block_1_56' title="bbox 278 2703 1069 2740">
    <p class='ocr_par' dir='ltr' id='par_1_56' title="bbox 278 2703 1069 2740">
     <span class='ocr_line' id='line_1_56' title="bbox 278 2703 1069 2740; baseline 0.003 -8"><span class='ocrx_word' id='word_1_380' title='bbox 278 2705 405 2732; x_wconf 86' lang='lat' dir='ltr'><strong>miorum.</strong></span> <span class='ocrx_word' id='word_1_381' title='bbox 423 2703 472 2731; x_wconf 88' lang='lat' dir='ltr'><strong>Est</strong></span> <span class='ocrx_word' id='word_1_382' title='bbox 487 2703 571 2738; x_wconf 83' lang='lat' dir='ltr'><strong>igitur</strong></span> <span class='ocrx_word' id='word_1_383' title='bbox 584 2705 728 2733; x_wconf 84' lang='lat' dir='ltr'><strong>asserenda</strong></span> <span class='ocrx_word' id='word_1_384' title='bbox 743 2705 835 2740; x_wconf 86' lang='lat' dir='ltr'><strong>potius</strong></span> <span class='ocrx_word' id='word_1_385' title='bbox 849 2705 907 2733; x_wconf 58' lang='lat' dir='ltr'><strong>haec</strong></span> <span class='ocrx_word' id='word_1_386' title='bbox 921 2705 1069 2734; x_wconf 88' lang='lat' dir='ltr'><strong>Taurome-</strong></span> 
     </span>
    </p>
   </div>
   <div class='ocr_carea' id='block_1_57' title="bbox 279 2749 1070 2787">
    <p class='ocr_par' dir='ltr' id='par_1_57' title="bbox 279 2749 1070 2787">
     <span class='ocr_line' id='line_1_57' title="bbox 279 2749 1070 2787; baseline 0.003 -9"><span class='ocrx_word' id='word_1_387' title='bbox 279 2750 379 2778; x_wconf 68' lang='lat' dir='ltr'><strong>nitanae</strong></span> <span class='ocrx_word' id='word_1_388' title='bbox 393 2750 520 2778; x_wconf 68' lang='lat' dir='ltr'><strong>Ecclesiae</strong></span> <span class='ocrx_word' id='word_1_389' title='bbox 544 2749 674 2784; x_wconf 78' lang='lat' dir='ltr'><strong>dignitas,</strong></span> <span class='ocrx_word' id='word_1_390' title='bbox 691 2758 752 2784; x_wconf 63' lang='lat' dir='ltr'><strong>qua</strong></span> <span class='ocrx_word' id='word_1_391' title='bbox 771 2752 839 2780; x_wconf 84' lang='lat' dir='ltr'><strong>satis</strong></span> <span class='ocrx_word' id='word_1_392' title='bbox 855 2752 943 2787; x_wconf 89' lang='lat' dir='ltr'><strong>ampla</strong></span> <span class='ocrx_word' id='word_1_393' title='bbox 961 2757 1013 2786; x_wconf 88' lang='lat' dir='ltr'><strong>est,</strong></span> <span class='ocrx_word' id='word_1_394' title='bbox 1028 2758 1070 2780; x_wconf 91' lang='lat' dir='ltr'><strong>ut-</strong></span> 
     </span>
    </p>
   </div>
   <div class='ocr_carea' id='block_1_58' title="bbox 278 2795 1070 2835">
    <p class='ocr_par' dir='ltr' id='par_1_58' title="bbox 278 2795 1070 2835">
     <span class='ocr_line' id='line_1_58' title="bbox 278 2795 1070 2835; baseline 0.005 -12"><span class='ocrx_word' id='word_1_395' title='bbox 278 2801 343 2832; x_wconf 86' lang='lat' dir='ltr'><strong>pote</strong></span> <span class='ocrx_word' id='word_1_396' title='bbox 365 2797 400 2824; x_wconf 85' lang='lat' dir='ltr'><strong>ab</strong></span> <span class='ocrx_word' id='word_1_397' title='bbox 422 2797 481 2832; x_wconf 79' lang='lat' dir='ltr'><strong>ipso</strong></span> <span class='ocrx_word' id='word_1_398' title='bbox 506 2796 534 2824; x_wconf 93' lang='lat' dir='ltr'><strong>S.</strong></span> <span class='ocrx_word' id='word_1_399' title='bbox 557 2795 638 2825; x_wconf 86' lang='lat' dir='ltr'><strong>Petro</strong></span> <span class='ocrx_word' id='word_1_400' title='bbox 663 2798 822 2831; x_wconf 87' lang='lat' dir='ltr'><strong>constituta,</strong></span> <span class='ocrx_word' id='word_1_401' title='bbox 845 2804 875 2827; x_wconf 90' lang='lat' dir='ltr'><strong>ut</strong></span> <span class='ocrx_word' id='word_1_402' title='bbox 896 2799 911 2835; x_wconf 86' lang='lat'><strong>§</strong></span> <span class='ocrx_word' id='word_1_403' title='bbox 935 2798 956 2826; x_wconf 88' lang='lat' dir='ltr'><strong>ll</strong></span> <span class='ocrx_word' id='word_1_404' title='bbox 980 2799 1070 2827; x_wconf 85' lang='lat' dir='ltr'><strong>disse-</strong></span> 
     </span>
    </p>
   </div>
   <div class='ocr_carea' id='block_1_59' title="bbox 279 2841 1068 2879">
    <p class='ocr_par' dir='ltr' id='par_1_59' title="bbox 279 2841 1068 2879">
     <span class='ocr_line' id='line_1_59' title="bbox 279 2841 1068 2879; baseline 0.004 -9"><span class='ocrx_word' id='word_1_405' title='bbox 279 2841 396 2875; x_wconf 79' lang='lat' dir='ltr'><strong>ruimus,</strong></span> <span class='ocrx_word' id='word_1_406' title='bbox 412 2846 439 2870; x_wconf 88' lang='lat' dir='ltr'><strong>et</strong></span> <span class='ocrx_word' id='word_1_407' title='bbox 454 2850 468 2869; x_wconf 85' lang='lat' dir='ltr'><strong>a</strong></span> <span class='ocrx_word' id='word_1_408' title='bbox 484 2849 528 2870; x_wconf 88' lang='lat' dir='ltr'><strong>me</strong></span> <span class='ocrx_word' id='word_1_409' title='bbox 543 2849 603 2877; x_wconf 67' lang='lat' dir='ltr'><strong>qua:</strong></span> <span class='ocrx_word' id='word_1_410' title='bbox 617 2849 678 2871; x_wconf 85' lang='lat' dir='ltr'><strong>mea</strong></span> <span class='ocrx_word' id='word_1_411' title='bbox 695 2850 759 2879; x_wconf 84' lang='lat' dir='ltr'><strong>pars</strong></span> <span class='ocrx_word' id='word_1_412' title='bbox 777 2844 865 2874; x_wconf 86' lang='lat' dir='ltr'><strong>virilis</strong></span> <span class='ocrx_word' id='word_1_413' title='bbox 880 2848 932 2879; x_wconf 85' lang='lat' dir='ltr'><strong>est,</strong></span> <span class='ocrx_word' id='word_1_414' title='bbox 948 2844 982 2873; x_wconf 83' lang='lat' dir='ltr'><strong>ab</strong></span> <span class='ocrx_word' id='word_1_415' title='bbox 994 2845 1068 2873; x_wconf 88' lang='lat' dir='ltr'><strong>omni</strong></span> 
     </span>
    </p>
   </div>
   <div class='ocr_carea' id='block_1_60' title="bbox 1833 109 1873 140">
    <p class='ocr_par' dir='ltr' id='par_1_60' title="bbox 1833 109 1873 140">
     <span class='ocr_line' id='line_1_60' title="bbox 1833 109 1873 140; baseline -0.025 0"><span class='ocrx_word' id='word_1_416' title='bbox 1833 109 1873 140; x_wconf 77' lang='lat'><strong>12</strong></span> 
     </span>
    </p>
   </div>
   <div class='ocr_carea' id='block_1_61' title="bbox 1084 165 1880 213">
    <p class='ocr_par' dir='ltr' id='par_1_61' title="bbox 1084 165 1880 213">
     <span class='ocr_line' id='line_1_61' title="bbox 1084 165 1880 213; baseline -0.023 -6"><span class='ocrx_word' id='word_1_417' title='bbox 1084 179 1137 207; x_wconf 90' lang='lat' dir='ltr'><strong>crit</strong></span> <span class='ocrx_word' id='word_1_418' title='bbox 1160 176 1314 213; x_wconf 82' lang='lat' dir='ltr'><strong>subreptitii</strong></span> <span class='ocrx_word' id='word_1_419' title='bbox 1340 174 1409 203; x_wconf 78' lang='lat' dir='ltr'><strong>tituli</strong></span> <span class='ocrx_word' id='word_1_420' title='bbox 1435 177 1495 200; x_wconf 75' lang='lat' dir='ltr'><strong>nota</strong></span> <span class='ocrx_word' id='word_1_421' title='bbox 1512 176 1536 198; x_wconf 88' lang='lat' dir='ltr'><strong>el</strong></span> <span class='ocrx_word' id='word_1_422' title='bbox 1553 168 1712 204; x_wconf 77' lang='lat' dir='ltr'><strong>arrogantic</strong></span> <span class='ocrx_word' id='word_1_423' title='bbox 1737 165 1880 193; x_wconf 79' lang='lat' dir='ltr'><strong>ta‘umnia</strong></span> 
     </span>
    </p>
   </div>
   <div class='ocr_carea' id='block_1_62' title="bbox 1084 212 1880 252">
    <p class='ocr_par' dir='ltr' id='par_1_62' title="bbox 1084 212 1880 252">
     <span class='ocr_line' id='line_1_62' title="bbox 1084 212 1880 252; baseline -0.019 0"><span class='ocrx_word' id='word_1_424' title='bbox 1084 212 1256 252; x_wconf 71' lang='lat' dir='ltr'><strong>vindicanda.</strong></span> <span class='ocrx_word' id='word_1_425' title='bbox 1270 223 1345 250; x_wconf 87' lang='lat' dir='ltr'><strong>Hanc</strong></span> <span class='ocrx_word' id='word_1_426' title='bbox 1359 221 1430 248; x_wconf 84' lang='lat' dir='ltr'><strong>enim</strong></span> <span class='ocrx_word' id='word_1_427' title='bbox 1445 224 1534 246; x_wconf 88' lang='lat' dir='ltr'><strong>notam</strong></span> <span class='ocrx_word' id='word_1_428' title='bbox 1548 217 1708 250; x_wconf 86' lang='lat' dir='ltr'><strong>impressam</strong></span> <span class='ocrx_word' id='word_1_429' title='bbox 1721 221 1768 240; x_wconf 87' lang='lat' dir='ltr'><strong>seu</strong></span> <span class='ocrx_word' id='word_1_430' title='bbox 1784 212 1880 244; x_wconf 77' lang='lat' dir='ltr'><strong>potius</strong></span> 
     </span>
    </p>
   </div>
   <div class='ocr_carea' id='block_1_63' title="bbox 1085 258 1881 298">
    <p class='ocr_par' dir='ltr' id='par_1_63' title="bbox 1085 258 1881 298">
     <span class='ocr_line' id='line_1_63' title="bbox 1085 258 1881 298; baseline -0.019 -1"><span class='ocrx_word' id='word_1_431' title='bbox 1085 271 1201 298; x_wconf 80' lang='lat' dir='ltr'><strong>inustam</strong></span> <span class='ocrx_word' id='word_1_432' title='bbox 1220 269 1255 296; x_wconf 90' lang='lat' dir='ltr'><strong>illi</strong></span> <span class='ocrx_word' id='word_1_433' title='bbox 1271 269 1351 295; x_wconf 74' lang='lat' dir='ltr'><strong>video</strong></span> <span class='ocrx_word' id='word_1_434' title='bbox 1373 269 1398 294; x_wconf 93' lang='lat' dir='ltr'><strong>in</strong></span> <span class='ocrx_word' id='word_1_435' title='bbox 1422 265 1520 293; x_wconf 83' lang='lat' dir='ltr'><strong>Notitia</strong></span> <span class='ocrx_word' id='word_1_436' title='bbox 1545 262 1673 289; x_wconf 69' lang='lat' dir='ltr'><strong>Ectlesiae</strong></span> <span class='ocrx_word' id='word_1_437' title='bbox 1695 258 1881 286; x_wconf 73' lang='lat' dir='ltr'><strong>Tauromeni-</strong></span> 
     </span>
    </p>
   </div>
   <div class='ocr_carea' id='block_1_64' title="bbox 1086 304 1879 349">
    <p class='ocr_par' dir='ltr' id='par_1_64' title="bbox 1086 304 1879 349">
     <span class='ocr_line' id='line_1_64' title="bbox 1086 304 1879 349; baseline -0.02 -5"><span class='ocrx_word' id='word_1_438' title='bbox 1086 321 1165 348; x_wconf 60' lang='lat' dir='ltr'><strong>tana“,</strong></span> <span class='ocrx_word' id='word_1_439' title='bbox 1190 323 1269 349; x_wconf 87' lang='lat' dir='ltr'><strong>quam</strong></span> <span class='ocrx_word' id='word_1_440' title='bbox 1296 314 1380 341; x_wconf 86' lang='lat' dir='ltr'><strong>edidit</strong></span> <span class='ocrx_word' id='word_1_441' title='bbox 1406 318 1470 340; x_wconf 91' lang='lat' dir='ltr'><strong>tom.</strong></span> <span class='ocrx_word' id='word_1_442' title='bbox 1496 310 1516 337; x_wconf 93' lang='lat' dir='ltr'><strong>ll</strong></span> <span class='ocrx_word' id='word_1_443' title='bbox 1542 310 1614 335; x_wconf 81' lang='lat' dir='ltr'><strong>dum.</strong></span> <span class='ocrx_word' id='word_1_444' title='bbox 1643 307 1767 333; x_wconf 82' lang='lat' dir='ltr'><strong>Roccltus</strong></span> <span class='ocrx_word' id='word_1_445' title='bbox 1793 304 1879 335; x_wconf 87' lang='lat' dir='ltr'><strong>Pirri,</strong></span> 
     </span>
    </p>
   </div>
   <div class='ocr_carea' id='block_1_65' title="bbox 1086 351 1880 394">
    <p class='ocr_par' dir='ltr' id='par_1_65' title="bbox 1086 351 1880 394">
     <span class='ocr_line' id='line_1_65' title="bbox 1086 351 1880 394; baseline -0.018 -5"><span class='ocrx_word' id='word_1_446' title='bbox 1086 364 1170 389; x_wconf 78' lang='lat' dir='ltr'><strong>abbas</strong></span> <span class='ocrx_word' id='word_1_447' title='bbox 1181 362 1302 394; x_wconf 75' lang='lat' dir='ltr'><strong>Neritius,</strong></span> <span class='ocrx_word' id='word_1_448' title='bbox 1314 361 1347 387; x_wconf 89' lang='lat' dir='ltr'><strong>de</strong></span> <span class='ocrx_word' id='word_1_449' title='bbox 1359 359 1456 386; x_wconf 71' lang='lat' dir='ltr'><strong>Sicilia:</strong></span> <span class='ocrx_word' id='word_1_450' title='bbox 1470 356 1598 384; x_wconf 69' lang='lat' dir='ltr'><strong>Ecclesiis</strong></span> <span class='ocrx_word' id='word_1_451' title='bbox 1610 359 1652 383; x_wconf 79' lang='lat' dir='ltr'><strong>sat</strong></span> <span class='ocrx_word' id='word_1_452' title='bbox 1664 355 1730 380; x_wconf 81' lang='lat' dir='ltr'><strong>bene</strong></span> <span class='ocrx_word' id='word_1_453' title='bbox 1744 351 1880 378; x_wconf 84' lang='lat' dir='ltr'><strong>meritus:</strong></span> 
     </span>
    </p>
   </div>
   <div class='ocr_carea' id='block_1_66' title="bbox 1086 396 1882 439">
    <p class='ocr_par' dir='ltr' id='par_1_66' title="bbox 1086 396 1882 439">
     <span class='ocr_line' id='line_1_66' title="bbox 1086 396 1882 439; baseline -0.015 -5"><span class='ocrx_word' id='word_1_454' title='bbox 1086 408 1132 435; x_wconf 83' lang='lat' dir='ltr'><strong>sed</strong></span> <span class='ocrx_word' id='word_1_455' title='bbox 1154 415 1205 434; x_wconf 84' lang='lat' dir='ltr'><strong>noti</strong></span> <span class='ocrx_word' id='word_1_456' title='bbox 1230 412 1284 433; x_wconf 87' lang='lat' dir='ltr'><strong>tam</strong></span> <span class='ocrx_word' id='word_1_457' title='bbox 1306 405 1339 432; x_wconf 87' lang='lat' dir='ltr'><strong>ab</strong></span> <span class='ocrx_word' id='word_1_458' title='bbox 1362 407 1421 439; x_wconf 84' lang='lat' dir='ltr'><strong>ipso</strong></span> <span class='ocrx_word' id='word_1_459' title='bbox 1444 404 1500 430; x_wconf 60' lang='lat' dir='ltr'><strong>hinc</strong></span> <span class='ocrx_word' id='word_1_460' title='bbox 1525 401 1648 435; x_wconf 87' lang='lat' dir='ltr'><strong>imposita</strong></span> <span class='ocrx_word' id='word_1_461' title='bbox 1667 403 1729 426; x_wconf 88' lang='lat' dir='ltr'><strong>uola</strong></span> <span class='ocrx_word' id='word_1_462' title='bbox 1745 404 1826 431; x_wconf 85' lang='lat' dir='ltr'><strong>quam</strong></span> <span class='ocrx_word' id='word_1_463' title='bbox 1846 396 1882 422; x_wconf 77' lang='lat' dir='ltr'><strong>ab</strong></span> 
     </span>
    </p>
   </div>
   <div class='ocr_carea' id='block_1_67' title="bbox 1089 445 1883 483">
    <p class='ocr_par' dir='ltr' id='par_1_67' title="bbox 1089 445 1883 483">
     <span class='ocr_line' id='line_1_67' title="bbox 1089 445 1883 483; baseline -0.016 -5"><span class='ocrx_word' id='word_1_464' title='bbox 1089 452 1200 478; x_wconf 78' lang='lat' dir='ltr'><strong>Alberto</strong></span> <span class='ocrx_word' id='word_1_465' title='bbox 1227 450 1342 480; x_wconf 68' lang='lat' dir='ltr'><strong>Pit‘t‘ttio,</strong></span> <span class='ocrx_word' id='word_1_466' title='bbox 1370 449 1414 483; x_wconf 84' lang='lat' dir='ltr'><strong>qui</strong></span> <span class='ocrx_word' id='word_1_467' title='bbox 1441 448 1476 474; x_wconf 90' lang='lat' dir='ltr'><strong>illi</strong></span> <span class='ocrx_word' id='word_1_468' title='bbox 1504 445 1631 480; x_wconf 76' lang='lat' dir='ltr'><strong>imposuit</strong></span> <span class='ocrx_word' id='word_1_469' title='bbox 1656 451 1662 470; x_wconf 91' lang='lat'>:</span> <span class='ocrx_word' id='word_1_470' title='bbox 1688 450 1742 476; x_wconf 88' lang='lat' dir='ltr'><strong>quo</strong></span> <span class='ocrx_word' id='word_1_471' title='bbox 1767 446 1883 467; x_wconf 83' lang='lat' dir='ltr'><strong>auctore</strong></span> 
     </span>
    </p>
   </div>
   <div class='ocr_carea' id='block_1_68' title="bbox 1088 488 1883 523">
    <p class='ocr_par' dir='ltr' id='par_1_68' title="bbox 1088 488 1883 523">
     <span class='ocr_line' id='line_1_68' title="bbox 1088 488 1883 523; baseline -0.015 0"><span class='ocrx_word' id='word_1_472' title='bbox 1088 497 1182 523; x_wconf 75' lang='lat' dir='ltr'><strong>scribit</strong></span> <span class='ocrx_word' id='word_1_473' title='bbox 1208 496 1276 522; x_wconf 77' lang='lat' dir='ltr'><strong>Pirri</strong></span> <span class='ocrx_word' id='word_1_474' title='bbox 1307 495 1465 521; x_wconf 67' lang='lat' dir='ltr'><strong>Zachariam</strong></span> <span class='ocrx_word' id='word_1_475' title='bbox 1493 490 1695 519; x_wconf 80' lang='lat' dir='ltr'><strong>schismalicuin</strong></span> <span class='ocrx_word' id='word_1_476' title='bbox 1723 488 1883 521; x_wconf 73' lang='lat' dir='ltr'><strong>episcopum</strong></span> 
     </span>
    </p>
   </div>
   <div class='ocr_carea' id='block_1_69' title="bbox 1089 534 1883 572">
    <p class='ocr_par' dir='ltr' id='par_1_69' title="bbox 1089 534 1883 572">
     <span class='ocr_line' id='line_1_69' title="bbox 1089 534 1883 572; baseline -0.016 -3"><span class='ocrx_word' id='word_1_477' title='bbox 1089 542 1260 569; x_wconf 69' lang='lat' dir='ltr'><strong>Tant‘otnenii</strong></span> <span class='ocrx_word' id='word_1_478' title='bbox 1275 550 1288 567; x_wconf 88' lang='lat' dir='ltr'><strong>a</strong></span> <span class='ocrx_word' id='word_1_479' title='bbox 1304 541 1398 567; x_wconf 83' lang='lat' dir='ltr'><strong>Photio</strong></span> <span class='ocrx_word' id='word_1_480' title='bbox 1418 537 1613 572; x_wconf 75' lang='lat' dir='ltr'><strong>archicpiSt&#39;Opi</strong></span> <span class='ocrx_word' id='word_1_481' title='bbox 1635 534 1883 563; x_wconf 66' lang='lat' dir='ltr'><strong>nomenclator-aut,</strong></span> 
     </span>
    </p>
   </div>
   <div class='ocr_carea' id='block_1_70' title="bbox 1090 579 1884 624">
    <p class='ocr_par' dir='ltr' id='par_1_70' title="bbox 1090 579 1884 624">
     <span class='ocr_line' id='line_1_70' title="bbox 1090 579 1884 624; baseline -0.015 -9"><span class='ocrx_word' id='word_1_482' title='bbox 1090 589 1160 624; x_wconf 86' lang='lat' dir='ltr'><strong>quod</strong></span> <span class='ocrx_word' id='word_1_483' title='bbox 1179 593 1248 614; x_wconf 75' lang='lat' dir='ltr'><strong>esset</strong></span> <span class='ocrx_word' id='word_1_484' title='bbox 1265 595 1346 621; x_wconf 75' lang='lat' dir='ltr'><strong>opt-ra</strong></span> <span class='ocrx_word' id='word_1_485' title='bbox 1362 586 1431 612; x_wconf 75' lang='grc' dir='ltr'>ιιι.ιΙο</span> <span class='ocrx_word' id='word_1_486' title='bbox 1448 585 1480 611; x_wconf 78' lang='lat' dir='ltr'><strong>ab</strong></span> <span class='ocrx_word' id='word_1_487' title='bbox 1497 585 1540 610; x_wconf 89' lang='lat' dir='ltr'><strong>illo</strong></span> <span class='ocrx_word' id='word_1_488' title='bbox 1553 583 1658 612; x_wconf 81' lang='lat' dir='ltr'><strong>collata,</strong></span> <span class='ocrx_word' id='word_1_489' title='bbox 1672 587 1698 607; x_wconf 87' lang='lat' dir='ltr'><strong>et</strong></span> <span class='ocrx_word' id='word_1_490' title='bbox 1715 579 1884 607; x_wconf 77' lang='lat' dir='ltr'><strong>defensionis</strong></span> 
     </span>
    </p>
   </div>
   <div class='ocr_carea' id='block_1_71' title="bbox 1091 624 1882 668">
    <p class='ocr_par' dir='ltr' id='par_1_71' title="bbox 1091 624 1882 668">
     <span class='ocr_line' id='line_1_71' title="bbox 1091 624 1882 668; baseline -0.014 -8"><span class='ocrx_word' id='word_1_491' title='bbox 1091 636 1207 668; x_wconf 88' lang='lat' dir='ltr'><strong>partium</strong></span> <span class='ocrx_word' id='word_1_492' title='bbox 1225 633 1416 659; x_wconf 82' lang='lat' dir='ltr'><strong>Photianarum</strong></span> <span class='ocrx_word' id='word_1_493' title='bbox 1434 631 1546 665; x_wconf 81' lang='lat' dir='ltr'><strong>pretium</strong></span> <span class='ocrx_word' id='word_1_494' title='bbox 1564 629 1637 663; x_wconf 79' lang='lat' dir='ltr'><strong>prius</strong></span> <span class='ocrx_word' id='word_1_495' title='bbox 1653 634 1809 661; x_wconf 74' lang='lat' dir='ltr'><strong>repensant.</strong></span> <span class='ocrx_word' id='word_1_496' title='bbox 1825 624 1882 650; x_wconf 86' lang='lat' dir='ltr'><strong>Sed</strong></span> 
     </span>
    </p>
   </div>
   <div class='ocr_carea' id='block_1_72' title="bbox 1091 671 1881 711">
    <p class='ocr_par' dir='ltr' id='par_1_72' title="bbox 1091 671 1881 711">
     <span class='ocr_line' id='line_1_72' title="bbox 1091 671 1881 711; baseline -0.013 -5"><span class='ocrx_word' id='word_1_497' title='bbox 1091 680 1161 706; x_wconf 88' lang='lat' dir='ltr'><strong>unde</strong></span> <span class='ocrx_word' id='word_1_498' title='bbox 1175 679 1224 705; x_wconf 87' lang='lat' dir='ltr'><strong>hoc</strong></span> <span class='ocrx_word' id='word_1_499' title='bbox 1239 678 1340 711; x_wconf 75' lang='lat' dir='ltr'><strong>accepit</strong></span> <span class='ocrx_word' id='word_1_500' title='bbox 1355 676 1494 703; x_wconf 71' lang='lat' dir='ltr'><strong>Piecolus?</strong></span> <span class='ocrx_word' id='word_1_501' title='bbox 1507 683 1561 710; x_wconf 86' lang='lat' dir='ltr'><strong>quo</strong></span> <span class='ocrx_word' id='word_1_502' title='bbox 1576 674 1705 708; x_wconf 81' lang='lat' dir='ltr'><strong>producto</strong></span> <span class='ocrx_word' id='word_1_503' title='bbox 1720 671 1881 698; x_wconf 73' lang='lat' dir='ltr'><strong>tes:imouio</strong></span> 
     </span>
    </p>
   </div>
   <div class='ocr_carea' id='block_1_73' title="bbox 1093 719 1881 754">
    <p class='ocr_par' dir='ltr' id='par_1_73' title="bbox 1093 719 1881 754">
     <span class='ocr_line' id='line_1_73' title="bbox 1093 719 1881 754; baseline -0.013 -2"><span class='ocrx_word' id='word_1_504' title='bbox 1093 727 1116 751; x_wconf 87' lang='lat' dir='ltr'><strong>id</strong></span> <span class='ocrx_word' id='word_1_505' title='bbox 1134 725 1268 751; x_wconf 71' lang='lat' dir='ltr'><strong>aiiit&#39;lllttl?</strong></span> <span class='ocrx_word' id='word_1_506' title='bbox 1286 724 1403 750; x_wconf 71' lang='lat' dir='ltr'><strong>Primum</strong></span> <span class='ocrx_word' id='word_1_507' title='bbox 1423 723 1506 752; x_wconf 79' lang='lat' dir='ltr'><strong>cnim.</strong></span> <span class='ocrx_word' id='word_1_508' title='bbox 1524 722 1545 748; x_wconf 86' lang='lat' dir='ltr'><strong>si</strong></span> <span class='ocrx_word' id='word_1_509' title='bbox 1563 721 1585 748; x_wconf 91' lang='lat' dir='ltr'><strong>is</strong></span> <span class='ocrx_word' id='word_1_510' title='bbox 1604 724 1720 754; x_wconf 79' lang='lat' dir='ltr'><strong>ponatur</strong></span> <span class='ocrx_word' id='word_1_511' title='bbox 1737 719 1881 751; x_wconf 81' lang='lat' dir='ltr'><strong>episcopus</strong></span> 
     </span>
    </p>
   </div>
   <div class='ocr_carea' id='block_1_74' title="bbox 1093 766 1886 802">
    <p class='ocr_par' dir='ltr' id='par_1_74' title="bbox 1093 766 1886 802">
     <span class='ocr_line' id='line_1_74' title="bbox 1093 766 1886 802; baseline -0.01 -4"><span class='ocrx_word' id='word_1_512' title='bbox 1093 771 1265 798; x_wconf 77' lang='lat' dir='ltr'><strong>Taurotttcnii</strong></span> <span class='ocrx_word' id='word_1_513' title='bbox 1283 771 1363 796; x_wconf 80' lang='lat' dir='ltr'><strong>fuisse</strong></span> <span class='ocrx_word' id='word_1_514' title='bbox 1375 769 1531 800; x_wconf 61' lang='lat' dir='ltr'><strong>Zavhatius,</strong></span> <span class='ocrx_word' id='word_1_515' title='bbox 1545 768 1588 802; x_wconf 90' lang='lat' dir='ltr'><strong>qui</strong></span> <span class='ocrx_word' id='word_1_516' title='bbox 1602 770 1782 802; x_wconf 80' lang='lat' dir='ltr'><strong>cognomento</strong></span> <span class='ocrx_word' id='word_1_517' title='bbox 1795 766 1886 790; x_wconf 81' lang='lat' dir='ltr'><strong>dictus</strong></span> 
     </span>
    </p>
   </div>
   <div class='ocr_carea' id='block_1_75' title="bbox 1093 811 1889 851">
    <p class='ocr_par' dir='ltr' id='par_1_75' title="bbox 1093 811 1889 851">
     <span class='ocr_line' id='line_1_75' title="bbox 1093 811 1889 851; baseline -0.014 -6"><span class='ocrx_word' id='word_1_518' title='bbox 1093 824 1134 845; x_wconf 80' lang='lat' dir='ltr'><strong>cst</strong></span> <span class='ocrx_word' id='word_1_519' title='bbox 1152 818 1260 851; x_wconf 57' lang='grc' dir='ltr'><strong>Κωςός.</strong></span> <span class='ocrx_word' id='word_1_520' title='bbox 1287 817 1311 843; x_wconf 87' lang='lat' dir='ltr'><strong>id</strong></span> <span class='ocrx_word' id='word_1_521' title='bbox 1327 822 1367 843; x_wconf 75' lang='lat' dir='ltr'><strong>est</strong></span> <span class='ocrx_word' id='word_1_522' title='bbox 1384 818 1490 845; x_wconf 73' lang='grc' dir='ltr'>ΜιΓιΙιιε,</span> <span class='ocrx_word' id='word_1_523' title='bbox 1508 820 1582 842; x_wconf 79' lang='lat' dir='ltr'><strong>certe</strong></span> <span class='ocrx_word' id='word_1_524' title='bbox 1598 814 1621 841; x_wconf 92' lang='lat' dir='ltr'><strong>is</strong></span> <span class='ocrx_word' id='word_1_525' title='bbox 1635 821 1649 839; x_wconf 87' lang='lat' dir='ltr'><strong>a</strong></span> <span class='ocrx_word' id='word_1_526' title='bbox 1665 811 1760 838; x_wconf 82' lang='lat' dir='ltr'><strong>Pltotio</strong></span> <span class='ocrx_word' id='word_1_527' title='bbox 1783 818 1836 837; x_wconf 86' lang='lat' dir='ltr'><strong>non</strong></span> <span class='ocrx_word' id='word_1_528' title='bbox 1856 811 1889 835; x_wconf 90' lang='lat' dir='ltr'><strong>ti-</strong></span> 
     </span>
    </p>
   </div>
   <div class='ocr_carea' id='block_1_76' title="bbox 1096 857 1888 896">
    <p class='ocr_par' dir='ltr' id='par_1_76' title="bbox 1096 857 1888 896">
     <span class='ocr_line' id='line_1_76' title="bbox 1096 857 1888 896; baseline -0.009 -7"><span class='ocrx_word' id='word_1_529' title='bbox 1096 864 1180 889; x_wconf 89' lang='lat' dir='ltr'><strong>tulmn</strong></span> <span class='ocrx_word' id='word_1_530' title='bbox 1200 862 1397 896; x_wconf 83' lang='lat' dir='ltr'><strong>archiepiscopi</strong></span> <span class='ocrx_word' id='word_1_531' title='bbox 1417 870 1464 896; x_wconf 90' lang='lat' dir='ltr'><strong>pro</strong></span> <span class='ocrx_word' id='word_1_532' title='bbox 1486 869 1534 888; x_wconf 79' lang='lat' dir='ltr'><strong>sua</strong></span> <span class='ocrx_word' id='word_1_533' title='bbox 1559 860 1680 887; x_wconf 77' lang='lat' dir='ltr'><strong>Ecclesia</strong></span> <span class='ocrx_word' id='word_1_534' title='bbox 1706 858 1823 890; x_wconf 80' lang='lat' dir='ltr'><strong>accepit,</strong></span> <span class='ocrx_word' id='word_1_535' title='bbox 1839 857 1888 883; x_wconf 78' lang='lat' dir='ltr'><strong>scil</strong></span> 
     </span>
    </p>
   </div>
   <div class='ocr_carea' id='block_1_77' title="bbox 1096 903 1891 944">
    <p class='ocr_par' dir='ltr' id='par_1_77' title="bbox 1096 903 1891 944">
     <span class='ocr_line' id='line_1_77' title="bbox 1096 903 1891 944; baseline -0.01 -8"><span class='ocrx_word' id='word_1_536' title='bbox 1096 909 1264 944; x_wconf 85' lang='lat' dir='ltr'><strong>tnctropolita</strong></span> <span class='ocrx_word' id='word_1_537' title='bbox 1281 907 1461 935; x_wconf 69' lang='lat' dir='ltr'><strong>Chalcedonis</strong></span> <span class='ocrx_word' id='word_1_538' title='bbox 1479 910 1605 939; x_wconf 84' lang='lat' dir='ltr'><strong>creatus;</strong></span> <span class='ocrx_word' id='word_1_539' title='bbox 1625 905 1696 939; x_wconf 87' lang='lat' dir='ltr'><strong>quod</strong></span> <span class='ocrx_word' id='word_1_540' title='bbox 1715 903 1891 939; x_wconf 84' lang='lat' dir='ltr'><strong>apertissime</strong></span> 
     </span>
    </p>
   </div>
   <div class='ocr_carea' id='block_1_78' title="bbox 1097 951 1891 990">
    <p class='ocr_par' dir='ltr' id='par_1_78' title="bbox 1097 951 1891 990">
     <span class='ocr_line' id='line_1_78' title="bbox 1097 951 1891 990; baseline -0.01 -7"><span class='ocrx_word' id='word_1_541' title='bbox 1097 957 1206 990; x_wconf 83' lang='lat' dir='ltr'><strong>scripsit</strong></span> <span class='ocrx_word' id='word_1_542' title='bbox 1231 955 1340 982; x_wconf 70' lang='lat' dir='ltr'><strong>Nicetes</strong></span> <span class='ocrx_word' id='word_1_543' title='bbox 1363 955 1445 981; x_wconf 86' lang='lat' dir='ltr'><strong>David</strong></span> <span class='ocrx_word' id='word_1_544' title='bbox 1471 954 1497 980; x_wconf 90' lang='lat' dir='ltr'><strong>in</strong></span> <span class='ocrx_word' id='word_1_545' title='bbox 1522 952 1582 980; x_wconf 83' lang='lat' dir='ltr'><strong>Vita</strong></span> <span class='ocrx_word' id='word_1_546' title='bbox 1607 953 1635 980; x_wconf 87' lang='lat' dir='ltr'><strong>S.</strong></span> <span class='ocrx_word' id='word_1_547' title='bbox 1661 951 1768 986; x_wconf 84' lang='lat' dir='ltr'><strong>Ignatii,</strong></span> <span class='ocrx_word' id='word_1_548' title='bbox 1793 954 1891 978; x_wconf 86' lang='lat' dir='ltr'><strong>contra</strong></span> 
     </span>
    </p>
   </div>
   <div class='ocr_carea' id='block_1_79' title="bbox 1098 996 1891 1037">
    <p class='ocr_par' dir='ltr' id='par_1_79' title="bbox 1098 996 1891 1037">
     <span class='ocr_line' id='line_1_79' title="bbox 1098 996 1891 1037; baseline -0.013 -8"><span class='ocrx_word' id='word_1_549' title='bbox 1098 1010 1176 1037; x_wconf 91' lang='lat' dir='ltr'><strong>quem</strong></span> <span class='ocrx_word' id='word_1_550' title='bbox 1205 1002 1316 1028; x_wconf 82' lang='lat' dir='ltr'><strong>Pltotius</strong></span> <span class='ocrx_word' id='word_1_551' title='bbox 1347 1007 1400 1027; x_wconf 86' lang='lat' dir='ltr'><strong>tam</strong></span> <span class='ocrx_word' id='word_1_552' title='bbox 1428 999 1601 1034; x_wconf 81' lang='lat' dir='ltr'><strong>pertinaciter</strong></span> <span class='ocrx_word' id='word_1_553' title='bbox 1625 998 1775 1030; x_wconf 72' lang='lat' dir='ltr'><strong>acerbeque</strong></span> <span class='ocrx_word' id='word_1_554' title='bbox 1803 996 1891 1030; x_wconf 77' lang='lat' dir='ltr'><strong>depu-</strong></span> 
     </span>
    </p>
   </div>
   <div class='ocr_carea' id='block_1_80' title="bbox 1098 1041 1893 1083">
    <p class='ocr_par' dir='ltr' id='par_1_80' title="bbox 1098 1041 1893 1083">
     <span class='ocr_line' id='line_1_80' title="bbox 1098 1041 1893 1083; baseline -0.01 -9"><span class='ocrx_word' id='word_1_555' title='bbox 1098 1049 1209 1083; x_wconf 78' lang='lat' dir='ltr'><strong>gnavit,</strong></span> <span class='ocrx_word' id='word_1_556' title='bbox 1245 1048 1361 1082; x_wconf 78' lang='lat' dir='ltr'><strong>scriptor</strong></span> <span class='ocrx_word' id='word_1_557' title='bbox 1394 1054 1487 1073; x_wconf 86' lang='lat' dir='ltr'><strong>eorum</strong></span> <span class='ocrx_word' id='word_1_558' title='bbox 1521 1049 1694 1077; x_wconf 88' lang='lat' dir='ltr'><strong>temporum,</strong></span> <span class='ocrx_word' id='word_1_559' title='bbox 1724 1042 1770 1077; x_wconf 89' lang='lat' dir='ltr'><strong>qui</strong></span> <span class='ocrx_word' id='word_1_560' title='bbox 1798 1041 1893 1068; x_wconf 88' lang='lat' dir='ltr'><strong>omnia</strong></span> 
     </span>
    </p>
   </div>
   <div class='ocr_carea' id='block_1_81' title="bbox 1099 1088 1895 1128">
    <p class='ocr_par' dir='ltr' id='par_1_81' title="bbox 1099 1088 1895 1128">
     <span class='ocr_line' id='line_1_81' title="bbox 1099 1088 1895 1128; baseline -0.011 -8"><span class='ocrx_word' id='word_1_561' title='bbox 1099 1094 1128 1120; x_wconf 91' lang='lat' dir='ltr'><strong>S.</strong></span> <span class='ocrx_word' id='word_1_562' title='bbox 1155 1094 1250 1128; x_wconf 79' lang='lat' dir='ltr'><strong>lgnatii</strong></span> <span class='ocrx_word' id='word_1_563' title='bbox 1279 1093 1426 1119; x_wconf 79' lang='lat' dir='ltr'><strong>certamina</strong></span> <span class='ocrx_word' id='word_1_564' title='bbox 1455 1090 1659 1125; x_wconf 80' lang='lat' dir='ltr'><strong>diligentissime</strong></span> <span class='ocrx_word' id='word_1_565' title='bbox 1681 1088 1895 1121; x_wconf 57' lang='lat' dir='ltr'><strong>fidelisdmeqne</strong></span> 
     </span>
    </p>
   </div>
   <div class='ocr_carea' id='block_1_82' title="bbox 1101 1133 1891 1175">
    <p class='ocr_par' dir='ltr' id='par_1_82' title="bbox 1101 1133 1891 1175">
     <span class='ocr_line' id='line_1_82' title="bbox 1101 1133 1891 1175; baseline -0.011 -8"><span class='ocrx_word' id='word_1_566' title='bbox 1101 1145 1259 1175; x_wconf 81' lang='lat' dir='ltr'><strong>persecutus</strong></span> <span class='ocrx_word' id='word_1_567' title='bbox 1284 1144 1325 1165; x_wconf 87' lang='lat' dir='ltr'><strong>est</strong></span> <span class='ocrx_word' id='word_1_568' title='bbox 1350 1147 1356 1164; x_wconf 89' lang='lat'>:</span> <span class='ocrx_word' id='word_1_569' title='bbox 1383 1138 1459 1172; x_wconf 83' lang='lat' dir='ltr'><strong>Cujus</strong></span> <span class='ocrx_word' id='word_1_570' title='bbox 1482 1137 1595 1164; x_wconf 85' lang='lat' dir='ltr'><strong>historia</strong></span> <span class='ocrx_word' id='word_1_571' title='bbox 1620 1136 1695 1163; x_wconf 92' lang='lat' dir='ltr'><strong>initio</strong></span> <span class='ocrx_word' id='word_1_572' title='bbox 1718 1140 1764 1161; x_wconf 82' lang='lat' dir='ltr'><strong>vut</strong></span> <span class='ocrx_word' id='word_1_573' title='bbox 1790 1133 1891 1167; x_wconf 81' lang='lat' dir='ltr'><strong>synodi</strong></span> 
     </span>
    </p>
   </div>
   <div class='ocr_carea' id='block_1_83' title="bbox 1102 1181 1887 1220">
    <p class='ocr_par' dir='ltr' id='par_1_83' title="bbox 1102 1181 1887 1220">
     <span class='ocr_line' id='line_1_83' title="bbox 1102 1181 1887 1220; baseline -0.01 -8"><span class='ocrx_word' id='word_1_574' title='bbox 1102 1194 1149 1220; x_wconf 90' lang='lat' dir='ltr'><strong>pro</strong></span> <span class='ocrx_word' id='word_1_575' title='bbox 1163 1193 1243 1212; x_wconf 86' lang='lat' dir='ltr'><strong>causa</strong></span> <span class='ocrx_word' id='word_1_576' title='bbox 1258 1186 1305 1211; x_wconf 90' lang='lat' dir='ltr'><strong>hac</strong></span> <span class='ocrx_word' id='word_1_577' title='bbox 1319 1185 1347 1211; x_wconf 89' lang='lat' dir='ltr'><strong>S.</strong></span> <span class='ocrx_word' id='word_1_578' title='bbox 1362 1185 1456 1218; x_wconf 77' lang='lat' dir='ltr'><strong>lgnatii</strong></span> <span class='ocrx_word' id='word_1_579' title='bbox 1470 1189 1495 1210; x_wconf 78' lang='lat' dir='ltr'><strong>et</strong></span> <span class='ocrx_word' id='word_1_580' title='bbox 1509 1184 1597 1210; x_wconf 83' lang='lat' dir='ltr'><strong>Photii</strong></span> <span class='ocrx_word' id='word_1_581' title='bbox 1612 1182 1739 1210; x_wconf 82' lang='lat' dir='ltr'><strong>celebrata</strong></span> <span class='ocrx_word' id='word_1_582' title='bbox 1752 1181 1887 1214; x_wconf 79' lang='lat' dir='ltr'><strong>impressa</strong></span> 
     </span>
    </p>
   </div>
   <div class='ocr_carea' id='block_1_84' title="bbox 1101 1224 1891 1264">
    <p class='ocr_par' dir='ltr' id='par_1_84' title="bbox 1101 1224 1891 1264">
     <span class='ocr_line' id='line_1_84' title="bbox 1101 1224 1891 1264; baseline -0.011 -6"><span class='ocrx_word' id='word_1_583' title='bbox 1101 1236 1152 1258; x_wconf 86' lang='lat' dir='ltr'><strong>cst.</strong></span> <span class='ocrx_word' id='word_1_584' title='bbox 1174 1232 1210 1257; x_wconf 83' lang='lat' dir='ltr'><strong>De</strong></span> <span class='ocrx_word' id='word_1_585' title='bbox 1227 1230 1324 1257; x_wconf 85' lang='lat' dir='ltr'><strong>Photio</strong></span> <span class='ocrx_word' id='word_1_586' title='bbox 1340 1231 1431 1264; x_wconf 82' lang='lat' dir='ltr'><strong>itaque</strong></span> <span class='ocrx_word' id='word_1_587' title='bbox 1452 1229 1491 1255; x_wconf 83' lang='lat' dir='ltr'><strong>sic</strong></span> <span class='ocrx_word' id='word_1_588' title='bbox 1510 1229 1606 1255; x_wconf 79' lang='lat' dir='ltr'><strong>scribit</strong></span> <span class='ocrx_word' id='word_1_589' title='bbox 1622 1236 1629 1253; x_wconf 85' lang='lat'><strong>:</strong></span> <span class='ocrx_word' id='word_1_590' title='bbox 1647 1227 1690 1253; x_wconf 80' lang='lat' dir='ltr'><strong>His</strong></span> <span class='ocrx_word' id='word_1_591' title='bbox 1707 1226 1751 1252; x_wconf 80' lang='lat' dir='ltr'><strong>itte</strong></span> <span class='ocrx_word' id='word_1_592' title='bbox 1767 1224 1891 1250; x_wconf 67' lang='lat' dir='ltr'><strong>ontntbus</strong></span> 
     </span>
    </p>
   </div>
   <div class='ocr_carea' id='block_1_85' title="bbox 1101 1270 1896 1310">
    <p class='ocr_par' dir='ltr' id='par_1_85' title="bbox 1101 1270 1896 1310">
     <span class='ocr_line' id='line_1_85' title="bbox 1101 1270 1896 1310; baseline -0.011 -7"><span class='ocrx_word' id='word_1_593' title='bbox 1101 1278 1257 1310; x_wconf 78' lang='lat' dir='ltr'><strong>procuratis,</strong></span> <span class='ocrx_word' id='word_1_594' title='bbox 1281 1277 1375 1302; x_wconf 73' lang='lat' dir='ltr'><strong>insana</strong></span> <span class='ocrx_word' id='word_1_595' title='bbox 1397 1280 1420 1301; x_wconf 77' lang='lat' dir='ltr'><strong>et</strong></span> <span class='ocrx_word' id='word_1_596' title='bbox 1442 1275 1569 1308; x_wconf 70' lang='lat' dir='ltr'><strong>sacrilega</strong></span> <span class='ocrx_word' id='word_1_597' title='bbox 1591 1282 1635 1307; x_wconf 82' lang='lat' dir='ltr'><strong>per</strong></span> <span class='ocrx_word' id='word_1_598' title='bbox 1652 1271 1787 1298; x_wconf 79' lang='lat' dir='ltr'><strong>Zachariw</strong></span> <span class='ocrx_word' id='word_1_599' title='bbox 1809 1270 1896 1302; x_wconf 59' lang='grc' dir='ltr'>Οιηνιιὶ</span> 
     </span>
    </p>
   </div>
   <div class='ocr_carea' id='block_1_86' title="bbox 1102 1315 1897 1356">
    <p class='ocr_par' dir='ltr' id='par_1_86' title="bbox 1102 1315 1897 1356">
     <span class='ocr_line' id='line_1_86' title="bbox 1102 1315 1897 1356; baseline -0.014 -6"><span class='ocrx_word' id='word_1_600' title='bbox 1102 1332 1219 1355; x_wconf 85' lang='lat' dir='ltr'><strong>manum,</strong></span> <span class='ocrx_word' id='word_1_601' title='bbox 1239 1322 1283 1356; x_wconf 85' lang='lat' dir='ltr'><strong>qui</strong></span> <span class='ocrx_word' id='word_1_602' title='bbox 1315 1321 1346 1346; x_wconf 78' lang='lat' dir='ltr'><strong>ub</strong></span> <span class='ocrx_word' id='word_1_603' title='bbox 1382 1322 1438 1354; x_wconf 80' lang='lat' dir='ltr'><strong>ipso</strong></span> <span class='ocrx_word' id='word_1_604' title='bbox 1473 1318 1693 1346; x_wconf 62' lang='lat' dir='ltr'><strong>(,ltulccttoucnsis</strong></span> <span class='ocrx_word' id='word_1_605' title='bbox 1728 1315 1897 1347; x_wconf 57' lang='lat' dir='ltr'><strong>metropoliia</strong></span> 
     </span>
    </p>
   </div>
   <div class='ocr_carea' id='block_1_87' title="bbox 1103 1358 1898 1401">
    <p class='ocr_par' dir='ltr' id='par_1_87' title="bbox 1103 1358 1898 1401">
     <span class='ocr_line' id='line_1_87' title="bbox 1103 1358 1898 1401; baseline -0.013 -6"><span class='ocrx_word' id='word_1_606' title='bbox 1103 1374 1204 1396; x_wconf 73' lang='lat' dir='ltr'><strong>creatus</strong></span> <span class='ocrx_word' id='word_1_607' title='bbox 1231 1369 1328 1401; x_wconf 75' lang='lat' dir='ltr'><strong>fuerat,</strong></span> <span class='ocrx_word' id='word_1_608' title='bbox 1352 1372 1375 1393; x_wconf 76' lang='lat' dir='ltr'><strong>ct</strong></span> <span class='ocrx_word' id='word_1_609' title='bbox 1404 1365 1566 1391; x_wconf 80' lang='lat' dir='ltr'><strong>Theodorum</strong></span> <span class='ocrx_word' id='word_1_610' title='bbox 1593 1363 1751 1390; x_wconf 83' lang='lat' dir='ltr'><strong>translatum</strong></span> <span class='ocrx_word' id='word_1_611' title='bbox 1775 1370 1791 1388; x_wconf 81' lang='grc' dir='ltr'><strong>ιι</strong></span> <span class='ocrx_word' id='word_1_612' title='bbox 1814 1358 1898 1387; x_wconf 72' lang='lat' dir='ltr'><strong>Caria</strong></span> 
     </span>
    </p>
   </div>
   <div class='ocr_carea' id='block_1_88' title="bbox 1104 1407 1897 1446">
    <p class='ocr_par' dir='ltr' id='par_1_88' title="bbox 1104 1407 1897 1446">
     <span class='ocr_line' id='line_1_88' title="bbox 1104 1407 1897 1446; baseline -0.013 -5"><span class='ocrx_word' id='word_1_613' title='bbox 1104 1416 1137 1441; x_wconf 86' lang='lat' dir='ltr'><strong>nd</strong></span> <span class='ocrx_word' id='word_1_614' title='bbox 1157 1415 1343 1441; x_wconf 80' lang='lat' dir='ltr'><strong>Laodiccnscm</strong></span> <span class='ocrx_word' id='word_1_615' title='bbox 1365 1413 1542 1446; x_wconf 72' lang='lat' dir='ltr'><strong>episcopatum</strong></span> <span class='ocrx_word' id='word_1_616' title='bbox 1566 1412 1591 1437; x_wconf 85' lang='lat' dir='ltr'><strong>in</strong></span> <span class='ocrx_word' id='word_1_617' title='bbox 1609 1410 1717 1436; x_wconf 81' lang='lat' dir='ltr'><strong>Italiam</strong></span> <span class='ocrx_word' id='word_1_618' title='bbox 1740 1407 1897 1434; x_wconf 78' lang='lat' dir='ltr'><strong>transmisit.</strong></span> 
     </span>
    </p>
   </div>
   <div class='ocr_carea' id='block_1_89' title="bbox 1093 1452 1898 1488">
    <p class='ocr_par' dir='ltr' id='par_1_89' title="bbox 1093 1452 1898 1488">
     <span class='ocr_line' id='line_1_89' title="bbox 1093 1452 1898 1488; baseline -0.014 -1"><span class='ocrx_word' id='word_1_619' title='bbox 1093 1460 1143 1487; x_wconf 69' lang='grc' dir='ltr'><strong>Ἐκ</strong></span> <span class='ocrx_word' id='word_1_620' title='bbox 1167 1460 1209 1486; x_wconf 86' lang='lat' dir='ltr'><strong>his</strong></span> <span class='ocrx_word' id='word_1_621' title='bbox 1233 1467 1297 1486; x_wconf 84' lang='lat' dir='ltr'><strong>sane</strong></span> <span class='ocrx_word' id='word_1_622' title='bbox 1322 1459 1423 1484; x_wconf 87' lang='lat' dir='ltr'><strong>nullunt</strong></span> <span class='ocrx_word' id='word_1_623' title='bbox 1449 1458 1559 1483; x_wconf 73' lang='lat' dir='ltr'><strong>subesse</strong></span> <span class='ocrx_word' id='word_1_624' title='bbox 1584 1455 1695 1483; x_wconf 87' lang='lat' dir='ltr'><strong>dubium</strong></span> <span class='ocrx_word' id='word_1_625' title='bbox 1723 1458 1811 1488; x_wconf 76' lang='lat' dir='ltr'><strong>p-ittst</strong></span> <span class='ocrx_word' id='word_1_626' title='bbox 1833 1452 1898 1486; x_wconf 85' lang='lat' dir='ltr'><strong>quin</strong></span> 
     </span>
    </p>
   </div>
   <div class='ocr_carea' id='block_1_90' title="bbox 1106 1500 1898 1539">
    <p class='ocr_par' dir='ltr' id='par_1_90' title="bbox 1106 1500 1898 1539">
     <span class='ocr_line' id='line_1_90' title="bbox 1106 1500 1898 1539; baseline -0.011 -7"><span class='ocrx_word' id='word_1_627' title='bbox 1106 1506 1251 1533; x_wconf 75' lang='lat' dir='ltr'><strong>Zacharias</strong></span> <span class='ocrx_word' id='word_1_628' title='bbox 1275 1505 1318 1531; x_wconf 90' lang='lat' dir='ltr'><strong>ille</strong></span> <span class='ocrx_word' id='word_1_629' title='bbox 1341 1505 1385 1539; x_wconf 83' lang='lat' dir='ltr'><strong>qui</strong></span> <span class='ocrx_word' id='word_1_630' title='bbox 1410 1504 1518 1538; x_wconf 80' lang='lat' dir='ltr'><strong>Cophus</strong></span> <span class='ocrx_word' id='word_1_631' title='bbox 1542 1505 1722 1536; x_wconf 82' lang='lat' dir='ltr'><strong>cognomento</strong></span> <span class='ocrx_word' id='word_1_632' title='bbox 1740 1500 1829 1526; x_wconf 83' lang='lat' dir='ltr'><strong>dictus</strong></span> <span class='ocrx_word' id='word_1_633' title='bbox 1845 1503 1898 1529; x_wconf 81' lang='lat' dir='ltr'><strong>est,</strong></span> 
     </span>
    </p>
   </div>
   <div class='ocr_carea' id='block_1_91' title="bbox 1106 1546 1901 1585">
    <p class='ocr_par' dir='ltr' id='par_1_91' title="bbox 1106 1546 1901 1585">
     <span class='ocr_line' id='line_1_91' title="bbox 1106 1546 1901 1585; baseline -0.01 -6"><span class='ocrx_word' id='word_1_634' title='bbox 1106 1560 1159 1579; x_wconf 92' lang='lat' dir='ltr'><strong>non</strong></span> <span class='ocrx_word' id='word_1_635' title='bbox 1186 1551 1358 1578; x_wconf 85' lang='lat' dir='ltr'><strong>Tauromeuii</strong></span> <span class='ocrx_word' id='word_1_636' title='bbox 1384 1550 1526 1585; x_wconf 73' lang='lat' dir='ltr'><strong>cpiscopus</strong></span> <span class='ocrx_word' id='word_1_637' title='bbox 1550 1554 1612 1576; x_wconf 89' lang='lat' dir='ltr'><strong>ante</strong></span> <span class='ocrx_word' id='word_1_638' title='bbox 1637 1547 1730 1579; x_wconf 85' lang='lat' dir='ltr'><strong>fuerit,</strong></span> <span class='ocrx_word' id='word_1_639' title='bbox 1757 1546 1805 1573; x_wconf 86' lang='lat' dir='ltr'><strong>sed</strong></span> <span class='ocrx_word' id='word_1_640' title='bbox 1831 1552 1901 1572; x_wconf 80' lang='lat' dir='ltr'><strong>nova</strong></span> 
     </span>
    </p>
   </div>
   <div class='ocr_carea' id='block_1_92' title="bbox 1107 1591 1901 1630">
    <p class='ocr_par' dir='ltr' id='par_1_92' title="bbox 1107 1591 1901 1630">
     <span class='ocr_line' id='line_1_92' title="bbox 1107 1591 1901 1630; baseline -0.011 -4"><span class='ocrx_word' id='word_1_641' title='bbox 1107 1598 1287 1626; x_wconf 79' lang='lat' dir='ltr'><strong>Chalcedonis</strong></span> <span class='ocrx_word' id='word_1_642' title='bbox 1303 1596 1481 1630; x_wconf 66' lang='lat' dir='ltr'><strong>metropolitte</strong></span> <span class='ocrx_word' id='word_1_643' title='bbox 1506 1595 1636 1629; x_wconf 67' lang='lat' dir='ltr'><strong>dignitate</strong></span> <span class='ocrx_word' id='word_1_644' title='bbox 1659 1594 1786 1621; x_wconf 87' lang='lat' dir='ltr'><strong>donatus.</strong></span> <span class='ocrx_word' id='word_1_645' title='bbox 1804 1591 1901 1626; x_wconf 82' lang='lat' dir='ltr'><strong>Atqui,</strong></span> 
     </span>
    </p>
   </div>
   <div class='ocr_carea' id='block_1_93' title="bbox 1107 1638 1903 1679">
    <p class='ocr_par' dir='ltr' id='par_1_93' title="bbox 1107 1638 1903 1679">
     <span class='ocr_line' id='line_1_93' title="bbox 1107 1638 1903 1679; baseline -0.01 -7"><span class='ocrx_word' id='word_1_646' title='bbox 1107 1645 1222 1679; x_wconf 86' lang='lat' dir='ltr'><strong>inquies,</strong></span> <span class='ocrx_word' id='word_1_647' title='bbox 1239 1644 1272 1671; x_wconf 85' lang='lat' dir='ltr'><strong>ab</strong></span> <span class='ocrx_word' id='word_1_648' title='bbox 1287 1644 1442 1677; x_wconf 82' lang='lat' dir='ltr'><strong>episcopatu</strong></span> <span class='ocrx_word' id='word_1_649' title='bbox 1459 1641 1688 1668; x_wconf 77' lang='lat' dir='ltr'><strong>Tauromenitano</strong></span> <span class='ocrx_word' id='word_1_650' title='bbox 1709 1644 1852 1675; x_wconf 88' lang='lat' dir='ltr'><strong>promotus</strong></span> <span class='ocrx_word' id='word_1_651' title='bbox 1867 1638 1903 1665; x_wconf 81' lang='lat' dir='ltr'><strong>ad</strong></span> 
     </span>
    </p>
   </div>
   <div class='ocr_carea' id='block_1_94' title="bbox 1108 1685 1906 1721">
    <p class='ocr_par' dir='ltr' id='par_1_94' title="bbox 1108 1685 1906 1721">
     <span class='ocr_line' id='line_1_94' title="bbox 1108 1685 1906 1721; baseline -0.009 -4"><span class='ocrx_word' id='word_1_652' title='bbox 1108 1690 1366 1718; x_wconf 82' lang='lat' dir='ltr'><strong>Chalcedonensem.</strong></span> <span class='ocrx_word' id='word_1_653' title='bbox 1392 1688 1443 1715; x_wconf 85' lang='lat' dir='ltr'><strong>Sed</strong></span> <span class='ocrx_word' id='word_1_654' title='bbox 1467 1696 1518 1714; x_wconf 91' lang='lat' dir='ltr'><strong>non</strong></span> <span class='ocrx_word' id='word_1_655' title='bbox 1541 1688 1591 1714; x_wconf 89' lang='lat' dir='ltr'><strong>hoc</strong></span> <span class='ocrx_word' id='word_1_656' title='bbox 1605 1687 1716 1714; x_wconf 85' lang='lat' dir='ltr'><strong>verbum</strong></span> <span class='ocrx_word' id='word_1_657' title='bbox 1734 1685 1906 1721; x_wconf 77' lang='grc' dir='ltr'><strong>χειροτονεῖν</strong></span> 
     </span>
    </p>
   </div>
   <div class='ocr_carea' id='block_1_95' title="bbox 1109 1733 1905 1771">
    <p class='ocr_par' dir='ltr' id='par_1_95' title="bbox 1109 1733 1905 1771">
     <span class='ocr_line' id='line_1_95' title="bbox 1109 1733 1905 1771; baseline -0.008 -7"><span class='ocrx_word' id='word_1_658' title='bbox 1109 1744 1163 1771; x_wconf 86' lang='lat' dir='ltr'><strong>quo</strong></span> <span class='ocrx_word' id='word_1_659' title='bbox 1178 1744 1242 1763; x_wconf 89' lang='lat' dir='ltr'><strong>usus</strong></span> <span class='ocrx_word' id='word_1_660' title='bbox 1257 1735 1352 1769; x_wconf 88' lang='lat' dir='ltr'><strong>David,</strong></span> <span class='ocrx_word' id='word_1_661' title='bbox 1364 1735 1459 1768; x_wconf 69' lang='lat' dir='ltr'><strong>signitit</strong></span> <span class='ocrx_word' id='word_1_662' title='bbox 1469 1742 1515 1761; x_wconf 86' lang='lat' dir='ltr'><strong>are</strong></span> <span class='ocrx_word' id='word_1_663' title='bbox 1529 1739 1627 1768; x_wconf 88' lang='lat' dir='ltr'><strong>potest,</strong></span> <span class='ocrx_word' id='word_1_664' title='bbox 1640 1734 1687 1761; x_wconf 88' lang='lat' dir='ltr'><strong>sed</strong></span> <span class='ocrx_word' id='word_1_665' title='bbox 1700 1733 1743 1760; x_wconf 83' lang='lat' dir='ltr'><strong>vel</strong></span> <span class='ocrx_word' id='word_1_666' title='bbox 1758 1733 1905 1766; x_wconf 70' lang='lat' dir='ltr'><strong>designare</strong></span> 
     </span>
    </p>
   </div>
   <div class='ocr_carea' id='block_1_96' title="bbox 1110 1779 1908 1817">
    <p class='ocr_par' dir='ltr' id='par_1_96' title="bbox 1110 1779 1908 1817">
     <span class='ocr_line' id='line_1_96' title="bbox 1110 1779 1908 1817; baseline -0.005 -8"><span class='ocrx_word' id='word_1_667' title='bbox 1110 1784 1277 1817; x_wconf 82' lang='lat' dir='ltr'><strong>episcopum,</strong></span> <span class='ocrx_word' id='word_1_668' title='bbox 1293 1782 1334 1809; x_wconf 86' lang='lat' dir='ltr'><strong>vel</strong></span> <span class='ocrx_word' id='word_1_669' title='bbox 1350 1788 1528 1812; x_wconf 86' lang='lat' dir='ltr'><strong>consecrare;</strong></span> <span class='ocrx_word' id='word_1_670' title='bbox 1547 1779 1619 1815; x_wconf 90' lang='lat' dir='ltr'><strong>quod</strong></span> <span class='ocrx_word' id='word_1_671' title='bbox 1634 1788 1668 1807; x_wconf 88' lang='lat' dir='ltr'><strong>ex</strong></span> <span class='ocrx_word' id='word_1_672' title='bbox 1684 1780 1742 1814; x_wconf 84' lang='lat' dir='ltr'><strong>ipsa</strong></span> <span class='ocrx_word' id='word_1_673' title='bbox 1759 1779 1866 1806; x_wconf 87' lang='lat' dir='ltr'><strong>ratione</strong></span> <span class='ocrx_word' id='word_1_674' title='bbox 1879 1782 1908 1805; x_wconf 84' lang='lat' dir='ltr'><strong>et</strong></span> 
     </span>
    </p>
   </div>
   <div class='ocr_carea' id='block_1_97' title="bbox 1110 1823 1909 1864">
    <p class='ocr_par' dir='ltr' id='par_1_97' title="bbox 1110 1823 1909 1864">
     <span class='ocr_line' id='line_1_97' title="bbox 1110 1823 1909 1864; baseline -0.006 -9"><span class='ocrx_word' id='word_1_675' title='bbox 1110 1834 1200 1864; x_wconf 80' lang='lat' dir='ltr'><strong>clytuo</strong></span> <span class='ocrx_word' id='word_1_676' title='bbox 1220 1827 1338 1855; x_wconf 88' lang='lat' dir='ltr'><strong>nominis</strong></span> <span class='ocrx_word' id='word_1_677' title='bbox 1353 1827 1424 1861; x_wconf 90' lang='lat' dir='ltr'><strong>quod</strong></span> <span class='ocrx_word' id='word_1_678' title='bbox 1449 1834 1574 1853; x_wconf 87' lang='lat' dir='ltr'><strong>manuum</strong></span> <span class='ocrx_word' id='word_1_679' title='bbox 1599 1825 1801 1860; x_wconf 85' lang='lat' dir='ltr'><strong>impositionem</strong></span> <span class='ocrx_word' id='word_1_680' title='bbox 1819 1823 1909 1851; x_wconf 87' lang='lat' dir='ltr'><strong>mani—</strong></span> 
     </span>
    </p>
   </div>
   <div class='ocr_carea' id='block_1_98' title="bbox 1112 1871 1909 1908">
    <p class='ocr_par' dir='ltr' id='par_1_98' title="bbox 1112 1871 1909 1908">
     <span class='ocr_line' id='line_1_98' title="bbox 1112 1871 1909 1908; baseline -0.005 -6"><span class='ocrx_word' id='word_1_681' title='bbox 1112 1876 1181 1903; x_wconf 80' lang='lat' dir='ltr'><strong>feste</strong></span> <span class='ocrx_word' id='word_1_682' title='bbox 1200 1876 1320 1906; x_wconf 84' lang='lat' dir='ltr'><strong>denotat,</strong></span> <span class='ocrx_word' id='word_1_683' title='bbox 1339 1879 1365 1901; x_wconf 91' lang='lat' dir='ltr'><strong>ct</strong></span> <span class='ocrx_word' id='word_1_684' title='bbox 1379 1882 1411 1901; x_wconf 82' lang='lat' dir='ltr'><strong>ex</strong></span> <span class='ocrx_word' id='word_1_685' title='bbox 1428 1874 1487 1901; x_wconf 89' lang='lat' dir='ltr'><strong>aliis</strong></span> <span class='ocrx_word' id='word_1_686' title='bbox 1505 1874 1696 1908; x_wconf 87' lang='lat' dir='ltr'><strong>scriptoribus,</strong></span> <span class='ocrx_word' id='word_1_687' title='bbox 1711 1871 1814 1900; x_wconf 70' lang='lat' dir='ltr'><strong>Iacobo</strong></span> <span class='ocrx_word' id='word_1_688' title='bbox 1827 1871 1909 1899; x_wconf 84' lang='lat' dir='ltr'><strong>Gret—</strong></span> 
     </span>
    </p>
   </div>
   <div class='ocr_carea' id='block_1_99' title="bbox 1112 1919 1909 1954">
    <p class='ocr_par' dir='ltr' id='par_1_99' title="bbox 1112 1919 1909 1954">
     <span class='ocr_line' id='line_1_99' title="bbox 1112 1919 1909 1954; baseline -0.005 -6"><span class='ocrx_word' id='word_1_689' title='bbox 1112 1930 1184 1954; x_wconf 88' lang='lat' dir='ltr'><strong>sero,</strong></span> <span class='ocrx_word' id='word_1_690' title='bbox 1197 1920 1300 1948; x_wconf 77' lang='lat' dir='ltr'><strong>Joanne</strong></span> <span class='ocrx_word' id='word_1_691' title='bbox 1313 1921 1345 1948; x_wconf 89' lang='lat' dir='ltr'><strong>de</strong></span> <span class='ocrx_word' id='word_1_692' title='bbox 1359 1921 1383 1947; x_wconf 88' lang='lat' dir='ltr'><strong>la</strong></span> <span class='ocrx_word' id='word_1_693' title='bbox 1397 1919 1494 1951; x_wconf 88' lang='lat' dir='ltr'><strong>Cerda,</strong></span> <span class='ocrx_word' id='word_1_694' title='bbox 1508 1919 1588 1947; x_wconf 88' lang='lat' dir='ltr'><strong>Petro</strong></span> <span class='ocrx_word' id='word_1_695' title='bbox 1601 1919 1729 1951; x_wconf 87' lang='lat' dir='ltr'><strong>Areudio,</strong></span> <span class='ocrx_word' id='word_1_696' title='bbox 1747 1919 1909 1952; x_wconf 82' lang='lat' dir='ltr'><strong>presbytero</strong></span> 
     </span>
    </p>
   </div>
   <div class='ocr_carea' id='block_1_100' title="bbox 1114 1961 1910 2001">
    <p class='ocr_par' dir='ltr' id='par_1_100' title="bbox 1114 1961 1910 2001">
     <span class='ocr_line' id='line_1_100' title="bbox 1114 1961 1910 2001; baseline -0.008 -8"><span class='ocrx_word' id='word_1_697' title='bbox 1114 1966 1285 2001; x_wconf 67' lang='lat' dir='ltr'><strong>Corcyrensi,</strong></span> <span class='ocrx_word' id='word_1_698' title='bbox 1307 1966 1352 1999; x_wconf 90' lang='lat' dir='ltr'><strong>qui</strong></span> <span class='ocrx_word' id='word_1_699' title='bbox 1375 1966 1408 1992; x_wconf 90' lang='lat' dir='ltr'><strong>de</strong></span> <span class='ocrx_word' id='word_1_700' title='bbox 1425 1965 1477 1991; x_wconf 90' lang='lat' dir='ltr'><strong>ritu</strong></span> <span class='ocrx_word' id='word_1_701' title='bbox 1500 1968 1733 1991; x_wconf 81' lang='lat' dir='ltr'><strong>sacramentorum</strong></span> <span class='ocrx_word' id='word_1_702' title='bbox 1751 1961 1910 1989; x_wconf 68' lang='lat' dir='ltr'><strong>Graecorum</strong></span> 
     </span>
    </p>
   </div>
   <div class='ocr_carea' id='block_1_101' title="bbox 1115 2006 1913 2045">
    <p class='ocr_par' dir='ltr' id='par_1_101' title="bbox 1115 2006 1913 2045">
     <span class='ocr_line' id='line_1_101' title="bbox 1115 2006 1913 2045; baseline -0.006 -7"><span class='ocrx_word' id='word_1_703' title='bbox 1115 2012 1238 2039; x_wconf 81' lang='lat' dir='ltr'><strong>volumen</strong></span> <span class='ocrx_word' id='word_1_704' title='bbox 1256 2011 1389 2045; x_wconf 77' lang='lat' dir='ltr'><strong>integrum</strong></span> <span class='ocrx_word' id='word_1_705' title='bbox 1409 2010 1528 2044; x_wconf 83' lang='lat' dir='ltr'><strong>scripsit,</strong></span> <span class='ocrx_word' id='word_1_706' title='bbox 1553 2010 1591 2036; x_wconf 89' lang='lat' dir='ltr'><strong>ita</strong></span> <span class='ocrx_word' id='word_1_707' title='bbox 1616 2006 1720 2036; x_wconf 80' lang='lat' dir='ltr'><strong>eertum</strong></span> <span class='ocrx_word' id='word_1_708' title='bbox 1743 2014 1807 2035; x_wconf 86' lang='lat' dir='ltr'><strong>esse</strong></span> <span class='ocrx_word' id='word_1_709' title='bbox 1829 2006 1913 2034; x_wconf 81' lang='lat' dir='ltr'><strong>debet</strong></span> 
     </span>
    </p>
   </div>
   <div class='ocr_carea' id='block_1_102' title="bbox 1115 2053 1913 2089">
    <p class='ocr_par' dir='ltr' id='par_1_102' title="bbox 1115 2053 1913 2089">
     <span class='ocr_line' id='line_1_102' title="bbox 1115 2053 1913 2089; baseline -0.005 -5"><span class='ocrx_word' id='word_1_710' title='bbox 1115 2059 1201 2085; x_wconf 90' lang='lat' dir='ltr'><strong>cuivis</strong></span> <span class='ocrx_word' id='word_1_711' title='bbox 1219 2057 1393 2084; x_wconf 79' lang='lat' dir='ltr'><strong>mediocriter</strong></span> <span class='ocrx_word' id='word_1_712' title='bbox 1410 2056 1503 2083; x_wconf 70' lang='lat' dir='ltr'><strong>Grteee</strong></span> <span class='ocrx_word' id='word_1_713' title='bbox 1519 2056 1626 2086; x_wconf 84' lang='lat' dir='ltr'><strong>scienti,</strong></span> <span class='ocrx_word' id='word_1_714' title='bbox 1643 2060 1672 2082; x_wconf 90' lang='lat' dir='ltr'><strong>ut</strong></span> <span class='ocrx_word' id='word_1_715' title='bbox 1688 2054 1716 2082; x_wconf 93' lang='lat' dir='ltr'><strong>id</strong></span> <span class='ocrx_word' id='word_1_716' title='bbox 1735 2054 1856 2089; x_wconf 83' lang='lat' dir='ltr'><strong>probare</strong></span> <span class='ocrx_word' id='word_1_717' title='bbox 1877 2053 1913 2081; x_wconf 89' lang='lat' dir='ltr'><strong>sit</strong></span> 
     </span>
    </p>
   </div>
   <div class='ocr_carea' id='block_1_103' title="bbox 1115 2098 1914 2139">
    <p class='ocr_par' dir='ltr' id='par_1_103' title="bbox 1115 2098 1914 2139">
     <span class='ocr_line' id='line_1_103' title="bbox 1115 2098 1914 2139; baseline -0.006 -8"><span class='ocrx_word' id='word_1_718' title='bbox 1115 2112 1196 2139; x_wconf 87' lang='lat' dir='ltr'><strong>opera</strong></span> <span class='ocrx_word' id='word_1_719' title='bbox 1208 2104 1298 2136; x_wconf 86' lang='lat' dir='ltr'><strong>abuti;</strong></span> <span class='ocrx_word' id='word_1_720' title='bbox 1310 2108 1337 2130; x_wconf 87' lang='lat' dir='ltr'><strong>et</strong></span> <span class='ocrx_word' id='word_1_721' title='bbox 1347 2110 1449 2137; x_wconf 55' lang='lat' dir='ltr'><strong>quasso,</strong></span> <span class='ocrx_word' id='word_1_722' title='bbox 1464 2103 1496 2129; x_wconf 90' lang='lat' dir='ltr'><strong>ab</strong></span> <span class='ocrx_word' id='word_1_723' title='bbox 1509 2101 1684 2136; x_wconf 80' lang='lat' dir='ltr'><strong>sequentibus</strong></span> <span class='ocrx_word' id='word_1_724' title='bbox 1695 2100 1800 2132; x_wconf 85' lang='lat' dir='ltr'><strong>verbis,</strong></span> <span class='ocrx_word' id='word_1_725' title='bbox 1813 2098 1914 2134; x_wconf 89' lang='lat' dir='ltr'><strong>quibus</strong></span> 
     </span>
    </p>
   </div>
   <div class='ocr_carea' id='block_1_104' title="bbox 1116 2144 1910 2177">
    <p class='ocr_par' dir='ltr' id='par_1_104' title="bbox 1116 2144 1910 2177">
     <span class='ocr_line' id='line_1_104' title="bbox 1116 2144 1910 2177; baseline -0.009 0"><span class='ocrx_word' id='word_1_726' title='bbox 1116 2150 1288 2177; x_wconf 86' lang='lat' dir='ltr'><strong>Theodorum</strong></span> <span class='ocrx_word' id='word_1_727' title='bbox 1310 2149 1471 2175; x_wconf 82' lang='lat' dir='ltr'><strong>translatum</strong></span> <span class='ocrx_word' id='word_1_728' title='bbox 1487 2155 1502 2174; x_wconf 82' lang='lat' dir='ltr'><strong>a</strong></span> <span class='ocrx_word' id='word_1_729' title='bbox 1516 2147 1596 2175; x_wconf 87' lang='lat' dir='ltr'><strong>Caria</strong></span> <span class='ocrx_word' id='word_1_730' title='bbox 1616 2146 1780 2173; x_wconf 79' lang='lat' dir='ltr'><strong>Laodiceam</strong></span> <span class='ocrx_word' id='word_1_731' title='bbox 1803 2144 1910 2176; x_wconf 82' lang='lat' dir='ltr'><strong>scribit,</strong></span> 
     </span>
    </p>
   </div>
   <div class='ocr_carea' id='block_1_105' title="bbox 1117 2190 1913 2231">
    <p class='ocr_par' dir='ltr' id='par_1_105' title="bbox 1117 2190 1913 2231">
     <span class='ocr_line' id='line_1_105' title="bbox 1117 2190 1913 2231; baseline -0.009 -8"><span class='ocrx_word' id='word_1_732' title='bbox 1117 2198 1143 2224; x_wconf 89' lang='lat' dir='ltr'><strong>in</strong></span> <span class='ocrx_word' id='word_1_733' title='bbox 1159 2203 1212 2231; x_wconf 88' lang='lat' dir='ltr'><strong>quo</strong></span> <span class='ocrx_word' id='word_1_734' title='bbox 1226 2203 1290 2222; x_wconf 90' lang='lat' dir='ltr'><strong>usus</strong></span> <span class='ocrx_word' id='word_1_735' title='bbox 1306 2195 1387 2221; x_wconf 75' lang='lat' dir='ltr'><strong>Verbo</strong></span> <span class='ocrx_word' id='word_1_736' title='bbox 1402 2194 1589 2229; x_wconf 73' lang='grc' dir='ltr'>μετατιθέναι,</span> <span class='ocrx_word' id='word_1_737' title='bbox 1609 2200 1661 2219; x_wconf 91' lang='lat' dir='ltr'><strong>non</strong></span> <span class='ocrx_word' id='word_1_738' title='bbox 1675 2192 1701 2218; x_wconf 91' lang='lat' dir='ltr'><strong>id</strong></span> <span class='ocrx_word' id='word_1_739' title='bbox 1717 2195 1795 2218; x_wconf 83' lang='lat' dir='ltr'><strong>certo</strong></span> <span class='ocrx_word' id='word_1_740' title='bbox 1809 2190 1913 2218; x_wconf 81' lang='lat' dir='ltr'><strong>certius</strong></span> 
     </span>
    </p>
   </div>
   <div class='ocr_carea' id='block_1_106' title="bbox 1117 2238 1913 2277">
    <p class='ocr_par' dir='ltr' id='par_1_106' title="bbox 1117 2238 1913 2277">
     <span class='ocr_line' id='line_1_106' title="bbox 1117 2238 1913 2277; baseline -0.008 -8"><span class='ocrx_word' id='word_1_741' title='bbox 1117 2241 1247 2277; x_wconf 82' lang='lat' dir='ltr'><strong>apparet?</strong></span> <span class='ocrx_word' id='word_1_742' title='bbox 1261 2241 1328 2268; x_wconf 86' lang='lat' dir='ltr'><strong>Cum</strong></span> <span class='ocrx_word' id='word_1_743' title='bbox 1342 2241 1413 2268; x_wconf 87' lang='lat' dir='ltr'><strong>enim</strong></span> <span class='ocrx_word' id='word_1_744' title='bbox 1427 2241 1577 2267; x_wconf 83' lang='lat' dir='ltr'><strong>secundant</strong></span> <span class='ocrx_word' id='word_1_745' title='bbox 1592 2246 1722 2274; x_wconf 77' lang='lat' dir='ltr'><strong>expresse</strong></span> <span class='ocrx_word' id='word_1_746' title='bbox 1734 2238 1806 2266; x_wconf 84' lang='lat' dir='ltr'><strong>dicat</strong></span> <span class='ocrx_word' id='word_1_747' title='bbox 1820 2242 1913 2264; x_wconf 76' lang='lat' dir='ltr'><strong>trans-</strong></span> 
     </span>
    </p>
   </div>
   <div class='ocr_carea' id='block_1_107' title="bbox 1119 2284 1915 2322">
    <p class='ocr_par' dir='ltr' id='par_1_107' title="bbox 1119 2284 1915 2322">
     <span class='ocr_line' id='line_1_107' title="bbox 1119 2284 1915 2322; baseline -0.008 -7"><span class='ocrx_word' id='word_1_748' title='bbox 1119 2289 1220 2321; x_wconf 86' lang='lat' dir='ltr'><strong>latum,</strong></span> <span class='ocrx_word' id='word_1_749' title='bbox 1244 2291 1271 2314; x_wconf 88' lang='lat' dir='ltr'><strong>et</strong></span> <span class='ocrx_word' id='word_1_750' title='bbox 1298 2288 1408 2322; x_wconf 87' lang='lat' dir='ltr'><strong>proprio</strong></span> <span class='ocrx_word' id='word_1_751' title='bbox 1433 2292 1524 2313; x_wconf 90' lang='lat' dir='ltr'><strong>utatur</strong></span> <span class='ocrx_word' id='word_1_752' title='bbox 1541 2287 1636 2318; x_wconf 89' lang='lat' dir='ltr'><strong>verbo,</strong></span> <span class='ocrx_word' id='word_1_753' title='bbox 1665 2286 1698 2312; x_wconf 87' lang='lat' dir='ltr'><strong>de</strong></span> <span class='ocrx_word' id='word_1_754' title='bbox 1722 2284 1808 2320; x_wconf 85' lang='lat' dir='ltr'><strong>primo</strong></span> <span class='ocrx_word' id='word_1_755' title='bbox 1832 2287 1915 2311; x_wconf 78' lang='lat' dir='ltr'><strong>certo</strong></span> 
     </span>
    </p>
   </div>
   <div class='ocr_carea' id='block_1_108' title="bbox 1119 2332 1912 2371">
    <p class='ocr_par' dir='ltr' id='par_1_108' title="bbox 1119 2332 1912 2371">
     <span class='ocr_line' id='line_1_108' title="bbox 1119 2332 1912 2371; baseline -0.011 -8"><span class='ocrx_word' id='word_1_756' title='bbox 1119 2335 1307 2371; x_wconf 86' lang='lat' dir='ltr'><strong>accipiendum</strong></span> <span class='ocrx_word' id='word_1_757' title='bbox 1335 2340 1377 2361; x_wconf 89' lang='lat' dir='ltr'><strong>est</strong></span> <span class='ocrx_word' id='word_1_758' title='bbox 1401 2333 1485 2361; x_wconf 87' lang='lat' dir='ltr'><strong>fuisse</strong></span> <span class='ocrx_word' id='word_1_759' title='bbox 1512 2339 1649 2364; x_wconf 79' lang='lat' dir='ltr'><strong>creatum,</strong></span> <span class='ocrx_word' id='word_1_760' title='bbox 1675 2332 1772 2367; x_wconf 76' lang='lat' dir='ltr'><strong>quippe</strong></span> <span class='ocrx_word' id='word_1_761' title='bbox 1792 2337 1857 2356; x_wconf 90' lang='lat' dir='ltr'><strong>cum</strong></span> <span class='ocrx_word' id='word_1_762' title='bbox 1882 2333 1912 2355; x_wconf 86' lang='lat' dir='ltr'><strong>ut</strong></span> 
     </span>
    </p>
   </div>
   <div class='ocr_carea' id='block_1_109' title="bbox 1120 2375 1915 2415">
    <p class='ocr_par' dir='ltr' id='par_1_109' title="bbox 1120 2375 1915 2415">
     <span class='ocr_line' id='line_1_109' title="bbox 1120 2375 1915 2415; baseline -0.008 -7"><span class='ocrx_word' id='word_1_763' title='bbox 1120 2384 1226 2409; x_wconf 74' lang='lat' dir='ltr'><strong>diversa</strong></span> <span class='ocrx_word' id='word_1_764' title='bbox 1251 2383 1368 2415; x_wconf 80' lang='lat' dir='ltr'><strong>scriptor</strong></span> <span class='ocrx_word' id='word_1_765' title='bbox 1382 2389 1412 2408; x_wconf 86' lang='lat' dir='ltr'><strong>ea</strong></span> <span class='ocrx_word' id='word_1_766' title='bbox 1437 2380 1593 2407; x_wconf 72' lang='lat' dir='ltr'><strong>tradiderit.</strong></span> <span class='ocrx_word' id='word_1_767' title='bbox 1612 2379 1716 2406; x_wconf 86' lang='lat' dir='ltr'><strong>Deinde</strong></span> <span class='ocrx_word' id='word_1_768' title='bbox 1735 2377 1804 2412; x_wconf 82' lang='lat' dir='ltr'><strong>apud</strong></span> <span class='ocrx_word' id='word_1_769' title='bbox 1820 2375 1915 2404; x_wconf 76' lang='lat' dir='ltr'><strong>Leon-</strong></span> 
     </span>
    </p>
   </div>
   <div class='ocr_carea' id='block_1_110' title="bbox 1120 2423 1920 2462">
    <p class='ocr_par' dir='ltr' id='par_1_110' title="bbox 1120 2423 1920 2462">
     <span class='ocr_line' id='line_1_110' title="bbox 1120 2423 1920 2462; baseline -0.006 -7"><span class='ocrx_word' id='word_1_770' title='bbox 1120 2428 1237 2456; x_wconf 82' lang='lat' dir='ltr'><strong>clavium</strong></span> <span class='ocrx_word' id='word_1_771' title='bbox 1247 2428 1285 2455; x_wconf 85' lang='lat' dir='ltr'><strong>De</strong></span> <span class='ocrx_word' id='word_1_772' title='bbox 1295 2427 1356 2462; x_wconf 83' lang='lat' dir='ltr'><strong>jure</strong></span> <span class='ocrx_word' id='word_1_773' title='bbox 1373 2425 1561 2453; x_wconf 68' lang='lat' dir='ltr'><strong>Graue-Rom.</strong></span> <span class='ocrx_word' id='word_1_774' title='bbox 1575 2429 1664 2452; x_wconf 80' lang='lat' dir='ltr'><strong>exstat</strong></span> <span class='ocrx_word' id='word_1_775' title='bbox 1679 2426 1762 2460; x_wconf 73' lang='lat' dir='ltr'><strong>caput</strong></span> <span class='ocrx_word' id='word_1_776' title='bbox 1777 2423 1812 2452; x_wconf 74' lang='lat' dir='ltr'><strong>de</strong></span> <span class='ocrx_word' id='word_1_777' title='bbox 1824 2426 1920 2451; x_wconf 76' lang='lat' dir='ltr'><strong>trans-</strong></span> 
     </span>
    </p>
   </div>
   <div class='ocr_carea' id='block_1_111' title="bbox 1121 2466 1920 2508">
    <p class='ocr_par' dir='ltr' id='par_1_111' title="bbox 1121 2466 1920 2508">
     <span class='ocr_line' id='line_1_111' title="bbox 1121 2466 1920 2508; baseline -0.004 -7"><span class='ocrx_word' id='word_1_778' title='bbox 1121 2466 1221 2502; x_wconf 80' lang='lat' dir='ltr'><strong>latione</strong></span> <span class='ocrx_word' id='word_1_779' title='bbox 1247 2474 1424 2501; x_wconf 83' lang='lat' dir='ltr'><strong>Orientalium</strong></span> <span class='ocrx_word' id='word_1_780' title='bbox 1455 2473 1665 2508; x_wconf 88' lang='lat' dir='ltr'><strong>episcoporutn,</strong></span> <span class='ocrx_word' id='word_1_781' title='bbox 1690 2470 1719 2506; x_wconf 77' lang='lat' dir='ltr'><strong>in</strong></span> <span class='ocrx_word' id='word_1_782' title='bbox 1740 2471 1920 2506; x_wconf 61' lang='lat' dir='ltr'><strong>quodnam</strong></span> 
     </span>
    </p>
   </div>
   <div class='ocr_carea' id='block_1_112' title="bbox 1122 2513 1919 2558">
    <p class='ocr_par' dir='ltr' id='par_1_112' title="bbox 1122 2513 1919 2558">
     <span class='ocr_line' id='line_1_112' title="bbox 1122 2513 1919 2558; baseline -0.006 -10"><span class='ocrx_word' id='word_1_783' title='bbox 1122 2522 1245 2549; x_wconf 85' lang='lat' dir='ltr'><strong>translati</strong></span> <span class='ocrx_word' id='word_1_784' title='bbox 1262 2521 1380 2555; x_wconf 87' lang='lat' dir='ltr'><strong>episcopi</strong></span> <span class='ocrx_word' id='word_1_785' title='bbox 1398 2523 1604 2551; x_wconf 84' lang='lat' dir='ltr'><strong>enumerantur,</strong></span> <span class='ocrx_word' id='word_1_786' title='bbox 1620 2518 1676 2552; x_wconf 81' lang='lat' dir='ltr'><strong>jam</strong></span> <span class='ocrx_word' id='word_1_787' title='bbox 1690 2513 1919 2558; x_wconf 52' lang='grc' dir='ltr'><strong>ἱιιιοίίετῇεει</strong></span> 
     </span>
    </p>
   </div>
   <div class='ocr_carea' id='block_1_113' title="bbox 1121 2551 1901 2603">
    <p class='ocr_par' dir='ltr' id='par_1_113' title="bbox 1121 2551 1901 2603">
     <span class='ocr_line' id='line_1_113' title="bbox 1121 2551 1901 2603; baseline -0.005 -9"><span class='ocrx_word' id='word_1_788' title='bbox 1121 2569 1198 2603; x_wconf 77' lang='lat' dir='ltr'><strong>gorio</strong></span> <span class='ocrx_word' id='word_1_789' title='bbox 1212 2551 1412 2598; x_wconf 57' lang='lat' dir='ltr'><strong>Naiiiianzeiio,</strong></span> <span class='ocrx_word' id='word_1_790' title='bbox 1422 2565 1468 2600; x_wconf 89' lang='lat' dir='ltr'><strong>qui</strong></span> <span class='ocrx_word' id='word_1_791' title='bbox 1481 2573 1512 2593; x_wconf 77' lang='lat' dir='ltr'><strong>ex</strong></span> <span class='ocrx_word' id='word_1_792' title='bbox 1526 2551 1642 2592; x_wconf 86' lang='lat' dir='ltr'><strong>Sasimis</strong></span> <span class='ocrx_word' id='word_1_793' title='bbox 1650 2551 1901 2603; x_wconf 64' lang='lat' dir='ltr'><strong>Conﬁtth</strong></span> 
     </span>
    </p>
   </div>
   <div class='ocr_carea' id='block_1_114' title="bbox 1123 2601 1843 2647">
    <p class='ocr_par' dir='ltr' id='par_1_114' title="bbox 1123 2601 1843 2647">
     <span class='ocr_line' id='line_1_114' title="bbox 1123 2601 1843 2647; baseline -0.006 -6"><span class='ocrx_word' id='word_1_794' title='bbox 1123 2614 1272 2642; x_wconf 83' lang='lat' dir='ltr'><strong>translatus</strong></span> <span class='ocrx_word' id='word_1_795' title='bbox 1294 2619 1347 2644; x_wconf 86' lang='lat' dir='ltr'><strong>est,</strong></span> <span class='ocrx_word' id='word_1_796' title='bbox 1364 2619 1450 2647; x_wconf 89' lang='lat' dir='ltr'><strong>usque</strong></span> <span class='ocrx_word' id='word_1_797' title='bbox 1463 2612 1497 2639; x_wconf 86' lang='lat' dir='ltr'><strong>ad</strong></span> <span class='ocrx_word' id='word_1_798' title='bbox 1513 2604 1674 2646; x_wconf 66' lang='lat' dir='ltr'><strong>Gregorium&quot;</strong></span> 
     </span>
    </p>
   </div>
   <div class='ocr_carea' id='block_1_115' title="bbox 1123 2657 1705 2695">
    <p class='ocr_par' dir='ltr' id='par_1_115' title="bbox 1123 2657 1705 2695">
     <span class='ocr_line' id='line_1_115' title="bbox 1123 2657 1705 2695; baseline 0 -9"><span class='ocrx_word' id='word_1_799' title='bbox 1123 2660 1209 2695; x_wconf 84' lang='lat' dir='ltr'><strong>ipsius</strong></span> <span class='ocrx_word' id='word_1_800' title='bbox 1232 2658 1388 2687; x_wconf 87' lang='lat' dir='ltr'><strong>schismatis</strong></span> <span class='ocrx_word' id='word_1_801' title='bbox 1408 2657 1532 2685; x_wconf 82' lang='lat' dir='ltr'><strong>Photiani</strong></span> <span class='ocrx_word' id='word_1_802' title='bbox 1555 2657 1705 2695; x_wconf 53' lang='grc' dir='ltr'>εωθιίῇ</span> 
     </span>
    </p>
   </div>
   <div class='ocr_carea' id='block_1_116' title="bbox 1123 2692 1738 2738">
    <p class='ocr_par' dir='ltr' id='par_1_116' title="bbox 1123 2692 1738 2738">
     <span class='ocr_line' id='line_1_116' title="bbox 1123 2692 1738 2738; baseline 0.002 -5"><span class='ocrx_word' id='word_1_803' title='bbox 1123 2692 1221 2733; x_wconf 61' lang='lat' dir='ltr'><strong>Dhotio</strong></span> <span class='ocrx_word' id='word_1_804' title='bbox 1242 2705 1389 2733; x_wconf 82' lang='lat' dir='ltr'><strong>translatus</strong></span> <span class='ocrx_word' id='word_1_805' title='bbox 1403 2703 1499 2732; x_wconf 85' lang='lat' dir='ltr'><strong>eodem</strong></span> <span class='ocrx_word' id='word_1_806' title='bbox 1516 2692 1738 2738; x_wconf 62' lang='lat' dir='ltr'><strong>uim</strong></span> 
     </span>
    </p>
   </div>
   <div class='ocr_carea' id='block_1_117' title="bbox 1123 2743 1587 2786">
    <p class='ocr_par' dir='ltr' id='par_1_117' title="bbox 1123 2743 1587 2786">
     <span class='ocr_line' id='line_1_117' title="bbox 1123 2743 1587 2786; baseline -0.004 -7"><span class='ocrx_word' id='word_1_807' title='bbox 1123 2760 1174 2780; x_wconf 91' lang='lat' dir='ltr'><strong>nec</strong></span> <span class='ocrx_word' id='word_1_808' title='bbox 1200 2751 1255 2779; x_wconf 85' lang='lat' dir='ltr'><strong>ulla</strong></span> <span class='ocrx_word' id='word_1_809' title='bbox 1279 2750 1308 2779; x_wconf 90' lang='lat' dir='ltr'><strong>in</strong></span> <span class='ocrx_word' id='word_1_810' title='bbox 1327 2757 1361 2778; x_wconf 88' lang='lat' dir='ltr'><strong>eo</strong></span> <span class='ocrx_word' id='word_1_811' title='bbox 1375 2750 1464 2786; x_wconf 78' lang='lat' dir='ltr'><strong>capite</strong></span> 
     </span>
    </p>
   </div>
   <div class='ocr_carea' id='block_1_118' title="bbox 1124 2786 1542 2833">
    <p class='ocr_par' dir='ltr' id='par_1_118' title="bbox 1124 2786 1542 2833">
     <span class='ocr_line' id='line_1_118' title="bbox 1124 2786 1542 2833; baseline -0.007 -7"><span class='ocrx_word' id='word_1_812' title='bbox 1124 2798 1174 2826; x_wconf 87' lang='lat' dir='ltr'><strong>Est</strong></span> <span class='ocrx_word' id='word_1_813' title='bbox 1197 2797 1281 2833; x_wconf 80' lang='lat' dir='ltr'><strong>igitur</strong></span> <span class='ocrx_word' id='word_1_814' title='bbox 1305 2801 1362 2824; x_wconf 77' lang='lat' dir='ltr'><strong>tam</strong></span> 
     </span>
    </p>
   </div>
   <div class='ocr_carea' id='block_1_119' title="bbox 1127 2839 1449 2887">
    <p class='ocr_par' dir='ltr' id='par_1_119' title="bbox 1127 2839 1449 2887">
     <span class='ocr_line' id='line_1_119' title="bbox 1127 2839 1449 2887; baseline -0.006 -14"><span class='ocrx_word' id='word_1_815' title='bbox 1127 2845 1214 2881; x_wconf 82' lang='lat' dir='ltr'><strong>phum</strong></span> <span class='ocrx_word' id='word_1_816' title='bbox 1229 2850 1285 2874; x_wconf 83' lang='lat' dir='ltr'><strong>non</strong></span> 
     </span>
    </p>
   </div>
   <div class='ocr_carea' id='block_1_120' title="bbox 1652 2529 1946 2727">
    <p class='ocr_par' dir='ltr' id='par_1_120' title="bbox 1652 2529 1919 2611">
     <span class='ocr_line' id='line_1_120' title="bbox 1652 2529 1919 2559; baseline 0.004 -15"><span class='ocrx_word' id='word_1_817' title='bbox 1652 2529 1676 2544; x_wconf 83' lang='lat' dir='ltr'><strong>In</strong></span> <span class='ocrx_word' id='word_1_818' title='bbox 1690 2529 1756 2545; x_wconf 60' lang='lat' dir='ltr'><strong>lin“</strong></span> <span class='ocrx_word' id='word_1_819' title='bbox 1769 2529 1919 2559; x_wconf 55' lang='lat' dir='ltr'><strong>{ch</strong></span> 
     </span>
     <span class='ocr_line' id='line_1_121' title="bbox 1652 2562 1901 2611; baseline -0.012 -19"><span class='ocrx_word' id='word_1_820' title='bbox 1652 2563 1824 2611; x_wconf 44' lang='lat' dir='ltr'><strong>sonum:</strong></span> <span class='ocrx_word' id='word_1_821' title='bbox 1834 2562 1866 2608; x_wconf 50' lang='grc' dir='ltr'><strong>ςχ</strong></span> 
     </span>
    </p>

    <p class='ocr_par' dir='ltr' id='par_1_121' title="bbox 1652 2610 1925 2698">
     <span class='ocr_line' id='line_1_122' title="bbox 1652 2610 1924 2646; baseline -0.018 -13"><span class='ocrx_word' id='word_1_822' title='bbox 1652 2611 1674 2638; x_wconf 73' lang='lat' dir='ltr'><strong>m&#39;</strong></span> <span class='ocrx_word' id='word_1_823' title='bbox 1690 2614 1798 2646; x_wconf 24' lang='lat' dir='ltr'><strong>“nisi</strong></span> <span class='ocrx_word' id='word_1_824' title='bbox 1889 2610 1924 2641; x_wconf 28' lang='grc' dir='ltr'><strong>(τ</strong></span> 
     </span>
     <span class='ocr_line' id='line_1_123' title="bbox 1652 2650 1925 2698; baseline -0.004 -27"><span class='ocrx_word' id='word_1_825' title='bbox 1652 2663 1659 2671; x_wconf 68' lang='grc' dir='ltr'><strong>τ.</strong></span> <span class='ocrx_word' id='word_1_826' title='bbox 1682 2650 1777 2698; x_wconf 23' lang='lat' dir='ltr'><strong>msh-&#39;7</strong></span> <span class='ocrx_word' id='word_1_827' title='bbox 1888 2650 1890 2653; x_wconf 85' lang='grc'><em>’</em></span> <span class='ocrx_word' id='word_1_828' title='bbox 1908 2652 1925 2687; x_wconf 53' lang='grc' dir='ltr'><strong>η</strong></span> 
     </span>
    </p>
   </div>
   <div class='ocr_carea' id='block_1_121' title="bbox 1194 2851 1960 3098">
    <p class='ocr_par' dir='ltr' id='par_1_122' title="bbox 1194 2851 1956 3094">
     <span class='ocr_line' id='line_1_124' title="bbox 1194 2851 1956 3094; baseline 0.005 0"><span class='ocrx_word' id='word_1_829' title='bbox 1194 2851 1956 3094; x_wconf 62' lang='grc' dir='ltr'><em>Π</em></span> 
     </span>
    </p>
   </div>
  </div>
