  <div class='ocr_page' id='page_1' title='image "/cluster/home/n/w/nwhite01/storage/ocr_20150623/132/hvd.32044073502361/042.png"; bbox 0 0 2031 3107; ppageno 0'>
   <div class='ocr_carea' id='block_1_1' title="bbox 143 168 184 198">
    <p class='ocr_par' dir='ltr' id='par_1_1' title="bbox 143 168 184 198">
     <span class='ocr_line' id='line_1_1' title="bbox 143 168 184 198; baseline 0 0"><span class='ocrx_word' id='word_1_1' title='bbox 143 168 184 198; x_wconf 84' lang='lat'><strong>73</strong></span> 
     </span>
    </p>
   </div>
   <div class='ocr_carea' id='block_1_2' title="bbox 143 222 933 258">
    <p class='ocr_par' dir='ltr' id='par_1_2' title="bbox 143 222 933 258">
     <span class='ocr_line' id='line_1_2' title="bbox 143 222 933 258; baseline -0.001 -8"><span class='ocrx_word' id='word_1_2' title='bbox 143 228 233 250; x_wconf 83' lang='lat' dir='ltr'><strong>tatem</strong></span> <span class='ocrx_word' id='word_1_3' title='bbox 257 223 434 258; x_wconf 74' lang='lat' dir='ltr'><strong>metropolitte</strong></span> <span class='ocrx_word' id='word_1_4' title='bbox 459 223 596 258; x_wconf 71' lang='lat' dir='ltr'><strong>retepisse</strong></span> <span class='ocrx_word' id='word_1_5' title='bbox 616 229 630 249; x_wconf 90' lang='lat' dir='ltr'><strong>a</strong></span> <span class='ocrx_word' id='word_1_6' title='bbox 645 222 752 254; x_wconf 84' lang='lat' dir='ltr'><strong>Photio,</strong></span> <span class='ocrx_word' id='word_1_7' title='bbox 769 227 798 250; x_wconf 90' lang='lat' dir='ltr'><strong>ut</strong></span> <span class='ocrx_word' id='word_1_8' title='bbox 814 222 933 250; x_wconf 83' lang='lat' dir='ltr'><strong>dubitari</strong></span> 
     </span>
    </p>
   </div>
   <div class='ocr_carea' id='block_1_3' title="bbox 146 268 932 303">
    <p class='ocr_par' dir='ltr' id='par_1_3' title="bbox 146 268 932 303">
     <span class='ocr_line' id='line_1_3' title="bbox 146 268 932 303; baseline -0.003 -7"><span class='ocrx_word' id='word_1_9' title='bbox 146 270 248 296; x_wconf 83' lang='lat' dir='ltr'><strong>merito</strong></span> <span class='ocrx_word' id='word_1_10' title='bbox 262 276 313 295; x_wconf 90' lang='lat' dir='ltr'><strong>non</strong></span> <span class='ocrx_word' id='word_1_11' title='bbox 330 273 423 303; x_wconf 86' lang='lat' dir='ltr'><strong>possit.</strong></span> <span class='ocrx_word' id='word_1_12' title='bbox 438 268 490 296; x_wconf 84' lang='lat' dir='ltr'><strong>Sed</strong></span> <span class='ocrx_word' id='word_1_13' title='bbox 508 273 598 296; x_wconf 85' lang='lat' dir='ltr'><strong>tamen</strong></span> <span class='ocrx_word' id='word_1_14' title='bbox 613 269 639 296; x_wconf 89' lang='lat' dir='ltr'><strong>in</strong></span> <span class='ocrx_word' id='word_1_15' title='bbox 654 268 704 296; x_wconf 90' lang='lat' dir='ltr'><strong>hac</strong></span> <span class='ocrx_word' id='word_1_16' title='bbox 718 269 798 296; x_wconf 84' lang='lat' dir='ltr'><strong>etiam</strong></span> <span class='ocrx_word' id='word_1_17' title='bbox 814 274 932 295; x_wconf 85' lang='lat' dir='ltr'><strong>erratum</strong></span> 
     </span>
    </p>
   </div>
   <div class='ocr_carea' id='block_1_4' title="bbox 145 313 953 347">
    <p class='ocr_par' dir='ltr' id='par_1_4' title="bbox 145 313 953 347">
     <span class='ocr_line' id='line_1_4' title="bbox 145 313 953 347; baseline 0.002 -8"><span class='ocrx_word' id='word_1_18' title='bbox 145 319 190 340; x_wconf 83' lang='lat' dir='ltr'><strong>est</strong></span> <span class='ocrx_word' id='word_1_19' title='bbox 215 314 240 340; x_wconf 87' lang='lat' dir='ltr'><strong>in</strong></span> <span class='ocrx_word' id='word_1_20' title='bbox 262 313 393 340; x_wconf 82' lang='lat' dir='ltr'><strong>Zucharia</strong></span> <span class='ocrx_word' id='word_1_21' title='bbox 412 320 425 340; x_wconf 82' lang='lat' dir='ltr'><strong>a</strong></span> <span class='ocrx_word' id='word_1_22' title='bbox 449 313 565 346; x_wconf 90' lang='lat' dir='ltr'><strong>l‘iccolo,</strong></span> <span class='ocrx_word' id='word_1_23' title='bbox 591 322 625 340; x_wconf 92' lang='lat' dir='ltr'><strong>an</strong></span> <span class='ocrx_word' id='word_1_24' title='bbox 647 313 716 341; x_wconf 86' lang='lat' dir='ltr'><strong>Pirri</strong></span> <span class='ocrx_word' id='word_1_25' title='bbox 741 313 848 341; x_wconf 85' lang='lat' dir='ltr'><strong>dicam?</strong></span> <span class='ocrx_word' id='word_1_26' title='bbox 864 313 953 347; x_wconf 76' lang='lat' dir='ltr'><strong>quod.</strong></span> 
     </span>
    </p>
   </div>
   <div class='ocr_carea' id='block_1_5' title="bbox 147 359 934 394">
    <p class='ocr_par' dir='ltr' id='par_1_5' title="bbox 147 359 934 394">
     <span class='ocr_line' id='line_1_5' title="bbox 147 359 934 394; baseline 0 -9"><span class='ocrx_word' id='word_1_27' title='bbox 147 359 292 394; x_wconf 85' lang='lat' dir='ltr'><strong>episcopus</strong></span> <span class='ocrx_word' id='word_1_28' title='bbox 324 359 497 387; x_wconf 82' lang='lat' dir='ltr'><strong>Tauromenii</strong></span> <span class='ocrx_word' id='word_1_29' title='bbox 526 359 671 387; x_wconf 81' lang='lat' dir='ltr'><strong>Zacharias</strong></span> <span class='ocrx_word' id='word_1_30' title='bbox 700 359 810 393; x_wconf 71' lang='lat' dir='ltr'><strong>(Sophus</strong></span> <span class='ocrx_word' id='word_1_31' title='bbox 839 359 873 386; x_wconf 85' lang='lat' dir='ltr'><strong>ab</strong></span> <span class='ocrx_word' id='word_1_32' title='bbox 903 366 934 385; x_wconf 86' lang='lat' dir='ltr'><strong>co</strong></span> 
     </span>
    </p>
   </div>
   <div class='ocr_carea' id='block_1_6' title="bbox 145 406 935 442">
    <p class='ocr_par' dir='ltr' id='par_1_6' title="bbox 145 406 935 442">
     <span class='ocr_line' id='line_1_6' title="bbox 145 406 935 442; baseline 0.004 -11"><span class='ocrx_word' id='word_1_33' title='bbox 145 406 253 433; x_wconf 81' lang='lat' dir='ltr'><strong>dicatur</strong></span> <span class='ocrx_word' id='word_1_34' title='bbox 263 406 411 435; x_wconf 74' lang='lat' dir='ltr'><strong>Zacharias</strong></span> <span class='ocrx_word' id='word_1_35' title='bbox 424 408 468 435; x_wconf 89' lang='lat' dir='ltr'><strong>ille</strong></span> <span class='ocrx_word' id='word_1_36' title='bbox 479 408 524 442; x_wconf 91' lang='lat' dir='ltr'><strong>qui</strong></span> <span class='ocrx_word' id='word_1_37' title='bbox 536 407 681 442; x_wconf 85' lang='lat' dir='ltr'><strong>episcopus</strong></span> <span class='ocrx_word' id='word_1_38' title='bbox 692 407 935 434; x_wconf 86' lang='lat' dir='ltr'><strong>Tauromenitanus</strong></span> 
     </span>
    </p>
   </div>
   <div class='ocr_carea' id='block_1_7' title="bbox 141 451 935 485">
    <p class='ocr_par' dir='ltr' id='par_1_7' title="bbox 141 451 935 485">
     <span class='ocr_line' id='line_1_7' title="bbox 141 451 935 485; baseline 0.001 -8"><span class='ocrx_word' id='word_1_39' title='bbox 141 451 260 479; x_wconf 70' lang='lat' dir='ltr'><strong>Romam</strong></span> <span class='ocrx_word' id='word_1_40' title='bbox 285 452 387 480; x_wconf 84' lang='lat' dir='ltr'><strong>missus</strong></span> <span class='ocrx_word' id='word_1_41' title='bbox 411 454 437 479; x_wconf 89' lang='lat' dir='ltr'><strong>in</strong></span> <span class='ocrx_word' id='word_1_42' title='bbox 462 460 542 480; x_wconf 82' lang='lat' dir='ltr'><strong>causa</strong></span> <span class='ocrx_word' id='word_1_43' title='bbox 565 453 662 485; x_wconf 84' lang='lat' dir='ltr'><strong>Photii,</strong></span> <span class='ocrx_word' id='word_1_44' title='bbox 685 453 862 480; x_wconf 68' lang='lat' dir='ltr'><strong>similitudine</strong></span> <span class='ocrx_word' id='word_1_45' title='bbox 887 461 935 479; x_wconf 89' lang='lat' dir='ltr'><strong>Ito-</strong></span> 
     </span>
    </p>
   </div>
   <div class='ocr_carea' id='block_1_8' title="bbox 140 496 935 533">
    <p class='ocr_par' dir='ltr' id='par_1_8' title="bbox 140 496 935 533">
     <span class='ocr_line' id='line_1_8' title="bbox 140 496 935 533; baseline 0.005 -10"><span class='ocrx_word' id='word_1_46' title='bbox 140 496 226 524; x_wconf 84' lang='lat' dir='ltr'><strong>minis</strong></span> <span class='ocrx_word' id='word_1_47' title='bbox 250 498 311 525; x_wconf 77' lang='lat' dir='ltr'><strong>lalsi</strong></span> <span class='ocrx_word' id='word_1_48' title='bbox 328 504 390 525; x_wconf 91' lang='lat' dir='ltr'><strong>sunt</strong></span> <span class='ocrx_word' id='word_1_49' title='bbox 405 499 441 526; x_wconf 87' lang='lat' dir='ltr'><strong>illi</strong></span> <span class='ocrx_word' id='word_1_50' title='bbox 465 499 623 533; x_wconf 82' lang='lat' dir='ltr'><strong>scriptores,</strong></span> <span class='ocrx_word' id='word_1_51' title='bbox 647 507 699 526; x_wconf 92' lang='lat' dir='ltr'><strong>non</strong></span> <span class='ocrx_word' id='word_1_52' title='bbox 723 498 813 525; x_wconf 84' lang='lat' dir='ltr'><strong>omnia</strong></span> <span class='ocrx_word' id='word_1_53' title='bbox 828 498 935 532; x_wconf 75' lang='lat' dir='ltr'><strong>penitus</strong></span> 
     </span>
    </p>
   </div>
   <div class='ocr_carea' id='block_1_9' title="bbox 139 543 933 580">
    <p class='ocr_par' dir='ltr' id='par_1_9' title="bbox 139 543 933 580">
     <span class='ocr_line' id='line_1_9' title="bbox 139 543 933 580; baseline 0.003 -10"><span class='ocrx_word' id='word_1_54' title='bbox 139 543 217 570; x_wconf 86' lang='lat' dir='ltr'><strong>illius</strong></span> <span class='ocrx_word' id='word_1_55' title='bbox 232 551 281 570; x_wconf 86' lang='lat' dir='ltr'><strong>vnt</strong></span> <span class='ocrx_word' id='word_1_56' title='bbox 305 544 400 579; x_wconf 83' lang='lat' dir='ltr'><strong>synodi</strong></span> <span class='ocrx_word' id='word_1_57' title='bbox 420 550 479 571; x_wconf 86' lang='lat' dir='ltr'><strong>acta</strong></span> <span class='ocrx_word' id='word_1_58' title='bbox 496 545 653 580; x_wconf 85' lang='lat' dir='ltr'><strong>scriptaque</strong></span> <span class='ocrx_word' id='word_1_59' title='bbox 674 544 933 579; x_wconf 73' lang='lat' dir='ltr'><strong>circumspicientes.</strong></span> 
     </span>
    </p>
   </div>
   <div class='ocr_carea' id='block_1_10' title="bbox 141 588 936 624">
    <p class='ocr_par' dir='ltr' id='par_1_10' title="bbox 141 588 936 624">
     <span class='ocr_line' id='line_1_10' title="bbox 141 588 936 624; baseline 0.003 -9"><span class='ocrx_word' id='word_1_60' title='bbox 141 588 205 616; x_wconf 90' lang='lat' dir='ltr'><strong>Duo</strong></span> <span class='ocrx_word' id='word_1_61' title='bbox 225 589 325 624; x_wconf 82' lang='lat' dir='ltr'><strong>quippe</strong></span> <span class='ocrx_word' id='word_1_62' title='bbox 351 590 490 617; x_wconf 71' lang='lat' dir='ltr'><strong>Zachariae</strong></span> <span class='ocrx_word' id='word_1_63' title='bbox 512 590 631 618; x_wconf 84' lang='lat' dir='ltr'><strong>fautores</strong></span> <span class='ocrx_word' id='word_1_64' title='bbox 657 590 745 617; x_wconf 88' lang='lat' dir='ltr'><strong>Photii</strong></span> <span class='ocrx_word' id='word_1_65' title='bbox 771 591 856 623; x_wconf 86' lang='lat' dir='ltr'><strong>fuere,</strong></span> <span class='ocrx_word' id='word_1_66' title='bbox 876 591 936 618; x_wconf 77' lang='lat' dir='ltr'><strong>Ilua:</strong></span> 
     </span>
    </p>
   </div>
   <div class='ocr_carea' id='block_1_11' title="bbox 145 635 937 671">
    <p class='ocr_par' dir='ltr' id='par_1_11' title="bbox 145 635 937 671">
     <span class='ocr_line' id='line_1_11' title="bbox 145 635 937 671; baseline 0.004 -10"><span class='ocrx_word' id='word_1_67' title='bbox 145 635 299 670; x_wconf 79' lang='lat' dir='ltr'><strong>legationes</strong></span> <span class='ocrx_word' id='word_1_68' title='bbox 313 635 424 662; x_wconf 80' lang='lat' dir='ltr'><strong>Romam</strong></span> <span class='ocrx_word' id='word_1_69' title='bbox 440 637 537 664; x_wconf 62' lang='lat' dir='ltr'><strong>missae.</strong></span> <span class='ocrx_word' id='word_1_70' title='bbox 549 636 637 664; x_wconf 86' lang='lat' dir='ltr'><strong>Prima</strong></span> <span class='ocrx_word' id='word_1_71' title='bbox 651 642 692 664; x_wconf 88' lang='lat' dir='ltr'><strong>est</strong></span> <span class='ocrx_word' id='word_1_72' title='bbox 703 645 734 664; x_wconf 87' lang='lat' dir='ltr'><strong>ea</strong></span> <span class='ocrx_word' id='word_1_73' title='bbox 748 645 807 671; x_wconf 68' lang='lat' dir='ltr'><strong>quin</strong></span> <span class='ocrx_word' id='word_1_74' title='bbox 820 637 937 664; x_wconf 80' lang='lat' dir='ltr'><strong>refertur</strong></span> 
     </span>
    </p>
   </div>
   <div class='ocr_carea' id='block_1_12' title="bbox 146 680 934 717">
    <p class='ocr_par' dir='ltr' id='par_1_12' title="bbox 146 680 934 717">
     <span class='ocr_line' id='line_1_12' title="bbox 146 680 934 717; baseline 0.004 -11"><span class='ocrx_word' id='word_1_75' title='bbox 146 687 160 705; x_wconf 88' lang='lat' dir='ltr'><strong>a</strong></span> <span class='ocrx_word' id='word_1_76' title='bbox 180 680 297 707; x_wconf 84' lang='lat' dir='ltr'><strong>Baronio</strong></span> <span class='ocrx_word' id='word_1_77' title='bbox 320 689 391 707; x_wconf 91' lang='lat' dir='ltr'><strong>anno</strong></span> <span class='ocrx_word' id='word_1_78' title='bbox 416 681 468 708; x_wconf 80' lang='grc'><strong>859</strong></span> <span class='ocrx_word' id='word_1_79' title='bbox 490 687 517 708; x_wconf 89' lang='lat' dir='ltr'><strong>et</strong></span> <span class='ocrx_word' id='word_1_80' title='bbox 534 684 560 709; x_wconf 91' lang='lat' dir='ltr'><strong>in</strong></span> <span class='ocrx_word' id='word_1_81' title='bbox 578 691 624 709; x_wconf 82' lang='lat' dir='ltr'><strong>VIII</strong></span> <span class='ocrx_word' id='word_1_82' title='bbox 648 683 761 717; x_wconf 83' lang='lat' dir='ltr'><strong>synodo,</strong></span> <span class='ocrx_word' id='word_1_83' title='bbox 785 688 836 709; x_wconf 58' lang='lat' dir='ltr'><strong>att.</strong></span> <span class='ocrx_word' id='word_1_84' title='bbox 865 684 889 714; x_wconf 88' lang='lat' dir='ltr'><strong>l,</strong></span> <span class='ocrx_word' id='word_1_85' title='bbox 909 684 934 709; x_wconf 89' lang='lat' dir='ltr'><strong>in</strong></span> 
     </span>
    </p>
   </div>
   <div class='ocr_carea' id='block_1_13' title="bbox 144 727 934 763">
    <p class='ocr_par' dir='ltr' id='par_1_13' title="bbox 144 727 934 763">
     <span class='ocr_line' id='line_1_13' title="bbox 144 727 934 763; baseline 0.004 -12"><span class='ocrx_word' id='word_1_86' title='bbox 144 735 198 759; x_wconf 79' lang='lat' dir='ltr'><strong>qua</strong></span> <span class='ocrx_word' id='word_1_87' title='bbox 221 734 236 752; x_wconf 90' lang='lat' dir='ltr'><strong>a</strong></span> <span class='ocrx_word' id='word_1_88' title='bbox 261 727 355 762; x_wconf 72' lang='lat' dir='ltr'><strong>legalis</strong></span> <span class='ocrx_word' id='word_1_89' title='bbox 380 727 508 754; x_wconf 75' lang='lat' dir='ltr'><strong>Romana:</strong></span> <span class='ocrx_word' id='word_1_90' title='bbox 527 728 605 755; x_wconf 84' lang='lat' dir='ltr'><strong>Sedis</strong></span> <span class='ocrx_word' id='word_1_91' title='bbox 632 729 816 763; x_wconf 74' lang='lat' dir='ltr'><strong>interrogante</strong></span> <span class='ocrx_word' id='word_1_92' title='bbox 840 734 934 755; x_wconf 81' lang='lat' dir='ltr'><strong>senatu</strong></span> 
     </span>
    </p>
   </div>
   <div class='ocr_carea' id='block_1_14' title="bbox 146 773 936 808">
    <p class='ocr_par' dir='ltr' id='par_1_14' title="bbox 146 773 936 808">
     <span class='ocr_line' id='line_1_14' title="bbox 146 773 936 808; baseline 0 -9"><span class='ocrx_word' id='word_1_93' title='bbox 146 774 206 800; x_wconf 76' lang='lat' dir='ltr'><strong>haec</strong></span> <span class='ocrx_word' id='word_1_94' title='bbox 230 781 361 808; x_wconf 81' lang='lat' dir='ltr'><strong>responsa</strong></span> <span class='ocrx_word' id='word_1_95' title='bbox 387 778 474 800; x_wconf 84' lang='lat' dir='ltr'><strong>sunt:</strong></span> <span class='ocrx_word' id='word_1_96' title='bbox 494 773 621 800; x_wconf 85' lang='lat' dir='ltr'><strong>Primitus</strong></span> <span class='ocrx_word' id='word_1_97' title='bbox 647 775 740 800; x_wconf 74' lang='lat' dir='ltr'><strong>missus</strong></span> <span class='ocrx_word' id='word_1_98' title='bbox 763 779 802 800; x_wconf 78' lang='lat' dir='ltr'><strong>cst</strong></span> <span class='ocrx_word' id='word_1_99' title='bbox 826 774 936 800; x_wconf 80' lang='lat' dir='ltr'><strong>Arsnbir</strong></span> 
     </span>
    </p>
   </div>
   <div class='ocr_carea' id='block_1_15' title="bbox 146 819 936 854">
    <p class='ocr_par' dir='ltr' id='par_1_15' title="bbox 146 819 936 854">
     <span class='ocr_line' id='line_1_15' title="bbox 146 819 936 854; baseline 0.001 -10"><span class='ocrx_word' id='word_1_100' title='bbox 146 820 247 853; x_wconf 72' lang='lat' dir='ltr'><strong>legatus</strong></span> <span class='ocrx_word' id='word_1_101' title='bbox 267 819 404 845; x_wconf 73' lang='lat' dir='ltr'><strong>Michaelis</strong></span> <span class='ocrx_word' id='word_1_102' title='bbox 418 821 541 852; x_wconf 83' lang='lat' dir='ltr'><strong>imperat.</strong></span> <span class='ocrx_word' id='word_1_103' title='bbox 557 825 580 845; x_wconf 80' lang='lat' dir='ltr'><strong>et</strong></span> <span class='ocrx_word' id='word_1_104' title='bbox 596 828 654 846; x_wconf 87' lang='lat' dir='ltr'><strong>cum</strong></span> <span class='ocrx_word' id='word_1_105' title='bbox 668 828 696 845; x_wconf 89' lang='lat' dir='ltr'><strong>eo</strong></span> <span class='ocrx_word' id='word_1_106' title='bbox 712 820 782 845; x_wconf 76' lang='lat' dir='ltr'><strong>missi</strong></span> <span class='ocrx_word' id='word_1_107' title='bbox 799 826 856 846; x_wconf 80' lang='lat' dir='ltr'><strong>sunt</strong></span> <span class='ocrx_word' id='word_1_108' title='bbox 872 828 936 854; x_wconf 75' lang='lat' dir='ltr'><strong>qua-</strong></span> 
     </span>
    </p>
   </div>
   <div class='ocr_carea' id='block_1_16' title="bbox 145 866 934 900">
    <p class='ocr_par' dir='ltr' id='par_1_16' title="bbox 145 866 934 900">
     <span class='ocr_line' id='line_1_16' title="bbox 145 866 934 900; baseline 0 -9"><span class='ocrx_word' id='word_1_109' title='bbox 145 872 206 891; x_wconf 73' lang='lat' dir='ltr'><strong>tuor</strong></span> <span class='ocrx_word' id='word_1_110' title='bbox 227 866 339 898; x_wconf 75' lang='lat' dir='ltr'><strong>episcopi</strong></span> <span class='ocrx_word' id='word_1_111' title='bbox 360 866 481 899; x_wconf 84' lang='lat' dir='ltr'><strong>(nomina</strong></span> <span class='ocrx_word' id='word_1_112' title='bbox 505 874 595 892; x_wconf 82' lang='lat' dir='ltr'><strong>eorum</strong></span> <span class='ocrx_word' id='word_1_113' title='bbox 619 866 794 900; x_wconf 78' lang='lat' dir='ltr'><strong>ignoramus),</strong></span> <span class='ocrx_word' id='word_1_114' title='bbox 817 866 934 899; x_wconf 76' lang='lat' dir='ltr'><strong>deferens</strong></span> 
     </span>
    </p>
   </div>
   <div class='ocr_carea' id='block_1_17' title="bbox 143 911 935 945">
    <p class='ocr_par' dir='ltr' id='par_1_17' title="bbox 143 911 935 945">
     <span class='ocr_line' id='line_1_17' title="bbox 143 911 935 945; baseline 0 -9"><span class='ocrx_word' id='word_1_115' title='bbox 143 919 232 936; x_wconf 74' lang='lat' dir='ltr'><strong>secum</strong></span> <span class='ocrx_word' id='word_1_116' title='bbox 246 916 270 937; x_wconf 82' lang='lat' dir='ltr'><strong>et</strong></span> <span class='ocrx_word' id='word_1_117' title='bbox 283 911 420 945; x_wconf 71' lang='lat' dir='ltr'><strong>epistolary:</strong></span> <span class='ocrx_word' id='word_1_118' title='bbox 434 912 530 945; x_wconf 83' lang='lat' dir='ltr'><strong>regiam</strong></span> <span class='ocrx_word' id='word_1_119' title='bbox 545 911 734 945; x_wconf 78' lang='lat' dir='ltr'><strong>signiﬁcantem</strong></span> <span class='ocrx_word' id='word_1_120' title='bbox 750 912 775 936; x_wconf 88' lang='lat' dir='ltr'><strong>in</strong></span> <span class='ocrx_word' id='word_1_121' title='bbox 788 919 814 937; x_wconf 83' lang='lat' dir='ltr'><strong>se</strong></span> <span class='ocrx_word' id='word_1_122' title='bbox 829 919 935 937; x_wconf 86' lang='lat' dir='ltr'><strong>causam</strong></span> 
     </span>
    </p>
   </div>
   <div class='ocr_carea' id='block_1_18' title="bbox 143 956 934 991">
    <p class='ocr_par' dir='ltr' id='par_1_18' title="bbox 143 956 934 991">
     <span class='ocr_line' id='line_1_18' title="bbox 143 956 934 991; baseline 0 -10"><span class='ocrx_word' id='word_1_123' title='bbox 143 957 274 982; x_wconf 66' lang='lat' dir='ltr'><strong>Itwreseot</strong></span> <span class='ocrx_word' id='word_1_124' title='bbox 300 957 456 991; x_wconf 84' lang='lat' dir='ltr'><strong>imaginum,</strong></span> <span class='ocrx_word' id='word_1_125' title='bbox 480 961 504 983; x_wconf 84' lang='lat' dir='ltr'><strong>et</strong></span> <span class='ocrx_word' id='word_1_126' title='bbox 530 958 556 983; x_wconf 85' lang='lat' dir='ltr'><strong>in</strong></span> <span class='ocrx_word' id='word_1_127' title='bbox 580 956 632 990; x_wconf 80' lang='lat' dir='ltr'><strong>ﬁne</strong></span> <span class='ocrx_word' id='word_1_128' title='bbox 656 957 803 983; x_wconf 86' lang='lat' dir='ltr'><strong>litterarum</strong></span> <span class='ocrx_word' id='word_1_129' title='bbox 831 958 934 983; x_wconf 83' lang='lat' dir='ltr'><strong>illarum</strong></span> 
     </span>
    </p>
   </div>
   <div class='ocr_carea' id='block_1_19' title="bbox 143 1002 936 1036">
    <p class='ocr_par' dir='ltr' id='par_1_19' title="bbox 143 1002 936 1036">
     <span class='ocr_line' id='line_1_19' title="bbox 143 1002 936 1036; baseline 0 -8"><span class='ocrx_word' id='word_1_130' title='bbox 143 1002 326 1029; x_wconf 81' lang='lat' dir='ltr'><strong>ostendentem</strong></span> <span class='ocrx_word' id='word_1_131' title='bbox 336 1003 414 1029; x_wconf 86' lang='lat' dir='ltr'><strong>etiam</strong></span> <span class='ocrx_word' id='word_1_132' title='bbox 424 1003 600 1036; x_wconf 69' lang='lat' dir='ltr'><strong>expulsionem</strong></span> <span class='ocrx_word' id='word_1_133' title='bbox 611 1004 769 1029; x_wconf 74' lang='lat' dir='ltr'><strong>sanctissimi</strong></span> <span class='ocrx_word' id='word_1_134' title='bbox 779 1003 936 1035; x_wconf 81' lang='lat' dir='ltr'><strong>patriarcha:</strong></span> 
     </span>
    </p>
   </div>
   <div class='ocr_carea' id='block_1_20' title="bbox 146 1047 934 1082">
    <p class='ocr_par' dir='ltr' id='par_1_20' title="bbox 146 1047 934 1082">
     <span class='ocr_line' id='line_1_20' title="bbox 146 1047 934 1082; baseline 0 -9"><span class='ocrx_word' id='word_1_135' title='bbox 146 1047 260 1081; x_wconf 83' lang='lat' dir='ltr'><strong>lgnatii.</strong></span> <span class='ocrx_word' id='word_1_136' title='bbox 274 1048 313 1074; x_wconf 89' lang='lat' dir='ltr'><strong>Ad</strong></span> <span class='ocrx_word' id='word_1_137' title='bbox 331 1056 410 1082; x_wconf 88' lang='lat' dir='ltr'><strong>quetn</strong></span> <span class='ocrx_word' id='word_1_138' title='bbox 429 1048 518 1075; x_wconf 89' lang='lat' dir='ltr'><strong>locum</strong></span> <span class='ocrx_word' id='word_1_139' title='bbox 534 1048 602 1074; x_wconf 82' lang='lat' dir='ltr'><strong>hanc</strong></span> <span class='ocrx_word' id='word_1_140' title='bbox 620 1053 710 1074; x_wconf 90' lang='lat' dir='ltr'><strong>nolatn</strong></span> <span class='ocrx_word' id='word_1_141' title='bbox 726 1048 848 1081; x_wconf 76' lang='lat' dir='ltr'><strong>adjunin</strong></span> <span class='ocrx_word' id='word_1_142' title='bbox 862 1050 934 1074; x_wconf 80' lang='lat' dir='ltr'><strong>Ana—</strong></span> 
     </span>
    </p>
   </div>
   <div class='ocr_carea' id='block_1_21' title="bbox 146 1094 935 1128">
    <p class='ocr_par' dir='ltr' id='par_1_21' title="bbox 146 1094 935 1128">
     <span class='ocr_line' id='line_1_21' title="bbox 146 1094 935 1128; baseline 0 -9"><span class='ocrx_word' id='word_1_143' title='bbox 146 1095 250 1120; x_wconf 72' lang='lat' dir='ltr'><strong>stasius</strong></span> <span class='ocrx_word' id='word_1_144' title='bbox 266 1094 407 1125; x_wconf 79' lang='lat' dir='ltr'><strong>Biblioth.,</strong></span> <span class='ocrx_word' id='word_1_145' title='bbox 427 1094 484 1128; x_wconf 84' lang='lat' dir='ltr'><strong>ejus</strong></span> <span class='ocrx_word' id='word_1_146' title='bbox 498 1094 593 1128; x_wconf 83' lang='lat' dir='ltr'><strong>synodi</strong></span> <span class='ocrx_word' id='word_1_147' title='bbox 610 1095 725 1128; x_wconf 83' lang='lat' dir='ltr'><strong>scriptor</strong></span> <span class='ocrx_word' id='word_1_148' title='bbox 739 1099 765 1120; x_wconf 92' lang='lat' dir='ltr'><strong>et</strong></span> <span class='ocrx_word' id='word_1_149' title='bbox 780 1094 855 1120; x_wconf 78' lang='lat' dir='ltr'><strong>testis</strong></span> <span class='ocrx_word' id='word_1_150' title='bbox 870 1101 935 1120; x_wconf 86' lang='lat' dir='ltr'><strong>ocu-</strong></span> 
     </span>
    </p>
   </div>
   <div class='ocr_carea' id='block_1_22' title="bbox 145 1137 935 1173">
    <p class='ocr_par' dir='ltr' id='par_1_22' title="bbox 145 1137 935 1173">
     <span class='ocr_line' id='line_1_22' title="bbox 145 1137 935 1173; baseline -0.001 -8"><span class='ocrx_word' id='word_1_151' title='bbox 145 1139 218 1165; x_wconf 75' lang='lat' dir='ltr'><strong>latus</strong></span> <span class='ocrx_word' id='word_1_152' title='bbox 230 1147 238 1165; x_wconf 93' lang='lat'>:</span> <span class='ocrx_word' id='word_1_153' title='bbox 252 1137 365 1173; x_wconf 86' lang='lat' dir='ltr'><strong>Urgenle</strong></span> <span class='ocrx_word' id='word_1_154' title='bbox 377 1139 435 1166; x_wconf 71' lang='lat' dir='ltr'><strong>illo:</strong></span> <span class='ocrx_word' id='word_1_155' title='bbox 445 1139 584 1172; x_wconf 59' lang='lat' dir='ltr'><strong>proposita</strong></span> <span class='ocrx_word' id='word_1_156' title='bbox 596 1139 734 1165; x_wconf 77' lang='lat' dir='ltr'><strong>locutionis</strong></span> <span class='ocrx_word' id='word_1_157' title='bbox 747 1139 935 1172; x_wconf 74' lang='lat' dir='ltr'><strong>prosecutione,</strong></span> 
     </span>
    </p>
   </div>
   <div class='ocr_carea' id='block_1_23' title="bbox 145 1188 935 1222">
    <p class='ocr_par' dir='ltr' id='par_1_23' title="bbox 145 1188 935 1222">
     <span class='ocr_line' id='line_1_23' title="bbox 145 1188 935 1222; baseline -0.001 -8"><span class='ocrx_word' id='word_1_158' title='bbox 145 1189 256 1214; x_wconf 77' lang='lat' dir='ltr'><strong>nomina</strong></span> <span class='ocrx_word' id='word_1_159' title='bbox 270 1189 447 1222; x_wconf 72' lang='lat' dir='ltr'><strong>episcoporum</strong></span> <span class='ocrx_word' id='word_1_160' title='bbox 463 1189 500 1214; x_wconf 76' lang='lat' dir='ltr'><strong>eis</strong></span> <span class='ocrx_word' id='word_1_161' title='bbox 518 1188 551 1214; x_wconf 87' lang='lat' dir='ltr'><strong>ad</strong></span> <span class='ocrx_word' id='word_1_162' title='bbox 568 1188 719 1215; x_wconf 84' lang='lat' dir='ltr'><strong>memoriam</strong></span> <span class='ocrx_word' id='word_1_163' title='bbox 737 1195 866 1213; x_wconf 75' lang='lat' dir='ltr'><strong>recurrere</strong></span> <span class='ocrx_word' id='word_1_164' title='bbox 883 1192 935 1213; x_wconf 87' lang='lat' dir='ltr'><strong>tam</strong></span> 
     </span>
    </p>
   </div>
   <div class='ocr_carea' id='block_1_24' title="bbox 146 1233 935 1268">
    <p class='ocr_par' dir='ltr' id='par_1_24' title="bbox 146 1233 935 1268">
     <span class='ocr_line' id='line_1_24' title="bbox 146 1233 935 1268; baseline -0.003 -9"><span class='ocrx_word' id='word_1_165' title='bbox 146 1234 248 1260; x_wconf 79' lang='lat' dir='ltr'><strong>comite</strong></span> <span class='ocrx_word' id='word_1_166' title='bbox 265 1242 316 1260; x_wconf 84' lang='lat' dir='ltr'><strong>non</strong></span> <span class='ocrx_word' id='word_1_167' title='bbox 330 1239 469 1268; x_wconf 84' lang='lat' dir='ltr'><strong>potuerunt</strong></span> <span class='ocrx_word' id='word_1_168' title='bbox 483 1242 492 1260; x_wconf 94' lang='lat'><em>:</em></span> <span class='ocrx_word' id='word_1_169' title='bbox 506 1234 596 1268; x_wconf 81' lang='lat' dir='ltr'><strong>quibus</strong></span> <span class='ocrx_word' id='word_1_170' title='bbox 620 1239 707 1259; x_wconf 89' lang='lat' dir='ltr'><strong>tanten</strong></span> <span class='ocrx_word' id='word_1_171' title='bbox 729 1233 834 1259; x_wconf 80' lang='lat' dir='ltr'><strong>nomina</strong></span> <span class='ocrx_word' id='word_1_172' title='bbox 849 1237 935 1264; x_wconf 87' lang='lat' dir='ltr'><strong>erant,</strong></span> 
     </span>
    </p>
   </div>
   <div class='ocr_carea' id='block_1_25' title="bbox 152 1275 936 1315">
    <p class='ocr_par' dir='ltr' id='par_1_25' title="bbox 152 1275 936 1315">
     <span class='ocr_line' id='line_1_25' title="bbox 152 1275 936 1315; baseline -0.001 -10"><span class='ocrx_word' id='word_1_173' title='bbox 152 1280 303 1306; x_wconf 75' lang='lat' dir='ltr'><strong>Hethodiua</strong></span> <span class='ocrx_word' id='word_1_174' title='bbox 323 1280 481 1313; x_wconf 81' lang='lat' dir='ltr'><strong>metropolita</strong></span> <span class='ocrx_word' id='word_1_175' title='bbox 503 1275 705 1315; x_wconf 75' lang='lat' dir='ltr'><strong>Gangrensium,</strong></span> <span class='ocrx_word' id='word_1_176' title='bbox 721 1278 827 1305; x_wconf 89' lang='lat' dir='ltr'><strong>Samuel</strong></span> <span class='ocrx_word' id='word_1_177' title='bbox 848 1278 936 1305; x_wconf 64' lang='grc' dir='ltr'><strong>(Ιοηπλ-</strong></span> 
     </span>
    </p>
   </div>
   <div class='ocr_carea' id='block_1_26' title="bbox 152 1324 935 1360">
    <p class='ocr_par' dir='ltr' id='par_1_26' title="bbox 152 1324 935 1360">
     <span class='ocr_line' id='line_1_26' title="bbox 152 1324 935 1360; baseline -0.001 -9"><span class='ocrx_word' id='word_1_178' title='bbox 152 1334 213 1351; x_wconf 84' lang='lat' dir='ltr'><strong>rum</strong></span> <span class='ocrx_word' id='word_1_179' title='bbox 233 1327 374 1360; x_wconf 60' lang='lat' dir='ltr'><strong>episcopus,</strong></span> <span class='ocrx_word' id='word_1_180' title='bbox 391 1326 546 1360; x_wconf 74' lang='lat' dir='ltr'><strong>Theophilus</strong></span> <span class='ocrx_word' id='word_1_181' title='bbox 560 1326 653 1358; x_wconf 83' lang='lat' dir='ltr'><strong>lconii,</strong></span> <span class='ocrx_word' id='word_1_182' title='bbox 671 1331 695 1351; x_wconf 84' lang='lat' dir='ltr'><strong>et</strong></span> <span class='ocrx_word' id='word_1_183' title='bbox 709 1324 850 1351; x_wconf 76' lang='lat' dir='ltr'><strong>Zacharias</strong></span> <span class='ocrx_word' id='word_1_184' title='bbox 866 1324 935 1350; x_wconf 72' lang='lat' dir='ltr'><strong>Tau~</strong></span> 
     </span>
    </p>
   </div>
   <div class='ocr_carea' id='block_1_27' title="bbox 148 1370 935 1406">
    <p class='ocr_par' dir='ltr' id='par_1_27' title="bbox 148 1370 935 1406">
     <span class='ocr_line' id='line_1_27' title="bbox 148 1370 935 1406; baseline -0.001 -10"><span class='ocrx_word' id='word_1_185' title='bbox 148 1372 265 1398; x_wconf 77' lang='lat' dir='ltr'><strong>romem&#39;i</strong></span> <span class='ocrx_word' id='word_1_186' title='bbox 281 1372 484 1405; x_wconf 69' lang='lat' dir='ltr'><strong>pseudepiscopi,</strong></span> <span class='ocrx_word' id='word_1_187' title='bbox 501 1372 545 1406; x_wconf 84' lang='lat' dir='ltr'><strong>qui</strong></span> <span class='ocrx_word' id='word_1_188' title='bbox 567 1370 721 1405; x_wconf 80' lang='lat' dir='ltr'><strong>legationem</strong></span> <span class='ocrx_word' id='word_1_189' title='bbox 741 1375 764 1396; x_wconf 88' lang='lat' dir='ltr'><strong>et</strong></span> <span class='ocrx_word' id='word_1_190' title='bbox 784 1370 906 1404; x_wconf 78' lang='lat' dir='ltr'><strong>epistolas</strong></span> <span class='ocrx_word' id='word_1_191' title='bbox 921 1378 935 1395; x_wconf 91' lang='lat' dir='ltr'><strong>a</strong></span> 
     </span>
    </p>
   </div>
   <div class='ocr_carea' id='block_1_28' title="bbox 149 1417 934 1452">
    <p class='ocr_par' dir='ltr' id='par_1_28' title="bbox 149 1417 934 1452">
     <span class='ocr_line' id='line_1_28' title="bbox 149 1417 934 1452; baseline 0.001 -9"><span class='ocrx_word' id='word_1_192' title='bbox 149 1417 248 1444; x_wconf 88' lang='lat' dir='ltr'><strong>Photio</strong></span> <span class='ocrx_word' id='word_1_193' title='bbox 256 1418 320 1445; x_wconf 85' lang='lat' dir='ltr'><strong>Sedi</strong></span> <span class='ocrx_word' id='word_1_194' title='bbox 334 1418 485 1452; x_wconf 71' lang='lat' dir='ltr'><strong>apostolica:</strong></span> <span class='ocrx_word' id='word_1_195' title='bbox 501 1418 659 1444; x_wconf 81' lang='lat' dir='ltr'><strong>detulerunt.</strong></span> <span class='ocrx_word' id='word_1_196' title='bbox 677 1417 738 1444; x_wconf 66' lang='lat' dir='ltr'><strong>Haec</strong></span> <span class='ocrx_word' id='word_1_197' title='bbox 753 1419 912 1445; x_wconf 73' lang='lat' dir='ltr'><strong>Anastasius</strong></span> <span class='ocrx_word' id='word_1_198' title='bbox 929 1427 934 1444; x_wconf 95' lang='lat'>:</span> 
     </span>
    </p>
   </div>
   <div class='ocr_carea' id='block_1_29' title="bbox 149 1463 935 1497">
    <p class='ocr_par' dir='ltr' id='par_1_29' title="bbox 149 1463 935 1497">
     <span class='ocr_line' id='line_1_29' title="bbox 149 1463 935 1497; baseline 0.003 -8"><span class='ocrx_word' id='word_1_199' title='bbox 149 1471 183 1490; x_wconf 80' lang='lat' dir='ltr'><strong>cx</strong></span> <span class='ocrx_word' id='word_1_200' title='bbox 198 1470 253 1497; x_wconf 88' lang='lat' dir='ltr'><strong>quo</strong></span> <span class='ocrx_word' id='word_1_201' title='bbox 267 1463 341 1490; x_wconf 85' lang='lat' dir='ltr'><strong>vides</strong></span> <span class='ocrx_word' id='word_1_202' title='bbox 354 1463 428 1490; x_wconf 92' lang='lat' dir='ltr'><strong>nullo</strong></span> <span class='ocrx_word' id='word_1_203' title='bbox 443 1464 601 1497; x_wconf 77' lang='lat' dir='ltr'><strong>cognomine</strong></span> <span class='ocrx_word' id='word_1_204' title='bbox 615 1463 739 1490; x_wconf 66' lang='lat' dir='ltr'><strong>allectum</strong></span> <span class='ocrx_word' id='word_1_205' title='bbox 754 1463 912 1490; x_wconf 77' lang='lat' dir='ltr'><strong>Zachariam</strong></span> <span class='ocrx_word' id='word_1_206' title='bbox 929 1473 935 1491; x_wconf 88' lang='lat'><strong>:</strong></span> 
     </span>
    </p>
   </div>
   <div class='ocr_carea' id='block_1_30' title="bbox 146 1509 937 1536">
    <p class='ocr_par' dir='ltr' id='par_1_30' title="bbox 146 1509 937 1536">
     <span class='ocr_line' id='line_1_30' title="bbox 146 1509 937 1536; baseline 0 0"><span class='ocrx_word' id='word_1_207' title='bbox 146 1516 174 1536; x_wconf 84' lang='lat' dir='ltr'><strong>et</strong></span> <span class='ocrx_word' id='word_1_208' title='bbox 193 1516 259 1536; x_wconf 89' lang='lat' dir='ltr'><strong>sane</strong></span> <span class='ocrx_word' id='word_1_209' title='bbox 272 1517 306 1536; x_wconf 83' lang='lat' dir='ltr'><strong>ex</strong></span> <span class='ocrx_word' id='word_1_210' title='bbox 326 1509 378 1536; x_wconf 88' lang='lat' dir='ltr'><strong>hac</strong></span> <span class='ocrx_word' id='word_1_211' title='bbox 392 1509 477 1536; x_wconf 87' lang='lat' dir='ltr'><strong>solum</strong></span> <span class='ocrx_word' id='word_1_212' title='bbox 494 1515 559 1536; x_wconf 81' lang='lat' dir='ltr'><strong>nota</strong></span> <span class='ocrx_word' id='word_1_213' title='bbox 579 1509 714 1536; x_wconf 70' lang='lat' dir='ltr'><strong>Anastasii</strong></span> <span class='ocrx_word' id='word_1_214' title='bbox 732 1509 774 1536; x_wconf 89' lang='lat' dir='ltr'><strong>hic</strong></span> <span class='ocrx_word' id='word_1_215' title='bbox 793 1509 937 1536; x_wconf 77' lang='lat' dir='ltr'><strong>Zacharias</strong></span> 
     </span>
    </p>
   </div>
   <div class='ocr_carea' id='block_1_31' title="bbox 147 1554 937 1588">
    <p class='ocr_par' dir='ltr' id='par_1_31' title="bbox 147 1554 937 1588">
     <span class='ocr_line' id='line_1_31' title="bbox 147 1554 937 1588; baseline 0 -8"><span class='ocrx_word' id='word_1_216' title='bbox 147 1554 323 1581; x_wconf 81' lang='lat' dir='ltr'><strong>Tauromenii</strong></span> <span class='ocrx_word' id='word_1_217' title='bbox 341 1554 423 1582; x_wconf 77' lang='lat' dir='ltr'><strong>fuisse</strong></span> <span class='ocrx_word' id='word_1_218' title='bbox 438 1554 582 1588; x_wconf 87' lang='lat' dir='ltr'><strong>episcopus</strong></span> <span class='ocrx_word' id='word_1_219' title='bbox 599 1555 699 1586; x_wconf 88' lang='lat' dir='ltr'><strong>scitur;</strong></span> <span class='ocrx_word' id='word_1_220' title='bbox 716 1559 742 1581; x_wconf 83' lang='lat' dir='ltr'><strong>et</strong></span> <span class='ocrx_word' id='word_1_221' title='bbox 763 1556 796 1580; x_wconf 83' lang='lat' dir='ltr'><strong>ab</strong></span> <span class='ocrx_word' id='word_1_222' title='bbox 816 1562 846 1581; x_wconf 86' lang='lat' dir='ltr'><strong>ea</strong></span> <span class='ocrx_word' id='word_1_223' title='bbox 864 1562 937 1581; x_wconf 88' lang='lat' dir='ltr'><strong>sum-</strong></span> 
     </span>
    </p>
   </div>
   <div class='ocr_carea' id='block_1_32' title="bbox 148 1598 938 1632">
    <p class='ocr_par' dir='ltr' id='par_1_32' title="bbox 148 1598 938 1632">
     <span class='ocr_line' id='line_1_32' title="bbox 148 1598 938 1632; baseline 0.001 -8"><span class='ocrx_word' id='word_1_224' title='bbox 148 1604 224 1632; x_wconf 88' lang='lat' dir='ltr'><strong>ptum</strong></span> <span class='ocrx_word' id='word_1_225' title='bbox 249 1598 334 1625; x_wconf 77' lang='lat' dir='ltr'><strong>refert</strong></span> <span class='ocrx_word' id='word_1_226' title='bbox 350 1599 480 1625; x_wconf 80' lang='lat' dir='ltr'><strong>Baronius</strong></span> <span class='ocrx_word' id='word_1_227' title='bbox 506 1598 563 1625; x_wconf 87' lang='lat' dir='ltr'><strong>loco</strong></span> <span class='ocrx_word' id='word_1_228' title='bbox 580 1599 663 1625; x_wconf 86' lang='lat' dir='ltr'><strong>citato</strong></span> <span class='ocrx_word' id='word_1_229' title='bbox 688 1606 695 1625; x_wconf 87' lang='lat'><strong>:</strong></span> <span class='ocrx_word' id='word_1_230' title='bbox 718 1606 849 1632; x_wconf 81' lang='lat' dir='ltr'><strong>nusquam</strong></span> <span class='ocrx_word' id='word_1_231' title='bbox 874 1607 938 1625; x_wconf 70' lang='lat' dir='ltr'><strong>vero</strong></span> 
     </span>
    </p>
   </div>
   <div class='ocr_carea' id='block_1_33' title="bbox 148 1645 938 1680">
    <p class='ocr_par' dir='ltr' id='par_1_33' title="bbox 148 1645 938 1680">
     <span class='ocr_line' id='line_1_33' title="bbox 148 1645 938 1680; baseline 0 -8"><span class='ocrx_word' id='word_1_232' title='bbox 148 1646 226 1678; x_wconf 86' lang='lat' dir='ltr'><strong>alihi,</strong></span> <span class='ocrx_word' id='word_1_233' title='bbox 243 1646 287 1673; x_wconf 84' lang='lat' dir='ltr'><strong>ubi</strong></span> <span class='ocrx_word' id='word_1_234' title='bbox 304 1645 339 1673; x_wconf 82' lang='lat' dir='ltr'><strong>de</strong></span> <span class='ocrx_word' id='word_1_235' title='bbox 355 1646 405 1672; x_wconf 77' lang='lat' dir='ltr'><strong>hac</strong></span> <span class='ocrx_word' id='word_1_236' title='bbox 424 1645 556 1680; x_wconf 74' lang='lat' dir='ltr'><strong>legatione</strong></span> <span class='ocrx_word' id='word_1_237' title='bbox 574 1645 675 1672; x_wconf 80' lang='lat' dir='ltr'><strong>mentio</strong></span> <span class='ocrx_word' id='word_1_238' title='bbox 691 1646 729 1677; x_wconf 90' lang='lat' dir='ltr'><strong>lit,</strong></span> <span class='ocrx_word' id='word_1_239' title='bbox 751 1651 776 1671; x_wconf 84' lang='lat' dir='ltr'><strong>et</strong></span> <span class='ocrx_word' id='word_1_240' title='bbox 793 1645 938 1672; x_wconf 82' lang='lat' dir='ltr'><strong>Zacharias</strong></span> 
     </span>
    </p>
   </div>
   <div class='ocr_carea' id='block_1_34' title="bbox 148 1691 937 1726">
    <p class='ocr_par' dir='ltr' id='par_1_34' title="bbox 148 1691 937 1726">
     <span class='ocr_line' id='line_1_34' title="bbox 148 1691 937 1726; baseline -0.001 -8"><span class='ocrx_word' id='word_1_241' title='bbox 148 1694 297 1726; x_wconf 76' lang='lat' dir='ltr'><strong>episcopus</strong></span> <span class='ocrx_word' id='word_1_242' title='bbox 319 1691 389 1718; x_wconf 87' lang='lat' dir='ltr'><strong>idem</strong></span> <span class='ocrx_word' id='word_1_243' title='bbox 407 1691 572 1722; x_wconf 75' lang='lat' dir='ltr'><strong>nominatur,</strong></span> <span class='ocrx_word' id='word_1_244' title='bbox 587 1691 832 1718; x_wconf 73' lang='lat' dir='ltr'><strong>Tauromenitanus</strong></span> <span class='ocrx_word' id='word_1_245' title='bbox 852 1692 937 1717; x_wconf 74' lang='lat' dir='ltr'><strong>ascri~</strong></span> 
     </span>
    </p>
   </div>
   <div class='ocr_carea' id='block_1_35' title="bbox 150 1737 938 1771">
    <p class='ocr_par' dir='ltr' id='par_1_35' title="bbox 150 1737 938 1771">
     <span class='ocr_line' id='line_1_35' title="bbox 150 1737 938 1771; baseline -0.004 -6"><span class='ocrx_word' id='word_1_246' title='bbox 150 1738 236 1770; x_wconf 70' lang='lat' dir='ltr'><strong>bitur,</strong></span> <span class='ocrx_word' id='word_1_247' title='bbox 253 1742 281 1764; x_wconf 91' lang='lat' dir='ltr'><strong>ul</strong></span> <span class='ocrx_word' id='word_1_248' title='bbox 298 1737 324 1764; x_wconf 89' lang='lat' dir='ltr'><strong>in</strong></span> <span class='ocrx_word' id='word_1_249' title='bbox 341 1737 471 1771; x_wconf 56' lang='lat' dir='ltr'><strong>prooemio</strong></span> <span class='ocrx_word' id='word_1_250' title='bbox 486 1737 543 1770; x_wconf 85' lang='lat' dir='ltr'><strong>ejus</strong></span> <span class='ocrx_word' id='word_1_251' title='bbox 559 1737 653 1770; x_wconf 83' lang='lat' dir='ltr'><strong>synodi</strong></span> <span class='ocrx_word' id='word_1_252' title='bbox 673 1737 706 1763; x_wconf 84' lang='lat' dir='ltr'><strong>ab</strong></span> <span class='ocrx_word' id='word_1_253' title='bbox 722 1737 780 1768; x_wconf 84' lang='lat' dir='ltr'><strong>ipso</strong></span> <span class='ocrx_word' id='word_1_254' title='bbox 797 1737 938 1763; x_wconf 71' lang='lat' dir='ltr'><strong>Anastasio</strong></span> 
     </span>
    </p>
   </div>
   <div class='ocr_carea' id='block_1_36' title="bbox 148 1780 937 1816">
    <p class='ocr_par' dir='ltr' id='par_1_36' title="bbox 148 1780 937 1816">
     <span class='ocr_line' id='line_1_36' title="bbox 148 1780 937 1816; baseline -0.001 -7"><span class='ocrx_word' id='word_1_255' title='bbox 148 1783 264 1816; x_wconf 72' lang='lat' dir='ltr'><strong>srripto,</strong></span> <span class='ocrx_word' id='word_1_256' title='bbox 279 1786 306 1809; x_wconf 86' lang='lat' dir='ltr'><strong>et</strong></span> <span class='ocrx_word' id='word_1_257' title='bbox 329 1781 355 1808; x_wconf 91' lang='lat' dir='ltr'><strong>in</strong></span> <span class='ocrx_word' id='word_1_258' title='bbox 380 1781 441 1808; x_wconf 81' lang='lat' dir='ltr'><strong>Vita</strong></span> <span class='ocrx_word' id='word_1_259' title='bbox 460 1780 488 1808; x_wconf 87' lang='lat' dir='ltr'><strong>S.</strong></span> <span class='ocrx_word' id='word_1_260' title='bbox 507 1781 601 1815; x_wconf 74' lang='lat' dir='ltr'><strong>lgnalii</strong></span> <span class='ocrx_word' id='word_1_261' title='bbox 618 1789 631 1808; x_wconf 83' lang='lat' dir='ltr'><strong>a</strong></span> <span class='ocrx_word' id='word_1_262' title='bbox 648 1782 757 1814; x_wconf 77' lang='lat' dir='ltr'><strong>Davidc,</strong></span> <span class='ocrx_word' id='word_1_263' title='bbox 782 1783 825 1816; x_wconf 89' lang='lat' dir='ltr'><strong>qtti</strong></span> <span class='ocrx_word' id='word_1_264' title='bbox 851 1783 937 1809; x_wconf 76' lang='lat' dir='ltr'><strong>Solum</strong></span> 
     </span>
    </p>
   </div>
   <div class='ocr_carea' id='block_1_37' title="bbox 148 1828 939 1862">
    <p class='ocr_par' dir='ltr' id='par_1_37' title="bbox 148 1828 939 1862">
     <span class='ocr_line' id='line_1_37' title="bbox 148 1828 939 1862; baseline -0.001 -7"><span class='ocrx_word' id='word_1_265' title='bbox 148 1828 278 1855; x_wconf 75' lang='lat' dir='ltr'><strong>meminit</strong></span> <span class='ocrx_word' id='word_1_266' title='bbox 295 1828 425 1859; x_wconf 88' lang='lat' dir='ltr'><strong>duorum,</strong></span> <span class='ocrx_word' id='word_1_267' title='bbox 448 1828 591 1862; x_wconf 83' lang='lat' dir='ltr'><strong>Theophili</strong></span> <span class='ocrx_word' id='word_1_268' title='bbox 612 1833 640 1854; x_wconf 82' lang='lat' dir='ltr'><strong>ct</strong></span> <span class='ocrx_word' id='word_1_269' title='bbox 663 1828 803 1860; x_wconf 77' lang='lat' dir='ltr'><strong>Samuelis,</strong></span> <span class='ocrx_word' id='word_1_270' title='bbox 828 1833 939 1854; x_wconf 69' lang='lat' dir='ltr'><strong>czctet&#39;os</strong></span> 
     </span>
    </p>
   </div>
   <div class='ocr_carea' id='block_1_38' title="bbox 147 1873 938 1908">
    <p class='ocr_par' dir='ltr' id='par_1_38' title="bbox 147 1873 938 1908">
     <span class='ocr_line' id='line_1_38' title="bbox 147 1873 938 1908; baseline -0.001 -8"><span class='ocrx_word' id='word_1_271' title='bbox 147 1874 262 1900; x_wconf 90' lang='lat' dir='ltr'><strong>omittit.</strong></span> <span class='ocrx_word' id='word_1_272' title='bbox 281 1874 368 1908; x_wconf 86' lang='lat' dir='ltr'><strong>Atque</strong></span> <span class='ocrx_word' id='word_1_273' title='bbox 392 1873 418 1900; x_wconf 89' lang='lat' dir='ltr'><strong>hi</strong></span> <span class='ocrx_word' id='word_1_274' title='bbox 443 1873 522 1907; x_wconf 76' lang='lat' dir='ltr'><strong>legati</strong></span> <span class='ocrx_word' id='word_1_275' title='bbox 540 1881 553 1899; x_wconf 90' lang='lat' dir='ltr'><strong>a</strong></span> <span class='ocrx_word' id='word_1_276' title='bbox 576 1873 688 1900; x_wconf 87' lang='lat' dir='ltr'><strong>Nicolao</strong></span> <span class='ocrx_word' id='word_1_277' title='bbox 711 1874 717 1898; x_wconf 92' lang='lat' dir='ltr'><strong>l</strong></span> <span class='ocrx_word' id='word_1_278' title='bbox 742 1874 866 1907; x_wconf 83' lang='lat' dir='ltr'><strong>pontilicc</strong></span> <span class='ocrx_word' id='word_1_279' title='bbox 884 1875 938 1901; x_wconf 72' lang='lat' dir='ltr'><strong>lto-</strong></span> 
     </span>
    </p>
   </div>
   <div class='ocr_carea' id='block_1_39' title="bbox 152 1918 937 1954">
    <p class='ocr_par' dir='ltr' id='par_1_39' title="bbox 152 1918 937 1954">
     <span class='ocr_line' id='line_1_39' title="bbox 152 1918 937 1954; baseline 0.003 -12"><span class='ocrx_word' id='word_1_280' title='bbox 152 1925 235 1945; x_wconf 80' lang='lat' dir='ltr'><strong>mano</strong></span> <span class='ocrx_word' id='word_1_281' title='bbox 254 1918 337 1944; x_wconf 85' lang='lat' dir='ltr'><strong>auditi</strong></span> <span class='ocrx_word' id='word_1_282' title='bbox 353 1924 416 1945; x_wconf 88' lang='lat' dir='ltr'><strong>sunt</strong></span> <span class='ocrx_word' id='word_1_283' title='bbox 434 1918 459 1944; x_wconf 90' lang='lat' dir='ltr'><strong>in</strong></span> <span class='ocrx_word' id='word_1_284' title='bbox 475 1918 583 1945; x_wconf 82' lang='lat' dir='ltr'><strong>basilica</strong></span> <span class='ocrx_word' id='word_1_285' title='bbox 598 1918 625 1944; x_wconf 91' lang='lat' dir='ltr'><strong>S.</strong></span> <span class='ocrx_word' id='word_1_286' title='bbox 644 1918 732 1944; x_wconf 69' lang='lat' dir='ltr'><strong>Alaritc</strong></span> <span class='ocrx_word' id='word_1_287' title='bbox 748 1919 780 1944; x_wconf 74' lang='lat' dir='ltr'><strong>ad</strong></span> <span class='ocrx_word' id='word_1_288' title='bbox 805 1919 937 1954; x_wconf 45' lang='lat' dir='ltr'><strong>Praesepe,</strong></span> 
     </span>
    </p>
   </div>
   <div class='ocr_carea' id='block_1_40' title="bbox 149 1964 939 1996">
    <p class='ocr_par' dir='ltr' id='par_1_40' title="bbox 149 1964 939 1996">
     <span class='ocr_line' id='line_1_40' title="bbox 149 1964 939 1996; baseline 0.003 -6"><span class='ocrx_word' id='word_1_289' title='bbox 149 1965 200 1991; x_wconf 83' lang='lat' dir='ltr'><strong>sed</strong></span> <span class='ocrx_word' id='word_1_290' title='bbox 227 1971 280 1990; x_wconf 88' lang='lat' dir='ltr'><strong>non</strong></span> <span class='ocrx_word' id='word_1_291' title='bbox 305 1964 338 1990; x_wconf 87' lang='lat' dir='ltr'><strong>ad</strong></span> <span class='ocrx_word' id='word_1_292' title='bbox 362 1964 581 1990; x_wconf 78' lang='lat' dir='ltr'><strong>communionem</strong></span> <span class='ocrx_word' id='word_1_293' title='bbox 608 1964 728 1990; x_wconf 74' lang='lat' dir='ltr'><strong>admissi.</strong></span> <span class='ocrx_word' id='word_1_294' title='bbox 757 1964 832 1996; x_wconf 79' lang='lat' dir='ltr'><strong>Quod</strong></span> <span class='ocrx_word' id='word_1_295' title='bbox 857 1966 939 1992; x_wconf 79' lang='lat' dir='ltr'><strong>rcl‘crt</strong></span> 
     </span>
    </p>
   </div>
   <div class='ocr_carea' id='block_1_41' title="bbox 150 2008 937 2042">
    <p class='ocr_par' dir='ltr' id='par_1_41' title="bbox 150 2008 937 2042">
     <span class='ocr_line' id='line_1_41' title="bbox 150 2008 937 2042; baseline 0.001 -7"><span class='ocrx_word' id='word_1_296' title='bbox 150 2009 238 2036; x_wconf 85' lang='lat' dir='ltr'><strong>etiam</strong></span> <span class='ocrx_word' id='word_1_297' title='bbox 256 2008 326 2035; x_wconf 88' lang='lat' dir='ltr'><strong>Pirri</strong></span> <span class='ocrx_word' id='word_1_298' title='bbox 343 2016 376 2035; x_wconf 75' lang='lat' dir='ltr'><strong>ex</strong></span> <span class='ocrx_word' id='word_1_299' title='bbox 394 2008 509 2035; x_wconf 89' lang='lat' dir='ltr'><strong>Baronio</strong></span> <span class='ocrx_word' id='word_1_300' title='bbox 527 2008 586 2035; x_wconf 86' lang='lat' dir='ltr'><strong>loco</strong></span> <span class='ocrx_word' id='word_1_301' title='bbox 601 2008 655 2042; x_wconf 83' lang='lat' dir='ltr'><strong>jam</strong></span> <span class='ocrx_word' id='word_1_302' title='bbox 676 2016 756 2042; x_wconf 82' lang='lat' dir='ltr'><strong>supra</strong></span> <span class='ocrx_word' id='word_1_303' title='bbox 779 2016 937 2037; x_wconf 59' lang='lat' dir='ltr'><strong>metior-ato.</strong></span> 
     </span>
    </p>
   </div>
   <div class='ocr_carea' id='block_1_42' title="bbox 152 2053 940 2088">
    <p class='ocr_par' dir='ltr' id='par_1_42' title="bbox 152 2053 940 2088">
     <span class='ocr_line' id='line_1_42' title="bbox 152 2053 940 2088; baseline 0.003 -9"><span class='ocrx_word' id='word_1_304' title='bbox 152 2054 247 2080; x_wconf 80' lang='lat' dir='ltr'><strong>Altera</strong></span> <span class='ocrx_word' id='word_1_305' title='bbox 271 2053 371 2088; x_wconf 76' lang='lat' dir='ltr'><strong>legatio</strong></span> <span class='ocrx_word' id='word_1_306' title='bbox 389 2060 431 2081; x_wconf 82' lang='lat' dir='ltr'><strong>est</strong></span> <span class='ocrx_word' id='word_1_307' title='bbox 455 2059 516 2088; x_wconf 88' lang='lat' dir='ltr'><strong>post</strong></span> <span class='ocrx_word' id='word_1_308' title='bbox 543 2054 643 2080; x_wconf 82' lang='lat' dir='ltr'><strong>illatam</strong></span> <span class='ocrx_word' id='word_1_309' title='bbox 663 2061 678 2079; x_wconf 68' lang='grc' dir='ltr'><strong>ιι</strong></span> <span class='ocrx_word' id='word_1_310' title='bbox 697 2054 806 2080; x_wconf 68' lang='grc' dir='ltr'><strong>Νἰεοιίιο</strong></span> <span class='ocrx_word' id='word_1_311' title='bbox 830 2060 940 2081; x_wconf 81' lang='lat' dir='ltr'><strong>sentcn-</strong></span> 
     </span>
    </p>
   </div>
   <div class='ocr_carea' id='block_1_43' title="bbox 154 2100 940 2134">
    <p class='ocr_par' dir='ltr' id='par_1_43' title="bbox 154 2100 940 2134">
     <span class='ocr_line' id='line_1_43' title="bbox 154 2100 940 2134; baseline 0.001 -9"><span class='ocrx_word' id='word_1_312' title='bbox 154 2106 232 2131; x_wconf 83' lang='lat' dir='ltr'><strong>ttam,</strong></span> <span class='ocrx_word' id='word_1_313' title='bbox 249 2106 275 2126; x_wconf 85' lang='lat' dir='ltr'><strong>et</strong></span> <span class='ocrx_word' id='word_1_314' title='bbox 298 2101 431 2127; x_wconf 89' lang='lat' dir='ltr'><strong>inllictnm</strong></span> <span class='ocrx_word' id='word_1_315' title='bbox 455 2102 598 2126; x_wconf 74' lang='lat' dir='ltr'><strong>anathema</strong></span> <span class='ocrx_word' id='word_1_316' title='bbox 622 2100 649 2126; x_wconf 94' lang='lat' dir='ltr'><strong>in</strong></span> <span class='ocrx_word' id='word_1_317' title='bbox 670 2100 804 2132; x_wconf 84' lang='lat' dir='ltr'><strong>Photium,</strong></span> <span class='ocrx_word' id='word_1_318' title='bbox 824 2108 940 2134; x_wconf 85' lang='lat' dir='ltr'><strong>eumque</strong></span> 
     </span>
    </p>
   </div>
   <div class='ocr_carea' id='block_1_44' title="bbox 153 2145 940 2176">
    <p class='ocr_par' dir='ltr' id='par_1_44' title="bbox 153 2145 940 2176">
     <span class='ocr_line' id='line_1_44' title="bbox 153 2145 940 2176; baseline -0.001 -3"><span class='ocrx_word' id='word_1_319' title='bbox 153 2150 361 2173; x_wconf 77' lang='lat' dir='ltr'><strong>exauctoratum</strong></span> <span class='ocrx_word' id='word_1_320' title='bbox 397 2145 460 2176; x_wconf 70' lang='lat' dir='ltr'><strong>Quae</strong></span> <span class='ocrx_word' id='word_1_321' title='bbox 485 2153 564 2171; x_wconf 82' lang='lat' dir='ltr'><strong>causa</strong></span> <span class='ocrx_word' id='word_1_322' title='bbox 591 2145 642 2171; x_wconf 88' lang='lat' dir='ltr'><strong>l&#39;uit</strong></span> <span class='ocrx_word' id='word_1_323' title='bbox 666 2152 715 2172; x_wconf 90' lang='lat' dir='ltr'><strong>cur</strong></span> <span class='ocrx_word' id='word_1_324' title='bbox 731 2146 768 2171; x_wconf 88' lang='lat' dir='ltr'><strong>ira</strong></span> <span class='ocrx_word' id='word_1_325' title='bbox 786 2152 833 2171; x_wconf 86' lang='lat' dir='ltr'><strong>seu</strong></span> <span class='ocrx_word' id='word_1_326' title='bbox 851 2145 940 2173; x_wconf 81' lang='lat' dir='ltr'><strong>furore</strong></span> 
     </span>
    </p>
   </div>
   <div class='ocr_carea' id='block_1_45' title="bbox 152 2190 939 2227">
    <p class='ocr_par' dir='ltr' id='par_1_45' title="bbox 152 2190 939 2227">
     <span class='ocr_line' id='line_1_45' title="bbox 152 2190 939 2227; baseline -0.001 -10"><span class='ocrx_word' id='word_1_327' title='bbox 152 2199 275 2227; x_wconf 58' lang='lat' dir='ltr'><strong>princeps</strong></span> <span class='ocrx_word' id='word_1_328' title='bbox 298 2191 409 2219; x_wconf 85' lang='lat' dir='ltr'><strong>Pholius</strong></span> <span class='ocrx_word' id='word_1_329' title='bbox 434 2190 641 2217; x_wconf 84' lang='lat' dir='ltr'><strong>conciliabulum</strong></span> <span class='ocrx_word' id='word_1_330' title='bbox 669 2191 732 2217; x_wconf 87' lang='lat' dir='ltr'><strong>illud</strong></span> <span class='ocrx_word' id='word_1_331' title='bbox 761 2199 838 2217; x_wconf 89' lang='lat' dir='ltr'><strong>suum</strong></span> <span class='ocrx_word' id='word_1_332' title='bbox 864 2192 939 2217; x_wconf 81' lang='lat' dir='ltr'><strong>ncla-</strong></span> 
     </span>
    </p>
   </div>
   <div class='ocr_carea' id='block_1_46' title="bbox 154 2237 940 2271">
    <p class='ocr_par' dir='ltr' id='par_1_46' title="bbox 154 2237 940 2271">
     <span class='ocr_line' id='line_1_46' title="bbox 154 2237 940 2271; baseline -0.001 -8"><span class='ocrx_word' id='word_1_333' title='bbox 154 2240 256 2264; x_wconf 84' lang='lat' dir='ltr'><strong>Iiortttn</strong></span> <span class='ocrx_word' id='word_1_334' title='bbox 285 2237 472 2271; x_wconf 87' lang='lat' dir='ltr'><strong>episcoporum</strong></span> <span class='ocrx_word' id='word_1_335' title='bbox 505 2237 640 2271; x_wconf 75' lang='lat' dir='ltr'><strong>coegerit,</strong></span> <span class='ocrx_word' id='word_1_336' title='bbox 675 2245 728 2269; x_wconf 80' lang='lat' dir='ltr'><strong>quo</strong></span> <span class='ocrx_word' id='word_1_337' title='bbox 758 2242 872 2263; x_wconf 79' lang='lat' dir='ltr'><strong>conatus</strong></span> <span class='ocrx_word' id='word_1_338' title='bbox 901 2242 940 2263; x_wconf 90' lang='lat' dir='ltr'><strong>cst</strong></span> 
     </span>
    </p>
   </div>
   <div class='ocr_carea' id='block_1_47' title="bbox 153 2273 941 2317">
    <p class='ocr_par' dir='ltr' id='par_1_47' title="bbox 153 2273 941 2317">
     <span class='ocr_line' id='line_1_47' title="bbox 153 2273 941 2317; baseline -0.004 -7"><span class='ocrx_word' id='word_1_339' title='bbox 153 2283 294 2311; x_wconf 70' lang='lat' dir='ltr'><strong>Nicolaum</strong></span> <span class='ocrx_word' id='word_1_340' title='bbox 312 2283 463 2317; x_wconf 87' lang='lat' dir='ltr'><strong>pontiliccm</strong></span> <span class='ocrx_word' id='word_1_341' title='bbox 485 2273 732 2313; x_wconf 58' lang='lat' dir='ltr'><strong>escommunicurc,</strong></span> <span class='ocrx_word' id='word_1_342' title='bbox 750 2282 861 2316; x_wconf 70' lang='lat' dir='ltr'><strong>ejusque</strong></span> <span class='ocrx_word' id='word_1_343' title='bbox 877 2290 941 2308; x_wconf 75' lang='lat' dir='ltr'><strong>con-</strong></span> 
     </span>
    </p>
   </div>
   <div class='ocr_carea' id='block_1_48' title="bbox 153 2327 939 2362">
    <p class='ocr_par' dir='ltr' id='par_1_48' title="bbox 153 2327 939 2362">
     <span class='ocr_line' id='line_1_48' title="bbox 153 2327 939 2362; baseline -0.003 -7"><span class='ocrx_word' id='word_1_344' title='bbox 153 2328 275 2356; x_wconf 73' lang='lat' dir='ltr'><strong>ciliabuli</strong></span> <span class='ocrx_word' id='word_1_345' title='bbox 299 2331 358 2354; x_wconf 76' lang='lat' dir='ltr'><strong>acta</strong></span> <span class='ocrx_word' id='word_1_346' title='bbox 383 2335 430 2362; x_wconf 86' lang='lat' dir='ltr'><strong>per</strong></span> <span class='ocrx_word' id='word_1_347' title='bbox 455 2327 613 2354; x_wconf 77' lang='lat' dir='ltr'><strong>Zachariam</strong></span> <span class='ocrx_word' id='word_1_348' title='bbox 642 2328 761 2361; x_wconf 65' lang='lat' dir='ltr'><strong>Cophum</strong></span> <span class='ocrx_word' id='word_1_349' title='bbox 789 2329 813 2353; x_wconf 90' lang='lat' dir='ltr'><strong>in</strong></span> <span class='ocrx_word' id='word_1_350' title='bbox 838 2327 939 2354; x_wconf 74' lang='lat' dir='ltr'><strong>Italiam</strong></span> 
     </span>
    </p>
   </div>
   <div class='ocr_carea' id='block_1_49' title="bbox 154 2371 941 2405">
    <p class='ocr_par' dir='ltr' id='par_1_49' title="bbox 154 2371 941 2405">
     <span class='ocr_line' id='line_1_49' title="bbox 154 2371 941 2405; baseline -0.003 -4"><span class='ocrx_word' id='word_1_351' title='bbox 154 2373 320 2405; x_wconf 79' lang='lat' dir='ltr'><strong>transmisit,</strong></span> <span class='ocrx_word' id='word_1_352' title='bbox 345 2378 375 2400; x_wconf 91' lang='lat' dir='ltr'><strong>ut</strong></span> <span class='ocrx_word' id='word_1_353' title='bbox 398 2374 497 2399; x_wconf 84' lang='lat' dir='ltr'><strong>diserte</strong></span> <span class='ocrx_word' id='word_1_354' title='bbox 525 2372 620 2399; x_wconf 83' lang='lat' dir='ltr'><strong>scribit</strong></span> <span class='ocrx_word' id='word_1_355' title='bbox 639 2371 747 2399; x_wconf 71' lang='lat' dir='ltr'><strong>Nitetas</strong></span> <span class='ocrx_word' id='word_1_356' title='bbox 777 2373 858 2399; x_wconf 80' lang='lat' dir='ltr'><strong>David</strong></span> <span class='ocrx_word' id='word_1_357' title='bbox 882 2374 941 2400; x_wconf 71' lang='lat' dir='ltr'><strong>luco</strong></span> 
     </span>
    </p>
   </div>
   <div class='ocr_carea' id='block_1_50' title="bbox 153 2418 941 2455">
    <p class='ocr_par' dir='ltr' id='par_1_50' title="bbox 153 2418 941 2455">
     <span class='ocr_line' id='line_1_50' title="bbox 153 2418 941 2455; baseline -0.004 -8"><span class='ocrx_word' id='word_1_358' title='bbox 153 2419 210 2455; x_wconf 72' lang='lat' dir='ltr'><strong>iam</strong></span> <span class='ocrx_word' id='word_1_359' title='bbox 227 2426 310 2454; x_wconf 81' lang='lat' dir='ltr'><strong>supra</strong></span> <span class='ocrx_word' id='word_1_360' title='bbox 331 2419 426 2446; x_wconf 87' lang='lat' dir='ltr'><strong>relato.</strong></span> <span class='ocrx_word' id='word_1_361' title='bbox 446 2418 498 2445; x_wconf 79' lang='lat' dir='ltr'><strong>Sed</strong></span> <span class='ocrx_word' id='word_1_362' title='bbox 516 2418 604 2445; x_wconf 85' lang='lat' dir='ltr'><strong>adhuc</strong></span> <span class='ocrx_word' id='word_1_363' title='bbox 623 2419 774 2445; x_wconf 83' lang='lat' dir='ltr'><strong>evidentius</strong></span> <span class='ocrx_word' id='word_1_364' title='bbox 795 2419 941 2445; x_wconf 85' lang='lat' dir='ltr'><strong>disctimcn</strong></span> 
     </span>
    </p>
   </div>
   <div class='ocr_carea' id='block_1_51' title="bbox 158 2464 940 2501">
    <p class='ocr_par' dir='ltr' id='par_1_51' title="bbox 158 2464 940 2501">
     <span class='ocr_line' id='line_1_51' title="bbox 158 2464 940 2501; baseline -0.001 -8"><span class='ocrx_word' id='word_1_365' title='bbox 158 2465 228 2493; x_wconf 69' lang='lat' dir='ltr'><strong>iam</strong></span> <span class='ocrx_word' id='word_1_366' title='bbox 248 2464 320 2493; x_wconf 86' lang='lat' dir='ltr'><strong>duos</strong></span> <span class='ocrx_word' id='word_1_367' title='bbox 343 2464 487 2492; x_wconf 84' lang='lat' dir='ltr'><strong>Zacharias</strong></span> <span class='ocrx_word' id='word_1_368' title='bbox 505 2465 657 2491; x_wconf 81' lang='lat' dir='ltr'><strong>ostendam.</strong></span> <span class='ocrx_word' id='word_1_369' title='bbox 684 2465 749 2490; x_wconf 61' lang='lat' dir='ltr'><strong>Nam</strong></span> <span class='ocrx_word' id='word_1_370' title='bbox 768 2466 878 2498; x_wconf 83' lang='lat' dir='ltr'><strong>primus,</strong></span> <span class='ocrx_word' id='word_1_371' title='bbox 897 2468 940 2501; x_wconf 83' lang='lat' dir='ltr'><strong>qui</strong></span> 
     </span>
    </p>
   </div>
   <div class='ocr_carea' id='block_1_52' title="bbox 158 2510 943 2547">
    <p class='ocr_par' dir='ltr' id='par_1_52' title="bbox 158 2510 943 2547">
     <span class='ocr_line' id='line_1_52' title="bbox 158 2510 943 2547; baseline 0 -9"><span class='ocrx_word' id='word_1_372' title='bbox 158 2511 249 2545; x_wconf 67' lang='lat' dir='ltr'><strong>prima</strong></span> <span class='ocrx_word' id='word_1_373' title='bbox 256 2511 393 2547; x_wconf 71' lang='lat' dir='ltr'><strong>legatione</strong></span> <span class='ocrx_word' id='word_1_374' title='bbox 406 2510 516 2538; x_wconf 85' lang='lat' dir='ltr'><strong>functus</strong></span> <span class='ocrx_word' id='word_1_375' title='bbox 532 2511 649 2544; x_wconf 78' lang='lat' dir='ltr'><strong>legitime</strong></span> <span class='ocrx_word' id='word_1_376' title='bbox 663 2510 802 2537; x_wconf 82' lang='lat' dir='ltr'><strong>ordinatus</strong></span> <span class='ocrx_word' id='word_1_377' title='bbox 816 2518 830 2536; x_wconf 86' lang='lat' dir='ltr'><strong>a</strong></span> <span class='ocrx_word' id='word_1_378' title='bbox 845 2511 873 2538; x_wconf 87' lang='lat' dir='ltr'><strong>S.</strong></span> <span class='ocrx_word' id='word_1_379' title='bbox 889 2511 943 2538; x_wconf 77' lang='lat' dir='ltr'><strong>Me-</strong></span> 
     </span>
    </p>
   </div>
   <div class='ocr_carea' id='block_1_53' title="bbox 153 2556 939 2592">
    <p class='ocr_par' dir='ltr' id='par_1_53' title="bbox 153 2556 939 2592">
     <span class='ocr_line' id='line_1_53' title="bbox 153 2556 939 2592; baseline -0.003 -7"><span class='ocrx_word' id='word_1_380' title='bbox 153 2557 249 2587; x_wconf 70' lang='lat' dir='ltr'><strong>thodio</strong></span> <span class='ocrx_word' id='word_1_381' title='bbox 275 2557 445 2592; x_wconf 73' lang='lat' dir='ltr'><strong>patriarcha,</strong></span> <span class='ocrx_word' id='word_1_382' title='bbox 469 2557 514 2591; x_wconf 84' lang='lat' dir='ltr'><strong>qui</strong></span> <span class='ocrx_word' id='word_1_383' title='bbox 541 2557 570 2583; x_wconf 87' lang='lat' dir='ltr'><strong>S.</strong></span> <span class='ocrx_word' id='word_1_384' title='bbox 596 2556 699 2591; x_wconf 78' lang='lat' dir='ltr'><strong>lgnatio</strong></span> <span class='ocrx_word' id='word_1_385' title='bbox 725 2561 909 2583; x_wconf 78' lang='lat' dir='ltr'><strong>antecesserat</strong></span> <span class='ocrx_word' id='word_1_386' title='bbox 934 2566 939 2583; x_wconf 92' lang='lat'><strong><em>:</em></strong></span> 
     </span>
    </p>
   </div>
   <div class='ocr_carea' id='block_1_54' title="bbox 152 2598 940 2642">
    <p class='ocr_par' dir='ltr' id='par_1_54' title="bbox 152 2598 940 2642">
     <span class='ocr_line' id='line_1_54' title="bbox 152 2598 940 2642; baseline -0.004 -11"><span class='ocrx_word' id='word_1_387' title='bbox 349 2601 446 2637; x_wconf 67' lang='lat' dir='ltr'><strong>Photio</strong></span> <span class='ocrx_word' id='word_1_388' title='bbox 468 2601 620 2637; x_wconf 69' lang='lat' dir='ltr'><strong>illegitimo.</strong></span> <span class='ocrx_word' id='word_1_389' title='bbox 644 2602 712 2628; x_wconf 80' lang='lat' dir='ltr'><strong>Nam</strong></span> <span class='ocrx_word' id='word_1_390' title='bbox 733 2607 786 2629; x_wconf 80' lang='lat' dir='ltr'><strong>act.</strong></span> <span class='ocrx_word' id='word_1_391' title='bbox 803 2609 829 2629; x_wconf 93' lang='lat' dir='ltr'><strong>Iv</strong></span> <span class='ocrx_word' id='word_1_392' title='bbox 851 2602 940 2628; x_wconf 82' lang='lat' dir='ltr'><strong>statim</strong></span> 
     </span>
    </p>
   </div>
   <div class='ocr_carea' id='block_1_55' title="bbox 155 2646 942 2681">
    <p class='ocr_par' dir='ltr' id='par_1_55' title="bbox 155 2646 942 2681">
     <span class='ocr_line' id='line_1_55' title="bbox 155 2646 942 2681; baseline 0 -7"><span class='ocrx_word' id='word_1_393' title='bbox 406 2647 542 2680; x_wconf 73' lang='lat' dir='ltr'><strong>patricius</strong></span> <span class='ocrx_word' id='word_1_394' title='bbox 570 2646 660 2674; x_wconf 85' lang='lat' dir='ltr'><strong>retulit</strong></span> <span class='ocrx_word' id='word_1_395' title='bbox 687 2647 720 2673; x_wconf 83' lang='lat' dir='ltr'><strong>ad</strong></span> <span class='ocrx_word' id='word_1_396' title='bbox 745 2647 875 2681; x_wconf 87' lang='lat' dir='ltr'><strong>synodum</strong></span> <span class='ocrx_word' id='word_1_397' title='bbox 901 2648 942 2674; x_wconf 85' lang='lat' dir='ltr'><strong>his</strong></span> 
     </span>
    </p>
   </div>
   <div class='ocr_carea' id='block_1_56' title="bbox 378 2690 942 2727">
    <p class='ocr_par' dir='ltr' id='par_1_56' title="bbox 378 2690 942 2727">
     <span class='ocr_line' id='line_1_56' title="bbox 378 2690 942 2727; baseline 0 -9"><span class='ocrx_word' id='word_1_398' title='bbox 378 2690 544 2726; x_wconf 50' lang='grc' dir='ltr'><strong>ιζὲπῑβᾉοποι</strong></span> <span class='ocrx_word' id='word_1_399' title='bbox 567 2691 750 2727; x_wconf 59' lang='grc' dir='ltr'>χαιροτονείαν</span> <span class='ocrx_word' id='word_1_400' title='bbox 770 2692 877 2725; x_wconf 73' lang='grc' dir='ltr'><strong>ἔχοντες</strong></span> <span class='ocrx_word' id='word_1_401' title='bbox 895 2693 942 2718; x_wconf 77' lang='grc' dir='ltr'><strong>τοῦ</strong></span> 
     </span>
    </p>
   </div>
   <div class='ocr_carea' id='block_1_57' title="bbox 380 2726 943 2773">
    <p class='ocr_par' dir='ltr' id='par_1_57' title="bbox 380 2726 943 2773">
     <span class='ocr_line' id='line_1_57' title="bbox 380 2726 943 2773; baseline -0.004 -9"><span class='ocrx_word' id='word_1_402' title='bbox 380 2726 682 2773; x_wconf 49' lang='grc' dir='ltr'><strong>ᾗῇρῂρίῳ,ρι6φῼ.ος</strong></span> <span class='ocrx_word' id='word_1_403' title='bbox 694 2756 703 2770; x_wconf 83' lang='grc'><strong>,</strong></span> <span class='ocrx_word' id='word_1_404' title='bbox 722 2739 777 2764; x_wconf 53' lang='grc' dir='ltr'><strong>ηκαῑ</strong></span> <span class='ocrx_word' id='word_1_405' title='bbox 806 2737 943 2772; x_wconf 58' lang='grc' dir='ltr'>Ζαχαρίας</span> 
     </span>
    </p>
   </div>
   <div class='ocr_carea' id='block_1_58' title="bbox 442 2776 944 2818">
    <p class='ocr_par' dir='ltr' id='par_1_58' title="bbox 442 2776 944 2818">
     <span class='ocr_line' id='line_1_58' title="bbox 442 2776 944 2818; baseline -0.004 -8"><span class='ocrx_word' id='word_1_406' title='bbox 729 2783 804 2815; x_wconf 68' lang='grc' dir='ltr'><strong>δοκεῖ</strong></span> <span class='ocrx_word' id='word_1_407' title='bbox 825 2782 944 2809; x_wconf 77' lang='grc' dir='ltr'><strong>εἰσελθέ-</strong></span> 
     </span>
    </p>
   </div>
   <div class='ocr_carea' id='block_1_59' title="bbox 704 2824 943 2874">
    <p class='ocr_par' dir='ltr' id='par_1_59' title="bbox 704 2824 943 2874">
     <span class='ocr_line' id='line_1_59' title="bbox 704 2824 943 2874; baseline -0.021 -14"><span class='ocrx_word' id='word_1_408' title='bbox 876 2828 943 2857; x_wconf 70' lang='lat' dir='ltr'><strong>Sunt</strong></span> 
     </span>
    </p>
   </div>
   <div class='ocr_carea' id='block_1_60' title="bbox 30 2598 489 2821">
    <p class='ocr_par' dir='ltr' id='par_1_60' title="bbox 31 2598 489 2821">
     <span class='ocr_line' id='line_1_60' title="bbox 152 2598 487 2642; baseline -0.006 -11"><span class='ocrx_word' id='word_1_409' title='bbox 349 2601 446 2637; x_wconf 69' lang='lat' dir='ltr'><strong>Photio</strong></span> <span class='ocrx_word' id='word_1_410' title='bbox 468 2602 487 2628; x_wconf 87' lang='lat' dir='ltr'><strong>il</strong></span> 
     </span>
     <span class='ocr_line' id='line_1_61' title="bbox 150 2643 489 2685; baseline -0.006 -9"><span class='ocrx_word' id='word_1_411' title='bbox 261 2643 325 2685; x_wconf 26' lang='grc'><strong>,’⁴</strong></span> <span class='ocrx_word' id='word_1_412' title='bbox 346 2660 348 2663; x_wconf 94' lang='grc'><strong><em>-</em></strong></span> <span class='ocrx_word' id='word_1_413' title='bbox 406 2647 489 2680; x_wconf 70' lang='lat' dir='ltr'><strong>patrii</strong></span> 
     </span>
     <span class='ocr_line' id='line_1_62' title="bbox 31 2643 489 2821; baseline 0 0"><span class='ocrx_word' id='word_1_414' title='bbox 31 2643 489 2821; x_wconf 82' lang='lat' dir='ltr'><strong>i</strong></span> 
     </span>
    </p>
   </div>
   <div class='ocr_carea' id='block_1_61' title="bbox 638 165 1273 197">
    <p class='ocr_par' dir='ltr' id='par_1_61' title="bbox 638 165 1273 197">
     <span class='ocr_line' id='line_1_63' title="bbox 638 165 1273 197; baseline 0 -1"><span class='ocrx_word' id='word_1_415' title='bbox 638 166 838 196; x_wconf 79' lang='lat' dir='ltr'><strong>FRANCISCI</strong></span> <span class='ocrx_word' id='word_1_416' title='bbox 858 165 988 196; x_wconf 82' lang='lat' dir='ltr'><strong>SCORSI</strong></span> <span class='ocrx_word' id='word_1_417' title='bbox 1010 166 1223 197; x_wconf 79' lang='lat' dir='ltr'><strong>PRO(EMlUM</strong></span> <span class='ocrx_word' id='word_1_418' title='bbox 1251 167 1273 196; x_wconf 87' lang='grc' dir='ltr'><strong>Ι.</strong></span> 
     </span>
    </p>
   </div>
   <div class='ocr_carea' id='block_1_62' title="bbox 892 2870 984 2903">
    <p class='ocr_par' dir='ltr' id='par_1_62' title="bbox 892 2870 984 2903">
     <span class='ocr_line' id='line_1_64' title="bbox 892 2870 984 2903; baseline 0.022 -2"><span class='ocrx_word' id='word_1_419' title='bbox 892 2874 942 2903; x_wconf 85' lang='lat' dir='ltr'><strong>Za-</strong></span> <span class='ocrx_word' id='word_1_420' title='bbox 976 2870 984 2877; x_wconf 58' lang='grc'><strong>“</strong></span> 
     </span>
    </p>
   </div>
   <div class='ocr_carea' id='block_1_63' title="bbox 1736 168 1771 199">
    <p class='ocr_par' dir='ltr' id='par_1_63' title="bbox 1736 168 1771 199">
     <span class='ocr_line' id='line_1_65' title="bbox 1736 168 1771 199; baseline -0.029 0"><span class='ocrx_word' id='word_1_421' title='bbox 1736 168 1771 199; x_wconf 71' lang='grc'><strong>’14</strong></span> 
     </span>
    </p>
   </div>
   <div class='ocr_carea' id='block_1_64' title="bbox 993 221 1771 257">
    <p class='ocr_par' dir='ltr' id='par_1_64' title="bbox 993 221 1771 257">
     <span class='ocr_line' id='line_1_66' title="bbox 993 221 1771 257; baseline 0.005 -10"><span class='ocrx_word' id='word_1_422' title='bbox 993 221 1097 249; x_wconf 80' lang='lat' dir='ltr'><strong>charias</strong></span> <span class='ocrx_word' id='word_1_423' title='bbox 1117 225 1161 257; x_wconf 81' lang='lat' dir='ltr'><strong>qui</strong></span> <span class='ocrx_word' id='word_1_424' title='bbox 1175 232 1234 250; x_wconf 85' lang='lat' dir='ltr'><strong>cum</strong></span> <span class='ocrx_word' id='word_1_425' title='bbox 1250 221 1342 250; x_wconf 80' lang='lat' dir='ltr'><strong>Plto&#39;tiu</strong></span> <span class='ocrx_word' id='word_1_426' title='bbox 1357 225 1586 251; x_wconf 85' lang='lat' dir='ltr'><strong>communicarunt</strong></span> <span class='ocrx_word' id='word_1_427' title='bbox 1604 233 1613 251; x_wconf 92' lang='lat'><em>:</em></span> <span class='ocrx_word' id='word_1_428' title='bbox 1627 225 1771 256; x_wconf 79' lang='lat' dir='ltr'><strong>sividetur,</strong></span> 
     </span>
    </p>
   </div>
   <div class='ocr_carea' id='block_1_65' title="bbox 993 269 1774 302">
    <p class='ocr_par' dir='ltr' id='par_1_65' title="bbox 993 269 1774 302">
     <span class='ocr_line' id='line_1_67' title="bbox 993 269 1774 302; baseline 0.008 -10"><span class='ocrx_word' id='word_1_429' title='bbox 993 269 1174 302; x_wconf 76' lang='lat' dir='ltr'><strong>ingrediantur</strong></span> <span class='ocrx_word' id='word_1_430' title='bbox 1194 270 1228 295; x_wconf 84' lang='lat' dir='ltr'><strong>ad</strong></span> <span class='ocrx_word' id='word_1_431' title='bbox 1250 269 1279 296; x_wconf 90' lang='lat' dir='ltr'><strong>S.</strong></span> <span class='ocrx_word' id='word_1_432' title='bbox 1296 270 1478 296; x_wconf 71' lang='lat' dir='ltr'><strong>tecumenicunt</strong></span> <span class='ocrx_word' id='word_1_433' title='bbox 1497 271 1647 298; x_wconf 84' lang='lat' dir='ltr'><strong>concilium.</strong></span> <span class='ocrx_word' id='word_1_434' title='bbox 1680 271 1774 298; x_wconf 80' lang='lat' dir='ltr'><strong>Exitus</strong></span> 
     </span>
    </p>
   </div>
   <div class='ocr_carea' id='block_1_66' title="bbox 992 314 1773 350">
    <p class='ocr_par' dir='ltr' id='par_1_66' title="bbox 992 314 1773 350">
     <span class='ocr_line' id='line_1_68' title="bbox 992 314 1773 350; baseline 0.005 -10"><span class='ocrx_word' id='word_1_435' title='bbox 992 315 1122 341; x_wconf 72' lang='lat' dir='ltr'><strong>sessionis</strong></span> <span class='ocrx_word' id='word_1_436' title='bbox 1148 315 1228 349; x_wconf 88' lang='lat' dir='ltr'><strong>hujus</strong></span> <span class='ocrx_word' id='word_1_437' title='bbox 1251 314 1302 342; x_wconf 82' lang='lat' dir='ltr'><strong>fuit</strong></span> <span class='ocrx_word' id='word_1_438' title='bbox 1321 320 1351 342; x_wconf 92' lang='lat' dir='ltr'><strong>ut</strong></span> <span class='ocrx_word' id='word_1_439' title='bbox 1374 316 1516 343; x_wconf 86' lang='lat' dir='ltr'><strong>mendacio</strong></span> <span class='ocrx_word' id='word_1_440' title='bbox 1542 321 1633 350; x_wconf 80' lang='lat' dir='ltr'><strong>aperte</strong></span> <span class='ocrx_word' id='word_1_441' title='bbox 1656 316 1773 344; x_wconf 75' lang='lat' dir='ltr'><strong>convicti</strong></span> 
     </span>
    </p>
   </div>
   <div class='ocr_carea' id='block_1_67' title="bbox 993 359 1773 395">
    <p class='ocr_par' dir='ltr' id='par_1_67' title="bbox 993 359 1773 395">
     <span class='ocr_line' id='line_1_69' title="bbox 993 359 1773 395; baseline 0.003 -10"><span class='ocrx_word' id='word_1_442' title='bbox 993 359 1086 393; x_wconf 80' lang='lat' dir='ltr'><strong>legati,</strong></span> <span class='ocrx_word' id='word_1_443' title='bbox 1109 360 1287 395; x_wconf 79' lang='lat' dir='ltr'><strong>allirmatique</strong></span> <span class='ocrx_word' id='word_1_444' title='bbox 1311 361 1339 389; x_wconf 92' lang='lat' dir='ltr'><strong>in</strong></span> <span class='ocrx_word' id='word_1_445' title='bbox 1362 369 1411 388; x_wconf 90' lang='lat' dir='ltr'><strong>suo</strong></span> <span class='ocrx_word' id='word_1_446' title='bbox 1432 362 1577 388; x_wconf 83' lang='lat' dir='ltr'><strong>schismate</strong></span> <span class='ocrx_word' id='word_1_447' title='bbox 1599 361 1773 394; x_wconf 82' lang='lat' dir='ltr'><strong>cjiccrentur.</strong></span> 
     </span>
    </p>
   </div>
   <div class='ocr_carea' id='block_1_68' title="bbox 991 403 1773 442">
    <p class='ocr_par' dir='ltr' id='par_1_68' title="bbox 991 403 1773 442">
     <span class='ocr_line' id='line_1_70' title="bbox 991 403 1773 442; baseline 0.004 -12"><span class='ocrx_word' id='word_1_448' title='bbox 991 403 1025 430; x_wconf 88' lang='lat' dir='ltr'><strong>At</strong></span> <span class='ocrx_word' id='word_1_449' title='bbox 1048 412 1110 431; x_wconf 78' lang='lat' dir='ltr'><strong>vero</strong></span> <span class='ocrx_word' id='word_1_450' title='bbox 1126 406 1151 432; x_wconf 92' lang='lat' dir='ltr'><strong>in</strong></span> <span class='ocrx_word' id='word_1_451' title='bbox 1169 414 1193 432; x_wconf 87' lang='lat' dir='ltr'><strong>Iv</strong></span> <span class='ocrx_word' id='word_1_452' title='bbox 1215 406 1337 433; x_wconf 79' lang='lat' dir='ltr'><strong>sessione</strong></span> <span class='ocrx_word' id='word_1_453' title='bbox 1359 407 1435 434; x_wconf 86' lang='lat' dir='ltr'><strong>initio</strong></span> <span class='ocrx_word' id='word_1_454' title='bbox 1451 406 1525 434; x_wconf 69' lang='lat' dir='ltr'><strong>llliSal</strong></span> <span class='ocrx_word' id='word_1_455' title='bbox 1549 411 1610 433; x_wconf 83' lang='lat' dir='ltr'><strong>sunt</strong></span> <span class='ocrx_word' id='word_1_456' title='bbox 1629 407 1744 442; x_wconf 72' lang='lat' dir='ltr'><strong>episcopi</strong></span> <span class='ocrx_word' id='word_1_457' title='bbox 1759 415 1773 433; x_wconf 89' lang='lat' dir='ltr'><strong>a</strong></span> 
     </span>
    </p>
   </div>
   <div class='ocr_carea' id='block_1_69' title="bbox 991 450 1774 487">
    <p class='ocr_par' dir='ltr' id='par_1_69' title="bbox 991 450 1774 487">
     <span class='ocr_line' id='line_1_71' title="bbox 991 450 1774 487; baseline 0.003 -10"><span class='ocrx_word' id='word_1_458' title='bbox 991 450 1089 478; x_wconf 78' lang='lat' dir='ltr'><strong>Photio</strong></span> <span class='ocrx_word' id='word_1_459' title='bbox 1112 452 1239 483; x_wconf 81' lang='lat' dir='ltr'><strong>ordinati,</strong></span> <span class='ocrx_word' id='word_1_460' title='bbox 1255 457 1282 478; x_wconf 88' lang='lat' dir='ltr'><strong>et</strong></span> <span class='ocrx_word' id='word_1_461' title='bbox 1303 459 1396 478; x_wconf 84' lang='lat' dir='ltr'><strong>eorum</strong></span> <span class='ocrx_word' id='word_1_462' title='bbox 1420 459 1501 479; x_wconf 85' lang='lat' dir='ltr'><strong>causa</strong></span> <span class='ocrx_word' id='word_1_463' title='bbox 1526 452 1658 485; x_wconf 71' lang='lat' dir='ltr'><strong>discussa,</strong></span> <span class='ocrx_word' id='word_1_464' title='bbox 1681 453 1774 487; x_wconf 85' lang='lat' dir='ltr'><strong>inqua</strong></span> 
     </span>
    </p>
   </div>
   <div class='ocr_carea' id='block_1_70' title="bbox 991 497 1776 537">
    <p class='ocr_par' dir='ltr' id='par_1_70' title="bbox 991 497 1776 537">
     <span class='ocr_line' id='line_1_72' title="bbox 991 497 1776 537; baseline 0.001 -14"><span class='ocrx_word' id='word_1_465' title='bbox 991 504 1097 531; x_wconf 80' lang='lat' dir='ltr'><strong>semper</strong></span> <span class='ocrx_word' id='word_1_466' title='bbox 1124 497 1278 524; x_wconf 83' lang='lat' dir='ltr'><strong>nominatur</strong></span> <span class='ocrx_word' id='word_1_467' title='bbox 1304 497 1466 529; x_wconf 81' lang='lat' dir='ltr'><strong>Zacharias,</strong></span> <span class='ocrx_word' id='word_1_468' title='bbox 1491 501 1520 523; x_wconf 93' lang='lat' dir='ltr'><strong>ut</strong></span> <span class='ocrx_word' id='word_1_469' title='bbox 1545 497 1695 525; x_wconf 82' lang='lat' dir='ltr'><strong>Photianus</strong></span> <span class='ocrx_word' id='word_1_470' title='bbox 1717 498 1776 537; x_wconf 77' lang='lat' dir='ltr'><strong>epi-</strong></span> 
     </span>
    </p>
   </div>
   <div class='ocr_carea' id='block_1_71' title="bbox 991 543 1777 578">
    <p class='ocr_par' dir='ltr' id='par_1_71' title="bbox 991 543 1777 578">
     <span class='ocr_line' id='line_1_73' title="bbox 991 543 1777 578; baseline 0 -9"><span class='ocrx_word' id='word_1_471' title='bbox 991 550 1090 577; x_wconf 88' lang='lat' dir='ltr'><strong>scopus</strong></span> <span class='ocrx_word' id='word_1_472' title='bbox 1119 547 1145 570; x_wconf 85' lang='lat' dir='ltr'><strong>et</strong></span> <span class='ocrx_word' id='word_1_473' title='bbox 1179 544 1212 569; x_wconf 86' lang='lat' dir='ltr'><strong>ab</strong></span> <span class='ocrx_word' id='word_1_474' title='bbox 1241 551 1273 571; x_wconf 81' lang='lat' dir='ltr'><strong>eo</strong></span> <span class='ocrx_word' id='word_1_475' title='bbox 1302 543 1453 570; x_wconf 84' lang='lat' dir='ltr'><strong>ordinatus.</strong></span> <span class='ocrx_word' id='word_1_476' title='bbox 1489 543 1627 578; x_wconf 75' lang='grc' dir='ltr'><strong>Ζαχαρίας</strong></span> <span class='ocrx_word' id='word_1_477' title='bbox 1656 545 1669 569; x_wconf 84' lang='grc' dir='ltr'>ὁ</span> <span class='ocrx_word' id='word_1_478' title='bbox 1701 544 1777 578; x_wconf 76' lang='grc' dir='ltr'>παρὰ</span> 
     </span>
    </p>
   </div>
   <div class='ocr_carea' id='block_1_72' title="bbox 990 588 1776 625">
    <p class='ocr_par' dir='ltr' id='par_1_72' title="bbox 990 588 1776 625">
     <span class='ocr_line' id='line_1_74' title="bbox 990 588 1776 625; baseline 0.001 -11"><span class='ocrx_word' id='word_1_479' title='bbox 990 588 1092 615; x_wconf 71' lang='grc' dir='ltr'><strong>Ψωτίου</strong></span> <span class='ocrx_word' id='word_1_480' title='bbox 1128 589 1327 624; x_wconf 76' lang='grc' dir='ltr'><strong>χειροτονηθεὶς</strong></span> <span class='ocrx_word' id='word_1_481' title='bbox 1364 589 1536 624; x_wconf 71' lang='grc' dir='ltr'><strong>Χαλκηδόνος</strong></span> <span class='ocrx_word' id='word_1_482' title='bbox 1577 590 1776 625; x_wconf 74' lang='grc' dir='ltr'><strong>μητροπολίτης</strong></span> 
     </span>
    </p>
   </div>
   <div class='ocr_carea' id='block_1_73' title="bbox 990 632 1777 670">
    <p class='ocr_par' dir='ltr' id='par_1_73' title="bbox 990 632 1777 670">
     <span class='ocr_line' id='line_1_75' title="bbox 990 632 1777 670; baseline 0.003 -10"><span class='ocrx_word' id='word_1_483' title='bbox 990 632 1077 666; x_wconf 82' lang='grc' dir='ltr'><strong>εἶπεν,</strong></span> <span class='ocrx_word' id='word_1_484' title='bbox 1098 639 1149 661; x_wconf 84' lang='lat' dir='ltr'><strong>etc.</strong></span> <span class='ocrx_word' id='word_1_485' title='bbox 1171 634 1318 662; x_wconf 80' lang='lat' dir='ltr'><strong>Zacharias</strong></span> <span class='ocrx_word' id='word_1_486' title='bbox 1340 635 1558 663; x_wconf 75' lang='lat' dir='ltr'><strong>Chalcedonensis</strong></span> <span class='ocrx_word' id='word_1_487' title='bbox 1581 637 1746 670; x_wconf 81' lang='lat' dir='ltr'><strong>metropolita</strong></span> <span class='ocrx_word' id='word_1_488' title='bbox 1761 645 1777 662; x_wconf 93' lang='lat' dir='ltr'><strong>a</strong></span> 
     </span>
    </p>
   </div>
   <div class='ocr_carea' id='block_1_74' title="bbox 991 679 1778 720">
    <p class='ocr_par' dir='ltr' id='par_1_74' title="bbox 991 679 1778 720">
     <span class='ocr_line' id='line_1_76' title="bbox 991 679 1778 720; baseline 0.001 -13"><span class='ocrx_word' id='word_1_489' title='bbox 991 679 1085 708; x_wconf 76' lang='lat' dir='ltr'><strong>l’hotio</strong></span> <span class='ocrx_word' id='word_1_490' title='bbox 1110 687 1278 708; x_wconf 70' lang='lat' dir='ltr'><strong>consecratus</strong></span> <span class='ocrx_word' id='word_1_491' title='bbox 1311 682 1400 714; x_wconf 70' lang='lat' dir='ltr'><strong>dixit,</strong></span> <span class='ocrx_word' id='word_1_492' title='bbox 1429 687 1501 715; x_wconf 85' lang='lat' dir='ltr'><strong>etc.;</strong></span> <span class='ocrx_word' id='word_1_493' title='bbox 1528 686 1553 709; x_wconf 86' lang='lat' dir='ltr'><strong>cl</strong></span> <span class='ocrx_word' id='word_1_494' title='bbox 1571 681 1650 720; x_wconf 28' lang='lat' dir='ltr'><strong>[infra</strong></span> <span class='ocrx_word' id='word_1_495' title='bbox 1677 691 1684 709; x_wconf 90' lang='lat'><strong>:</strong></span> <span class='ocrx_word' id='word_1_496' title='bbox 1710 682 1778 708; x_wconf 84' lang='grc' dir='ltr'><strong>Τότε</strong></span> 
     </span>
    </p>
   </div>
   <div class='ocr_carea' id='block_1_75' title="bbox 990 727 1778 763">
    <p class='ocr_par' dir='ltr' id='par_1_75' title="bbox 990 727 1778 763">
     <span class='ocr_line' id='line_1_77' title="bbox 990 727 1778 763; baseline 0.001 -10"><span class='ocrx_word' id='word_1_497' title='bbox 990 727 1177 762; x_wconf 79' lang='grc' dir='ltr'><strong>Μητροφάνης</strong></span> <span class='ocrx_word' id='word_1_498' title='bbox 1199 728 1213 753; x_wconf 84' lang='grc' dir='ltr'>ὁ</span> <span class='ocrx_word' id='word_1_499' title='bbox 1232 727 1359 762; x_wconf 83' lang='grc' dir='ltr'><strong>Σμύρνης</strong></span> <span class='ocrx_word' id='word_1_500' title='bbox 1380 728 1448 762; x_wconf 76' lang='grc' dir='ltr'>πρὸς</span> <span class='ocrx_word' id='word_1_501' title='bbox 1472 728 1611 763; x_wconf 81' lang='grc' dir='ltr'><strong>Ζαχαρίαν</strong></span> <span class='ocrx_word' id='word_1_502' title='bbox 1634 728 1680 754; x_wconf 78' lang='grc' dir='ltr'><strong>τὸν</strong></span> <span class='ocrx_word' id='word_1_503' title='bbox 1703 728 1778 763; x_wconf 70' lang='grc' dir='ltr'>παρὰ</span> 
     </span>
    </p>
   </div>
   <div class='ocr_carea' id='block_1_76' title="bbox 990 773 1778 808">
    <p class='ocr_par' dir='ltr' id='par_1_76' title="bbox 990 773 1778 808">
     <span class='ocr_line' id='line_1_78' title="bbox 990 773 1778 808; baseline 0.001 -9"><span class='ocrx_word' id='word_1_504' title='bbox 990 773 1094 799; x_wconf 78' lang='grc' dir='ltr'><strong>Φωτιου</strong></span> <span class='ocrx_word' id='word_1_505' title='bbox 1120 773 1345 808; x_wconf 80' lang='grc' dir='ltr'><strong>χειροτονηθέντα</strong></span> <span class='ocrx_word' id='word_1_506' title='bbox 1375 773 1548 808; x_wconf 82' lang='grc' dir='ltr'>Χαλκηδόνος</span> <span class='ocrx_word' id='word_1_507' title='bbox 1577 773 1778 808; x_wconf 72' lang='grc' dir='ltr'><strong>μητροπολιτην</strong></span> 
     </span>
    </p>
   </div>
   <div class='ocr_carea' id='block_1_77' title="bbox 990 816 1776 854">
    <p class='ocr_par' dir='ltr' id='par_1_77' title="bbox 990 816 1776 854">
     <span class='ocr_line' id='line_1_79' title="bbox 990 816 1776 854; baseline 0.001 -10"><span class='ocrx_word' id='word_1_508' title='bbox 990 816 1063 849; x_wconf 80' lang='grc' dir='ltr'>εἷπε,</span> <span class='ocrx_word' id='word_1_509' title='bbox 1084 818 1153 852; x_wconf 77' lang='grc' dir='ltr'><strong>πρὸς</strong></span> <span class='ocrx_word' id='word_1_510' title='bbox 1169 818 1187 845; x_wconf 82' lang='grc' dir='ltr'>ἃ</span> <span class='ocrx_word' id='word_1_511' title='bbox 1203 819 1272 853; x_wconf 76' lang='grc' dir='ltr'><strong>ἔφης</strong></span> <span class='ocrx_word' id='word_1_512' title='bbox 1290 818 1513 854; x_wconf 81' lang='grc' dir='ltr'><strong>ἀποκρινούμεθά</strong></span> <span class='ocrx_word' id='word_1_513' title='bbox 1531 827 1582 845; x_wconf 82' lang='grc' dir='ltr'>σοι.</span> <span class='ocrx_word' id='word_1_514' title='bbox 1600 818 1699 853; x_wconf 81' lang='grc' dir='ltr'><strong>Νόμοι,</strong></span> <span class='ocrx_word' id='word_1_515' title='bbox 1723 824 1776 846; x_wconf 85' lang='lat' dir='ltr'><strong>etc.</strong></span> 
     </span>
    </p>
   </div>
   <div class='ocr_carea' id='block_1_78' title="bbox 990 862 1779 898">
    <p class='ocr_par' dir='ltr' id='par_1_78' title="bbox 990 862 1779 898">
     <span class='ocr_line' id='line_1_80' title="bbox 990 862 1779 898; baseline 0.001 -9"><span class='ocrx_word' id='word_1_516' title='bbox 990 862 1090 890; x_wconf 81' lang='lat' dir='ltr'><strong>Deinde</strong></span> <span class='ocrx_word' id='word_1_517' title='bbox 1105 862 1289 897; x_wconf 82' lang='lat' dir='ltr'><strong>Metrophanes</strong></span> <span class='ocrx_word' id='word_1_518' title='bbox 1313 864 1483 898; x_wconf 75' lang='lat' dir='ltr'><strong>Smyrnentis</strong></span> <span class='ocrx_word' id='word_1_519' title='bbox 1498 864 1662 897; x_wconf 84' lang='lat' dir='ltr'><strong>metropolita</strong></span> <span class='ocrx_word' id='word_1_520' title='bbox 1674 863 1779 891; x_wconf 86' lang='lat' dir='ltr'><strong>Zacha-</strong></span> 
     </span>
    </p>
   </div>
   <div class='ocr_carea' id='block_1_79' title="bbox 991 909 1779 944">
    <p class='ocr_par' dir='ltr' id='par_1_79' title="bbox 991 909 1779 944">
     <span class='ocr_line' id='line_1_81' title="bbox 991 909 1779 944; baseline 0.001 -9"><span class='ocrx_word' id='word_1_521' title='bbox 991 909 1059 935; x_wconf 87' lang='lat' dir='ltr'><strong>riam</strong></span> <span class='ocrx_word' id='word_1_522' title='bbox 1083 917 1099 935; x_wconf 90' lang='lat' dir='ltr'><strong>a</strong></span> <span class='ocrx_word' id='word_1_523' title='bbox 1124 909 1219 936; x_wconf 87' lang='lat' dir='ltr'><strong>Phatio</strong></span> <span class='ocrx_word' id='word_1_524' title='bbox 1246 915 1363 937; x_wconf 81' lang='lat' dir='ltr'><strong>creatum</strong></span> <span class='ocrx_word' id='word_1_525' title='bbox 1387 909 1625 937; x_wconf 78' lang='lat' dir='ltr'><strong>Chalcedonensem</strong></span> <span class='ocrx_word' id='word_1_526' title='bbox 1649 914 1779 944; x_wconf 83' lang='lat' dir='ltr'><strong>metropo-</strong></span> 
     </span>
    </p>
   </div>
   <div class='ocr_carea' id='block_1_80' title="bbox 990 954 1779 991">
    <p class='ocr_par' dir='ltr' id='par_1_80' title="bbox 990 954 1779 991">
     <span class='ocr_line' id='line_1_82' title="bbox 990 954 1779 991; baseline 0.004 -11"><span class='ocrx_word' id='word_1_527' title='bbox 990 954 1065 981; x_wconf 88' lang='lat' dir='ltr'><strong>litam</strong></span> <span class='ocrx_word' id='word_1_528' title='bbox 1086 955 1251 989; x_wconf 81' lang='lat' dir='ltr'><strong>compellavit</strong></span> <span class='ocrx_word' id='word_1_529' title='bbox 1267 963 1276 982; x_wconf 88' lang='lat'><strong>.&#39;</strong></span> <span class='ocrx_word' id='word_1_530' title='bbox 1290 956 1329 982; x_wconf 80' lang='lat' dir='ltr'><strong>Ad</strong></span> <span class='ocrx_word' id='word_1_531' title='bbox 1348 963 1378 982; x_wconf 81' lang='lat' dir='ltr'><strong>ea</strong></span> <span class='ocrx_word' id='word_1_532' title='bbox 1392 964 1451 991; x_wconf 60' lang='lat' dir='ltr'><strong>quae</strong></span> <span class='ocrx_word' id='word_1_533' title='bbox 1470 955 1617 983; x_wconf 79' lang='lat' dir='ltr'><strong>disseruisti</strong></span> <span class='ocrx_word' id='word_1_534' title='bbox 1640 956 1779 988; x_wconf 80' lang='lat' dir='ltr'><strong>responde-</strong></span> 
     </span>
    </p>
   </div>
   <div class='ocr_carea' id='block_1_81' title="bbox 991 999 1778 1034">
    <p class='ocr_par' dir='ltr' id='par_1_81' title="bbox 991 999 1778 1034">
     <span class='ocr_line' id='line_1_83' title="bbox 991 999 1778 1034; baseline 0.003 -9"><span class='ocrx_word' id='word_1_535' title='bbox 991 1007 1059 1026; x_wconf 82' lang='lat' dir='ltr'><strong>mus.</strong></span> <span class='ocrx_word' id='word_1_536' title='bbox 1075 999 1167 1034; x_wconf 75' lang='lat' dir='ltr'><strong>Leges,</strong></span> <span class='ocrx_word' id='word_1_537' title='bbox 1186 1005 1256 1032; x_wconf 86' lang='lat' dir='ltr'><strong>etc.;</strong></span> <span class='ocrx_word' id='word_1_538' title='bbox 1278 1005 1358 1034; x_wconf 81' lang='lat' dir='ltr'><strong>atque</strong></span> <span class='ocrx_word' id='word_1_539' title='bbox 1381 1000 1408 1027; x_wconf 91' lang='lat' dir='ltr'><strong>in</strong></span> <span class='ocrx_word' id='word_1_540' title='bbox 1424 1000 1468 1027; x_wconf 83' lang='lat' dir='ltr'><strong>his</strong></span> <span class='ocrx_word' id='word_1_541' title='bbox 1483 1000 1703 1027; x_wconf 79' lang='lat' dir='ltr'><strong>altercationibus</strong></span> <span class='ocrx_word' id='word_1_542' title='bbox 1722 1001 1778 1028; x_wconf 77' lang='lat' dir='ltr'><strong>ha-c</strong></span> 
     </span>
    </p>
   </div>
   <div class='ocr_carea' id='block_1_82' title="bbox 989 1045 1778 1080">
    <p class='ocr_par' dir='ltr' id='par_1_82' title="bbox 989 1045 1778 1080">
     <span class='ocr_line' id='line_1_84' title="bbox 989 1045 1778 1080; baseline 0.003 -9"><span class='ocrx_word' id='word_1_543' title='bbox 989 1046 1076 1072; x_wconf 78' lang='lat' dir='ltr'><strong>sessio</strong></span> <span class='ocrx_word' id='word_1_544' title='bbox 1094 1050 1231 1079; x_wconf 83' lang='lat' dir='ltr'><strong>protracta</strong></span> <span class='ocrx_word' id='word_1_545' title='bbox 1254 1051 1306 1073; x_wconf 74' lang='lat' dir='ltr'><strong>est.</strong></span> <span class='ocrx_word' id='word_1_546' title='bbox 1328 1046 1366 1072; x_wconf 85' lang='lat' dir='ltr'><strong>Ex</strong></span> <span class='ocrx_word' id='word_1_547' title='bbox 1386 1046 1486 1080; x_wconf 84' lang='lat' dir='ltr'><strong>quibus</strong></span> <span class='ocrx_word' id='word_1_548' title='bbox 1509 1045 1574 1073; x_wconf 85' lang='lat' dir='ltr'><strong>locis</strong></span> <span class='ocrx_word' id='word_1_549' title='bbox 1598 1046 1657 1074; x_wconf 86' lang='lat' dir='ltr'><strong>luce</strong></span> <span class='ocrx_word' id='word_1_550' title='bbox 1676 1047 1778 1073; x_wconf 76' lang='lat' dir='ltr'><strong>clarius</strong></span> 
     </span>
    </p>
   </div>
   <div class='ocr_carea' id='block_1_83' title="bbox 991 1090 1777 1126">
    <p class='ocr_par' dir='ltr' id='par_1_83' title="bbox 991 1090 1777 1126">
     <span class='ocr_line' id='line_1_85' title="bbox 991 1090 1777 1126; baseline 0.001 -10"><span class='ocrx_word' id='word_1_551' title='bbox 991 1095 1101 1125; x_wconf 84' lang='lat' dir='ltr'><strong>apparet</strong></span> <span class='ocrx_word' id='word_1_552' title='bbox 1126 1090 1286 1117; x_wconf 85' lang='lat' dir='ltr'><strong>Zachariam</strong></span> <span class='ocrx_word' id='word_1_553' title='bbox 1311 1091 1445 1126; x_wconf 80' lang='lat' dir='ltr'><strong>Cophum.</strong></span> <span class='ocrx_word' id='word_1_554' title='bbox 1471 1099 1550 1125; x_wconf 86' lang='lat' dir='ltr'><strong>quem</strong></span> <span class='ocrx_word' id='word_1_555' title='bbox 1577 1091 1777 1126; x_wconf 87' lang='lat' dir='ltr'><strong>metropolilam</strong></span> 
     </span>
    </p>
   </div>
   <div class='ocr_carea' id='block_1_84' title="bbox 990 1136 1780 1165">
    <p class='ocr_par' dir='ltr' id='par_1_84' title="bbox 990 1136 1780 1165">
     <span class='ocr_line' id='line_1_86' title="bbox 990 1136 1780 1165; baseline 0.001 -2"><span class='ocrx_word' id='word_1_556' title='bbox 990 1136 1239 1164; x_wconf 82' lang='lat' dir='ltr'><strong>Chalcedonensem</strong></span> <span class='ocrx_word' id='word_1_557' title='bbox 1256 1145 1271 1164; x_wconf 89' lang='lat' dir='ltr'><strong>a</strong></span> <span class='ocrx_word' id='word_1_558' title='bbox 1287 1137 1384 1165; x_wconf 85' lang='lat' dir='ltr'><strong>Photio</strong></span> <span class='ocrx_word' id='word_1_559' title='bbox 1400 1142 1591 1165; x_wconf 84' lang='lat' dir='ltr'><strong>consecratum</strong></span> <span class='ocrx_word' id='word_1_560' title='bbox 1614 1138 1711 1165; x_wconf 88' lang='lat' dir='ltr'><strong>scribit</strong></span> <span class='ocrx_word' id='word_1_561' title='bbox 1732 1137 1780 1164; x_wconf 82' lang='lat' dir='ltr'><strong>Ni-</strong></span> 
     </span>
    </p>
   </div>
   <div class='ocr_carea' id='block_1_85' title="bbox 991 1182 1778 1218">
    <p class='ocr_par' dir='ltr' id='par_1_85' title="bbox 991 1182 1778 1218">
     <span class='ocr_line' id='line_1_87' title="bbox 991 1182 1778 1218; baseline 0 -9"><span class='ocrx_word' id='word_1_562' title='bbox 991 1188 1083 1216; x_wconf 86' lang='lat' dir='ltr'><strong>cetas,</strong></span> <span class='ocrx_word' id='word_1_563' title='bbox 1110 1190 1162 1210; x_wconf 93' lang='lat' dir='ltr'><strong>non</strong></span> <span class='ocrx_word' id='word_1_564' title='bbox 1188 1189 1249 1210; x_wconf 86' lang='lat' dir='ltr'><strong>esse</strong></span> <span class='ocrx_word' id='word_1_565' title='bbox 1274 1182 1433 1210; x_wconf 89' lang='lat' dir='ltr'><strong>Zachariam</strong></span> <span class='ocrx_word' id='word_1_566' title='bbox 1458 1183 1505 1218; x_wconf 90' lang='lat' dir='ltr'><strong>qui</strong></span> <span class='ocrx_word' id='word_1_567' title='bbox 1530 1183 1778 1210; x_wconf 80' lang='lat' dir='ltr'><strong>Tauromcnilanus</strong></span> 
     </span>
    </p>
   </div>
   <div class='ocr_carea' id='block_1_86' title="bbox 991 1228 1779 1264">
    <p class='ocr_par' dir='ltr' id='par_1_86' title="bbox 991 1228 1779 1264">
     <span class='ocr_line' id='line_1_88' title="bbox 991 1228 1779 1264; baseline -0.001 -8"><span class='ocrx_word' id='word_1_568' title='bbox 991 1229 1134 1263; x_wconf 82' lang='lat' dir='ltr'><strong>episcopus</strong></span> <span class='ocrx_word' id='word_1_569' title='bbox 1148 1229 1182 1256; x_wconf 90' lang='lat' dir='ltr'><strong>ab</strong></span> <span class='ocrx_word' id='word_1_570' title='bbox 1197 1229 1342 1256; x_wconf 75' lang='lat' dir='ltr'><strong>Anastasio</strong></span> <span class='ocrx_word' id='word_1_571' title='bbox 1358 1229 1508 1264; x_wconf 81' lang='lat' dir='ltr'><strong>appellatus</strong></span> <span class='ocrx_word' id='word_1_572' title='bbox 1521 1234 1573 1257; x_wconf 86' lang='lat' dir='ltr'><strong>est.</strong></span> <span class='ocrx_word' id='word_1_573' title='bbox 1591 1228 1682 1256; x_wconf 79' lang='lat' dir='ltr'><strong>Redeo</strong></span> <span class='ocrx_word' id='word_1_574' title='bbox 1698 1229 1779 1263; x_wconf 76' lang='lat' dir='ltr'><strong>igitur</strong></span> 
     </span>
    </p>
   </div>
   <div class='ocr_carea' id='block_1_87' title="bbox 990 1274 1778 1309">
    <p class='ocr_par' dir='ltr' id='par_1_87' title="bbox 990 1274 1778 1309">
     <span class='ocr_line' id='line_1_89' title="bbox 990 1274 1778 1309; baseline 0 -8"><span class='ocrx_word' id='word_1_575' title='bbox 990 1282 1023 1302; x_wconf 90' lang='lat' dir='ltr'><strong>eo</strong></span> <span class='ocrx_word' id='word_1_576' title='bbox 1037 1274 1108 1301; x_wconf 86' lang='lat' dir='ltr'><strong>unde</strong></span> <span class='ocrx_word' id='word_1_577' title='bbox 1125 1275 1183 1302; x_wconf 66' lang='lat' dir='ltr'><strong>haec</strong></span> <span class='ocrx_word' id='word_1_578' title='bbox 1196 1279 1238 1302; x_wconf 84' lang='lat' dir='ltr'><strong>est</strong></span> <span class='ocrx_word' id='word_1_579' title='bbox 1253 1275 1319 1301; x_wconf 89' lang='lat' dir='ltr'><strong>inita</strong></span> <span class='ocrx_word' id='word_1_580' title='bbox 1341 1275 1498 1309; x_wconf 84' lang='lat' dir='ltr'><strong>disputatio,</strong></span> <span class='ocrx_word' id='word_1_581' title='bbox 1516 1276 1586 1302; x_wconf 82' lang='lat' dir='ltr'><strong>unde</strong></span> <span class='ocrx_word' id='word_1_582' title='bbox 1600 1275 1701 1309; x_wconf 74' lang='lat' dir='ltr'><strong>colligit</strong></span> <span class='ocrx_word' id='word_1_583' title='bbox 1716 1274 1778 1301; x_wconf 88' lang='lat' dir='ltr'><strong>Pic-</strong></span> 
     </span>
    </p>
   </div>
   <div class='ocr_carea' id='block_1_88' title="bbox 992 1319 1778 1348">
    <p class='ocr_par' dir='ltr' id='par_1_88' title="bbox 992 1319 1778 1348">
     <span class='ocr_line' id='line_1_90' title="bbox 992 1319 1778 1348; baseline -0.001 -1"><span class='ocrx_word' id='word_1_584' title='bbox 992 1321 1068 1348; x_wconf 90' lang='lat' dir='ltr'><strong>colus</strong></span> <span class='ocrx_word' id='word_1_585' title='bbox 1090 1320 1249 1348; x_wconf 87' lang='lat' dir='ltr'><strong>Zachariam</strong></span> <span class='ocrx_word' id='word_1_586' title='bbox 1266 1319 1524 1347; x_wconf 85' lang='lat' dir='ltr'><strong>Tauromenitanum</strong></span> <span class='ocrx_word' id='word_1_587' title='bbox 1536 1328 1550 1345; x_wconf 84' lang='lat' dir='ltr'><strong>a</strong></span> <span class='ocrx_word' id='word_1_588' title='bbox 1562 1319 1660 1347; x_wconf 88' lang='lat' dir='ltr'><strong>Photio</strong></span> <span class='ocrx_word' id='word_1_589' title='bbox 1672 1319 1778 1347; x_wconf 83' lang='lat' dir='ltr'><strong>titulum</strong></span> 
     </span>
    </p>
   </div>
   <div class='ocr_carea' id='block_1_89' title="bbox 991 1366 1780 1402">
    <p class='ocr_par' dir='ltr' id='par_1_89' title="bbox 991 1366 1780 1402">
     <span class='ocr_line' id='line_1_91' title="bbox 991 1366 1780 1402; baseline 0 -8"><span class='ocrx_word' id='word_1_590' title='bbox 991 1367 1187 1401; x_wconf 87' lang='lat' dir='ltr'><strong>archiepiscopi</strong></span> <span class='ocrx_word' id='word_1_591' title='bbox 1211 1366 1366 1395; x_wconf 81' lang='lat' dir='ltr'><strong>abstulisse.</strong></span> <span class='ocrx_word' id='word_1_592' title='bbox 1389 1367 1424 1394; x_wconf 84' lang='lat' dir='ltr'><strong>At</strong></span> <span class='ocrx_word' id='word_1_593' title='bbox 1445 1366 1569 1394; x_wconf 81' lang='lat' dir='ltr'><strong>fortassis</strong></span> <span class='ocrx_word' id='word_1_594' title='bbox 1595 1374 1629 1394; x_wconf 85' lang='lat' dir='ltr'><strong>ex</strong></span> <span class='ocrx_word' id='word_1_595' title='bbox 1651 1374 1683 1394; x_wconf 90' lang='lat' dir='ltr'><strong>eo</strong></span> <span class='ocrx_word' id='word_1_596' title='bbox 1707 1368 1780 1402; x_wconf 89' lang='lat' dir='ltr'><strong>quod</strong></span> 
     </span>
    </p>
   </div>
   <div class='ocr_carea' id='block_1_90' title="bbox 991 1411 1779 1448">
    <p class='ocr_par' dir='ltr' id='par_1_90' title="bbox 991 1411 1779 1448">
     <span class='ocr_line' id='line_1_92' title="bbox 991 1411 1779 1448; baseline -0.001 -9"><span class='ocrx_word' id='word_1_597' title='bbox 991 1413 1049 1448; x_wconf 87' lang='lat' dir='ltr'><strong>ipse</strong></span> <span class='ocrx_word' id='word_1_598' title='bbox 1078 1412 1186 1440; x_wconf 87' lang='lat' dir='ltr'><strong>Nicetas</strong></span> <span class='ocrx_word' id='word_1_599' title='bbox 1211 1420 1272 1440; x_wconf 91' lang='lat' dir='ltr'><strong>cum</strong></span> <span class='ocrx_word' id='word_1_600' title='bbox 1296 1413 1329 1439; x_wconf 84' lang='lat' dir='ltr'><strong>dc</strong></span> <span class='ocrx_word' id='word_1_601' title='bbox 1354 1411 1442 1447; x_wconf 85' lang='lat' dir='ltr'><strong>prima</strong></span> <span class='ocrx_word' id='word_1_602' title='bbox 1475 1412 1609 1446; x_wconf 76' lang='lat' dir='ltr'><strong>legatione</strong></span> <span class='ocrx_word' id='word_1_603' title='bbox 1642 1412 1716 1446; x_wconf 73' lang='lat' dir='ltr'><strong>agit.</strong></span> <span class='ocrx_word' id='word_1_604' title='bbox 1743 1412 1779 1439; x_wconf 86' lang='lat' dir='ltr'><strong>ita</strong></span> 
     </span>
    </p>
   </div>
   <div class='ocr_carea' id='block_1_91' title="bbox 992 1457 1781 1492">
    <p class='ocr_par' dir='ltr' id='par_1_91' title="bbox 992 1457 1781 1492">
     <span class='ocr_line' id='line_1_93' title="bbox 992 1457 1781 1492; baseline -0.003 -6"><span class='ocrx_word' id='word_1_605' title='bbox 992 1459 1103 1492; x_wconf 85' lang='lat' dir='ltr'><strong>scribit,</strong></span> <span class='ocrx_word' id='word_1_606' title='bbox 1130 1457 1299 1485; x_wconf 76' lang='grc' dir='ltr'><strong>Ἐπιστὲλλει</strong></span> <span class='ocrx_word' id='word_1_607' title='bbox 1336 1458 1427 1485; x_wconf 79' lang='grc' dir='ltr'><strong>τοίνυν</strong></span> <span class='ocrx_word' id='word_1_608' title='bbox 1462 1458 1592 1492; x_wconf 81' lang='grc' dir='ltr'>Θεόφιλον</span> <span class='ocrx_word' id='word_1_609' title='bbox 1632 1458 1781 1484; x_wconf 77' lang='grc' dir='ltr'>ἐπίσκοπον</span> 
     </span>
    </p>
   </div>
   <div class='ocr_carea' id='block_1_92' title="bbox 991 1503 1781 1539">
    <p class='ocr_par' dir='ltr' id='par_1_92' title="bbox 991 1503 1781 1539">
     <span class='ocr_line' id='line_1_94' title="bbox 991 1503 1781 1539; baseline 0 -9"><span class='ocrx_word' id='word_1_610' title='bbox 991 1503 1039 1530; x_wconf 80' lang='grc' dir='ltr'>τοῦ</span> <span class='ocrx_word' id='word_1_611' title='bbox 1058 1504 1196 1539; x_wconf 82' lang='grc' dir='ltr'><strong>Ἀμοριου,</strong></span> <span class='ocrx_word' id='word_1_612' title='bbox 1210 1504 1255 1530; x_wconf 79' lang='grc' dir='ltr'><strong>καὶ</strong></span> <span class='ocrx_word' id='word_1_613' title='bbox 1269 1503 1397 1539; x_wconf 75' lang='grc' dir='ltr'>Σαμουὴλ</span> <span class='ocrx_word' id='word_1_614' title='bbox 1411 1503 1562 1530; x_wconf 76' lang='grc' dir='ltr'>ἐπίσκοπον</span> <span class='ocrx_word' id='word_1_615' title='bbox 1576 1503 1655 1539; x_wconf 81' lang='grc' dir='ltr'>ἄχρις</span> <span class='ocrx_word' id='word_1_616' title='bbox 1674 1503 1781 1531; x_wconf 79' lang='grc' dir='ltr'>ἐκείνου</span> 
     </span>
    </p>
   </div>
   <div class='ocr_carea' id='block_1_93' title="bbox 992 1548 1783 1584">
    <p class='ocr_par' dir='ltr' id='par_1_93' title="bbox 992 1548 1783 1584">
     <span class='ocr_line' id='line_1_95' title="bbox 992 1548 1783 1584; baseline -0.001 -8"><span class='ocrx_word' id='word_1_617' title='bbox 992 1550 1046 1577; x_wconf 82' lang='grc' dir='ltr'><strong>τῶν</strong></span> <span class='ocrx_word' id='word_1_618' title='bbox 1068 1549 1171 1576; x_wconf 86' lang='grc' dir='ltr'>Κωνῶν</span> <span class='ocrx_word' id='word_1_619' title='bbox 1193 1549 1245 1576; x_wconf 75' lang='grc' dir='ltr'><strong>ὕπδ</strong></span> <span class='ocrx_word' id='word_1_620' title='bbox 1281 1549 1442 1577; x_wconf 74' lang='grc' dir='ltr'>Λαοδίκειαν</span> <span class='ocrx_word' id='word_1_621' title='bbox 1462 1548 1631 1584; x_wconf 83' lang='grc' dir='ltr'>τυγχάνοντα</span> <span class='ocrx_word' id='word_1_622' title='bbox 1656 1549 1783 1584; x_wconf 69' lang='grc' dir='ltr'><strong>ἁρχιεπξ-</strong></span> 
     </span>
    </p>
   </div>
   <div class='ocr_carea' id='block_1_94' title="bbox 993 1594 1781 1631">
    <p class='ocr_par' dir='ltr' id='par_1_94' title="bbox 993 1594 1781 1631">
     <span class='ocr_line' id='line_1_96' title="bbox 993 1594 1781 1631; baseline -0.003 -9"><span class='ocrx_word' id='word_1_623' title='bbox 993 1604 1095 1622; x_wconf 79' lang='grc' dir='ltr'>σκοπον</span> <span class='ocrx_word' id='word_1_624' title='bbox 1104 1595 1258 1631; x_wconf 82' lang='grc' dir='ltr'><strong>τετιμηκώς</strong></span> <span class='ocrx_word' id='word_1_625' title='bbox 1274 1603 1281 1611; x_wconf 76' lang='grc'><em>³</em></span> <span class='ocrx_word' id='word_1_626' title='bbox 1298 1596 1348 1622; x_wconf 86' lang='lat' dir='ltr'><strong>hoc</strong></span> <span class='ocrx_word' id='word_1_627' title='bbox 1364 1600 1405 1623; x_wconf 88' lang='lat' dir='ltr'><strong>est</strong></span> <span class='ocrx_word' id='word_1_628' title='bbox 1421 1594 1519 1630; x_wconf 82' lang='lat' dir='ltr'><strong>:Legat</strong></span> <span class='ocrx_word' id='word_1_629' title='bbox 1535 1602 1595 1629; x_wconf 89' lang='lat' dir='ltr'><strong>ergo</strong></span> <span class='ocrx_word' id='word_1_630' title='bbox 1613 1594 1781 1628; x_wconf 84' lang='lat' dir='ltr'><strong>Tlteoplnlum</strong></span> 
     </span>
    </p>
   </div>
   <div class='ocr_carea' id='block_1_95' title="bbox 993 1640 1783 1676">
    <p class='ocr_par' dir='ltr' id='par_1_95' title="bbox 993 1640 1783 1676">
     <span class='ocr_line' id='line_1_97' title="bbox 993 1640 1783 1676; baseline -0.003 -7"><span class='ocrx_word' id='word_1_631' title='bbox 993 1643 1096 1669; x_wconf 80' lang='lat' dir='ltr'><strong>Amorii</strong></span> <span class='ocrx_word' id='word_1_632' title='bbox 1119 1642 1279 1676; x_wconf 76' lang='lat' dir='ltr'><strong>episcopum,</strong></span> <span class='ocrx_word' id='word_1_633' title='bbox 1295 1645 1319 1667; x_wconf 84' lang='lat' dir='ltr'><strong>et</strong></span> <span class='ocrx_word' id='word_1_634' title='bbox 1336 1640 1484 1668; x_wconf 83' lang='lat' dir='ltr'><strong>Samuelem</strong></span> <span class='ocrx_word' id='word_1_635' title='bbox 1506 1642 1550 1675; x_wconf 88' lang='lat' dir='ltr'><strong>qui</strong></span> <span class='ocrx_word' id='word_1_636' title='bbox 1570 1641 1605 1667; x_wconf 81' lang='lat' dir='ltr'><strong>ad</strong></span> <span class='ocrx_word' id='word_1_637' title='bbox 1623 1640 1697 1668; x_wconf 79' lang='lat' dir='ltr'><strong>illum</strong></span> <span class='ocrx_word' id='word_1_638' title='bbox 1714 1641 1783 1667; x_wconf 84' lang='lat' dir='ltr'><strong>diem</strong></span> 
     </span>
    </p>
   </div>
   <div class='ocr_carea' id='block_1_96' title="bbox 993 1686 1782 1721">
    <p class='ocr_par' dir='ltr' id='par_1_96' title="bbox 993 1686 1782 1721">
     <span class='ocr_line' id='line_1_98' title="bbox 993 1686 1782 1721; baseline -0.001 -7"><span class='ocrx_word' id='word_1_639' title='bbox 993 1688 1143 1715; x_wconf 79' lang='lat' dir='ltr'><strong>Chonarum</strong></span> <span class='ocrx_word' id='word_1_640' title='bbox 1169 1688 1279 1715; x_wconf 73' lang='lat' dir='ltr'><strong>antistes</strong></span> <span class='ocrx_word' id='word_1_641' title='bbox 1304 1686 1453 1715; x_wconf 83' lang='lat' dir='ltr'><strong>Laodiceno</strong></span> <span class='ocrx_word' id='word_1_642' title='bbox 1478 1686 1621 1721; x_wconf 75' lang='lat' dir='ltr'><strong>subjectus,</strong></span> <span class='ocrx_word' id='word_1_643' title='bbox 1649 1686 1782 1721; x_wconf 79' lang='lat' dir='ltr'><strong>archiepi-</strong></span> 
     </span>
    </p>
   </div>
   <div class='ocr_carea' id='block_1_97' title="bbox 993 1732 1781 1769">
    <p class='ocr_par' dir='ltr' id='par_1_97' title="bbox 993 1732 1781 1769">
     <span class='ocr_line' id='line_1_99' title="bbox 993 1732 1781 1769; baseline -0.004 -8"><span class='ocrx_word' id='word_1_644' title='bbox 993 1736 1065 1769; x_wconf 76' lang='lat' dir='ltr'><strong>scopi</strong></span> <span class='ocrx_word' id='word_1_645' title='bbox 1088 1735 1184 1761; x_wconf 82' lang='lat' dir='ltr'><strong>honore</strong></span> <span class='ocrx_word' id='word_1_646' title='bbox 1207 1735 1330 1769; x_wconf 72' lang='lat' dir='ltr'><strong>dignatus</strong></span> <span class='ocrx_word' id='word_1_647' title='bbox 1352 1738 1388 1760; x_wconf 73' lang='lat' dir='ltr'><strong>est</strong></span> <span class='ocrx_word' id='word_1_648' title='bbox 1404 1741 1420 1760; x_wconf 87' lang='lat' dir='ltr'><strong>a</strong></span> <span class='ocrx_word' id='word_1_649' title='bbox 1439 1732 1548 1765; x_wconf 82' lang='lat' dir='ltr'><strong>Photiu;</strong></span> <span class='ocrx_word' id='word_1_650' title='bbox 1566 1740 1641 1768; x_wconf 70' lang='lat' dir='ltr'><strong>ergo,</strong></span> <span class='ocrx_word' id='word_1_651' title='bbox 1665 1733 1781 1767; x_wconf 85' lang='lat' dir='ltr'><strong>inquies,</strong></span> 
     </span>
    </p>
   </div>
   <div class='ocr_carea' id='block_1_98' title="bbox 994 1778 1815 1814">
    <p class='ocr_par' dir='ltr' id='par_1_98' title="bbox 994 1778 1815 1814">
     <span class='ocr_line' id='line_1_100' title="bbox 994 1778 1815 1814; baseline -0.002 -6"><span class='ocrx_word' id='word_1_652' title='bbox 994 1781 1064 1808; x_wconf 84' lang='lat' dir='ltr'><strong>sicut</strong></span> <span class='ocrx_word' id='word_1_653' title='bbox 1081 1779 1201 1813; x_wconf 75' lang='lat' dir='ltr'><strong>Samuel,</strong></span> <span class='ocrx_word' id='word_1_654' title='bbox 1219 1780 1257 1807; x_wconf 86' lang='lat' dir='ltr'><strong>ita</strong></span> <span class='ocrx_word' id='word_1_655' title='bbox 1272 1785 1298 1806; x_wconf 86' lang='lat' dir='ltr'><strong>et</strong></span> <span class='ocrx_word' id='word_1_656' title='bbox 1313 1779 1461 1807; x_wconf 84' lang='lat' dir='ltr'><strong>Zacharias</strong></span> <span class='ocrx_word' id='word_1_657' title='bbox 1480 1778 1680 1814; x_wconf 86' lang='lat' dir='ltr'><strong>archiepiscopi</strong></span> <span class='ocrx_word' id='word_1_658' title='bbox 1704 1778 1783 1806; x_wconf 86' lang='lat' dir='ltr'><strong>titulo</strong></span> <span class='ocrx_word' id='word_1_659' title='bbox 1810 1802 1815 1806; x_wconf 85' lang='lat'><strong>.</strong></span> 
     </span>
    </p>
   </div>
   <div class='ocr_carea' id='block_1_99' title="bbox 994 1824 1782 1862">
    <p class='ocr_par' dir='ltr' id='par_1_99' title="bbox 994 1824 1782 1862">
     <span class='ocr_line' id='line_1_101' title="bbox 994 1824 1782 1862; baseline -0.001 -9"><span class='ocrx_word' id='word_1_660' title='bbox 994 1826 1119 1862; x_wconf 78' lang='lat' dir='ltr'><strong>insigniri</strong></span> <span class='ocrx_word' id='word_1_661' title='bbox 1135 1833 1148 1853; x_wconf 92' lang='lat' dir='ltr'><strong>a</strong></span> <span class='ocrx_word' id='word_1_662' title='bbox 1167 1826 1262 1853; x_wconf 82' lang='lat' dir='ltr'><strong>Photio</strong></span> <span class='ocrx_word' id='word_1_663' title='bbox 1281 1826 1377 1860; x_wconf 88' lang='lat' dir='ltr'><strong>potuit.</strong></span> <span class='ocrx_word' id='word_1_664' title='bbox 1395 1824 1448 1852; x_wconf 87' lang='lat' dir='ltr'><strong>Sed</strong></span> <span class='ocrx_word' id='word_1_665' title='bbox 1472 1825 1535 1859; x_wconf 91' lang='lat' dir='ltr'><strong>quid</strong></span> <span class='ocrx_word' id='word_1_666' title='bbox 1552 1831 1594 1852; x_wconf 86' lang='lat' dir='ltr'><strong>est</strong></span> <span class='ocrx_word' id='word_1_667' title='bbox 1610 1825 1743 1857; x_wconf 87' lang='lat' dir='ltr'><strong>divinare,</strong></span> <span class='ocrx_word' id='word_1_668' title='bbox 1760 1825 1782 1852; x_wconf 83' lang='lat' dir='ltr'><strong>si</strong></span> 
     </span>
    </p>
   </div>
   <div class='ocr_carea' id='block_1_100' title="bbox 994 1870 1784 1905">
    <p class='ocr_par' dir='ltr' id='par_1_100' title="bbox 994 1870 1784 1905">
     <span class='ocr_line' id='line_1_102' title="bbox 994 1870 1784 1905; baseline -0.004 -5"><span class='ocrx_word' id='word_1_669' title='bbox 994 1873 1047 1900; x_wconf 90' lang='lat' dir='ltr'><strong>hoc</strong></span> <span class='ocrx_word' id='word_1_670' title='bbox 1063 1880 1117 1899; x_wconf 93' lang='lat' dir='ltr'><strong>non</strong></span> <span class='ocrx_word' id='word_1_671' title='bbox 1133 1871 1196 1899; x_wconf 84' lang='lat' dir='ltr'><strong>est?</strong></span> <span class='ocrx_word' id='word_1_672' title='bbox 1219 1871 1291 1898; x_wconf 82' lang='lat' dir='ltr'><strong>Sane</strong></span> <span class='ocrx_word' id='word_1_673' title='bbox 1307 1871 1372 1898; x_wconf 92' lang='lat' dir='ltr'><strong>illud</strong></span> <span class='ocrx_word' id='word_1_674' title='bbox 1396 1871 1476 1898; x_wconf 89' lang='lat' dir='ltr'><strong>modo</strong></span> <span class='ocrx_word' id='word_1_675' title='bbox 1488 1871 1515 1897; x_wconf 92' lang='lat' dir='ltr'><strong>in</strong></span> <span class='ocrx_word' id='word_1_676' title='bbox 1529 1871 1580 1897; x_wconf 88' lang='lat' dir='ltr'><strong>hac</strong></span> <span class='ocrx_word' id='word_1_677' title='bbox 1602 1870 1784 1905; x_wconf 80' lang='lat' dir='ltr'><strong>disputatione</strong></span> 
     </span>
    </p>
   </div>
   <div class='ocr_carea' id='block_1_101' title="bbox 994 1915 1782 1952">
    <p class='ocr_par' dir='ltr' id='par_1_101' title="bbox 994 1915 1782 1952">
     <span class='ocr_line' id='line_1_103' title="bbox 994 1915 1782 1952; baseline -0.004 -7"><span class='ocrx_word' id='word_1_678' title='bbox 994 1918 1139 1950; x_wconf 82' lang='lat' dir='ltr'><strong>contendo,</strong></span> <span class='ocrx_word' id='word_1_679' title='bbox 1164 1917 1238 1944; x_wconf 91' lang='lat' dir='ltr'><strong>nullo</strong></span> <span class='ocrx_word' id='word_1_680' title='bbox 1265 1917 1432 1949; x_wconf 83' lang='lat' dir='ltr'><strong>testimonio,</strong></span> <span class='ocrx_word' id='word_1_681' title='bbox 1462 1916 1535 1952; x_wconf 80' lang='lat' dir='ltr'><strong>nullo</strong></span> <span class='ocrx_word' id='word_1_682' title='bbox 1562 1921 1683 1947; x_wconf 84' lang='lat' dir='ltr'><strong>auctore,</strong></span> <span class='ocrx_word' id='word_1_683' title='bbox 1711 1915 1782 1942; x_wconf 92' lang='lat' dir='ltr'><strong>nulla</strong></span> 
     </span>
    </p>
   </div>
   <div class='ocr_carea' id='block_1_102' title="bbox 995 1961 1783 1998">
    <p class='ocr_par' dir='ltr' id='par_1_102' title="bbox 995 1961 1783 1998">
     <span class='ocr_line' id='line_1_104' title="bbox 995 1961 1783 1998; baseline -0.004 -7"><span class='ocrx_word' id='word_1_684' title='bbox 995 1964 1117 1996; x_wconf 86' lang='lat' dir='ltr'><strong>historia,</strong></span> <span class='ocrx_word' id='word_1_685' title='bbox 1130 1971 1189 1998; x_wconf 73' lang='lat' dir='ltr'><strong>qua:</strong></span> <span class='ocrx_word' id='word_1_686' title='bbox 1203 1964 1304 1998; x_wconf 84' lang='lat' dir='ltr'><strong>scripta</strong></span> <span class='ocrx_word' id='word_1_687' title='bbox 1319 1966 1419 1995; x_wconf 82' lang='lat' dir='ltr'><strong>exstet,</strong></span> <span class='ocrx_word' id='word_1_688' title='bbox 1436 1962 1463 1988; x_wconf 89' lang='lat' dir='ltr'><strong>id</strong></span> <span class='ocrx_word' id='word_1_689' title='bbox 1479 1961 1609 1988; x_wconf 85' lang='lat' dir='ltr'><strong>allirmari</strong></span> <span class='ocrx_word' id='word_1_690' title='bbox 1624 1961 1658 1988; x_wconf 83' lang='lat' dir='ltr'><strong>ab</strong></span> <span class='ocrx_word' id='word_1_691' title='bbox 1673 1961 1783 1989; x_wconf 84' lang='lat' dir='ltr'><strong>Alberto</strong></span> 
     </span>
    </p>
   </div>
   <div class='ocr_carea' id='block_1_103' title="bbox 995 2007 1784 2041">
    <p class='ocr_par' dir='ltr' id='par_1_103' title="bbox 995 2007 1784 2041">
     <span class='ocr_line' id='line_1_105' title="bbox 995 2007 1784 2041; baseline -0.004 -5"><span class='ocrx_word' id='word_1_692' title='bbox 995 2009 1103 2036; x_wconf 85' lang='lat' dir='ltr'><strong>Piccolo</strong></span> <span class='ocrx_word' id='word_1_693' title='bbox 1118 2013 1145 2036; x_wconf 85' lang='lat' dir='ltr'><strong>et</strong></span> <span class='ocrx_word' id='word_1_694' title='bbox 1158 2016 1190 2036; x_wconf 77' lang='lat' dir='ltr'><strong>ex</strong></span> <span class='ocrx_word' id='word_1_695' title='bbox 1203 2015 1235 2035; x_wconf 89' lang='lat' dir='ltr'><strong>eo</strong></span> <span class='ocrx_word' id='word_1_696' title='bbox 1248 2016 1263 2035; x_wconf 87' lang='lat' dir='ltr'><strong>a</strong></span> <span class='ocrx_word' id='word_1_697' title='bbox 1277 2008 1346 2034; x_wconf 86' lang='lat' dir='ltr'><strong>Pirri</strong></span> <span class='ocrx_word' id='word_1_698' title='bbox 1364 2017 1371 2034; x_wconf 87' lang='lat'><strong>:</strong></span> <span class='ocrx_word' id='word_1_699' title='bbox 1386 2011 1413 2035; x_wconf 89' lang='lat' dir='ltr'><strong>et</strong></span> <span class='ocrx_word' id='word_1_700' title='bbox 1428 2014 1495 2034; x_wconf 83' lang='lat' dir='ltr'><strong>sane</strong></span> <span class='ocrx_word' id='word_1_701' title='bbox 1509 2007 1590 2035; x_wconf 91' lang='lat' dir='ltr'><strong>sicuti</strong></span> <span class='ocrx_word' id='word_1_702' title='bbox 1611 2015 1704 2041; x_wconf 86' lang='lat' dir='ltr'><strong>parum</strong></span> <span class='ocrx_word' id='word_1_703' title='bbox 1719 2015 1784 2033; x_wconf 85' lang='lat' dir='ltr'><strong>con-</strong></span> 
     </span>
    </p>
   </div>
   <div class='ocr_carea' id='block_1_104' title="bbox 996 2051 1783 2088">
    <p class='ocr_par' dir='ltr' id='par_1_104' title="bbox 996 2051 1783 2088">
     <span class='ocr_line' id='line_1_106' title="bbox 996 2051 1783 2088; baseline -0.003 -7"><span class='ocrx_word' id='word_1_704' title='bbox 996 2055 1112 2082; x_wconf 83' lang='lat' dir='ltr'><strong>siderate</strong></span> <span class='ocrx_word' id='word_1_705' title='bbox 1134 2054 1241 2088; x_wconf 77' lang='lat' dir='ltr'><strong>scripsit</strong></span> <span class='ocrx_word' id='word_1_706' title='bbox 1257 2053 1416 2080; x_wconf 85' lang='lat' dir='ltr'><strong>Zachariam</strong></span> <span class='ocrx_word' id='word_1_707' title='bbox 1433 2054 1590 2087; x_wconf 86' lang='lat' dir='ltr'><strong>episcopum</strong></span> <span class='ocrx_word' id='word_1_708' title='bbox 1606 2051 1783 2080; x_wconf 87' lang='lat' dir='ltr'><strong>Tauromeni-</strong></span> 
     </span>
    </p>
   </div>
   <div class='ocr_carea' id='block_1_105' title="bbox 998 2097 1784 2134">
    <p class='ocr_par' dir='ltr' id='par_1_105' title="bbox 998 2097 1784 2134">
     <span class='ocr_line' id='line_1_107' title="bbox 998 2097 1784 2134; baseline -0.001 -8"><span class='ocrx_word' id='word_1_709' title='bbox 998 2104 1089 2126; x_wconf 85' lang='lat' dir='ltr'><strong>tanum</strong></span> <span class='ocrx_word' id='word_1_710' title='bbox 1113 2098 1235 2134; x_wconf 88' lang='lat' dir='ltr'><strong>Cophum</strong></span> <span class='ocrx_word' id='word_1_711' title='bbox 1257 2102 1435 2132; x_wconf 75' lang='lat' dir='ltr'><strong>cognomento</strong></span> <span class='ocrx_word' id='word_1_712' title='bbox 1459 2097 1635 2132; x_wconf 83' lang='lat' dir='ltr'><strong>appellatum,</strong></span> <span class='ocrx_word' id='word_1_713' title='bbox 1660 2098 1697 2124; x_wconf 88' lang='lat' dir='ltr'><strong>ita</strong></span> <span class='ocrx_word' id='word_1_714' title='bbox 1717 2105 1784 2125; x_wconf 81' lang='lat' dir='ltr'><strong>sane</strong></span> 
     </span>
    </p>
   </div>
   <div class='ocr_carea' id='block_1_106' title="bbox 997 2143 1783 2180">
    <p class='ocr_par' dir='ltr' id='par_1_106' title="bbox 997 2143 1783 2180">
     <span class='ocr_line' id='line_1_108' title="bbox 997 2143 1783 2180; baseline -0.003 -8"><span class='ocrx_word' id='word_1_715' title='bbox 997 2150 1098 2172; x_wconf 88' lang='lat' dir='ltr'><strong>temere</strong></span> <span class='ocrx_word' id='word_1_716' title='bbox 1113 2145 1148 2172; x_wconf 87' lang='lat' dir='ltr'><strong>ab</strong></span> <span class='ocrx_word' id='word_1_717' title='bbox 1168 2152 1201 2172; x_wconf 90' lang='lat' dir='ltr'><strong>eo</strong></span> <span class='ocrx_word' id='word_1_718' title='bbox 1225 2144 1360 2179; x_wconf 87' lang='lat' dir='ltr'><strong>prodittttn</strong></span> <span class='ocrx_word' id='word_1_719' title='bbox 1387 2143 1492 2180; x_wconf 83' lang='lat' dir='ltr'><strong>videtur</strong></span> <span class='ocrx_word' id='word_1_720' title='bbox 1516 2143 1713 2178; x_wconf 84' lang='lat' dir='ltr'><strong>archiepiscopi</strong></span> <span class='ocrx_word' id='word_1_721' title='bbox 1733 2152 1783 2170; x_wconf 93' lang='lat' dir='ltr'><strong>no-</strong></span> 
     </span>
    </p>
   </div>
   <div class='ocr_carea' id='block_1_107' title="bbox 998 2189 1784 2218">
    <p class='ocr_par' dir='ltr' id='par_1_107' title="bbox 998 2189 1784 2218">
     <span class='ocr_line' id='line_1_109' title="bbox 998 2189 1784 2218; baseline -0.001 -1"><span class='ocrx_word' id='word_1_722' title='bbox 998 2191 1163 2218; x_wconf 83' lang='lat' dir='ltr'><strong>menclatura</strong></span> <span class='ocrx_word' id='word_1_723' title='bbox 1178 2190 1254 2217; x_wconf 91' lang='lat' dir='ltr'><strong>illum</strong></span> <span class='ocrx_word' id='word_1_724' title='bbox 1271 2197 1285 2217; x_wconf 90' lang='lat' dir='ltr'><strong>a</strong></span> <span class='ocrx_word' id='word_1_725' title='bbox 1305 2189 1401 2217; x_wconf 83' lang='lat' dir='ltr'><strong>Photio</strong></span> <span class='ocrx_word' id='word_1_726' title='bbox 1420 2189 1504 2217; x_wconf 75' lang='lat' dir='ltr'><strong>fuisse</strong></span> <span class='ocrx_word' id='word_1_727' title='bbox 1522 2190 1690 2217; x_wconf 82' lang='lat' dir='ltr'><strong>decoratum.</strong></span> <span class='ocrx_word' id='word_1_728' title='bbox 1708 2190 1784 2217; x_wconf 82' lang='lat' dir='ltr'><strong>Reli-</strong></span> 
     </span>
    </p>
   </div>
   <div class='ocr_carea' id='block_1_108' title="bbox 997 2236 1785 2271">
    <p class='ocr_par' dir='ltr' id='par_1_108' title="bbox 997 2236 1785 2271">
     <span class='ocr_line' id='line_1_110' title="bbox 997 2236 1785 2271; baseline 0 -8"><span class='ocrx_word' id='word_1_729' title='bbox 997 2244 1079 2270; x_wconf 89' lang='lat' dir='ltr'><strong>quum</strong></span> <span class='ocrx_word' id='word_1_730' title='bbox 1106 2236 1189 2271; x_wconf 75' lang='lat' dir='ltr'><strong>igitur</strong></span> <span class='ocrx_word' id='word_1_731' title='bbox 1216 2241 1267 2269; x_wconf 86' lang='lat' dir='ltr'><strong>est,</strong></span> <span class='ocrx_word' id='word_1_732' title='bbox 1290 2241 1318 2263; x_wconf 91' lang='lat' dir='ltr'><strong>ut</strong></span> <span class='ocrx_word' id='word_1_733' title='bbox 1343 2237 1494 2265; x_wconf 81' lang='lat' dir='ltr'><strong>ostendam.</strong></span> <span class='ocrx_word' id='word_1_734' title='bbox 1523 2237 1594 2262; x_wconf 85' lang='lat' dir='ltr'><strong>unde</strong></span> <span class='ocrx_word' id='word_1_735' title='bbox 1619 2236 1663 2262; x_wconf 91' lang='lat' dir='ltr'><strong>hic</strong></span> <span class='ocrx_word' id='word_1_736' title='bbox 1690 2236 1785 2263; x_wconf 83' lang='lat' dir='ltr'><strong>titulus</strong></span> 
     </span>
    </p>
   </div>
   <div class='ocr_carea' id='block_1_109' title="bbox 996 2280 1784 2316">
    <p class='ocr_par' dir='ltr' id='par_1_109' title="bbox 996 2280 1784 2316">
     <span class='ocr_line' id='line_1_111' title="bbox 996 2280 1784 2316; baseline -0.001 -7"><span class='ocrx_word' id='word_1_737' title='bbox 996 2282 1123 2316; x_wconf 78' lang='lat' dir='ltr'><strong>episcopo</strong></span> <span class='ocrx_word' id='word_1_738' title='bbox 1145 2281 1375 2308; x_wconf 80' lang='lat' dir='ltr'><strong>Tauromenitana</strong></span> <span class='ocrx_word' id='word_1_739' title='bbox 1391 2281 1426 2308; x_wconf 89' lang='lat' dir='ltr'><strong>sit</strong></span> <span class='ocrx_word' id='word_1_740' title='bbox 1444 2280 1601 2308; x_wconf 87' lang='lat' dir='ltr'><strong>attributus.</strong></span> <span class='ocrx_word' id='word_1_741' title='bbox 1620 2280 1648 2308; x_wconf 90' lang='lat' dir='ltr'><strong>ld</strong></span> <span class='ocrx_word' id='word_1_742' title='bbox 1667 2289 1732 2308; x_wconf 86' lang='lat' dir='ltr'><strong>sane</strong></span> <span class='ocrx_word' id='word_1_743' title='bbox 1750 2282 1784 2308; x_wconf 86' lang='lat' dir='ltr'><strong>ah</strong></span> 
     </span>
    </p>
   </div>
   <div class='ocr_carea' id='block_1_110' title="bbox 997 2327 1783 2362">
    <p class='ocr_par' dir='ltr' id='par_1_110' title="bbox 997 2327 1783 2362">
     <span class='ocr_line' id='line_1_112' title="bbox 997 2327 1783 2362; baseline -0.003 -8"><span class='ocrx_word' id='word_1_744' title='bbox 997 2328 1049 2354; x_wconf 87' lang='lat' dir='ltr'><strong>alio</strong></span> <span class='ocrx_word' id='word_1_745' title='bbox 1071 2328 1203 2362; x_wconf 85' lang='lat' dir='ltr'><strong>principio</strong></span> <span class='ocrx_word' id='word_1_746' title='bbox 1222 2335 1276 2353; x_wconf 92' lang='lat' dir='ltr'><strong>non</strong></span> <span class='ocrx_word' id='word_1_747' title='bbox 1292 2327 1435 2357; x_wconf 87' lang='lat' dir='ltr'><strong>deducam,</strong></span> <span class='ocrx_word' id='word_1_748' title='bbox 1456 2331 1483 2353; x_wconf 88' lang='lat' dir='ltr'><strong>et</strong></span> <span class='ocrx_word' id='word_1_749' title='bbox 1506 2327 1614 2361; x_wconf 75' lang='lat' dir='ltr'><strong>Quidem</strong></span> <span class='ocrx_word' id='word_1_750' title='bbox 1632 2327 1699 2352; x_wconf 84' lang='lat' dir='ltr'><strong>satis</strong></span> <span class='ocrx_word' id='word_1_751' title='bbox 1722 2334 1783 2353; x_wconf 92' lang='lat' dir='ltr'><strong>cum</strong></span> 
     </span>
    </p>
   </div>
   <div class='ocr_carea' id='block_1_111' title="bbox 997 2371 1782 2408">
    <p class='ocr_par' dir='ltr' id='par_1_111' title="bbox 997 2371 1782 2408">
     <span class='ocr_line' id='line_1_113' title="bbox 997 2371 1782 2408; baseline -0.003 -8"><span class='ocrx_word' id='word_1_752' title='bbox 997 2374 1114 2406; x_wconf 84' lang='lat' dir='ltr'><strong>ratione,</strong></span> <span class='ocrx_word' id='word_1_753' title='bbox 1128 2380 1208 2408; x_wconf 88' lang='lat' dir='ltr'><strong>quaIn</strong></span> <span class='ocrx_word' id='word_1_754' title='bbox 1222 2380 1254 2399; x_wconf 82' lang='lat' dir='ltr'><strong>cx</strong></span> <span class='ocrx_word' id='word_1_755' title='bbox 1272 2381 1325 2407; x_wconf 92' lang='lat' dir='ltr'><strong>qtto</strong></span> <span class='ocrx_word' id='word_1_756' title='bbox 1342 2373 1411 2399; x_wconf 83' lang='lat' dir='ltr'><strong>idem</strong></span> <span class='ocrx_word' id='word_1_757' title='bbox 1430 2372 1556 2399; x_wconf 68' lang='lat' dir='ltr'><strong>Bocchus</strong></span> <span class='ocrx_word' id='word_1_758' title='bbox 1571 2371 1641 2398; x_wconf 83' lang='lat' dir='ltr'><strong>Pirri</strong></span> <span class='ocrx_word' id='word_1_759' title='bbox 1656 2372 1782 2403; x_wconf 81' lang='lat' dir='ltr'><strong>ostendit,</strong></span> 
     </span>
    </p>
   </div>
   <div class='ocr_carea' id='block_1_112' title="bbox 997 2417 1786 2454">
    <p class='ocr_par' dir='ltr' id='par_1_112' title="bbox 997 2417 1786 2454">
     <span class='ocr_line' id='line_1_114' title="bbox 997 2417 1786 2454; baseline -0.003 -8"><span class='ocrx_word' id='word_1_760' title='bbox 997 2420 1068 2446; x_wconf 89' lang='lat' dir='ltr'><strong>unde</strong></span> <span class='ocrx_word' id='word_1_761' title='bbox 1084 2418 1282 2454; x_wconf 76' lang='lat' dir='ltr'><strong>archiepiscopi</strong></span> <span class='ocrx_word' id='word_1_762' title='bbox 1308 2418 1402 2444; x_wconf 89' lang='lat' dir='ltr'><strong>titulus</strong></span> <span class='ocrx_word' id='word_1_763' title='bbox 1420 2418 1449 2444; x_wconf 80' lang='lat' dir='ltr'><strong>s.</strong></span> <span class='ocrx_word' id='word_1_764' title='bbox 1467 2417 1623 2443; x_wconf 84' lang='lat' dir='ltr'><strong>Mamiliano</strong></span> <span class='ocrx_word' id='word_1_765' title='bbox 1644 2417 1786 2444; x_wconf 84' lang='lat' dir='ltr'><strong>Panormi-</strong></span> 
     </span>
    </p>
   </div>
   <div class='ocr_carea' id='block_1_113' title="bbox 996 2462 1785 2497">
    <p class='ocr_par' dir='ltr' id='par_1_113' title="bbox 996 2462 1785 2497">
     <span class='ocr_line' id='line_1_115' title="bbox 996 2462 1785 2497; baseline -0.003 -6"><span class='ocrx_word' id='word_1_766' title='bbox 996 2470 1062 2491; x_wconf 88' lang='lat' dir='ltr'><strong>tano</strong></span> <span class='ocrx_word' id='word_1_767' title='bbox 1077 2465 1191 2491; x_wconf 85' lang='lat' dir='ltr'><strong>antistiti</strong></span> <span class='ocrx_word' id='word_1_768' title='bbox 1208 2464 1243 2491; x_wconf 87' lang='lat' dir='ltr'><strong>sit</strong></span> <span class='ocrx_word' id='word_1_769' title='bbox 1258 2463 1407 2491; x_wconf 88' lang='lat' dir='ltr'><strong>attributus</strong></span> <span class='ocrx_word' id='word_1_770' title='bbox 1428 2463 1483 2497; x_wconf 87' lang='lat' dir='ltr'><strong>jam</strong></span> <span class='ocrx_word' id='word_1_771' title='bbox 1501 2462 1561 2489; x_wconf 84' lang='lat' dir='ltr'><strong>inde</strong></span> <span class='ocrx_word' id='word_1_772' title='bbox 1578 2470 1593 2490; x_wconf 87' lang='lat' dir='ltr'><strong>a</strong></span> <span class='ocrx_word' id='word_1_773' title='bbox 1608 2463 1704 2497; x_wconf 83' lang='lat' dir='ltr'><strong>priscis</strong></span> <span class='ocrx_word' id='word_1_774' title='bbox 1718 2468 1785 2490; x_wconf 87' lang='lat' dir='ltr'><strong>tem-</strong></span> 
     </span>
    </p>
   </div>
   <div class='ocr_carea' id='block_1_114' title="bbox 998 2508 1784 2545">
    <p class='ocr_par' dir='ltr' id='par_1_114' title="bbox 998 2508 1784 2545">
     <span class='ocr_line' id='line_1_116' title="bbox 998 2508 1784 2545; baseline -0.001 -8"><span class='ocrx_word' id='word_1_775' title='bbox 998 2511 1120 2545; x_wconf 87' lang='lat' dir='ltr'><strong>porihus,</strong></span> <span class='ocrx_word' id='word_1_776' title='bbox 1138 2518 1199 2537; x_wconf 87' lang='lat' dir='ltr'><strong>cum</strong></span> <span class='ocrx_word' id='word_1_777' title='bbox 1223 2510 1256 2536; x_wconf 85' lang='lat' dir='ltr'><strong>ab</strong></span> <span class='ocrx_word' id='word_1_778' title='bbox 1281 2510 1356 2537; x_wconf 84' lang='lat' dir='ltr'><strong>iisin</strong></span> <span class='ocrx_word' id='word_1_779' title='bbox 1380 2517 1514 2536; x_wconf 82' lang='lat' dir='ltr'><strong>marmore</strong></span> <span class='ocrx_word' id='word_1_780' title='bbox 1536 2508 1595 2542; x_wconf 86' lang='lat' dir='ltr'><strong>ejus</strong></span> <span class='ocrx_word' id='word_1_781' title='bbox 1618 2510 1784 2536; x_wconf 88' lang='lat' dir='ltr'><strong>monumenti</strong></span> 
     </span>
    </p>
   </div>
   <div class='ocr_carea' id='block_1_115' title="bbox 997 2553 1786 2588">
    <p class='ocr_par' dir='ltr' id='par_1_115' title="bbox 997 2553 1786 2588">
     <span class='ocr_line' id='line_1_117' title="bbox 997 2553 1786 2588; baseline -0.001 -8"><span class='ocrx_word' id='word_1_782' title='bbox 997 2555 1099 2588; x_wconf 69' lang='lat' dir='ltr'><strong>legatur</strong></span> <span class='ocrx_word' id='word_1_783' title='bbox 1121 2555 1234 2581; x_wconf 86' lang='lat' dir='ltr'><strong>incisus.</strong></span> <span class='ocrx_word' id='word_1_784' title='bbox 1254 2554 1340 2586; x_wconf 87' lang='lat' dir='ltr'><strong>Undc,</strong></span> <span class='ocrx_word' id='word_1_785' title='bbox 1358 2554 1478 2588; x_wconf 89' lang='lat' dir='ltr'><strong>inquam,</strong></span> <span class='ocrx_word' id='word_1_786' title='bbox 1495 2553 1538 2580; x_wconf 90' lang='lat' dir='ltr'><strong>ille</strong></span> <span class='ocrx_word' id='word_1_787' title='bbox 1559 2554 1678 2588; x_wconf 80' lang='lat' dir='ltr'><strong>colligit:</strong></span> <span class='ocrx_word' id='word_1_788' title='bbox 1694 2554 1786 2581; x_wconf 82' lang='lat' dir='ltr'><strong>Credi-</strong></span> 
     </span>
    </p>
   </div>
   <div class='ocr_carea' id='block_1_116' title="bbox 996 2600 1785 2635">
    <p class='ocr_par' dir='ltr' id='par_1_116' title="bbox 996 2600 1785 2635">
     <span class='ocr_line' id='line_1_118' title="bbox 996 2600 1785 2635; baseline -0.004 -8"><span class='ocrx_word' id='word_1_789' title='bbox 996 2601 1092 2632; x_wconf 80' lang='lat' dir='ltr'><strong>derint,</strong></span> <span class='ocrx_word' id='word_1_790' title='bbox 1116 2600 1212 2635; x_wconf 88' lang='lat' dir='ltr'><strong>inqttit,</strong></span> <span class='ocrx_word' id='word_1_791' title='bbox 1233 2608 1262 2626; x_wconf 88' lang='lat' dir='ltr'><strong>eo</strong></span> <span class='ocrx_word' id='word_1_792' title='bbox 1284 2608 1336 2626; x_wconf 87' lang='lat' dir='ltr'><strong>non</strong></span> <span class='ocrx_word' id='word_1_793' title='bbox 1358 2600 1443 2633; x_wconf 84' lang='lat' dir='ltr'><strong>inepte</strong></span> <span class='ocrx_word' id='word_1_794' title='bbox 1468 2600 1561 2633; x_wconf 75' lang='lat' dir='ltr'><strong>referri</strong></span> <span class='ocrx_word' id='word_1_795' title='bbox 1581 2608 1667 2634; x_wconf 65' lang='lat' dir='ltr'><strong>posse,</strong></span> <span class='ocrx_word' id='word_1_796' title='bbox 1684 2601 1752 2634; x_wconf 82' lang='lat' dir='ltr'><strong>quod</strong></span> <span class='ocrx_word' id='word_1_797' title='bbox 1769 2608 1785 2625; x_wconf 88' lang='lat' dir='ltr'><strong>a</strong></span> 
     </span>
    </p>
   </div>
   <div class='ocr_carea' id='block_1_117' title="bbox 997 2645 1785 2679">
    <p class='ocr_par' dir='ltr' id='par_1_117' title="bbox 997 2645 1785 2679">
     <span class='ocr_line' id='line_1_119' title="bbox 997 2645 1785 2679; baseline -0.001 -6"><span class='ocrx_word' id='word_1_798' title='bbox 997 2647 1029 2674; x_wconf 87' lang='grc' dir='ltr'><strong>Ι).</strong></span> <span class='ocrx_word' id='word_1_799' title='bbox 1048 2646 1132 2673; x_wconf 82' lang='lat' dir='ltr'><strong>Petro.</strong></span> <span class='ocrx_word' id='word_1_800' title='bbox 1148 2647 1292 2673; x_wconf 81' lang='lat' dir='ltr'><strong>antistitem</strong></span> <span class='ocrx_word' id='word_1_801' title='bbox 1316 2647 1436 2673; x_wconf 81' lang='lat' dir='ltr'><strong>[tabuerit</strong></span> <span class='ocrx_word' id='word_1_802' title='bbox 1454 2645 1615 2673; x_wconf 78' lang='lat' dir='ltr'><strong>Panormus.</strong></span> <span class='ocrx_word' id='word_1_803' title='bbox 1633 2647 1699 2679; x_wconf 78' lang='lat' dir='ltr'><strong>Quis</strong></span> <span class='ocrx_word' id='word_1_804' title='bbox 1716 2647 1785 2672; x_wconf 85' lang='lat' dir='ltr'><strong>enim</strong></span> 
     </span>
    </p>
   </div>
   <div class='ocr_carea' id='block_1_118' title="bbox 997 2692 1784 2728">
    <p class='ocr_par' dir='ltr' id='par_1_118' title="bbox 997 2692 1784 2728">
     <span class='ocr_line' id='line_1_120' title="bbox 997 2692 1784 2728; baseline -0.003 -8"><span class='ocrx_word' id='word_1_805' title='bbox 997 2694 1095 2720; x_wconf 83' lang='lat' dir='ltr'><strong>nesciat</strong></span> <span class='ocrx_word' id='word_1_806' title='bbox 1109 2693 1141 2719; x_wconf 70' lang='lat' dir='ltr'><strong>iis</strong></span> <span class='ocrx_word' id='word_1_807' title='bbox 1159 2692 1281 2719; x_wconf 78' lang='lat' dir='ltr'><strong>Ecclesiir</strong></span> <span class='ocrx_word' id='word_1_808' title='bbox 1303 2701 1361 2728; x_wconf 77' lang='lat' dir='ltr'><strong>qua:</strong></span> <span class='ocrx_word' id='word_1_809' title='bbox 1376 2693 1409 2719; x_wconf 85' lang='lat' dir='ltr'><strong>ab</strong></span> <span class='ocrx_word' id='word_1_810' title='bbox 1425 2694 1604 2728; x_wconf 80' lang='lat' dir='ltr'><strong>apottolorunt</strong></span> <span class='ocrx_word' id='word_1_811' title='bbox 1627 2692 1784 2725; x_wconf 78' lang='lat' dir='ltr'><strong>temporibus</strong></span> 
     </span>
    </p>
   </div>
   <div class='ocr_carea' id='block_1_119' title="bbox 996 2736 1785 2774">
    <p class='ocr_par' dir='ltr' id='par_1_119' title="bbox 996 2736 1785 2774">
     <span class='ocr_line' id='line_1_121' title="bbox 996 2736 1785 2774; baseline -0.003 -8"><span class='ocrx_word' id='word_1_812' title='bbox 996 2736 1071 2766; x_wconf 71' lang='lat' dir='ltr'><strong>luant</strong></span> <span class='ocrx_word' id='word_1_813' title='bbox 1086 2744 1226 2772; x_wconf 84' lang='lat' dir='ltr'><strong>repeterent</strong></span> <span class='ocrx_word' id='word_1_814' title='bbox 1239 2739 1376 2772; x_wconf 84' lang='lat' dir='ltr'><strong>originem,</strong></span> <span class='ocrx_word' id='word_1_815' title='bbox 1388 2748 1497 2774; x_wconf 64' lang='grc' dir='ltr'><strong>(μαι-σιω</strong></span> <span class='ocrx_word' id='word_1_816' title='bbox 1511 2739 1606 2766; x_wconf 75' lang='lat' dir='ltr'><strong>Christi</strong></span> <span class='ocrx_word' id='word_1_817' title='bbox 1619 2738 1785 2772; x_wconf 57' lang='lat' dir='ltr'><strong>disciplinam</strong></span> 
     </span>
    </p>
   </div>
   <div class='ocr_carea' id='block_1_120' title="bbox 998 2783 1786 2818">
    <p class='ocr_par' dir='ltr' id='par_1_120' title="bbox 998 2783 1786 2818">
     <span class='ocr_line' id='line_1_122' title="bbox 998 2783 1786 2818; baseline -0.003 -8"><span class='ocrx_word' id='word_1_818' title='bbox 998 2789 1121 2816; x_wconf 77' lang='lat' dir='ltr'><strong>tanquam</strong></span> <span class='ocrx_word' id='word_1_819' title='bbox 1135 2789 1255 2816; x_wconf 71' lang='lat' dir='ltr'><strong>parentes</strong></span> <span class='ocrx_word' id='word_1_820' title='bbox 1265 2783 1325 2810; x_wconf 78' lang='lat' dir='ltr'><strong>aliis</strong></span> <span class='ocrx_word' id='word_1_821' title='bbox 1339 2785 1521 2816; x_wconf 74' lang='lat' dir='ltr'><strong>tradidissent,</strong></span> <span class='ocrx_word' id='word_1_822' title='bbox 1534 2784 1690 2818; x_wconf 81' lang='lat' dir='ltr'><strong>peculiarem</strong></span> <span class='ocrx_word' id='word_1_823' title='bbox 1700 2792 1786 2818; x_wconf 75' lang='lat' dir='ltr'><strong>quem-</strong></span> 
     </span>
    </p>
   </div>
   <div class='ocr_carea' id='block_1_121' title="bbox 997 2827 1785 2863">
    <p class='ocr_par' dir='ltr' id='par_1_121' title="bbox 997 2827 1785 2863">
     <span class='ocr_line' id='line_1_123' title="bbox 997 2827 1785 2863; baseline 0 -9"><span class='ocrx_word' id='word_1_824' title='bbox 997 2830 1065 2863; x_wconf 81' lang='lat' dir='ltr'><strong>piam</strong></span> <span class='ocrx_word' id='word_1_825' title='bbox 1081 2828 1204 2861; x_wconf 81' lang='lat' dir='ltr'><strong>honorem</strong></span> <span class='ocrx_word' id='word_1_826' title='bbox 1217 2827 1345 2854; x_wconf 85' lang='lat' dir='ltr'><strong>habitant.</strong></span> <span class='ocrx_word' id='word_1_827' title='bbox 1360 2827 1429 2855; x_wconf 86' lang='lat' dir='ltr'><strong>Sane</strong></span> <span class='ocrx_word' id='word_1_828' title='bbox 1442 2828 1571 2861; x_wconf 68' lang='lat' dir='ltr'><strong>Rupertii:</strong></span> <span class='ocrx_word' id='word_1_829' title='bbox 1585 2829 1664 2855; x_wconf 76' lang='lat' dir='ltr'><strong>abbas</strong></span> <span class='ocrx_word' id='word_1_830' title='bbox 1678 2833 1740 2856; x_wconf 86' lang='lat' dir='ltr'><strong>tam.</strong></span> <span class='ocrx_word' id='word_1_831' title='bbox 1756 2827 1785 2854; x_wconf 89' lang='lat' dir='ltr'><strong>ll</strong></span> 
     </span>
    </p>
   </div>
   <div class='ocr_carea' id='block_1_122' title="bbox 1001 2872 1787 2909">
    <p class='ocr_par' dir='ltr' id='par_1_122' title="bbox 1001 2872 1787 2909">
     <span class='ocr_line' id='line_1_124' title="bbox 1001 2872 1787 2909; baseline -0.003 -8"><span class='ocrx_word' id='word_1_832' title='bbox 1001 2874 1038 2901; x_wconf 86' lang='lat' dir='ltr'><strong>De</strong></span> <span class='ocrx_word' id='word_1_833' title='bbox 1052 2874 1137 2902; x_wconf 89' lang='lat' dir='ltr'><strong>dtvm.</strong></span> <span class='ocrx_word' id='word_1_834' title='bbox 1157 2872 1246 2907; x_wconf 57' lang='lat' dir='ltr'><strong>Ollio,</strong></span> <span class='ocrx_word' id='word_1_835' title='bbox 1257 2881 1313 2908; x_wconf 83' lang='lat' dir='ltr'><strong>cap.</strong></span> <span class='ocrx_word' id='word_1_836' title='bbox 1327 2873 1391 2907; x_wconf 76' lang='lat'>‘27,:</span> <span class='ocrx_word' id='word_1_837' title='bbox 1408 2873 1604 2908; x_wconf 77' lang='lat' dir='ltr'><strong>Apostolorum,</strong></span> <span class='ocrx_word' id='word_1_838' title='bbox 1617 2874 1712 2909; x_wconf 83' lang='lat' dir='ltr'><strong>inquit,</strong></span> <span class='ocrx_word' id='word_1_839' title='bbox 1725 2882 1787 2900; x_wconf 72' lang='lat' dir='ltr'><strong>suo-</strong></span> 
     </span>
    </p>
   </div>
  </div>
