4062 6214
547 288 613 358 ’71
1536 284 1942 347 FRANCIFCI
1988 286 2109 346 SCC

2217 286 2256 345 LI
2297 286 2725 347 recasurum
2762 289 2811 347 Ῐ.
3734 300 3809 364 τε),

543 409 795 468 meminit
836 408 1192 480 Theophanes
1244 406 1493 478 imaginis
1557 408 1695 464 diva:
1737 407 2006 477 Virginis;
2034 422 2126 460 cu-

534 504 629 574 jus
675 505 791 561 hac
857 504 1016 559 verba
1066 518 1078 553 :
1124 501 1398 564 Ἅπαντες
1440 492 1586 555 οὗτοι
1634 501 1729 555 τοῦ
1775 501 1969 571 χρόνου
2027 498 2125 568 τὴν

544 594 721 667 ἀρχὴν
737 595 1078 662 ἁγιάζουσινο
1100 596 1126 648 ὁ
1149 595 1246 664 μὲν
1270 596 1462 665 Σωτὴρ
1480 595 1640 665 ἡμῶν
1655 594 1862 666 Ἰησοῦς
1910 592 2127 659 εὐλογεϊ

543 684 636 739 τὸν
696 683 958 750 στέφανον
1018 685 1293 738 ἐνιαυτοῦ.
1357 686 1423 738 Ἡ
1487 685 1543 738 δὲ
1598 685 1687 740 διὰ
1756 684 1855 753 τῆς
1921 689 2123 756 senti};

544 773 751 835 εἰκόνος
782 772 1070 845 τιμωμένη
1106 775 1379 843 πᾶνα-(νος
1414 777 1685 829 Δέσποινα
1713 775 1942 845 μεσίτης
1986 777 2123 846 πρὸς

542 864 675 916 Θεὸν
729 862 887 932 ἡμῶν
935 864 1172 931 γίνεται.
1220 866 1352 930 Qum
1404 867 1482 920 sic
1513 882 1610 920 nos
1666 866 1737 920 ibi
1794 864 1982 919 Latine
2038 866 2115 919 in-

544 955 825 1023 terpretati
879 971 1112 1012 sumus:
1162 956 1240 1011 Ab
1287 959 1368 1010 liis
1402 958 1641 1013 omnibus
1692 959 1894 1028 aliquid
1927 959 2124 1011 sancti-

543 1048 667 1100 tatis
720 1047 774 1099 in
832 1048 929 1101 ltoc
966 1048 1095 1101 anni
1144 1049 1461 1118 principium
1528 1050 1830 1104 redundat:
1893 1066 2015 1103 nam
2069 1057 2119 1102 et

542 1137 797 1194 Salvator
869 1149 1049 1194 uoster
1099 1138 1340 1195 Christus
1394 1142 1553 1197 Jesus
1603 1142 1863 1196 benedicit
1906 1156 2117 1195 coronae

541 1232 668 1283 anni
702 1240 794 1284 :et
848 1232 1155 1286 venerandis
1189 1232 1435 1303 imaginis
1485 1235 1737 1305 religione
1771 1233 1916 1287 culta
1963 1232 2116 1301 Virgo

532 1325 827 1395 purissima
867 1324 1003 1378 inter
1049 1341 1143 1379 nos
1191 1335 1239 1379 et
1293 1325 1459 1379 Deum
1504 1337 1769 1396 sequestra
1820 1327 2115 1381 intercedit.

539 1413 667 1470 llaec
714 1413 1118 1485 Theophanes:
1174 1419 1267 1486 qui
1333 1434 1455 1473 cum
1512 1435 1616 1474 non
1679 1420 1914 1489 appellet
1976 1420 2116 1474 ima-

539 1505 719 1575 ginem
758 1504 851 1560 Dei
885 1504 1180 1563 Genitricis
1215 1509 1655 1581 ἀχειροποίητον,
1689 1526 1851 1580 quam
1878 1525 1976 1564 cur
2008 1526 2149 1566 non-

537 1610 794 1665 expresse
851 1598 1161 1665 nominarit,
1222 1599 1366 1654 side
1408 1616 1471 1656 ea
1501 1616 1678 1655 sermo
1724 1612 1861 1666 erat,
1901 1617 2025 1658 cum
2061 1604 2114 1658 in

536 1685 658 1739 aliis
711 1686 950 1740 homiliis
1010 1695 1267 1756 tanquam
1315 1688 1509 1759 insigni
1549 1692 1783 1760 quodam
1828 1698 1884 1745 et
1913 1692 1978 1746 de
2002 1707 2109 1760 quo

534 1775 870 1844 gloriabatur
917 1775 1091 1845 elogio
1126 1792 1244 1832 eam
1294 1779 1618 1850 designavit,
1671 1780 1870 1835 nullam
1895 1796 2113 1836 causam

535 1865 733 1919 video:
790 1877 844 1921 et
898 1881 963 1921 ex
998 1867 1167 1921 altera
1206 1881 1380 1937 parte,
1421 1886 1543 1924 cunt
1604 1872 1655 1925 in
1692 1871 1892 1926 Menteo
1938 1872 2112 1942 legam

535 1970 602 2010 eo
654 1957 739 2019 die
789 1957 1051 2012 celebrari
1097 1957 1318 2027 σύναξιν
1348 1962 1448 2031 τῆς
1497 1963 1805 2032 ὑπεραγιοις
1847 1963 2112 2019 Θεοτὸκου

532 2047 643 2101 τῶν
707 2048 1031 2117 Μιαςηνῶν,
1089 2052 1190 2105 hoc
1213 2064 1314 2118 est,
1342 2053 1605 2124 Syuaxim
1637 2072 1728 2111 seu
1761 2057 2113 2112 celebritatem

534 2138 886 2199 sanctissima:
919 2137 1146 2209 Virginis
1178 2141 1560 2211 Miasenorum,
1582 2148 1722 2202 haud
1745 2157 1894 2204 certe
1916 2150 2108 2219 liquet,

536 2236 591 2282 et
621 2227 672 2281 in
698 2228 917 2298 ancipiti
944 2245 1031 2284 res
1052 2241 1302 2287 versatur
1335 2236 1398 2289 de
1419 2235 1949 2295 Tanromenitanane
1975 2245 2112 2296 ima-

534 2316 661 2384 gine
705 2314 1061 2386 TheOpbanes
1098 2320 1373 2388 loquatur,
1423 2340 1490 2379 au
1540 2329 1608 2381 de
1659 2327 1980 2384 Miasenensi
2014 2332 2116 2385 ali-

532 2390 666 2478 qua,
721 2410 788 2465 ad
839 2426 1003 2481 quam
1042 2427 1343 2471 conventus
1363 2432 1427 2471 eo
1448 2419 1547 2493 die
1578 2421 1756 2490 primo
1780 2422 2114 2492 Septembris

534 2498 928 2565 celebraretur,
966 2502 1041 2556 uti
1099 2502 1185 2557 hic
1222 2504 1474 2562 Panormi
1522 2522 1839 2567 consuetum
1904 2526 1983 2569 est
2027 2517 2113 2571 die

535 2588 775 2644 secundo
819 2588 945 2644 Julii
1011 2601 1078 2644 ad
1143 2603 1317 2648 beata:
1367 2593 1629 2667 Virginis,
1686 2615 1845 2670 quam
1909 2599 2114 2657 Gratim

533 2680 885 2757 appellamus,
935 2682 1247 2756 imaginem,
1309 2697 1365 2742 et
1409 2691 1475 2744 ad
1525 2690 1660 2747 alias
1697 2692 1804 2747 alio
1843 2703 2108 2763 tempore,

526 2752 586 2827 et
627 2773 823 2843 oppido
868 2752 1179 2845 huiusmodi
1221 2778 1485 2848 imagines
1527 2784 1863 2839 venerabiles
1916 2752 2111 2854 agitari

530 2854 649 2919 dies
683 2864 805 2920 festi
838 2867 1033 2927 solent.
1093 2870 1383 2939 Equidem,
1426 2883 1486 2927 ut
1514 2874 1649 2938 dixi,
1707 2890 1804 2931 nec
1860 2877 2111 2933 refellere

530 2954 898 3025 conjecturam
944 2959 1156 3017 Octavii
1207 2963 1456 3032 Caetani,
1506 2980 1609 3021 nec
1666 2967 1958 3037 afﬁrmare,
2006 2971 2110 3026 sed

529 3059 650 3100 eam
672 3046 905 3104 hominis
936 3054 1259 3132 auctoritate
1293 3052 1482 3110 fultam
1516 3056 1567 3110 in
1596 3059 2109 3132 medioreliuquere

530 3138 719 3194 statui.

721 3277 750 3349 ﬁ
787 3276 875 3334 IV.
913 3279 1159 3351 Dignitas
1191 3291 1239 3337 et
1277 3283 1465 3339 titulus
1505 3287 1906 3359 archiepiscopi.

597 3409 733 3465 Cum
767 3412 819 3465 in
852 3413 1100 3471 omnibus
1143 3415 1256 3472 fere
1301 3434 1439 3474 mss.
1466 3424 1870 3492 exemplaribus
1917 3427 2108 3485 harum

527 3498 899 3568 homiliarum,
952 3521 1072 3575 qua:
1118 3508 1170 3563 in
1213 3510 1586 3570 celeberrimis
1638 3515 1865 3585 Europa:
1912 3518 2109 3576 biblio-

528 3590 720 3656 thecis,
767 3591 1049 3675 Vaticana,
1086 3596 1453 3671 Hispaniensi,
1488 3603 1891 3665 Parisiensibus
1935 3612 2109 3671 tribus

524 3670 901 3763 as‘scrvantur,
937 3670 1000 3740 ex
1047 3689 1244 3758 quibus
1294 3692 1378 3747 vel
1427 3695 1671 3768 integras
1722 3701 1992 3764 hoinilias.
2028 3705 2109 3759 vel

522 3760 715 3826 earum
762 3773 1051 3833 elenchum
1097 3784 1485 3852 transcriptum
1532 3782 1858 3856 amicarum,
1889 3794 1980 3863 qui
2017 3792 2110 3848 lit-

527 3862 659 3918 teris
705 3871 760 3918 et
802 3864 1057 3924 litteratis
1108 3869 1352 3928 fautores
1407 3889 1526 3931 esse
1575 3891 1635 3933 se
1679 3879 1909 3949 professi
1957 3892 2105 3951 sunt,

524 3967 691 4024 opera
748 3955 989 4013 nancisci
1040 3961 1229 4030 potui,
1291 3964 1480 4020 titulus
1534 3969 1971 4041 archiepiscopi,
2024 3974 2109 4030 vel

522 4048 762 4105 auctoris
790 4050 993 4106 nomini
1015 4053 1087 4107 sit
1109 4059 1403 4127 ascriptus,
1430 4059 1518 4115 ubi
1544 4065 1863 4131 nominatur
1891 4075 2106 4134 auctor,

518 4136 603 4192 vel
630 4139 807 4195 solum
836 4140 891 4196 in
918 4143 1137 4214 seri-ptis
1163 4159 1356 4204 auctor
1384 4152 1781 4223 archiepiscopi
1808 4154 2109 4215 Taurome-

520 4229 695 4285 nitani
742 4233 1123 4304 appellatione,
1148 4237 1203 4292 in
1234 4256 1342 4309 quo
1373 4244 1552 4297 omnia
1580 4246 1954 4312 consentiunt,
1983 4265 2106 4305 cum

522 4318 582 4373 in
626 4322 843 4397 nomine
887 4325 1200 4397 discrepent
1241 4330 1331 4401 (de
1361 4347 1470 4401 quo
1499 4335 1676 4401 dicam
1718 4337 1991 4396 Prooemio
2021 4356 2108 4399 se-

520 4412 753 4481 quenti),
795 4430 899 4468 non
937 4425 1142 4475 temere
1184 4421 1399 4479 videtur
1447 4427 1555 4483 illis
1582 4430 1892 4502 abroganda
1936 4434 2101 4502 fides;

520 4502 759 4570 alioquin
787 4505 948 4559 etiam
979 4511 1160 4565 omnis
1192 4513 1324 4569 fides
1350 4526 1597 4573 veterum
1629 4536 2103 4585 monumentorum

519 4595 789 4663 intereat,
851 4614 973 4654 cum
1038 4612 1215 4658 tamen
1275 4607 1574 4668 doctissimi
1624 4617 1925 4689 scriptores
1981 4637 2101 4679 eam

518 4685 723 4742 salvam
771 4702 835 4744 ac
883 4689 1094 4746 ﬁrmam
1146 4709 1268 4752 esse
1316 4699 1614 4770 voluerint,
1665 4685 1756 4776 qui
1803 4708 1856 4763 in
1907 4728 2103 4771 monu-

518 4779 716 4834 mentis
745 4779 861 4836 suis
896 4785 1111 4840 excusis
1143 4786 1292 4842 illnm
1320 4792 1716 4867 archiepiscopi
1753 4799 1962 4857 titulum
1992 4821 2102 4862 non

517 4867 624 4921 alia
671 4886 834 4939 quam
881 4889 948 4929 ex
994 4891 1125 4932 mss.
1174 4878 1282 4936 fide
1334 4890 1390 4937 et
1437 4888 1761 4946 auctoritate
1818 4904 2100 4966 acceptum

518 4957 805 5014 ediderunt
850 4980 865 5017 :
916 4965 1211 5025 cardmalis
1254 4971 1522 5032 Baronius
1569 4986 1702 5035 tom.
1743 4980 1835 5049 IX,
1864 4957 2102 5046 Jacobus

517 5046 807 5107 Gretserus
871 5063 1002 5110 tom.
1033 5056 1076 5112 ll
1108 5059 1187 5115 De
1215 5078 1400 5132 cruce;
1442 5067 1766 5131 Franciscus
1799 5074 2100 5137 Turrianus

515 5140 610 5197 lib.
631 5152 813 5199 contra
831 5143 1301 5223 Hagdeburgenses
1319 5158 1505 5217 lueret.
1525 5179 1619 5231 pro
1635 5181 1826 5225 canon.
1846 5175 2095 5243 apostol.,

514 5252 636 5311 cap.
682 5237 747 5307 6;
798 5239 1069 5301 Antonius
1119 5246 1450 5313 Possevinus
1483 5258 1535 5313 in
1578 5237 1887 5335 Apparatu,
1911 5279 1967 5325 et
2005 5237 2095 5327 alii

512 5345 744 5407 quorum
775 5335 1086 5407 testimonia
1114 5346 1442 5405 contulimus
1468 5348 1524 5405 in
1550 5351 1658 5411 line
1690 5356 1882 5415 horum
1912 5360 2099 5420 Prote-

512 5424 766 5499 miorum.
803 5426 902 5483 Est
930 5429 1099 5500 igitur
1123 5441 1414 5497 asserenda
1445 5446 1627 5514 potius
1656 5448 1771 5507 haec
1800 5453 2096 5516 Taurome-

511 5514 713 5573 nitanae
740 5518 995 5578 Ecclesia:
1043 5523 1304 5596 dignitas,
1337 5548 1460 5600 quas
1497 5540 1633 5597 satis
1665 5545 1842 5614 ampla
1878 5559 1980 5618 est,
2011 5514 2096 5607 ut-

510 5617 638 5709 pote
683 5611 752 5679 ab
797 5613 916 5684 ipso
964 5616 1020 5673 S.
1066 5616 1228 5677 Petro
1279 5630 1598 5699 constituta,
1643 5646 1703 5693 ut
1823 5638 1866 5696 ll
1914 5611 2094 5701 disse-

509 5696 742 5769 ruimus,
775 5712 830 5761 et
859 5720 888 5761 a
920 5722 1007 5764 me
1037 5723 1158 5780 quas
1186 5727 1307 5771 mea
1340 5731 1469 5789 pars
1506 5696 1680 5785 virilis
1712 5696 1816 5800 est,
1847 5731 1915 5789 ab
1939 5737 2087 5792 omni

2214 2343 2544 2403 persecutus
2592 2346 2675 2389 est
2724 2353 2738 2388 :

2215 2437 2322 2491 pro
2349 2438 2511 2479 causa
2537 2427 2636 2481 hac
2660 2427 2717 2483 S.
2746 2430 2937 2498 lgnatii
2962 2441 3015 2487 et
3040 2434 3217 2490 Photii
3246 2438 3507 2495 celebrata
3532 2440 3799 2508 impressa

2234 407 2342 464 erit
2387 410 2696 481 subreptitii
2748 411 2886 467 titnli
2938 421 3058 465 nota
3091 420 3141 465 et
3173 409 3493 481 arrogantia
3544 410 3823 466 «alumnia

2232 501 2577 557 vindicanda.
2604 501 2756 559 Hanc
2784 505 2926 559 enim
2955 515 3133 559 notam
3163 503 3483 572 impressam
3509 518 3603 558 seu
3635 505 3821 569 potius

2233 591 2466 646 innSIam
2502 594 2574 647 illi
2607 596 2766 650 video
2810 599 2860 649 in
2907 595 3104 649 Notitia
3154 596 3409 661 ECt'ICSia
3453 594 3822 651 Tauromeni-

2234 690 2391 748 tanm,
2441 701 2615 752 quam,
2653 688 2823 741 edidit
2874 698 3001 742 tom.
3053 686 3093 740 ll
3145 689 3290 742 dum.
3348 687 3596 743 Bocchus
3649 689 3819 754 Pirri,

2232 777 2400 830 abbas
2421 776 2664 845 Netinns,
2688 780 2754 834 de
2779 781 2973 835 Sicilia:
2998 781 3255 836 Ecclesiis
3279 792 3364 838 Sat
3388 784 3520 836 bene
3548 782 3777 835 meritus
3801 800 3820 836 :

2229 866 2321 918 sed
2366 882 2469 922 non
2519 878 2625 922 tam
2670 870 2736 923 ab
2782 874 2900 940 ipso
2946 872 3058 926 hinc
3107 873 3354 940 imposita
3391 882 3517 928 nota
3547 888 3710 940 quam
3746 874 3825 927 ab

2232 952 2457 1007 Alberto
2508 954 2742 1023 Piccolo,
2795 960 2886 1028 qui
2936 960 3009 1014 illi
3062 958 3319 1031 imposuit
3367 975 3381 1014 :
3432 976 3541 1029 quo
3589 970 3826 1015 auctore

2229 1044 2418 1098 scribit
2468 1045 2608 1101 Pirri
2667 1049 2985 1105 Zachariam
3039 1053 3444 1107 schismaticum
3498 1054 3825 1120 episcopum

2229 1134 2574 1192 Tanromenii
2600 1155 2629 1192 a
2659 1140 2850 1194 Photio
2887 1143 3278 1212 archiepiSCOpi
3320 1144 3822 1211 nomenclatnram,

2228 1228 2371 1297 quod
2406 1239 2548 1283 esset
2579 1246 2743 1300 Opera
2772 1234 2912 1289 male
2944 1235 3011 1288 ab
3042 1236 3131 1289 illo
3155 1236 3365 1299 collata,
3392 1247 3447 1290 et
3477 1235 3821 1291 defensionis

2229 1322 2463 1386 partium
2483 1319 2880 1378 Photianarmn
2913 1328 3141 1395 pretimu
3173 1328 3321 1396 prius
3352 1342 3664 1397 repensum.
3697 1328 3815 1383 Sed

2227 1410 2367 1464 unde
2394 1410 2496 1464 hoc
2521 1414 2727 1481 accepit
2754 1413 3036 1472 Piccolus?
3060 1433 3168 1488 quo
3196 1419 3456 1487 producto
3485 1420 3809 1474 teSlimonio

2228 1500 2277 1552 id
2311 1502 2581 1557 afﬁrmat?
2613 1502 2851 1560 Primum
2888 1509 3057 1572 enim,
3091 1511 3135 1564 si
3167 1510 3214 1567 is
3250 1521 3484 1581 ponatur
3516 1516 3805 1582 episcopus

2226 1590 2573 1649 Tanromenii
2606 1598 2770 1653 fuisse
2792 1599 3105 1668 Zacharias,
3130 1605 3219 1673 qui
3243 1617 3605 1677 cognomento
3629 1611 3813 1663 dictus

2224 1696 2309 1741 est
2341 1688 2561 1756 κωφός,
2612 1690 2664 1745 id
2693 1701 2774 1747 est
2805 1698 3020 1759 surdus,
3054 1708 3204 1753 certe
3233 1697 3282 1753 is
3306 1713 3339 1752 a
3368 1697 3579 1757 Photio
3605 1716 3709 1755 n0n
3748 1703 3818 1753 ti-

2228 1777 2398 1831 tulmn
2437 1781 2833 1854 archiepiscopi
2862 1802 2967 1855 pro
3008 1802 3106 1843 sua
3153 1787 3397 1846 Ecclesia
3448 1794 3681 1860 accepit,
3714 1796 3813 1848 sed

2227 1871 2565 1942 metropolita
2597 1872 2957 1934 Chalcedonis
2992 1889 3245 1950 creatus;
3283 1884 3426 1951 quod
3464 1887 3816 1955 apertissime

2225 1964 2445 2032 scripsit
2495 1963 2713 2023 Nicetas
2756 1968 2924 2026 David
2972 1972 3028 2027 in
3075 1971 3198 2031 Vita
3244 1975 3303 2032 S.
3353 1976 3569 2048 Ignatii,
3618 1989 3813 2035 contra

2225 2068 2385 2123 quem
2439 2056 2664 2114 Photius
2724 2073 2831 2116 tam
2886 2064 3234 2132 pertinaciter
3280 2070 3583 2138 acerbeque
3637 2071 3812 2141 depu-

2224 2147 2449 2215 gnavit,
2517 2151 2752 2222 scriptor
2817 2168 3005 2211 eorum
3070 2164 3416 2226 temporum,
3476 2162 3569 2230 qui
3625 2164 3812 2223 omnia

2224 2235 2285 2292 S.
2336 2237 2528 2308 lgnatii
2583 2245 2882 2299 certamina
2936 2247 3346 2327 diligentissime
3388 2252 3814 2323 ﬁdelissimeque

2790 2338 2945 2407 cujus
2984 2341 3216 2397 historia
3264 2345 3417 2399 initio
3463 2357 3557 2400 vut
3608 2347 3806 2415 synodi

2221 2522 2325 2568 est.
2368 2514 2442 2568 De
2473 2514 2670 2571 Photio
2699 2519 2883 2589 itaque
2925 2522 3005 2578 sic
3041 2526 3233 2580 scribit
3264 2543 3279 2578 :
3315 2527 3407 2580 His
3440 2528 3529 2581 ille
3559 2529 3803 2582 omnibus

2219 2610 2535 2676 procuratis,
2579 2610 2770 2664 insana
2811 2622 2860 2665 et
2901 2616 3158 2684 sacrilega
3199 2634 3290 2684 per
3322 2616 3595 2673 Zacltaritc
3637 2619 3809 2686 Capiti

2219 2713 2456 2766 manum,
2494 2700 2585 2768 qui
2646 2700 2710 2753 ab
2779 2703 2894 2771 ipso
2962 2705 3404 2763 Chalcedonensis
3474 2712 3808 2775 metropoli“:

2221 2800 2425 2842 creatas
2475 2791 2673 2858 fuerat,
2718 2802 2768 2846 et
2822 2792 3149 2850 Theodorum
3199 2800 3518 2857 translatum
3565 2818 3596 2854 a
3643 2797 3808 2854 Caria

2220 2882 2290 2934 ad
2326 2880 2700 2938 Laodicensem
2742 2886 3098 2955 episcopatum
3142 2890 3197 2944 iu
3230 2890 3448 2945 Italiam
3492 2894 3804 2947 transmisit.

2197 2969 2299 3023 ‘Ex
2344 2971 2430 3027 his
2475 2987 2606 3028 sane
2654 2976 2859 3030 nullum
2908 2981 3130 3035 subesse
3178 2982 3401 3039 dubium
3456 2995 3631 3052 pottst
3674 2986 3806 3053 quin

2219 3060 2511 3119 Zacharias
2557 3065 2645 3121 ille
2691 3068 2781 3138 qui
2827 3070 3045 3141 Cophus
3093 3086 3452 3143 cognomento
3487 3077 3663 3132 dictus
3694 3088 3804 3143 est,

2217 3168 2327 3209 non
2378 3154 2724 3213 Tauromenii
2774 3162 3060 3234 episcopus
3105 3177 3232 3221 ante
3279 3167 3468 3234 fuerit,
3520 3171 3614 3227 sed
3664 3186 3808 3225 nova

2210 3244 2579 3307 Chalcedonis
2610 3254 2967 3322 metropolitae
3015 3256 3277 3328 dignitate
3323 3260 3574 3319 donatus.
3609 3263 3806 3333 Atqui,

2216 3340 2448 3409 inquies,
2480 3342 2547 3398 ab
2576 3344 2888 3414 episcopatu
2919 3345 3380 3409 Tanromenitano
3420 3367 3702 3425 promntus
3733 3359 3809 3413 ad

2216 3430 2734 3491 Chalcedoueusem.
2783 3437 2889 3492 Sed
2934 3456 3038 3496 non
3082 3443 3183 3499 hoc
3211 3445 3435 3501 verbum
3468 3452 3812 3520 χειροτονεῖν

2212 3537 2327 3592 quo
2355 3540 2485 3582 usus
2512 3525 2703 3597 David,
2725 3530 3030 3599 significare
3056 3547 3254 3605 potest,
3278 3540 3375 3595 sed
3400 3542 3484 3597 vel
3514 3543 3809 3611 designare

2216 3617 2551 3688 episcopum,
2581 3621 2665 3677 vel
2696 3637 3054 3692 consecrare;
3089 3629 3235 3698 quod
3265 3647 3334 3688 ex
3365 3634 3481 3704 ipsa
3514 3636 3723 3693 ratione
3749 3646 3812 3693 et

2215 3717 2396 3778 etymo
2433 3712 2673 3768 nominis
2701 3716 2844 3784 quod
2890 3731 3145 3775 manuum
3193 3722 3593 3793 impositionem
3629 3728 3812 3783 mani-

2215 3800 2356 3857 feste
2393 3804 2643 3871 denotat,
2671 3817 2724 3863 ct
2750 3825 2816 3865 ex
2846 3810 2968 3867 aliis
3001 3815 3385 3886 scriptoribus,
3415 3818 3618 3878 Iacobo
3642 3821 3811 3879 Gre!-

2214 3908 2360 3961 sero,
2384 3893 2592 3953 Joanne
2615 3899 2683 3955 de
2707 3900 2757 3955 la
2784 3900 2980 3970 Cerda,
3006 3903 3168 3963 Petro
3192 3909 3449 3978 Arcadio,
3485 3916 3807 3985 presbytero

2215 3983 2561 4055 Corcyrensi,
2602 3990 2694 4058 qui
2739 3992 2807 4046 de
2837 3994 2944 4047 ritu
2988 4008 3456 4053 sacramentorum
3489 3983 3806 4057 Graecorum

2216 4074 2464 4135 volumen
2499 4076 2766 4149 integrum
2804 4084 3044 4154 scripsit,
3093 4088 3168 4143 ita
3217 4084 3427 4145 certum
3473 4106 3597 4149 esse
3640 4093 3810 4151 debet

2214 4167 2388 4222 cuivis
2420 4171 2773 4228 mediocriter
2805 4175 2993 4237 Graece
3022 4181 3238 4245 scienti,
3271 4191 3329 4237 ut
3360 4183 3417 4238 id
3455 4185 3691 4255 probare
3731 4188 3809 4244 sit

2212 4272 2376 4329 opera
2398 4262 2580 4331 abuti;
2602 4274 2657 4320 et
2677 4281 2882 4335 quaeso,
2909 4269 2977 4324 ab
2999 4273 3352 4341 sequentibus
3374 4276 3579 4343 verbis,
3605 4278 3806 4348 quibus

2213 4349 2558 4408 Theodorum
2601 4358 2925 4413 translatum
2953 4375 2985 4414 a
3011 4361 3173 4418 Caria
3210 4363 3540 4422 Laodiceam
3584 4370 3797 4436 scribit,

2212 4444 2266 4499 in
2296 4458 2403 4514 quo
2430 4461 2560 4501 usus
2590 4449 2754 4504 verbo
2781 4452 3158 4521 μετατιθέναι,
3195 4471 3301 4511 non
3328 4458 3380 4511 id
3412 4468 3567 4513 certo
3595 4462 3799 4517 certius

2210 4536 2473 4604 apparet?
2499 4537 2635 4595 Cum
2661 4542 2803 4596 enim
2831 4548 3130 4602 secundum
3161 4564 3421 4621 expresse
3446 4553 3588 4610 dicat
3616 4563 3798 4610 trans-

2211 4626 2415 4696 latum,
2461 4637 2518 4685 et
2570 4635 2791 4704 proprio
2840 4648 3024 4693 utatur
3056 4643 3248 4708 verbo,
3296 4644 3371 4699 de
3419 4646 3590 4716 primo
3640 4657 3801 4702 certo

2210 4724 2588 4794 accipiendum
2642 4738 2728 4783 est
2774 4728 2944 4787 fuisse
2995 4746 3272 4803 creatum,
3323 4739 3518 4808 quippe
3562 4753 3687 4793 cum
3736 4749 3796 4795 nt

2210 4816 2424 4872 diversa
2472 4822 2708 4890 scriptor
2734 4838 2796 4878 ea
2845 4826 3158 4882 tradiderit.
3193 4828 3401 4887 Deinde
3441 4832 3578 4901 apud
3614 4831 3798 4888 Leun-

2208 4907 2444 4991 clavium
2462 4909 2539 4966 De
2554 4912 2683 4982 jure
2714 4913 3091 4973 Greco-Rom.
3119 4929 3297 4975 exstat
3328 4931 3491 4995 caput
3523 4926 3587 4980 de
3618 4935 3803 4983 trans-

2208 4999 2411 5058 latione
2460 5006 2816 5063 Orientalium
2876 5012 3297 5082 episcoporum,
3347 5016 3402 5070 in
3449 5034 3560 5087 quo
3606 5035 3802 5078 omnes

2209 5096 2457 5153 translati
2489 5100 2725 5170 episcopi
2761 5116 3174 5172 enumerantur,
3205 5108 3315 5176 jam
3348 5110 3474 5164 inde
3504 5127 3534 5167 a
3568 5111 3626 5166 S.
3660 5112 3799 5170 Gre-

2205 5190 2360 5258 gorio
2386 5188 2787 5260 Nanzlanzeno,
2807 5195 2900 5263 qui
2924 5212 2987 5251 ex
3015 5196 3246 5255 Sasimis
3266 5200 3795 5276 Constantinopolim

2205 5281 2505 5339 translatus
2548 5297 2656 5349 est,
2690 5302 2861 5357 usque
2887 5290 2954 5344 ad
2987 5289 3307 5360 Gregorium
3351 5296 3662 5362 Asbesmm,
3697 5301 3797 5369 qui

2204 5371 2377 5441 ipsius
2422 5375 2736 5434 schismatis
2773 5376 3022 5436 Photiani
3070 5398 3259 5451 causa,
3307 5385 3542 5444 Nicaeam
3579 5390 3647 5443 ab
3677 5390 3799 5460 ipso

2202 5462 2399 5521 Photio
2440 5469 2735 5524 translatus
2765 5471 2954 5528 eodem
2990 5471 3179 5531 Niceta
3223 5477 3430 5535 Davide
3478 5483 3794 5551 scribente;

2202 5571 2305 5611 nec
2355 5557 2465 5613 ulla
2514 5559 2571 5615 in
2610 5575 2676 5616 eo
2707 5564 2881 5633 capite
2929 5567 3135 5623 mentio
3184 5572 3438 5628 translati
3487 5573 3795 5632 Zachariae.

2202 5646 2300 5703 Est
2349 5648 2515 5720 igitur
2563 5660 2675 5707 tam
2725 5655 3072 5713 manifestum
3120 5659 3443 5720 Zachariam
3489 5664 3645 5721 illum
3683 5667 3796 5723 Co-

2206 5740 2377 5812 phum
2411 5757 2520 5802 non
2551 5748 2946 5822 archiepiscopi
2981 5752 3226 5824 titulum,
3253 5757 3352 5813 sed
3383 5773 3494 5815 rem
3529 5769 3582 5817 et
3613 5762 3799 5834 (ligni-
