4062 6214
294 331 372 393 73
1279 328 1679 389 FRANCISCI
1719 326 1980 387 SCORSI
2018 328 2450 392 PROCEMIUM
2505 331 2550 389 Ι.
3474 332 3544 394 74

294 451 466 497 tatem
516 441 872 512 metropolittn
921 441 1196 512 recepisse
1234 455 1262 494 a
1293 440 1506 505 Photio,
1540 450 1599 495 ιιι
1631 440 1870 496 dubitari

299 536 497 589 merito
526 549 628 587 non
661 540 849 603 possit.
879 533 983 588 Sed
1019 541 1199 588 tamen
1228 534 1282 588 iit
1311 533 1411 589 hac
1439 532 1600 587 etiam
1631 544 1868 587 erratum

297 633 384 676 est
429 623 481 675 in
526 621 790 677 Zacharia
826 637 855 676 a
899 622 1133 687 l’iccolo,
1183 639 1252 678 an
1296 622 1434 678 Pirri
1484 623 1699 678 dicam?
1730 622 1910 691 quod.

299 714 586 783 episcOpus
650 713 997 771 Tauromenii
1055 714 1346 771 Zacharias
1403 715 1623 784 (Sophus
1681 714 1749 768 ab
1808 728 1872 767 eo

296 808 507 862 dicatur
527 808 825 866 Zacharias
851 811 940 866 ille
959 812 1050 880 qui
1074 811 1364 881 episcopus
1386 809 1874 865 Tauromenitanus

289 898 521 954 Ruinam
571 900 778 956 missus
823 904 877 955 in
925 916 1086 957 causa
1133 901 1327 965 Photii.
1371 901 1726 956 similitudine
1776 917 1873 954 no-

288 988 454 1044 minis
501 991 623 1046 falsi
656 1003 782 1047 sunt
810 993 885 1049 illi
931 994 1248 1063 scriptorcs,
1295 1009 1400 1047 non
1449 993 1628 1047 omnia
1659 993 1873 1061 penitus

286 1082 434 1136 illius
465 1098 564 1136 vui
611 1085 803 1154 synodi
840 1095 960 1139 acta
994 1086 1309 1155 scriptaque
1350 1085 1870 1155 circumspicientes.

289 1172 411 1227 Duo
451 1174 653 1245 quippe
704 1175 982 1231 Zachariae
1026 1176 1266 1231 fautores
1316 1175 1494 1231 Pbotii
1544 1177 1715 1243 fuere,
1754 1178 1875 1232 dua:

295 1265 599 1335 legationes
627 1265 849 1321 Romam
882 1270 1078 1324 missae.
1099 1268 1277 1323 Prima
1303 1280 1388 1324 est
1409 1285 1471 1324 ea
1498 1286 1617 1340 qua:
1641 1270 1876 1325 refertur

297 1370 326 1407 a
361 1355 597 1411 Baronio
642 1373 786 1423 anno
832 1358 939 1413 859
983 1363 1123 1415 etin
1158 1375 1253 1416 Vill
1297 1361 1526 1433 synodo,
1571 1371 1677 1416 act.
1733 1363 1781 1426 1,
1820 1364 1872 1417 itt

291 1463 399 1515 qua
443 1463 474 1502 a
522 1449 714 1520 legatis
760 1448 1020 1505 Romamn
1054 1451 1214 1509 Sedis
1263 1454 1636 1523 interrogante
1682 1463 1872 1508 senatu

294 1542 413 1597 haec
460 1556 724 1612 responsa
775 1552 952 1598 sunt:
990 1541 1246 1599 Primitus
1295 1545 1484 1598 missus
1529 1553 1608 1598 est
1654 1544 1876 1598 Arsabir

294 1634 497 1702 legatus
534 1633 811 1687 Michaelis
839 1637 1086 1702 imperat.
1116 1643 1163 1687 et
1193 1651 1311 1689 cum
1337 1651 1396 1688 eo
1425 1636 1569 1688 missi
1598 1647 1717 1689 sunt
1746 1651 1876 1705 qua-

293 1737 415 1778 tuor
456 1727 682 1794 episcOpi
722 1726 966 1796 (nomina
1011 1742 1192 1780 eorum
1238 1728 1592 1796 ignoramus),
1635 1727 1873 1796 deferens

288 1832 465 1869 secum
494 1827 544 1870 et
568 1803 845 1886 epistolam
872 1818 1065 1888 regiam
1091 1818 1472 1887 signiﬁcantem
1501 1818 1555 1870 in
1577 1833 1631 1871 se
1656 1833 1873 1871 causam

290 1909 550 1961 licereseos
602 1908 916 1978 imaginum,
962 1917 1013 1962 et
1061 1910 1116 1963 in
1161 1906 1269 1976 ﬁne
1313 1910 1609 1963 litterarum
1662 1910 1872 1964 illarum

292 2000 655 2054 ostendentem
674 2002 832 2054 etiam
849 2001 1204 2070 eapulsionem
1224 2003 1543 2055 sanctissimi
1559 2001 1877 2067 patriarclue

295 2090 523 2158 lguatii.
550 2091 631 2144 Ad
663 2106 824 2160 quetn
860 2092 1039 2147 locum
1068 2091 1208 2145 hanc
1242 2101 1425 2146 notam
1454 2092 1701 2159 adjunxit
1726 2093 1873 2144 Aua-

295 2184 502 2237 stasius
533 2183 816 2247 Bibliotb.,
857 2183 973 2254 ejus
999 2182 1190 2254 synodi
1222 2183 1454 2253 scriptor
1480 2191 1535 2237 et
1562 2183 1714 2237 testis
1741 2197 1873 2237 ocu-

293 2273 438 2327 latus
460 2290 478 2327 :
506 2270 733 2342 Urgente
755 2273 873 2328 illos
891 2273 1173 2341 proposita:
1194 2273 1472 2329 locutionis
1495 2274 1873 2341 prosecutique,

293 2373 515 2426 nomina
542 2372 899 2441 episcoporum
927 2372 1002 2425 eis
1037 2372 1106 2424 ad
1136 2371 1443 2426 memoriam
1474 2385 1737 2424 recurrere
1766 2379 1873 2423 tam

294 2465 499 2517 eonrite
530 2480 635 2517 non
661 2474 942 2531 potuerunt
968 2478 986 2517 :
1013 2464 1196 2533 quibus
1241 2473 1418 2516 tamen
1458 2461 1672 2515 nomina
1699 2469 1874 2526 erant,

307 2555 609 2608 Hethodius
648 2554 966 2623 metropolita
1007 2534 1413 2626 Gangrens’ium,
1444 2551 1658 2606 Samuel
1698 2550 1876 2607 Cona-

306 2663 428 2700 rum
466 2649 749 2715 episcopus,
782 2647 1096 2717 Theophilus
1123 2647 1309 2713 lconii,
1343 2656 1392 2699 et
1418 2643 1704 2699 Zacharias
1733 2643 1873 2698 Tau-

299 2740 532 2792 romenii
562 2738 970 2808 pseudepiscopi,
1002 2738 1092 2808 qui
1135 2736 1446 2807 legationem
1484 2745 1532 2789 et
1570 2734 1815 2805 epistolas
1843 2751 1875 2788 a

301 2829 499 2885 Photio
513 2831 641 2887 Sedi
670 2832 972 2901 apostolicis
1001 2830 1321 2885 detulerunt.
1354 2829 1479 2885 Haic
1507 2831 1828 2886 Anastasius
1858 2849 1873 2886 :

301 2937 366 2976 ex
396 2936 508 2991 quo
533 2921 686 2977 vides
711 2922 860 2977 nullo
885 2923 1205 2991 cognomine
1230 2920 1481 2977 affectum
1509 2920 1827 2977 Zachariam
1858 2941 1874 2979 :

295 3026 352 3069 et
386 3028 519 3069 sane
545 3028 616 3068 ex
655 3014 759 3068 hac
785 3013 957 3069 solum
990 3025 1122 3069 nota
1159 3013 1432 3068 Anastasii
1464 3013 1552 3068 hic
1586 3012 1878 3070 Zacharias

298 3102 649 3159 Tauromenii
683 3103 849 3160 fuisse
877 3103 1166 3174 episcopus
1197 3105 1402 3169 scitur;
1433 3113 1487 3159 et
1525 3106 1595 3158 ab
1632 3118 1697 3158 ea
1729 3119 1879 3159 sum-

299 3204 450 3269 ptum
499 3191 670 3247 refert
702 3192 963 3247 liaronius
1012 3192 1129 3247 loco
1161 3193 1330 3247 citato
1376 3208 1393 3246 :
1436 3206 1701 3261 nusquam
1747 3208 1879 3248 vero

299 3288 453 3353 alibi,
487 3287 577 3342 ubi
611 3285 681 3342 de
712 3287 813 3341 hac
849 3286 1116 3356 legatione
1149 3285 1353 3340 mentio
1382 3286 1461 3350 lit,
1502 3296 1555 3340 et
1587 3285 1879 3341 Zacharias

299 3383 596 3448 episcopus
638 3378 780 3432 idem
815 3377 1148 3441 nominatur,
1176 3377 1668 3432 Tauromenitanus
1706 3378 1877 3432 ascri«

303 3472 473 3535 bitur,
508 3479 565 3524 ut
598 3470 650 3524 in
683 3469 945 3538 prooemio
973 3469 1090 3536 ejus
1117 3469 1308 3536 synodi
1346 3469 1416 3523 ab
1445 3468 1565 3534 ipso
1593 3469 1880 3523 Anastasio

302 3562 530 3629 Scripto,
559 3566 615 3613 et
659 3558 713 3613 iit
760 3556 885 3612 Vita
921 3556 978 3613 S.
1014 3558 1204 3629 lgnalii
1236 3573 1265 3612 a
1296 3559 1517 3625 Davide,
1565 3560 1656 3629 qui
1703 3560 1878 3614 solum

303 3652 558 3707 meminit
593 3650 853 3715 duorum,
896 3651 1184 3721 Theophili
1224 3659 1283 3704 et
1326 3650 1610 3717 Samuelis,
1657 3660 1881 3706 czeteros

299 3743 526 3797 omittit.
563 3743 739 3811 Atque
784 3741 840 3796 hi
886 3741 1046 3812 legati
1081 3757 1110 3796 a
1153 3740 1379 3797 Nicolao
1423 3743 1437 3794 Ι
1485 3730 1736 3812 pontiﬁce
1770 3744 1880 3798 lto-

307 3846 471 3885 mano
509 3832 677 3886 auditi
708 3843 835 3886 sunt
867 3831 922 3885 in
951 3830 1168 3887 basilica
1196 3830 1253 3886 S.
1289 3831 1468 3886 Mariae
1497 3834 1562 3886 ad
1611 3832 1878 3906 Praesepe,

302 3925 400 3977 sed
454 3938 562 3976 non
611 3922 679 3975 ad
726 3922 1165 3977 communionem
1217 3923 1459 3978 admissi.
1515 3924 1667 3990 Quod
1714 3926 1881 3981 refert

301 4012 475 4067 etiam
512 4011 655 4066 Pirri
687 4027 755 4067 ex
788 4010 1022 4066 Baronio
1054 4011 1174 4067 loco
1202 4012 1314 4081 jam
1352 4028 1515 4082 supra
1560 4028 1878 4071 meu.orato.

306 4103 495 4156 Altera
544 4102 745 4173 legatio
779 4116 865 4158 est
911 4114 1035 4172 post
1087 4088 1289 4156 illatam
1328 4118 1359 4156 a
1393 4104 1614 4158 Nicolao
1661 4115 1883 4159 semen-

309 4206 463 4258 itaut,
498 4207 551 4249 et
598 4196 864 4250 indictum
911 4199 1200 4249 anathema
1245 4195 1300 4249 in
1341 4194 1611 4261 Photitun,
1648 4212 1883 4266 eumque

306 4296 725 4342 exauctoratum
795 4285 924 4349 Quae
971 4300 1132 4339 causa
1182 4285 1286 4339 fuit
1333 4300 1433 4341 cur
1462 4287 1545 4341 ira
1572 4301 1669 4340 seu
1700 4285 1884 4342 furore

304 4394 551 4449 praeceps
597 4378 821 4433 Photius
870 4376 1286 4431 conciliabulum
1337 4377 1467 4430 illud
1523 4393 1680 4432 suum
1727 4378 1882 4431 neia~

308 4476 514 4524 tiorutn
572 4470 949 4539 episc0porutn
1010 4468 1282 4538 coegerit,
1350 4484 1459 4535 quo
1517 4478 1748 4524 conatus
1802 4478 1885 4523 est

308 4561 589 4617 Nicolaum
625 4560 928 4629 pontiﬁcem
971 4538 1467 4623 eicommunicare,
1500 4559 1726 4629 ejusque
1756 4574 1886 4613 con-

307 4652 550 4708 ciliabuli
601 4658 719 4705 acta
767 4665 862 4720 per
911 4649 1231 4703 Zachariam
1285 4650 1526 4718 COphutn
1577 4652 1629 4704 itt
1676 4649 1911 4722 Italiam.

309 4742 640 4805 transmisit,
691 4750 751 4794 ut
799 4742 999 4795 diserte
1050 4738 1243 4793 scribit
1278 4737 1498 4794 Nicetes
1556 4740 1720 4794 David
1765 4742 1885 4796 loco

308 4835 421 4905 jam
456 4848 621 4903 supra
664 4832 855 4888 relato.
893 4832 999 4887 Sed
1033 4831 1210 4886 adhuc
1247 4832 1551 4887 evidentius
1590 4832 1886 4887 discrimen

319 4926 455 4979 inter
498 4924 641 4980 duos
686 4922 978 4978 Zacharias
1010 4924 1317 4979 ostendam.
1368 4923 1501 4977 Nam
1537 4925 1759 4993 primus,
1794 4929 1885 4998 qui

318 5018 488 5085 prima
515 5016 787 5089 legatione
814 5015 1035 5071 functus
1066 5015 1301 5086 legitime
1326 5015 1607 5071 ordinatus
1633 5032 1663 5070 a
1691 5017 1749 5072 S.
1778 5017 1889 5073 ble-

310 5110 498 5164 tbodio
553 5109 893 5179 patriarcha,
941 5109 1031 5178 qui
1084 5107 1141 5162 S.
1193 5108 1400 5178 lgnatio
1451 5119 1821 5164 antecesserat
1867 5126 1882 5163 :

308 5199 590 5256 secundus
628 5215 657 5253 a
700 5199 895 5267 Photio
939 5199 1241 5270 illegititno.
1289 5199 1427 5252 Nam
1466 5208 1573 5254 act.
1607 5213 1662 5254 ιν
1702 5199 1884 5254 statim

309 5290 481 5346 initio
530 5290 776 5345 Baannes
824 5289 1085 5356 patricius
1141 5288 1322 5343 retulit
1375 5289 1441 5343 ad
1490 5288 1753 5358 synodum
1803 5291 1887 5345 his

314 5380 501 5437 verbis
543 5397 557 5432 :
600 5381 752 5434 Εἰσὶν
803 5379 1089 5431 ἐπίσκοποι
1137 5378 1501 5448 χειροτονείαν
1541 5380 1756 5447 ἔχοντες
1791 5380 1887 5433 τοῦ

318 5474 742 5544 μακαριωτάτου
796 5471 1057 5526 Μεθοδίου
1108 5472 1406 5540 Θεόφιλος,
1462 5473 1556 5523 καὶ
1612 5470 1889 5541 Ζαχαρίας

316 5569 366 5618 ei.
402 5566 494 5617 τὸν
527 5564 730 5618 Φώτιον
775 5564 1164 5633 ἀποδεχόμενοι
1195 5580 1208 5594 ο
1241 5564 1290 5615 εί
1332 5562 1424 5614 οὖν
1462 5562 1609 5614 δοκεί
1653 5561 1891 5615 εἰσελθέ-

316 5676 500 5713 τωσαν
538 5662 619 5721 εἰς
661 5658 760 5728 τὴν
812 5658 975 5726 ἁγίαν
1042 5656 1425 5727 οἱκουμενικὴν
1470 5656 1712 5710 σύνοδον.
1754 5653 1888 5710 Sunt

318 5753 606 5805 sottsecroti
637 5767 669 5802 a
700 5749 759 5804 S.
796 5748 1061 5803 Methodio
1095 5749 1319 5816 episcopi
1357 5746 1664 5817 TheOphiius
1695 5757 1741 5802 et
1783 5744 1888 5802 Za-

522 5849 793 5908 Ρηιιοι.
831 5845 951 5905 (ita.
980 5842 1293 5905 CXXXII.

1988 439 2197 495 chorios
2237 445 2326 510 qui
2354 459 2472 496 cum
2501 437 2688 497 Pho'tio
2716 446 3175 499 communicarunt
3211 462 3228 499 :
3257 445 3302 498 si
3320 447 3544 509 videtur,

1988 533 2351 600 ingrediantur
2391 536 2459 587 ad
2502 533 2562 589 S.
2594 537 2959 589 tecumenicum
2997 538 3298 592 concilium.
3362 539 3551 593 Exitus

1986 625 2247 679 sessionis
2298 626 2459 694 hujus
2506 625 2607 681 fuit
2646 635 2704 681 ut
2751 628 3035 682 mendacio
3086 636 3270 698 aperte
3315 629 3549 684 convicti

1986 713 2175 783 legati,
2219 716 2577 787 alIirmatique
2623 718 2680 775 in
2728 733 2825 773 suo
2867 720 3157 774 schismate
3202 718 3550 785 ejicereutur.

1985 802 2053 856 At
2099 821 2222 859 vero
2255 807 2305 860 in
2339 824 2389 861 tv
2432 809 2677 864 sessione
2721 809 2872 864 initio
2905 808 3053 863 missi
3100 817 3224 863 sunt
3260 811 3492 880 episcopi
3521 827 3550 864 a

1984 895 2180 951 Photio
2226 900 2482 963 ordinati,
2512 909 2566 953 et
2608 915 2796 953 eorum
2844 915 3006 955 causa
3055 901 3319 966 discussa,
3364 902 3416 955 in
3445 917 3550 971 qua

1985 1003 2197 1058 semper
2251 991 2558 1045 nominatur
2610 989 2935 1055 Zacharias,
2984 1000 3044 1043 ut
3094 990 3392 1047 Pltotianus
3437 992 3555 1069 epi-

1984 1096 2184 1151 scopus
2240 1091 2293 1137 et
2360 1083 2427 1136 ab
2485 1099 2549 1138 eo
2606 1083 2909 1138 ordinatus.
2981 1083 3256 1153 Ζαχαρὲας
3314 1085 3341 1136 ὁ
3404 1086 3556 1153 παρὰ

1982 1173 2187 1226 Φωτίου
2259 1175 2656 1244 χειροτονηθεὶς
2729 1174 3074 1244 Χαλκηδόνος
3155 1177 3555 1246 μητροπολίτης

1983 1260 2157 1329 εἶπεν,
2198 1274 2302 1320 etc.
2344 1265 2639 1321 Zacharias
2683 1267 3120 1322 Chalcedonensis
3164 1270 3495 1336 metropolita
3525 1286 3558 1322 a

1984 1355 2174 1411 Photio
2222 1370 2559 1413 consecratus
2625 1360 2801 1427 dixit,
2860 1370 3004 1426 etc.;
3058 1369 3110 1414 et
3143 1359 3303 1437 Iinl’ra
3356 1379 3370 1415 :
3422 1361 3559 1413 Τότε

1982 1449 2356 1520 Μητροφάνης
2400 1453 2429 1503 ό
2466 1450 2720 1521 Σμύρνης
2762 1451 2898 1520 πρὸς
2946 1452 3225 1523 Ζαχαρίαν
3270 1451 3364 1505 τὸν
3408 1452 3559 1524 παρᾶ

1981 1542 2190 1597 Φωτίου
2244 1542 2694 1613 χειροτονηθέντα
2753 1543 3098 1612 Χαλκηδόνος
3155 1543 3558 1614 μητροπολίτην

1982 1628 2128 1694 εἶπε,
2169 1632 2310 1701 πρὸς
2340 1632 2379 1687 ἃ.
2409 1634 2546 1703 ἔφης
2582 1632 3030 1704 ἀποκρινούμεθα
3064 1651 3167 1687 σοι.
3202 1634 3401 1703 Νόμοι,
3448 1644 3554 1688 etc.

1982 1721 2183 1776 Deinde
2211 1720 2581 1791 Metrophanes
2629 1723 2968 1793 Smyrnensis
2998 1724 3327 1791 ntetrOpolt'ta
3351 1722 3560 1778 Zacha-

1983 1815 2121 1867 riam
2169 1830 2201 1867 a
2251 1813 2441 1868 Photio
2494 1826 2728 1869 creatum
2776 1815 3254 1870 Chalcedonensem
3300 1826 3561 1885 metropo-

1982 1905 2132 1959 litani
2175 1906 2504 1975 compellavit
2537 1923 2554 1960 :
2582 1907 2661 1960 Ad
2697 1922 2758 1961 ea
2787 1923 2905 1977 qute
2941 1907 3237 1962 disseruisti
3282 1908 3562 1974 responde-

1983 2010 2122 2048 mus.
2153 1994 2336 2064 Leges,
2374 2005 2515 2062 etc.;
2558 2006 2718 2064 atque
2763 1996 2819 2050 in
2850 1997 2937 2051 his
2968 1996 3410 2052 altercationibus
3446 1998 3560 2052 haec

1982 2087 2155 2141 sessio
2191 2096 2464 2156 protracta
2510 2096 2614 2142 est.
2659 2088 2736 2141 Ex
2775 2087 2974 2158 quibus
3018 2087 3152 2143 locis
3198 2088 3317 2144 luce
3355 2089 3559 2143 clarius

1983 2186 2204 2246 apparet
2253 2176 2574 2231 Zachariam
2623 2177 2893 2248 Cophutn,
2943 2194 3103 2247 quem
3157 2179 3556 2249 metropolitani

1983 2268 2480 2325 Cbaleedonensem
2513 2285 2544 2325 a
2576 2269 2770 2326 Photio
2803 2281 3185 2327 consecratum
3231 2271 3424 2328 scribit
3466 2269 3563 2325 Ni-

1984 2372 2168 2428 cetas,
2221 2376 2328 2415 non
2377 2375 2501 2417 esse
2549 2360 2869 2417 Zachariam
2919 2362 3013 2433 qui
3061 2362 3560 2418 Tauromenitanus

1984 2454 2270 2523 episc0pus
2299 2453 2368 2508 ab
2395 2454 2686 2507 Anastasio
2719 2454 3018 2525 appellatus
3043 2465 3148 2511 est.
3183 2450 3366 2510 Redeo
3398 2455 3562 2522 igitur

1983 2560 2048 2600 eo
2076 2545 2220 2600 unde
2251 2546 2369 2600 haec
2395 2554 2480 2600 est
2507 2545 2640 2599 inita
2684 2546 2999 2615 disputatio,
3033 2547 3174 2600 unde
3203 2546 3405 2615 colligit
3434 2544 3560 2599 Pic-

1985 2638 2139 2692 colus
2181 2635 2500 2692 Zachariam
2534 2634 3050 2691 Tauromenitanum
3074 2652 3102 2688 a
3126 2634 3323 2690 Photio
3346 2636 3558 2691 titulum

1984 2729 2377 2800 archiepiscopi
2424 2728 2735 2789 abstulisse.
2780 2730 2851 2784 At
2893 2729 3142 2785 fortassis
3191 2744 3261 2785 ex
3304 2745 3369 2786 eo
3415 2733 3563 2801 quod

1985 2823 2101 2891 ipse
2157 2819 2375 2876 Nicetes
2424 2836 2546 2876 cum
2593 2822 2660 2875 de
2711 2819 2887 2890 prima
2952 2820 3221 2889 legatione
3287 2820 3435 2889 agit,
3487 2820 3561 2876 ita

1986 2913 2208 2980 scribit,
2262 2911 2601 2966 Ἐπιστὲλλει
2674 2911 2857 2966 τοίνυν
2926 2911 3187 2981 Θεόφιλον
3265 2912 3564 2966 ἐπίσκοπον

1984 3003 2080 3057 τοῦ
2118 3003 2395 3075 ’Δμορίου,
2422 3004 2513 3057 καὶ
2540 3002 2796 3074 Σαμουὴλ
2824 3002 3127 3058 ἐπίσκοπον
3154 3003 3313 3075 ἄχρις
3351 3003 3564 3059 ἐκείνου

1986 3095 2096 3149 τῶν
2138 3094 2344 3148 Κωνῶν
2387 3094 2493 3149 ὑπὸ
2563 3094 2887 3150 Λαοδίκειαν
2926 3094 3265 3164 τυγχάνοντα
3314 3095 3568 3165 ἀρχιεπί-

1989 3203 2192 3241 σκοπον
2210 3186 2519 3258 τετιμηκὼς
2550 3202 2565 3218 ο
2598 3188 2699 3242 hoc
2729 3196 2811 3242 est
2844 3184 3042 3256 :Legat
3071 3201 3192 3256 ergo
3228 3185 3566 3253 Theophilum

1989 3281 2194 3335 Amorii
2240 3281 2560 3349 episcopum,
2592 3286 2641 3331 et
2672 3277 2972 3332 Samuelem
3013 3279 3103 3347 qui
3142 3278 3213 3331 ad
3248 3276 3398 3332 illum
3429 3277 3567 3331 diem

1989 3373 2289 3427 Chattorum
2341 3373 2561 3427 antistes
2609 3368 2908 3426 Laodiceno
2958 3368 3245 3440 subjectus,
3299 3369 3567 3439 archiepi-

1988 3466 2132 3534 scopi
2178 3466 2372 3518 honore
2415 3466 2663 3534 dignatus
2705 3472 2779 3517 est
2810 3478 2842 3516 a
2880 3461 3098 3527 Photio;
3133 3476 3284 3532 ergo,
3331 3461 3564 3530 inquies,

1989 3558 2130 3613 sicut
2164 3555 2404 3621 Samuel,
2440 3556 2516 3610 ita
2546 3566 2597 3609 et
2628 3553 2924 3610 Zacharias
2963 3554 3362 3625 archiepiscopi
3410 3552 3568 3611 titulo
3622 3600 3633 3609 .

1990 3648 2241 3721 insigniri
2271 3663 2299 3702 a
2336 3647 2527 3702 Photio
2564 3648 2757 3717 potuit.
2792 3645 2899 3700 Sed
2945 3646 3073 3715 quid
3105 3657 3191 3701 est
3223 3646 3489 3711 divinare,
3521 3647 3567 3700 si

1991 3741 2095 3795 hoc
2128 3755 2235 3794 non
2267 3738 2394 3795 est?
2441 3739 2584 3793 Sane
2616 3737 2746 3792 illud
2794 3738 2955 3793 modo
2978 3737 3032 3792 itt
3060 3738 3161 3790 hac
3205 3737 3569 3808 diSputatEune

1991 3832 2281 3897 contendo,
2329 3831 2479 3885 nullo
2532 3829 2866 3894 testimonio,
2925 3827 3073 3901 nullo
3125 3837 3368 3891 auctore,
3423 3827 3567 3881 nulla
3664 3858 3679 3867 ν

1993 3924 2236 3990 historia,
2261 3937 2381 3993 quae
2408 3925 2611 3992 scripta
2639 3928 2839 3986 exstet,
2874 3920 2929 3974 id
2959 3919 3222 3973 allirmari
3249 3919 3318 3973 ab
3347 3919 3569 3974 Alberto

1992 4014 2210 4069 Piccolo
2239 4022 2293 4068 et
2317 4027 2383 4068 ex
2407 4027 2472 4067 eo
2499 4028 2528 4066 a
2556 4011 2695 4065 Pirri
2731 4029 2744 4065 :
2773 4019 2828 4065 et
2858 4025 2992 4065 sane
3018 4010 3181 4066 sicuti
3223 4025 3411 4079 parum
3441 4025 3570 4064 con-

1993 4106 2227 4159 siderate
2268 4104 2485 4172 scripsit
2516 4101 2835 4156 Zachariam
2867 4103 3183 4170 episcopum
3215 4099 3569 4156 Tauromeni-

1998 4204 2181 4249 tanum
2229 4191 2473 4263 Cophum
2516 4198 2872 4261 cognomento
2921 4190 3272 4261 appellatum,
3321 4191 3397 4245 ita
3436 4207 3569 4247 sane

1996 4296 2198 4341 temere
2229 4285 2298 4339 ab
2338 4300 2404 4341 eo
2452 4284 2723 4354 proditum
2776 4281 2987 4356 videtur
3034 4281 3428 4352 archiepiscopi
3468 4299 3569 4338 no-

1997 4379 2329 4433 tneuclatura
2358 4376 2509 4430 illum
2543 4390 2572 4429 a
2611 4374 2804 4430 Photio
2844 4374 3011 4431 fuisse
3044 4376 3383 4430 decoratum.
3418 4375 3570 4430 Reli-

1995 4484 2160 4537 quum
2214 4468 2379 4539 igitur
2431 4476 2537 4534 est,
2580 4478 2639 4522 ut
2687 4469 2991 4527 ostendam,
3049 4469 3191 4521 unde
3240 4467 3329 4521 hic
3382 4468 3571 4522 titulus

1993 4560 2247 4629 episcopo
2291 4559 2752 4613 Tauroutenitano
2783 4558 2855 4612 sit
2890 4557 3205 4612 attributus.
3242 4557 3299 4612 ld
3335 4573 3466 4611 sane
3501 4560 3569 4612 ab

1996 4653 2100 4704 alin
2145 4651 2409 4720 principio
2445 4666 2553 4703 non
2586 4651 2871 4711 deducam,
2914 4658 2968 4702 et
3015 4649 3230 4717 quidem
3265 4650 3399 4701 satis
3447 4662 3568 4701 cum

1995 4743 2230 4808 ratione,
2257 4757 2419 4812 quam
2446 4756 2511 4795 ex
2545 4756 2653 4810 quo
2685 4741 2833 4795 idem
2860 4739 3114 4794 [loc-chus
3142 4737 3284 4792 Pirri
3312 4741 3566 4802 ostendit,

1996 4835 2138 4888 unde
2171 4832 2566 4903 archiepiscopi
2617 4832 2807 4885 titulus
2842 4832 2899 4885 ὃ.
2934 4830 3248 4883 Mamiliano
3289 4828 3573 4884 Panormi-

1995 4936 2126 4979 tano
2155 4925 2384 4978 antistiti
2418 4923 2488 4978 sit
2519 4923 2817 4977 attributus
2856 4923 2969 4991 jam
3003 4921 3125 4975 inde
3157 4935 3189 4976 a
3218 4921 3409 4991 priscis
3436 4932 3572 4977 tem-

1997 5017 2243 5087 poribus,
2277 5031 2399 5070 cum
2448 5016 2515 5069 ab
2563 5016 2631 5071 iis
2664 5017 2714 5069 ia
2762 5030 3030 5068 marmore
3074 5013 3193 5081 ejus
3236 5008 3569 5070 monumenti

1995 5106 2199 5173 legatur
2244 5105 2471 5159 incisus.
2510 5104 2683 5167 Unde,
2717 5104 2958 5172 inquam,
2991 5103 3078 5157 ille
3119 5105 3359 5173 colligit:
3391 5103 3573 5159 Credi-

1994 5197 2186 5260 derim,
2233 5196 2426 5266 inquit,
2466 5200 2526 5248 eo
2571 5212 2675 5249 non
2718 5197 2889 5263 inepte
2937 5196 3124 5263 referri
3163 5211 3336 5265 posse,
3369 5198 3507 5263 quod
3539 5211 3572 5247 a

1995 5289 2060 5344 D.
2097 5288 2267 5342 Petra.
2298 5290 2588 5342 antistitem
2635 5290 2874 5343 habuerit
2910 5287 3232 5343 Panormus.
3267 5291 3399 5354 Quis
3434 5291 3571 5343 enim

1996 5383 2192 5437 nesciat
2218 5382 2284 5434 iis
2318 5380 2565 5434 Ecclesiis
2608 5396 2726 5451 quae
2755 5380 2819 5434 ab
2852 5383 3210 5451 apostolorum
3255 5381 3571 5448 temporibus

1995 5468 2145 5527 iuam
2173 5483 2454 5541 repeterent
2479 5473 2755 5541 originem,
2778 5491 2995 5543 quicque
3022 5473 3215 5528 Christi
3240 5471 3573 5541 discipiinam

1997 5574 2245 5627 tanquam
2271 5572 2511 5629 parentes
2531 5562 2653 5616 aliis
2681 5564 3044 5628 tradidissent,
3069 5564 3384 5630 peculiarem
3400 5579 3575 5633 quem-

1996 5656 2132 5721 piam
2164 5651 2409 5717 honorem
2436 5650 2692 5704 habitum.
2722 5648 2861 5705 Sane
2887 5650 3145 5717 Rupertus
3172 5653 3330 5705 abbas
3358 5662 3483 5707 tom.
3514 5650 3573 5705 II

1954 5738 1971 5751 “
2003 5744 2077 5799 De
2106 5743 2276 5800 dtVtu.
2315 5739 2493 5810 Oilic.,
2514 5757 2628 5811 cap.
2656 5741 2745 5810 9.7,
2771 5757 2783 5795 :
2817 5741 3211 5812 Apostolorum,
3236 5744 3427 5813 inquit,
3452 5759 3577 5796 suc-

3246 5836 3285 5894 3
