4062 6214
0 529 12 624 l

0 627 12 698 ξ

475 319 546 381 75
1492 311 1892 371 FRANCISCI
1933 310 2197 370 SCORSI
2240 309 2671 370 PROOEMIUM
2716 312 2763 376 I.
3649 319 3720 379 7o

477 447 705 488 cessares
735 425 1050 505 patriarcha:
1071 431 1193 478 sunt
1217 425 1375 490 dicti;
1404 425 1545 480 Petri
1572 437 1744 480 autem
1772 440 2042 479 successor

478 540 572 590 pro
619 521 922 577 excellentia
985 517 1233 585 principis
1278 517 1664 585 apostolorum,
1711 517 2042 584 Apostolicns

478 616 816 676 nominatur;
845 610 936 680 qui
964 617 1141 663 autem
1169 610 1233 661 ab
1262 611 1334 662 eis
1363 609 1580 678 (scilicet
1612 607 1668 662 S.
1708 607 1862 662 Petro
1891 609 2045 661 aliis-

476 721 575 774 que
624 701 900 771 apostolis)
943 717 1035 770 per
1071 702 1370 770 provincias
1421 703 1565 754 missi
1612 711 1753 764 sunt,
1801 710 1905 754 tant
1947 701 2044 766 ipsi

477 811 632 863 quam
685 809 1006 848 successores
1054 793 1170 860 ejus
1226 795 1599 861 archiepiscoiri
1646 803 1913 846 vocantur.
1970 792 2042 844 Ita

478 888 727 941 liocchus
773 884 913 939 Pirri
965 885 1340 947 ratiocinatur,
1386 895 1440 937 et
1490 895 1632 938 recte
1671 899 1823 948 sane,
1885 898 2044 938 nemo

475 980 683 1048 negarit
716 997 729 1031 :
769 994 875 1047 qua
915 977 1324 1030 ratiocinatione
1361 976 1479 1045 quis
1517 977 1647 1030 mihi
1692 977 1793 1030 nisi
1825 976 1895 1027 sit
1926 990 2046 1044 per-

465 1073 712 1139 -tniquus,
749 1085 853 1123 non
903 1070 1164 1124 concedat
1215 1068 1292 1121 uti
1332 1069 1397 1122 ad
1449 1071 1797 1123 assereman
1837 1066 2046 1120 Tauro-

479 1164 768 1216 menitana:
813 1159 1068 1213 Ecclesize
1106 1158 1497 1228 archiepiscopi
1541 1159 1878 1225 dignitatem,
1922 1173 2042 1210 cum

478 1259 654 1311 medio
683 1257 828 1309 nullo
858 1253 1226 1306 intercedente
1255 1261 1283 1304 a
1318 1251 1375 1305 S.
1403 1250 1563 1304 Petro
1595 1251 1812 1302 fundata
1848 1249 2046 1302 fuerit?

477 1351 617 1416 Quin
664 1350 825 1404 etiam
857 1361 974 1416 qua:
1005 1347 1119 1413 ipse
1161 1343 1385 1399 disserit
1422 1345 1491 1395 de
1533 1342 1792 1410 dignitate
1837 1340 2044 1393 Panor-

481 1444 696 1495 mitanae
737 1439 908 1501 urbis,
953 1437 1017 1490 ad
1064 1450 1226 1504 quam
1274 1434 1436 1487 etiam
1488 1432 1675 1486 referri
1725 1432 1812 1485 ille
1855 1430 2044 1484 titulus

481 1533 672 1602 possit,
717 1542 943 1599 quaeque
975 1540 1040 1578 ex
1077 1525 1307 1579 Baronio
1347 1523 1508 1577 refert
1553 1525 1616 1575 ad
1652 1538 1767 1575 eam
1810 1521 2044 1590 proban-

477 1625 625 1688 dam,
651 1621 830 1674 omnia
866 1620 1045 1672 facere
1075 1632 1172 1686 pro
1213 1614 1578 1670 Tauromenio
1610 1625 1852 1683 possunt,
1889 1613 2046 1680 cujus

473 1713 628 1766 urbis
658 1712 891 1780 dignitas
919 1707 1167 1777 quamvis
1195 1705 1592 1760 Panormitanas
1623 1720 1726 1757 non
1762 1720 1877 1772 par,
1903 1713 2048 1756 nua-

480 1820 602 1858 men
635 1814 741 1857 tam
785 1815 977 1869 magna
1026 1799 1216 1868 primis
1252 1798 1358 1852 illis
1390 1797 1676 1864 aureisque
1714 1794 2045 1861 temporibus

477 1895 722 1959 exstitit,
774 1901 832 1947 ut
875 1906 940 1946 ex
985 1889 1342 1945 Constantino
1395 1889 1716 1955 imperatore
1767 1895 2045 1938 ostensum

471 1985 618 2055 ~est§
660 1986 676 2038 l
721 1985 880 2053 hujus
925 1981 1201 2043 Prommii,
1254 1987 1312 2032 ut
1361 1981 1554 2031 merito
1600 1978 1674 2029 illi
1726 1975 1814 2028 hic
1861 1973 2048 2026 titulus

479 2077 673 2131 ascribi
714 2090 868 2144 posse
900 2074 1165 2127 videatur.
1203 2072 1419 2125 Advoco
1449 2084 1574 2122 vero
1605 2069 1770 2122 etiam
1805 2067 1871 2120 ad
1901 2081 2049 2118 eant-

480 2173 599 2222 dem
627 2167 1099 2222 Tauromenitana:
1127 2177 1346 2217 causam
1383 2160 1825 2230 patrocinaudam
1859 2157 2049 2210 afﬁnes

469 2261 876 2330 Syracusanam
933 2266 990 2310 et
1037 2255 1392 2308 Catanensem
1449 2251 1756 2312 Eeclesias,
1818 2263 2046 2316 quarum

483 2352 810 2407 honoriﬁcos
887 2347 1068 2402 titulos
1141 2344 1570 2414 archiepiscopi,
1635 2357 1741 2412 quo
1811 2341 2048 2414 Syracu-

479 2460 648 2500 sanus
708 2443 933 2496 antistes
998 2447 1052 2493 et
1116 2437 1509 2507 metr0politte,
1567 2450 1672 2502 quo
1729 2431 2051 2488 Catanensis

479 2541 546 2593 ab
585 2535 771 2592 eadem
812 2532 1070 2588 natalium
1110 2545 1330 2586 suorum
1378 2527 1692 2583 conditione
1730 2535 1888 2578 natos
1928 2538 2050 2576 esse

476 2642 692 2693 censeo,
733 2623 878 2694 quod
925 2622 1094 2676 altera
1141 2619 1199 2673 S.
1240 2617 1600 2680 Marcianum,
1633 2615 1804 2669 altera
1853 2612 1912 2665 S.
1953 2611 2053 2663 Be-

479 2720 668 2790 ryllum
728 2717 934 2786 primos
983 2728 1013 2766 a
1065 2711 1129 2766 D.
1185 2710 1344 2764 Petro
1397 2715 1648 2776 parentes
1695 2714 1748 2760 et
1807 2710 2052 2772 pastores

481 2809 754 2880 acceperit
781 2824 795 2862 :
838 2820 1148 2876 quanquam
1191 2803 1288 2857 hos
1321 2801 1484 2855 etiam
1517 2797 1732 2852 venales
1760 2795 1966 2860 titulos,
1999 2802 2053 2846 et

480 2920 506 2954 a
543 2901 735 2955 Photio
779 2905 1018 2967 emptus,
1052 2898 1120 2950 ob
1167 2902 1472 2961 susceptam
1503 2890 1622 2960 ejus
1671 2888 1724 2941 iu
1758 2887 2052 2941 schismate

483 2990 744 3045 adversus
773 2987 1038 3056 lgnatium
1069 2994 1124 3040 et
1152 2984 1430 3040 defensam
1455 2994 1673 3035 causam
1703 2978 1880 3047 arguit
1908 2977 2050 3029 idem

483 3082 733 3136 Piccolus
767 3080 964 3133 citatus
993 3076 1025 3130 ὲ
1063 3075 1200 3130 Pirri
1249 3084 1388 3143 part.
1420 3089 1472 3136 ι,
1503 3086 1624 3140 cap.
1655 3069 1724 3122 26
1746 3109 1761 3133 ,
1799 3077 1853 3123 ct
1883 3082 1949 3120 ex
1987 3080 2052 3121 co

481 3173 620 3228 Pirri
653 3173 706 3226 in
745 3169 941 3225 Notitia
982 3167 1146 3222 Mess.
1198 3165 1450 3221 Ecclesia:
1485 3174 1616 3217 tom.
1664 3161 1736 3224 ll,
1766 3159 1805 3213 f.
1842 3173 2046 3222 ccuv;

477 3279 797 3336 quanquam
839 3262 925 3316 hic
980 3271 1112 3313 tom.
1149 3257 1242 3321 ιιι,
1273 3258 1324 3308 in
1364 3254 1561 3308 Notitia
1595 3251 1951 3320 Syracusana:
1998 3257 2052 3303 et

475 3348 797 3414 Catanensis
855 3355 1045 3424 pedem
1115 3351 1375 3421 paulatim
1435 3347 1638 3402 referre
1692 3345 1940 3398 videatur
1985 3340 2051 3395 iis

481 3452 672 3521 pulsus
703 3446 1035 3517 argumentis
1075 3458 1196 3512 qua:
1247 3442 1356 3510 jam
1404 3440 1692 3510 proferam.
1749 3437 1892 3491 Sane
1944 3448 2050 3488 non

477 3541 694 3597 inﬁciar
731 3539 784 3590 in
819 3551 881 3590 ea
919 3542 1242 3602 tempestate
1273 3531 1620 3597 uaufragassc
1645 3543 1740 3583 eos
1759 3526 2051 3590 antistites,

477 3643 532 3688 et
560 3629 885 3700 Gregorium
921 3626 1209 3680 Asbestam
1241 3621 1646 3693 Syracusanum
1684 3619 1854 3673 facem
1889 3619 2052 3672 fuisse

481 3726 628 3782 illius
660 3722 806 3785 belli,
843 3733 1076 3786 eumque
1104 3717 1156 3769 in
1201 3715 1499 3770 schismate
1525 3724 1899 3766 contumacem
1930 3709 2052 3762 ani~

476 3829 622 3870 unum
703 3813 1041 3874 ohstinasse;
1103 3805 1450 3875 Euthymium
1506 3819 1634 3859 vero
1692 3803 2050 3856 Catanensem

477 3908 627 3977 prius
655 3903 874 3974 quidem
904 3898 1199 3954 adhaesisse
1232 3896 1424 3950 Photio
1445 3935 1460 3959 ,
1497 3895 1690 3948 deinde
1734 3894 2050 3962 poenitentia

475 3997 606 4052 facti
661 3999 1083 4062 compunctum,
1129 3986 1494 4056 secessionem
1531 3985 1600 4039 ab
1645 3999 1711 4038 eo
1741 3984 1964 4048 fecisse,
1996 3991 2050 4036 et

477 4104 601 4143 eum
634 4095 780 4142 recte
807 4083 1170 4139 sentientibus
1221 4081 1274 4134 in
1312 4078 1554 4149 synodo,
1593 4078 1715 4132 Act.
1747 4077 1778 4130 5
1799 4115 1814 4141 ,
1845 4085 1900 4130 et
1930 4074 2050 4129 aliis

479 4179 736 4247 deinceps
764 4184 1136 4247 aggregatum.
1165 4171 1317 4239 Quod
1347 4185 1478 4226 vero
1527 4169 1594 4223 ad
1629 4169 1817 4222 titulos
1863 4167 2052 4222 attinet

476 4272 623 4326 haud
672 4270 788 4325 scio
828 4268 924 4338 qui
974 4268 1078 4320 hoc
1109 4275 1260 4320 certo
1287 4264 1460 4334 possit
1489 4263 1759 4317 afﬁrmare
1806 4269 1862 4316 et
1915 4261 2051 4314 serio

479 4362 607 4414 bere
658 4367 884 4424 uterque
937 4343 1207 4423 scriptor,
1257 4369 1380 4409 cum
1433 4355 1487 4408 in
1534 4353 1738 4422 synodo
1767 4365 1878 4416 vit,
1929 4365 2049 4419 qua:

477 4454 740 4508 adversus
792 4447 1197 4511 Iconoclastas,
1254 4448 1647 4518 imperantibus
1692 4445 2048 4501 Constantino

475 4551 531 4596 et
570 4540 761 4605 lrene,
792 4539 893 4594 sub
944 4536 1182 4590 Adriano
1214 4535 1234 4589 l
1274 4537 1571 4606 .pontiﬁce,
1621 4537 1890 4592 celebrata
1941 4544 2046 4600 est,

476 4633 566 4687 ubi
620 4629 1044 4686 subscribuntur
1108 4625 1381 4698 episcopi,
1438 4641 1695 4696 espresse
1739 4627 2048 4682 nominetur

477 4721 790 4790 Stephanus
827 4718 1213 4790 Syracusanus
1266 4716 1725 4785 archiepiscopus.
1760 4715 1852 4770 Sic
1903 4718 2044 4770 enim

419 4798 583 4889 act.
617 4807 683 4874 4,
731 4808 784 4861 in
828 4805 1148 4861 recensione
1193 4796 1594 4874 episcOporum.
1629 4802 1884 4856 Γαλατῶν
1921 4801 2045 4856 ἐλά-

473 4916 656 4969 χιστος
694 4897 1089 4970 πρεσϐύτερος,
1123 4899 1219 4952 καὶ
1271 4899 1336 4955 ἐκ
1377 4897 1667 4967 προσώπου
1694 4897 2047 4968 ἀρχιεπισκόο

473 5001 579 5042 που
613 4987 866 5048 Σικελίας
900 4988 1176 5057 ἀσμένως,
1215 4997 1320 5043 etc.
1354 4989 1450 5044 Cui
1479 4990 1809 5058 reSpondcns
1855 4987 2046 5041 Latina

476 5078 718 5133 nominat
758 5077 1140 5147 Stephanum,
1181 5093 1302 5147 quae
1351 5077 1536 5134 Graeca
1589 5079 1889 5148 suppressit
1935 5077 2044 5131 Ga-

471 5171 595 5223 bato
620 5169 841 5237 exiguus
871 5167 1158 5237 presbyter,
1197 5179 1246 5222 et
1278 5186 1343 5224 ea:
1391 5187 1609 5240 persona
1656 5170 1909 5240 Stephani
1951 5187 2045 5224 ar-

473 5259 784 5329 chiepiscopi
833 5255 1034 5312 Siciliae
1084 5259 1302 5315 libenter
1347 5261 1544 5329 omnia,
1578 5272 1684 5318 etc.
1730 5264 1801 5316 At
1833 5277 1962 5317 vero
1996 5264 2047 5317 l‘

474 5353 636 5408 etiam
689 5352 742 5406 in
809 5349 998 5405 Graeco
1049 5365 1232 5422 tellu,
1299 5355 1338 5406 Γ
1340 5357 1618 5418 αὶατῶνος
1669 5357 2045 5426 πρεσϐυτέρου

474 5449 689 5503 καὶτὸν
725 5449 890 5502 τόπον
927 5448 1218 5520 ἐπέχοντος
1263 5451 1536 5518 Στεφάνου
1587 5452 1887 5504 ἐπισκόπου
1931 5453 2050 5504 Συ-

479 5541 804 5612 ρακουσίων.
853 5539 1114 5596 Galatone
1155 5542 1454 5610 presbytero
1481 5583 1496 5608 ,
1527 5553 1575 5596 et
1619 5543 1788 5596 locum
1847 5552 2049 5598 tenente

474 5631 727 5701 Stephani
771 5633 1000 5704 episcopi
1053 5632 1404 5703 Syracusani.
1454 5633 1568 5690 Non
1620 5635 1869 5706 fugerunt
1937 5638 2050 5694 haec

473 5724 596 5779 loca
641 5721 951 5792 Piccolum,
1000 5725 1096 5782 sed
1141 5738 1330 5783 eorum
1401 5726 1508 5782 vim
1570 5738 1624 5785 et
1672 5729 2044 5787 auctoritatem

2151 435 2382 480 canatur
2415 425 2684 495 effugere,
2719 434 2774 480 et
2802 426 2855 480 in
2893 427 3250 496 suspicionem
3276 430 3480 485 erroris
3514 438 3723 488 textum

2148 516 2441 570 adducere.
2476 513 2582 569 Sed
2633 531 2823 586 nugae:
2873 533 3009 586 quas
3039 518 3125 571 hic.
3167 534 3270 571 non
3321 519 3593 592 referam;
3637 538 3728 576 re-

2148 607 2256 660 fert
2286 611 2429 661 enim
2474 606 2650 670 Pirri,
2689 607 2779 675 qui
2818 623 2943 662 cum
2987 608 3040 662 in
3073 608 3190 677 ejus
3239 609 3464 664 inclinet
3508 589 3726 680 spinio-

2153 714 2302 765 nem,
2343 708 2523 752 tamen
2563 710 2748 764 aperte
2769 698 2965 753 fatetur
2992 690 3098 753 non
3142 715 3300 768 posse
3329 702 3530 755 elevari
3569 705 3729 758 testi-

2151 791 2316 845 monii
2365 790 2526 860 hujus
2572 792 2955 846 auctoritatem
2984 810 2996 844 :
3030 807 3154 845 nam
3183 794 3326 862 quod
3354 805 3435 846 cst
3463 794 3723 863 ellugium

2149 884 2367 948 Piccoli,
2398 895 2450 938 et
2477 894 2863 949 commentum,
2896 885 3148 946 nimirum
3178 895 3285 941 act.
3321 887 3376 950 9.,
3403 885 3724 942 Galatonem

2149 976 2256 1030 dici
2295 984 2482 1045 aperte
2521 975 2692 1030 locum
2731 986 2915 1029 tenere
2959 976 3187 1044 Rhegii;
3221 977 3362 1030 unde
3391 977 3506 1044 ipse
3536 987 3727 1031 censet

2148 1068 2614 1136 archiepiscopum
2649 1067 2848 1120 Siciliae
2878 1067 3178 1136 Rheginum
3208 1067 3314 1120 dici
3349 1069 3515 1122 veteri
3549 1085 3720 1129 more.

2148 1172 2258 1228 quo
2313 1158 2565 1212 Calabria
2623 1157 2807 1212 Sicilia
2859 1167 3163 1227 nuncupata
3200 1168 3318 1223 est,
3353 1169 3407 1212 et
3448 1174 3569 1213 cum
3601 1160 3728 1216 Ste-

2150 1247 2364 1318 phanus
2413 1257 2519 1302 act.
2557 1248 2590 1300 4
2624 1248 2839 1316 legitur,
2869 1247 3306 1301 snbstitueudum
3340 1263 3437 1317 pro
3483 1263 3550 1304 eo
3577 1248 3727 1303 Con-

2148 1341 2484 1402 Stantinum,
2529 1340 2749 1394 omnino
2779 1340 3074 1394 evanescit.
3120 1337 3253 1393 Nam
3285 1340 3376 1393 illa
3409 1350 3515 1394 act.
3549 1341 3585 1393 2
3616 1355 3726 1394 non

2147 1429 2441 1494 Γαλατῶν,
2478 1429 2704 1495 Galato,
2738 1438 2794 1482 ut
2845 1429 2898 1482 in
2930 1429 3104 1498 prima
3137 1429 3426 1492 scribitur,
3478 1431 3572 1484 sed
3615 1431 3724 1482 Fa-

2148 1523 2367 1586 λάτιος,
2405 1532 2458 1576 ct
2497 1521 2688 1576 Latine
2722 1521 2950 1576 vertitur
2995 1520 3228 1586 Galata;
3261 1522 3402 1575 unde
3449 1523 3493 1576 si
3538 1523 3589 1575 in
3639 1523 3727 1576 his

2149 1614 2392 1668 minutiis
2439 1613 2640 1681 aliquid
2687 1612 2948 1666 momenti
3017 1612 3322 1680 ponendum
3372 1621 3488 1678 cst,
3534 1627 3725 1666 ansam

2150 1705 2412 1757 habemus
2464 1701 2751 1771 colligendi
2806 1701 2970 1754 alium
3039 1700 3243 1766 fuisse,
3303 1703 3547 1770 adeoque
3597 1718 3728 1757 con-

2141 1797 2412 1866 jecturam
2474 1795 2620 1851 illius
2674 1795 2779 1849 alia
2835 1805 3021 1849 nostra
3081 1796 3438 1849 rctundimus.
3499 1797 3564 1850 Et
3616 1809 3723 1852 act.

2149 1890 2264 1956 ipsa
2303 1888 2370 1952 4,
2425 1888 2476 1940 in
2525 1901 2628 1954 qua
2692 1889 2946 1940 mendum
2991 1887 3300 1954 suspicatur
3345 1885 3635 1952 Piceolus,
3675 1900 3730 1944 et

2149 1980 2583 2034 Substituendum
2631 1992 2726 2046 pro
2767 1978 3047 2046 Stephano
3091 1977 3507 2032 Constantinum
3545 1983 3725 2044 vellet,

2151 2070 2418 2138 reperitur
2480 2069 2672 2123 adesse
2727 2069 3118 2123 Constantinus
3155 2087 3170 2122 :
3206 2085 3365 2138 quem
3417 2071 3506 2124 ille
3551 2072 3728 2125 locum

2152 2163 2391 2215 fortasse
2421 2160 2822 2225 dissimulavit,
2872 2160 3014 2228 quod
3047 2161 3102 2214 in
3127 2159 3319 2214 Latina
3363 2164 3614 2218 versione
3644 2166 3731 2217 di-

2150 2263 2303 2307 catur
2345 2251 2502 2316 Chii,
2546 2268 2650 2307 non
2703 2251 2892 2322 Rhegii
2935 2269 2950 2305 :
3001 2251 3148 2318 atqui
3201 2253 3370 2305 miror
3408 2268 3513 2306 non
3552 2254 3731 2306 anim-

2152 2345 2455 2398 advertisse
2509 2344 2563 2397 in
2619 2345 2865 2412 margine
2911 2345 3348 2398 emendationem
3395 2345 3538 2398 vocis
3577 2343 3722 2408 Chii,

2151 2444 2206 2488 et
2236 2435 2522 2500 repositam
2559 2432 2784 2502 Reghii:
2819 2443 2872 2488 et
2921 2435 3190 2489 hominem
3222 2434 3405 2491 Graece
3435 2436 3721 2498 scientem,

2152 2539 2258 2576 non
2297 2521 2492 2592 legisse
2525 2523 2578 2575 in
2613 2521 2804 2576 Graeco
2851 2522 2969 2576 sine
3013 2523 3122 2578 ullo
3175 2525 3436 2579 asterisco
3483 2525 3549 2578 ad
3579 2524 3728 2578 Rhe-

2150 2615 2224 2683 gii
2264 2628 2452 2667 vocem
2508 2615 2920 2677 Κωνσταντῖνος
2961 2617 2990 2669 ὁ
3031 2616 3250 2680 ἀνάξιος
3293 2617 3594 2679 ἐπίσκοπος
3631 2617 3732 2669 τοῦ

2165 2703 2388 2775 Ῥηγίου
2438 2707 2736 2775 ἀσμένως,
2793 2707 2844 2760 id
2895 2717 3012 2770 est,
3057 2707 3440 2762 Constantinus
3484 2709 3730 2777 indignus

2151 2799 2436 2866 episcopus
2477 2796 2629 2866 Regii
2670 2796 2910 2863 libenter,
2951 2808 3097 2863 etc.,
3150 2808 3205 2855 et
3250 2803 3464 2854 demum
3508 2809 3615 2854 act.
3676 2799 3731 2864 7,

2150 2891 2435 2962 iugulatur
2465 2890 2660 2944 l’iccoli
2687 2889 3001 2958 conjectura
3029 2907 3155 2947 cum
3187 2893 3259 2948 ibi
3287 2893 3503 2947 dicatur
3536 2892 3732 2947 Galam

2152 2987 2391 3041 vicarius
2424 2983 2691 3052 Stephani
2720 2983 2961 3054 episcOpi
2985 2984 3348 3055 Syracusani,
3380 2995 3435 3038 et
3460 2985 3513 3038 iu
3539 2986 3729 3039 eadem

2152 3086 2260 3134 act.
2291 3075 2529 3131 adfuisse
2558 3075 2972 3132 Constantinum
3013 3076 3326 3144 episcopum
3359 3074 3552 3144 Rhegii
3599 3090 3730 3129 con-

2152 3177 2302 3231 stat;
2343 3169 2485 3238 quod
2531 3168 2735 3234 optime
2769 3167 2903 3221 vidit
2951 3165 3129 3232 Pirri,
3178 3168 3408 3236 ideoque
3435 3205 3450 3230 ,
3484 3176 3544 3220 ut
3590 3166 3732 3252 dixi,

2152 3259 2335 3312 minus
2363 3258 2658 3312 assentitur
2683 3256 2921 3314 Piccolo.
2967 3258 3074 3314 Sed
3112 3260 3256 3329 quod
3306 3260 3547 3327 apertius
3577 3259 3732 3312 testi-

2152 3348 2393 3402 monium
2429 3363 2590 3418 quam
2619 3347 2848 3418 epistola
2879 3346 3083 3402 Nicolai
3119 3348 3140 3402 Ι
3185 3349 3457 3418 pontiﬁcis
3490 3350 3556 3402 ad
3585 3345 3732 3400 Pho-

2152 3444 2286 3497 tium
2337 3451 2393 3496 et
2443 3441 2830 3508 imperatorem
2877 3438 3192 3494 Michaelem
3242 3441 3484 3510 scripta,
3522 3441 3575 3494 in
3619 3454 3729 3508 qua

2151 3548 2276 3588 cum
2333 3531 2410 3586 illi
2461 3529 2859 3602 Syracusanam
2905 3529 3207 3586 Ecclesium
3253 3545 3364 3584 suae
3414 3529 3632 3583 ditionis
3666 3528 3724 3582 in

2154 3632 2477 3693 perpetuum
2538 3621 2760 3685 facere,
2807 3635 2928 3675 cum
2979 3619 3302 3691 Gregorium
3357 3620 3727 3682 divulsissent,

2152 3722 2507 3777 conarentur,
2556 3713 2850 3782 respondet
2896 3711 3180 3766 Nicolaus:
3229 3711 3376 3765 Inter
3404 3712 3506 3765 ista
3554 3722 3602 3764 et
3636 3726 3732 3763 su-

2155 3805 2334 3874 perius
2366 3804 2508 3858 dicta
2538 3804 2800 3869 uolumus,
2833 3813 2890 3856 ut
2926 3804 3251 3857 consecratio
3285 3801 3606 3872 Syracusani
3640 3820 3732 3854 ar-

2153 3891 2468 3960 chiepiscopi
2514 3900 2695 3943 nostra
2730 3907 2762 3943 a
2813 3887 2946 3944 Sede
2993 3891 3350 3957 impendatur,
3401 3899 3457 3942 ut
3510 3891 3730 3943 traditio

2152 3987 2217 4040 ab
2264 3987 2521 4054 apostolis
2551 3986 2795 4040 instituta
2839 3985 3142 4040 nullatenus
3183 3986 3368 4039 uestris
3412 3985 3732 4051 temporibus

2153 4081 2405 4135 violetur.
2455 4077 2581 4134 Haec
2631 4077 2932 4134 Nicolaus:
2971 4092 3037 4131 ex
3092 4092 3200 4148 quo
3250 4079 3373 4146 quis
3428 4092 3534 4131 non
3583 4077 3732 4132 videt

2156 4172 2550 4240 archiepiscOpi
2597 4185 2790 4225 nomen
2825 4170 3165 4240 Syracusano
3207 4168 3437 4222 antistiti
3491 4183 3595 4222 non
3639 4183 3733 4222 so-

2154 4263 2264 4316 lum
2297 4277 2327 4316 a
2368 4261 2563 4317 Photio
2610 4277 2714 4316 non
2759 4262 2925 4316 fuisse
2959 4259 3238 4325 afﬁctum,
3273 4259 3368 4313 sed
3418 4274 3446 4312 a
3483 4258 3732 4313 Romano

2154 4354 2408 4424 pontiﬁce
2438 4353 2741 4408 donatum?
2786 4353 2868 4406 An
2899 4351 3042 4406 enim
3071 4366 3305 4420 unquam
3353 4351 3593 4419 pontifex
3624 4352 3731 4420 Sy-

2153 4461 2482 4502 racusanum
2542 4445 3020 4514 archiepiscopum
3090 4443 3440 4510 nominaret,
3482 4459 3603 4497 cum
3657 4445 3729 4496 ad

2151 4535 2558 4593 schiSimaticos
2609 4534 2909 4599 scriberet,
2949 4521 3020 4588 si.
3056 4533 3104 4586 is
3160 4531 3350 4586 titulus
3402 4547 3624 4595 recens,
3671 4543 3729 4585 et

2150 4628 2354 4682 venalis
2379 4667 2393 4691 ,
2431 4637 2484 4680 et
2538 4625 2697 4680 malis
2741 4625 2950 4680 artibus
2993 4624 3060 4678 ab
3094 4625 3208 4693 ipso
3239 4622 3433 4678 Photio
3474 4634 3528 4676 et
3556 4623 3726 4690 impe-

2152 4728 2333 4774 ratore
2365 4719 2560 4773 fuisset
2597 4716 2947 4787 acquisitus?
2979 4715 3176 4772 Credat
3207 4715 3260 4770 id
3293 4715 3382 4783 qui
3414 4713 3557 4776 velit,
3590 4712 3721 4782 mihi

2149 4827 2280 4867 sane
2310 4812 2636 4880 persuadere
2668 4823 2828 4863 nemo
2857 4809 3078 4878 poterit.
3127 4807 3265 4872 Quid
3295 4821 3421 4860 vero
3447 4805 3620 4860 dicent
3653 4803 3727 4856 ad

2149 4903 2312 4958 alium
2352 4903 2526 4957 locum
2561 4903 2806 4970 epistola:
2841 4903 3080 4971 ejusdem
3134 4901 3341 4956 Nicolai
3371 4899 3390 4953 Ι
3434 4898 3628 4968 pontii.
3659 4899 3730 4952 ad

2148 4995 2470 5052 Michaelem
2505 4997 2929 5065 imperatorem,
2977 4995 3030 5049 in
3060 5010 3164 5064 qua
3199 4993 3467 5062 lgnatium
3496 4991 3731 5062 patriar-

2149 5092 2307 5144 cham
2337 5089 2998 5158 Constantinopolitanum
3028 5098 3082 5144 et
3105 5089 3540 5144 comministrum
3570 5101 3733 5168 suum

2152 5181 2406 5249 appellat,
2455 5182 2508 5234 in
2547 5195 2652 5250 qua
2681 5181 2923 5250 przecipit
2956 5191 3013 5235 ut
3059 5181 3298 5251 Ignatius
3321 5190 3376 5234 et
3408 5178 3640 5233 Pbotius
3673 5187 3734 5231 et

2148 5273 2357 5342 aliqum
2388 5288 2452 5327 ex
2485 5274 2550 5328 iis
2586 5274 2677 5343 qui
2720 5288 2843 5328 cum
2873 5273 3140 5343 Gregorio
3173 5272 3524 5343 Syracusano
3549 5279 3729 5332 erant,

2149 5369 2214 5419 ad
2246 5381 2304 5420 se
2332 5367 2586 5431 veniant,
2624 5377 2677 5420 et
2705 5375 2965 5436 praeterea
3000 5367 3189 5422 addit:
3231 5365 3520 5418 Mittantur
3562 5363 3732 5416 etiam

2149 5460 2212 5510 de
2264 5468 2412 5525 parte
2463 5457 2666 5528 lgnatii
2741 5458 3118 5527 archiepiscopi
3170 5458 3387 5525 quidam
3460 5455 3735 5508 Antonius

2150 5550 2374 5620 Cyzici,
2413 5550 2641 5604 Basilius
2692 5550 3134 5615 Thessalonicae,
3184 5549 3573 5606 Constantinus
3625 5543 3736 5598 La-

2154 5643 2338 5706 rissa},
2404 5641 2724 5698 Theodorus
2783 5642 3294 5713 Syracusanorum,
3352 5637 3738 5707 Metmphanes

2157 5734 2436 5794 stomun:
2469 5734 2724 5798 etfuerat
2755 5736 2840 5791 hic
2871 5734 3191 5792 Theodorus
3233 5738 3417 5790 (ouem
3451 5731 3540 5786 alii
3575 5742 3735 5784 eum-
