4062 6214
289 387 365 450 ’Π
1339 382 1702 442 FRANCISI
1746 382 2010 442 SCORSI
2054 381 2488 442 PRO(EMIUM
2525 381 2608 440 II.
3361 354 3364 356 Ὺ
3497 379 3567 438 78

299 500 429 554 dem
463 495 831 552 Theodosium
860 495 1144 550 nominant
1168 534 1184 560 ,
1228 495 1370 562 quod
1397 509 1586 563 parum
1622 493 1689 548 ad
1719 507 1892 548 meam

305 592 667 660 quaestionem
723 589 976 656 interest)
1029 587 1080 641 in
1123 587 1298 642 locum
1359 586 1605 657 Gregorii
1652 584 1894 639 Asberta:

312 681 635 737 substitutus
667 680 734 734 ab
765 677 974 747 lgnatio
1024 676 1337 744 patriarcha
1359 716 1374 739 ,
1403 678 1492 746 qui
1542 677 1718 746 ipsum
1760 675 1894 730 Gre-

312 774 518 843 gorium
542 774 869 841 deposuerat
897 790 910 824 :
940 769 1088 838 atqui
1122 769 1269 822 illum
1295 769 1436 822 inter
1457 767 1892 838 archiepiscopos

310 871 494 931 aperte
524 870 775 916 recenset
807 859 1061 915 Nicolaus
1092 860 1149 925 l,
1194 873 1472 928 nunquam
1526 859 1576 914 id
1628 861 1888 922 l'aeturus,

306 955 415 1008 nisi
448 969 569 1007 eam
602 952 926 1024 dignitatem
985 961 1159 1006 ratam
1196 951 1462 1016 haberet,
1512 960 1698 1021 utpote
1753 952 1894 1003 auti-

301 1045 521 1112 qnitate
568 1044 682 1112 jam
730 1045 842 1113 ipsa
879 1042 1291 1106 conﬁrmatam,
1335 1058 1440 1095 non
1487 1057 1615 1096 vero
1649 1056 1713 1096 ex
1759 1042 1893 1096 Gre-

304 1136 466 1206 gorio
521 1137 577 1190 in
631 1151 985 1192 successores
1041 1137 1343 1190 derivatam
1372 1174 1386 1200 ,
1429 1146 1487 1189 ut
1519 1133 1770 1190 Piccolus
1797 1150 1890 1188 au-

305 1235 506 1280 tumat.
567 1226 631 1280 Et
678 1227 900 1296 quidem
943 1241 1011 1282 ex
1068 1227 1230 1296 hujus
1275 1226 1518 1296 epistolae
1567 1227 1890 1280 auctoritate

303 1315 625 1378 cenvictus,
680 1327 735 1372 et
783 1332 877 1371 sua
915 1318 1187 1372 sententia
1236 1318 1431 1371 cadere
1474 1326 1694 1372 coaetus
1725 1315 1886 1380 Pirri,

309 1410 506 1476 pedem
563 1409 792 1463 honeste
828 1407 1032 1474 refert,
1086 1416 1138 1462 et
1169 1411 1328 1463 modo
1359 1425 1465 1462 non
1512 1423 1768 1478 expresse
1798 1424 1887 1464 re-

319 1509 528 1554 tractat
558 1515 681 1568 qua:
711 1509 840 1555 tom.
876 1499 920 1552 Il
951 1499 1083 1554 locis
1110 1499 1292 1554 citatis
1319 1500 1386 1554 de
1435 1499 1537 1554 hac
1578 1489 1888 1555 nomencla-

310 1602 435 1646 tura
488 1592 744 1655 dixerat,
794 1589 1068 1646 Piccolum
1135 1605 1390 1661 sequens.
1443 1589 1596 1657 Quod
1646 1593 1786 1645 idem
1833 1591 1885 1646 in

310 1681 599 1736 Catanensi
647 1685 908 1750 episc0po
938 1684 985 1736 ei
1034 1682 1291 1750 contigit;
1323 1695 1443 1735 eum
1491 1683 1634 1736 enim
1683 1681 1887 1750 Euthy-

308 1774 477 1826 ntium
516 1773 876 1826 Catanensent
933 1774 1090 1826 modo
1124 1772 1521 1841 metropolitam
1543 1812 1560 1838 ,
1611 1773 1768 1826 modo
1800 1788 1887 1826 ar-

303 1865 720 1934 ehiepiscopum
754 1864 808 1916 in
862 1865 1068 1932 synodo
1118 1878 1248 1930 vni,
1284 1864 1335 1917 in
1390 1862 1778 1932 qua’lgnatius
1809 1863 1890 1917 le-

302 1955 526 2020 gitimus
584 1955 896 2024 patriarcha
969 1955 1320 2020 restituitur,
1377 1956 1480 2010 sub
1531 1957 1774 2010 Adriano
1827 1954 1888 2022 ll,

303 2048 563 2116 pontiﬁce
610 2058 665 2102 et
711 2047 908 2102 Basilio
951 2047 1247 2102 Macedone
1298 2048 1546 2119 imperat.
1595 2048 1887 2111 celebrata,

305 2139 581 2192 nominari
608 2176 626 2203 ,
664 2147 718 2192 et
772 2139 915 2192 inter
947 2138 1318 2205 metropolitas
1348 2139 1657 2194 consedisse
1686 2140 1885 2206 videat,

306 2245 416 2282 non
452 2227 719 2296 rejectos,
757 2230 865 2282 imo
895 2229 1219 2296 approbatos
1259 2244 1351 2284 eos
1399 2231 1582 2284 titulos
1615 2245 1644 2283 a
1677 2243 1888 2284 summo

303 2319 602 2389 pontiﬁce,
642 2319 880 2373 fateatur
906 2334 1132 2374 necesse
1177 2330 1296 2382 est,
1331 2331 1385 2373 et
1441 2320 1640 2375 {att-tur
1667 2322 1884 2390 quidem

306 2427 406 2466 cos
436 2413 778 2482 antiquiores
805 2410 976 2466 fuisse
1009 2410 1290 2466 Photianis
1325 2413 1672 2482 temporibus.
1709 2412 1888 2468 Redeo

315 2504 485 2573 igitur
515 2517 580 2558 eo
629 2505 766 2558 unde
797 2513 1050 2572 suscepta
1087 2503 1382 2573 disputatio
1427 2520 1548 2558 eum
1596 2504 1883 2574 Syracusa-

316 2611 454 2650 num
483 2607 539 2650 et
572 2594 923 2651 Catanensem
964 2596 1232 2652 antistites
1254 2637 1269 2662 ,
1303 2612 1437 2665 quos
1477 2597 1542 2650 ad
1573 2605 1887 2651 contestan-

313 2685 451 2740 dum
502 2686 890 2757 archiepiscopi
942 2686 1152 2740 titulum
1211 2687 1672 2744 Tauromenitana
1722 2690 1888 2744 adro-

303 2787 524 2845 catam,
586 2777 822 2848 legitime
878 2780 1043 2832 etiam
1120 2779 1188 2835 iis
1251 2781 1528 2852 dignitatis
1587 2783 1888 2852 insignibus

311 2869 603 2924 decoratos
635 2869 805 2925 fuisse
832 2871 1233 2940 comprobat-im
1255 2911 1271 2937 ,
1303 2873 1355 2926 in
1389 2888 1560 2942 eoque
1605 2874 1886 2944 sulfragari

304 2961 439 3015 mihi
481 2969 536 3015 et
585 2961 800 3015 veritati
855 2963 1208 3032 compulerim
1263 2964 1439 3033 ipsum
1486 2964 1629 3019 Pirri
1664 2981 1679 3019 :
1716 2981 1888 3036 neque

313 3067 446 3106 vero
473 3052 690 3106 initium
730 3053 886 3123 hujus
915 3054 1291 3124 appellationis
1341 3066 1490 3111 certo
1521 3065 1753 3124 constet,
1775 3059 1886 3127 jam

306 3144 439 3199 inde
491 3160 520 3198 a
560 3145 860 3214 primordio
917 3162 1035 3201 eam
1102 3148 1220 3203 illos
1275 3151 1682 3218 praerogativam
1745 3152 1886 3206 obti-

303 3239 490 3291 nuisse
555 3237 849 3292 verisimile
879 3249 996 3304 est,
1047 3240 1188 3308 quod
1233 3255 1264 3294 a
1318 3240 1379 3296 B.
1426 3243 1586 3297 Petro
1618 3242 1728 3298 sint
1760 3258 1888 3297 eon-

307 3329 492 3394 s,tituti
524 3345 539 3382 :
578 3331 724 3398 quod
755 3329 894 3384 idem
938 3331 1005 3385 de
1036 3331 1493 3389 Tauromenitano
1539 3334 1886 3389 aﬁirmaratn.

301 3420 574 3476 Cmterum
629 3423 772 3477 enim
796 3463 812 3489 ,
845 3423 985 3492 quod
1039 3438 1144 3479 non
1189 3439 1401 3494 semper
1427 3441 1493 3481 eo
1541 3427 1695 3482 titulo
1728 3429 1887 3482 deco-

1998 501 2184 545 rentur
2222 493 2275 546 in
2309 490 2797 572 subscriptiouibus
2841 489 3230 555 conciliorum,
3265 493 3566 561 prmsertim

1998 585 2205 652 synodo
2239 599 2310 636 ru
2340 594 2528 638 contra
2575 581 2988 647 Mouethelitas,
3025 583 3075 636 in
3110 597 3216 652 qua
3248 583 3426 653 primo
3454 584 3571 640 loco

1998 672 2140 726 inter
2179 673 2390 727 Siculos
2441 672 2806 728 subscribitur
2838 672 3210 739 Syracusanus
3261 675 3567 743 episcopus,

1997 773 2050 818 et
2083 764 2209 818 item
2249 766 2300 818 in
2332 765 2529 819 litteris
2560 763 2622 817 Β.
2653 763 2893 832 Gregorii
2928 763 3156 834 aliisque
3187 767 3570 831 monumentis,

1996 856 2048 909 id
2076 857 2270 911 nullius
2303 866 2383 911 est
2411 857 2704 920 momenti,
2747 863 2871 912 cum
2903 857 3064 910 etiam
3097 858 3194 925 ipsi
3226 859 3565 926 patriarchae,

2005 961 2056 1004 et
2090 949 2202 1018 ipse
2227 963 2474 1003 summus
2507 947 2750 1016 pontifex
2785 947 3022 1016 episcOpi
3068 946 3382 1016 simpliciter
3427 963 3569 1017 saepe

2001 1038 2361 1108 appellentur.
2403 1037 2586 1092 Solum
2617 1037 2760 1090 enim
2812 1037 2940 1091 illud
2977 1037 3246 1090 contendo
3295 1052 3567 1106 nunquam

1995 1146 2086 1186 eos
2118 1131 2555 1200 archiepiscopus
2577 1171 2590 1195 ,
2625 1145 2724 1184 nec
2764 1129 2930 1184 semel
2957 1129 3173 1199 quidem
3227 1131 3598 1198 appellandos

1996 1223 2182 1287 fuisse,
2213 1226 2508 1291 praesertim
2542 1240 2569 1276 a
2603 1238 2815 1278 summo
2841 1222 3112 1292 pontiﬁce,
3141 1213 3272 1278 é‘l'in
3307 1225 3569 1288 conciliis,

1995 1321 2053 1366 ut
2091 1311 2158 1366 de
2185 1312 2531 1381 Syracusano
2577 1323 2632 1366 et
2678 1312 2966 1367 Catanensi
3010 1313 3121 1382 jam
3181 1315 3421 1381 ostendi,
3464 1315 3571 1370 nisi

1994 1416 2060 1456 eo
2087 1402 2246 1456 titulo
2272 1400 2392 1468 jure
2422 1405 2748 1472 potirentur.
2781 1404 3046 1458 Caeterum
3072 1403 3314 1460 inferiori
3346 1421 3573 1462 nomen-

1995 1494 2204 1549 clatura
2237 1505 2394 1563 prout
2425 1496 2621 1548 libebat
2653 1496 2914 1551 scribenti
2941 1497 3138 1566 smpius
3159 1497 3275 1550 sine
3297 1499 3574 1569 dignitatis

1992 1587 2361 1642 diminutione
2416 1588 2820 1657 antiquioribus
2892 1589 2998 1642 illis
3057 1590 3266 1644 saeculis
3331 1593 3574 1661 potuisse

1995 1679 2302 1748 appellari;
2350 1683 2489 1749 quod
2551 1681 2689 1735 idem
2747 1683 2812 1734 tle
2874 1680 3329 1750 Tanromenitauo
3372 1685 3570 1738 dictum

2007 1773 2191 1826 velim.
2226 1772 2281 1826 Si
2315 1773 2432 1840 quis
2479 1773 2700 1841 objiciet
2743 1789 2864 1828 eum
2913 1790 3182 1841 nunquam
3233 1784 3357 1828 ante
3392 1774 3570 1830 Pbotii

2002 1874 2243 1934 tempora
2295 1864 2688 1934 archiepiscopi
2725 1865 2943 1919 nomine
2989 1864 3240 1920 allectum
3281 1866 3484 1934 fuisse;
3521 1869 3572 1923 itl

1999 1970 2104 2011 non
2163 1957 2344 2025 arguit
2390 1957 2700 2011 necessario
2745 1971 2776 2011 a
2830 1956 3024 2011 Pltotio
3060 1958 3223 2012 fuisse
3272 1974 3569 2029 cognomen

2003 2049 2337 2118 impositum.
2369 2049 2520 2114 Quod
2555 2050 2598 2102 si
2627 2051 2710 2102 cui
2747 2065 2872 2104 vero
2900 2050 3129 2104 similius
3154 2051 3398 2105 videatur
3428 2052 3569 2106 Tan-

1999 2144 2395 2196 romenitauum
2452 2142 2916 2211 archiepiscopum
2967 2157 3242 2211 nunquam
3286 2144 3422 2198 alios
3466 2144 3568 2198 ba-

1996 2236 2176 2289 bnisse
2202 2235 2302 2289 sibi
2333 2234 2605 2302 subjectos
2636 2235 2938 2303 episcopos,
2966 2249 3142 2303 neque
3171 2236 3565 2305 archiepiscopi

2014 2336 2107 2380 aut
2155 2325 2508 2394 metropolitae
2554 2325 2850 2394 legitimum
2891 2324 2979 2393 jus
3013 2326 3067 2378 in
3113 2325 3323 2395 aliquos
3369 2327 3568 2382 Siciliae

2002 2416 2288 2485 episcopos
2321 2426 2574 2484 tanquam
2608 2414 2976 2483 sull't'aganeos
3001 2416 3294 2472 obtinuisse
3319 2428 3372 2472 et
3408 2434 3568 2473 exer-

1995 2510 2214 2570 cuisse,
2265 2509 2408 2576 quod
2459 2508 2526 2561 de
2579 2508 2918 2577 Syracusano
2974 2511 3280 2574 contendit,
3331 2520 3385 2565 et
3425 2511 3567 2565 facta

1997 2609 2293 2668 temporum
2333 2601 2623 2668 partitione
2652 2599 2846 2668 probat
2892 2600 3030 2653 Pirri
3055 2642 3070 2667 ,
3119 2612 3408 2670 censetque
3446 2619 3568 2658 om-

1995 2703 2111 2753 nes,
2141 2689 2327 2742 saltem
2365 2690 2426 2742 l).
2458 2687 2703 2757 Gregorii
2737 2696 3004 2756 tempore,
3041 2689 3254 2744 Siculos
3287 2691 3568 2759 episcopos

1994 2778 2239 2833 ltomano
2272 2778 2510 2846 pontiﬁci
2557 2787 2610 2832 et
2643 2793 2750 2831 non
2779 2778 2933 2833 alteri
2970 2779 3212 2847 proxime
3243 2779 3412 2836 fuisse
3444 2784 3566 2838 sub-

1992 2874 2186 2944 jectos,
2231 2888 2350 2926 cum
2394 2883 2590 2937 tamen,
2629 2871 2819 2941 utjam
2863 2871 3117 2934 vidimus,
3168 2873 3564 2944 archiepiscOpi

2000 2966 2209 3022 titulum
2247 2975 2356 3020 tum
2409 2965 2789 3035 Syracusnno,
2820 2974 2929 3019 tum
2959 2965 3249 3021 Catanensi
3298 2966 3567 3037 denegare

1994 3075 2100 3113 non
2151 3060 2359 3128 possit,
2408 3059 2458 3111 id
2515 3057 2678 3110 etiam
2728 3057 2956 3110 libenter
2991 3058 3055 3110 de
3106 3054 3564 3112 Tauromenitana

1993 3149 2396 3214 concesserim,
2441 3149 2597 3201 modo
2658 3147 3004 3202 honorarium
3063 3147 3454 3216 archiepiscopi
3501 3149 3565 3199 ti-

1996 3243 2164 3297 tulum
2218 3241 2286 3294 oh
2332 3239 2741 3310 praerogativam
2781 3238 2890 3308 jam
2939 3249 3448 3306 commemoratam,
3487 3238 3562 3294 le-

1994 3336 2262 3405 gitimum,
2298 3349 2404 3387 non
2434 3332 2792 3386 adulterinum
2825 3329 2995 3387 fuisse
3023 3330 3342 3387 concedant.

318 3637 3554 3667 mw

1116 3845 1908 3970 PRO(EMIUM
1999 3847 2764 3966 SECUNDUM

1680 4051 2168 4134 ΕΙΣΑΥΠΠΚῠΝ,

635 4223 1199 4286 COMPLECTENS
1400 4223 1919 4286 THEOPHANIS
1974 4224 2335 4287 CERAMEI
2383 4227 2580 4289 VITA
2634 4225 3234 4293 CONJECTANEA.

1894 4398 1971 4410 ..ρ

290 4533 322 4605 ε
359 4535 403 4587 1.
450 4531 794 4605 Theophanes
839 4530 935 4605 alii
980 4532 1086 4605 qui_
1100 4548 1193 4596 per
1225 4529 1408 4584 eadem
1440 4541 1672 4596 tempora
1726 4533 1866 4587 uixe-

483 4612 611 4655 runt
647 4618 677 4654 a
712 4599 1020 4669 Theophane
1048 4601 1294 4656 Cerameo
1319 4613 1678 4656 secernuntur.

360 4711 520 4778 Quod
550 4709 653 4764 sub
685 4708 844 4762 linem
877 4707 1218 4763 Praefationis
1247 4708 1311 4762 ad
1338 4707 1596 4764 Lectores
1627 4711 1874 4779 promisi,

287 4804 400 4872 iam
445 4803 552 4856 hoc
599 4801 843 4856 secundo
887 4801 1153 4869 prommio
1181 4800 1474 4869 praestabo,
1511 4811 1571 4855 ut
1606 4816 1669 4856 ex
1703 4801 1870 4855 variis

294 4896 484 4949 barum
523 4891 868 4946 homiliafum
901 4889 1058 4944 lineis
1085 4905 1180 4944 seu
1209 4889 1571 4954 lineamentis,
1599 4895 1650 4945 in
1679 4891 1876 4960 quibus

293 4984 444 5039 velut
483 4984 533 5037 in
560 4983 783 5053 speculo
814 4981 1050 5037 auctoris
1080 4981 1258 5052 imago
1293 4980 1486 5038 reﬂexa
1527 4998 1645 5038 sese
1687 4983 1875 5050 objicit

287 5083 470 5146 nobis,
521 5081 686 5135 vitam
736 5079 1074 5142 adumbrem,
1120 5077 1165 5133 si
1219 5079 1398 5135 minus
1443 5066 1576 5134 vivis
1607 5079 1874 5134 coloribus

283 5175 580 5229 deliciente
611 5169 962 5226 historiarum
995 5169 1117 5224 luce
1159 5170 1362 5239 possim
1393 5171 1737 5240 exprimere;
1778 5184 1876 5223 nec

282 5284 418 5323 sane
454 5267 512 5322 id
544 5266 658 5321 sine
698 5264 988 5320 multorum
1035 5267 1361 5336 scriptorum
1413 5269 1660 5338 exemplo
1693 5277 1745 5323 et
1777 5283 1876 5322 an-

283 5362 548 5416 ctoritate
594 5358 880 5428 praestabo.
915 5357 1243 5413 Consuetum
1295 5357 1476 5412 multis
1522 5359 1622 5412 fuit
1650 5375 1714 5412 es
1746 5377 1874 5430 ope-

283 5454 442 5507 ribus
485 5449 707 5518 scriptis
757 5459 1042 5503 auctorum
1103 5449 1339 5518 ipsorum
1377 5448 1540 5502 vitam
1589 5464 1650 5501 ae
1694 5465 1875 5505 mores

285 5544 644 5608 exscribere;
701 5543 755 5597 id
802 5556 862 5597 se
907 5540 1175 5596 facturum
1239 5541 1292 5594 in
1336 5542 1728 5596 censerihenda
1759 5545 1893 5598 Vita

281 5635 536 5705 Gregorii
559 5633 887 5689 Nazianzeni
921 5634 1202 5704 prolitetur
1234 5631 1529 5700 Gregorius
1559 5633 1869 5702 presbyter:

280 5729 528 5781 Ἔπειτα
558 5728 642 5780 ὅτι
676 5727 813 5798 μηδὲ
839 5744 923 5791 τις
953 5727 1022 5780 τὰ
1057 5725 1179 5779 κατ’
1202 5725 1364 5778 αὑτὸν
1397 5725 1531 5792 ἡμῖν
1577 5725 1872 5794 γεγραφὼς

277 5820 709 5891 καταλέλοιπεν,
739 5819 873 5875 ἀλλὰ
899 5819 1174 5890 σποράδην
1213 5820 1276 5872 ἐκ
1293 5816 1402 5872 τῶν
1427 5816 1591 5870 auset":
1614 5815 1872 5882 συλλέξας

1975 4535 2148 4604 λόγων
2191 4536 2258 4589 τὰ
2306 4537 2428 4590 κατ’
2458 4538 2620 4593 αὐτὸν
2668 4541 2945 4612 μιμοῦμαι
2989 4545 3116 4608 τοὺς
3158 4544 3473 4615 λιθολόγους
3505 4549 3555 4602 οἶ

1979 4630 2119 4682 κατὰ
2148 4631 2375 4700 σμικρὸν
2411 4630 2507 4693 τὰς
2551 4631 2788 4701 ψηφῖδας
2837 4634 3260 4705 συνηθροικότες
3303 4638 3384 4697 εἰς
3423 4639 3554 4708 μίαν

1977 4719 2126 4772 οἷκον
2159 4721 2550 4791 συμπλήρωσιν
2576 4723 2791 4777 ἅπαντα
2817 4723 3266 4795 συναρμόζουσιν,
3313 4730 3452 4797 ἀρχὴ
3492 4730 3552 4782 δὲ

1977 4809 2109 4875 τῶν,
2141 4819 2246 4864 etc.
2285 4809 2396 4864 lloe
2439 4820 2520 4864 est
2547 4851 2562 4875 ,
2620 4812 2912 4882 interprete
2953 4813 3068 4868 Jac.
3103 4816 3256 4869 Billio
3290 4834 3304 4869 :
3356 4817 3553 4874 Deinde

1977 4903 2104 4968 quia
2143 4915 2232 4952 nec
2263 4899 2407 4954 illius
2443 4900 2612 4954 Vitam
2639 4905 2909 4972 quisquam
2959 4903 3147 4959 litteris
3187 4908 3550 4977 consignatum

1979 4991 2125 5044 nobis
2169 4989 2398 5059 reliquit,
2431 5007 2608 5045 verum
2670 4995 2834 5062 ipsius
2859 4997 2962 5048 vita
3011 5010 3074 5048 ea.
3127 4998 3286 5061 ipsius
3342 5002 3552 5069 scriptis

1976 5081 2204 5148 sparsim
2235 5081 2474 5148 collecta,
2506 5083 2728 5138 latomos
2761 5086 2940 5138 imitor
2967 5087 3056 5156 qui
3091 5099 3429 5160 posteaquam
3463 5093 3550 5148 la-

1976 5175 2120 5240 pides
2163 5174 2418 5241 paulatim
2466 5183 2838 5244 aggesserunt,
2889 5181 2967 5230 ita
3013 5179 3220 5233 demum
3266 5182 3337 5234 ad
3383 5199 3542 5237 unam

1978 5267 2308 5334 eamdemque
2353 5267 2561 5318 domum
2608 5269 3011 5322 construendum
3076 5280 3124 5324 et
3175 5248 3544 5326 abso/luendum

1978 5370 2060 5405 eos
2074 5368 2249 5405 omnes
2275 5356 2687 5406 accommodant.
2709 5353 2851 5407 ltlem
2872 5355 3100 5411 afﬁrmat
3125 5357 3357 5429 Symeon
3378 5358 3547 5412 Meta-

1981 5447 2228 5514 pbrastes
2257 5443 2593 5499 elﬁciendnm
2615 5444 2699 5498 bis
2736 5445 2914 5500 verbis
2941 5462 2957 5501 :
2996 5447 3211 5516 Magnus
3235 5449 3318 5500 hic
3347 5446 3548 5518 Grego-

1979 5539 2087 5590 rius
2117 5536 2408 5606 Tlteologus
2444 5537 2601 5588 vitam
2635 5537 2746 5604 ipse
2780 5553 2929 5590 suam
2968 5541 3207 5607 exposuit
3234 5540 3285 5593 in
3315 5541 3380 5595 iis
3397 5541 3552 5610 [une-

1979 5631 2158 5683 bribus
2195 5628 2542 5691 orationibus,
2576 5629 2761 5698 quibus
2797 5628 3053 5683 Basiliam
3099 5629 3374 5701 Magnum,
3416 5633 3551 5689 Gre-

1981 5723 2188 5792 gorium
2241 5731 2467 5791 patrem,
2525 5720 2830 5776 Caesareum
2869 5721 3110 5790 fratrem,
3153 5735 3198 5778 et
3233 5725 3550 5795 Gergouiam

1979 5829 2212 5870 sororem
2259 5821 2432 5868 ornat.
2472 5810 2545 5866 Ac
2595 5811 2827 5880 proinde,
2888 5813 2975 5883 qui
3022 5811 3193 5869 Vitam
3247 5815 3389 5870 illius
3420 5829 3548 5870 con-
