4062 6214
267 336 335 401 81
1212 337 1612 399 FRANCISCI
1653 336 1923 398 SCORSI
2024 335 2457 397 PROCEMIUM
2492 335 2575 397 If.
3461 336 3533 399 ΘΞ

271 450 611 514 neceSsaria,
662 458 719 503 ut
762 448 967 518 liquido
1025 446 1417 519 intelligeretur
1468 446 1855 518 Theophanem

271 543 619 607 historicum,
644 542 895 595 abbatem
948 541 1102 609 Agri,
1156 541 1404 594 eumdem
1454 554 1574 594 esse
1617 539 1707 607 qui
1755 540 1856 593 sub

280 647 465 685 Leone
489 639 722 686 Armeno
763 632 1011 686 exsilium
1049 647 1148 703 pro
1193 646 1352 685 causa
1399 630 1500 688 SS.
1540 631 1855 701 imaginum,

284 735 341 779 et
368 723 418 777 iu
448 739 512 778 eo
537 734 766 779 mortetn
792 723 1043 794 oppetiit,
1061 732 1222 793 atque
1244 724 1377 776 adeo
1400 724 1558 792 longe
1580 722 1855 777 diversum

287 827 317 863 a
346 810 670 879 Theophane
706 821 897 866 nostro
921 812 1036 881 qui,
1062 811 1236 866 deleta
1272 810 1487 880 penitus
1518 809 1711 865 haeresi
1748 810 1857 861 Ico-

286 892 677 969 noclastaruni,
711 903 1133 974 adversusjquos
1165 905 1273 972 jam
1295 905 1577 958 damnatos
1612 903 1726 971 ipse
1757 903 1857 954 ho-

277 993 484 1047 iniliam
526 996 717 1049 habuit
751 1034 767 1058 ,
810 1010 928 1064 quae
955 980 1057 1051 est
1076 997 1266 1049 ordine
1300 1011 1364 1049 xx
1388 1036 1404 1061 ,
1439 996 1540 1051 sub
1576 993 1774 1052 Basilio
1803 1002 1858 1047 et

272 1087 488 1153 Leone,
528 1094 889 1146 utosteudam
936 1107 1038 1146 suo
1096 1091 1234 1157 loco,
1286 1091 1450 1157 vixit;
1508 1099 1668 1162 atque
1722 1090 1859 1144 adeo

271 1194 430 1232 error
463 1180 518 1234 in
552 1182 884 1238 Bibliotheca
928 1183 1015 1236 illa
1060 1182 1402 1251 corrigetur:
1457 1182 1754 1250 itidemque
1802 1181 1855 1234 in

269 1261 582 1324 Sebastiani
616 1273 857 1327 Corderii
891 1283 1080 1328 eatena
1129 1272 1227 1328 SS.
1278 1273 1497 1328 Patrqu
1541 1273 1594 1327 in
1633 1271 1857 1338 Lucam,

269 1363 363 1416 ubi
415 1363 804 1433 Theophanem
854 1368 987 1421 citat
1026 1367 1217 1422 eodem
1260 1366 1438 1435 elogio
1490 1366 1605 1421 sive
1666 1364 1857 1420 inscri-

271 1458 457 1524 ptione
481 1456 764 1527 desumpta
795 1460 861 1511 ah
884 1457 969 1511 illa
988 1457 1341 1522 Bibliotheca,
1361 1458 1659 1527 iisdemque
1685 1457 1853 1512 relata

274 1548 475 1601 verbis.
533 1547 652 1601 Jam
702 1564 837 1603 vero
865 1548 933 1604 ab
980 1560 1212 1618 utroque
1259 1549 1422 1604 etiam
1473 1548 1721 1603 diversus
1772 1558 1855 1602 est

273 1636 634 1706 Theophanes
700 1639 838 1692 alius
893 1638 1179 1708 praefectus
1245 1640 1556 1696 monasterii
1618 1637 1851 1711 Sigriaui

271 1727 367 1796 qui
401 1738 523 1794 post
547 1729 725 1782 dirum
755 1744 852 1798 per
900 1730 1174 1785 biennium
1222 1728 1505 1784 toleratam
1556 1745 1850 1797 carcerem,

266 1824 584 1889 deportatus
649 1822 700 1874 in
758 1821 994 1876 insulam
1051 1821 1505 1886 Samothraciam,
1564 1821 1672 1877 illic
1718 1821 1854 1877 obiit

264 1922 497 1965 mortem
559 1910 919 1968 confessionis
970 1912 1141 1982 gloria
1189 1911 1436 1979 insignis.
1489 1912 1614 1979 Agit
1661 1912 1729 1967 de
1784 1928 1851 1967 eo

264 1997 335 2049 Ba
346 2000 534 2054 ronius
551 2000 620 2053 ad
643 2017 843 2055 annum
862 2001 1065 2057 Christi
1092 2001 1196 2056 8l6
1213 2002 1571 2071 admonetque
1595 2003 1848 2059 lectorem

268 2092 334 2144 de
372 2091 728 2146 distinctione
762 2095 1041 2163 utriusque
1071 2093 1437 2165 Theophanis,
1468 2094 1665 2165 prioris
1707 2096 1849 2152 illius

265 2182 352 2249 qui
384 2184 565 2251 primo
590 2182 810 2248 Leonis,
841 2193 896 2240 et
927 2187 1248 2254 posterioris
1277 2190 1370 2258 qui
1413 2188 1577 2244 tertio
1606 2189 1847 2258 ejusdem

265 2290 411 2327 anno
442 2275 579 2330 obiit
612 2292 709 2345 pro
740 2276 978 2344 ejusdem
1016 2293 1194 2335 causa
1235 2280 1535 2349 patrocinio
1567 2300 1583 2337 :
1617 2285 1709 2353 qui
1758 2298 1848 2338 se-

264 2365 478 2417 cundus
521 2368 686 2419 etiam
734 2365 945 2423 lsaacus
988 2370 1164 2425 dictus
1200 2387 1215 2425 :
1252 2371 1439 2427 eadem
1472 2387 1599 2428 vero
1643 2375 1848 2430 ratione

262 2463 413 2520 patet
463 2452 852 2523 Theophanem
907 2456 1049 2513 hunc
1112 2460 1374 2516 Isaarium
1421 2476 1450 2516 a
1503 2475 1686 2519 nostro
1729 2481 1850 2521 esse

265 2549 595 2605 distantem.
635 2553 847 2606 Tertius
891 2553 1249 2627 Theophanes
1308 2558 1575 2626 proprior,
1601 2570 1687 2615 est
1732 2576 1848 2615 aevo

262 2640 451 2693 nostri
485 2639 821 2710 Theophanis
846 2662 861 2698 :
889 2645 1002 2711 ille,
1036 2646 1271 2714 inquam,
1292 2648 1383 2718 qui
1414 2663 1536 2703 eum
1565 2647 1848 2704 Theodoro

259 2739 316 2779 et
344 2729 615 2795 sanguine
634 2739 685 2784 et
713 2732 904 2800 insigni
931 2733 1127 2790 virtute
1148 2750 1407 2806 germano
1438 2737 1490 2790 iu
1518 2741 1848 2795 monasterio

263 2817 326 2873 S.
365 2818 529 2874 Saliae
556 2824 846 2889 enutritus,
903 2840 1024 2879 cum
1061 2836 1246 2892 postea
1280 2843 1376 2897 pro
1419 2828 1522 2884 SS.
1556 2830 1844 2900 imaginum

261 2911 412 2963 cultu
444 2912 707 2967 adversus
742 2913 974 2969 Leonem
1002 2918 1296 2972 Armenum
1327 2926 1550 2976 strenue
1597 2921 1848 2977 decerta-

262 3014 367 3069 ret,
398 3005 521 3073 ejus
545 3006 702 3075 jussu
735 3009 1049 3065 verberibus
1078 3026 1249 3066 emsus
1280 3011 1332 3065 in
1363 3014 1614 3068 exsilium
1642 3014 1848 3082 ejectus

260 3104 377 3161 est;
409 3096 504 3151 sed
539 3112 604 3152 eo
640 3108 855 3154 mortuo
900 3115 1087 3155 rursus
1113 3100 1413 3169 Theophilo
1457 3104 1707 3174 imperat.
1753 3122 1848 3163 ea—

261 3188 386 3241 dem
417 3188 613 3243 haeresi
646 3191 866 3245 detento
891 3202 1200 3249 constanter
1220 3197 1496 3261 resistens,
1532 3199 1847 3255 verberibus

264 3280 463 3335 iterum
499 3290 555 3335 et
593 3283 787 3337 exsilio
828 3282 1051 3341 aﬂ‘ectus
1090 3303 1104 3339 :
1150 3288 1202 3341 in
1236 3304 1342 3357 quo
1374 3304 1497 3345 cum
1532 3290 1849 3348 Theodorus

262 3372 600 3439 ('XSpirnSSt'l
640 3372 693 3426 in
739 3388 978 3441 carcere,
1029 3377 1409 3447 Theophanes,
1451 3396 1584 3450 pare
1629 3382 1844 3439 demum

267 3460 529 3517 Ecclesiae
556 3462 795 3527 reddita,
830 3463 1000 3519 factus
1034 3480 1063 3519 a
1106 3466 1166 3520 S.
1200 3466 1471 3525 Methodio
1511 3470 1701 3527 Nicaeae
1731 3487 1847 3528 me-

266 3556 567 3623 tmpolita,
634 3556 685 3608 in
750 3557 831 3611 sui
906 3560 1143 3613 muneris
1207 3560 1499 3629 pastoralis
1564 3562 1847 3621 funetione

263 3650 506 3702 excessit
560 3666 591 3703 e
646 3650 778 3702 vita.
845 3646 968 3704 Haec
1034 3667 1098 3707 ex
1164 3652 1542 3726 Martyrologio
1607 3644 1848 3712 Romano

265 3741 611 3810 potissimum
662 3745 927 3816 descripsi
985 3747 1049 3799 ad
1099 3744 1442 3818 TheOpbanis
1469 3746 1668 3804 Nicaeni
1717 3765 1843 3820 pro-

267 3833 502 3887 dendam
578 3835 843 3890 notitiam.
929 3837 1086 3893 Plura
1163 3840 1230 3895 de
1297 3840 1363 3894 iis
1431 3838 1531 3894 SS.
1587 3839 1846 3898 fratribus

234 3926 421 3991 ‘alii;
480 3927 779 3996 scriptores
830 3943 1011 3983 rerum
1062 3928 1354 3986 Orientalis
1423 3932 1676 4002 imperii,
1736 3934 1843 3991 Ce-

266 4019 473 4075 dreous
525 4020 913 4090 Curopalates,
964 4020 1240 4090 Zonaras,
1280 4024 1496 4095 Glycas,
1544 4027 1845 4095 Manasses,

270 4108 571 4181 “coniugia
613 4111 956 4181 Graecorum,
992 4112 1280 4181 Barouius,
1312 4133 1377 4172 ex
1431 4119 1632 4188 quibus
1682 4121 1844 4183 etiam

267 4202 547 4271 proditum
606 4213 711 4269 est,
765 4219 952 4259 eorum
1002 4206 1275 4263 frontibus
1324 4225 1430 4264 non
1483 4210 1599 4265 sine
1654 4227 1846 4284 magno

268 4295 516 4348 cruciatu
575 4293 785 4351 iambos
837 4297 1150 4369 inscriptos,
1208 4309 1266 4355 ut
1310 4311 1564 4371 tanquam
1623 4304 1845 4360 litterati

265 4382 415 4436 servi
446 4384 899 4453 traducerentur;
929 4388 1229 4442 cruciatum
1259 4399 1419 4460 atque
1449 4392 1609 4446 etiam
1637 4394 1846 4450 iambos

270 4470 522 4525 referunt
565 4482 819 4529 auctores
856 4477 1032 4533 relati.
1076 4477 1228 4533 llunc
1264 4480 1644 4552 Theophanem
1698 4501 1846 4540 mar-

270 4574 443 4633 tyrem
478 4572 756 4621 auctorem
810 4567 937 4623 facit
979 4571 1324 4639 epistularum
1370 4589 1492 4643 qua:
1523 4577 1622 4631 sub
1666 4576 1846 4633 Theo-

267 4657 462 4723 phanis
508 4654 712 4711 Nicaeni
754 4660 992 4729 epist-cpi
1032 4663 1251 4716 nomine
1290 4673 1504 4718 exstant
1550 4664 1845 4725 Consalvus

264 4747 449 4804 Penee
480 4750 596 4818 qui,
636 4766 729 4805 eas
763 4750 950 4806 Latine
977 4755 1389 4825 interpretatus,
1436 4760 1633 4816 additis
1675 4765 1840 4831 notis,

268 4842 323 4892 in
363 4840 538 4895 lucem
580 4842 773 4909 edidit,
814 4860 949 4912 quas
994 4862 1093 4901 nos
1126 4862 1313 4903 omnes
1362 4851 1707 4922 perlegimus.
1761 4856 1840 4912 Ad

270 4946 387 4984 rem
443 4932 629 5002 igitur.
683 4934 816 4987 Cum
881 4938 964 4991 hic
1026 4939 1383 5008 Theophanes
1451 4943 1509 4998 S.
1584 4946 1840 5003 Methodii

268 5033 512 5089 tempore
559 5025 779 5091 obierit,
820 5036 944 5082 tunc
980 5028 1336 5098 Theophanes
1379 5033 1694 5100 Cerameus,
1748 5042 1840 5110 qui

261 5126 450 5183 postea
508 5114 998 5173 Tauromenitanus
1044 5122 1331 5192 episcopus
1380 5138 1594 5182 creatus
1646 5140 1729 5184 est
1790 5135 1839 5186 in

261 5209 603 5261 monasterio
649 5209 709 5263 S.
774 5212 1038 5278 Andreae,
1078 5217 1271 5282 utjam
1318 5234 1417 5273 suo
1465 5221 1583 5276 loco
1642 5224 1839 5290 dicunt,

259 5299 518 5369 degebat,
544 5301 781 5355 nondum
806 5303 871 5357 ad
898 5306 1133 5376 episcopi
1165 5308 1415 5364 thmuum
1437 5324 1685 5381 evectus;
1718 5333 1839 5370 nam

260 5388 327 5440 ab
352 5403 583 5442 excessu
623 5390 679 5443 S.
701 5390 976 5457 Methodii,
993 5397 1081 5464 qui
1096 5397 1314 5468 contigit
1333 5415 1473 5455 anno
1493 5416 1652 5471 supra
1670 5405 1844 5458 octin-

260 5480 573 5547 gentesimo
631 5483 1044 5551 quadragesimo
1097 5490 1346 5558 septimo,
1382 5507 1548 5560 usque
1573 5497 1638 5549 ad
1667 5512 1840 5550 nona—

258 5571 553 5637 gesimum,
570 5588 680 5640 quo
695 5574 1051 5645 Theophanes
1072 5589 1253 5635 noster
1270 5595 1600 5640 senectutem
1628 5591 1838 5658 agebat,

256 5661 609 5718 intercedunt
651 5664 778 5718 anni
811 5669 1162 5739 quadraginta
1208 5682 1337 5729 tres.
1382 5673 1578 5730 Verum
1626 5695 1695 5733 ex
1743 5682 1842 5734 hac

256 5752 537 5808 subducta
590 5764 899 5814 temuorum
930 5760 1155 5823 ratione,
1192 5780 1294 5818 non
1348 5776 1607 5824 rcoutznat
1654 5767 1829 5827 Theo-

1970 447 2203 517 phanem
2266 448 2415 501 illum
2467 448 2560 517 qui
2621 460 2857 518 praesens
2918 447 3018 503 fuit
3074 446 3128 503 in
3187 448 3543 504 translatione

1962 539 2200 606 corporis
2231 540 2287 595 S.
2310 538 2593 610 Nicephori
2622 540 2941 610 patriarchze
2957 539 3542 609 Constantinopolitani

1961 631 2101 699 quod
2146 631 2310 685 refert
2357 632 2624 686 Batonius
2673 634 2738 685 ad
2787 648 2985 686 annum
3037 633 3162 699 845,
3218 648 3320 688 nec
3365 634 3541 689 solum

1960 732 2255 790 spectator,
2292 724 2385 778 sed
2438 733 2490 778 et
2537 724 2773 793 scriptor
2819 724 2936 794 ejus
2982 722 3141 788 Vitae,
3190 733 3247 779 et
3290 724 3541 778 laudator

1961 827 2056 879 pro
2087 813 2348 868 concione
2379 816 2430 875 in
2457 829 2518 869 ea
2549 814 2862 870 celebritate
2893 815 3015 877 fuit,
3044 816 3295 870 eumdem
3326 830 3447 870 esse
3475 831 3539 871 ac

1961 900 2346 972 Theophanem
2370 903 2688 959 Cerameum
2720 924 2733 959 :
2771 921 2898 968 non,
2934 905 3180 974 inquam,
3223 904 3367 962 ratio
3400 917 3537 960 tem-

1961 1007 2151 1062 porum
2173 996 2377 1060 obstat,
2399 997 2491 1052 sed
2518 997 2695 1051 obstat
2714 998 2854 1065 quod
2888 997 2976 1053 ille
2999 997 3231 1066 scriptor
3256 999 3540 1070 presbyter

1960 1084 2174 1139 dicatur
2220 1085 2390 1142 fuisse
2424 1101 2453 1141 a
2503 1086 2756 1152 Baronio,
2792 1097 2975 1142 noster
3025 1089 3328 1143 monachus
3378 1100 3537 1145 antea

1959 1174 2252 1242 exstiterit,
2291 1191 2414 1230 cum
2459 1177 2746 1247 cpiscopus
2778 1177 2943 1235 fuerit
2977 1196 2990 1232 :
3031 1178 3174 1247 quod
3206 1194 3370 1248 supra
3403 1194 3537 1234 eon-

1959 1273 2172 1319 stanter
2212 1266 2536 1336 requisitum
2578 1284 2608 1322 a
2640 1268 2848 1324 Graecis
2880 1270 3094 1325 ostendi
3130 1269 3157 1340 §
3195 1270 3237 1324 ll
3274 1287 3287 1323 :
3344 1269 3539 1324 deinde

1958 1370 2255 1426 cognomen
2288 1358 2385 1413 τοῦ
2411 1361 2718 1432 Κεραμέως
2753 1359 2969 1415 aiIixnm
2998 1375 3172 1431 usque
3195 1370 3379 1416 nostro
3401 1360 3535 1413 satis

1956 1462 2079 1502 eum
2111 1464 2139 1503 a
2175 1453 2366 1520 quovis
2401 1452 2507 1507 alio
2534 1453 2745 1509 videtur
2775 1454 3102 1508 discernere.
3128 1453 3207 1507 Ex
3236 1466 3343 1523 quo
3371 1452 3536 1509 etiam

1958 1549 2164 1595 certum
2212 1551 2297 1597 est
2351 1542 2479 1596 mihi
2540 1542 2694 1614 plane
2750 1544 2911 1597 alium
2971 1558 3093 1599 esse
3146 1541 3533 1611 TheOphanem

1957 1640 2203 1689 nostrum
2238 1634 2308 1689 ab
2337 1633 2430 1689 illo
2463 1636 2576 1704 qui,
2607 1642 2658 1690 ut
2690 1636 2827 1690 idem
2878 1636 3139 1689 Baronius
3179 1632 3365 1696 refert,
3402 1634 3538 1687 vixit

1956 1729 2200 1794 tempore
2243 1724 2425 1781 Basilii
2482 1726 2788 1783 Macedonis
2828 1745 2848 1793 -,
2906 1727 3084 1796 regius
3132 1726 3252 1795 ejus
3303 1725 3534 1780 clericus

1955 1817 2235 1885 sapientia:
2286 1819 2505 1874 nomine
2550 1820 2724 1875 eidem
2771 1820 2986 1875 Charus
3033 1818 3388 1888 imperatori,
3443 1817 3532 1884 qni

1956 1907 2175 1966 fraudes
2206 1909 2381 1966 Photii
2412 1913 2699 1980 promovit,
2722 1927 2848 1967 cum
2873 1914 3068 1967 lihrum
3098 1913 3163 1968 de
3190 1910 3533 1982 imperatoris

1953 2001 2267 2071 genealogia
2318 2004 2577 2074 scriptum
2631 2005 2941 2072 imperatori
3004 2005 3285 2067 oblatum,
3327 2018 3356 2055 a
3414 2002 3528 2055 solo

1957 2100 2136 2146 tamen
2166 2092 2361 2147 Photio
2398 2092 2619 2164 intelligi
2653 2107 2818 2169 posse
2858 2093 3113 2147 mentitus
3137 2105 3238 2147 est.
3269 2091 3528 2158 Quamvis

1953 2183 2096 2237 enim
2147 2184 2472 2239 conveniant
2536 2193 2825 2254 tempora,
2880 2194 3056 2240 tamen
3121 2199 3242 2239 cum
3298 2183 3531 2238 clericus

1952 2275 2170 2330 dicatur
2200 2275 2289 2330 ille
2320 2276 2505 2342 fuisse,
2544 2286 2598 2331 et
2624 2277 2840 2345 quidem
2875 2276 3102 2339 aulicus,
3138 2285 3320 2331 noster
3340 2285 3524 2330 autem

1954 2371 2035 2425 vel
2075 2372 2363 2442 episcopus
2392 2371 2886 2427 Tauromenitauus
2916 2386 2982 2425 eo
3006 2379 3248 2439 tempore
3284 2370 3394 2439 jam
3426 2369 3530 2423 ini-

1955 2463 2121 2516 tiatus
2164 2478 2283 2519 esse
2316 2463 2583 2528 debuerit,
2633 2462 2721 2517 vel
2760 2463 2936 2517 adhuc
2971 2463 3323 2517 monasticam
3360 2462 3533 2516 vitam

1954 2556 2006 2608 in
2035 2557 2282 2611 coenobio
2316 2555 2376 2609 S.
2405 2556 2632 2609 Andreae
2675 2556 2727 2609 in
2782 2553 2992 2619 Sicilia,
3033 2555 3147 2609 sive
3172 2555 3334 2610 etiam
3376 2554 3534 2616 alibi,

1951 2664 2071 2701 cum
2109 2663 2173 2701 ex
2209 2647 2489 2702 menacliis
2517 2646 2653 2713 apud
2685 2645 2924 2709 Grzecos,
2955 2653 3011 2699 ut
3040 2660 3199 2713 supra
3242 2645 3375 2708 dixi,
3427 2646 3527 2700 eli-

1951 2747 2206 2808 gerentur
2236 2740 2494 2810 episcOpi,
2523 2741 2680 2809 plane
2721 2741 2854 2795 mihi
2895 2755 3213 2809 persuasum
3244 2749 3329 2794 est
3358 2740 3523 2794 alium

1951 2847 2070 2887 esse
2086 2830 2470 2896 Theophanem
2493 2832 2638 2886 illum
2663 2832 2919 2887 clericum
2943 2831 3011 2885 ab
3032 2830 3286 2899 episcopo
3304 2828 3522 2896 Nostro;

1951 2936 2005 2979 et
2035 2938 2168 2979 sane
2200 2924 2383 2995 pietati
2437 2941 2502 2981 ac
2533 2926 2790 2980 virtutum
2839 2922 3359 2995 perfectissimzeque
3405 2925 3525 2978 vita:

1952 3017 2128 3072 studio
2144 3019 2285 3088 quod
2301 3017 2496 3073 Noster
2532 3019 2617 3073 his
2645 3019 2985 3073 sermonibus
3007 3017 3241 3086 przefcrt,
3272 3018 3525 3086 quodque

1954 3123 2052 3164 nos
2084 3108 2253 3164 fusius
2283 3109 2673 3179 explicabimus
2702 3107 2729 3178 §
2761 3106 2880 3160 Vlll
2911 3116 2964 3161 et
2993 3106 3084 3172 IX,
3110 3106 3306 3176 duplici
3353 3107 3430 3162 illi
3462 3123 3525 3164 ac

1952 3205 2176 3251 versuto
2210 3197 2422 3267 ingenio
2447 3196 2817 3265 voluntatique
2842 3194 3146 3275 decipiendi
3174 3194 3525 3265 Tthphanis

1952 3287 2136 3342 clerici
2189 3297 2509 3358 repugnant.
2558 3287 2684 3342 Haec
2719 3286 2903 3353 habui,
2945 3301 3066 3355 quae
3118 3286 3313 3358 partim
3361 3289 3526 3344 certis

1954 3389 2256 3449 temporum
2280 3379 2635 3449 argumentis,
2664 3378 2860 3445 partim
2885 3376 3211 3447 coniecturis
3233 3393 3298 3434 ex
3333 3378 3520 3434 iisdem

1951 3472 2286 3540 temporibus
2307 3479 2361 3526 et
2383 3471 2576 3526 studiis
2590 3471 2709 3525 vita:
2726 3470 3028 3541 desumptis
3048 3469 3295 3526 ati‘errem
3319 3470 3384 3526 de
3404 3470 3517 3525 dis-

1952 3565 2212 3620 tinctione
2241 3578 2429 3619 eorum
2450 3564 2543 3633 qui
2574 3562 2926 3632 TheOphanis
2964 3563 3186 3618 nomine
3217 3563 3460 3634 insignes
3492 3578 3520 3616 a

1952 3653 2147 3710 Nostro
2176 3653 2376 3710 diversi
2413 3654 2754 3710 existimandi
2789 3661 2937 3709 sunt.
2967 3650 3114 3708 Nihil
3150 3667 3312 3724 porro
3331 3668 3521 3709 eorum

1950 3764 2070 3818 quae
2093 3748 2269 3805 studio
2294 3747 2536 3804 adhibito
2584 3748 2841 3817 comperi,
2873 3748 3074 3802 elatum
3105 3762 3230 3804 esse
3262 3747 3519 3802 lectorem

1950 3837 2114 3900 volui.
2148 3846 2206 3893 ut
2234 3853 2398 3908 quam
2441 3852 2571 3894 sana
2604 3847 2660 3892 et
2694 3840 2900 3908 integra
2946 3838 3051 3893 (ide
3099 3837 3215 3894 hare
3254 3837 3522 3909 proferam

1950 3914 2322 3998 conjectanea,
2354 3931 2528 4001 quivis
2564 3930 2849 4000 intelligat.

1952 4090 1979 4163 ς
2034 4089 2096 4144 u.

2145 4089 2350 4158 Duplex
2403 4106 2590 4143 nomen
2649 4089 3271 4143 arutoris-homiliarum
3310 4107 3328 4144 :
3356 4106 3531 4146 unum

2406 4173 2687 4229 cognomen
2702 4199 2718 4225 ,
2756 4160 3064 4214 CERAIEDS.

2023 4294 2253 4350 Distiuxi
2292 4295 2553 4351 hactenus
2583 4294 2906 4366 ὁμωνυμίαν
2937 4294 3305 4367 Theophanis,
3334 4297 3386 4352 in
3421 4298 3525 4356 hoe

1949 4388 2290 4459 paragrapho
2329 4388 2435 4442 erit
2467 4388 2597 4461 περὶ
2634 4386 2935 4458 διωνυμῐας
2968 4403 3061 4444 seu
3096 4388 3274 4458 potius
3316 4389 3523 4443 πολυω-

1949 4479 2148 4550 νυμίας
2189 4479 2625 4548 coiijcctandum.
2659 4479 2870 4534 Etenim
2907 4480 3055 4555 quod
3086 4481 3138 4535 ln
3177 4480 3359 4536 multis
3399 4482 3523 4537 aliis

1950 4582 2190 4627 veterum
2223 4571 2440 4626 Patrum
2477 4572 2843 4627 monumentis
2877 4573 3159 4639 usuvenit,
3191 4582 3248 4628 ut
3281 4574 3521 4644 pluribus

1948 4664 2204 4732 inscripta
2240 4663 2554 4718 auctoribus
2586 4661 2775 4718 eadem
2812 4663 2877 4717 ad
2915 4673 3159 4732 posteros
3201 4667 3517 4719 transmissa

1948 4756 2077 4822 siut,
2104 4764 2163 4810 ut
2193 4755 2257 4810 de
2289 4756 2631 4810 sermonibus
2663 4754 2882 4809 Eusebii
2917 4754 3201 4821 Emissent,
3228 4765 3275 4809 et
3315 4755 3520 4809 Euche-

1951 4850 2036 4913 rii,
2063 4858 2119 4904 et
2143 4848 2382 4913 Maximi,
2411 4859 2466 4903 et
2492 4848 2785 4910 Ambrosii,
2814 4848 3121 4918 Augustini,
3147 4858 3201 4902 et
3228 4846 3517 4915 Fulgentii,

1948 4944 2292 4996 adverterunt
2322 4941 2419 5010 qui
2455 4941 2507 4994 in
2546 4941 2610 4994 iis
2644 4940 3037 5010 perlustrandis
3066 4954 3291 5007 operam
3319 4956 3515 5009 posue~

1949 5043 2103 5090 runt;
2142 5032 2436 5102 prmsertim
2472 5047 2599 5085 vero
2632 5031 3091 5086 eminentissimus
3125 5048 3308 5086 eorum
3349 5034 3518 5089 lector

1946 5134 1999 5176 et
2031 5140 2225 5179 censor
2259 5123 2546 5179 cardinalis
2582 5123 2937 5189 BeUarminus
2981 5123 3031 5175 in
3074 5140 3236 5193 opere
3274 5116 3348 5179 De
3380 5129 3517 5180 scri-

1945 5218 2175 5285 ptoribus
2203 5215 2408 5282 ecclee.,
2435 5216 2505 5270 ita
2535 5228 2586 5270 et
2615 5217 2665 5269 in
2699 5216 2780 5270 his
2814 5215 3046 5273 homiliis
3078 5232 3211 5287 quas
3239 5220 3427 5275 damus
3465 5223 3515 5273 iu

1949 5311 2137 5364 lucem.
2167 5308 2373 5363 Etetlem
2403 5308 2542 5363 enim
2571 5319 2622 5362 et
2645 5308 2979 5375 Theophani,
3005 5320 3057 5363 ct
3083 5309 3512 5379 Gregorimquiu

1946 5413 1999 5460 et
2030 5403 2272 5471 Philippo
2297 5412 2423 5456 sunt
2447 5400 2714 5455 attributa)
2745 5417 2757 5453 :
2791 5415 3018 5470 quorum
3052 5404 3285 5471 priorum
3315 5419 3513 5471 cogno-

1948 5513 2071 5551 men
2104 5496 2241 5551 idem
2272 5509 2541 5563 unumque
2574 5503 2655 5548 est
2678 5495 2989 5565 Κεραμεύς,
3022 5496 3160 5549 tertii
3195 5496 3511 5568 Κεραμίτης

1946 5586 2087 5656 quod
2123 5599 2427 5655 quanquam
2464 5584 2677 5638 diverso
2711 5584 2880 5646 ﬂexu,
2911 5588 3048 5639 idem
3091 5593 3268 5638 tamen
3307 5601 3509 5654 cogno-

1948 5694 2070 5733 men
2116 5684 2198 5731 est
2238 5690 2430 5741 sensu;
2476 5683 2530 5728 et
2572 5674 2822 5745 Figulum
2864 5674 3054 5729 Latine
3099 5666 3510 5744 interpretatum

1951 5771 2175 5831 dicitur;
2215 5768 2307 5826 sed
2340 5766 2408 5825 de
2440 5768 2542 5824 hoc
2576 5767 2735 5824 tertio
2768 5767 2871 5823 erit
2902 5765 3059 5822 nobis
3091 5782 3269 5823 sermo
3303 5778 3513 5837 posuc‘
