4062 6214
426 324 495 389 63
1470 330 1872 409 FRANCISCI
1915 329 2179 393 SCORSI
2220 334 2653 397 PROCEMIUM
2692 336 2740 399 Ι.
3629 338 3702 407 64

427 438 627 493 πολλοῦ
654 439 931 509 γεγόνασι.
965 438 1215 495 Civitates
1249 454 1388 505 vero,
1424 457 1555 509 quas
1603 442 1657 495 in
1699 459 1796 495 sua
1833 440 2007 495 Italica

430 530 730 603 Siciliaeque
774 533 1189 603 peregrinatione
1240 532 1574 607 Pythagoras
1623 534 1803 589 vicinis
1850 536 2011 589 servi-

431 633 541 677 tute
568 624 702 677 alias
741 624 949 693 quidem
979 626 1294 694 antiquitus,
1328 625 1462 679 alias
1494 641 1615 679 vero
1660 636 1892 680 recenter
1921 642 2012 696 op-

433 733 641 786 pressas
670 718 882 782 invenit,
908 733 997 770 eas
1033 716 1288 770 libertatis
1317 718 1492 772 studio
1523 719 1724 787 replens
1759 736 1850 785 per
1889 734 2012 772 suos

437 811 724 871 auditores,
754 824 881 878 quos
913 825 977 862 ea:
1010 826 1320 879 unaquaque
1364 827 1546 863 earum
1591 821 1875 863 sectatores
1917 808 2013 863 ha-

435 899 604 961 bebat,
655 899 706 952 in
764 900 1039 968 pristinam
1096 901 1320 954 asseruit
1369 900 1684 963 libertatem,
1730 898 2010 953 Crotonem

433 991 724 1044 scilicet~et
761 991 1027 1061 Sybarim,
1074 990 1352 1054 Catonum,
1401 989 1680 1061 Rhegium,
1715 982 2011 1054 Himeram,

433 1082 794 1153 Agrigentum,
850 1092 900 1136 et
954 1082 1385 1149 Tauromenium,
1434 1091 1484 1135 et
1547 1082 1805 1152 quasdam
1857 1081 2014 1148 alias,

433 1173 623 1235 quibus
650 1174 783 1243 leges
806 1190 899 1243 per
933 1174 1269 1228 Charondam
1299 1176 1629 1236 Catameunt,
1658 1184 1704 1226 et
1732 1171 2015 1226 Zaleucum

434 1263 661 1319 Locrum
688 1268 829 1331 tulit,
861 1283 1144 1337 earumque
1190 1284 1351 1321 causa
1385 1267 1560 1336 digna:
1592 1266 1731 1333 apud
1762 1266 2017 1333 ﬁnitimos

436 1361 505 1412 ad
536 1357 749 1428 longum
775 1375 937 1428 usque
957 1370 1154 1428 tempus
1187 1360 1382 1413 habita:
1413 1368 1555 1424 sunt,
1587 1373 1814 1430 quarunt
1851 1372 2017 1411 temu-

436 1451 678 1504 larentur
708 1452 972 1507 instituta.
1020 1453 1194 1522 Atque
1233 1454 1345 1507 haec
1380 1438 1648 1521 peitinent
1694 1451 1759 1505 ad
1809 1449 2019 1504 Tauro-

437 1544 603 1599 menii
635 1545 1038 1615 antiquitatem,
1072 1545 1158 1600 cui
1192 1561 1297 1601 non
1330 1546 1609 1600 minimum
1651 1542 1898 1611 adiecere
1923 1543 2020 1598 de-

439 1636 583 1690 coris
621 1636 726 1690 duo
752 1636 1084 1691 nobilissima
1120 1636 1573 1705 virorum‘paria;
1611 1650 1839 1705 quorum
1886 1634 2022 1688 alter

440 1727 493 1781 in
528 1728 750 1783 historia
798 1728 922 1784 cum
959 1730 1073 1800 ipsa
1106 1746 1271 1799 prope
1320 1744 1577 1785 nascente
1620 1729 1789 1800 patria
1842 1728 2023 1783 ﬂoruit

440 1819 701 1886 Timzcus,
729 1822 1094 1878 Andromachi
1119 1823 1416 1878 conditoris
1448 1822 1609 1885 ﬁlius,
1638 1823 1702 1876 de
1731 1836 1840 1891 quo
1869 1820 2024 1881 testi-.-

440 1911 681 1965 monium
723 1921 900 1967 exstat
930 1911 1003 1968 Μ.
1031 1914 1212 1979 Tullii,
1252 1914 1344 1969 lib.
1379 1930 1416 1968 ιι
1456 1913 1532 1967 De
1567 1920 1708 1966 orat.
1739 1927 1759 1965 :
1795 1910 2022 1965 Timaeus
2058 1900 2063 1905 ’

441 2002 594 2072 longe
643 2004 1061 2067 eruditissimus,
1096 2014 1145 2059 et
1190 2021 1365 2058 rerum
1416 2007 1592 2076 copia,
1644 2014 1695 2061 et
1740 2006 2025 2059 sententia-

441 2107 557 2146 rum
609 2096 860 2148 varietate
915 2092 1434 2159 abundantissimus,
1488 2096 1604 2165 ipsa
1655 2076 2025 2165 conipositiane

440 2185 715 2239 verborum
766 2202 870 2239 non
926 2185 1218 2254 impolitus,
1258 2203 1499 2256 magnam
1551 2185 1895 2258 eloquentiam
1954 2187 2024 2240 ad

442 2275 774 2328 scribendum
809 2275 1009 2329 attulit.
1049 2274 1292 2329 Meminit
1330 2277 1394 2330 tle
1425 2275 1612 2330 eodem
1646 2278 1784 2330 idem
1816 2275 2027 2332 Tullius

446 2367 544 2422 lih.
580 2382 632 2431 v,
672 2366 846 2435 Epist.
898 2368 964 2421 ad
1011 2366 1260 2423 Lucium.
1304 2369 1553 2422 Meminit
1600 2367 1923 2423 Plutarchus
1970 2371 2025 2424 in

444 2458 623 2521 Nicia,
654 2458 719 2512 de
766 2457 1013 2512 historiis
1043 2459 1111 2513 ab
1140 2472 1204 2512 eo
1247 2458 1573 2526 conscriptis
1601 2476 1614 2512 :
1645 2467 1873 2513 testatur
1912 2460 2030 2514 haec

446 2549 736 2619 Dionysius
754 2547 1219 2612 Halicarnasseus,
1251 2547 1344 2602 lib.
1366 2564 1384 2602 ι
1412 2548 1774 2618 Antiquitatis.
1795 2549 2027 2618 Τιμαίου

443 2642 541 2696 τοῦ
562 2640 889 2696 Σικελιώτου
922 2640 990 2695 τὰ
1028 2640 1128 2711 μὲν
1154 2640 1360 2710 ἀρχαῖα
1416 2639 1526 2693 τῶν
1554 2639 1808 2708 ἱστοριῶν
1828 2640 1888 2693 ἐν
1906 2642 2030 2704 ταῖς

443 2739 649 2802 κοιναῖς
677 2736 942 2808 ἱστορίαις
970 2734 1431 2806 ἀφηγησαμένου,
1483 2735 1613 2798 τοὺς
1640 2736 1698 2789 δὲ
1721 2735 1858 2806 πρὸς
1884 2734 2031 2806 Πύρ-

447 2830 542 2899 ρον
583 2827 677 2881 τὸν
715 2826 1063 2899 Ἠπειρώτην
1102 2828 1378 2899 πολέμους
1408 2828 1490 2890 εις
1530 2827 1669 2881 ἰδίαν
1713 2826 2031 2898 καταχωρι-

447 2936 641 2984 σαντος
686 2919 1093 2990 πραγματείαν.
1148 2919 1260 2975 Hoc
1301 2926 1387 2974 est
1437 2920 1730 2987 interprete
1788 2918 2033 2990 Dionysii

445 3011 793 3079 Sigismundo
841 3009 1048 3066 Caleno
1091 3025 1107 3065 :
1155 3010 1383 3066 Timaus
1434 3008 1652 3066 Siculus
1700 3026 1782 3065 res
1827 3011 2034 3080 priscas

445 3104 751 3173 complexus
781 3102 1071 3158 universali
1099 3101 1348 3167 historia,
1379 3102 1571 3173 Pyrrhi
1618 3101 1853 3173 Epirota:
1883 3102 2032 3158 bellis

444 3197 697 3267 privatim
741 3196 917 3251 dicato
958 3195 1237 3251 volumine.
1286 3192 1392 3252 Sed
1423 3194 1563 3250 nihil
1600 3195 1760 3264 hujus
1807 3194 2034 3265 insignis

447 3285 690 3342 historici
725 3286 792 3341 ad
825 3292 1064 3341 nostram
1098 3294 1312 3341 aetatem
1344 3286 1611 3356 pervenit.
1642 3284 1797 3341 Alter
1816 3286 2037 3342 Tauro-

450 3375 758 3431 menitanus
793 3375 846 3430 in
894 3374 1136 3430 historiis
1168 3382 1499 3430 memoratus
1527 3373 1743 3430 Phileas
1773 3380 1858 3431 est
1888 3374 1944 3431 in
1975 3390 2037 3432 re

448 3467 767 3524 mechanica
811 3466 1149 3537 praecellens,
1178 3465 1494 3523 Archimedi
1533 3465 1878 3538 Syracusano
1906 3467 2038 3538 σύγ-

448 3577 664 3634 χρονος,
697 3563 774 3619 _de
815 3574 925 3631 quo
964 3559 1279 3624 Athenians,
1307 3557 1403 3615 lib.
1448 3561 1814 3629 vAsurroa.,
1844 3560 1935 3616 ubi
1970 3560 2039 3617 de

447 3650 576 3705 navi
626 3647 900 3715 Hieronis,
955 3649 1101 3719 regis
1159 3647 1575 3721 Syracusarum,
1624 3650 1794 3721 ipsius
1839 3650 2038 3707 Archi-

453 3741 630 3798 medis
668 3741 950 3797 molimine
977 3747 1310 3803 constructa,
1351 3738 1578 3810 ejusque
1610 3740 1752 3795 malo
1794 3740 2039 3796 omnium

450 3834 692 3891 maximo
724 3850 741 3890 :
777 3835 1113 3908 Κατὴγαγεν
1127 3834 1185 3888 δὲ
1218 3833 1380 3888 αὑτὸν
1409 3834 1503 3888 ἐπὶ
1532 3833 1808 3888 θάλατταν
1842 3833 2042 3900 Φιλέας

451 3927 484 3981 ὁ
526 3928 938 3999 Ταυρομενίτης
1001 3926 1319 3999 μηχανικός.
1367 3925 1598 3981 Deducit
1641 3941 1758 3982 eam
1799 3926 1856 3980 in
1897 3941 2044 3981 mare

450 4019 666 4076 Phileas
704 4019 1185 4076 Tauromenitanus
1209 4019 1563 4076 mechanicas.
1594 4018 1713 4074 Jam
1751 4032 1880 4075 vero
1904 4017 2044 4075 situs

453 4112 805 4169 Tauromenii
842 4112 1181 4170 admirabilis
1211 4123 1315 4177 est,
1356 4123 1409 4168 et
1441 4122 1630 4168 natura
1671 4112 1844 4186 magis
1878 4122 2041 4185 quam

454 4214 571 4260 arte
602 4206 840 4261 munitus
870 4226 884 4262 :
916 4217 972 4260 ut
1002 4222 1112 4262 non
1154 4208 1348 4262 mirum
1378 4221 1497 4261 esse
1519 4205 1791 4272 videatur,
1815 4206 1859 4261 si
1886 4219 1918 4260 a
1945 4203 2046 4260 Sa-

455 4304 690 4364 racenis,
722 4301 823 4356 nisi
854 4316 952 4368 per
983 4299 1209 4355 insidias
1252 4299 1370 4368 capi
1408 4297 1815 4369 expugnarique
1853 4305 2045 4368 potue-

458 4391 555 4453 rit,
599 4406 771 4460 eaque
817 4403 1088 4458 postrema
1142 4391 1301 4444 fuerit
1352 4390 1583 4445 urbinm‘
1613 4376 2041 4445 clarissimarum

455 4483 662 4537 clades.
698 4484 790 4536 Est
819 4484 964 4536 enim
998 4497 1154 4536 mons
1187 4483 1298 4551 ipse
1334 4482 1384 4535 in
1415 4497 1521 4552 quo
1550 4483 1713 4538 situm
1750 4493 1833 4538 est
1873 4492 1928 4537 et
1958 4498 2045 4537 ar-

456 4575 597 4629 duus
625 4584 677 4627 et
709 4589 936 4628 ascensu
978 4558 1210 4627 diiliéilis
1239 4582 1468 4643 utroque
1498 4590 1563 4628 ex
1590 4575 1783 4638 latere,
1812 4574 1957 4645 quod
1992 4582 2046 4629 et

457 4682 556 4720 nos
590 4666 689 4733 ipsi
722 4666 895 4721 oculis
923 4666 1121 4720 nostris
1152 4667 1498 4734 suspeximus
1526 4678 1581 4719 et
1616 4666 2043 4736 peragravimus,

457 4771 756 4827 verumque
797 4772 915 4811 esse
947 4757 1299 4826 cognovimus
1340 4755 1480 4825 quod
1522 4754 1589 4810 de
1619 4770 1685 4810 eo
1725 4749 2044 4825 etiam'Ap-

456 4849 651 4919 pianus
688 4848 850 4902 tradit
889 4862 1009 4903 esse
1052 4847 1405 4914 asperrimum
1462 4846 1666 4901 visu'et
1716 4847 2046 4903 acutissimis
2088 4842 2095 4851 ’

457 4938 697 5004 undique
739 4938 1014 5005 praeﬁxum
1058 4947 1497 5008 praeruptumque
1528 4936 1698 4994 saxis.
1736 4936 1878 4993 Urbs
1919 4953 2047 4993 vero

460 5029 517 5083 in
550 5028 657 5083 illis
694 5029 887 5082 mediis
923 5029 1166 5098 Alpibus,
1197 5028 1370 5083 dicam
1400 5027 1574 5096 potius
1606 5044 1767 5098 quam
1798 5026 2049 5098 alpe’stri-

462 5121 568 5176 bus
598 5122 842 5187 rupibus,
874 5131 928 5175 et
946 5112 1230 5177 intercisis
1278 5124 1474 5189 posita,
1507 5130 1562 5175 et
1606 5120 1675 5176 ab
1705 5120 1897 5175 iisdem
1942 5122 2049 5175 cir-

461 5214 799 5268 cummunita
853 5224 905 5266 et
955 5212 1221 5267 obvallata
1267 5218 1349 5267 est
1383 5230 1397 5266 :
1429 5226 1656 5280 quarum
1711 5210 1884 5276 alias,
1942 5226 2045 5281 qua

460 5305 729 5360 orientem
756 5310 985 5374 spectat,
1013 5302 1155 5357 inira
1189 5319 1247 5358 se
1273 5302 1438 5358 habet
1463 5303 1528 5357 ad
1554 5318 1703 5358 mare
1727 5303 2044 5373 depressas;

463 5397 619 5457 alias,
646 5411 749 5464 qua
785 5394 1142 5460 occidentem,
1178 5393 1376 5448 omium
1428 5395 1603 5462 ipsum
1649 5393 2047 5460 contingentes,

466 5498 524 5542 ut
553 5488 760 5556 pectice
788 5486 986 5550 dicam,
1016 5486 1173 5555 eique
1194 5486 1557 5551 minantes,in
1588 5499 1814 5554 quarum
1848 5486 2049 5540 vertice
2094 5485 2099 5489 ’

467 5589 647 5634 exstat
689 5595 784 5634 arx
817 5590 866 5633 et
901 5577 1216 5650 oppidulum
1250 5576 1409 5643 Mota,
1439 5587 1547 5632 tota
1591 5576 1777 5631 Sicilia
1825 5576 2049 5631 notissi-

473 5686 644 5734 mum,
676 5670 814 5737 quod
859 5686 925 5725 eo
968 5671 1207 5724 damnati
1245 5669 1491 5725 homines
1538 5668 1822 5725 facinerosi
1855 5672 2051 5739 depor~

474 5771 680 5827 tentur,
708 5770 766 5817 ut
801 5761 964 5820 tradit
995 5762 1262 5832 Fazcllus,
1297 5763 1383 5820 cui
1412 5762 1599 5820 subest
1624 5777 1721 5820 arx
1754 5762 2050 5819 Taurome-

2121 442 2194 496 nii
2235 443 2475 510 inferior,
2504 447 2574 501 ita
2608 458 2666 501 ut
2698 446 2928 502 molibus
2960 462 2989 502 a
3018 446 3155 504 mola
3182 436 3448 506 devolutis
3471 451 3705 520 opprimi

2118 534 2261 590 haud
2312 536 2511 593 dillicili
2578 538 2795 610 negotio
2845 538 3034 609 possit.
3080 539 3348 596 Caeterum
3398 540 3705 598 Taurome~

2119 628 2357 682 nitauum
2406 633 2602 687 coelum
2648 633 2830 688 ianum
2866 648 2930 689 ac
2963 633 3179 688 salubre
3214 642 3336 701 est;
3383 644 3706 705 prospectus

2120 721 2187 772 ab
2216 723 2412 791 oppido
2444 724 2496 777 in
2528 724 2831 780 Mamertini
2869 725 2991 780 freti
3030 735 3085 781 et
3118 727 3287 781 maris
3325 726 3460 783 Ionii
3504 727 3709 782 latissi—

2123 827 2267 865 mum
2303 830 2508 881 mquor,
2549 804 2931 888 oppositasque
2980 816 3293 873 Brutiorum
3342 828 3574 885 montes,
3614 821 3709 891 ju-

2122 906 2488 961 cundissimus
2536 926 2550 963 :
2600 909 2714 979 agri
2775 910 2937 963 etiam
2997 909 3248 978 planities
3297 911 3706 979 amoenissima;

2122 992 2307 1053 canna:
2357 999 2591 1066 mellitas,
2637 1010 2691 1056 et
2726 1001 2834 1056 vini
2865 1002 3008 1071 apud
3054 1012 3285 1069 veteres,
3318 1011 3456 1060 teste
3500 1003 3702 1073 Plinio,

2123 1078 2538 1155 celebratissimi
2573 1088 2933 1157 feracissima,
2960 1101 3017 1148 ut
3047 1108 3151 1149 non
3183 1094 3452 1149 immerito
3473 1109 3591 1149 eam
3623 1111 3706 1152 re-

2124 1176 2338 1246 gionem
2374 1178 2516 1235 inter
2548 1191 2774 1236 caeteras
2798 1174 3061 1252 elegerint
3079 1182 3308 1237 Romani
3336 1198 3444 1254 quo
3465 1185 3708 1243 colonias

2126 1264 2480 1337 deducerent,
2531 1272 2671 1339 quod
2720 1269 2860 1326 Julio
2903 1271 3115 1327 Caesare
3169 1286 3352 1326 rerum
3405 1274 3598 1342 potito,
3652 1287 3711 1331 et

2128 1357 2476 1416 Tauromenii
2516 1360 2880 1431 amplificandi
2929 1358 3170 1439 studioso
3218 1350 3440 1445 factum,
3491 1373 3550 1418 ut
3582 1362 3711 1418 Dio-

2128 1448 2290 1504 dorus
2317 1450 2567 1520 ejusdem'
2590 1451 2848 1518 temporis
2884 1438 3121 1527 scriptor
3151 1438 3435 1508 est'te'stis.
3476 1451 3542 1506 Et
3576 1467 3710 1509 satae

2128 1554 2314 1593 eorum
2358 1541 2771 1610 magniﬁcentiae
2817 1538 2978 1611 opera
3012 1540 3261 1623 videntur
3287 1556 3433 1623 esse,
3462 1543 3607 1613 quod
3641 1546 3711 1599 ab

2130 1631 2285 1687 initio
2318 1627 2597 1700 dicebam,
2653 1635 2924 1689 theatrum
2972 1616 3208 1689 lateritio
3240 1616 3420 1711 opere
3464 1646 3715 1692 constru—

2131 1733 2297 1786 ctum,
2337 1722 2479 1793 quod
2521 1712 2714 1795 magna
2761 1740 2829 1779 ex
2871 1735 3025 1794 parte
3057 1712 3323 1794 integrum
3359 1733 3561 1791 exstat,
3593 1741 3716 1797 qum

2130 1815 2250 1867 sors
2281 1813 2421 1868 haud
2454 1814 2567 1869 scio
2605 1830 2671 1869 an
2706 1813 2825 1870 aliis
2852 1814 3123 1870 veteribus
3154 1814 3358 1871 Siciliae
3392 1831 3717 1872 monumen-

2133 1904 2199 1956 tis
2234 1904 2516 1960 obvenerit
2545 1921 2559 1959 :
2593 1905 2754 1975 idque
2796 1900 2898 1975 ego
2929 1921 3035 1961 non
3072 1908 3193 1962 sine
3230 1907 3400 1962 animi
3445 1907 3719 1979 voluptate

2130 1995 2303 2050 oculis
2333 2009 2397 2050 ac
2427 1993 2653 2065 pedibus
2683 2012 2787 2052 non
2811 1997 2978 2052 semel
3006 1986 3283 2053 dimensus
3310 2012 3434 2055 sum
3465 1998 3721 2068 doluique

2131 2095 2185 2141 et
2216 2098 2439 2156 questus
2489 2104 2606 2147 sum
2661 2089 2805 2159 apud
2857 2090 3028 2157 cives,
3064 2104 3131 2145 ex
3164 2104 3228 2145 ea
3278 2088 3476 2147 lateres
3510 2092 3577 2146 ad
3611 2093 3719 2148 alia

2135 2195 2273 2234 nova
2324 2179 2551 2237 aediﬁcia
2598 2181 2966 2238 substruenda
3011 2170 3242 2239 subinde
3288 2184 3563 2251 exscindi;
3611 2201 3721 2255 quo

2134 2265 2245 2332 ﬁet,
2279 2277 2338 2323 ut
2365 2269 2551 2338 paucis
2577 2276 2699 2337 post
2722 2271 2900 2335 annis,
2929 2270 3120 2339 ingens
3152 2268 3281 2325 illud
3309 2282 3719 2339 monumentum

2133 2358 2609 2415 Tauromenitana:
2645 2360 3019 2431 amplitudinis
3048 2359 3288 2416 funditus
3316 2363 3585 2418 concidat.
3619 2362 3720 2418 lti-

2134 2456 2254 2508 dem
2283 2453 2526 2522 ejusdem
2551 2451 2884 2509 admirandae
2904 2453 3157 2523 potentiae
3179 2468 3339 2524 opera
3366 2464 3492 2510 sunt
3522 2462 3717 2526 stagna

2134 2560 2229 2601 seu
2264 2546 2515 2601 cisternae
2563 2546 2933 2600 subterraneae
2971 2544 3090 2599 dum
3124 2553 3535 2610 concameratm,
3580 2559 3721 2614 qua-

2136 2651 2256 2691 rum
2284 2636 2456 2691 altera
2484 2644 2607 2690 octo
2631 2634 2909 2706 quadratis
2930 2626 3260 2691 cementitiis
3282 2622 3496 2691 suﬁ’ulta
3519 2638 3729 2692 colum-

2138 2728 2254 2795 nis;
2290 2728 2459 2782 altera
2492 2742 2623 2782 vero
2652 2741 2787 2796 pene
2816 2726 3084 2796 prostrata
3107 2737 3162 2783 et
3193 2725 3388 2798 amicta
3424 2714 3726 2799 temporum

2142 2818 2347 2887 injuria
2370 2819 2633 2873 cernitur.
2662 2816 3023 2887 Aqueeduetus
3047 2817 3175 2873 item
3205 2830 3418 2874 veteres
3446 2819 3520 2874 ibi
3548 2820 3733 2877 visun-

2140 2900 2262 2979 tur;
2303 2919 2358 2965 et
2395 2910 2498 2964 alia
2545 2911 2764 2965 demum
2810 2920 3286 2966 monumentorum
3332 2911 3386 2967 in
3431 2912 3735 2984 primisque

2138 2988 2399 3072 Acbegeti
2436 3001 2627 3077 templi,
2672 3000 2929 3072 vestigia,
2978 3008 3033 3057 et
3089 2988 3337 3077 sepulcra
3390 3017 3495 3058 non
3534 2986 3732 3077 pauca,

2139 3080 2305 3162 quam
2354 3090 2438 3149 vel
2492 3076 2698 3148 ambitu
2752 3090 2949 3162 magna
3003 3094 3151 3162 (nam
3190 3076 3355 3163 quota
3406 3107 3532 3160 pars
3587 3076 3736 3155 illius

2142 3181 2306 3238 hodie
2333 3180 2561 3249 restat?)
2592 3179 2679 3236 vel
2706 3174 3103 3250 magniﬁcentia
3138 3172 3357 3246 nobilis,
3388 3180 3474 3236 vel
3505 3196 3736 3237 numero

2143 3269 2344 3327 civium
2386 3268 2617 3324 celebris
2650 3267 2816 3324 fuerit
2847 3267 3057 3333 civitas,
3087 3268 3403 3325 ostendunt.
3438 3271 3614 3338 Atque
3646 3271 3738 3325 hic

2144 3358 2264 3430 ejus
2292 3357 2548 3427 splendor
2577 3357 2743 3412 etiam
2776 3368 2948 3427 usque
2974 3357 3040 3435 ad
3066 3344 3457 3412 'Saracenicam‘
3490 3352 3740 3427 tyranni-

2147 3451 2293 3517 dem,
2314 3451 2568 3507 nimirum
2594 3458 2705 3505 toto
2726 3447 2940 3518 imperii
2958 3447 3271 3503 Graecorum
3300 3457 3542 3518 tempore
3559 3446 3739 3525 usque

2146 3544 2214 3601 ad
2247 3544 2441 3601 Leonis
2475 3533 2748 3614 Sapientis
2774 3556 2970 3606 aevum,
2998 3539 3100 3595 sub
3130 3554 3238 3608 quo
3268 3548 3571 3613 expugnata
3605 3530 3733 3605 fuit,

2145 3636 2411 3692 mansisse
2451 3633 2689 3688 videtur.
2738 3630 2873 3686 Nam
2926 3628 3319 3687 Constantinus
3360 3628 3740 3701 Porphyroge'—

2147 3736 2295 3794 neta,
2326 3725 2445 3797 ejus
2478 3724 2639 3787 ﬁlius,
2669 3725 2760 3794 qui
2792 3721 2867 3777 De
2901 3722 3218 3776 thematibus
3249 3722 3457 3791 imperii
3491 3721 3738 3778 libellum
3772 3790 3777 3793 _

2147 3819 2386 3891 scripsit,
2420 3817 2515 3873 lib.
2542 3833 2606 3884 ιι,
2646 3816 2700 3871 in
2737 3815 2976 3871 themate
3021 3800 3222 3870 Siciliae
3248 3808 3366 3868 haec
3404 3814 3587 3879 tradit,
3616 3830 3741 3885 quae

2147 3913 2379 3985 primam
2417 3914 2559 3968 hanc
2589 3908 2839 3983 prooemii
2873 3916 3083 3977 partem
3117 3906 3185 3962 de
3213 3905 3561 3962 Tauromenii
3592 3915 3741 3961 statu

2148 4006 2370 4079 politieo
2397 4005 2471 4060 ita
2501 4003 2735 4067 claudat,
2761 4010 2816 4058 et
2837 4000 3072 4072 sigillum
3099 4000 3170 4055 sit
3194 3998 3463 4055 dictorum
3490 3999 3737 4054 omnium
3774 4070 3781 4089 f

2150 4092 2789 4161 honoriﬁcentissimum,
2822 4104 2876 4149 et
2923 4092 3094 4163 ipsius
3142 4088 3488 4177 imperatoris
3535 4092 3742 4147 annulo

2150 4189 2508 4259 impressum,
2564 4201 2633 4243 ne
2678 4188 2856 4243 dicam
2905 4185 3073 4256 digito
3125 4185 3386 4255 scriptum
3422 4202 3436 4239 :
3468 4182 3626 4255 Ἔχει
3683 4183 3783 4267 δὲ.

2152 4282 2339 4347 πόλεις
2365 4282 2673 4352 ἐπισήμους
2698 4279 2799 4353 τήν
2826 4296 2886 4333 τε
2910 4279 3289 4352 Συράκουσαν,
3324 4276 3422 4331 καὶ
3450 4276 3510 4331 τὸ
3537 4276 3740 4330 καλού-
3772 4346 3777 4353 ⁸

2155 4382 2316 4448 μένον
2360 4373 2760 4447 Ταυρομένιον,
2794 4372 2888 4427 καὶ
2915 4371 3086 4443 αὐτὴν
3111 4370 3211 4447 τὴν
3244 4366 3617 4442 Ἀκράγαντα,
3648 4370 3746 4424 καὶ

2149 4447 2247 4534 σὰς
2271 4447 2490 4531 ’λοιπὰς
2525 4467 2709 4531 πόλεις
2740 4450 2853 4529 τὰς
2878 4465 2977 4536 μὲν
3023 4463 3402 4536 ἠρημωμένας
3443 4454 3594 4534 παρὰ
3630 4462 3745 4517 τῶν

2152 4559 2510 4632 Σάρακηνῶν.
2540 4560 2652 4632 Τήν
2671 4559 2790 4630 ’μὲν
2824 4556 2916 4612 οὖν
2948 4556 3306 4626 Συράκουσαν
3330 4556 3424 4609 ἐπὶ
3447 4555 3739 4609 Βασιλεῑου

2152 4655 2246 4709 τοῦ
2282 4654 2529 4724 ἀοιδίμου
2566 4653 2838 4725 βασιλέως
2871 4651 3183 4724 παρέλαϐον
3217 4652 3267 4703 οἱ
3304 4648 3643 4722 Σαρακηνοι’
3679 4648 3746 4702 τὸ

2150 4749 2209 4803 δὲ
2234 4746 2615 4820 Ταυρομένιον
2641 4749 2735 4803 ἐπὶ
2760 4749 2991 4811 Λέοντος
3036 4742 3133 4800 τοῦ
3180 4746 3528 4815 Σοφωτάτου.
3567 4742 3745 4799 Ctete-

2153 4844 2272 4895 ru'm
2308 4841 2537 4911 insignes
2588 4838 2741 4893 urbes
2793 4839 2941 4893 habet
2995 4826 3327 4909 Syracusas,
3353 4848 3403 4892 et
3453 4834 3748 4891 Taurome-

2154 4933 2299 4987 nium
2361 4933 2595 4996 dictum,
2658 4931 2932 5000 ipsumque
2982 4915 3362 4998 Agrigentum,
3419 4935 3470 4980 et
3525 4933 3749 4980 cceteras

2154 5024 2410 5090 ciuitates,
2440 5018 2629 5092 partim
2655 5021 2941 5081 desolatas,
2972 5022 3167 5091 partim
3202 5016 3486 5073 Saracenis
3519 5033 3753 5099 occupa-

2156 5129 2258 5173 tas.
2294 5117 2587 5188 Syracusas
2630 5125 2766 5169 certe
2797 5112 2893 5168 sub
2930 5112 3133 5167 Basilio
3167 5113 3487 5181 imperatore
3513 5092 3749 5181 percele-

2155 5212 2234 5265 bri
2266 5220 2506 5279 ceperunt
2537 5208 2812 5272 Saraceni,
2843 5205 3251 5260 Tauromenium
3277 5219 3397 5258 vero
3441 5204 3536 5257 sub
3575 5200 3750 5257 Leone

2155 5304 2469 5373 imperatore
2515 5299 2788 5370 Sapiente.

2297 5445 2326 5516 ᾗ
2371 5444 2439 5500 ιι.
2470 5475 2538 5489 -—
2570 5444 2755 5501 Status
2801 5444 3187 5501 ecclesiasticus
3238 5443 3603 5500 Tauromenii.

2228 5578 2743 5634 Tauromenitanam
2794 5575 3089 5635 Ecclesium
3139 5579 3462 5648 antiquitate
3490 5578 3751 5651 ctdigni-

2162 5680 2269 5725 late
2301 5685 2421 5726 cum
2454 5671 2644 5740 primis
2670 5678 2723 5725 et
2754 5671 2941 5741 prima:
2988 5670 3324 5740 antiquitatis
3362 5669 3621 5725 Eeclesiis
3657 5669 3751 5725 Si-

2165 5762 2301 5819 ciliae
2334 5761 2759 5832 componendam
2801 5776 2960 5819 nemo
2989 5763 3196 5819 vocarit
3224 5762 3277 5818 in
3309 5760 3553 5830 dubium,
3587 5761 3749 5824 medo
