4062 6214
341 257 418 322 65
1364 252 1771 317 FRANCISGI
1806 256 2071 317 SCORSI
2107 259 2542 324 PROCEMIUM
2584 263 2632 325 Ι.
3552 282 3623 350 66

343 369 468 439 ejus
524 368 814 439 primordia
862 378 1107 436 reputet;
1165 370 1418 423 nimirum
1455 386 1483 422 a
1513 370 1568 424 S.
1604 369 1762 423 Petro
1804 386 1934 437 apo-

344 463 616 523 stolorum
652 460 896 528 principe
931 459 1237 525 fundatam,
1276 462 1442 517 misso
1459 477 1524 515 ex
1545 462 1761 516 Oriente
1790 459 1936 514 Tau-

348 556 647 611 romenium
682 553 742 606 S.
778 553 1099 617 l’ancralit),
1154 556 1329 622 primo
1378 554 1493 619 ejus
1547 554 1818 621 episcopo,
1866 553 1936 605 ab

352 651 582 718 ipsumet
618 647 675 702 8.
715 647 877 701 Petro
925 656 1265 712 consecrato,
1312 658 1461 701 extra
1512 645 1932 700 controversiam

352 751 451 792 est.
506 736 761 792 Testatur
813 736 1251 807 Martyrologium
1300 736 1659 792 Romanum?»
1692 737 1930 803 Aprilis;

343 829 497 883 card.
542 826 809 881 Baronius
837 828 889 880 in
929 832 1111 895 notis;
1159 827 1387 898 Niceph.
1438 828 1532 882 lib.
1562 844 1645 893 ut,
1678 846 1728 883 c.
1758 829 1847 894 35,
1879 838 1934 884 et

337 927 527 973 noster
562 917 924 986 Theophanes
972 920 1117 972 hom.
1152 918 1220 972 de
1249 916 1306 973 S.
1340 918 1663 984 Pancratio;
1705 916 1833 986 quin
1866 932 1929 971 ex

338 1010 446 1063 fide
475 1024 598 1079 quat
629 1025 793 1076 penes
822 1008 1126 1064 Simeonem
1176 1009 1593 1081 Metapltrastem
1624 1020 1726 1072 est,
1773 1009 1926 1065 Orat.

335 1102 401 1159 de
443 1099 549 1156 SS.
598 1097 758 1154 Petra
783 1111 831 1155 et
861 1100 1063 1168 Paulo,
1127 1103 1366 1170 ejusdem
1395 1101 1453 1156 S.
1485 1102 1628 1158 Petri
1686 1102 1927 1171 vestigiis

335 1191 622 1260 impressis
652 1206 714 1244 ca
746 1192 977 1246 ecclesia
1034 1193 1323 1248 sanctitate
1350 1201 1405 1246 et
1447 1191 1649 1247 honore
1683 1202 1839 1246 aucta
1874 1203 1927 1246 et

336 1284 578 1340 stabilita
607 1293 730 1349 est;
761 1285 1024 1354 siquidem
1071 1284 1264 1338 festum
1306 1300 1370 1339 ex
1401 1284 1596 1339 itinere
1620 1284 1923 1351 apostolum

338 1375 575 1442 liuspitio
603 1378 836 1444 excepit,
875 1376 992 1444 ipso
1023 1374 1081 1428 8.
1110 1374 1397 1429 Pancratio
1422 1375 1493 1428 illi
1527 1375 1742 1429 obviam
1778 1390 1926 1431 sum-

338 1467 446 1520 mis
496 1468 698 1519 amoris
752 1468 1237 1536 signiﬁcationibus
1310 1468 1652 1536 procedente.
1701 1468 1805 1521 Sed
1856 1469 1923 1522 de

342 1560 403 1615 S.
437 1559 720 1613 Pancratio
760 1561 983 1629 ejusque
1012 1561 1149 1615 actis
1203 1575 1266 1614 ac
1293 1562 1550 1626 martyrio
1578 1559 1920 1614 Tauromenii

338 1653 502 1707 obitis
532 1652 791 1715 nonnulla
823 1651 986 1707 refert
1019 1668 1084 1707 ex
1113 1652 1394 1708 Gallieano
1426 1652 1699 1707 Breviario
1729 1642 1922 1706 excer-

334 1758 425 1814 pta
461 1746 524 1800 D.
556 1745 807 1800 Bocchus
844 1746 1031 1801 Pirrus
1059 1748 1112 1799 in
1146 1747 1285 1799 notis
1327 1743 1781 1799 Tauromenitana:
1812 1743 1921 1797 Ec-

332 1836 527 1898 clesia,
578 1838 720 1906 apud
752 1851 912 1906 quem
962 1837 1126 1891 etiam
1162 1835 1314 1903 plura
1345 1837 1409 1890 ad
1454 1838 1589 1891 hanc
1620 1835 1917 1890 Ecclesium

332 1929 638 1998 spectantia
695 1928 860 1997 leges.
922 1926 1031 1983 Nos
1076 1938 1159 1982 sat
1207 1927 1485 1992 habemus,
1543 1940 1601 1982 ut
1645 1931 1916 2000 syuopsim

332 2020 625 2092 quamdam
687 2019 805 2089 ejus
856 2020 1112 2074 Ecclesia:
1161 2020 1247 2073 hic
1297 2022 1703 2089 prternittamns,
1762 2029 1918 2088 prout

334 2121 577 2166 nostrum
630 2100 933 2165 institutum
993 2108 1248 2178 postulat,
1298 2122 1508 2163 summa
1556 2110 1919 2179 perstringere

332 2205 532 2274 capita.
559 2202 621 2258 8.
655 2201 949 2256 Pancratio
999 2200 1263 2256 successit
1318 2201 1576 2269 Evagrius
1605 2200 1722 2268 ejus
1755 2200 1916 2252 dist-i-

331 2293 525 2364 pulus;
560 2292 794 2362 Evagrio
821 2290 883 2347 8.
915 2290 1201 2351 Maximus.
1254 2291 1413 2347 ambo
1446 2306 1474 2345 a
1506 2289 1565 2346 S.
1599 2291 1758 2345 Petro
1788 2307 1918 2345 con—

328 2386 535 2440 secrati
582 2383 846 2454 episcopi,
878 2382 1082 2451 primus
1134 2381 1338 2445 Romae,
1370 2398 1488 2436 cum
1522 2393 1665 2436 esset
1711 2384 1916 2452 legatus

330 2489 401 2531 eo
453 2474 656 2529 missus
685 2488 713 2526 a
758 2473 819 2528 S.
848 2472 1173 2537 Pancratio;
1231 2471 1499 2525 secundus
1545 2469 1912 2543 Tauroiuenii,

335 2579 463 2619 cmn
516 2563 591 2618 ibi
618 2579 682 2618 ex
724 2563 914 2618 itinere
969 2572 1292 2616 moraretur.
1344 2561 1416 2615 De
1461 2560 1639 2629 priore
1688 2571 1914 2615 testatur

326 2654 667 2725 Gallicanum
714 2652 1070 2714 Breviarium,
1104 2652 1246 2721 quod
1277 2667 1376 2723 ego
1404 2665 1525 2706 cum
1558 2667 1730 2706 essent
1765 2649 1911 2706 Tau-

326 2745 583 2811 ronienii,
633 2744 872 2799 oblatum
916 2758 946 2798 a
992 2741 1227 2807 civibus,
1283 2742 1425 2811 legi:
1458 2754 1523 2794 ex
1568 2756 1674 2811 quo
1728 2742 1908 2797 itidem

326 2834 518 2891 Pirrus
541 2835 597 2889 in
625 2850 719 2891 sua
754 2832 944 2889 notitia
983 2832 1220 2888 secundo
1267 2831 1384 2887 loco
1411 2841 1532 2899 post
1566 2829 1909 2885 Pancratium

326 2927 519 2985 statuit
565 2928 883 2997 Evagrium.
916 2926 1307 2981 Testimonium
1357 2924 1615 2978 Breviarii
1661 2924 1913 2992 produci-

327 3037 451 3077 mus
495 3021 564 3075 ad
609 3020 886 3074 homiliam
931 3018 998 3073 de
1044 3018 1105 3073 8.
1156 3017 1441 3072 Pancratio
1490 3016 1695 3088 (homil.
1739 3019 1905 3085 LVII),

326 3122 458 3167 uota
489 3113 591 3178 l3;
625 3109 964 3181 posterioris,
999 3109 1100 3165 hoc
1130 3117 1209 3164 est
1241 3107 1299 3162 8.
1329 3108 1567 3174 Maximi,
1605 3108 1903 3176 Metaphra-

325 3214 463 3259 stem
495 3204 671 3258 habeo
704 3211 976 3257 auctorem
1009 3202 1125 3254 loco
1157 3200 1342 3255 citato.
1386 3199 1556 3270 Hujus
1604 3198 1664 3257 S.
1692 3200 1905 3253 Maximi

325 3293 756 3350 anniversariam
803 3291 1256 3348 Tauromenitana
1305 3288 1541 3345 Ecclesia
1589 3291 1903 3344 memoriam

324 3387 455 3443 colit
486 3386 665 3454 pridie
695 3384 820 3440 ldus
847 3383 1107 3439 Januarii.
1143 3383 1273 3438 Post
1296 3382 1584 3436 Maximum
1616 3382 1749 3436 Nico
1775 3398 1907 3448 prae-

326 3480 431 3534 fuit
451 3478 839 3541 Tauromenio,
867 3477 961 3546 qui
994 3490 1112 3529 cum
1144 3483 1357 3528 centum
1396 3475 1685 3543 nonaginta
1716 3489 1902 3526 novent

326 3569 609 3638 discipulis
658 3567 793 3629 suis,
847 3567 1007 3620 Decio
1042 3565 1366 3631 imperatore
1409 3563 1731 3619 Christianae
1782 3564 1903 3618 tidei

327 3658 701 3716 testimonium
728 3657 875 3711 dedit
905 3663 1098 3710 morte.
1128 3653 1253 3708 Post
1278 3654 1376 3723 hos
1405 3654 1554 3705 multi
1577 3668 1642 3705 cx
1666 3652 1905 3721 epistolis

329 3749 645 3822 pontiﬁcum
674 3757 727 3803 et
755 3746 974 3818 synodis
1005 3760 1127 3799 cum
1161 3744 1577 3821 provincialibus
1611 3753 1723 3805 tum,
1751 3759 1903 3799 mcu-

328 3839 557 3895 menicis
606 3834 1046 3891 Tauromenitani
1089 3831 1329 3909 episcopi
1378 3831 1718 3915 colliguntur.
1768 3831 1899 3888 Nam

327 3934 387 3990 8.
418 3932 531 3990 Leo
560 3932 799 4003 pontifex
837 3931 1059 4000 epistola
1108 3941 1267 3999 quam
1301 3927 1364 3981 ad
1397 3927 1675 3984 universos
1704 3929 1904 3983 Sicilire

325 4029 610 4097 episcopos
641 4023 858 4094 scripsit
884 4021 1026 4077 circa
1073 4035 1271 4074 annum
1305 4019 1433 4084 447,
1466 4019 1902 4089 Tanromenitani

328 4120 660 4173 mentionem
711 4114 860 4179 facit,
906 4113 999 4168 sed
1050 4126 1243 4166 nomen
1299 4125 1401 4164 non
1451 4110 1724 4179 exprimit.
1774 4111 1904 4168 Post

331 4209 586 4266 Romana:
642 4207 848 4278 synodo
890 4206 989 4259 sub
1039 4199 1365 4274 Symmacho
1421 4217 1559 4273 papa
1616 4188 1902 4259 celebrata:

326 4302 575 4359 interfuit
620 4299 885 4368 ROgatus,
920 4294 1409 4363 Tauromenitanus
1453 4294 1772 4362 episcopus;
1808 4292 1900 4349 Vi-

325 4392 521 4455 ctorini
551 4403 604 4445 et
633 4387 926 4445 Secundini
972 4385 1348 4455 episcoporum
1395 4384 1640 4439 meminit
1673 4383 1735 4438 D.
1767 4383 1900 4439 Gre-

322 4484 507 4556 gorius
560 4480 788 4551 epistola
815 4479 881 4533 ad
914 4477 1130 4532 Petrum
1181 4474 1588 4541 subdiaconum,
1625 4476 1769 4531 circa
1799 4492 1901 4531 an-

325 4585 451 4624 uum
501 4567 648 4632 649;
696 4565 883 4623 Justus
910 4566 976 4620 ad
1015 4564 1298 4621 concilium
1355 4563 1720 4621 Lateraneuse
1757 4566 1903 4620 venit

323 4657 559 4714 Martino
592 4656 845 4729 pontiﬁce
869 4665 923 4710 et
946 4655 1241 4712 Constante
1266 4655 1622 4723 imperatore;
1659 4655 1722 4709 ad
1753 4669 1903 4710 uacu-

326 4752 594 4806 menicam
665 4750 927 4820 synodum
974 4765 1024 4804 vi
1075 4748 1429 4803 Constantino
1494 4749 1651 4802 tertio
1711 4756 1901 4804 contra

329 4842 710 4899 llouothelitas
756 4841 1009 4898 convenit
1054 4856 1176 4897 cum
1210 4841 1421 4897 castoris
1465 4839 1657 4896 Petrus
1691 4841 1902 4910 episco-

327 4950 428 5007 pus
472 4934 998 4998 Tanromenitanus;
1037 4933 1279 5003 septimae
1327 4947 1472 4997 vero,
1508 4946 1627 5001 quae
1670 4931 1770 4986 fuit
1806 4930 1903 4986 Ni-

323 5042 471 5083 carna
528 5042 591 5090 tt,
643 5035 835 5082 contra
897 5022 1321 5088 lconomachos,
1376 5022 1727 5079 Constantino
1779 5038 1899 5077 cum

315 5118 475 5175 [rene
531 5126 705 5172 matre
758 5116 961 5186 impp.,
1015 5113 1250 5169 Joannes
1306 5112 1569 5169 interfuit.
1620 5111 1752 5169 Post
1804 5116 1902 5170 hos

316 5211 525 5282 legitur
576 5208 866 5265 Zacharias
912 5206 1401 5262 Tauromenitanus
1448 5208 1755 5276 episcopus,
1806 5222 1902 5263 seu

319 5304 503 5376 potius
533 5300 1011 5371 pseudepismpus,
1044 5310 1103 5352 ut
1134 5299 1186 5354 in
1223 5300 1366 5354 notis
1393 5298 1664 5355 Anastasii
1702 5300 1901 5354 Biblio-

318 5393 548 5450 thecarii
582 5393 781 5461 legitur
804 5393 869 5445 ad
892 5390 1179 5446 concilium
1200 5391 1424 5460 vm,qui
1455 5390 1629 5445 Photii
1659 5390 1903 5459 partibus

321 5484 453 5540 favit
482 5501 498 5539 :
523 5484 623 5538 sed
652 5498 720 5537 an
748 5482 837 5536 hic
869 5482 937 5537 sit
966 5482 1106 5536 idem
1145 5490 1308 5550 atque
1360 5480 1447 5534 ille
1485 5479 1778 5536 Zacharias
1808 5482 1901 5550 qui

298 5584 687 5653 ,coguomento
743 5575 962 5644 Cophus
991 5574 1064 5628 sit
1109 5573 1306 5638 dictus,
1355 5583 1413 5628 ut
1454 5572 1592 5626 Pirri
1639 5574 1902 5643 scriptum

316 5669 561 5741 reliquit,
592 5675 647 5726 et
685 5682 752 5724 an
779 5665 1171 5739 archiepiscopi
1221 5664 1373 5719 titulo
1424 5675 1614 5739 auctus
1644 5680 1671 5718 a
1709 5662 1901 5741 Photio

2049 370 2211 425 fuerit
2275 376 2784 459 pseudopatriarcha
2848 381 3287 456 Const:mtinop.,
3324 388 3622 463 diaputabi-

2042 476 2163 516 mus
2195 463 2353 529 infra,
2386 464 2412 536 ᾗ
2441 483 2521 521 lll.
2558 467 2692 523 lluic
2722 469 3017 540 Zacharia',
3063 480 3172 538 jam
3203 479 3255 532 in
3282 484 3488 551 synodo
3524 503 3616 541 \‘tll

2030 558 2399 619 lmenmenita
2426 558 2671 625 deposito
2706 570 2760 614 ttt
2788 561 3153 631 schismatico,
3192 583 3289 623 nec
3314 574 3617 645 pcnnitenti,

2028 648 2302 713 _8ttccessit
2354 647 2710 720 Theophanes
2743 653 3030 710 Cerametts
3076 671 3426 719 consecratus
3484 677 3621 721 teut-

2038 752 2167 806 pore
2220 740 2333 807 ipso
2381 745 2660 813 cumpusiti
2709 745 3022 803 schismatis
3068 759 3119 802 et
3165 754 3310 818 pacis
3363 759 3620 815 restituta:

2032 823 2291 883 Ecclesia:
2349 828 2652 901 Orientali,
2726 837 2869 904 quod
2932 840 3208 895 evidenter
3268 849 3618 908 ostendemus

2033 922 2296 985 prooemio
2325 919 2386 987 ll,
2419 922 2447 994 §
2482 939 2534 978 tv
2562 938 2615 979 et
2654 941 2769 992 vn;
2821 939 3010 984 nostro
3066 940 3246 988 autem
3305 934 3616 1009 TheOphani

2035 1011 2359 1082 subrogatus
2410 1016 2618 1071 videtur
2644 1017 2703 1072 S.
2733 1018 3044 1093 Procopius,
3087 1025 3179 1095 qui
3223 1043 3366 1083 anno
3412 1030 3617 1090 Christi

2032 1103 2158 1169 903,
2189 1101 2387 1162 Leonis
2421 1108 2667 1177 imperat.
2705 1127 2852 1176 xxvr,
2881 1113 2982 1167 sub
3015 1113 3335 1171 Abracheno
3362 1120 3616 1181 Africano

2031 1195 2426 1255 Saracenorum
2476 1217 2598 1272 rege
2649 1202 2936 1258 invadente
2965 1214 3020 1261 et
3058 1219 3359 1278 occupante
3410 1212 3618 1271 Tauro-

1970 1352 1985 1368 .
2029 1289 2288 1354 monium,
2350 1293 2493 1361 quod
2550 1306 2880 1364 postremum
2938 1295 3040 1352 fuit
3092 1300 3144 1353 in
3201 1300 3470 1360 Siciliensi
3527 1307 3614 1363 illa

2028 1379 2180 1433 clade
2210 1391 2371 1449 atque
2402 1383 2639 1452 pernicie
2665 1395 2880 1456 captum
2907 1389 3199 1458 oppidum;
3231 1391 3339 1456 ille,
3370 1395 3610 1465 inquam,

2026 1465 2085 1527 S.
2117 1465 2413 1538 Praecpius
2462 1471 2779 1544 martyrium
2815 1487 3003 1549 passus
3052 1484 3175 1532 est:
3208 1479 3349 1548 quod
3385 1480 3615 1536 habetur

2026 1572 2093 1635 ex
2126 1556 2244 1612 Vita
2280 1560 2519 1629 ejusdem
2554 1562 2612 1616 S.
2650 1562 2919 1632 Procopii,
2968 1579 3129 1634 quam
3163 1565 3397 1625 Joannes
3427 1571 3614 1626 diaco—

2026 1664 2129 1713 nus
2191 1648 2575 1729 Neapolitanus
2633 1653 2865 1729 intexuit
2913 1655 2965 1709 in
3022 1671 3086 1711 ea
3140 1638 3447 1714 narratione
3506 1678 3612 1729 qua

2028 1740 2432 1797 translationem
2493 1728 2735 1813 corporis
2788 1728 2849 1802 S.
2896 1745 3140 1802 Severini
3195 1730 3600 1829 θιιίψυιιδιιο

2024 1833 2249 1888 castello
2282 1851 2376 1904 per
2408 1837 2750 1892 occasionem
2806 1838 3018 1894 tinioris
3048 1838 3116 1894 de
3146 1843 3458 1897 eorumdem
3510 1842 3611 1898 Sa-

2023 1940 2345 1981 racenorum
2383 1928 2690 1984 incursione
2722 1929 2898 1984 coorti
2944 1930 3221 1986 describit.
3256 1931 3385 1986 Eam
3422 1934 3522 2004 legi
3554 1936 3607 1990 in

2023 2020 2392 2075 monumentis
2451 2036 2579 2076 mss.
2627 2008 2687 2076 P.
2723 2019 2937 2076 Oetavii
2968 2021 3212 2090 Caetani,
3266 2039 3383 2091 qua:
3429 2032 3606 2081 tamen

2021 2107 2198 2163 adhuc
2223 2109 2322 2164 sub
2355 2108 2550 2183 incude
2603 2117 2905 2165 tornanlur.
2941 2110 3066 2167 llaec
3110 2111 3351 2167 Ecclesia
3398 2114 3609 2169 Tauro-

2021 2199 2296 2270 menitana
2345 2200 2411 2255 de
2458 2201 2744 2275 episcopali
2801 2200 2958 2256 simul
3001 2208 3055 2256 et
3098 2200 3315 2271 politico
3379 2201 3608 2260 ﬂorente

2019 2296 2163 2347 Statu
2220 2290 2457 2356 decidit;
2512 2291 2608 2347 sed
2644 2289 2885 2359 profecto
2924 2292 3124 2357 decuit,
3154 2301 3211 2347 ut
3258 2308 3379 2362 quae
3427 2293 3607 2350 fuerat

2019 2381 2277 2450 martyris
2310 2380 2367 2435 S.
2395 2379 2665 2436 Pancratii
2705 2381 2863 2453 primi
2917 2383 3148 2451 pastoris
3187 2386 3450 2454 sanguine
3502 2387 3605 2440 ini-

2021 2468 2172 2531 tiata,
2206 2484 2267 2523 ea
2302 2479 2445 2525 esset
2471 2480 2527 2524 et
2568 2470 2828 2540 postremi
2871 2469 3057 2525 itidem
3107 2471 3370 2540 sanguine
3417 2474 3599 2529 cousi-

2016 2570 2199 2628 gnata.
2230 2560 2341 2614 Nec
2370 2574 2497 2614 vero
2527 2560 2669 2615 inter
2711 2562 2944 2629 primum
2972 2571 3026 2615 et
3053 2574 3381 2629 postremum
3413 2576 3601 2633 pasto—

2017 2665 2125 2713 res,
2181 2651 2271 2720 qui
2320 2651 2556 2706 animam
2617 2665 2770 2706 suam
2822 2667 2922 2721 pro
2972 2653 3163 2706 ovibus
3221 2654 3599 2723 profuderunt,

2014 2741 2193 2799 ovium
2236 2739 2475 2810 ipsarum
2513 2755 2636 2794 cum
2668 2739 2831 2809 lupis,
2860 2740 2944 2794 vel
2970 2739 3220 2807 ethnicis,
3257 2742 3338 2797 vel
3372 2742 3602 2799 Sarace-

2015 2831 2100 2887 nis
2131 2830 2431 2889 Christiani
2464 2831 2697 2887 nominis
2740 2831 2987 2887 hostibus
3019 2847 3122 2887 non
3154 2818 3393 2903 spectata
3424 2848 3601 2891 certas

2015 2923 2202 2977 mina:
2237 2924 2400 2977 etiam
2429 2922 2629 2978 decoro
2679 2923 2874 2976 civium
2914 2908 3131 2977 suorum
3170 2925 3432 2996 sanguine
3472 2941 3602 2982 ccu-

2014 3027 2199 3081 spersa
2227 2996 2282 3066 et
2307 3021 2516 3079 ornata,
2567 3012 2764 3067 utalia:
2793 3012 2996 3079 multae,
3031 3013 3268 3067 Ecclesia
3310 3015 3602 3072 Taurome—

2014 3084 2221 3155 nitana.
2246 3100 2485 3157 Ostensze
2509 3101 2635 3155 mihi
2665 3110 2791 3155 sunt
2812 3098 3153 3155 Tauromenii
3186 3102 3355 3175 plenae
3378 3104 3597 3160 ossibus

2014 3208 2188 3262 capsae
2220 3193 2360 3259 dum,
2389 3208 2510 3262 qua:
2557 3192 2739 3246 multis
2785 3202 2910 3246 ante
2958 3194 3114 3247 annis
3146 3193 3201 3247 in
3233 3209 3363 3264 agro
3395 3193 3601 3250 Tauro-

2011 3286 2285 3353 menitano
2316 3303 2421 3341 non
2453 3287 2571 3341 sine
2602 3286 2797 3342 divinis
2828 3285 3212 3342 miraculorum
3270 3289 3595 3345 testimoniis

2011 3382 2227 3436 inventa
2259 3391 2546 3451 erectaque
2580 3393 2724 3448 sunt,
2761 3381 2844 3437 vel
2881 3384 3083 3437 recenti
3129 3385 3303 3439 adhuc
3327 3388 3592 3455 sanguine

2013 3475 2200 3537 tincta,
2232 3483 2285 3528 et
2313 3474 2442 3543 ipsis
2469 3475 2629 3528 etiam
2672 3474 2863 3530 mortis
2911 3476 3284 3531 instrumentis
3329 3478 3541 3533 conﬁxa
3569 3494 3586 3533 :

2009 3565 2104 3618 sed
2146 3580 2373 3634 quorum
2412 3577 2733 3631 martyrum,
2794 3567 3014 3633 cuiusve
3066 3568 3320 3635 tempOris
3357 3568 3443 3621 illa
3481 3572 3592 3624 sint

2012 3658 2246 3709 nondum
2277 3666 2607 3723 compertum
2635 3658 2701 3709 ab
2734 3656 2886 3724 ipsis,
2917 3671 3015 3711 nec
3045 3658 3112 3711 ab
3144 3656 3387 3712 liornano
3418 3660 3589 3727 ponti-

2010 3745 2111 3823 fice
2136 3746 2425 3800 sancitum.
2456 3745 2722 3799 Cxterum
2754 3762 2815 3800 ex
2848 3746 3090 3823 historiis
3120 3747 3260 3813 aliis,
3289 3764 3352 3802 ac
3394 3748 3590 3805 tabulis

2008 3820 2065 3889 et
2095 3837 2458 3909 monumentis
2485 3834 2600 3888 haec
2658 3820 3005 3905 colliguntur.
3048 3834 3158 3889 Sub
3192 3836 3364 3905 ipsum
3406 3835 3593 3892 Eccle-

2008 3929 2102 3985 sia:
2148 3939 2417 3994 exortum,
2484 3928 2729 3997 magistri
2785 3939 2839 3981 et
2888 3928 3150 3983 antistitis
3194 3930 3276 3984 sui
3318 3928 3587 3984 Pancratii

2006 4022 2345 4093 documentis
2380 4022 2676 4091 instructae,
2711 4020 3065 4095 exemploque
3099 4023 3454 4089 conﬁrmatae,
3485 4022 3586 4079 SS.

2005 4112 2260 4185 mulieres
2312 4108 2459 4163 Esia
2521 4108 2768 4164 Susanna
2810 4117 2865 4163 et
2904 4107 3118 4174 Zenais,
3151 4109 3218 4164 de
3263 4120 3491 4180 tyranno
3524 4128 3591 4168 ac

2007 4184 2138 4259 sexu
2194 4184 2439 4277 muliebri
2494 4201 2657 4255 morti
2709 4200 3094 4280 occumbentes
3167 4204 3588 4275 triumpharunt.

2007 4284 2229 4351 Cum‘S.
2258 4292 2463 4349 Nicone
2496 4292 2682 4347 itidem
2714 4294 3168 4364 episcopc,quem
3200 4306 3397 4363 quarto
3425 4311 3589 4367 supra

2009 4388 2376 4442 recensuimus
2422 4385 2564 4452 loco,
2601 4386 2724 4440 caesi
2768 4394 2914 4449 sunt,
2970 4385 3131 4441 Decio
3169 4396 3459 4451 exercente
3508 4401 3590 4460 ty-

2006 4477 2312 4539 rannidem,
2368 4476 2584 4530 ducenti
2638 4491 2747 4549 uno
2807 4476 3026 4540 minus,
3090 4477 3182 4546 qui
3234 4477 3591 4551 triumphanti

2006 4568 2130 4622 duci
2175 4582 2274 4622 suo
2305 4566 2445 4622 latus
2502 4569 2791 4638 stiparent,
2845 4568 3034 4622 eadem
3080 4550 3269 4624 laurea
3314 4570 3591 4637 redimiti;

2005 4657 2150 4727 quod
2174 4657 2247 4712 ibi
2276 4656 2441 4712 etiam
2492 4658 2790 4727 attigimus.
2821 4658 2894 4712 At
2920 4673 2987 4713 ex
3020 4657 3358 4723 Diocletiano
3409 4660 3589 4730 impe-

2008 4762 2189 4806 ratore
2219 4748 2323 4804 SS.
2354 4747 2559 4823 Sperus
2590 4758 2644 4803 et
2671 4747 3027 4807 Cornelianus
3070 4765 3192 4805 cum
3232 4752 3398 4807 sociis
3426 4767 3587 4807 sexa-

2008 4843 2155 4914 ginta
2182 4841 2426 4896 eamdem
2456 4840 2690 4903 retulere
2725 4840 2976 4911 palmam.
3006 4839 3117 4896 Nec
3146 4856 3274 4895 vero
3298 4840 3359 4896 8.
3388 4841 3589 4896 Proco-

2007 4933 2097 5002 pio
2142 4942 2416 5002 postremo
2464 4932 2718 5002 episcopo
2744 4940 2797 4987 et
2825 4941 3061 5002 martyre
3121 4932 3301 4988 socios
3354 4931 3589 4987 abfuisse

2007 5025 2352 5099 crediderim,
2386 5010 2438 5076 in
2469 5024 2557 5078 illa
2608 5025 2995 5080 immanissima
3035 5035 3239 5092 strage,
3284 5040 3446 5099 quam
3490 5028 3589 5077 Sa.

2007 5118 2212 5185 raceni,
2264 5116 2587 5173 Christiana:
2654 5116 2931 5186 religionis
2981 5116 3322 5171 infeStissimi
3383 5118 3587 5180 hostes,

2008 5210 2249 5282 ejusdem
2308 5224 2471 5265 causa
2506 5208 2789 5271 dederunt,
2838 5209 2950 5281 jam
2994 5219 3153 5287 capto
3200 5208 3585 5285 Tauromeniu,

2008 5316 2238 5369 quorum
2270 5299 2530 5354 fortassse
2582 5313 2739 5353 sacra
2773 5296 3003 5368 λείψανα
3035 5305 3162 5352 sunt
3187 5314 3305 5366 qua:
3344 5299 3588 5375 superio-

2005 5393 2159 5449 ribus
2205 5393 2364 5447 annis
2413 5390 2629 5446 inventa
2676 5390 2791 5461 jam
2840 5392 3107 5447 asservari
3150 5392 3259 5444 dixi
3289 5392 3343 5443 in
3384 5390 3586 5457 majore

2006 5485 2358 5546 Tauromenii
2393 5483 2610 5553 templo.
2642 5480 2868 5538 Demum
2898 5496 3000 5536 nec
3034 5481 3297 5552 virginum
3328 5495 3429 5535 nec
3459 5493 3587 5532 con-

2009 5579 2275 5633 fessorum
2339 5572 2562 5629 tioribus
2621 5586 2777 5628 sacer
2838 5569 3329 5641 Tauroruenitanus
3394 5568 3587 5623 hortus

2016 5658 2211 5741 caruit,
2247 5679 2471 5733 quorum
2504 5663 2636 5718 odor
2668 5661 2774 5719 late
2811 5670 3131 5741 pervagatus
3161 5659 3251 5717 sit.
3283 5659 3356 5714 Ex
3387 5657 3585 5715 horum
