4062 6214
461 296 531 360 α
1506 288 1902 350 FRANCISCI
1942 284 2201 347 SCOBSI
2249 284 2687 349 PROtEMlUM
2732 289 2779 348 1.
3658 281 3732 347 68

457 414 601 471 enim
654 427 852 484 genere
887 408 1103 463 luerunt
1152 406 1398 472 Paulina,
1436 407 1547 477 jam
1598 407 1722 461 inde
1751 423 1777 458 a
1808 404 1866 458 S.
1901 402 2040 455 Pan-

460 504 631 560 cratio
685 501 901 557 Christo
942 496 1155 564 dicata;
1190 497 1583 565 Epaphroditus
1637 497 1921 566 presbyter
1976 490 2044 545 ab

457 592 646 648 eodem
675 591 845 644 sacris
875 586 1152 652 initiatus;
1182 595 1237 642 et
1266 585 1591 640 Christianis
1620 583 2042 653 imperatoribus

459 685 513 737 iu
564 682 779 735 Oriente
824 678 1259 740 dominantibus,
1320 677 1531 731 Attalus
1581 677 1816 744 itemque
1873 673 2044 728 Lucas

458 776 679 830 abbates
723 771 866 828 circa
907 785 1107 824 annum
1141 768 1246 823 800
1279 769 1663 822 monachorum
1708 764 2044 818 institutione

455 876 511 918 et
562 863 673 917 suis
724 861 821 929 ipsi
875 861 1159 913 virtutibus
1206 868 1262 913 et
1311 858 1599 912 sanctitate
1657 855 1971 909 claruerunt
2024 867 2040 906 :

456 955 756 1023 eodemque
810 952 1030 1017 saeculo,
1091 949 1309 1018 propius
1353 951 1418 1001 ad
1471 945 1815 1016 The0phanis
1875 943 2042 997 nostri

458 1059 721 1115 tempora,
759 1042 968 1109 Daniel,
1001 1043 1060 1097 S.
1095 1041 1223 1096 Elice
1271 1040 1536 1095 Eunensis
1581 1037 1894 1105 discipulus,
1931 1050 2045 1089 mo-

458 1140 678 1194 nasticae
709 1137 870 1191 etiam
909 1136 1027 1188 vitae
1063 1134 1352 1187 virtutibus
1396 1132 1611 1196 ﬂoruit;
1670 1132 1809 1185 sicut
1850 1126 2044 1181 Theo-

457 1232 689 1300 phanem
763 1228 934 1297 ipsum
993 1225 1188 1294 publici
1242 1223 1402 1277 simul
1451 1233 1505 1278 et
1557 1221 1749 1289 privati
1810 1218 2044 1273 hominis

458 1319 771 1380 virtutibus,
823 1317 1057 1384 episcopi
1106 1313 1312 1369 scilicet
1348 1323 1399 1368 et
1430 1312 1783 1370 confessoris.
1820 1309 1886 1363 de
1920 1309 2043 1378 qui-

460 1412 559 1464 bus
588 1422 685 1462 suo
716 1406 831 1460 loco
880 1405 1028 1474 plura
1083 1403 1338 1465 dicimus,
1388 1402 1670 1464 enituisse,
1719 1400 2041 1454 crediderim

459 1501 637 1568 petius
679 1512 837 1564 quam
875 1495 1224 1558 asscruerim,
1263 1494 1387 1546 dum
1443 1492 1622 1546 adhuc
1663 1491 1809 1545 nulla
1852 1501 2044 1545 aucto-

460 1596 590 1649 ritas
622 1592 864 1647 historia:
896 1605 1014 1658 qua:
1048 1590 1117 1651 de
1145 1586 1261 1655 ejus
1314 1586 1601 1642 sanctitate
1626 1601 1689 1639 ac
1720 1594 1895 1639 morte
1918 1585 2043 1639 vita:

455 1694 818 1741 consentanea
868 1682 1025 1737 tidem
1082 1679 1262 1746 faciat,
1312 1685 1556 1748 apparet.
1610 1680 1785 1745 Atque
1827 1676 1914 1730 hic
1943 1675 2043 1730 Ec-

455 1775 630 1830 clesia:
668 1771 1141 1828 Tauromenitana:
1187 1778 1360 1835 ortus,
1402 1783 1745 1840 progressus,
1791 1779 2039 1821 occasus.

454 1932 483 2005 δ
519 1930 606 1988 Ill.
668 1918 858 2000 Imago
889 1929 1053 1984 beatre
1106 1925 1342 1997 Virginis
1376 1943 1539 2010 manu
1564 1942 1667 1981 non
1720 1925 1864 1996 facta
1896 1922 2041 1978 Tau-

1205 2013 1445 2051 romemt.

527 2132 608 2189 Ad
655 2131 913 2188 Ecclesia:
974 2130 1452 2187 Tauromenitana:
1506 2139 1707 2186 statum
1757 2138 1810 2183 et
1839 2128 2041 2184 sancti-

459 2237 625 2283 tatem
673 2226 911 2296 pertinet
966 2239 1071 2281 uon
1120 2224 1278 2279 modo
1337 2223 1485 2293 quod
1544 2222 1774 2291 apostoli
1820 2222 2035 2292 signata

463 2318 728 2388 vestigiis,
769 2326 1068 2386 martyrum
1119 2315 1387 2385 sanguine
1433 2316 1711 2381 decorata,
1754 2315 1848 2368 sed
1875 2314 2039 2368 etiam

458 2413 596 2478 quod
657 2412 891 2479 imagine
949 2408 1084 2461 diva“:
1141 2405 1408 2477 Virginis,
1470 2421 1631 2475 quam
1686 2404 2041 2475 ἀχειροποίη-

455 2519 547 2554 τον
598 2500 798 2564 Graeci,
854 2500 905 2554 id
937 2509 1022 2553 est
1070 2514 1173 2552 non
1216 2497 1582 2566 manufactam
1623 2495 1829 2559 dicunt,
1877 2494 2043 2549 fuerit

457 2597 596 2648 dono
634 2592 841 2648 ctelesti
875 2592 1079 2646 dotata.
1117 2588 1247 2660 Ejus
1288 2590 1533 2644 meminit
1562 2589 1797 2644 Jacobus
1821 2586 2041 2642 Gretse-

459 2695 551 2736 rus
606 2681 656 2734 in
706 2694 872 2735 aureo
905 2678 1170 2748 opusculo
1219 2677 1298 2732 De
1346 2679 1664 2748 imaginibus
1724 2694 1826 2732 non
1877 2691 2039 2730 manu

455 2769 630 2839 factis,
677 2770 817 2838 quod
858 2767 1089 2822 attexuit
1135 2766 1278 2820 libro
1324 2767 1398 2820 De
1452 2765 1644 2834 ofﬁciis
1700 2765 1837 2818 aulce
1902 2763 2041 2820 Con-

454 2862 771 2928 stantinop.,
811 2858 905 2914 sed
962 2856 1207 2926 profecto
1240 2857 1389 2910 nullo
1427 2856 1534 2912 alio
1594 2865 1839 2922 auctore,
1873 2868 2036 2924 quam

458 2967 523 3004 ex
560 2947 690 3003 Idea
742 2947 954 3005 Octavii
983 2946 1230 3012 Caetani,
1266 2961 1427 3016 quam
1479 2946 1568 3002 ille
1608 2946 1792 3001 Ideam
1832 2956 1888 3000 ttt
1912 2960 2038 3016 pro-

457 3040 681 3095 dromou
735 3040 801 3092 ad
864 3038 1121 3093 historias
1163 3037 1267 3093 SS.
1334 3036 1645 3092 Siculorum
1699 3037 1888 3093 edidit.
1927 3037 2033 3092 Sed

456 3129 712 3187 Octavius
764 3128 1036 3185 Caetanus
1095 3143 1212 3184 eam
1269 3129 1514 3184 n0titiam
1555 3129 1763 3194 accepit
1816 3143 1882 3184 ex
1943 3129 2027 3185 his

457 3220 698 3276 homiliis
766 3218 1114 3289 Theophanis
1169 3219 1435 3281 Ceramei,
1493 3219 1585 3290 qui
1654 3220 1725 3276 de
1778 3220 1894 3289 ipsa
1952 3221 2036 3278 bis

458 3311 788 3366 mentionem
850 3307 1011 3364 facit:
1082 3310 1315 3379 primum
1377 3311 1523 3367 hom.
1580 3327 1656 3376 st,
1703 3310 1768 3365 de
1830 3328 1889 3366 eo
1944 3313 2034 3383 qui

455 3401 640 3457 incidit
684 3402 739 3454 in
805 3401 1059 3465 latrones,
1113 3401 1311 3467 initio;
1362 3401 1553 3455 deinde
1604 3403 1750 3456 hom.
1806 3418 1920 3467 ιιι,
1971 3404 2036 3457 de

459 3491 968 3563 Transﬁguratione,
998 3494 1125 3547 item
1176 3492 1228 3546 in
1253 3495 1536 3560 prooemio.
1590 3491 1835 3548 Meminit
1864 3495 2031 3548 etiam

457 3582 523 3639 D.
581 3583 830 3638 Rocchus
889 3582 1026 3638 Pirri
1084 3584 1136 3637 iu
1177 3581 1379 3638 Notitia
1417 3583 1887 3640 Tauromenitana:
1927 3585 2033 3640 Ec-

454 3672 654 3736 clesiae,
701 3672 756 3727 in
800 3684 1070 3736 extremo,
1138 3675 1231 3728 sed
1282 3688 1352 3728 ex
1398 3674 1586 3729 eodem
1650 3673 2035 3744 fonte.ltaque

452 3777 522 3819 ex
573 3773 761 3819 nostro
787 3763 1140 3835 Theophane,
1179 3768 1323 3834 quod
1352 3766 1417 3819 ad
1450 3765 1747 3833 scriptores
1773 3766 2029 3835 pertinet,

452 3855 598 3911 illius
637 3855 989 3912 traditionem
1046 3857 1210 3912 habet
1245 3857 1485 3913 Ecclesia
1540 3857 2024 3914 Tauromenitana.

449 3945 552 4003 Hic
575 3949 679 4002 duo
704 3948 900 4002 asserit
938 3948 1004 4003 ad
1039 3949 1176 4004 hanc
1216 3949 1593 4005 illustrandam
1617 3951 1880 4006 dicenda:
1910 3966 2032 4022 qua:

449 4040 603 4111 origo
622 4039 782 4109 hujus
819 4040 1110 4110 imaginis;
1155 4056 1262 4110 quo
1289 4042 1554 4097 miraculo
1581 4042 1747 4106 facta,
1784 4043 1829 4097 si
1862 4057 2029 4113 opere

448 4147 718 4202 manuque
768 4132 1005 4188 humana
1038 4147 1142 4187 non
1189 4137 1327 4204 picta
1360 4152 1374 4198 ;
1414 4149 1521 4202 quo
1568 4143 1855 4203 tempore;
1885 4136 2029 4192 unde

449 4234 656 4280 tantum
709 4226 909 4281 donum
971 4224 1288 4289 advenerit;
1340 4224 1569 4279 alterum
1627 4241 1696 4279 an
1740 4240 1912 4294 usque
1959 4227 2027 4282 ad

448 4317 766 4373 hodiernum
809 4317 1220 4387 tempusimago
1266 4317 1402 4371 divae
1424 4317 1662 4385 Virginis
1693 4332 1852 4385 quam
1887 4316 2029 4373 Tau-

448 4407 771 4463 romenitani
820 4424 1016 4475 magna
1068 4409 1327 4479 religione
1367 4424 1430 4463 ac
1490 4408 1597 4463 ﬁde
1641 4411 2025 4466 miraculorum

444 4507 794 4563 venerantur,
832 4513 990 4568 quam
1043 4512 1165 4566 ego,
1215 4513 1336 4552 cum
1381 4497 1509 4553 illuc
1544 4500 1689 4554 nullo
1721 4501 1828 4556 alio
1862 4517 2023 4572 quam

446 4591 565 4661 ejus
627 4590 867 4645 visenda:
921 4594 1138 4658 negotio
1180 4604 1266 4643 me
1309 4590 1534 4654 contuli,
1576 4591 1748 4646 oculis
1792 4592 2041 4648 lustravi

446 4682 738 4750 animoque
780 4696 898 4737 sum
942 4692 1258 4745 veneratus,
1293 4681 1363 4734 sit
1391 4664 1600 4737 eadeuf
1639 4699 1757 4753 quae
1806 4686 2024 4757 ἀχειρο-

446 4774 674 4844 ποίητος
701 4771 1045 4843 Theophanis
1078 4783 1340 4842 tempore.
1386 4773 1489 4828 Sed
1523 4774 1589 4830 de
1619 4785 1842 4843 utraque
1870 4778 2021 4847 plura

444 4875 689 4933 optarem
722 4874 779 4918 et
808 4865 1042 4919 certiora
1077 4864 1274 4919 afferre
1304 4870 1466 4933 quam
1509 4866 1703 4922 habeo.
1742 4867 1846 4923 Sed
1875 4870 2021 4924 enim

442 4957 619 5028 primo
657 4958 735 5011 uti
790 4971 939 5012 certa
994 4968 1049 5013 et
1110 4958 1247 5012 bene
1294 4958 1566 5028 disputata
1605 4974 1668 5015 ea
1727 4976 1865 5030 pono
1899 4976 2022 5032 qute

445 5049 587 5103 idem
638 5047 873 5104 Jacobus
936 5047 1226 5104 Gretserus
1269 5050 1480 5117 scribit,
1530 5066 1615 5115 eo,
1654 5067 1811 5120 quem
1864 5054 2021 5105 modo

444 5138 700 5203 diximus,
733 5140 1162 5202 Commentario,
1193 5134 1781 5222 exetpomhgovLsive
1814 5144 2023 5214 ὰχειρό-

444 5247 708 5284 τευκτονι
736 5245 857 5284 nam
899 5240 954 5286 et
978 5233 1088 5286 hac
1111 5249 1211 5287 vox
1242 5236 1295 5289 in
1331 5250 1428 5290 usu
1464 5215 1603 5301 apud
1626 5215 2019 5304 Theophanem

442 5321 732 5377 no‘strum:
772 5322 1060 5391 imaginem
1108 5327 1668 5395 universe‘sumptam
1700 5340 1821 5381 esse
1855 5328 2018 5397 quid-

444 5413 571 5482 quid
623 5415 876 5469 excludat
920 5417 1165 5472 humante
1229 5434 1420 5472 manus
1464 5434 1706 5487 operam,
1753 5431 2016 5487 quantum

445 5504 510 5557 ad
551 5504 659 5559 vim
711 5506 986 5569 vocabuli,
1027 5517 1079 5563 et
1118 5508 1203 5562 vel
1249 5509 1436 5563 divino
1461 5510 1543 5562 vel
1578 5510 1824 5578 angelico
1853 5525 2019 5578 opere

444 5593 689 5651 effectum
713 5598 800 5652 sit.
821 5597 938 5665 Quo
956 5612 1116 5654 sensu
1138 5600 1496 5654 umversalem
1518 5601 1777 5654 mundum
1799 5600 2016 5672 ἀχειρο-

446 5685 672 5758 ποίητον
724 5700 869 5744 reete
901 5688 1133 5754 dixeris,
1189 5695 1376 5758 utpote
1432 5689 1549 5743 sine
1599 5688 1758 5746 ullius
1821 5703 2017 5747 manus

2154 401 2478 468 ministerio,
2537 401 2629 458 Dei
2689 416 2819 458 voce
2875 410 3117 472 nutuque
3161 400 3464 456 conditum.
3525 397 3735 454 Deinde

2147 508 2268 547 cum
2323 492 2649 562 imaginibus
2686 494 2787 548 hoc
2841 493 3139 563 epithetum
3206 490 3520 562 apponitur,
3552 491 3730 559 signi-

2147 587 2308 641 licare
2341 600 2436 641 eas
2475 585 2765 654 imagines.
2794 585 2909 640 sive
2938 584 3141 640 Christi
3184 584 3299 639 sive
3332 581 3572 650 Virginis
3611 582 3735 652 ejus

2144 678 2359 737 Matris.
2411 693 2547 747 quas
2585 678 2667 732 vel
2722 678 2811 733 ille
2868 676 3050 732 linteis
3093 691 3185 732 seu
3246 675 3481 731 sudariis
3508 676 3736 730 admota

2143 782 2242 821 sua
2298 768 2434 822 facie
2475 769 2788 836 imprimere
2835 769 3090 838 dignatus
3137 776 3238 831 est,
3307 766 3389 820 vel
3438 765 3605 833 Virgo
3630 766 3734 818 ali-

2145 873 2251 926 quo
2307 858 2571 912 miraculo
2622 867 2676 912 et
2723 857 2895 928 angeli
2934 872 3097 924 opera
3158 856 3439 909 exhibere.
3513 853 3730 909 Christi

2146 949 2409 1019 imagines
2462 964 2566 1002 non
2601 964 2758 1002 manu
2816 948 3036 1003 ell'ectas
3073 958 3184 1001 tres
3214 962 3280 1001 ex
3313 947 3557 1000 historiis
3582 948 3734 1002 cele-

2144 1041 2328 1095 brari:
2389 1041 2709 1097 Edesseuam
2737 1042 2957 1097 missam
2998 1058 3025 1094 a
3052 1040 3272 1095 Christo
3334 1040 3400 1093 ad
3447 1039 3731 1108 Ahgarum

2145 1132 2362 1187 Edessa:
2417 1133 2732 1202 teparchatn
2759 1150 2772 1196 ;
2802 1132 3227 1193 Camuliensem,
3258 1146 3287 1185 a
3335 1130 3557 1185 civitate
3585 1129 3733 1199 Cap-

2144 1226 2384 1294 padociae
2444 1241 2637 1278 nomen
2700 1224 2970 1286 sortitam,
3008 1225 3164 1293 cujus
3218 1226 3463 1293 synodus
3484 1224 3731 1277 secunda

2143 1317 2359 1372 Niezrna
2435 1332 2530 1385 pro
2608 1315 2931 1372 venerandis
3011 1314 3335 1383 imaginibus
3400 1324 3731 1384 congregata

2145 1408 2470 1461 mentionem
2529 1407 2701 1470 facit;
2762 1407 2996 1469 tertiam,
3056 1421 3218 1475 quam
3255 1402 3729 1465 Vcrouicatn,scu

2142 1500 2344 1553 Christi
2389 1499 2597 1553 vultum
2655 1499 2820 1554 linteo
2858 1513 2955 1552 seu
3013 1497 3289 1550 sudarioa
3347 1494 3565 1550 Christo
3596 1496 3727 1550 dum

2143 1592 2210 1643 ad
2251 1590 2515 1644 CalVarite
2572 1598 2808 1643 montem
2854 1591 3164 1649 duceretur,
3219 1587 3584 1654 impressum;
3652 1586 3747 1661 atl’

2143 1682 2244 1735 hoc
2294 1697 2463 1750 genus
2501 1679 2687 1734 referri
2741 1681 2904 1733 etiam
2961 1692 3119 1747 posse
3160 1692 3279 1731 eam
3332 1678 3499 1730 totius
3530 1692 3731 1745 corpo-

2144 1772 2218 1826 ris
2262 1771 2513 1842 ellig‘em,
2554 1786 2716 1840 quam
2751 1772 2802 1824 in
2848 1772 3077 1825 sindone
3123 1786 3226 1839 qua
3273 1770 3326 1822 in
3364 1769 3616 1838 sepulcro
3647 1772 3733 1823 in-

2141 1863 2359 1918 volutus
2421 1862 2521 1917 fuit
2567 1862 2840 1927 Christus,
2913 1863 3215 1927 expressit;
3262 1877 3468 1930 easque
3521 1876 3721 1917 omnes

2141 1951 2403 2020 imagines
2434 1958 2489 2004 ct
2538 1951 2640 2003 title
2689 1949 2882 2018 dignas
2922 1948 3130 2011 haberi,
3180 1957 3234 2002 et
3264 1948 3557 2004 multorum
3585 1950 3730 2004 scri-

2141 2052 2355 2111 pturmu
2421 2039 2770 2105 testimoniis,
2830 2050 2883 2092 et
2932 2040 3266 2095 venerationi
3331 2055 3560 2095 summa:
3604 2056 3731 2095 esse

2143 2133 2195 2186 iu
2235 2131 2482 2186 ccclesiis
2534 2110 2626 2183 ubi
2674 2144 2753 2184 ea:
2778 2139 3083 2183 servantur.
3140 2128 3345 2183 Praeter
3378 2130 3473 2184 has
3502 2130 3714 2185 Christi

2141 2222 2353 2276 Domini
2413 2221 2701 2289 imagines,
2751 2220 3002 2291 leguntur
3051 2221 3217 2273 etiam
3255 2221 3520 2289 imagines
3542 2220 3720 2275 beata:

2140 2312 2381 2382 Virginis
2427 2313 2856 2382 ἀχειροποίητοι.
2922 2311 3178 2366 Testatur
3222 2310 3577 2375 Theophanes
3628 2312 3719 2364 hi-

2139 2404 2372 2460 storicus
2419 2418 2483 2456 ex
2532 2401 2764 2467 Georgio
2792 2401 2998 2461 Pisida.
3034 2412 3086 2454 et
3118 2401 3395 2455 Matthaeus
3428 2401 3711 2455 Westmo-

2138 2496 2513 2558 nasteriensis,
2555 2494 2826 2548 referente
2861 2493 3049 2547 eodem
3073 2492 3353 2556 Gretsero,
3382 2507 3449 2547 ex
3481 2506 3589 2561 quo
3611 2505 3718 2547 nos

2136 2588 2471 2659 accepimus,
2524 2585 2829 2640 lleraclium
2892 2586 3294 2654 imperatorem,
3328 2599 3472 2638 anno
3496 2583 3716 2653 imperii

2139 2682 2224 2737 sui
2270 2681 2483 2735 decimo
2522 2679 2783 2733 adversus
2834 2676 3169 2731 Chosdroam
3224 2686 3408 2731 castra
3447 2677 3712 2743 movisse,

2137 2785 2258 2829 cum
2316 2773 2480 2825 ferret
2523 2786 2707 2827 secum
2750 2777 2952 2824 sanctae
2979 2768 3070 2822 Dei
3127 2767 3432 2824 Cenitricis
3477 2769 3718 2834 iconem,

2136 2878 2258 2933 quae
2303 2863 2447 2934 apud
2477 2860 2795 2934 Byzantium
2826 2869 2931 2926 est,
2970 2875 3076 2915 non
3124 2861 3364 2916 hominis
3401 2875 3586 2923 manu,
3620 2861 3719 2916 sed

2136 2953 2316 3008 divino
2348 2952 2611 3007 miraculo
2641 2952 2835 3020 pictam
2865 2968 2879 3005 :
2905 2948 3061 3019 cujus
3091 2948 3345 3020 praesenti
3400 2964 3503 3019 ope
3522 2948 3717 3003 fultum

2137 3045 2447 3102 Heracliam
2492 3059 2684 3100 omnes
2744 3043 2982 3098 hostium
3031 3043 3217 3112 capias
3272 3041 3503 3109 fudisse,
3556 3040 3721 3112 fuga-

2133 3138 2299 3191 visse.
2355 3135 2521 3190 Addit
2545 3131 2835 3189 Gretserus
2879 3146 2985 3186 non
3020 3144 3323 3201 repugnare
3364 3131 3490 3185 huic
3521 3143 3721 3184 narra-

2135 3226 2271 3282 tioni
2328 3236 2578 3280 auctores
2625 3223 2715 3294 qui
2772 3222 2840 3277 ab
2875 3220 3125 3276 Heraclio
3179 3220 3383 3275 Christi
3416 3219 3718 3290 imaginem

2135 3320 2347 3391 (quam
2403 3318 2823 3382 Camuliensem,
2884 3326 2942 3370 ttt
2993 3330 3156 3386 supra
3206 3315 3491 3380 diximus,
3543 3314 3722 3370 fuisse

2132 3406 2368 3479 oportet)
2422 3407 2799 3462 circumlatam
2849 3407 2902 3459 in
2952 3405 3195 3460 exercitu
3246 3413 3408 3474 atque
3441 3405 3556 3460 acie
3605 3414 3721 3458 tra-

2133 3503 2297 3564 dunt;
2359 3498 2556 3567 duplici
2648 3497 2914 3566 siquidem
2970 3496 3206 3565 imagine
3291 3497 3444 3565 quasi
3498 3498 3720 3565 gemino

2133 3592 2324 3663 clypeo
2391 3597 2667 3660 protectus
2718 3588 2773 3642 in
2829 3588 3017 3643 hostes
3092 3585 3373 3642 lleraclius
3442 3588 3714 3642 irruebat.

2130 3686 2428 3739 Auctorum
2482 3683 2712 3736 aliorum
2766 3679 3095 3745 teStimouia,
3139 3682 3229 3748 qui
3291 3680 3448 3735 iidem
3511 3679 3720 3736 facian:

2131 3779 2258 3833 huic
2294 3777 2544 3846 imaginis
2603 3774 2882 3840 miraculo,
2924 3775 3088 3829 habes
3139 3775 3278 3843 apud
3335 3775 3509 3842 ipsum
3551 3776 3718 3831 Cret»

2131 3884 2334 3925 serum.
2386 3868 2503 3922 Alia
2561 3874 2819 3935 praeterea
2874 3866 3114 3933 Deiparze
3144 3864 3320 3933 imago
3355 3880 3460 3918 non
3520 3881 3706 3918 manu-

2130 3960 2270 4015 facta
2331 3958 2528 4028 legitur
2583 3958 2635 4011 in
2695 3957 2866 4026 pretio
2914 3958 3172 4027 cultuque
3224 3956 3427 4024 fuisse,
3478 3958 3708 4012 condito

2129 4052 2183 4106 in
2220 4051 2335 4117 ejus
2387 4049 2648 4103 honorem
2710 4049 3060 4111 monasterio,
3092 4047 3314 4117 ejusque
3348 4047 3525 4103 cultus
3544 4049 3711 4101 etiam

2127 4152 2280 4209 capta
2318 4154 2348 4192 a
2384 4138 2576 4193 Turcis
2623 4136 3093 4207 ConstantinOpuli
3158 4139 3551 4205 permansisse.
3597 4139 3715 4192 Ma-

2128 4230 2301 4285 laxius
2339 4229 2480 4284 enim
2508 4228 2927 4296 Peloponnesias
2952 4228 3005 4281 in
3047 4225 3285 4281 Historia
3318 4229 3709 4295 patriarchira,

2127 4323 2217 4377 ubi
2264 4322 2331 4375 de
2389 4320 2641 4392 Dionysio
2696 4320 2999 4389 patriarcha
3055 4319 3300 4389 deposito
3329 4322 3707 4386 patriarchatu

2127 4427 2309 4468 sermo
2342 4430 2356 4467 :
2412 4410 2545 4465 Cum
2585 4410 2823 4465 omnibus
2882 4413 3033 4463 rebus
3063 4425 3194 4481 quas
3232 4410 3474 4475 habebat,
3507 4412 3706 4480 inquit,

2126 4506 2364 4560 discessit
2419 4504 2898 4572 ConstanlinOpOIi,
2952 4515 2998 4557 et
3043 4504 3096 4556 in
3137 4504 3516 4557 monasterium
3560 4503 3706 4556 Sau-

2126 4597 2371 4652 ctt'ssimce
2410 4596 2918 4665 Ἀχειροποιήτου,
2955 4612 3111 4649 manu
3137 4612 3237 4649 non
3260 4595 3416 4663 facta:
3454 4594 3701 4661 Deipara:

2124 4687 2354 4744 Conissa:
2412 4704 2570 4756 prope
2622 4686 2875 4742 Cabalam
2929 4687 3088 4740 situm
3144 4686 3383 4739 intravit.
3432 4683 3511 4738 Ad
3539 4699 3702 4752 quem

2125 4783 2300 4837 locum
2343 4783 2414 4836 ita
2467 4780 2756 4835 Gretserus
2808 4780 2994 4833 subdit
3030 4778 3178 4848 (quid
3209 4779 3352 4832 enim
3375 4792 3473 4849 ego
3502 4777 3701 4832 melius

2125 4871 2516 4944 adtexam?):
2592 4871 2745 4926 Vides
2815 4871 2899 4924 hic
2955 4871 3110 4925 etiam
3191 4869 3431 4938 Deiparae
3484 4872 3710 4939 ἀχειρο-

2125 4964 2345 5035 ποίητον
2388 4966 2709 5031 imaginem;
2754 4962 3095 5031 undecunque
3155 4961 3250 5014 hoc
3285 4976 3467 5012 nomen
3514 4968 3711 5026 adepta

2122 5059 2210 5121 sit,
2241 5060 2346 5110 sive
2375 5059 2484 5125 ipsa
2522 5053 2675 5125 Virgo
2702 5055 2862 5108 linteo
2892 5053 3054 5107 alicui
3088 5054 3279 5123 [aciem
3306 5068 3460 5105 suam
3486 5052 3711 5119 impres-

2121 5148 2273 5213 serit,
2306 5148 2410 5199 st're
2469 5148 2534 5198 ab
2579 5129 2786 5213 angelo.
2819 5145 3056 5211 deposita
3114 5126 3296 5212 fuerit,
3352 5142 3709 5213 ἀχειροποίη-

2121 5255 2211 5291 τον
2265 5248 2403 5291 certe
2439 5236 2727 5288 humanum
2759 5235 3059 5300 penicillum
3100 5234 3353 5287 excludit.
3405 5234 3514 5287 Nec
3574 5234 3705 5286 alibi

2119 5324 2486 5395 miltialiquod
2523 5325 2587 5378 de
2629 5327 2726 5378 hac
2749 5326 2997 5395 imagine,
3045 5325 3183 5395 quod
3238 5326 3426 5387 sciam,
3483 5324 3705 5388 lectum.

2119 5417 2214 5470 Est
2249 5427 2421 5469 autem
2444 5413 2644 5469 Cabala
2680 5415 2872 5479 duplex
2910 5431 2927 5469 :
2963 5415 3130 5467 altera
3160 5413 3281 5466 urbs
3326 5412 3584 5478 Thraciae,
3620 5412 3705 5465 al-

2119 5517 2229 5561 tera
2273 5505 2543 5560 castellum
2601 5521 2760 5570 supra
2815 5505 3099 5559 Iconium:
3154 5506 3263 5558 utri
3303 5505 3401 5557 hoc
3440 5514 3706 5556 monaste-

2118 5600 2254 5653 rium
2287 5598 2513 5652 uicinum
2568 5596 2746 5665 fuerit,
2815 5597 2985 5650 dicere
3039 5608 3142 5649 non
3206 5596 3391 5649 habeo.
3437 5594 3703 5649 Credibile

2120 5702 2193 5747 est
2221 5691 2283 5745 de
2333 5688 2532 5745 Cabala
2576 5690 2809 5745 Thracia:
2854 5690 2908 5741 id
2942 5686 3302 5757 accipiendum
3337 5700 3468 5742 esse.
3499 5684 3702 5741 llaete-
