4062 6214
317 334 391 397 6:3
1340 323 1737 384 FRANCISCI
1779 323 1900 381 SCC

2011 322 2041 379 ιι
2084 319 2515 380 PROOEMIUM
2556 320 2598 381 l.
3518 296 3590 385 τὸ

314 461 428 500 nus
481 443 793 504 Gretserus,
850 439 1033 509 quiet
1084 437 1327 506 sequenti
1377 437 1620 506 proxime
1651 450 1903 505 paragra-

326 541 444 608 pho
476 534 713 603 ejusdem
740 532 938 600 capitis
968 531 1031 586 de
1064 541 1249 584 nostro
1279 529 1646 583 testimonium
1678 525 1903 595 profert.

330 625 663 681 Tauromenii
714 624 771 676 in
805 620 996 676 Sicilia
1040 620 1231 674 colitur
1259 619 1474 687 antiqua
1528 618 1700 685 imago
1745 614 1909 668 beata:

345 717 564 786 Virginis
597 731 699 768 non
743 713 1054 782 mmmfacta
1078 729 1099 777 ;
1145 710 1317 779 qualis
1361 709 1517 763 etiam
1566 723 1677 761 esse
1703 707 1910 759 videtur

329 809 421 861 illa
473 807 722 874 Dciparar
772 806 949 875 imago
1000 802 1252 857 divinitus
1299 802 1440 871 picta
1491 814 1608 869 qua:
1632 798 1826 851 coiitur
1852 798 1909 849 in

336 899 483 951 Valle
547 896 746 961 Viridi,
793 898 848 950 in
899 905 1072 949 monte
1111 893 1306 957 .Etna,
1354 903 1410 945 ut
1445 891 1624 945 scribit
1653 889 1906 943 Octavius

319 991 708 1046 Constantinus
758 989 902 1060 (lege
958 984 1274 1050 Caetanus;
1316 983 1705 1040 Constantinus
1761 983 1905 1037 enim

317 1093 406 1139 est
457 1096 661 1136 nomen
713 1080 873 1133 unius
932 1093 997 1133 ex
1066 1077 1324 1131 l'ratribus
1390 1074 1631 1145 ejus-lem
1672 1071 1906 1135 Oetavii,

321 1172 583 1229 monachi
621 1181 675 1225 rt
737 1168 947 1224 abbatis
984 1167 1193 1222 ordinis
1249 1166 1431 1221 Sancti
1482 1162 1811 1231 Benedicti)
1852 1163 1903 1215 in

325 1263 460 1318 Idea
525 1262 703 1331 operis
754 1261 819 1315 de
877 1260 1077 1315 sanctis
1126 1257 1347 1313 Sicilire.
1406 1256 1584 1326 Atque
1641 1255 1908 1309 hactenus

323 1356 524 1409 thesim
584 1354 715 1408 huic
763 1367 897 1406 mea:
954 1349 1269 1405 tractationi
1329 1348 1588 1419 praetexui
1633 1362 1697 1400 ex
1723 1345 1908 1399 relatis

322 1462 351 1499 a
404 1446 667 1502 Gretsero
693 1462 708 1499 :
736 1453 790 1499 et
831 1459 897 1498 ex
943 1456 1145 1513 genere
1168 1443 1359 1495 harum
1401 1440 1618 1494 iconnm
1652 1439 1906 1493 universo

324 1533 486 1587 tidem
522 1531 658 1584 mihi
718 1530 943 1594 munivi,
1001 1538 1059 1583 ut
1097 1544 1201 1583 non
1262 1528 1542 1582 videretur
1591 1526 1905 1581 incredibile

330 1622 699 1693 hujuscemodi
768 1621 1061 1689 imaginem
1146 1617 1567 1691 ἀχειροποίητον
1629 1618 1906 1673 exstitisse

328 1711 699 1778 Tauromenii,
761 1724 885 1766 cum
932 1710 1068 1765 alias
1105 1708 1233 1763 alibi
1259 1724 1325 1763 ex
1386 1710 1551 1764 certis
1589 1708 1905 1764 auctoribus

323 1814 543 1858 exstare
578 1812 768 1856 notum
821 1802 916 1857 sit.
971 1799 1109 1867 Quid
1163 1799 1326 1870 igitur
1355 1799 1420 1854 de
1444 1798 1905 1854 Tauromenitana

323 1895 564 1965 imagine
623 1892 764 1949 diva:
816 1891 1054 1962 Virginis
1105 1907 1208 1946 non
1260 1889 1564 1945 manufacta
1623 1890 1906 1946 dixerim?

324 1986 592 2056 Equidem
632 1994 782 2039 certa
820 1997 919 2054 pro
976 1982 1159 2048 certis,
1217 1981 1461 2051 conjecta
1494 1995 1591 2051 pro
1648 1981 1905 2051 conjectis

320 2078 503 2133 dabo:
563 2092 747 2146 neque
808 2075 952 2131 enim
1006 2074 1058 2128 in
1127 2081 1276 2127 tanta
1329 2074 1649 2142 antiquitate
1691 2082 1901 2143 tempo—

321 2183 446 2222 rum
473 2175 532 2223 et
572 2166 818 2222 historia:
867 2163 1092 2234 penuria
1138 2163 1315 2233 potius
1339 2162 1555 2217 faciam.
1615 2161 1905 2217 Exstitisse

326 2257 643 2328 hujusmodi
692 2257 981 2328 imaginem
1031 2254 1460 2326 ἀχειροποίητον
1513 2264 1567 2309 et
1606 2255 1904 2320 religiosis-

321 2352 462 2407 sime
537 2348 893 2404 Taurmnenii
946 2346 1152 2402 cultam
1223 2346 1575 2415 Theophanis
1637 2358 1902 2417 tempore,

321 2453 490 2516 atque
529 2443 695 2498 etiam
749 2450 861 2496 toto
916 2440 1009 2497 illo
1038 2447 1282 2509 tempore
1336 2438 1480 2508 quod
1514 2436 1901 2493 Saracenicam

327 2534 671 2606 tyrannidem
695 2534 1008 2596 antecessit,
1056 2531 1200 2585 haud
1226 2531 1276 2585 in
1328 2530 1548 2585 dubium
1576 2532 1896 2586 vertendum

335 2626 472 2683 ibi
512 2627 744 2688 videtur,
774 2640 890 2679 cum
940 2634 1046 2678 tam
1074 2623 1278 2678 diserte
1313 2622 1526 2676 duobus
1581 2623 1632 2676 in
1668 2622 1804 2677 locis
1833 2625 1900 2676 de

328 2729 394 2768 ea
489 2712 836 2782 Theophanes
892 2712 1223 2777 meminerit,
1288 2721 1343 2767 et
1390 2711 1653 2782 glorietur
1707 2712 1756 2765 in
1809 2726 1905 2766 sua

323 2805 566 2861 Ecclesia
589 2814 644 2860 et
674 2806 829 2861 urbe.
848 2805 1117 2860 Caeterum
1153 2805 1295 2859 unde
1318 2814 1372 2860 et
1395 2805 1658 2873 originem
1701 2804 1905 2858 habue-

323 2898 416 2966 rit,
447 2913 558 2969 qua
592 2913 760 2968 opera
786 2896 999 2963 eﬂ‘ecta,
1031 2905 1086 2952 et
1115 2913 1183 2952 an
1220 2901 1553 2968 arebetypon
1592 2896 1901 2968 εῑῑάχειρό-

321 3007 568 3056 τευκτον,
613 3005 682 3045 an
738 2999 991 3060 ectypon,
1052 2988 1156 3045 hoc
1208 2999 1294 3046 est
1344 3005 1406 3044 ex
1469 2998 1754 3060 prototypo
1806 2982 1909 3044 exJ

320 3097 573 3153 pressnm
635 3082 1009 3145 simulacrum,
1051 3081 1212 3151 idque
1275 3080 1390 3136 sive
1448 3080 1730 3147 miraculo,
1782 3080 1900 3137 sive

320 3173 549 3243 pictoris
638 3187 805 3244 opera
897 3172 1309 3228 accuratissime
1369 3171 1701 3238 deductum;
1762 3174 1903 3243 quod

324 3277 503 3321 tamen
558 3264 704 3320 idem
754 3264 898 3334 quod
955 3262 1289 3334 archetypon
1349 3276 1548 3317 nomen
1610 3264 1905 3335 ἀχειροπο-

324 3358 475 3429 ίητον
503 3357 761 3419 retineat,
803 3355 946 3424 quod
975 3355 1117 3409 illius
1151 3352 1223 3408 sit
1276 3354 1469 3417 instar,
1506 3355 1651 3424 quod
1682 3355 1734 3408 in
1767 3354 1904 3408 mul-

321 3444 395 3498 tis
436 3440 813 3512 hujuscemodi
870 3450 982 3495 tum
1030 3440 1255 3507 Christi,
1294 3449 1407 3494 tum
1460 3439 1702 3509 Delparae
1728 3442 1904 3497 conti-

319 3533 468 3604 gisse
519 3520 664 3588 idem
737 3530 1032 3588 Gretserus
1086 3540 1279 3586 auctor
1323 3542 1428 3587 est.
1478 3531 1747 3588 Praeterea
1792 3549 1903 3603 quo

319 3622 431 3677 alio
454 3622 743 3686 miraculo,
784 3635 894 3691 quo
921 3628 1163 3688 tempore
1196 3619 1405 3690 perlata
1438 3619 1889 3689 Tauromenium,

320 3713 466 3767 idem
505 3711 684 3765 dicam
738 3710 884 3780 quod
932 3709 1096 3778 paqu
1141 3715 1270 3764 ante
1317 3708 1613 3764 Gretserus
1639 3709 1705 3764 de
1761 3710 1902 3764 ima-

322 3802 449 3873 gine
498 3800 744 3871 Deiparm
776 3815 883 3856 non
918 3798 1228 3855 mannfacta
1290 3799 1532 3855 Conissas
1576 3804 1894 3857 monasterii

326 3908 494 3964 prope
513 3892 795 3956 Cabaiam,
845 3891 978 3946 nihil
1004 3891 1131 3946 alibi
1156 3892 1224 3946 de
1248 3891 1731 3958 Tauromenitana,
1758 3895 1900 3964 quod

320 3987 515 4049 sciam,
579 3985 860 4040 traditum.
937 3981 1014 4038 De
1078 3982 1253 4039 altero
1309 3997 1461 4048 vero,
1518 3984 1665 4053 quod
1726 3999 1895 4055 supra

319 4091 713 4147 preposueram
734 4075 1074 4146 agitandum,
1101 4087 1169 4128 an
1216 4075 1393 4144 imago
1425 4073 1599 4129 beata:
1625 4075 1892 4146 Virginis,

319 4187 486 4241 quam
537 4170 698 4225 hoilie
726 4166 1172 4224 Tauromenitaui
1208 4181 1303 4236 per
1322 4181 1590 4221 summam
1646 4168 1898 4237 pietatem

321 4261 531 4323 colunt,
589 4273 753 4328 quam
789 4265 1072 4325 patronam
1129 4254 1421 4326 appellant,
1479 4256 1536 4310 in
1581 4271 1685 4324 qua
1705 4272 1896 4312 eorum

317 4369 448 4425 spes
486 4366 728 4421 opesque
772 4353 826 4405 in
877 4349 1036 4404 rebus
1079 4346 1291 4403 alllictis
1335 4350 1478 4413 sitze,
1519 4347 1661 4416 quod
1727 4349 1891 4403 etiam

2023 447 2185 501 quam
2215 430 2417 484 fontem
2456 434 2698 486 omnium
2756 432 3052 503 gratiarum
3083 433 3325 500 uberem,
3360 434 3584 505 petitum

2015 537 2183 593 aquas
2204 533 2494 577 accurrunt
2518 542 2531 577 :
2557 539 2617 578 ac
2636 524 2717 577 vix
2733 539 2827 593 per
2853 526 3035 580 urbem
3055 525 3345 595 circumagi
3361 528 3591 583 solemni

2014 617 2407 685 supplicatione
2456 622 2656 684 ctepta,
2705 631 2825 668 cum
2899 630 3016 670 eam
3084 617 3444 673 intermittere
3495 634 3589 673 cc-

2015 716 2218 776 guutur
2261 722 2289 760 a
2330 707 2504 776 pluvia
2562 706 2740 762 obruti
2807 716 2857 762 et
2887 707 3108 771 madidi,
3161 710 3250 777 qui
3298 725 3416 762 eam
3450 710 3585 766 sicci

2016 798 2368 867 sitientesqne
2414 799 2774 865 ineboarant;
2833 800 2976 867 quod
3038 813 3103 853 ex
3156 800 3339 854 multis
3375 799 3589 855 Tauro-

2014 889 2307 943 menitanis
2374 889 2476 942 ﬁde
2527 890 2701 959 dignis
2750 897 3120 943 contestatum
3176 890 3382 959 accepi,
3455 904 3578 944 cum

2015 979 2362 1034 Taurmncnii
2401 982 2589 1035 harum
2629 997 2805 1034 rerum
2864 981 3360 1048 coguosceudarum
3412 995 3577 1035 causa

2014 1089 2402 1128 commorarer.
2457 1076 2513 1127 Et
2546 1090 2677 1129 sane
2723 1092 2784 1129 ex
2820 1074 2921 1128 alia
2955 1083 3107 1144 parte
3139 1075 3383 1143 legimus,
3408 1074 3586 1130 Theo-

2014 1166 2245 1233 phanem
2280 1168 2331 1219 in
2381 1166 2599 1219 homilia
2642 1168 2818 1221 habita
2846 1170 2910 1222 de
2942 1169 3093 1236 plaga
3123 1168 3385 1223 siccitatis
3413 1168 3577 1239 (hom.

2014 1255 2160 1324 LXII)
2199 1258 2262 1310 ad
2304 1258 2516 1311 beatam
2574 1257 2849 1329 Virginem
2904 1261 3303 1329 perorationem
3347 1277 3579 1315 conver-

2017 1356 2151 1410 tere,
2204 1349 2360 1420 eiqne
2420 1351 2746 1420 supplicare,
2800 1369 2867 1406 ne
2915 1366 3070 1408 suam
3115 1353 3586 1417 civitatcmdesti-

2018 1448 2130 1492 tuat
2176 1441 2227 1493 in
2276 1443 2393 1509 ejus
2442 1444 2661 1497 nomine
2715 1443 3079 1513 gloriantem:
3137 1460 3299 1514 quam
3357 1444 3583 1513 gloriam

2014 1531 2080 1582 ad
2139 1532 2430 1604 imaginem
2463 1551 2568 1590 non
2609 1536 2975 1591 manufactam
3012 1553 3120 1591 non
3157 1537 3431 1591 immerito
3461 1537 3583 1605 quis

2015 1617 2235 1687 referat,
2293 1630 2350 1676 ut
2397 1624 2468 1677 ibi
2513 1625 2916 1681 adnotavimus.
2983 1625 3147 1680 Multa
3184 1626 3287 1679 alia
3324 1635 3588 1695 praeterea

2015 1714 2069 1767 in
2108 1716 2255 1770 omni
2309 1731 2507 1786 genere
2550 1718 2690 1772 dona
2752 1718 3013 1773 miraculo
3088 1728 3329 1788 accepta,
3372 1725 3426 1771 et
3468 1717 3588 1786 ejus

2014 1805 2120 1860 [ide
2162 1806 2453 1875 implorata
2488 1822 2652 1878 supra
2679 1808 2971 1863 humanam
3003 1821 3155 1877 opem
3197 1807 3387 1861 eﬂ'ecta
3421 1820 3588 1873 epera

2014 1899 2260 1969 quotidie
2304 1899 2504 1966 ferunt,
2539 1909 2589 1954 et
2616 1909 2989 1955 contestantur
3029 1914 3134 1953 non
3169 1897 3356 1952 incolae
3384 1898 3589 1961 solum,

2015 1988 2111 2043 sed
2164 1989 2329 2042 etiam
2380 1989 2588 2043 cxteri:
2652 1990 2795 2042 inter
2848 2002 2986 2055 quos
3030 2002 3134 2040 non
3188 1985 3408 2041 silentio
3443 2000 3584 2051 pra:-

2013 2080 2313 2134 tereundns
2388 2078 2450 2132 D.
2500 2077 2848 2140 Franciscus,
2908 2076 3185 2130 Romanus
3242 2075 3585 2139 Catanensis,

2010 2171 2270 2225 sacerdos
2317 2170 2459 2225 haud
2504 2170 2671 2223 multo
2723 2169 2929 2235 pridem
2970 2167 3025 2221 in
3077 2167 3365 2237 collegium
3414 2181 3585 2221 cano-

2017 2260 2265 2313 nicorum
2295 2259 2551 2315 Ecclesiae
2577 2258 2980 2313 Panormitanm
3016 2259 3210 2313 merito
3230 2268 3583 2329 aggregatns,

2012 2347 2370 2404 concionandi
2408 2364 2632 2404 munere
2667 2358 2721 2404 et
2758 2349 2977 2417 pietatis
3001 2348 3197 2403 ardore
3235 2364 3341 2402 non
3374 2348 3588 2414 vulgari

2020 2440 2301 2509 praeditus,
2337 2440 2429 2511 qui
2461 2456 2581 2494 cum
2643 2439 2992 2494 Tauromenii
3024 2441 3323 2495 conciones
3346 2450 3589 2510 tempore

2017 2531 2457 2601 Quadragesimae
2490 2532 2734 2597 haberet,
2791 2534 2958 2586 multa
3004 2533 3070 2587 ab
3099 2548 3165 2587 ea
3202 2533 3437 2601 imagine
3473 2547 3583 2587 non

2013 2620 2321 2675 ntanul‘acta
2378 2637 2438 2676 se
2482 2623 2757 2690 accepisse
2803 2623 2871 2676 ab
2926 2622 3047 2676 aliis
3087 2622 3371 2689 impetrata
3422 2622 3589 2675 mira-

2010 2715 2153 2778 cula,
2206 2715 2373 2769 multa
2417 2713 2470 2767 in
2515 2714 2692 2781 seipse
2740 2722 3022 2783 expertum
3050 2726 3173 2767 esse
3232 2712 3367 2765 mibi
3396 2727 3589 2769 narra-

2010 2807 2108 2871 vit,
2152 2815 2207 2861 et
2239 2806 2442 2875 scripto
2482 2819 2546 2860 ac
2591 2803 2959 2874 chirographo
3018 2804 3160 2858 dicta
3219 2804 3585 2873 consignavit.

2010 2898 2274 2953 Caeterum
2313 2897 2443 2951 illud
2501 2896 2666 2950 etiam
2707 2897 2761 2950 in
2826 2895 2926 2950 hac
2967 2910 3027 2949 re
3062 2896 3505 2951 animadversum
3555 2915 3587 2953 a

2010 2988 2308 3045 lectoribus
2363 2989 2548 3051 velim.
2577 2987 2622 3044 si
2667 2987 2756 3041 cui
2801 2987 2870 3042 sit
2902 3001 3248 3056 persuasum,
3293 2988 3582 3059 imaginem

2010 3079 2253 3149 Deiparae
2313 3094 2433 3150 quae
2507 3079 2668 3134 hodie
2738 3087 2947 3146 exstat,
3002 3094 3123 3133 eam
3191 3095 3315 3135 esse
3369 3082 3590 3153 ἀχειρο-

2012 3170 2238 3239 ποίητον
2256 3185 2376 3240 qua:
2403 3168 2752 3238 TlteOpbanis
2783 3177 3026 3237 tempore
3048 3169 3314 3235 exstabat,
3338 3189 3444 3225 non
3464 3186 3588 3227 esse

2012 3257 2342 3312 censendam
2392 3272 2455 3310 ex
2516 3257 2582 3310 iis
2632 3271 2752 3326 qua:
2802 3254 2857 3310 in
2905 3258 3088 3326 aliquo
3130 3258 3295 3314 linteo
3338 3259 3582 3329 Virginis

2009 3347 2216 3402 vultum
2278 3347 2346 3400 ab
2382 3345 2608 3415 ipsamet
2666 3346 2992 3416 impressum
3037 3348 3216 3404 ferunt.
3247 3368 3261 3404 :
3298 3368 3407 3406 non
3437 3354 3580 3409 enim

2009 3452 2074 3495 ea
2121 3436 2304 3493 tabula
2368 3436 2574 3492 vultum
2626 3436 2865 3507 Virginis
2921 3438 3115 3502 solum,
3170 3441 3263 3495 sed
3325 3442 3586 3511 integram

2008 3541 2276 3587 staturam
2331 3531 2605 3585 sedentem
2666 3540 2720 3584 et
2752 3529 3011 3584 infantem
3049 3528 3232 3585 Jesum
3276 3542 3579 3602 gestantem

2010 3623 2152 3677 ulnis
2197 3620 2490 3693 exprimit:
2527 3634 2695 3689 quare
2719 3620 2771 3673 in
2816 3620 2988 3674 altero
3012 3636 3206 3687 genere
3228 3623 3582 3696 ἀχειροποιή-

2006 3729 2114 3766 των
2164 3726 2284 3767 eam
2333 3709 2738 3773 accensuerim,
2792 3707 2858 3762 de
2902 3723 3009 3778 quo
3065 3709 3225 3764 etiam
3271 3709 3583 3780 Gretserus,

2009 3814 2067 3856 ut
2104 3804 2413 3874 angelorum
2465 3815 2627 3871 opera
2664 3815 2727 3855 ea
2772 3800 2985 3868 depicta
3021 3802 3112 3866 sit,
3176 3801 3258 3856 vel
3293 3811 3444 3858 certe
3510 3805 3580 3858 ab

2007 3893 2186 3962 aliqua
2240 3908 2346 3947 non
2385 3890 2697 3946 manufacta
2728 3891 2937 3960 pictura
2995 3890 3292 3961 descripta,
3322 3903 3377 3946 ut
3412 3908 3576 3962 supra

2006 3986 2274 4040 dicebam.
2336 3986 2566 4039 Servant
2609 3998 2727 4038 eam
2786 3983 2944 4036 hodie
2987 3982 3038 4035 in
3086 3997 3189 4036 suo
3228 3983 3427 4053 templo
3453 3985 3582 4038 relio

2006 4077 2145 4147 giosi
2193 4076 2361 4131 beatae
2402 4075 2640 4142 Virginis
2671 4090 2700 4127 e
2728 4084 2912 4126 monte
2943 4072 3214 4136 Carmclo,
3243 4075 3400 4143 eique
3432 4075 3573 4129 diem

2005 4170 2297 4223 solemnem
2349 4177 2516 4236 agunt
2575 4164 2887 4221 Decembris
2936 4164 3024 4219 die
3061 4175 3274 4228 octavo,
3309 4166 3401 4234 qui
3457 4168 3576 4222 dies

2006 4259 2247 4332 ejusdem
2274 4258 2514 4331 Virginis
2540 4256 2883 4311 immaculato
2927 4255 3208 4323 conceptui
3249 4255 3579 4309 celebrando

2004 4360 2253 4405 sacratus
2303 4356 2408 4402 cst.
2465 4346 2651 4401 Tradit
2695 4345 2747 4399 in
2795 4342 2925 4397 Idea
2978 4345 3151 4413 operis
3192 4342 3256 4397 de
3286 4342 3388 4398 SS.
3447 4340 3585 4401 Sici-

318 4442 570 4499 nonnulli
622 4456 729 4496 non
785 4440 1035 4506 vulgares
1074 4437 1175 4492 viri
1240 4454 1345 4494 non
1380 4438 1748 4493 manufaetam
1801 4455 1901 4493 vo-
1946 4427 2093 4497 ’ίθιίω
2148 4440 2405 4497 Octavius
2475 4439 2789 4501 Caetanns,
2843 4437 3187 4491 Tauromenii
3255 4438 3429 4506 primo
3499 4439 3585 4493 die

316 4546 471 4601 cant,
524 4530 775 4587 eamdem
815 4533 888 4585 sit
919 4539 1084 4599 atque
1118 4528 1207 4583 illa
1231 4544 1353 4599 quae
1382 4528 1731 4599 TheOphanis
1755 4541 1895 4584 tem-

320 4639 449 4694 pore
496 4622 819 4687 exstitisset,
869 4620 940 4673 ita
978 4627 1037 4674 ut
1064 4620 1226 4674 etiam
1275 4618 1468 4689 impias
1499 4618 1897 4674 Saracenorum

317 4731 513 4771 manus
539 4713 811 4785 effugerit,
836 4722 891 4767 et
928 4711 998 4766 ab
1039 4726 1227 4766 eorum
1277 4720 1331 4764 et
1376 4710 1635 4778 temporis
1688 4709 1902 4777 injuriis

316 4808 619 4870 vindicata,
682 4816 736 4859 et
779 4818 949 4872 usque
996 4802 1062 4857 ad
1117 4803 1217 4857 hoc
1276 4810 1486 4871 tempus
1535 4809 1685 4856 sarta
1748 4810 1891 4858 tecta

326 4913 558 4966 servata,
619 4897 765 4969 quod
818 4905 965 4952 esset
1001 4894 1157 4951 alteri
1194 4894 1451 4948 miraculo
1481 4893 1892 4960 aseribendum,

330 4992 576 5059 equidem
605 4992 721 5046 haec
745 4998 1068 5059 argumenta
1093 4987 1288 5052 habeo,
1317 4995 1373 5038 ut
1395 4985 1640 5040 eamdem
1658 4986 1898 5043 credam.

322 5083 562 5138 Primum
609 5082 740 5153 quia
773 5081 931 5151 vulgo
968 5094 1089 5136 eam
1138 5075 1427 5147 Deiparam
1448 5074 1762 5131 Graecorum
1799 5091 1897 5146 ap-

314 5177 550 5249 pellant.
623 5175 766 5230 unde
820 5175 950 5229 mihi
1014 5175 1072 5230 tit
1104 5171 1405 5244 probabile.
1443 5187 1508 5225 ex
1537 5184 1604 5226 eo
1642 5181 1886 5241 tempore

315 5286 429 5341 quo
498 5268 808 5322 Graecorum
859 5265 1100 5321 Ecclesia
1135 5274 1189 5319 et
1238 5265 1375 5318 ritus
1412 5261 1892 5318 Tauromeniiilo—

314 5362 594 5422 rescebat,
638 5358 740 5415 hoc
791 5368 875 5412 est
918 5355 1267 5426 Theophanis
1303 5367 1568 5424 tempore,
1626 5368 1745 5408 eam
1794 5369 1892 5423 ap-

316 5452 667 5523 pellationem
692 5452 1001 5514 deductam,
1029 5456 1083 5503 et
1124 5463 1217 5516 per
1261 5463 1456 5503 manus
1479 5448 1545 5502 ad
1566 5447 1682 5501 tunc
1717 5462 1894 5515 usque

322 5552 566 5612 tempora
633 5542 937 5606 traditam;
997 5539 1188 5594 deinde
1230 5540 1374 5608 quod
1415 5554 1536 5594 eam
1583 5538 1637 5593 in
1686 5553 1899 5593 summa

317 5649 587 5703 aquarum
635 5635 939 5705 pluviarum
991 5632 1245 5702 penuria,
1306 5633 1525 5686 unicum
1582 5640 1900 5698 certumque

313 5727 627 5800 perfugium
683 5728 1129 5784 Tauromenitani
1169 5719 1395 5790 habent,
1429 5735 1485 5780 et
1517 5724 1584 5781 ad
1632 5733 1898 5780 eamtan-

2009 4532 2346 4603 Septembris
2384 4530 2648 4586 celebrari
2678 4530 2875 4585 festum
2921 4529 3170 4598 imaginis
3199 4529 3441 4599 Deipara:
3470 4546 3576 4585 non

2009 4622 2369 4690 ntanul‘actae;
2421 4624 2564 4693 quod
2599 4636 2729 4677 sane
2762 4621 2905 4675 unde
2952 4621 3224 4690 acceperit
3257 4623 3582 4675 mihiadhuc

2007 4720 2249 4786 ignotum
2280 4733 2296 4770 :
2332 4716 2427 4771 sed
2480 4731 2601 4770 cum
2654 4714 2742 4769 ille
2776 4714 3224 4783 diligentissimus
3271 4712 3430 4767 fuerit
3499 4712 3585 4766 Si-

2006 4804 2311 4859 ciliensium
2356 4804 2647 4858 rerum‘ad
2702 4811 3012 4857 sanctorum
3039 4802 3341 4857 Siculorum
3374 4803 3575 4857 cultntn

2007 4895 2388 4967 pertinentium
2435 4897 2738 4964 indagator,
2803 4894 2857 4947 id
2897 4908 3071 4962 neque
3111 4893 3353 4949 refellere
3382 4897 3575 4962 debeo,

2009 5002 2109 5043 nec
2158 4998 2335 5042 tamen
2392 4985 2659 5040 aﬂirmare
2718 5000 2958 5055 possum.
3008 4983 3141 5039 Nam
3228 4982 3579 5044 Tauromenii

2008 5080 2239 5135 moranti
2290 5080 2420 5134 mihi
2450 5090 2502 5133 et
2550 5079 2617 5134 de
2636 5094 2698 5132 eo
2737 5078 2874 5132 festo
2920 5077 3006 5130 die
3051 5078 3372 5137 sciscitanti,
3431 5082 3565 5134 nihil

2012 5172 2291 5227 traditum.
2338 5171 2439 5225 nisi
2474 5171 2560 5224 die
2612 5169 2756 5224 dieto
2804 5168 3119 5222 Decembris
3149 5180 3345 5224 octavo
3382 5171 3578 5227 festum

2009 5264 2076 5319 ad
2116 5264 2404 5333 imaginem
2453 5261 2697 5329 Deipara:
2728 5260 2840 5328 jam
2872 5271 3250 5327 memoratam,
3284 5277 3578 5330 quamnon

2009 5354 2377 5411 manttl'actam
2440 5369 2559 5407 esse
2608 5348 2767 5406 nobis
2794 5351 3202 5421 persuademus,
3254 5354 3446 5406 eodem
3471 5358 3591 5422 quo'

2009 5448 2130 5517 ejus
2181 5445 2585 5501 immaculatam
2641 5443 3063 5512 Conceptionem
3110 5442 3391 5497 celebrari.
3445 5442 3583 5499 For-

2010 5550 2157 5596 tasse
2189 5554 2255 5593 ex
2315 5538 2484 5608 ipsius
2543 5534 2890 5605 Theophanis
2922 5536 3144 5590 homilia
3172 5536 3236 5589 de
3270 5534 3576 5592 lntlictione

2008 5648 2072 5687 ac
2127 5630 2252 5686 anni
2298 5628 2566 5700 principio
2616 5627 2668 5682 id
2723 5628 2991 5683 Caetanus
3025 5625 3332 5694 collegerit:
3366 5626 3422 5681 in
3469 5643 3575 5697 qua

2016 5724 2158 5777 inter
2207 5728 2436 5776 caeteras
2498 5716 2845 5774 celebritates
2900 5712 3062 5785 primi
3099 5712 3438 5784 Septembris
3468 5714 3580 5768 diei
