4062 6214
541 277 607 347 ἿῙ
1526 258 1933 325 FRANCIFCI
1978 257 2128 319 SCOl

2236 257 2245 315 t
2286 253 2714 316 PROOEMIUM
2752 254 2800 312 Ῐ.
3725 256 3800 319 ιη

539 396 790 457 meminit
831 393 1185 464 Theophanes
1236 386 1485 458 imaginis
1549 386 1688 442 divae
1729 381 1998 451 Virginis;
2025 394 2117 432 cu-

531 493 625 563 ius
672 492 787 548 haec
852 489 1010 543 verba
1060 501 1073 536 :
1118 484 1391 543 Ἅπαντες
1433 471 1580 533 οὗτοι
1627 478 1722 531 τοῦ
1767 475 1962 547 χρόνου
2020 470 2117 539 τὴν

541 582 717 656 ἀρχὴν
733 580 1073 648 ἀγιάζουσινο
1095 578 1122 630 ὁ
1144 577 1242 647 μὲν
1265 574 1456 645 Σωτὴρ
1474 569 1855 643 ἡμῶνἸησοῦς
1903 563 2120 631 εὐλογεῖ

542 673 633 728 τὸν
694 669 955 736 στέφανον
1014 665 1289 720 ἐνιαυτοῦ.
1353 665 1419 717 Ἦ
1482 663 1538 716 δὲ
1594 661 1682 716 διὰ
1750 659 1850 727 τῆς
1914 660 2117 727 senti};

543 760 749 820 εἰκόνος
780 755 1067 826 τιμωμένη
1104 757 1375 823 πάναγνος
1410 755 1680 806 Δέσποινα
1709 749 1937 819 μεσίτης
1981 748 2117 817 πρὸς

542 851 674 903 Θεὸν
728 847 885 917 ἡμῶν
933 847 1170 914 γίνεται.
1217 846 1349 910 Quae
1400 845 1479 897 sic
1510 859 1606 896 nos
1663 841 1734 895 ibi
1791 838 1978 892 Latine
2033 838 2111 889 iu-

544 939 824 1008 terprctati
878 952 1110 994 sumus:
1161 936 1238 991 Ab
1285 937 1365 988 his
1399 934 1638 989 omnibus
1690 932 1890 1001 aliquid
1924 930 2120 983 sancti-

543 1033 667 1086 tatis
720 1032 773 1084 in
832 1032 928 1084 hoc
965 1030 1093 1082 anui
1143 1028 1459 1096 principium
1527 1025 1828 1079 redundat:
1892 1037 2013 1075 nam
2067 1028 2117 1072 et

543 1123 796 1181 Salvator
868 1130 1048 1176 noster
1099 1119 1339 1175 Christus
1394 1119 1553 1173 Iesus
1603 1116 1862 1170 benedicit
1906 1125 2116 1166 σοι-οηιε

543 1217 669 1270 anni
703 1224 794 1269 :et
848 1212 1156 1268 veneraan
1189 1211 1434 1282 imaginis
1484 1210 1738 1281 religione
1772 1206 1917 1261 culta
1962 1203 2116 1271 Virgo

534 1310 828 1381 purissima
868 1307 1004 1361 inter
1050 1322 1143 1360 nos
1192 1314 1240 1359 et
1294 1303 1459 1357 Deum
1506 1312 1771 1371 sequestra
1821 1297 2116 1353 intercedit.

544 1400 671 1456 llaec
717 1398 1120 1468 Theophanes:
1176 1398 1269 1465 qui
1335 1411 1457 1451 cum
1514 1411 1619 1449 non
1682 1392 1916 1463 appellet
1978 1391 2118 1445 ima-

543 1492 723 1561 ginem
763 1488 855 1543 Dei
889 1487 1182 1543 Genitricis
1218 1487 1659 1558 ἀχειροποίητον,
1692 1499 1854 1554 quam
1882 1497 1979 1536 cur
2011 1496 2117 1535 non
2144 1526 2151 1531 .

543 1595 799 1651 expresse
856 1579 1165 1645 nominarit,
1227 1578 1273 1632 si
1304 1579 1370 1632 de
1412 1592 1475 1632 ea
1505 1591 1682 1631 scrtno
1728 1585 1866 1638 erat,
1905 1589 2029 1629 cum
2066 1574 2118 1627 in

542 1671 664 1725 aliis
700 1668 956 1725 .homiliis
1016 1676 1272 1736 tanquam
1320 1666 1513 1735 insigni
1554 1667 1789 1735 quodam
1834 1670 1889 1717 et
1918 1663 1983 1717 de
2007 1676 2113 1730 quo

542 1760 877 1830 gloriabatur
924 1756 1098 1825 elogio
1132 1771 1250 1811 eam
1300 1756 1624 1826 designavit,
1677 1754 1876 1808 nullam
1902 1765 2118 1806 causam

543 1851 740 1905 video:
797 1859 851 1904 et
905 1863 971 1902 ex
1005 1847 1174 1901 altera
1213 1858 1386 1915 parte,
1427 1861 1549 1901 cum
1611 1846 1663 1899 in
1700 1844 1899 1898 Menam)
1945 1842 2119 1912 legum

543 1957 610 1996 eo
662 1941 747 1997 die
797 1938 1059 1994 celebrari
1105 1936 1325 2005 σύναξιν
1355 1938 1455 2008 τῆς
1504 1937 1813 2006 ὑπεραγίας
1855 1935 2121 1989 Θεοτόκου

542 2032 652 2087 τῶν
716 2030 1040 2099 Μιαςηνῶν,
1098 2031 1198 2085 hoc
1221 2041 1323 2094 cst,
1351 2029 1613 2100 Synaxim
1645 2045 1737 2083 seu
1770 2028 2120 2083 celebritatem

545 2122 896 2185 sanctissime
928 2119 1156 2190 Virginis
1187 2119 1241 2172 Μ
1250 2122 1570 2185 iaseuorum,
1592 2122 1732 2176 haud
1755 2129 1904 2176 certe
1926 2120 2117 2189 liquet,

547 2222 602 2268 et
631 2213 683 2267 in
708 2211 928 2281 ancipiti
954 2226 1041 2266 res
1062 2219 1312 2266 versatur
1345 2213 1408 2265 de
1429 2210 1959 2267 Tauromenitanam
1985 2215 2122 2266 ima-

546 2302 672 2370 gine
717 2299 1073 2369 Theophanes
1110 2300 1383 2368 loquatur,
1434 2316 1501 2356 au
1551 2304 1619 2356 de
1670 2300 1992 2356 Miasenensi
2025 2302 2127 2354 ali-

547 2409 678 2464 qua,
733 2394 800 2449 ad
851 2408 1015 2463 quam
1054 2406 1355 2449 conventus
1375 2409 1439 2448 eo
1473 2395 1559 2449 die
1590 2396 1768 2465 primo
1792 2394 2125 2463 Septembris

547 2483 941 2548 celebraretur,
979 2483 1054 2537 uti
1112 2482 1197 2537 hic
1235 2482 1487 2538 Panormi
1535 2494 1851 2540 consuetum
1917 2496 1996 2539 est
2039 2486 2126 2540 die

541 2573 788 2649 secundo
832 2571 959 2627 Julii
1025 2582 1092 2625 ad
1155 2582 1331 2627 beata:
1380 2569 1643 2643 Virginis,
1699 2588 1859 2643 quam
1923 2569 2128 2626 Gratia:

542 2664 900 2743 appellamus,
950 2665 1261 2737 imaginem,
1323 2674 1379 2720 et
1423 2667 1489 2719 ad
1539 2665 1675 2720 alias
1712 2665 1819 2720 alio
1858 2674 2124 2732 tempore,

546 2767 603 2813 ct
643 2757 838 2828 oppido
883 2756 1194 2827 huiusmodi
1235 2757 1500 2826 imagines
1542 2757 1879 2811 venerabiles
1932 2756 2127 2824 agitari

548 2850 666 2905 dies
700 2847 822 2904 festi
855 2849 1050 2908 solent.
1109 2850 1399 2919 Equidem,
1442 2859 1502 2904 ut
1531 2848 1665 2912 dixi,
1723 2862 1821 2904 nec
1876 2848 2128 2904 refellere

547 2939 916 3011 conjecturam
961 2940 1174 2999 Octavii
1224 2941 1473 3009 Caetani,
1524 2955 1625 2996 nec
1683 2941 1975 3007 afﬁrmare,
2024 2940 2128 2995 sed

547 3046 668 3087 eam
690 3030 924 3087 hominis
954 3034 1278 3088 auctoritate
1311 3031 1500 3087 fultam
1533 3032 1586 3086 in
1612 3033 1795 3088 medio
1818 3033 2128 3102 relinquere

549 3123 739 3181 statui.

742 3260 771 3334 ᾗ
807 3260 895 3317 ιν.
935 3261 1180 3332 Dignitas
1212 3270 1260 3316 et
1298 3261 1485 3316 titulus
1525 3261 1927 3332 archiepiscopi.

619 3394 755 3451 Cum
789 3395 841 3449 in
873 3394 1123 3452 omnibus
1165 3394 1278 3451 fere
1324 3411 1460 3452 mss.
1488 3397 1893 3466 exemplaribus
1938 3399 2131 3457 harum

551 3484 922 3551 homiliarum,
974 3502 1095 3557 qua:
1141 3488 1193 3542 in
1237 3488 1609 3545 celeberrimis
1660 3489 1889 3558 Europa:
1935 3489 2133 3545 biblio-

551 3576 744 3640 thecis,
790 3575 1073 3645 Vaticana,
1110 3576 1477 3648 Hispaniensi,
1512 3579 1915 3647 Parisiensibus
1960 3582 2134 3640 tribus

548 3654 926 3739 asscrvantur,
962 3683 1026 3722 ex
1072 3669 1269 3738 quibus
1318 3670 1403 3725 vel
1453 3671 1696 3743 integras
1746 3673 2018 3735 homilias,
2053 3674 2135 3729 vel

548 3771 741 3813 earum
788 3756 1078 3813 elenchum
1123 3762 1512 3829 transcriptum
1558 3756 1885 3829 amicarum,
1916 3764 2006 3833 qui
2044 3762 2136 3817 lit-

553 3847 685 3904 teris
731 3855 788 3903 et
829 3847 1084 3905 litteratis
1136 3849 1379 3906 fautores
1434 3865 1555 3906 esse
1603 3867 1663 3908 se
1707 3852 1936 3923 professi
1985 3861 2132 3920 sunt,

552 3952 719 4010 opera
775 3924 1017 3994 nancisci
1069 3940 1258 4011 potui,
1319 3941 1508 3996 titulus
1563 3943 2000 4013 archiepiscopi,
2052 3943 2138 3998 vel

551 4031 790 4089 auctoris
820 4032 1022 4088 nomini
1045 4033 1116 4088 sit
1138 4038 1432 4104 ascriptus,
1459 4034 1547 4090 ubi
1572 4038 1892 4105 nominatur
1921 4044 2135 4102 auctor,

548 4122 633 4177 vel
660 4123 837 4179 solum
865 4110 1166 4194 inscriptis
1193 4136 1387 4181 auctor
1414 4127 1811 4198 archiepiscOpi
1838 4126 2140 4184 Taurome-

551 4215 725 4269 nitani
772 4215 1153 4285 appellatione,
1179 4216 1234 4270 in
1265 4233 1372 4287 quo
1404 4219 1582 4273 omnia
1611 4218 1986 4283 consentiunt,
2014 4234 2137 4274 cum

554 4305 612 4359 in
656 4306 875 4361 nomine
919 4307 1233 4378 discrepent
1272 4308 1363 4378 (de
1393 4324 1502 4378 quo
1532 4310 1709 4365 dicam
1751 4309 2023 4367 Protemio
2053 4326 2140 4368 se-

552 4397 786 4467 quenti),
827 4413 931 4452 non
969 4408 1175 4455 temere
1216 4401 1432 4456 videtur
1480 4402 1588 4459 illis
1615 4404 1925 4475 abroganda
1970 4404 2135 4472 tides;

554 4488 793 4557 alioquin
820 4489 982 4543 etiam
1012 4492 1194 4547 omnis
1226 4493 1359 4548 ﬁdes
1384 4503 1631 4558 veterum
1663 4506 2137 4555 monumentorum

554 4583 823 4647 intereat,
885 4597 1007 4638 cum
1073 4594 1250 4639 tamen
1309 4586 1609 4644 doctissimi
1659 4590 1960 4662 scriptores
2017 4607 2137 4649 eam

554 4672 758 4729 salvam
807 4687 870 4728 ac
918 4673 1130 4728 tirmatn
1181 4690 1303 4732 esse
1352 4678 1651 4747 voluerint,
1701 4680 1792 4751 qui
1840 4682 1892 4736 in
1943 4699 2140 4740 monu-

554 4764 752 4819 mentis
782 4764 898 4820 suis
932 4768 1148 4822 excusis
1180 4767 1329 4823 illutn
1356 4771 1752 4841 archiepiscopi
1788 4772 1998 4828 titulum
2030 4791 2139 4831 non

554 4854 661 4908 alia
708 4871 871 4925 quam
918 4872 985 4912 ex
1032 4874 1163 4914 mss.
1212 4858 1320 4916 ﬁde
1372 4869 1428 4915 et
1475 4863 1799 4919 auctoritate
1856 4874 2139 4937 acceptum

556 4944 843 5000 ediderunt
888 4964 903 5001 :
954 4947 1250 5007 cardmalis
1294 4951 1562 5008 Baronius
1609 4962 1741 5009 tom.
1782 4953 1875 5021 IX,
1903 4954 2142 5016 Iacobus

556 5034 846 5092 Gretserus
911 5047 1042 5093 tom.
1074 5038 1115 5094 ll
1148 5039 1228 5096 De
1255 5058 1440 5110 cruce;
1481 5044 1807 5104 Franciscus
1839 5047 2141 5107 Turrianus

555 5128 651 5185 lib.
671 5138 853 5183 contra
872 5128 1342 5203 Magdeburgenses
1360 5136 1546 5194 lueret.
1567 5154 1661 5207 pro
1677 5156 1868 5196 canon.
1887 5145 2137 5212 apostol.,

555 5240 678 5299 cap.
724 5224 789 5294 6;
839 5225 1110 5305 AntOnius
1161 5227 1493 5289 Possevinus
1525 5234 1578 5288 in
1622 5233 1919 5305 Apparatu,
1953 5249 2009 5295 et
2047 5241 2138 5295 alii

554 5333 786 5395 quorum
817 5320 1127 5391 testimonia
1156 5324 1487 5381 contulimus
1512 5324 1568 5381 in
1594 5326 1702 5384 fine
1733 5329 1926 5385 horum
1956 5330 2143 5389 Proce-

556 5411 809 5485 miorum.
846 5411 944 5468 Est
973 5414 1142 5484 igitur
1166 5418 1459 5475 asserenda
1490 5420 1673 5490 potius
1701 5422 1816 5479 haec
1845 5424 2141 5485 Taurome-

557 5502 757 5559 nitana:
785 5503 1040 5562 Ecclesiae
1087 5506 1349 5576 dignitas,
1383 5525 1505 5578 quas
1543 5514 1679 5572 satis
1711 5517 1888 5587 ampla
1924 5529 2026 5587 est,
2057 5532 2143 5576 ut-

555 5605 683 5666 pote
728 5598 797 5653 ab
842 5598 961 5668 ipso
1010 5598 1067 5655 S.
1112 5598 1274 5657 Petro
1325 5606 1644 5675 constituta,
1690 5619 1750 5667 ut
1793 5610 1822 5684 ς
1869 5610 1914 5667 ιι
1961 5613 2141 5671 disse-

555 5684 788 5756 ruimus,
821 5697 876 5745 et
906 5704 934 5745 a
966 5705 1054 5746 me
1084 5704 1205 5761 qua:
1233 5707 1354 5750 mea
1387 5709 1516 5767 pars
1553 5699 1728 5760 virilis
1759 5709 1864 5772 est,
1895 5703 1962 5760 ab
1987 5706 2135 5761 omni

2226 376 2334 433 crit
2378 376 2686 448 subreptitii
2739 374 2877 431 tituli
2928 382 3048 427 nota
3081 380 3131 426 et
3164 367 3485 441 arrogantia)
3535 366 3813 420 talttmnia

2225 469 2569 523 vindicanda.
2596 467 2747 524 Hanc
2775 468 2918 523 enim
2947 476 3125 520 notam
3155 463 3475 531 impressam
3501 474 3596 514 seu
3627 460 3814 524 potius

2226 560 2458 614 inustam
2496 560 2567 612 illi
2600 561 2758 615 video
2803 562 2853 613 in
2899 557 3097 612 Notitin
3146 555 3402 619 Ectlcsia:
3446 550 3814 606 Tant-nationi-

2228 659 2385 716 tatur,
2435 667 2595 719 quam
2646 651 2816 705 edidit
2867 660 2994 705 tom.
3048 647 3087 701 ΙΙ
3138 649 3284 700 dum.
3341 645 3591 699 Bocchus
3643 643 3812 707 Pit'ri,

2226 746 2394 797 abbas
2416 743 2659 810 thiuus,
2683 743 2748 797 de
2773 743 2967 797 Sicilia:
2994 741 3250 796 Ecclesiis
3274 750 3359 796 snt
3383 741 3516 792 bene
3544 736 3813 790 meritus:

2224 834 2317 887 sed
2361 849 2465 889 non
2515 843 2621 887 tam
2665 833 2732 886 ab
2778 836 2895 903 ipso
2942 834 3053 886 haec
3101 832 3350 899 imposita
3386 837 3514 884 nota
3543 844 3708 895 quam
3745 827 3819 880 ab

2228 921 2452 975 Albcrto
2505 920 2738 985 Piccolo,
2792 922 2882 990 qui
2933 920 3006 975 illi
3058 918 3315 990 imposuit
3363 932 3377 971 :
3428 932 3537 985 quo
3587 924 3820 969 auctore

2226 1012 2416 1066 scribit
2465 1011 2604 1066 Pirri
2664 1012 2983 1066 Zachariam
3035 1010 3442 1066 schismaticutn
3496 1009 3820 1075 episcopum

2227 1102 2572 1157 Tauromcnii
2598 1119 2627 1156 a
2657 1104 2848 1158 Photio
2885 1102 3276 1172 archiepisc0pi
3318 1100 3818 1165 nomenclatorum,

2227 1195 2371 1265 quod
2405 1205 2548 1249 esset
2578 1210 2742 1264 Opera
2771 1196 2911 1250 male
2944 1195 3010 1248 ab
3041 1196 3131 1249 illo
3154 1193 3365 1256 collata,
3391 1204 3446 1247 et
3477 1191 3818 1247 defensionis

2229 1289 2463 1355 partium
2483 1284 2880 1341 Photianarutn
2913 1287 3142 1356 pretium
3174 1286 3321 1355 prius
3353 1299 3665 1354 repensum.
3700 1283 3815 1337 Sed

2229 1377 2369 1431 ttnde
2396 1376 2496 1430 hoc
2523 1377 2729 1445 accepit
2755 1376 3037 1432 Piccolus?
3060 1392 3169 1448 quo
3197 1377 3458 1445 producto
3486 1376 3810 1430 te5timonio

2230 1468 2279 1520 id
2313 1468 2583 1523 afﬁrmat?
2616 1467 2853 1523 Primum
2891 1470 3058 1531 enim,
3094 1470 3137 1524 si
3169 1469 3217 1526 is
3253 1478 3487 1539 ponatur
3519 1471 3808 1536 episcopus

2230 1558 2576 1615 Tanromenii
2608 1561 2773 1616 fuisse
2794 1561 3107 1627 Zacharias,
3133 1563 3222 1631 qui
3247 1571 3609 1634 cognomento
3632 1566 3816 1615 dictus

2229 1664 2313 1708 est
2345 1654 2565 1721 κωφός,
2616 1654 2667 1709 id
2696 1664 2778 1709 est
2809 1658 3024 1718 surdus,
3058 1666 3208 1711 certe
3238 1654 3287 1711 is
3310 1670 3343 1709 a
3372 1654 3564 1709 Photio
3610 1669 3714 1710 neu
3751 1656 3821 1706 ti-

2234 1745 2403 1797 tulum
2442 1745 2838 1816 archiepiscOpi
2874 1763 2972 1816 pro
3013 1761 3112 1802 sua
3158 1745 3402 1803 Ecclesia
3454 1748 3686 1814 accepit,
3719 1748 3819 1803 sed

2222 1836 2571 1911 igtnett'opolita
2603 1836 2963 1893 Chalcedonis
2998 1847 3252 1908 creatus;
3289 1840 3432 1907 quod
3470 1840 3823 1910 apertissime

2233 1930 2452 1998 scripsit
2502 1927 2720 1985 Nicetas
2763 1930 2930 1986 David
2979 1932 3035 1987 in
3082 1930 3204 1988 Vita
3252 1932 3310 1988 S.
3360 1933 3576 2004 lgnatii,
3625 1942 3820 1989 contra

2234 2035 2394 2090 quem
2447 2021 2671 2077 Photius
2732 2034 2838 2077 tam
2893 2023 3241 2093 pertinaciter
3288 2026 3590 2093 acerbeque
3644 2025 3821 2094 depu-

2233 2113 2458 2182 gnavit,
2526 2114 2760 2185 scriptor
2825 2129 3013 2171 eorum
3078 2123 3425 2183 temporum,
3485 2116 3577 2185 qui
3633 2116 3822 2175 omnia

2235 2202 2296 2258 S.
2346 2203 2538 2274 lgnatii
2592 2207 2891 2261 certamina
2946 2206 3355 2285 diligentissime
3398 2207 3825 2276 fideliSsimeque

2226 2308 2555 2371 persecutus
2603 2309 2686 2353 est
2734 2315 2748 2351 :
2800 2298 2956 2368 cujus
2996 2300 3227 2355 historia
3274 2301 3426 2355 initio
3472 2311 3567 2357 vttt
3618 2299 3818 2368 synodi

2226 2403 2334 2458 pro
2360 2403 2522 2444 causa
2548 2391 2647 2444 hac
2671 2390 2729 2445 S.
2757 2392 2948 2460 lgnatii
2973 2400 3026 2447 et
3051 2393 3229 2448 Photti
3256 2394 3519 2453 celebrata
3544 2394 3812 2462 impressa

2234 2488 2338 2534 est.
2380 2480 2455 2533 De
2485 2478 2682 2534 Photio
2712 2482 2896 2551 itaque
2937 2482 3017 2537 sic
3042 2484 3245 2543 scribit
3276 2500 3290 2535 :
3325 2482 3417 2535 llis
3450 2482 3541 2536 ille
3572 2482 3817 2534 ontmbus

2234 2574 2548 2640 procuratis,
2592 2574 2783 2626 insana
2825 2582 2873 2626 et
2915 2575 3172 2642 sacrilega
3212 2591 3303 2641 per
3334 2571 3608 2627 Zachariae
3650 2572 3823 2639 Ct-phi

2234 2680 2472 2730 manum,
2509 2663 2599 2732 qui
2660 2662 2725 2714 ab
2793 2664 2909 2732 ipso
2976 2663 3417 2718 Chalcedonensis
3483 2664 3823 2728 .metrapotita

2236 2765 2440 2808 creatus
2491 2755 2688 2822 fuerat,
2733 2763 2784 2808 et
2837 2753 3164 2808 Theodorum
3214 2756 3533 2813 translatum
3579 2772 3611 2807 a
3657 2750 3824 2807 Caria

2236 2848 2306 2901 ad
2342 2846 2717 2901 Laudicensem
2759 2848 3114 2917 episcopatum
3159 2848 3213 2902 in
3247 2847 3463 2900 Italiam
3507 2846 3820 2900 transmisit.

2214 2937 2316 2991 ‘Ex
2362 2937 2448 2992 his
2493 2952 2624 2993 sane
2671 2938 2876 2993 nullum
2926 2941 3147 2994 subesse
3195 2938 3418 2995 dubium
3474 2949 3647 3006 pottst
3689 2937 3823 3005 quin

2238 3028 2530 3085 Zacharias
2576 3029 2662 3085 ille
2709 3030 2800 3100 qui
2846 3031 3063 3102 Cephus
3111 3040 3470 3101 cognomento
3505 3030 3680 3084 dictus
3712 3039 3820 3094 est,

2237 3136 2347 3176 non
2398 3120 2744 3176 Taurontenii
2793 3124 3080 3194 episcopus
3124 3135 3251 3179 ante
3299 3123 3487 3188 fuerit,
3539 3123 3633 3179 sed
3682 3138 3826 3177 nova

2232 3212 2600 3271 Chalcedonis
2630 3215 2988 3284 metropolitte
3036 3215 3297 3286 dignitate
3342 3216 3594 3273 donatus.
3629 3215 3825 3285 Atqui,

2238 3306 2470 3376 inquies,
2501 3307 2569 3362 ab
2598 3307 2909 3376 episcopatu
2941 3306 3401 3365 Tauromenitano
3440 3320 3724 3380 promotus
3753 3310 3829 3363 ad

2240 3397 2757 3454 Chalcedonensem.
2806 3398 2911 3454 Sed
2956 3415 3061 3455 non
3104 3401 3205 3456 hoc
3233 3401 3456 3457 verbum
3489 3403 3833 3473 χειροτονεῖν

2238 3505 2351 3560 quo
2378 3506 2508 3547 usus
2535 3490 2727 3559 David,
2749 3491 3053 3560 significare
3079 3504 3277 3562 potest,
3300 3496 3398 3551 sed
3422 3497 3507 3552 vel
3536 3497 3831 3563 designare

2241 3584 2576 3653 episcopum,
2606 3584 2691 3640 vel
2720 3600 3078 3651 consecrare;
3114 3586 3259 3657 quod
3288 3603 3357 3644 ex
3389 3590 3504 3659 ipsa
3536 3589 3747 3644 ratione
3772 3597 3835 3644 et

2240 3685 2422 3746 elytuo
2459 3676 2699 3731 nominis
2726 3677 2869 3745 quod
2916 3691 3170 3732 manuum
3218 3680 3618 3749 impositionem
3654 3679 3835 3735 mani-

2242 3768 2383 3824 feSte
2419 3769 2660 3834 denotat,
2697 3779 2750 3825 ct
2776 3786 2842 3826 ex
2873 3770 2994 3827 aliis
3028 3773 3412 3843 scriptoribus,
3440 3773 3643 3832 Iacobo
3667 3774 3836 3831 Gret-

2241 3876 2387 3928 sero,
2412 3859 2619 3917 Joanne
2643 3863 2711 3918 de
2736 3862 2785 3917 la
2812 3861 3008 3929 Cerda,
3034 3863 3195 3921 Petro
3220 3865 3476 3932 Arcudio,
3511 3869 3833 3938 presbytero

2244 3950 2589 4022 Corcyrensi,
2630 3953 2723 4021 qui
2767 3952 2835 4008 de
2866 3953 2973 4007 ritu
3017 3964 3483 4009 sacramentorum
3517 3953 3834 4009 Graecorum

2246 4041 2493 4105 volumen
2528 4042 2796 4113 integrum
2834 4044 3074 4113 scripsit,
3122 4045 3198 4101 ita
3246 4040 3456 4100 certtim
3502 4060 3626 4102 esse
3669 4045 3839 4102 debet

2244 4134 2419 4189 cuivis
2452 4135 2804 4190 mediocriter
2836 4135 3024 4193 Graece
3053 4138 3268 4201 scienti,
3301 4147 3360 4193 ut
3392 4138 3447 4193 id
3485 4138 3720 4209 probare
3761 4139 3839 4195 sit

2244 4240 2407 4296 opera
2429 4228 2611 4295 abuti;
2633 4237 2689 4283 et
2709 4243 2915 4298 quaeso,
2940 4229 3009 4284 ab
3031 4229 3384 4299 sequentibus
3405 4229 3609 4295 verbis,
3635 4229 3837 4300 quibus

2246 4316 2591 4373 Theodorum
2633 4319 2957 4374 translatum
2987 4335 3017 4373 a
3044 4319 3206 4376 Caria
3243 4320 3572 4376 Laodiceam
3615 4321 3831 4387 scribit,

2246 4412 2300 4466 in
2330 4424 2437 4481 quo
2463 4425 2593 4465 usus
2624 4411 2788 4466 verbo
2815 4410 3192 4482 μετατιθέναι,
3229 4427 3335 4467 non
3362 4413 3414 4466 id
3445 4421 3599 4467 certo
3628 4412 3833 4468 certius

2245 4500 2506 4571 apparet?
2534 4501 2670 4559 Cum
2695 4504 2839 4559 enim
2866 4507 3166 4559 secundum
3196 4520 3455 4577 expresse
3480 4506 3622 4562 dicat
3649 4514 3834 4561 trans-

2246 4594 2450 4662 latum,
2497 4601 2554 4649 et
2606 4596 2827 4667 proprio
2876 4607 3060 4651 utatur
3092 4600 3284 4664 verbo,
3336 4600 3406 4653 de
3455 4600 3625 4669 primo
3676 4607 3838 4654 certo

2247 4689 2625 4760 accipiendum
2678 4700 2764 4745 est
2810 4689 2981 4746 fuisse
3032 4703 3309 4758 creatum,
3360 4692 3555 4763 quippe
3600 4706 3724 4745 cum
3773 4700 3834 4745 ut

2248 4783 2462 4837 diversa
2510 4785 2745 4853 scriptor
2771 4799 2834 4839 ea
2882 4785 3196 4839 tradiderit.
3231 4783 3439 4841 Deinde
3478 4785 3616 4854 apud
3652 4783 3837 4839 Lenn-

2247 4874 2483 4959 clavium
2501 4874 2579 4931 De
2592 4876 2722 4946 jure
2753 4874 3130 4931 Gnaeo-Rom.
3158 4885 3335 4932 exstat
3367 4885 3531 4948 caput
3561 4879 3626 4933 de
3656 4888 3843 4934 trans-

2248 4967 2450 5024 latione
2500 4970 2856 5024 Orientalium
2916 4971 3337 5040 episcoporum,
3386 4969 3442 5023 in
3489 4986 3600 5040 quo
3646 4988 3844 5029 omnes

2250 5061 2497 5117 translati
2531 5063 2766 5132 episcopi
2801 5073 3215 5129 enumerantur,
3246 5064 3356 5132 jam
3390 5063 3515 5118 inde
3545 5080 3576 5119 a
3609 5063 3667 5119 S.
3700 5063 3841 5121 Gre-

2246 5156 2402 5224 gorio
2428 5152 2829 5222 Nanzianzeno,
2848 5154 2942 5223 qui
2965 5170 3029 5210 ex
3058 5154 3288 5212 Sasimis
3308 5155 3838 5227 Constantinopolim

2248 5246 2548 5303 translatus
2591 5260 2698 5311 eSt.
2732 5262 2904 5317 usque
2930 5248 2997 5303 ad
3031 5247 3351 5317 Gregorium
3395 5249 3705 5314 Asbesram,
3741 5251 3841 5319 qui

2248 5337 2421 5408 ipsius
2467 5339 2780 5395 schistnatis
2817 5337 3067 5394 Photiani
3115 5356 3304 5407 causa,
3352 5339 3587 5396 Nicaeam
3623 5342 3692 5395 ab
3721 5341 3845 5411 ipso

2248 5429 2444 5486 Photio
2486 5432 2781 5486 translatus
2809 5431 3000 5487 eodem
3036 5429 3224 5487 Niceta
3268 5432 3476 5490 Davide
3524 5434 3842 5501 scribente;

2248 5537 2351 5578 nec
2400 5522 2511 5578 ulla
2560 5522 2617 5578 in
2656 5536 2722 5578 eo
2752 5524 2927 5595 capite
2975 5525 3181 5579 mentio
3231 5526 3485 5583 translati
3534 5526 3844 5583 Zachariae.

2249 5613 2347 5670 Est
2396 5613 2562 5685 igitur
2610 5623 2721 5669 tam
2772 5615 3120 5672 manifestum
3167 5616 3490 5674 Zachariam
3537 5618 3693 5674 illum
3731 5618 3845 5674 Co-

2254 5707 2425 5779 phum
2459 5722 2568 5766 non
2600 5710 2994 5781 archiepiscopi
3029 5709 3275 5780 titulum,
3302 5711 3400 5768 sed
3432 5728 3544 5769 rem
3578 5722 3631 5770 et
3663 5714 3849 5785 digni-
