4062 6214
287 342 362 403 73
1277 341 1674 401 FRANCISCI
1716 340 1872 399 SCOl

2019 341 2445 405 PROfEMlUM
2502 344 2546 402 Ι.
3471 347 3540 408 74

286 462 458 507 tatem
511 454 868 523 metropolitte
919 454 1192 523 recepisse
1231 468 1258 506 a
1291 453 1502 516 Photio,
1537 464 1595 508 ut
1627 454 1864 508 dubitari

289 547 489 599 merito
519 560 622 598 non
656 554 845 614 possit.
875 545 979 600 Sed
1016 554 1195 600 tamen
1225 547 1278 599 in
1308 545 1407 600 hac
1436 545 1595 599 etiam
1627 557 1864 599 erratum

286 644 373 686 est
421 635 472 686 in
520 632 784 688 Zacharia
823 649 850 688 a
897 634 1129 698 l’iccolo,
1181 651 1248 689 an
1293 635 1430 689 Pirri
1481 635 1694 690 dicam?
1727 634 1904 703 quod.

287 725 579 793 episcomts
645 725 994 782 Tauromenii
1052 726 1342 782 Zacharias
1400 727 1618 795 Cophu‘s
1677 727 1744 779 ah
1805 742 1868 779 eo

285 819 499 872 dicatur
521 820 821 878 Zacharias
849 823 936 878 ille
957 823 1046 892 qui
1071 823 1360 892 episc0pus
1383 821 1870 876 Tauromenitanus

279 908 513 964 Rutttattt
565 912 773 968 missus
819 917 874 966 in
923 929 1082 968 causa
1129 913 1323 977 Photii,
1367 914 1722 968 similitudine
1773 930 1868 966 no-

279 1000 445 1054 minis
494 1003 617 1057 falsi
651 1015 778 1057 sunt
807 1006 881 1059 illi
928 1006 1244 1074 scriptores,
1292 1022 1396 1059 non
1445 1006 1623 1058 omnia
1655 1005 1868 1073 penitus

279 1093 425 1146 illius
459 1110 556 1148 vttt
605 1097 798 1165 synodi
837 1107 955 1150 acta
990 1097 1303 1166 scriptaque
1347 1098 1865 1167 circumspicientes.

281 1183 402 1238 Duo
442 1186 647 1256 quippe
699 1187 977 1242 Zachariae
1022 1189 1261 1244 fautores
1313 1188 1489 1243 Pholii
1541 1190 1710 1255 fuere,
1750 1191 1869 1244 dua:

289 1276 592 1346 legationes
621 1277 844 1332 Romam
877 1282 1072 1335 missae.
1095 1280 1272 1335 Prima
1299 1293 1383 1337 est
1405 1298 1466 1336 ea
1494 1299 1612 1352 qua:
1637 1284 1870 1337 refertur

290 1381 318 1418 a
353 1367 590 1422 Baronio
637 1385 780 1434 anno
828 1369 934 1425 859
978 1381 1032 1426 et
1065 1375 1118 1426 in
1153 1389 1248 1427 VIII
1293 1374 1520 1444 synodo,
1567 1383 1672 1428 act.
1728 1376 1776 1438 1,
1815 1377 1867 1429 in

285 1475 390 1525 qua
436 1474 466 1512 a
516 1461 708 1532 legalis
756 1461 1014 1516 Romamn
1051 1463 1209 1519 Sedis
1259 1466 1630 1535 interrogante
1677 1476 1866 1520 senatu

286 1554 402 1607 haec.
453 1568 718 1624 responsa
770 1564 898 1608 sunt
932 1573 946 1609 :
985 1553 1241 1610 Primitus
1291 1558 1479 1610 missus
1524 1566 1602 1610 est
1649 1557 1870 1610 Arsabir

287 1646 488 1712 legatus
526 1645 805 1698 Michaelis
833 1649 1080 1714 imperat.
1111 1656 1158 1699 et
1189 1663 1306 1701 cum
1333 1664 1391 1700 eo
1421 1649 1563 1700 missi
1593 1660 1711 1700 sunt
1741 1664 1871 1717 qua-

286 1749 407 1788 tuor
449 1739 676 1804 episcOpi
717 1739 960 1807 (nomina
1006 1755 1187 1792 eorum
1235 1740 1586 1808 ignoramus),
1631 1741 1867 1809 deferens

282 1843 457 1880 secum
487 1839 535 1881 et
561 1816 838 1897 epistolam
866 1831 1059 1899 regiam
1087 1829 1466 1898 signiﬁcantem
1497 1831 1548 1881 in
1573 1846 1625 1882 se
1654 1846 1867 1883 causam

283 1921 542 1972 hereseos
595 1921 908 1989 imaginum,
957 1929 1005 1974 et
1056 1923 1109 1974 in
1155 1919 1263 1988 ﬁne
1309 1921 1603 1975 litterarum
1657 1922 1866 1976 illarum

285 2011 648 2065 ostendentem
668 2014 825 2066 etiam
843 2014 1198 2080 expulsionem
1219 2016 1536 2067 sanctissimi
1554 2014 1870 2078 patriarcha:

290 2101 515 2168 lgnatii.
543 2103 623 2155 Ad
657 2119 817 2172 quem
854 2103 1032 2158 locum
1063 2103 1201 2157 hanc
1237 2114 1419 2158 notam
1448 2105 1694 2171 adjnnsit
1721 2107 1867 2157 Ana-

289 2195 496 2247 stasius
527 2195 810 2258 Bibliotb.,
851 2195 965 2264 ejus
993 2195 1184 2265 synodi
1216 2196 1448 2264 scriptor
1474 2205 1529 2249 et
1557 2195 1708 2250 testis
1736 2210 1867 2249 ocu-

288 2284 430 2338 latus
454 2301 471 2338 :
499 2281 726 2353 Urgente
749 2285 866 2339 illos
886 2285 1166 2352 proposita:
1189 2285 1466 2340 locutionis
1490 2286 1868 2353 prosecutione,

288 2383 506 2436 nomina
535 2384 892 2452 episcoporum
921 2385 996 2437 eis
1032 2384 1100 2436 ad
1131 2383 1436 2438 memoriam
1469 2397 1730 2436 recurrere
1761 2392 1867 2436 tam

289 2475 491 2528 eoncite
524 2491 626 2528 non
655 2486 934 2542 potuerunt
962 2491 980 2528 :
1007 2477 1189 2544 quibus
1236 2485 1411 2528 tamen
1453 2473 1665 2527 nomina
1694 2482 1867 2538 erant,

301 2565 600 2619 Methodius
641 2567 960 2634 metropolita
1001 2547 1406 2637 Gangrengium,
1437 2563 1651 2618 Samuel
1692 2563 1869 2619 Cona-

302 2675 420 2710 ram
459 2661 742 2727 episcopus,
777 2658 1089 2727 Theophilus
1117 2659 1302 2724 lconii,
1337 2669 1386 2711 et
1412 2655 1697 2711 Zacharias
1727 2656 1866 2710 Tau-

295 2751 524 2803 romenii
555 2751 964 2819 pseudepiscopi,
995 2751 1086 2820 qui
1128 2748 1439 2818 legationem
1477 2757 1526 2801 et
1564 2747 1808 2816 epistolas
1837 2764 1868 2800 a

296 2841 490 2896 Photio
507 2842 634 2898 Serti
663 2844 965 2912 apostolicae
995 2843 1314 2898 detulerunt.
1349 2841 1472 2897 Haec
1501 2845 1821 2898 Anastasius
1852 2863 1865 2899 :

295 2949 359 2986 es
389 2947 501 3001 quo
528 2933 678 2988 vides
704 2934 853 2988 nullo
880 2935 1197 3002 cognomine
1224 2933 1474 2989 aﬁ'ectunt
1502 2933 1820 2989 Zachariam
1852 2954 1866 2991 :

289 3037 343 3079 et
379 3039 512 3080 sane
539 3040 608 3078 es
648 3025 752 3079 hac
780 3025 950 3080 solum
984 3037 1114 3080 nota
1153 3026 1426 3080 Anastasii
1457 3026 1544 3080 hic
1580 3025 1870 3082 Zacharias

292 3113 642 3169 Tauromenii
676 3115 843 3170 luisse
871 3116 1160 3185 episcopus
1192 3117 1395 3181 scitur;
1427 3125 1480 3170 et
1519 3120 1588 3170 ab
1626 3131 1690 3170 ea
1723 3132 1872 3171 sum-

292 3215 442 3271 ptum
493 3203 662 3258 refert
696 3204 956 3258 Baronius
1005 3204 1122 3258 loco
1155 3205 1322 3258 citato
1369 3220 1385 3258 :
1430 3219 1694 3272 nusquam
1741 3221 1872 3260 vero

292 3299 446 3363 alihi,
480 3299 570 3352 ubi
604 3297 673 3352 de
706 3299 806 3352 hac
843 3297 1108 3367 legatione
1143 3297 1346 3352 ntentio
1376 3298 1454 3362 lit,
1496 3309 1547 3352 et
1581 3298 1873 3353 Zacharias

292 3394 589 3458 episcopus
632 3390 773 3443 idem
809 3390 1140 3452 nominatur,
1169 3390 1660 3444 Tauromenitanus
1699 3392 1870 3444 ascrio

296 3483 465 3545 bitur,
501 3491 557 3534 ut
591 3481 642 3534 in
677 3481 938 3549 prooemio
967 3481 1082 3548 ejus
1111 3482 1300 3548 synodi
1339 3482 1408 3535 ab
1438 3481 1557 3546 ipso
1587 3482 1872 3535 Anastasio

294 3574 522 3639 scripto,
552 3579 608 3624 et
653 3569 706 3624 in
754 3568 877 3623 Vita
914 3568 970 3624 S.
1007 3570 1196 3640 lgnatii
1229 3587 1257 3624 a
1289 3571 1510 3636 Davide,
1559 3573 1647 3642 qui
1696 3574 1870 3626 Solum

296 3663 550 3717 meminit
586 3662 846 3725 duorum,
891 3663 1176 3732 Theophili
1218 3673 1275 3716 et
1319 3663 1602 3728 Samuelis,
1651 3673 1873 3718 caeteros

292 3754 518 3808 omittit.
556 3755 732 3822 Atque
777 3753 832 3807 hi
879 3753 1038 3822 legati
1074 3770 1102 3806 a
1147 3752 1371 3808 Nicolao
1416 3755 1429 3805 l
1478 3757 1728 3824 pontiﬁce
1763 3758 1872 3811 lto-

301 3857 463 3895 mano
502 3843 669 3896 auditi
701 3855 827 3897 sunt
861 3843 914 3896 in
944 3842 1160 3898 basilica
1189 3842 1246 3897 S.
1282 3843 1460 3898 Mariae
1490 3846 1555 3898 ad
1605 3845 1870 3917 [’l‘tESt‘pt’,

296 3936 392 3987 sed
447 3949 553 3987 non
604 3935 671 3986 ad
719 3934 1156 3988 communionem
1210 3935 1451 3989 admissi.
1507 3936 1660 4001 Quod
1709 3939 1874 3994 refert

295 4025 467 4078 etiam
505 4023 647 4077 Pirri
679 4039 747 4078 es
782 4022 1014 4077 Baronio
1047 4023 1166 4078 loco
1195 4024 1306 4093 jatn
1345 4040 1506 4094 supra
1553 4040 1870 4083 men.orato.

300 4114 487 4166 Altera
536 4114 736 4183 legatio
771 4128 857 4168 est
904 4125 1027 4183 post
1080 4116 1280 4168 illatam
1321 4131 1350 4168 a
1387 4117 1606 4170 Nicolao
1653 4129 1874 4172 senten—

302 4210 454 4268 tiam,
490 4219 543 4259 et
591 4208 855 4260 inllictum
903 4211 1191 4260 anathema
1237 4207 1292 4260 in
1334 4207 1603 4274 Photium,
1641 4225 1875 4277 eumque

301 4307 716 4352 exauctoratum
788 4297 916 4359 Qua:
963 4311 1124 4350 Causa
1175 4298 1278 4350 fuit
1326 4313 1425 4353 cur
1456 4299 1531 4352 ira
1565 4313 1660 4352 seu
1694 4299 1876 4355 furore

298 4406 542 4459 praeceps
589 4389 813 4442 Photius
863 4387 1278 4442 conciliabulum
1330 4389 1459 4442 illud
1515 4405 1672 4443 suum
1721 4391 1874 4444 nefa~

302 4487 505 4534 llOI'lllll
564 4481 938 4549 episcoporum
1003 4481 1274 4549 coegerit,
1343 4497 1451 4547 quo
1510 4492 1740 4536 conatus
1794 4491 1876 4535 est

300 4573 580 4627 Nicolaum
618 4573 919 4640 pontificem
963 4551 1458 4634 escomtnunlcare,
1493 4572 1716 4641 ejusque
1747 4587 1878 4626 con-

299 4664 542 4718 ciliabuli
593 4670 710 4715 acta
759 4678 854 4730 per
903 4661 1222 4714 Zachariam
1278 4663 1517 4730 Cophutn
1570 4665 1621 4716 in
1669 4662 1902 4734 italiam

302 4753 632 4816 transmisit,
684 4761 742 4806 ut
790 4754 990 4806 diserte
1043 4751 1234 4804 scribit
1271 4749 1489 4806 Nicetas
1548 4753 1710 4806 David
1757 4754 1876 4808 loco

300 4846 412 4916 jam
449 4860 612 4914 supra
655 4845 846 4900 relato.
886 4843 990 4898 Sed
1025 4843 1202 4897 adhuc
1239 4845 1542 4899 evidentius
1582 4846 1877 4900 discrimen

311 4938 446 4990 inter
489 4936 632 4992 duos
679 4934 968 4989 Zacharias
1003 4936 1308 4990 ostendam.
1360 4936 1492 4989 Nam
1529 4938 1750 5004 primus,
1786 4942 1874 5010 qui

309 5030 478 5095 prima
507 5028 777 5099 legatione
806 5027 1026 5082 functus
1057 5028 1292 5097 legitime
1317 5027 1598 5082 ordinatus
1625 5044 1654 5082 a
1683 5029 1740 5084 S.
1770 5030 1880 5085 Me-

301 5122 488 5175 thodio
543 5120 884 5188 patriarcha,
933 5121 1022 5189 qni
1076 5120 1132 5173 S.
1185 5120 1391 5190 lgnatio
1443 5132 1812 5176 antecesserat
1859 5140 1872 5176 :

300 5211 581 5267 secundus
619 5227 647 5264 a
692 5211 886 5265 Photio
931 5211 1232 5281 illegititno.
1281 5212 1418 5264 Nam
1458 5221 1564 5266 act.
1599 5226 1652 5266 tv
1693 5212 1875 5267 statim

301 5301 470 5356 initio
521 5301 766 5355 Baannes
816 5301 1076 5367 patricius
1134 5301 1312 5354 retulit
1367 5301 1432 5354 ad
1481 5301 1743 5370 synodum
1794 5304 1878 5357 his

305 5393 490 5447 verbis
533 5409 547 5443 :
590 5393 743 5444 Εἰσὶν
794 5391 1080 5442 ἐπίσκοποι
1128 5391 1492 5459 χειροτονεξαν
1533 5393 1746 5458 ἔχοντες
1783 5393 1877 5445 τοῦ

309 5485 733 5555 μακαριωτάτου
787 5483 1048 5536 Μεθοδίου
1100 5484 1396 5552 Θεόφιλος,
1453 5487 1546 5535 καὶ
1604 5483 1879 5553 Ζαχαρίας

305 5580 355 5629 οἱ
393 5578 482 5628 τὸν
517 5576 721 5629 Φώτιον
767 5576 1154 5645 ἀποδεχόμενοι
1186 5593 1198 5606 ’
1233 5576 1280 5626 εἰ
1323 5575 1414 5627 οὖν
1453 5575 1598 5626 δοκεῖ
1645 5574 1881 5626 εἰσελοὲο

306 5688 488 5724 τωςαν
529 5673 608 5732 εἰς
652 5670 750 5739 τὴν
803 5671 966 5738 ἁγίαν
1033 5669 1415 5739 οἰκουμενικὴν
1461 5669 1700 5722 σύνοδον.
1745 5666 1878 5722 Sunt

313 5764 595 5816 zonsecrati
628 5779 659 5814 a
691 5761 750 5816 S.
787 5760 1050 5814 Methodio
1086 5761 1308 5828 episcopi
1347 5759 1654 5829 Theophilus
1686 5771 1730 5814 et
1774 5757 1877 5814 Za-

512 5861 783 5919 i‘s'rttOL.
822 5857 940 5916 (in.
971 5855 1283 5917 CXXXII.

1985 452 2193 507 chorios
2234 459 2322 524 qui
2350 473 2467 510 cum
2499 452 2683 510 Pho'tio
2712 460 3170 512 communicarunt
3207 477 3224 512 .·
3253 461 3298 512 si
3316 461 3540 523 videtur,

1984 547 2347 613 ingrediantur
2388 551 2454 601 ad
2499 547 2558 602 S.
2591 551 2954 603 mcumenicum
2993 553 3293 606 concilium.
3359 554 3546 608 Exitus

1983 639 2243 692 seSsiOnis
2295 639 2455 706 hujus
2502 639 2602 694 fuit
2642 650 2699 694 ut
2747 643 3030 696 mendacio
3082 654 3266 712 aperte
3311 644 3544 698 convicti

1983 727 2170 795 legati,
2215 729 2572 800 allirmatiqne
2620 732 2674 787 in
2723 747 2820 786 suo
2863 734 3152 787 schismate
3198 732 3545 799 ejiccrentur.

1981 815 2049 868 At
2096 835 2218 872 vero
2251 821 2301 872 in
2336 837 2384 874 tv
2429 822 2672 876 sessione
2717 823 2868 877 initio
2901 823 3048 877 tniSsi
3096 833 3218 876 sunt
3256 826 3487 894 episcopi
3517 842 3545 878 a

1981 908 2176 964 Photio
2223 914 2478 975 ordinati,
2509 923 2562 966 et
2605 929 2791 966 eorum
2839 929 3000 968 causa
3051 916 3314 980 discussa,
3360 917 3545 985 inqua

1981 1017 2192 1070 seraper
2247 1004 2554 1058 nominatur
2606 1003 2929 1068 Zacharias,
2981 1013 3039 1057 ut
3090 1005 3387 1060 Photianns
3433 1007 3549 1075 epi-

1980 1109 2179 1162 sc0pus
2236 1104 2289 1149 et
2357 1097 2423 1148 ah
2481 1113 2545 1150 eo
2602 1097 2904 1150 ordinatus.
2977 1097 3250 1166 Ζαχαρέας
3310 1100 3337 1150 ὁ
3400 1101 3550 1167 παρὰ

1978 1187 2182 1238 Φωτίου
2255 1188 2651 1257 χειροτονηθεὶς
2726 1187 3068 1258 Χαλκηδόνος
3151 1192 3550 1260 μητροπολίτης

1979 1273 2153 1342 εἶπεν,
2193 1288 2297 1332 etc.
2340 1278 2634 1334 Zacharias
2678 1280 3114 1336 Chalcedonensis
3160 1285 3490 1350 metropolita
3520 1301 3552 1336 α

1980 1368 2169 1424 Photio
2218 1384 2554 1426 consecratus
2620 1373 2797 1439 dixit,
2856 1385 2998 1440 etc.;
3054 1383 3105 1428 et
3139 1373 3298 1450 [infra
3351 1393 3365 1429 :
3417 1375 3553 1428 Τότε

1978 1463 2351 1533 Μητροφὰνης
2396 1466 2423 1516 ὁ
2462 1464 2715 1534 Σμύρνης
2759 1465 2892 1533 πρὸς
2942 1467 3219 1536 Ζαχαρίαν
3265 1466 3358 1518 τὸν
3405 1467 3554 1538 παρὰ

1977 1555 2185 1608 Φωτίου
2239 1556 2688 1626 χειροτονηθέντα
2749 1556 3092 1626 Χαλκηδόνος
3151 1557 3554 1627 μητροπολετην

1977 1642 2122 1707 εἷπε,
2165 1646 2304 1714 πρὸς
2336 1646 2372 1700 ὃ.
2405 1648 2541 1716 ἔφης
2578 1646 3024 1718 ἀποκρινούμεθα
3060 1665 3162 1700 σοι.
3198 1648 3396 1717 Νόμοι,
3443 1659 3549 1702 etc.

1977 1734 2178 1788 Deinde
2207 1734 2576 1804 MetroPhanes
2624 1737 2963 1807 Smyrnensis
2994 1739 3322 1805 metrOpolita
3347 1737 3555 1792 Zacha-

1979 1828 2115 1880 riam
2164 1844 2196 1880 a
2245 1827 2436 1882 Photio
2489 1840 2722 1883 creatum
2771 1829 3247 1884 Chalcedonensem
3295 1840 3556 1899 metropo-

1977 1919 2126 1971 litam
2170 1920 2498 1988 compellavit
2531 1937 2548 1973 :
2577 1921 2656 1973 Ad
2692 1937 2752 1974 ea
2782 1937 2900 1991 qute
2935 1921 3232 1975 disseruisti
3278 1923 3556 1988 responde-

1978 2023 2116 2060 mus.
2148 2007 2330 2077 Leges,
2369 2020 2509 2074 etc.;
2553 2020 2712 2078 atque
2758 2011 2812 2064 in
2845 2011 2932 2064 his
2963 2011 3404 2066 altercationilms
3441 2013 3554 2066 ha-c

1977 2100 2149 2153 sessio
2185 2110 2458 2168 protracta
2505 2111 2608 2156 est.
2654 2101 2728 2154 Es
2769 2102 2968 2171 quibus
3014 2101 3146 2156 locis
3193 2103 3310 2158 luce
3349 2105 3552 2157 clarius

1977 2200 2198 2258 apparet
2248 2189 2568 2244 Zachariam
2619 2191 2887 2261 Cophum,
2938 2209 3097 2261 quem
3151 2193 3550 2263 metropolitani

1977 2281 2474 2338 Chalcedonensetn
2508 2299 2538 2338 a
2571 2283 2764 2339 Photio
2797 2295 3178 2340 consecratum
3225 2286 3418 2341 scribit
3461 2284 3556 2338 Ni-

1978 2385 2162 2441 cetas,
2217 2390 2321 2428 non
2372 2389 2494 2429 esse
2544 2374 2863 2430 Zachariam
2913 2377 3006 2446 qui
3055 2375 3553 2431 Tauromenitanus

1978 2467 2264 2536 episcOpus
2293 2467 2361 2521 ab
2389 2469 2680 2521 Anastasio
2713 2469 3012 2538 appellatus
3038 2479 3141 2524 est.
3178 2468 3360 2524 Redeo
3393 2469 3555 2536 igitur

1977 2574 2042 2612 eo
2071 2558 2213 2612 unde
2246 2560 2362 2613 hrec
2389 2569 2474 2613 est
2501 2559 2634 2612 inita
2678 2561 2992 2628 disputatio,
3027 2562 3168 2614 unde
3197 2560 3399 2629 colligit
3428 2559 3553 2613 Pic-

1980 2651 2133 2705 colus
2175 2649 2493 2705 Zachariam
2528 2649 3044 2704 Tauromenitanum
3068 2667 3096 2702 a
3119 2649 3316 2704 Photio
3340 2651 3552 2705 titulum

1979 2743 2370 2812 archiepiscopi
2419 2743 2728 2799 abstulisse.
2774 2744 2844 2798 At
2886 2743 3135 2798 fortassis
3185 2759 3254 2798 es
3298 2760 3362 2799 eo
3409 2748 3556 2814 quod

1979 2836 2094 2904 ipse
2152 2833 2368 2889 Nicetas
2418 2849 2540 2889 cum
2587 2837 2653 2888 de
2705 2833 2880 2903 prima
2947 2834 3214 2902 legatione
3281 2834 3429 2904 agit,
3481 2835 3554 2890 ita

1979 2927 2201 2992 scribit,
2256 2925 2595 2980 Ἐπιστὲλλει
2668 2925 2850 2979 τοίνυν
2920 2926 3180 2994 Θεόφιλον
3259 2927 3558 2980 ἐπίσκοπον

1978 3017 2073 3070 τοῦ
2112 3017 2388 3087 Ἀμορίου,
2416 3018 2506 3070 καὶ
2535 3016 2789 3087 Σαμουὴλ
2817 3016 3120 3071 ἐπίσκοπον
3148 3017 3306 3088 ἄχρις
3345 3017 3557 3072 ἐκείνου

1979 3108 2089 3162 τῶν
2132 3108 2337 3162 Κωνῶν
2381 3108 2485 3162 ὑπὸ
2557 3109 2880 3164 Λαοδίκειαν
2920 3108 3258 3178 τυγχάνοντα
3307 3109 3561 3179 ἀρχιεπξ-

1983 3217 2185 3254 σκοπον
2204 3200 2512 3271 τετιμηκώς
2543 3216 2558 3232 ο
2592 3202 2692 3255 hoc
2723 3211 2804 3255 est
2838 3217 2851 3252 :
2876 3199 3034 3270 Legat
3065 3217 3184 3270 ergo
3221 3199 3558 3267 Theophilum

1982 3295 2187 3348 Amorii
2234 3295 2553 3362 episcopum,
2585 3301 2633 3344 et
2666 3291 2964 3345 Samuelcm
3007 3294 3096 3361 qui
3137 3293 3206 3345 ad
3241 3291 3390 3346 illum
3423 3293 3560 3345 diem

1982 3386 2282 3439 Chonarum
2333 3387 2554 3439 antistes
2603 3383 2900 3438 Laodiceno
2951 3383 3238 3453 subjectus,
3293 3384 3558 3452 archiepi-

1981 3480 2124 3547 scopi
2171 3479 2364 3531 honore
2409 3480 2655 3547 dignatus
2699 3487 2771 3530 est
2803 3493 2834 3530 a
2874 3475 3091 3540 Photio;
3127 3491 3277 3547 ergo,
3325 3476 3556 3544 inquies,

1982 3572 2123 3626 sicut
2157 3568 2396 3634 Samuel,
2433 3571 2508 3623 ita
2539 3580 2590 3622 et
2621 3567 2916 3623 Zacharias
2956 3569 3354 3638 archiepiscopi
3403 3567 3560 3624 titulo
3615 3617 3624 3623 .

1984 3662 2233 3734 insigniri
2264 3677 2291 3715 a
2329 3661 2520 3715 Photio
2557 3662 2748 3730 potuit.
2785 3659 2891 3714 Sed
2939 3661 3066 3728 quid
3098 3672 3183 3715 est
3216 3661 3481 3725 divinare,
3515 3662 3559 3715 si

1984 3755 2088 3808 hoc
2120 3769 2228 3806 non
2260 3751 2386 3808 est?
2435 3753 2576 3806 Sane
2609 3751 2738 3805 illud
2787 3752 2948 3806 modo
2972 3752 3024 3805 itt
3053 3752 3154 3804 hac
3198 3752 3562 3822 disputatione

1984 3846 2273 3910 contendo,
2322 3845 2472 3898 nullo
2524 3843 2858 3908 testimonio,
2919 3841 3066 3914 nullo
3117 3853 3360 3905 auctore,
3416 3843 3560 3895 nulla

1985 3937 2228 4002 historia,
2253 3951 2373 4005 quae
2401 3939 2602 4006 scripta
2631 3943 2831 4000 exstet,
2867 3935 2920 3987 id
2952 3933 3214 3987 allirtnari
3242 3934 3311 3987 ab
3341 3934 3562 3988 Alberto

1985 4027 2201 4082 Piccolo
2231 4037 2286 4080 et
2310 4041 2374 4080 ex
2400 4040 2464 4081 eo
2491 4042 2520 4079 a
2549 4025 2686 4078 Pirri
2723 4044 2736 4078 :
2765 4033 2820 4079 et
2851 4040 2984 4078 sane
3011 4024 3174 4080 sicuti
3216 4040 3403 4092 parum
3433 4041 3563 4079 con-

1985 4119 2220 4172 siderate
2261 4118 2477 4186 scripsit
2508 4116 2827 4169 Zachariam
2860 4117 3176 4184 episcopum
3208 4114 3562 4170 Tauromeni-

1991 4217 2172 4261 tanum
2221 4205 2465 4276 Cophum
2508 4214 2864 4274 c0gnomcnto
2914 4205 3264 4275 appellatum,
3315 4207 3388 4260 ita
3428 4222 3562 4262 sane

1988 4309 2190 4354 temere
2221 4299 2290 4352 ab
2331 4314 2396 4353 eo
2445 4298 2714 4368 proditum
2769 4295 2978 4370 videtur
3027 4296 3419 4366 archiepiscopi
3461 4314 3561 4352 no-

1989 4391 2320 4445 menclatura
2351 4389 2501 4444 illum
2535 4405 2563 4443 a
2603 4389 2796 4444 Photio
2837 4389 3002 4445 fuisse
3037 4391 3374 4444 decoratum.
3411 4390 3562 4444 Reli-

1987 4498 2150 4550 quum
2207 4482 2371 4552 igitur
2425 4491 2528 4548 est,
2573 4491 2630 4535 ut
2680 4484 2982 4540 ostendam,
3041 4484 3182 4535 unde
3233 4482 3320 4536 hic
3375 4483 3563 4536 titulus

1985 4573 2239 4642 episcopo
2283 4573 2743 4626 Tauromenitano
2775 4573 2846 4626 sit
2882 4571 3196 4625 attributus.
3234 4571 3291 4626 ld
3327 4589 3458 4626 sane
3494 4575 3562 4626 ah

1987 4666 2092 4716 alio
2137 4665 2400 4732 principio
2437 4681 2545 4716 non
2579 4665 2862 4724 deducam.
2906 4673 2959 4716 et
3007 4665 3222 4732 quidem
3257 4666 3390 4715 satis
3439 4677 3559 4716 cum

1987 4756 2221 4820 ratione,
2249 4771 2410 4825 quam
2438 4771 2502 4808 ex
2537 4771 2643 4824 quo
2676 4756 2814 4808 idem
2853 4754 3104 4808 Bocchus
3136 4753 3275 4806 Pirri
3305 4756 3558 4817 ostendit,

1988 4849 2129 4901 unde
2163 4846 2556 4916 archiepiscopi
2608 4846 2798 4898 titulus
2833 4847 2890 4898 S.
2927 4844 3239 4896 Matniliano
3281 4844 3564 4898 Panormi-

1987 4949 2117 4991 tano
2147 4939 2375 4991 antistiti
2410 4937 2478 4991 sit
2511 4937 2807 4991 attributus
2849 4937 2960 5004 jatn
2995 4935 3116 4989 inde
3149 4950 3180 4989 a
3210 4936 3401 5005 priscis
3429 4947 3563 4991 tent-

1989 5031 2234 5099 porihus,
2269 5045 2391 5082 cunt
2440 5029 2505 5082 ab
2555 5029 2705 5084 iisin
2753 5044 3021 5082 marmore
3066 5027 3184 5095 ejus
3229 5031 3561 5084 monumenti

1987 5119 2191 5185 legatur
2235 5118 2462 5172 incisus.
2502 5118 2674 5181 Unde,
2708 5119 2949 5186 inquam,
2983 5118 3069 5171 ille
3111 5119 3350 5187 colligit:
3382 5119 3565 5172 Credi-

1985 5210 2178 5272 derim,
2224 5209 2417 5278 inquit,
2458 5215 2517 5261 eo
2562 5227 2666 5262 non
2710 5211 2880 5276 inepte
2929 5211 3115 5277 referri
3155 5226 3326 5278 posse,
3361 5213 3498 5278 quod
3532 5227 3564 5262 α

1987 5303 2051 5356 ι).
2088 5301 2257 5355 Petro.
2289 5303 2577 5355 antistitem
2626 5304 2864 5356 habuerit
2901 5302 3222 5357 Panormus.
3259 5306 3390 5368 Quis
3425 5307 3562 5356 enim

1987 5396 2182 5450 nesciat
2210 5395 2274 5446 iis
2309 5394 2556 5446 Ecclesiis
2600 5411 2716 5465 quae
2746 5396 2810 5448 ab
2844 5398 3200 5465 apostolorum
3247 5396 3561 5461 temporibus

1986 5483 2136 5540 suam
2165 5497 2444 5553 repeterent
2471 5487 2746 5553 originem,
2769 5505 2986 5556 quicque
3013 5487 3205 5542 Christi
3231 5487 3563 5555 discipiinam

1987 5587 2234 5639 tanquam
2262 5586 2502 5642 parentes
2523 5575 2644 5629 aliis
2672 5579 3034 5640 tradidissent,
3060 5578 3375 5643 peculiarem
3392 5595 3566 5646 quem-

1987 5668 2122 5734 piam
2155 5665 2400 5729 ltonorem
2427 5663 2682 5717 habitum.
2713 5663 2851 5718 Sane
2878 5665 3134 5730 Rupertus
3163 5668 3320 5719 abbas
3349 5677 3473 5721 tom.
3507 5665 3563 5719 11

1947 5753 1954 5760 ”
1995 5757 2068 5810 De
2097 5757 2266 5812 dtvm.
2305 5753 2484 5823 Ollio,
2506 5771 2617 5824 cap.
2647 5754 2735 5823 9.7,
2761 5771 2773 5807 :
2807 5754 3201 5824 Apostolorum,
3228 5759 3417 5827 inquit,
3445 5773 3566 5809 suo-

3238 5851 3275 5908 3
