4062 6214
460 353 532 415 75
1475 347 1877 409 FRANCISCI
1916 348 2182 409 sconsr
2223 348 2656 411 PROOEMIUM
2699 353 2748 418 Ι.
3630 363 3701 425 76

461 480 689 522 cessores
717 460 1034 540 patriarcha
1054 467 1177 514 sunt
1200 460 1359 527 dicti;
1386 461 1529 516 Petri
1554 474 1728 517 autem
1755 478 2025 517 successor

461 573 555 625 pro
602 555 905 612 excellentia
967 552 1216 622 principis
1260 554 1647 622 apostolorum,
1694 555 2026 623 Apostolicus

460 650 799 711 nominatur;
827 645 919 716 qui
946 652 1125 699 autem
1152 646 1216 698 ab
1243 646 1316 699 eis
1345 646 1563 717 (scilicet
1594 644 1651 701 S.
1690 645 1845 700 Petro
1874 647 2028 700 aliis-

459 754 557 808 que
606 736 883 806 apostolis)
924 752 1017 806 per
1052 738 1353 806 provincias
1402 740 1548 792 missi
1594 748 1737 804 sunt,
1782 749 1888 793 tam
1929 741 2028 806 ipsi

458 845 614 897 quant
667 844 988 883 successores
1036 828 1152 897 ejus
1208 831 1583 899 archiepiscopi
1627 842 1896 885 vocantur.
1952 832 2025 885 Ita

460 921 709 976 ltocchus
755 918 895 975 Pirri
946 921 1322 984 ratiocinator,
1368 932 1423 975 et
1472 933 1615 977 recte
1652 937 1805 988 sane,
1868 937 2028 977 nemo

457 1014 665 1083 negarit
697 1031 711 1067 :
749 1028 857 1083 qua
895 1013 1307 1068 ratiocinatione
1342 1013 1460 1083 quis
1498 1014 1630 1069 mihi
1673 1016 1775 1069 nisi
1806 1015 1877 1067 sit
1908 1028 2028 1084 per-

444 1106 692 1174 antiquus,
729 1119 834 1159 non
884 1106 1146 1162 concedat
1196 1105 1274 1159 uti
1313 1107 1379 1160 ad
1430 1109 1778 1162 asserendam
1818 1105 2028 1160 Tauro-

459 1198 749 1252 menitana:
792 1194 1049 1250 Ecclesiae
1087 1196 1478 1266 archiepiscopi
1522 1197 1859 1265 dignitatem,
1903 1212 2025 1251 cum

458 1292 634 1345 medio
661 1291 809 1345 nullo
838 1290 1208 1344 intercedente
1235 1298 1265 1343 a
1298 1289 1357 1344 S.
1382 1288 1545 1344 Petro
1574 1289 1794 1343 fundata
1828 1288 2028 1343 fuerit?

454 1385 597 1451 Quin
643 1385 805 1440 etiam
836 1397 954 1453 qua:
984 1384 1100 1451 ipse
1141 1380 1366 1438 disserit
1402 1383 1471 1434 de
1513 1380 1773 1450 dignitate
1817 1379 2026 1434 Panor-

460 1479 675 1530 mitanaa
717 1474 889 1539 urbis,
932 1474 997 1528 ad
1044 1470 1207 1542 quam
1254 1472 1417 1525 etiam
1467 1472 1655 1525 referri
1705 1471 1792 1525 ille
1835 1470 2025 1525 titulus

460 1567 652 1637 possit,
695 1578 923 1635 qumque
954 1577 1022 1617 ex
1055 1562 1287 1617 Baronio
1326 1561 1488 1617 refert
1532 1563 1596 1615 ad
1631 1577 1748 1615 eam
1790 1561 2026 1630 probau-

454 1659 604 1724 dam,
629 1657 810 1711 omnia
845 1656 1026 1710 facere
1054 1669 1152 1724 pro
1192 1646 1558 1708 Tauromenio
1589 1665 1831 1723 possunt,
1868 1653 2027 1722 cujus

448 1747 607 1803 urbis
636 1748 871 1817 dignitas
897 1745 1147 1814 quamvis
1173 1743 1572 1799 Panormitame
1602 1759 1707 1798 non
1740 1760 1857 1813 par,
1882 1754 2027 1798 attae

458 1855 581 1894 men
613 1849 720 1893 tam
764 1851 956 1906 magna
1004 1832 1337 1906 primis’illis
1368 1836 1655 1904 aureisque
1693 1834 2024 1902 temporibus

447 1930 701 1995 exstitit,
752 1937 811 1984 ut
853 1942 919 1983 ex
963 1926 1321 1983 Constantino
1372 1927 1696 1994 imperatore
1745 1935 2024 1979 ostensum

448 2020 596 2091 est§
637 2021 655 2075 l
698 2020 859 2090 hujus
902 2018 1179 2083 Pronamii,
1231 2024 1290 2071 ut
1339 2019 1532 2071 merito
1578 2016 1652 2069 illi
1705 2015 1792 2069 hic
1839 2015 2027 2068 titulus

456 2113 652 2168 ascribi
691 2126 846 2181 posse
877 2110 1143 2165 videatur.
1179 2109 1397 2165 Advoco
1426 2122 1553 2162 vero
1583 2108 1748 2162 etiam
1783 2107 1849 2160 ad
1877 2120 2027 2159 eam-

457 2207 577 2259 clem
605 2203 1078 2258 Tauromenitanae
1104 2214 1324 2255 causam
1360 2200 1803 2268 patrocinandam
1835 2197 2027 2251 affines

440 2296 853 2365 Syracusanam
910 2302 967 2348 et
1013 2292 1369 2346 Catanensem
1424 2289 1734 2353 Eeclesias,
1795 2304 2024 2357 quarum

459 2387 788 2443 honorificus
863 2384 1045 2439 titulos
1117 2382 1547 2452 archiepiscopi,
1611 2396 1719 2452 quo
1787 2380 2026 2459 Syracu-

455 2495 625 2537 sanus
684 2478 910 2533 antistes
973 2485 1028 2531 et
1092 2475 1486 2545 metrOpolitte,
1543 2489 1650 2542 quo
1706 2472 2028 2528 Catanensis

454 2575 522 2628 ab
561 2571 747 2628 eadem
788 2569 1047 2625 natalium
1085 2582 1307 2626 suorum
1354 2565 1668 2622 conditione
1706 2574 1865 2621 natos
1905 2579 2029 2619 esse

451 2677 668 2729 censeo,
708 2659 854 2731 quod
901 2658 1070 2714 altera
1117 2656 1175 2712 S.
1214 2654 1781 2720 lareianumLaltera
1828 2652 1888 2707 S.
1928 2652 2030 2705 Be-

454 2754 644 2826 ryllum
703 2753 910 2822 primos
958 2766 989 2805 a
1039 2748 1104 2805 D.
1159 2748 1319 2803 Petro
1372 2754 1624 2816 parentes
1669 2754 1725 2800 et
1783 2750 2028 2813 pastores

390 2870 395 2877 ν
455 2845 730 2916 acceperit
755 2860 771 2899 :
813 2857 1123 2913 quanquam
1165 2841 1264 2896 hos
1295 2840 1460 2894 etiam
1491 2837 1708 2893 venales
1736 2835 1943 2903 titulos,
1974 2843 2029 2888 ct

454 2955 482 2990 a
517 2936 712 2992 Photio
754 2942 994 3004 emptos,
1027 2936 1096 2988 ob
1141 2941 1447 3000 susceptam
1478 2930 1597 2999 ejus
1645 2928 1699 2982 in
1733 2926 2028 2982 schismate

456 3025 720 3081 adversus
748 3023 1013 3094 Ignatium
1043 3031 1099 3078 et
1126 3022 1406 3078 defensam
1429 3033 1648 3075 causam
1678 3018 1856 3088 arguit
1882 3018 2025 3071 idem

456 3117 708 3171 Piccolus
740 3116 939 3170 citatus
968 3114 1000 3167 ὸ
1036 3113 1174 3167 Pirri
1223 3122 1363 3182 part.
1394 3127 1447 3176 ι,
1477 3125 1598 3180 cap.
1629 3109 1698 3163 26
1719 3148 1737 3173 ,
1773 3117 1828 3164 et
1857 3122 1924 3162 ex
1960 3120 2027 3163 eo

453 3208 594 3264 Pirri
627 3209 681 3262 in
718 3205 916 3262 Notitia
955 3203 1120 3260 Mess.
1171 3203 1424 3259 Ecclesia:
1458 3212 1591 3258 tom.
1637 3201 1711 3265 ll,
1740 3199 1779 3254 f.
1816 3215 2021 3265 ccuv;

451 3315 771 3372 quanquam
811 3298 899 3354 hic
954 3308 1086 3352 tom.
1121 3294 1217 3359 Ill,
1244 3296 1298 3347 in
1336 3292 1535 3348 Notitia
1568 3291 1925 3361 Syracusanae
1971 3297 2026 3346 et

448 3382 771 3451 Catanensis
827 3392 1019 3462 pedem
1089 3389 1349 3460 paulatim
1408 3386 1612 3465 referre
1665 3385 1914 3439 videatur
1958 3381 2025 3437 iis

448 3487 644 3557 pulsus
676 3482 1008 3555 argumentis
1048 3495 1170 3551 quae
1220 3480 1330 3548 jam
1375 3479 1666 3550 proferam.
1721 3476 1866 3532 Sane
1917 3489 2024 3530 non

448 3576 668 3633 inliciar
703 3575 757 3627 in
791 3588 854 3627 ea
891 3580 1216 3640 tempestate
1246 3569 1593 3636 naufragasse
1617 3583 1712 3623 eos
1732 3567 2024 3632 antistites,

449 3678 505 3724 et
531 3665 857 3737 Gregorium
893 3663 1182 3717 Asbestam
1213 3658 1618 3732 Syracusanum
1655 3659 1827 3714 facem
1861 3659 2024 3714 fuisse

392 3750 395 3751 ν
453 3761 600 3816 illius
632 3757 779 3822 belli,
814 3770 1049 3823 eumque
1075 3755 1129 3807 in
1173 3753 1473 3808 schismate
1498 3762 1871 3807 contumacem
1902 3750 2025 3804 ani-

448 3864 594 3906 unum
675 3849 1013 3912 obstinasse;
1074 3842 1422 3913 Euthymium
1476 3858 1607 3899 vero
1664 3843 2023 3898 Catanensem

448 3942 599 4012 prius
626 3939 846 4010 quidem
875 3935 1172 3992 adhaesisse
1203 3934 1396 3989 Photio
1416 3973 1432 3999 ,
1468 3934 1663 3988 deinde
1706 3934 2023 4003 paenitentia

446 4031 578 4088 facti
630 4037 1054 4099 compunctum,
1100 4024 1465 4097 secessionem
1502 4024 1571 4080 ab
1616 4039 1683 4079 eo
1712 4024 1936 4090 fecisse,
1968 4032 2023 4078 et

449 4139 572 4178 cum
604 4118 755 4178 recte
778 4119 1140 4176 sentientibus
1192 4119 1246 4173 in
1282 4117 1526 4188 synodo.
1564 4117 1687 4172 Act.
1718 4117 1750 4171 5
1770 4156 1786 4182 ,
1817 4125 1872 4172 et
1901 4115 2021 4171 aliis

451 4214 707 4283 deinceps
735 4221 1109 4283 aggregatum.
1136 4210 1288 4278 Quod
1318 4224 1450 4266 vero
1497 4208 1566 4264 ad
1599 4209 1788 4263 titulos
1833 4207 2024 4264 attinet

446 4307 594 4362 liaud
643 4306 760 4362 scio
798 4305 894 4375 qui
943 4305 1049 4359 hoc
1079 4312 1230 4359 certo
1257 4303 1430 4373 possit
1459 4302 1730 4357 afﬁrmare
1776 4310 1834 4357 et
1886 4302 2022 4356 scri-

449 4397 578 4449 bere
628 4402 854 4461 uterque
906 4380 1177 4461 scriptor,
1226 4408 1350 4448 cum
1402 4393 1459 4447 in
1503 4393 1709 4463 synodo
1737 4406 1849 4458 νμ,
1899 4405 2020 4461 quae

444 4489 711 4544 adversus
761 4483 1167 4549 lconoclastas,
1223 4486 1617 4556 imperantibus
1661 4485 2018 4542 Constantino

445 4586 502 4631 et
539 4575 731 4641 lrene,
760 4575 863 4630 sub
913 4572 1204 4628 Adrianol
1243 4576 1540 4645 .pontilice,
1590 4576 1861 4633 celebrata
1909 4584 2017 4642 est,

444 4667 536 4722 ubi
590 4665 1014 4722 subscribuntur
1077 4662 1351 4736 episcopi,
1407 4680 1664 4736 expresse
1708 4667 2018 4725 nominetur

376 4738 761 4839 “J'Stephanus
796 4754 1182 4826 Syracusanus
1234 4754 1694 4840 archiepiscopus.
1729 4754 1821 4810 Sic
1871 4758 2013 4811 enim

392 4860 421 4912 ς
444 4854 553 4898 act.
586 4843 653 4910 ι,
701 4844 755 4897 in
797 4841 1117 4898 recensione
1162 4842 1563 4912 episcOporum.
1597 4841 1853 4896 Γαλατῶν
1888 4841 2015 4897 ἑλά-

444 4886 553 4898 -.."
588 4886 653 4910 τ,
797 4886 1116 4898 ...νη-.---
1162 4886 1563 4912 νν.--..,,.,.-...-
1597 4886 1847 4896 -_....-_..
1889 4886 2007 4897 --.πί

409 4886 626 5005 ἲκίστης
663 4933 1059 5007 πρεσὸύτερος,
1091 4936 1187 4990 καὶ
1239 4936 1305 4992 ἐκ
1345 4935 1636 5005 προσώπου
1662 4936 2016 5008 ἀρχιβπισκό-

441 5034 549 5078 που
580 5022 835 5085 Σικελίας
868 5024 1145 5093 ἀσμένως,
1183 5034 1288 5081 etc.
1322 5025 1419 5082 Cui
1448 5028 1777 5097 respondens
1823 5026 2014 5082 Latina

444 5113 686 5168 nominat
726 5113 1110 5183 Stephanum,
1149 5130 1271 5185 quae
1319 5114 1505 5172 Graeca
1557 5118 1857 5187 suppressit
1903 5116 2012 5172 Ga-

438 5205 563 5258 bato
588 5204 810 5273 exiguus
838 5203 1126 5275 presbyter,
1164 5216 1214 5260 et
1244 5222 1312 5262 ea:
1357 5224 1577 5279 persona
1622 5208 1877 5281 Stephani
1918 5227 2013 5266 ar-

441 5294 753 5365 chiepiscopi
801 5291 1002 5350 Sicilia
1052 5296 1269 5354 libenter
1313 5299 1511 5368 omnia,
1544 5310 1651 5357 etc.
1696 5303 1768 5357 At
1800 5318 1930 5359 vero
1962 5305 2014 5359 l'

441 5388 604 5443 etiam
655 5387 709 5442 iu
777 5384 966 5442 Graeco
1016 5401 1199 5460 teatu,
1266 5392 1585 5459 Γαλατῶνος
1635 5397 2012 5468 πρεσϐυτέρου

440 5485 656 5538 καὶτὸν
692 5485 859 5538 τόπον
895 5484 1186 5557 ἐπέχοντος
1230 5488 1502 5556 Στεφάνου
1553 5491 1853 5545 ἐπισκόπου
1896 5494 2016 5545 Συ-

445 5576 771 5647 ρακουσίων.
820 5574 1083 5632 Galatone
1121 5578 1421 5647 presbytero
1446 5621 1462 5648 ,
1493 5591 1541 5635 et
1583 5582 1753 5637 locum
1812 5593 2015 5638 tenente

441 5665 694 5737 Stephani
736 5668 968 5740 episcopi
1021 5667 1370 5740 Syracusani.
1419 5672 1534 5730 Non
1584 5674 1835 5746 fugerunt
1902 5678 2016 5734 hate

439 5758 561 5815 loca
606 5756 918 5829 Piccolum,
966 5761 1062 5820 sed
1107 5775 1296 5822 eorum
1366 5765 1474 5823 vim
1535 5776 1590 5824 et
1637 5769 2010 5827 auctoritatem

2133 474 2367 520 conatur
2397 465 2669 536 eﬂ‘ugere,
2702 474 2758 522 et
2785 467 2839 523 in
2876 469 3234 538 suspicionem
3259 473 3463 530 erroris
3496 483 3702 534 textum

2131 555 2424 610 adducere.
2459 553 2566 611 Sed
2616 571 2807 628 nugas:
2857 574 2993 629 quas
3022 560 3109 614 hic
3150 577 3254 615 non
3303 562 3575 631 referam;
3618 583 3723 622 re-g

2131 646 2239 700 fert
2269 650 2413 703 enim
2456 647 2634 712 Pirri,
2672 648 2763 718 qui
2800 664 2926 705 cum
2970 650 3023 705 in
3055 651 3173 721 ejus
3222 652 3448 709 inclinet
3489 629 3706 726 Spinio-

2136 753 2285 805 nem,
2326 747 2506 794 tamen
2545 751 2732 806 aperte
2751 739 2950 795 fatetur
2974 732 3081 797 non
3124 758 3283 812 posse
3311 746 3512 800 elevari
3550 751 3708 804 testi-

2133 831 2299 886 monii
2346 830 2509 901 hujus
2538 818 2979 888 auctoritatem:
3012 851 3137 889 nam
3165 837 3309 906 quod
3336 849 3419 891 est
3446 837 3703 909 effugium

2130 925 2349 990 Piccoli,
2380 936 2432 980 et
2459 936 2846 993 commentum,
2878 928 3130 991 nimirum
3159 939 3277 985 act.
3303 930 3358 995 Ξ,
3385 929 3705 988 Galalonem

2131 1016 2239 1071 dici
2277 1025 2465 1087 aperte
2501 1017 2674 1072 locum
2712 1026 2898 1073 tenere
2940 1019 3170 1089 Rhegii;
3203 1022 3345 1075 unde
3373 1021 3488 1090 ipse
3517 1032 3705 1078 censet

2129 1109 2596 1179 archiepiscopum
2630 1109 2831 1165 Sicilia:
2859 1108 3160 1180 Rheginum
3189 1110 3296 1165 diei
3330 1114 3496 1168 veteri
3529 1129 3700 1176 more.

2129 1213 2239 1269 quo
2294 1200 2547 1255 Calabria
2603 1200 2789 1255 Sicilia
2840 1211 3146 1272 nuncupata
3181 1211 3299 1269 est,
3333 1213 3388 1258 et
3429 1219 3550 1259 cum
3581 1205 3707 1262 Ste-

2131 1289 2346 1360 phanus
2394 1298 2501 1344 act.
2538 1290 2572 1343 4
2604 1290 2820 1360 legitur,
2849 1290 3287 1346 substituendum
3319 1308 3418 1362 pro
3463 1308 3530 1350 eo
3556 1294 3706 1349 Con—

2128 1383 2465 1445 stantinum,
2509 1382 2730 1438 omnino
2761 1384 3055 1439 evanescit.
3100 1381 3234 1438 Nam
3265 1385 3356 1439 illa
3388 1394 3496 1441 act.
3528 1386 3565 1439 2
3595 1401 3705 1441 non

2127 1470 2422 1537 Γαλατῶν,
2458 1471 2684 1539 Celato,
2718 1480 2775 1526 ut
2825 1472 2879 1527 in
2910 1472 3085 1543 prima
3117 1473 3406 1539 scribitur,
3457 1477 3552 1531 sed
3592 1477 3703 1529 Γα-

2128 1563 2348 1628 λάτιος,
2384 1574 2439 1619 et
2476 1563 2668 1620 Latine
2701 1564 2930 1620 vertitur
2975 1564 3210 1632 Galate;
3241 1567 3382 1621 unde
3427 1568 3473 1621 si
3516 1568 3569 1622 in
3616 1568 3705 1623 bis

2129 1655 2372 1710 minutiis
2418 1654 2620 1724 aliquid
2666 1656 2928 1710 momenti
2995 1656 3303 1724 ponendum
3351 1666 3467 1724 est,
3512 1673 3703 1713 ansam

2128 1746 2391 1800 habemus
2443 1744 2731 1815 colligendi
2785 1744 2951 1799 alium
3018 1744 3223 1811 fuisse,
3282 1748 3526 1817 adeoque
3574 1763 3706 1803 con-

2120 1838 2391 1907 jecturam
2453 1838 2600 1894 illius
2652 1838 2759 1893 alia
2814 1848 3001 1894 nostra
3060 1840 3417 1896 retundimus.
3476 1842 3542 1896 Et
3593 1854 3701 1899 act.

2127 1932 2244 1999 ipsa
2281 1930 2349 1994 4,
2403 1930 2456 1983 in
2503 1943 2608 1997 qua
2671 1932 2926 1984 mendum
2970 1931 3280 1999 suspicatur
3323 1930 3613 1998 Piecolus,
3651 1946 3708 1990 et

2127 2021 2563 2076 Substituendum
2609 2035 2705 2090 pro
2746 2021 3026 2090 Stephano
3069 2021 3485 2078 Constantinum
3521 2028 3702 2090 vellet,
3760 2018 3767 2025 ’

2129 2112 2397 2181 reperitur
2458 2112 2651 2167 adesse
2705 2113 3098 2168 Constantinus
3134 2131 3149 2167 :
3184 2128 3343 2184 quem
3394 2116 3483 2171 ille
3527 2117 3705 2172 locum

2129 2204 2370 2258 fortasse
2399 2202 2800 2269 dissimulavit,
2851 2204 2993 2273 quod
3024 2205 3080 2259 in
3103 2203 3298 2260 Latina
3340 2209 3591 2264 versione
3621 2212 3706 2264 di-

2127 2303 2281 2349 catur
2323 2294 2480 2360 Chii,
2523 2310 2629 2351 non
2679 2294 2871 2366 Rhegii
2912 2313 2929 2350 :
2978 2296 3127 2363 atqui
3178 2298 3347 2351 miror
3385 2314 3491 2352 non
3529 2300 3706 2352 anim-

2129 2386 2433 2442 advertisse
2486 2387 2541 2441 in
2596 2388 2843 2457 margine
2887 2389 3325 2444 emendationem
3371 2391 3517 2445 vocis
3553 2390 3697 2455 Chii,

2127 2485 2183 2531 et
2212 2476 2499 2544 repositam
2535 2475 2720 2546 Regltii
2743 2493 2762 2531 :
2794 2486 2850 2533 ct
2897 2479 3167 2535 hominem
3198 2480 3383 2537 Graece
3411 2481 3696 2545 scientem,

2128 2580 2235 2619 non
2273 2564 2469 2635 legisse
2501 2565 2555 2620 in
2590 2564 2781 2621 Graeco
2827 2566 2946 2621 sine
2990 2567 3100 2624 ullo
3151 2570 3412 2625 asterisco
3459 2571 3527 2625 ad
3554 2570 3703 2625 Rhe-

2126 2657 2201 2726 gii
2240 2670 2429 2710 vocem
2485 2657 2898 2722 Κωνσταντῖνος
2937 2661 2967 2714 ὁ
3008 2660 3227 2726 ἀνάξιος
3270 2662 3571 2726 ἐπίσκοπος
3607 2662 3706 2716 τοῦ

2141 2745 2364 2819 Ῥηγίου
2413 2750 2712 2818 ἀσμένως,
2769 2751 2820 2804 id
2870 2761 2988 2816 est,
3033 2752 3416 2809 Constantinus
3459 2755 3704 2824 indignas

2126 2841 2413 2909 episcopus-
2453 2839 2605 2910 Regii
2645 2840 2886 2908 libenter,
2927 2853 3073 2909 etc.,
3125 2853 3181 2901 et
3226 2848 3440 2900 demum
3482 2854 3590 2901 act.
3650 2845 3706 2912 7,

2124 2933 2411 3005 iugulatur
2440 2933 2636 2988 l’iccoli
2663 2933 2978 3004 conjectura
3004 2952 3130 2993 cum
3162 2939 3235 2994 ibi
3262 2938 3478 2994 dicatur
3510 2937 3706 2994 Galato

2126 3029 2367 3084 vicarius
2398 3027 2667 3096 Stephani
2695 3028 2937 3098 episcopi
2959 3028 3323 3100 Syracusani,
3354 3040 3409 3085 et
3433 3031 3487 3085 in
3513 3031 3703 3086 eadem

2126 3128 2234 3177 act.
2265 3116 2504 3175 adfuisse
2532 3118 2947 3175 Constantinum
2987 3121 3301 3190 episcopum
3331 3120 3525 3190 Rhegii
3573 3136 3704 3176 con-

2126 3218 2276 3275 stat;
2317 3212 2461 3281 quod
2505 3211 2710 3279 optime
2743 3212 2878 3266 vidit
2925 3209 3105 3278 Pirri,
3152 3213 3382 3282 ideoque
3408 3251 3424 3277 ,
3457 3222 3517 3267 ut
3562 3212 3706 3299 dixi,

2125 3301 2309 3356 minus
2335 3301 2632 3356 assentitur
2657 3299 2895 3358 Piccolo.
2940 3302 3049 3359 Sed
3086 3305 3230 3375 quod
3280 3306 3520 3373 apertius
3550 3305 3704 3359 testi-

2125 3390 2367 3445 monium
2402 3406 2565 3462 quam
2592 3391 2822 3462 epistola
2852 3391 3058 3447 Nicolai
3092 3393 3113 3447 Ι
3158 3394 3430 3464 pontificis
3462 3396 3530 3448 ad
3558 3391 3709 3448 Pho-

2124 3486 2260 3540 tium
2310 3494 2366 3539 et
2416 3484 2803 3553 imperatorem
2850 3483 3166 3540 Michaelem
3215 3487 3458 3557 scripta,
3493 3487 3549 3541 in
3592 3500 3703 3555 qua

2124 3590 2250 3632 cum
2305 3574 2382 3630 illi
2434 3572 2833 3646 Syracusanam
2877 3572 3181 3632 Ecclesium
3226 3588 3338 3631 suae
3387 3575 3607 3630 ditionis
3637 3573 3695 3629 in

2125 3674 2449 3737 perpetuum
2510 3665 2733 3730 facere,
2780 3679 2901 3720 cum
2951 3664 3274 3737 Gregorium
3329 3666 3699 3729 divulsissent,

2124 3765 2497 3821 conarentur,
2528 3757 2823 3826 respondet
2868 3755 3154 3812 Nicolaus:
3200 3756 3350 3812 Inter
3376 3758 3479 3811 ista
3526 3767 3575 3811 et
3608 3772 3706 3810 su-

2127 3848 2306 3927 perius
2337 3847 2481 3902 dicta
2509 3848 2773 3915 volumus,
2805 3858 2863 3902 ut
2897 3850 3224 3904 consecratio
3256 3846 3579 3919 Syracusani
3612 3866 3704 3902 ar-

2125 3934 2441 4003 chiepiscopi
2484 3944 2667 3988 nostra
2701 3950 2734 3988 a
2785 3931 2918 3989 Sede
2964 3936 3322 4004 impendatur,
3373 3945 3429 3989 ut
3482 3937 3701 3990 traditio

2123 4029 2189 4083 ab
2234 4029 2493 4098 apostolis
2522 4030 2767 4084 instituta
2810 4029 3113 4086 nullatenus
3154 4031 3341 4085 uestris
3383 4031 3702 4098 tentporibus

2124 4123 2377 4177 violetur.
2426 4120 2553 4178 Haec
2601 4120 2858 4178 Nicolaus
2889 4141 2904 4178 :
2941 4136 3009 4177 ex
3063 4138 3171 4194 quo
3220 4124 3344 4192 quis
3399 4138 3504 4179 non
3552 4123 3702 4179 videt

2126 4214 2522 4283 archiepiscopi
2567 4228 2762 4269 nomen
2796 4214 3137 4285 Syracusano
3178 4214 3409 4269 antistiti
3462 4230 3566 4269 non
3609 4229 3702 4269 so-

2124 4305 2234 4359 lum
2267 4318 2298 4359 a
2338 4304 2535 4360 Photio
2581 4321 2685 4360 non
2728 4305 2896 4361 fuisse
2928 4304 3208 4372 afﬁctum,
3243 4305 3339 4360 sed
3388 4320 3417 4359 a
3453 4304 3702 4361 Romano

2124 4396 2379 4466 pontifice
2408 4396 2712 4452 donatum?
2756 4397 2839 4450 An
2868 4395 3012 4451 enim
3042 4411 3277 4465 unquam
3324 4396 3563 4465 pontifex
3593 4398 3700 4467 Sy-

2122 4503 2453 4545 racusanum
2512 4488 2990 4558 archiepiscopum
3060 4488 3410 4556 nominaret,
3451 4504 3575 4543 cum
3626 4491 3697 4543 ad

2120 4578 2528 4635 schiSimaticos
2578 4577 2879 4645 scriberet,
2917 4564 2991 4633 si'
3026 4578 3074 4633 is
3129 4577 3320 4633 titulus
3371 4592 3594 4641 recens,
3639 4588 3698 4632 et

2118 4670 2325 4725 vernalis
2347 4709 2363 4734 ,
2399 4679 2454 4723 et
2507 4669 2667 4724 malis
2710 4669 2919 4725 artibus
2962 4669 3029 4723 ab
3062 4670 3178 4739 ipso
3207 4667 3405 4724 Photio
3442 4678 3497 4723 et
3525 4669 3695 4736 impe-

2121 4768 2303 4817 ratore
2334 4761 2530 4816 fuisset
2565 4760 2916 4831 acquisitus?
2947 4760 3147 4818 Credat
3175 4761 3229 4816 id
3261 4761 3351 4830 qui
3382 4759 3527 4824 velit,
3559 4758 3691 4829 mihi

2118 4868 2250 4909 sane
2278 4854 2605 4923 persuadere
2636 4867 2798 4907 nemo
2825 4853 3046 4923 poterit.
3094 4852 3234 4917 Quid
3263 4867 3391 4907 vero
3417 4851 3591 4907 dicent
3622 4849 3695 4904 ad

2117 4945 2282 5000 alium
2319 4945 2495 5000 locum
2530 4948 2775 5014 epistolae
2809 4947 3050 5015 ejusdem
3101 4945 3309 5002 Nicolai
3339 4945 3358 4999 Ι
3403 4944 3597 5015 pontif.
3627 4945 3697 5000 ad

2115 5037 2438 5094 Michaelem
2472 5039 2858 5109 imperatorem
2880 5079 2897 5106 ,
2944 5040 2999 5094 in
3028 5054 3132 5109 qua
3166 5039 3435 5108 lgnatium
3464 5038 3698 5109 patriar.

2116 5133 2275 5186 cham
2303 5133 2967 5203 Constantinopolitanum
2996 5142 3051 5190 et
3073 5134 3509 5190 comministrum
3537 5147 3698 5215 suum

2118 5224 2374 5292 appellat,
2422 5224 2476 5278 in
2513 5238 2618 5294 qua
2648 5224 2891 5294 praecipit
2923 5235 2981 5281 ut
3025 5225 3265 5296 lgnatius
3288 5235 3343 5280 et
3375 5223 3608 5279 Photius
3639 5232 3698 5278 et

2114 5314 2324 5385 aliquot
2354 5330 2419 5371 ex
2451 5317 2517 5371 iis
2553 5317 2645 5387 qui
2687 5331 2810 5372 cum
2839 5317 3108 5388 Gregorio
3138 5317 3491 5389 Syracusano
3515 5324 3692 5378 erant,

2116 5410 2181 5462 ad
2213 5422 2272 5463 se
2298 5410 2553 5475 veniant,
2590 5420 2644 5465 et
2671 5418 2932 5479 praeterea
2966 5412 3156 5467 addit:
3197 5410 3486 5464 Mittantur
3527 5408 3696 5463 etiam

2115 5502 2178 5552 de
2229 5510 2379 5567 parte
2429 5499 2632 5571 [gnatii
2708 5502 3084 5572 archiepiscopi
3137 5503 3354 5571 quidam
3426 5500 3697 5555 Antonius

2116 5591 2340 5662 Cyzici,
2378 5592 2607 5648 Basilius
2657 5593 3100 5660 Thessalonicae,
3149 5593 3539 5651 Constantinus
3589 5589 3697 5645 La-

2119 5684 2304 5749 rissae,
2369 5683 2690 5742 Theodorus
2748 5686 3259 5764 Syracusanorum,
3316 5683 3699 5754 Metrophanes

2122 5764 2402 5836 Sternat:
2434 5776 2690 5842 eUnerat
2719 5779 2806 5836 hic
2836 5778 3156 5836 Theodorus
3197 5781 3382 5835 (ouem
3416 5776 3506 5832 alii
3540 5787 3697 5831 eum-
