4062 6214
286 387 364 451 ’Π
858 440 865 441 ,
1336 382 1700 443 FRANCISI
1743 382 1901 443 SCO]

1988 383 2009 440 [
2052 380 2487 443 ΡΒΟίΕΜΙυΜ
2522 336 2606 441 ti.
3358 354 3363 357 ’
3494 379 3565 439 78

296 500 427 555 dem
460 495 830 553 Theodosium
858 495 1143 550 nominant
1166 534 1181 560 ,
1226 494 1368 562 quod
1395 509 1584 563 parum
1620 493 1686 548 ad
1717 507 1891 549 meam

303 592 664 661 quaestionem
720 588 973 656 interest)
1026 587 1079 641 in
1120 586 1297 642 locum
1356 585 1603 657 Gregorii
1649 584 1892 639 Asberta:

308 680 633 737 substitutus
663 680 733 734 ab
763 677 972 747 lgnatio
1022 676 1335 745 patriarcha
1357 715 1372 740 ,
1401 678 1491 746 qui
1539 677 1716 746 ipsum
1757 674 1892 731 Gre—

308 773 515 844 gorium
538 773 868 841 deposuerat
893 788 908 824 :
937 768 1087 839 atqui
1120 768 1268 823 illum
1292 769 1434 823 inter
1454 767 1891 838 archiepiscopos

305 871 491 932 aperte
520 869 773 917 recenset
804 859 1060 916 Nicolaus
1090 860 1147 925 l,
1192 873 1471 929 nunquam
1523 859 1574 914 id
1624 860 1887 922 facturus,

301 954 413 1008 nisi
443 968 566 1007 eam
597 952 924 1024 dignitatem
983 960 1158 1006 ratam
1194 951 1419 1006 haberet
1444 985 1461 1016 ,
1508 960 1696 1021 utpote
1751 952 1892 1004 anti-

297 1044 518 1113 quitate
564 1043 680 1112 jam
726 1044 840 1113 ipsa
876 1041 1289 1107 conﬁrmatam,
1333 1057 1439 1096 non
1485 1057 1614 1097 vero
1647 1056 1711 1096 ex
1756 1042 1891 1097 Gre.

299 1136 461 1206 gorio
517 1136 573 1190 in
628 1151 983 1192 successores
1038 1136 1342 1191 derivatam
1369 1174 1385 1200 ,
1426 1145 1486 1190 ut
1517 1133 1769 1190 Piccolus
1794 1150 1889 1188 au-

300 1234 504 1280 tumat.
561 1226 629 1280 Et
675 1226 898 1297 quidem
940 1241 1009 1282 ex
1066 1227 1228 1296 hujus
1272 1225 1516 1297 epistolae
1564 1227 1889 1281 auctoritate

297 1315 623 1379 convictus,
677 1327 733 1372 et
780 1332 876 1372 sua
911 1317 1185 1372 sententia
1234 1318 1430 1372 cadere
1472 1326 1692 1372 coactus
1722 1315 1884 1381 Pirri,

303 1410 504 1476 pedem
559 1408 791 1463 honeste
825 1407 1031 1475 refert,
1083 1416 1136 1463 et
1166 1410 1326 1463 modo
1357 1424 1463 1463 non
1510 1422 1766 1478 expresse
1796 1424 1885 1464 re-

312 1508 526 1554 tractat
553 1515 678 1569 qnae
707 1508 838 1555 tom.
874 1498 919 1553 Il
948 1499 1082 1554 locis
1107 1499 1291 1555 citatis
1316 1500 1383 1555 de
1433 1499 1536 1554 hac
1576 1488 1886 1556 nomencla-

305 1601 430 1646 tura
483 1591 742 1656 dixerat,
792 1589 1067 1646 Piccolum
1132 1605 1388 1661 sequens.
1440 1589 1594 1657 Quod
1644 1592 1784 1646 idem
1830 1592 1883 1646 in

305 1681 597 1736 Catanensi
643 1684 906 1751 epiSCOpO
935 1684 983 1736 ei
1032 1682 1289 1751 contigit;
1320 1695 1442 1735 cum
1489 1682 1632 1737 enim
1680 1680 1885 1751 Euthy-

302 1774 473 1827 mium
512 1773 874 1827 Catanensem
931 1774 1089 1827 modo
1122 1772 1520 1841 metropolitam
1541 1812 1558 1839 ,
1608 1772 1767 1827 modo
1797 1787 1885 1827 ar—

300 1865 718 1934 chiepiscopum
751 1864 823 1917 in.
858 1865 1067 1933 synodo
1116 1877 1246 1929 vm,
1281 1863 1333 1917 in
1387 1862 1776 1932 qua/lgnatius
1807 1863 1888 1917 le-

296 1955 524 2020 gitimus
580 1955 894 2024 patriarcha
965 1955 1318 2020 restituitur,
1375 1956 1477 2011 sub
1529 1956 1773 2010 Adriano
1824 1954 1886 2023 ll,

299 2048 560 2116 pontiﬁce
607 2058 663 2102 et
707 2046 906 2103 Basilio
948 2046 1245 2102 Macedone
1294 2048 1545 2120 imperat.
1593 2048 1885 2112 celebrata,

301 2139 578 2193 nominari
606 2176 624 2204 ,
661 2147 716 2193 et
769 2138 912 2192 inter
944 2138 1316 2206 ntetropolitas
1345 2138 1656 2194 consedisse
1684 2140 1883 2206 videat,

301 2244 414 2282 non
450 2227 717 2296 reiectus,
754 2229 863 2283 imo
892 2229 1216 2297 approbatos
1255 2244 1349 2284 eos
1395 2230 1580 2284 titulos
1612 2245 1641 2284 a
1674 2242 1887 2285 summo

296 2319 601 2389 pontiﬁce,
638 2319 878 2374 fateatur
903 2333 1130 2374 necesse
1174 2330 1293 2383 est,
1328 2331 1383 2374 et
1437 2319 1638 2375 fati-tur
1665 2322 1883 2391 quidem

300 2427 404 2467 eos
432 2412 777 2482 antiquiores
803 2410 974 2467 fuisse
1006 2410 1287 2467 Photianis
1322 2412 1670 2483 temporibus.
1706 2412 1887 2469 Redeo

308 2503 483 2574 igitur
511 2517 579 2559 eo
625 2505 765 2558 unde
795 2512 1048 2572 suscepta
1085 2503 1379 2572 disputatio
1424 2520 1546 2559 cum
1592 2504 1881 2575 Syracusa-

311 2611 452 2650 num
480 2606 537 2651 et
569 2594 920 2651 Catanensem
960 2596 1230 2653 antistites
1252 2636 1268 2662 ,
1300 2611 1434 2666 quos
1474 2597 1539 2651 ad
1569 2605 1885 2652 contestan-

308 2685 449 2741 dum
499 2686 889 2757 archiepiscopi
938 2686 1150 2741 titulum
1208 2687 1669 2744 Taurontenitano
1718 2690 1885 2745 advo-

298 2787 522 2846 catam,
582 2777 820 2848 legitime
875 2780 1040 2833 etiam
1117 2779 1185 2835 iis
1248 2780 1526 2852 dignitatis
1584 2783 1913 2859 insignibus

307 2869 600 2925 decoratos
629 2870 804 2925 fuisse
828 2871 1231 2940 comprobat'itn
1252 2910 1268 2937 ,
1299 2873 1353 2927 in
1385 2887 1558 2943 eoque
1601 2873 1884 2944 suffragari

299 2961 435 3015 mihi
476 2968 532 3015 et
580 2960 798 3016 veritati
851 2962 1206 3032 compulerim
1259 2963 1436 3034 ipsum
1483 2963 1627 3019 Pirri
1661 2981 1677 3019 :
1712 2981 1885 3036 neque

309 3066 443 3106 vero
468 3051 687 3106 initium
725 3053 885 3123 hujus
912 3054 1288 3124 appellationis
1338 3066 1488 3113 certo
1518 3065 1750 3123 constet,
1772 3058 1883 3127 jam

300 3144 435 3199 inde
486 3159 517 3199 a
554 3144 858 3215 primordio
914 3161 1033 3201 eam
1099 3148 1217 3204 illos
1271 3150 1680 3219 praerogativam
1741 3152 1884 3206 obti-

299 3238 486 3291 nuisse
549 3236 846 3293 verisimile
876 3248 993 3305 est,
1044 3240 1185 3308 quod
1229 3255 1261 3295 a
1315 3240 1376 3297 Β.
1423 3243 1584 3298 Petro
1614 3242 1727 3299 sint
1756 3258 1885 3297 con-

296 3329 488 3401 stituti
518 3345 535 3383 :
572 3330 721 3399 quod
750 3328 892 3384 idem
934 3330 1002 3385 de
1033 3330 1490 3389 Tauromenitano
1536 3334 1883 3390 aﬂirmaram.

294 3420 568 3478 (laterum
622 3422 770 3478 enim
793 3462 811 3489 ,
842 3422 982 3491 quod
1034 3438 1141 3479 non
1185 3439 1399 3495 semper
1423 3441 1491 3482 eo
1538 3427 1693 3483 titulo
1724 3429 1884 3482 deco-

1996 501 2182 546 rentur
2220 493 2274 546 in
2307 491 2796 575 subscriptionibus
2838 489 3228 557 conciliorum,
3263 492 3564 562 praesertim

1996 585 2203 654 synodo
2237 599 2309 638 vti
2338 593 2528 638 contra
2573 581 2987 648 llonothelitas,
3022 583 3074 637 in
3108 598 3213 653 qua
3245 583 3424 653 primo
3451 584 3569 641 loco

1996 672 2139 727 inter
2176 673 2388 728 Siculos
2439 672 2805 728 subscribitur
2835 672 3208 740 Syracusanus
3259 674 3565 744 cpiscopus,

1995 773 2049 818 et
2080 764 2208 818 item
2246 766 2298 819 in
2329 764 2528 819 litteris
2557 763 2621 818 Β.
2650 764 2891 832 Gregorii
2926 764 3154 835 aliisque
3184 768 3568 833 monumentis,

1993 856 2046 911 id
2074 857 2268 911 nullius
2300 866 2381 911 est
2408 857 2702 921 momenti,
2744 862 2869 912 cum
2901 857 3062 910 etiam
3094 859 3192 925 ipsi
3223 859 3563 926 patriarchae.

2001 960 2055 1005 et
2088 950 2201 1019 ipse
2225 963 2472 1004 summus
2505 948 2749 1017 pontifex
2782 946 3019 1016 episcOpi
3065 946 3381 1017 simpliciter
3424 963 3567 1018 saepe

1998 1038 2359 1109 appellentur.
2400 1037 2584 1092 Solum
2614 1038 2758 1092 enim
2809 1036 2939 1092 illud
2973 1037 3244 1091 contendo
3292 1053 3566 1107 nunquam
3636 1028 3639 1031 ’

1993 1146 2085 1186 eos
2116 1131 2553 1200 archiepiscopus
2574 1171 2588 1196 ,
2614 1144 2722 1203 nec
2762 1129 2928 1185 semel
2955 1129 3171 1199 quidem
3224 1130 3597 1199 appellandos

1993 1223 2180 1287 fuisse,
2210 1226 2506 1292 praesertim
2539 1240 2568 1278 a
2600 1238 2813 1278 summo
2838 1222 3110 1293 pontiﬁce,
3138 1212 3201 1279 ετ
3217 1224 3270 1278 in
3304 1225 3567 1289 conciliis,

1992 1320 2052 1366 ut
2088 1311 2155 1366 de
2182 1311 2529 1382 Syracusano
2574 1323 2630 1367 et
2675 1312 2965 1368 Catanensi
3006 1314 3119 1382 jam
3178 1316 3418 1382 ostendi,
3463 1316 3568 1372 nisi

1991 1416 2058 1457 eo
2084 1402 2244 1457 titulo
2269 1401 2391 1470 jure
2419 1405 2746 1473 potirentur.
2778 1404 3044 1459 Caeterum
3069 1402 3311 1460 inferiori
3343 1421 3571 1464 uomen-

1992 1494 2203 1549 clatura
2236 1505 2393 1564 prout
2422 1496 2619 1550 libebat
2651 1496 2911 1552 scribenti
2939 1497 3136 1567 saepius
3156 1498 3272 1551 sine
3294 1499 3572 1570 dignitatis

1990 1586 2359 1643 diminutione
2413 1589 2818 1658 antiquioribus
2888 1588 2996 1667 illis
3053 1590 3265 1645 saculis
3329 1593 3571 1662 potuisse

1993 1678 2300 1749 appellari;
2347 1683 2488 1750 quod
2548 1681 2687 1735 idem
2744 1682 2810 1735 de
2871 1680 3327 1753 Tauromenitana
3369 1685 3568 1740 dictum

2004 1772 2189 1826 velim.
2223 1771 2280 1827 Si
2311 1773 2430 1841 quis
2476 1772 2697 1841 objiciat
2740 1788 2861 1828 eum
2909 1790 3180 1843 nunquam
3231 1784 3355 1829 ante
3388 1774 3568 1831 Pbotii

1999 1873 2241 1934 tempora
2292 1864 2685 1935 archiepisc0pi
2723 1865 2940 1920 nomine
2986 1864 3238 1921 allectum
3278 1867 3481 1935 fuisse;
3517 1870 3570 1924 id

1995 1970 2102 2011 non
2159 1957 2341 2025 arguit
2387 1958 2698 2012 necessario
2742 1971 2774 2011 a
2826 1955 3022 2012 Photio
3057 1958 3221 2014 fuisse
3269 1974 3567 2030 cognomen

2000 2049 2335 2118 impositum.
2366 2048 2518 2115 Quod
2552 2050 2596 2104 si
2624 2051 2708 2104 cui
2744 2065 2871 2105 vero
2897 2051 3127 2105 similius
3151 2051 3395 2106 videatur
3425 2052 3567 2106 Tau-

1996 2144 2393 2197 romenitanum
2449 2143 2915 2212 archiepiscopum
2964 2158 3240 2212 nunquam
3283 2144 3420 2200 alios
3462 2144 3566 2200 ba-

1992 2235 2173 2290 buisse
2199 2235 2300 2290 sibi
2330 2235 2602 2304 subjectos
2633 2234 2935 2304 episcopos,
2963 2249 3139 2304 neque
3167 2236 3561 2307 archiepiscopi

2011 2336 2105 2380 aut
2152 2325 2505 2395 metropolita:
2550 2325 2847 2395 legitimum
2888 2324 2977 2394 jus
3012 2326 3065 2379 in
3111 2326 3321 2396 aliquos
3365 2327 3565 2383 Siciliae

1999 2416 2285 2485 episcopos
2318 2426 2571 2485 tanquam
2604 2414 2975 2483 sull'raganeos
2998 2416 3292 2473 obtinuisse
3314 2428 3369 2474 et
3405 2434 3564 2475 excr-

1992 2510 2212 2569 cnisse,
2262 2509 2405 2577 quod
2456 2508 2523 2562 de
2576 2508 2916 2579 Syracusano
2971 2511 3277 2576 contendit,
3328 2520 3382 2565 et
3421 2511 3565 2567 facta

1994 2609 2291 2669 tempmum
2329 2601 2620 2669 partitione
2648 2599 2845 2669 probat
2888 2600 3027 2654 Pirri
3051 2642 3068 2668 ,
3115 2611 3406 2671 ceusetque
3442 2620 3564 2658 om-

1992 2703 2108 2753 nes,
2138 2688 2324 2742 saltem
2362 2690 2423 2743 i).
2454 2686 2701 2758 Gregorii
2733 2697 3001 2757 tempore,
3037 2688 3252 2745 Siculos
3284 2690 3565 2760 episcopos

1990 2777 2237 2834 ltomano
2268 2778 2507 2847 pontiﬁci
2554 2787 2608 2832 et
2640 2793 2747 2832 non
2776 2779 2930 2834 alteri
2966 2779 3209 2848 proxime
3239 2778 3409 2837 fuisse
3440 2784 3564 2839 sub-

1989 2874 2183 2945 jectos,
2227 2887 2348 2927 cum
2391 2883 2588 2937 tamen,
2626 2880 2682 2925 ut
2704 2871 2816 2942 jam
2860 2871 3115 2935 vidimus,
3164 2872 3562 2945 archiepiscopi

1997 2966 2207 3023 titulum
2243 2974 2354 3021 tum
2406 2965 2787 3036 Syracusano,
2816 2975 2926 3020 tum
2956 2965 3247 3022 Catanensi
3295 2966 3565 3039 denegare

1990 3075 2097 3114 non
2148 3059 2356 3129 possit,
2405 3059 2456 3112 id
2512 3058 2674 3111 etiam
2724 3057 2954 3112 libenter
2986 3058 3053 3111 de
3103 3054 3562 3114 Tauromenitauo

1990 3149 2394 3215 concesserim,
2438 3149 2595 3202 modo
2654 3148 3001 3202 honorarium
3060 3147 3452 3218 archiepiscopi
3499 3149 3564 3201 ti-

1993 3243 2162 3298 tulum
2215 3242 2283 3296 ob
2328 3240 2739 3310 praerogativam
2778 3238 2886 3309 jam
2935 3249 3446 3307 commemoratam,
3484 3239 3560 3296 le-

1990 3336 2259 3406 gitimum,
2294 3348 2401 3388 non
2430 3331 2790 3387 adulterinum
2821 3329 2992 3388 fuisse
3020 3331 3340 3388 concedant.

311 3636 3551 3668 mw

1112 3830 1906 3970 PRO(EM1UM
1995 3847 2761 3966 SECUNDUM

1676 4050 2165 4135 nummos,

631 4223 1196 4287 COMPLECTENS
1396 4223 1916 4288 THEOPHANIS
1970 4224 2333 4288 CEBAMEI
2380 4227 2577 4290 VITA
2630 4225 3232 4294 CONJECTANEA.

1890 4399 1967 4411 ..ο

288 4533 323 4606 ς
362 4534 404 4587 Ι.
449 4531 792 4606 “capitales
834 4530 932 4606 alii
976 4532 1083 4606 qui_
1095 4547 1191 4597 per
1222 4529 1405 4585 eadem
1436 4540 1670 4597 tempora
1723 4533 1863 4588 uise-

428 4628 441 4639 κ
481 4612 608 4655 runt
642 4618 674 4654 α
706 4599 1017 4670 Theophane
1044 4600 1291 4657 Ceranteo
1315 4613 1675 4657 secernuntur.

361 4710 517 4778 Quod
547 4709 651 4765 sub
681 4709 841 4763 ﬁnem
872 4707 1215 4764 Praelatiouis
1243 4708 1308 4763 ad
1333 4706 1593 4764 Lectores
1622 4710 1871 4780 promisi,

285 4803 402 4872 jam
444 4802 551 4856 hoc
594 4800 839 4856 secundo
883 4801 1149 4869 prommio
1177 4800 1471 4871 praestabo,
1508 4811 1568 4855 ut
1602 4816 1667 4857 ex
1699 4801 1867 4856 variis

289 4894 485 4948 barum
520 4890 864 4946 botniliamm
897 4888 1054 4945 lineis
1080 4904 1176 4946 seu
1205 4890 1568 4955 lineamentis,
1594 4895 1647 4945 in
1675 4892 1873 4961 quibus

289 4983 443 5039 velut
480 4983 531 5037 in
556 4982 780 5053 speculo
809 4981 1047 5038 auctoris
1075 4982 1253 5053 imago
1288 4980 1483 5039 rcﬁexa
1522 4998 1642 5039 sese
1684 4983 1872 5051 objicit

283 5082 469 5146 nobis,
516 5080 683 5135 vitam
732 5078 1070 5143 adumbrem,
1115 5077 1162 5133 si
1214 5079 1394 5136 minus
1438 5066 1573 5135 vivis
1603 5080 1872 5135 coloribus

280 5173 576 5229 deﬁciente
605 5168 959 5226 historiarum
992 5169 1113 5225 luce
1155 5169 1359 5240 possim
1389 5172 1733 5241 exprimere;
1774 5185 1873 5224 nec

279 5283 416 5323 sane
449 5267 505 5322 id
536 5266 654 5321 sine
694 5264 985 5321 multorum
1030 5266 1358 5337 scriptorum
1409 5268 1657 5339 exemplo
1689 5276 1742 5324 et
1773 5282 1873 5322 an-

280 5361 541 5416 ctoritate
587 5358 876 5430 praestabo.
910 5356 1240 5414 Consuetum
1290 5356 1472 5413 multis
1517 5359 1619 5413 fuit
1646 5375 1711 5414 ex
1742 5378 1871 5432 ope-

280 5454 438 5508 ribus
479 5449 704 5519 scriptis
753 5458 1039 5504 auctorum
1099 5449 1336 5518 ipsorum
1373 5448 1537 5503 vitam
1585 5464 1647 5502 ac
1690 5466 1872 5507 mores

279 5544 641 5609 exscribere;
698 5542 751 5597 id
797 5555 858 5599 se
902 5540 1171 5597 facturum
1234 5541 1289 5595 in
1331 5542 1725 5597 conscribenda
1754 5545 1891 5599 Vita‘

272 5635 528 5706 Gregorii
551 5634 883 5690 Nazianzeni
915 5635 1198 5705 proﬁtetur
1230 5631 1527 5702 Gregorius
1555 5633 1866 5703 presbyter:

272 5729 520 5782 Ἔπειτα
549 5728 637 5781 ὅτι
672 5727 809 5799 μηδέ
834 5744 919 5792 τις
948 5727 1018 5781 τὰ
1052 5725 1175 5781 κατ’
1198 5725 1361 5779 αὐτὸν
1392 5726 1528 5794 ἡμῖν
1573 5725 1869 5795 γεγραφὼς

274 5821 706 5891 καταλέλοιπεν,
734 5820 870 5876 ἀλλὰ
894 5819 1171 5891 σποράδην
1207 5820 1273 5873 ἐκ
1289 5816 1398 5873 τῶν
1423 5816 1588 5872 αὐτοῦ
1611 5815 1869 5883 συλλέξας

1971 4536 2144 4605 λόγων
2186 4537 2256 4591 τὰ
2301 4537 2424 4591 κατ’
2454 4537 2618 4593 αὐτὸν
2665 4540 2941 4613 μιμοῦμαι
2985 4545 3115 4609 τοὺς
3154 4544 3470 4616 λιθθλόγους
3501 4549 3553 4603 o!

1974 4630 2115 4683 κατὰ
2144 4631 2372 4701 σμικρὸν
2406 4630 2505 4695 τὰς
2548 4632 2785 4702 ψηφίδας
2834 4635 3257 4706 συνηθροικότες
3299 4638 3381 4698 εἰς
3419 4640 3551 4709 μίαν

1973 4719 2123 4773 οἴκου
2154 4721 2547 4793 συμπλήρωσιν
2572 4722 2788 4779 ἅπαντα
2814 4724 3263 4796 συναρμόττουσιν,
3310 4730 3451 4798 ἀρχὴ
3488 4730 3549 4782 δὲ

1973 4809 2106 4875 τῶν,
2137 4819 2244 4865 etc.
2280 4809 2394 4865 Hoc
2434 4820 2517 4866 est
2543 4851 2559 4876 ,
2616 4813 2909 4883 interprete
2950 4814 3065 4870 Jac.
3100 4816 3253 4870 Billio
3286 4834 3301 4870 :
3353 4817 3550 4875 Deinde

1973 4903 2100 4969 quia
2139 4914 2229 4954 nec
2259 4899 2404 4955 illius
2438 4901 2609 4956 Vitam
2634 4905 2906 4975 quisquam
2955 4904 3144 4960 litteris
3183 4908 3547 4978 consignatum

1974 4992 2123 5045 nobis
2165 4991 2396 5061 reliquit,
2427 5009 2604 5048 verum
2666 4996 2830 5064 ipsius
2856 4998 2959 5051 vita
3007 5011 3071 5050 ex
3122 4999 3283 5062 ipsius
3338 5003 3549 5071 scriptis

1972 5082 2202 5149 sparsim
2231 5081 2471 5149 collecta,
2503 5084 2725 5140 latomos
2757 5087 2937 5141 imitor
2963 5088 3053 5158 qui
3072 5100 3426 5161 posteaquam
3459 5094 3547 5149 la-

1972 5175 2117 5241 pides
2159 5174 2415 5243 paulatim
2463 5186 2835 5245 aggesserunt,
2885 5183 2964 5233 ita
3008 5181 3216 5235 demum
3262 5183 3333 5237 ad
3379 5200 3539 5238 unane
3640 5241 3644 5248 ,

1974 5268 2306 5335 eamdemque
2349 5267 2559 5320 domum
2605 5271 3007 5324 construendum
3071 5281 3120 5326 et
3170 5249 3541 5329 absolvendum
3640 5271 3649 5337 ξ

1975 5370 2056 5407 eos
2070 5368 2246 5407 omnes
2271 5356 2684 5407 accommodant.
2705 5353 2848 5408 Idem
2867 5357 3097 5413 afﬁrmat
3121 5358 3354 5431 Symeon
3374 5358 3544 5414 Meta-

1977 5447 2225 5515 phrastes
2253 5443 2591 5500 elﬁciendnm
2612 5444 2695 5499 bis
2733 5446 2910 5501 verbis
2937 5463 2954 5503 :
2990 5447 3208 5517 Magnus
3231 5450 3315 5503 hic
3343 5448 3545 5520 Grego-

1976 5539 2084 5590 rius
2113 5536 2405 5606 Theologus
2441 5538 2598 5590 vitam
2632 5536 2744 5605 ipse
2776 5554 2926 5592 suam
2963 5542 3205 5607 exposuit
3230 5542 3282 5595 in
3311 5542 3377 5596 iis
3393 5541 3549 5611 fune-

1976 5630 2155 5684 bribus
2192 5628 2539 5692 orationibus,
2573 5628 2758 5699 quibus
2792 5629 3049 5685 Basiliam
3093 5630 3370 5702 Magnum,
3412 5633 3548 5690 Gre-

1977 5723 2185 5793 gorium
2237 5731 2465 5791 patrem,
2522 5720 2827 5777 Cwsareum
2865 5712 3106 5792 fratrem,
3148 5735 3195 5779 et
3228 5725 3549 5796 Gargonium

1975 5829 2209 5871 sororem
2255 5822 2429 5869 ornat.
2458 5811 2542 5868 ’Ac
2592 5811 2824 5881 proinde,
2884 5813 2971 5884 qui
3017 5811 3190 5870 Vitam
3243 5816 3386 5872 illius
3416 5828 3551 5871 (οπο.
