4062 6214
483 367 553 428 τυ
1484 353 1882 415 FRANCISCI
1920 351 2183 413 SCOllSI
2226 352 2659 414 PROCEMIUM
2702 352 2785 413 ΙΙ.
3676 349 3753 415 83

482 480 825 549 scripserunt,
878 490 977 528 non
1005 471 1219 526 aliunde
1266 483 1535 541 quamex
1594 468 1761 535 ipsius
1812 465 2056 535 operibus

481 574 693 631 dicendi
760 577 1124 635 argumentum
1168 553 1522 632 acceperunt.
1587 561 1765 629 Atque
1821 559 1937 613 hate
1995 558 2064 612 de

482 666 761 738 Gregorio.
786 659 1024 717 PorroS.
1046 656 1357 727 llieronymi
1378 652 1554 708 Vitam
1572 652 1852 708 Marianus
1880 648 2062 705 Victo-

484 764 593 815 rius
608 774 671 811 ex
691 757 863 826 ipsius
876 754 1091 822 scriptis
1109 748 1474 804 monumentis
1494 742 1801 812 compilavit
1818 750 1873 796 et
1888 752 1943 795 ut
1963 756 2065 795 ca:-

482 862 629 904 tcros
661 846 996 914 antiquiores
1013 841 1284 904 omittam,
1313 851 1541 904 quorum
1563 834 1647 888 vel
1664 833 1882 901 longum
1911 839 2060 886 cata-

484 946 661 1014 Iugum
701 952 920 1009 possem
964 943 1275 996 contexere,
1325 946 1390 984 ex
1438 925 1831 984 recentioribus
1866 933 2064 978 nostra!

485 1038 610 1091 Soc.
638 1030 928 1103 Dionysius
955 1027 1206 1081 Petavius
1246 1021 1458 1093 Synesii
1502 1018 1743 1091 episcopi
1775 1015 2066 1071 Ptolemai-

485 1133 587 1203 dis,
620 1126 776 1196 cujus
793 1138 961 1193 opera
989 1121 1168 1177 omnia
1189 1121 1241 1170 in
1261 1116 1437 1170 lucem
1471 1112 1745 1167 luculenta
1770 1125 1864 1165 sua
1892 1111 2063 1162 inter-

487 1200 794 1291 pretatione
831 1216 1078 1283 notisque
1110 1212 1375 1285 illustrata
1404 1206 1594 1263 Graece
1622 1202 1782 1259 simul
1813 1200 1982 1255 edidit
2011 1205 2066 1251 et

488 1288 696 1372 Latine.
732 1307 863 1362 Viue.
912 1305 1031 1376 ejus
1077 1316 1323 1370 magnam
1374 1308 1580 1367 partem
1630 1309 1693 1348 ex
1736 1292 1904 1361 ipsius
1946 1288 2063 1356 epi-

485 1405 643 1460 stolis
690 1401 1012 1468 cmlcrisque
1075 1392 1332 1462 operibus
1378 1387 1699 1459 composuit.
1733 1382 2066 1452 Theophilus

488 1492 840 1564 Ilaynaudus,
873 1489 1057 1541 itidem
1095 1482 1223 1537 Soc.
1252 1489 1487 1545 nostras;
1520 1478 1706 1532 ldiota:
1727 1513 1743 1537 ,
1783 1472 2067 1542 scriptoris

473 1584 741 1657 piissimi,
791 1596 950 1652 quem
985 1578 1254 1646 integrum
1285 1582 1554 1643 postrema
1585 1566 1825 1623 editione
1869 1579 1966 1618 sua
2014 1564 2066 1615 in

488 1656 662 1735 lucem
695 1673 939 1747 protulit,
976 1687 1097 1726 cum
1131 1680 1291 1724 antea
1314 1666 1456 1721 bona
1487 1661 1569 1717 sui
1602 1670 1754 1729 parte
1791 1656 2069 1711 mutilatus

478 1777 728 1826 exstaret
748 1767 923 1820 Vitam
958 1778 1025 1818 es
1060 1760 1304 1829 ipsismet
1351 1748 1910 1820 (luntentplationibus
1944 1759 2068 1815 per-

489 1862 776 1933 vestigavit
804 1877 817 1914 :
866 1859 956 1927 qui
979 1854 1192 1924 quidem
1226 1852 1308 1904 vir
1340 1846 1481 1902 nulla
1516 1845 1618 1898 alia
1657 1858 1723 1897 ex
1755 1838 1979 1894 historia
2007 1852 2070 1891 ac

476 1970 559 2012 Ine
587 1930 803 2010 nomine
853 1948 1069 2019 quidem
1102 1942 1342 2015 proprio,
1367 1938 1507 2009 quod
1543 1936 1721 1988 celare
1763 1930 1944 1985 studio
1973 1943 2066 1981 vo.

475 2049 612 2111 vluit,
644 2043 890 2113 cognitus
919 2039 1072 2094 nobis
1098 2044 1202 2092 est.
1254 2032 1454 2088 Eodem
1493 2029 1661 2096 igitur
1706 2034 1862 2094 pacto
1889 2022 2070 2077 Theo-

488 2141 721 2212 phanem
752 2136 900 2190 hunc
926 2133 1274 2193 Cerameum,
1308 2122 1583 2179 hominem
1617 2133 1748 2175 sane
1776 2130 1972 2172 novum
2003 2128 2069 2168 ex

490 2207 776 2302 ipsiusmet
807 2223 1173 2286 sermonibus,
1211 2233 1344 2288 quos
1370 2217 1422 2271 in
1463 2216 1635 2269 lucem
1681 2211 1871 2279 prodo,
1916 2207 2073 2302 nobi-

490 2293 598 2377 lem
633 2316 870 2374 conabor
899 2313 1130 2369 ellieere.
1185 2310 1264 2361 Ac
1309 2306 1487 2374 primo
1527 2301 1769 2371 quidem,
1817 2293 2071 2363 quoniam

491 2412 645 2469 multi
691 2408 935 2480 ejusdem
966 2401 1173 2465 s‘mculi,
1218 2414 1282 2454 ac
1314 2398 1485 2452 ferme
1539 2392 1714 2446 artatis
1749 2387 1951 2443 ambitu
1984 2385 2070 2480 iu-

490 2505 673 2573 signes
703 2472 806 2568 qua
841 2494 1058 2558 litteris,
1121 2504 1226 2559 qua
1280 2485 1565 2542 sanctitate
1608 2480 1709 2533 viri
1755 2472 2075 2543 cognomine

488 2590 805 2664 Theophani
839 2587 1166 2645 ﬂoruerunt,
1190 2593 1368 2649 opera:
1396 2575 1627 2645 pretium
1696 2580 1779 2624 est
1826 2577 2069 2623 nostrum

486 2692 555 2744 ub
578 2662 1021 2753 iisdistinguere,
1045 2691 1113 2732 ne
1134 2672 1428 2730 lectoribus
1446 2668 1622 2722 minus
1648 2666 1698 2718 in
1722 2662 2069 2717 historiarum

482 2791 793 2851 temporum
840 2752 1052 2828 ratione
1098 2762 1414 2821 exercitatis
1462 2755 1710 2813 conlusio
1766 2752 2069 2807 oboriatur.

490 2842 672 2942 Atque
700 2878 760 2923 ut
795 2880 915 2921 eam
945 2857 1268 2931 ὁμωνυμίαν
1296 2851 1625 2920 expedirent,
1681 2845 1916 2897 maxime
1960 2842 2061 2895 itu-

491 2939 681 3038 pulsus
725 2972 892 3023 sum,
946 2954 1035 3007 ubi
1092 2949 1342 3017 legissem
1497 2939 1826 3038 Bibliotheca
1877 2947 2070 3038 magna

486 3024 713 3110 i’utrum
746 3048 886 3103 edita
922 3038 1171 3098 Colonia!
1209 3037 1355 3089 hunc
1398 3030 1780 3098 Theophanem
1834 3024 2069 3091 scripto-

494 3162 606 3201 tetu
636 3141 988 3199 homiliarum
1010 3148 1133 3189 cum
1158 3125 1487 3195 Theophane
1511 3119 1769 3175 historico
1794 3111 2072 3169 confundi.

494 3237 627 3293 Nam
657 3246 789 3289 tom.
820 3228 911 3295 1X,
943 3225 1138 3282 smculo
1168 3220 1352 3276 itidem
1384 3233 1438 3270 IS
1463 3254 1480 3272 .
1528 3216 1579 3267 in
1607 3225 1712 3280 quo
1750 3211 1868 3263 dua:
1897 3205 2075 3259 homi-

496 3333 579 3385 lia:
609 3322 959 3396 Theophanis
1002 3318 1163 3392 hujus
1194 3308 1439 3369 Ceramei
1507 3321 1575 3361 ex
1616 3301 1849 3396 editione
1884 3296 2072 3352 Jacobi

491 3391 915 3482 Gretscriptom.
965 3408 1028 3473 ll,
1076 3405 1153 3461 De
1175 3403 1346 3458 Cruce
1377 3394 1621 3453 translati
1656 3391 2068 3450 describuntur,

494 3518 609 3568 huic
655 3512 709 3564 itt
743 3481 950 3563 earum
1009 3494 1363 3566 inscriptione
1405 3490 1693 3559 leguntur;
1731 3481 2071 3551 Theophanes

493 3603 773 3659 Cerameus
810 3590 1174 3650 Tauromenia:
1218 3588 1270 3642 in
1302 3580 1489 3638 Sicilia
1528 3577 1796 3648 epis-captis
1828 3570 2071 3639 scripsit:

497 3691 724 3747 Annales
750 3705 781 3742 a
818 3681 1127 3740 Diocletiani
1152 3674 1466 3745 temporibus
1486 3686 1645 3741 usque
1663 3669 1731 3721 ad
1761 3662 2072 3719 Hichaelem

493 3788 738 3852 imperat.
803 3777 892 3849 qui
943 3774 1156 3829 necdum
1204 3777 1325 3823 sunt
1364 3766 1509 3820 editi.
1565 3761 1812 3816 Diversus
1861 3758 1961 3827 fuit
2003 3754 2068 3809 ab

492 3885 708 3931 msctore
746 3868 1002 3925 Historiae
1043 3861 1294 3920 miscella:
1330 3857 1508 3913 .‘VPauli
1556 3852 1812 3919 Diaconi,
1863 3852 1927 3903 de
1970 3864 2072 3918 quo

482 3967 646 4038 plura
692 3962 947 4016 habentur
991 3957 1056 4009 ab
1114 3953 1339 4008 Henrico
1382 3947 1602 4004 Canisio
1651 3951 1905 3998 annotata
1935 3947 2074 4038 -ante

493 4031 799 4130 pradictam
815 4050 1088 4107 historiam
1111 4044 1434 4118 praecedente
1454 4038 1649 4096 stucqu
1680 4047 1881 4091 octavo.
1923 4031 2073 4088 Scri-

494 4126 595 4221 psit
636 4158 890 4219 prseterea
934 4141 1179 4196 homitias
1221 4134 1569 4205 iis—evangelia
1596 4126 1991 4191 Dominicalia,
2023 4134 2073 4179 et

496 4218 697 4316 aliquot
723 4242 857 4313 festa
889 4238 1050 4293 totius
1098 4234 1249 4299 anni,
1288 4246 1404 4300 qua:
1435 4233 1709 4282 servantur
1732 4238 1862 4276 mss.
1892 4218 2074 4274 .Vene-

496 4310 604 4402 (iis,
624 4344 673 4389 et
706 4310 815 4386 alia
845 4329 1063 4384 necdum
1084 4325 1245 4378 edita.
1269 4320 1681 4388 Distinguuntur
1701 4312 1862 4382 igitur
1886 4310 2075 4365 condi-

499 4399 645 4483 tores
672 4423 816 4478 illius
845 4415 1194 4473 Bibliodtecre
1214 4410 1418 4479 Magnae
1440 4404 1823 4476 Theophanem
1849 4399 2074 4455 histori-

480 4534 624 4576 icum
666 4516 735 4570 ab
768 4522 989 4568 auctore
1033 4506 1286 4561 Historiis
1330 4501 1576 4557 miscetur:
1611 4495 1759 4553 Pauli
1809 4493 2072 4558 Diaconi;

500 4613 596 4672 sed
625 4606 825 4665 deinde
868 4618 1033 4659 unum
1083 4598 1442 4664 cumdemque
1466 4590 1668 4647 iaciunt
1691 4587 2073 4659 Theophanem

497 4703 815 4761 historicum
866 4706 1028 4765 atque
1071 4688 1392 4746 Cecameum
1443 4684 1760 4753 scriptorem
1823 4680 2076 4737 homilia-

493 4814 647 4855 runt.
687 4794 818 4860 .Quo
850 4790 917 4844 ad
965 4787 1196 4857 primum
1236 4780 1447 4843 attinet.
1498 4784 1644 4832 recte
1688 4774 1900 4830 habet:
1950 4785 2073 4826 nam

437 4878 446 4955 ’,
500 4889 887 4958 Theophanem
908 4873 1520 4935 historicumdiversum
1546 4883 1666 4924 esse
1698 4882 1727 4922 a
1754 4865 1920 4922 Paulo
1950 4862 2076 4918 Dia-

497 4994 638 5038 cono
664 4978 781 5035 sive
829 4981 1050 5028 auctore
1099 4965 1354 5022 Historia:
1393 4959 1658 5024 ntiscellw,
1710 4958 1893 5013 multis
1923 4971 2074 5011 com-

499 5073 685 5145 probat
744 5068 996 5124 Canisius
1062 5074 1208 5117 tomo
1245 5059 1336 5113 illo
1381 5055 1524 5119 VIII,
1581 5054 1744 5108 citato
1792 5049 2074 5113 Bibliotlu,

496 5141 843 5230 ostenditque
884 5155 1193 5226 impositum
1239 5149 1405 5205 fuisse
1450 5146 1724 5209 Baron’io,
1775 5157 1971 5212 magno
2022 5141 2075 5194 in

499 5255 791 5313 Annalibus
822 5247 1169 5306 conserendis
1200 5245 1338 5307 viro,
1383 5240 1477 5310 qui
1510 5254 1631 5294 cum
1660 5237 1825 5290 multa
1852 5249 1913 5288 ac
1936 5247 2079 5302 saepe

495 5368 562 5406 ex
598 5346 763 5403 Paulo
791 5343 1032 5398 Diacono
1054 5336 1358 5394 testimonia
1392 5336 1443 5388 in
1465 5347 1560 5388 eos
1580 5328 1816 5392 confert,
1845 5329 1962 5381 vult
1987 5328 2076 5380 illa

504 5457 632 5499 esse
677 5455 742 5497 ex
779 5451 910 5492 vero
940 5432 1267 5501 Theophane
1293 5429 1384 5496 qui
1422 5426 1560 5481 falso
1590 5423 1786 5478 Paulus
1815 5421 2080 5475 Diaconus

498 5534 827 5589 nominetur.
867 5526 975 5582 Sed
1006 5537 1163 5578 secus
1205 5519 1386 5583 habet,
1419 5516 1592 5586 inquit
1614 5515 1882 5575 Canis'us,
1919 5526 2081 5566 verus

498 5610 857 5691 Theophanes
876 5628 1064 5672 auctor
1088 5614 1326 5668 historia:
1351 5625 1457 5664 non
1487 5615 1571 5662 est
1605 5606 1691 5660 ille
1716 5604 1911 5658 Paulus
1950 5601 2080 5655 Dia-

497 5728 697 5778 conus;
752 5724 981 5777 namque
1035 5706 1136 5760 hoc
1182 5717 1378 5758 nomen
1428 5699 1568 5754 falso
1622 5698 1696 5752 illi
1759 5695 2018 5750 tributum
2061 5711 2076 5748 :

500 5805 604 5861 alia
667 5814 750 5861 est
785 5802 955 5867 Pauli,
1010 5799 1113 5854 alia
1150 5794 1496 5865 Theophanis
1545 5793 1795 5858 historia,
1841 5791 2076 5849 nondum

2161 465 2379 534 quidem
2411 465 2465 520 in
2487 464 2659 522 lucem
2686 463 2827 519 edita
2857 481 2871 531 ;
2904 464 2999 519 sed
3026 478 3145 519 eam
3178 462 3444 534 promittit
3465 464 3751 527 Canisius.

2159 566 2217 610 et
2244 557 2486 626 pluribus
2516 559 2659 614 hunc
2682 572 2924 613 errorem
2949 559 3201 629 detegere
3235 560 3410 629 pergit
3436 576 3451 625 ;
3476 560 3631 628 cttjns
3661 578 3755 614 ra-

2164 649 2340 704 tiones
2360 649 2597 721 Iegendae
2621 651 2760 719 apud
2782 651 2976 719 ipsum,
3000 665 3172 718 neque
3191 652 3337 705 enim
3358 653 3527 706 nostri
3551 654 3752 720 negotii

2161 752 2247 797 est
2268 757 2363 797 eas
2398 744 2485 797 hic
2518 743 2792 812 prosequi.
2817 740 2967 808 Quod
3001 752 3180 796 autem
3211 744 3277 795 ad
3303 754 3543 798 nostrum
3570 744 3755 799 Theo.

2163 836 2396 902 phauem
2441 846 2673 904 spectat,
2712 850 2836 888 eum
2885 849 3007 890 esse
3035 835 3259 889 omnino
3300 836 3465 890 alium
3496 853 3524 890 a
3567 837 3756 892 Theo-

2165 928 2345 996 pbane
2379 928 2660 993 historico,
2694 935 2842 997 patet
2874 942 2936 981 es
2980 928 3188 981 ratione
3214 937 3521 997 temporum
3553 931 3757 1000 quibus

2164 1020 2417 1074 vixerunt
2464 1020 2909 1089 scripseruntque
2941 1036 2955 1072 :
2984 1027 3131 1088 patet
3176 1034 3240 1073 ex
3293 1021 3502 1074 ratione
3530 1034 3651 1076 vitae
3699 1035 3760 1079 et.

2172 1112 2363 1167 mortis
2398 1110 2543 1166 illius
2571 1112 2833 1165 historici.
2860 1111 2934 1165 De
2969 1112 3073 1166 hoc
3102 1113 3246 1165 enim
3276 1113 3348 1167 ita
3377 1115 3565 1169 scribit
3589 1115 3750 1171 Joaa.

2160 1202 2521 1272 Curopalates
2568 1202 2683 1271 ipso
2726 1216 2837 1257 sua:
2886 1201 3126 1256 historiae
3181 1202 3359 1257 initio.
3410 1203 3754 1273 Theophanes

2165 1295 2455 1364 confessor,
2487 1304 2535 1347 et
2573 1294 2701 1365 Agri
2739 1293 2851 1347 dua:
2891 1293 3021 1366 (hoc
3051 1303 3135 1349 est
3168 1296 3477 1367 Ιιῆγοιὸμενος
3503 1299 3754 1369 hegume-

2167 1405 2287 1452 nus,
2319 1388 2459 1454 quod
2488 1386 2627 1441 idem
2665 1401 2728 1441 ac
2764 1386 2955 1453 abbas)
2989 1389 3300 1442 accuratius
3340 1405 3373 1442 a
3401 1404 3458 1443 se
3475 1404 3755 1457 percursas

2163 1479 2449 1533 historicos
2480 1478 2642 1532 libros
2674 1478 2730 1531 in
2753 1478 3120 1547 compendium
3154 1480 3278 1530 item
3309 1480 3524 1549 redegit.
3560 1462 3753 1533 verum

2167 1572 2427 1644 Georgius
2478 1572 2603 1641 (fuit
2647 1572 2734 1624 hic
2771 1572 3115 1634 monachus,
3167 1569 3377 1626 Tarasii
3428 1573 3756 1641 patriarcha:

2168 1666 2440 1735 syucellus
2469 1703 2483 1725 ,
2536 1664 2662 1717 item
2716 1662 3032 1732 historicus)
3083 1666 3149 1714 ab
3200 1662 3324 1716 orbe
3358 1665 3572 1717 condito
3605 1664 3751 1731 facta

2166 1758 2319 1812 initio
2360 1757 2415 1809 iu
2454 1765 2709 1825 tyrannos
2758 1755 3147 1810 Maximianum
3180 1756 3397 1827 ejusque
3419 1756 3588 1824 ﬁlium
3628 1756 3751 1810 Ma-

2168 1848 2430 1903 aiminum
2459 1850 2614 1903 desiit
2652 1866 2669 1903 :
2724 1845 3065 1913 Theophanes
3123 1862 3241 1899 vero
3276 1846 3431 1899 illius
3483 1846 3614 1908 ﬁnes
3648 1849 3751 1899 sibi

2170 1943 2383 2009 proprio
2441 1943 2681 1995 instituto
2735 1941 2999 2009 principio
3059 1939 3379 2007 reliquisque
3430 1938 3752 2006 temporibus

2171 2038 2388 2089 breviter
2421 2034 2722 2101 descriptis,
2754 2050 2871 2085 cum
2905 2037 2975 2085 ad
3016 2030 3307 2099 Nicepltori
3349 2032 3594 2097 imperat.
3629 2030 3751 2084 obi-

2171 2138 2281 2181 tum
2310 2130 2625 2192 pcrvenisset
2650 2167 2663 2188 ,
2702 2127 2775 2179 ibi
2811 2141 2921 2178 sua:
2949 2124 3107 2191 ﬁnem
3140 2123 3439 2176 narrationi
3473 2123 3746 2189 imposuit.

2174 2221 2299 2275 llaec
2328 2219 2706 2289 Curopalstes,
2741 2233 2805 2271 ex
2833 2233 2939 2286 quo
2975 2217 3125 2271 vides
3159 2214 3545 2284 TheOpbant-m
3577 2215 3749 2269 histo-

2140 2296 2145 2303 ’
2171 2313 2368 2375 ricuut,
2395 2312 2488 2380 qui
2529 2326 2557 2363 a
2585 2309 2930 2372 Maximiano,
2967 2307 3055 2362 ttbi
3083 2306 3350 2378 Georgius
3374 2308 3531 2362 desiit
3577 2307 3744 2377 (idem

2170 2415 2254 2460 est
2281 2416 2461 2457 autem
2494 2404 2673 2457 dicere
2700 2417 2728 2454 a
2764 2400 3117 2463 Diocletiano,
3145 2411 3204 2455 ut
3237 2401 3390 2455 habet
3411 2399 3741 2454 Bibliotheca

2173 2494 2383 2565 Magna)
2415 2494 2579 2548 fuisse
2611 2495 2885 2558 abbatem,
2909 2504 2960 2546 et
2989 2495 3053 2546 ad
3083 2492 3436 2563 Nicephorum
3460 2492 3744 2545 historiam

2171 2589 2509 2659 perduxisse.
2542 2590 2860 2644 AnaStasius
2895 2587 3369 2649 Bibliotltecarius,
3387 2586 3475 2655 qui
3516 2587 3569 2639 in
3605 2585 3752 2638 Lati-

2172 2695 2298 2734 tmm
2348 2680 2509 2735 vertit
2559 2681 2839 2734 historiam
2889 2677 3255 2747 TheOphanis,
3295 2678 3439 2731 hunc
3473 2678 3745 2738 eumdem,

2166 2787 2333 2843 quem
2361 2772 2597 2826 diximus
2621 2787 2685 2826 ex
2710 2770 3052 2839 Curopalata,
3080 2770 3400 2823 monachum
3428 2777 3481 2822 et
3498 2767 3746 2821 abbatem

2171 2866 2300 2937 Agri
2326 2864 2701 2931 mit-oculisque
2718 2863 2919 2919 clarum
2945 2863 3188 2918 extitisse
3216 2862 3301 2916 his
3323 2861 3501 2915 verbis
3523 2859 3745 2914 scribit:

2174 2958 2251 3012 De
2277 2959 2443 3011 altera
2482 2956 2700 3025 (nempe
2741 2954 3093 3025 Theophane)
3133 2955 3261 3022 quid
3305 2954 3500 3017 dicam,
3544 2969 3664 3010 cum
3699 2961 3746 3003 et

2170 3049 2283 3118 eius
2318 3050 2615 3118 conscripta
2650 3046 2793 3111 Vita,
2825 3048 3053 3117 qualiter
3081 3046 3316 3101 uidelicet
3346 3045 3535 3113 amplis
3572 3046 3745 3113 patri-

2172 3141 2364 3195 moniis
2417 3139 2654 3193 venditus
2726 3154 2933 3193 crucem
3009 3153 3162 3191 suam
3222 3138 3447 3200 tulerit,
3512 3136 3750 3206 qualiter

2170 3241 2377 3283 secutus
2402 3228 2668 3285 Christum
2689 3228 2892 3281 abbatis
2940 3228 2992 3281 in
3015 3228 3334 3281 monasterio
3366 3227 3491 3297 Agri
3533 3228 3747 3297 functus

2171 3321 2360 3390 officio,
2406 3321 2688 3374 virtutibus
2736 3319 2969 3390 fulserit,
3008 3320 3281 3373 miraculis
3322 3318 3648 3383 coruscarit,
3697 3326 3750 3370 et

2168 3412 2572 3479 circumquaque
2621 3411 2897 3478 regiones,
2945 3410 3028 3463 his
3079 3411 3171 3477 qui
3195 3426 3354 3479 prope
3401 3419 3450 3463 et
3511 3409 3594 3462 his
3653 3409 3747 3475 qui

2172 3500 2324 3569 longe
2349 3508 2476 3552 sunt
2502 3497 2752 3550 clament.
2788 3495 2913 3551 llaec
2958 3497 3275 3552 Anastasius
3323 3499 3390 3551 de
3419 3497 3749 3566 Theophane.

2170 3592 2451 3648 historico.
2495 3591 2709 3646 Obitum
2754 3599 2934 3644 autem
2978 3590 3100 3658 ejus
3127 3589 3227 3644 sub
3273 3587 3456 3644 Leone
3483 3588 3746 3650 Arineno,

2171 3684 2527 3739 lconomacbo
2552 3697 2694 3737 anno
2722 3680 2841 3750 ejus
2871 3666 3095 3751 impfl,
3124 3680 3194 3733 ob
3237 3679 3605 3736 defensionem
3640 3678 3745 3736 ss.

2169 3776 2465 3847 imaginum
2521 3774 2812 3845 contigisse
2864 3783 3048 3827 narrat
3096 3773 3416 3837 Cedrenus,
3454 3783 3512 3827 et
3557 3787 3631 3828 ex
3679 3787 3748 3828 eo

2168 3865 2433 3921 llaronius
2457 3866 2523 3918 ad
2547 3879 2748 3918 annum
2770 3862 2971 3919 Christi
2998 3861 3124 3929 814,
3158 3878 3223 3919 ex
3253 3878 3358 3932 quo
3381 3864 3497 3918 haec
3523 3863 3745 3930 accipe:

2168 3957 2297 4013 Cum
2352 3964 2525 4010 autem
2581 3951 2972 4007 Proconnesum
3014 3954 3364 4007 abduceretur
3416 3952 3749 4021 Nicephorus

2169 4050 2298 4122 (fuit
2347 4049 2435 4105 hic
2499 4045 2809 4117 patriarcha
2864 4044 3014 4100 (2.1).
3041 4044 3131 4114 qui
3182 4043 3522 4100 subscribere
3580 4045 3749 4115 impio

2168 4143 2349 4199 edicto
2403 4141 2599 4197 Leonis
2656 4140 2911 4197 Armenis
2955 4150 3142 4195 contra
3182 4138 3283 4195 SS.
3321 4138 3585 4207 imagines
3641 4156 3749 4191 nou

2168 4231 2427 4287 sustinuit
2448 4245 2621 4299 eaque
2653 4243 2811 4284 causa
2831 4232 2899 4284 ab
2919 4244 2984 4285 eo
3016 4230 3272 4283 multatus
3312 4228 3551 4300 exsilio),
3580 4227 3752 4285 Theo-

2167 4324 2370 4394 phanus
2394 4322 2663 4393 confessor
2687 4319 2876 4391 Magni
2904 4320 3036 4391 Agri
3080 4321 3362 4390 prirfectus
3389 4336 3507 4374 eum
3535 4323 3751 4391 navigio

2169 4414 2475 4487 preteroehi
2506 4413 2683 4468 divino
2735 4413 2989 4466 instinctu
3041 4414 3287 4476 sentiens,
3339 4428 3457 4466 cum
3500 4413 3555 4466 in
3597 4421 3753 4480 parte

2168 4506 2355 4577 praedii
2377 4505 2606 4576 quadam
2628 4504 2739 4574 ipse
2773 4514 2972 4575 ageret,
2998 4502 3184 4571 sufﬁta
3213 4512 3263 4556 et
3287 4504 3450 4558 cereis
3500 4519 3754 4574 prosecu-

2171 4607 2255 4651 tus
2278 4605 2389 4662 est,
2413 4596 2503 4651 sed
2524 4605 2570 4648 et
2606 4592 2940 4662 Nicephorus
2978 4594 3194 4648 intentis
3228 4596 3472 4649 manibus
3514 4594 3752 4650 uicissim

2175 4689 2541 4760 Theophanem
2592 4687 2842 4741 salutavit
2901 4687 3154 4757 ﬂexisque
3195 4670 3410 4757 genibus
3463 4696 3571 4739 tutu
3620 4701 3749 4741 cum

2172 4795 2448 4838 veneratus
2506 4780 2767 4835 benedixit
2813 4795 2832 4833 :
2888 4795 3004 4833 cum
3036 4780 3252 4849 quidem
3293 4789 3471 4833 neuter
3517 4778 3747 4833 alterum

2171 4876 2388 4937 uideret.
2425 4874 2517 4928 sed
2557 4874 2669 4927 acie
2711 4874 2896 4927 mentis
2929 4888 2983 4926 se
3013 4881 3198 4924 mutuo
3237 4883 3500 4926 cer-nentes
3529 4873 3753 4943 dignum

2173 4969 2391 5021 invicem
2414 4967 2663 5020 honorem
2709 4966 3078 5019 exhibuerunt.
3125 4964 3191 5016 Et
3224 4981 3340 5018 cum
3386 4965 3604 5035 quidam
3641 4981 3756 5022 una

2176 5062 2539 5129 navigantium
2575 5071 2835 5128 numeret
2868 5072 3144 5126 quemnam
3182 5056 3426 5111 manibus
3451 5060 3531 5112 ita
3560 5059 3617 5112 in
3655 5076 3753 5113 su-

2177 5152 2332 5205 blime
2368 5153 2581 5205 elevatis
2621 5150 2904 5217 salutaret,
2948 5150 3345 5202 sanctissimum
3385 5147 3754 5217 Theophanem

2176 5247 2528 5314 confessorem
2577 5247 2883 5311 respondit:
2944 5243 3075 5314 Agri
3114 5242 3442 5310 prmfectum,
3505 5243 3598 5313 qui
3660 5261 3757 5296 nos

2179 5339 2385 5409 facibus
2431 5348 2479 5391 et
2505 5338 2688 5407 sufﬁtu
2727 5340 2947 5406 excepit.
2999 5335 3181 5406 Neque
3219 5340 3389 5391 multo
3423 5348 3541 5401 post
3583 5339 3760 5391 exitus

2179 5447 2351 5485 ueram
2384 5429 2672 5500 Nicephori
2707 5431 3106 5499 prwdictionem
3155 5431 3383 5482 ostendit
3419 5444 3437 5481 :
3471 5444 3593 5480 nam
3637 5444 3762 5481 mea:

2178 5536 2296 5573 cum
2348 5518 2529 5573 multis
2574 5521 2695 5573 aliis
2755 5516 3094 5587 Theoyhanes
3144 5535 3350 5590 quoque
3403 5519 3466 5570 ab
3520 5514 3761 5571 Ecclesia

2179 5612 2398 5681 ejectus,
2424 5613 2759 5683 infinitisque
2801 5623 3021 5668 uexatus
3068 5614 3259 5678 modis,
3301 5612 3622 5680 confessoris
3667 5627 3761 5665 co-

2180 5719 2364 5757 ronam
2411 5705 2721 5773 deportavit.
2774 5706 2898 5758 Haec
2925 5702 3223 5767 Cedrenus,
3277 5716 3399 5771 quso
3451 5716 3557 5756 non
3613 5701 3760 5767 potui

2183 5797 2235 5850 in
2295 5796 2598 5851 breviorem
2655 5809 2921 5851 summam
2968 5795 3254 5866 colligere;
3321 5794 3537 5850 fuerunt
3577 5804 3761 5849 autem
