4062 6214
210 4834 237 4847 μ.

268 337 337 401 81
1214 337 1615 398 FRANCISCI
1655 336 1925 397 SCORSI

272 449 614 514 necessaria,
665 458 721 503 ut
764 448 968 518 liquido
1027 446 1419 519 intelligeretur
1470 446 1859 518 Theophanem

272 541 897 608 historicum,abbatem
951 541 1105 609 Agri,
1158 540 1406 594 eumdem
1456 553 1577 593 esse
1620 538 1709 607 qui
1758 540 1858 592 sub

279 648 467 685 Leone
492 639 725 687 Armeno
765 632 1013 686 exsilium
1051 646 1151 702 pro
1195 646 1354 685 causa
1401 630 1503 688 SS.
1542 631 1856 700 imaginum,

283 734 341 778 et
368 724 421 776 iu
451 740 515 778 eo
539 734 768 778 mortem
794 723 1046 794 oppetiit,
1063 732 1224 792 atque
1245 723 1379 776 adeo
1402 723 1560 792 longe
1582 722 1857 776 diversum

286 827 316 863 a
348 810 672 879 Theophane
709 821 900 866 nostro
923 811 1039 881 qui,
1065 812 1239 866 deleta
1274 810 1489 879 penitus
1519 808 1713 864 haeresi
1750 809 1859 861 Ico-

287 893 681 968 noclastaruni,
715 903 1135 973 adversusjquos
1167 904 1275 972 jam
1297 905 1580 958 damnatos
1614 902 1728 971 ipse
1759 902 1859 954 lio-

278 994 486 1047 iniliam
529 996 720 1049 habuit
754 1034 769 1058 ,
812 1010 930 1063 qum
958 978 1061 1051 es‘t’
1079 996 1268 1049 ordine
1302 1011 1366 1048 xx
1391 1036 1406 1061 ,
1441 996 1542 1050 sub
1578 992 1776 1050 Basilio
1805 1001 1860 1045 et

272 1087 491 1153 Leone,
529 1100 591 1144 ut
613 1094 891 1145 Ostendam
939 1107 1041 1147 suo
1098 1090 1236 1156 loco,
1288 1090 1452 1157 vixit;
1511 1098 1670 1161 atque
1724 1089 1861 1144 adeo

270 1193 432 1232 error
467 1180 521 1233 in
554 1182 888 1237 Bibliotheca
931 1182 1018 1236 illa
1063 1181 1405 1251 corrigetur:
1459 1181 1756 1249 itidemque
1804 1179 1858 1233 in

271 1261 585 1324 Sebastiani
619 1272 860 1327 Corderii
894 1282 1083 1327 catena
1132 1272 1230 1328 SS.
1282 1272 1500 1328 Patrum
1543 1272 1596 1327 in
1635 1271 1859 1337 Lucam,

268 1363 366 1415 ubi
418 1363 807 1433 TheOphanem
856 1368 989 1420 citat
1029 1366 1219 1421 eodem
1263 1366 1440 1435 elogio
1492 1366 1608 1421 sive
1668 1364 1859 1419 inscri-

272 1457 459 1523 ptione
485 1456 767 1527 desumpta
798 1460 864 1511 ab
887 1457 971 1511 illa
991 1456 1344 1522 Bibliotheca,
1364 1458 1662 1527 iisdemque
1689 1457 1856 1512 relata

276 1547 479 1601 verbis.
536 1547 654 1600 Jain
707 1564 839 1603 vero
868 1548 937 1603 ab
983 1559 1215 1618 utroque
1262 1548 1425 1604 etiam
1476 1548 1724 1603 diversus
1775 1557 1857 1602 est

275 1636 637 1706 Theophanes
703 1639 841 1692 alius
896 1637 1182 1708 praefectus
1248 1639 1558 1695 monasterii
1622 1637 1907 1717 Sigriani.

274 1727 375 1796 qui
403 1737 527 1794 post
551 1728 729 1781 dirum
759 1743 855 1797 per
903 1729 1176 1785 biennium
1225 1727 1508 1784 toleratum
1559 1744 1853 1796 carcerem,

268 1824 588 1889 deportatus
651 1822 704 1873 iu
762 1820 997 1876 insulam
1054 1820 1509 1885 Samothraciam,
1566 1820 1675 1876 illic
1722 1821 1857 1877 obiit

267 1922 501 1965 mortem
561 1909 923 1968 confessionis
974 1912 1144 1982 gloria
1192 1911 1439 1978 insignis.
1492 1912 1617 1978 Agit
1664 1912 1733 1966 de
1787 1927 1853 1967 eo

267 1996 338 2050 Ba
348 2000 537 2054 rouius
554 1999 625 2053 ad
646 2017 847 2055 annum
867 2001 1068 2057 Christi
1096 2002 1199 2057 816
1216 2001 1574 2070 admonetque
1599 2002 1851 2059 lectorem

272 2092 337 2144 de
375 2090 731 2146 distinctione
765 2094 1044 2162 utriusque
1074 2093 1441 2165 Theophanis,
1472 2094 1668 2164 prioris
1710 2096 1853 2150 illius

268 2182 355 2249 qui
389 2184 569 2252 primo
593 2182 813 2249 Leonis,
845 2194 900 2240 et
930 2187 1252 2254 posterioris
1280 2189 1373 2258 qui
1416 2187 1580 2243 tertio
1609 2188 1850 2257 ejusdem

268 2290 414 2327 anno
447 2276 582 2329 obiit
616 2292 713 2346 pro
743 2276 981 2344 ejusdem
1020 2292 1196 2335 causa:
1238 2280 1538 2349 patrocinio
1570 2299 1585 2337 :
1619 2284 1712 2352 qui
1761 2298 1851 2337 se-

269 2366 482 2418 cundus
524 2368 689 2419 etiam
737 2365 948 2424 lsaacus
992 2370 1169 2424 dictus
1204 2387 1219 2425 :
1255 2371 1442 2426 eadem
1476 2387 1601 2427 vero
1646 2375 1851 2429 ratione

267 2464 417 2520 patet
466 2452 856 2524 Theophanem
911 2456 1053 2513 hunc
1118 2460 1377 2515 Isaat-ium
1424 2476 1453 2515 a
1506 2474 1690 2519 nos1ro
1731 2480 1853 2520 esse

270 2549 598 2604 distantem.
637 2553 850 2606 Tertius
895 2553 1252 2624 Theophanes
1310 2557 1579 2626 proprior.
1605 2569 1690 2614 est
1734 2575 1850 2615 tero

268 2640 455 2694 nostri
488 2639 823 2710 Theophanis
850 2662 864 2697 :
893 2645 1006 2710 ille,
1040 2645 1275 2714 inquam,
1295 2648 1386 2717 qui
1418 2663 1540 2702 cum
1568 2647 1851 2704 Theodoro

265 2738 320 2779 et
349 2728 617 2794 sanguine
637 2739 690 2784 et
715 2732 907 2800 insigni
935 2733 1131 2789 virtute
1151 2750 1411 2805 germano
1442 2736 1493 2790 in
1522 2741 1851 2795 monasterio

269 2816 330 2874 S.
371 2818 531 2874 Saba:
558 2824 849 2888 enutritus,
906 2840 1028 2879 curn
1065 2836 1250 2892 postea
1283 2842 1379 2897 pro
1423 2827 1526 2884 SS.
1561 2830 1848 2900 imaginum

268 2910 417 2963 cultu
448 2912 711 2968 adversus
744 2913 978 2969 Leonem
1005 2918 1299 2971 Armenum
1331 2926 1553 2974 strenue
1601 2920 1851 2976 decerta-

270 3013 372 3069 ret,
403 3005 523 3073 ejus
548 3006 705 3076 jussu
739 3009 1053 3064 verberibus
1082 3025 1253 3065 caesus
1284 3011 1336 3065 in
1366 3013 1619 3068 exsilium
1646 3014 1852 3082 ejectus

268 3104 383 3160 est;
413 3096 507 3149 sed
541 3111 608 3152 eo
643 3108 858 3154 mortuo
903 3114 1090 3155 rursus
1117 3100 1417 3169 Theopliilo
1461 3104 1710 3173 imperat.
1756 3122 1852 3162 ea-

303 3202 393 3240 em
421 3188 617 3243 ἰκετεεὶ
650 3191 870 3246 detento
895 3202 1204 3248 constanter
1224 3196 1500 3260 resistens,
1535 3198 1851 3254 verberibus

270 3281 467 3334 iterum
503 3290 559 3335 et
598 3283 792 3336 exsilio
831 3282 1054 3341 affectus
1095 3303 1108 3339 :
1154 3288 1205 3341 in
1240 3303 1347 3356 quo
1378 3304 1501 3345 cum
1537 3289 1853 3347 Theodorus

268 3371 605 3438 exSpirassrt
643 3372 697 3425 in
743 3387 981 3440 carcere,
1032 3376 1413 3447 Theophanes,
1455 3395 1588 3449 pare
1633 3382 1848 3437 demum

272 3460 531 3516 Ecclesiae
560 3462 799 3528 reddita,
833 3463 1004 3519 factus
1038 3480 1067 3518 a
1110 3466 1170 3520 S.
1204 3466 1475 3524 Methodio
1516 3469 1705 3526 Nicaeae
1735 3486 1851 3526 me-

271 3555 572 3622 tropolita,
638 3556 689 3608 in
754 3556 835 3610 sui
909 3559 1146 3613 muneris
1210 3560 1502 3628 pastoralis
1568 3561 1850 3620 functione

268 3650 508 3703 excessit
564 3665 596 3702 e
649 3649 782 3701 vita.
848 3646 972 3704 Haec
1039 3666 1101 3706 ex
1167 3651 1545 3725 Martyrologio
1611 3644 1852 3711 Romano

270 3740 616 3809 potissimum
666 3744 931 3815 descripsi
988 3747 1053 3799 ad
1103 3743 1446 3818 TheOplianis
1472 3746 1672 3804 Niczeni
1721 3764 1847 3819 pro-

182 3854 187 3857 λ
271 3832 506 3887 dentiam
583 3834 848 3890 notitiam.
933 3836 1090 3893 Plura
1167 3840 1234 3895 de
1301 3840 1367 3893 iis
1434 3837 1535 3894 SS.
1590 3839 1849 3897 fratribus

238 3925 370 3979 'alii
410 3941 427 3990 ;
486 3926 784 3996 scriptores
834 3943 1016 3984 rerum
1066 3928 1357 3986 Orientalis
1426 3932 1679 4002 imperii,
1740 3934 1846 3990 Ce-

269 4019 479 4074 drenus
529 4020 917 4091 Curopalates,
968 4020 1245 4090 Zonaras,
1284 4024 1500 4095 Glycas,
1549 4026 1849 4095 Manasses,

273 4108 577 4181 Meuologia
618 4111 961 4181 Graecorum,
997 4113 1283 4181 Baronius,
1315 4133 1380 4172 ex
1435 4118 1635 4188 quibus
1686 4121 1849 4181 etiam

270 4202 552 4271 proditum
612 4213 716 4269 est,
770 4219 956 4259 eorum
1007 4205 1278 4263 frontibus
1328 4224 1433 4264 non
1486 4210 1604 4265 sine
1658 4227 1850 4283 magno

268 4295 522 4348 cruciatu
580 4293 790 4350 iambos
842 4296 1155 4373 inscriptos,
1212 4308 1271 4353 ut
1314 4310 1567 4369 tanquam
1627 4304 1848 4359 litterati

266 4382 422 4436 servi
453 4383 903 4452 traducerentur;
933 4387 1234 4441 cruciatum
1263 4398 1424 4459 atque
1454 4390 1613 4445 etiam
1641 4393 1849 4449 iambos

272 4469 528 4526 referunt
570 4482 824 4529 auctores
860 4476 1036 4532 relati.
1080 4475 1233 4532 llunc
1268 4479 1649 4551 The0plianem
1703 4500 1849 4539 mar-

272 4576 452 4634 tyrem
485 4571 761 4621 auctorem
814 4568 941 4623 facit
983 4570 1329 4639 epistularum
1375 4588 1496 4641 quae
1528 4577 1626 4630 sub
1671 4575 1850 4632 Theo-

270 4658 470 4723 phanis
515 4654 716 4711 Nicatui
759 4660 996 4729 episcopi
1036 4662 1255 4716 nomine
1295 4672 1509 4717 exstant
1555 4664 1849 4724 Cousalvus

269 4747 459 4805 Ponce
487 4751 602 4818 qui,
640 4766 733 4806 eas
767 4750 954 4807 Latine
981 4756 1393 4824 interpretatus,
1440 4759 1637 4816 additis
1680 4764 1844 4829 notis,

276 4946 396 4983 rem
452 4932 634 5003 igitur.
688 4934 820 4987 Cum
884 4938 968 4992 hic
1029 4940 1387 5008 Theophanes
1456 4942 1514 4997 S.
1588 4936 1845 5002 Methodii

274 5033 517 5089 tempore
566 5026 784 5091 obierit,
824 5036 948 5082 tunc
983 5029 1340 5099 Theophanes
1385 5032 1699 5099 Cerameus,
1753 5041 1845 5109 qui

268 5126 457 5183 postea
513 5114 1001 5173 Tauromenitunus
1047 5121 1337 5191 cpiscopus
1385 5137 1599 5181 creatus
1651 5139 1733 5183 est
1794 5134 1843 5184 in

269 5208 608 5261 monasterio
654 5209 713 5262 S.
777 5212 1042 5278 Andreae,
1082 5224 1138 5268 ut
1164 5216 1275 5282 jam
1323 5232 1421 5272 suo
1468 5219 1587 5275 loco
1646 5224 1843 5289 dientu,

265 5299 522 5368 degebat,
551 5300 785 5354 nondum
810 5303 875 5356 ad
903 5306 1137 5375 episcopi
1168 5307 1419 5363 throiium
1441 5323 1689 5379 evectus;
1722 5331 1842 5368 nam

268 5387 338 5439 ab
363 5402 589 5441 excessu
629 5389 685 5442 ὃ.
707 5389 980 5456 Methodii,
996 5396 1318 5467 quicontigit
1337 5413 1477 5453 anno
1496 5414 1656 5469 supra
1675 5404 1848 5457 octin-

268 5479 579 5546 gentesimo
637 5482 1049 5551 quadragesimo
1101 5489 1350 5556 septimo,
1386 5507 1551 5558 usque
1578 5495 1642 5547 ad
1671 5511 1844 5549 nona-

267 5570 559 5637 gesimum,
576 5588 687 5640 quo
700 5573 1055 5645 Theophanes
1076 5587 1258 5634 uoster
1274 5596 1448 5635 sorteet
1462 5594 1604 5639 utem
1632 5589 1842 5657 agebat,

269 5661 614 5717 intercedunt
658 5664 782 5717 anni
816 5667 1166 5738 quadraginta
1213 5681 1341 5727 tres.
1386 5672 1582 5729 Veium
1630 5694 1695 5731 ex
1747 5680 1846 5733 hac

270 5750 541 5808 subducta
596 5764 904 5814 tenuiorum
934 5758 1159 5822 ratione,
1196 5778 1298 5817 non
1352 5776 1611 5823 renuntiat
1658 5766 1833 5825 Theo-

274 4842 332 4893 in
376 4841 545 4895 lucem
587 4843 777 4911 edidit,
818 4861 953 4914 quas
998 4863 1097 4901 nos
1130 4863 1317 4904 omnes
1367 4851 1711 4921 perlegimus.
1765 4854 1845 4911 Ad
1879 4865 1882 4868 ’

2026 334 2305 396 PROCEM
2316 335 2333 394 l
2346 335 2458 396 UM
2494 334 2577 396 II‘.
3463 335 3535 397 8‘2

1972 446 2205 516 phanem
2268 447 2417 500 illum
2469 447 2561 516 qui
2623 458 2859 516 praesens
2920 446 3020 501 fuit
3076 445 3130 501 in
3189 447 3546 503 translatione

1964 538 2203 605 corporis
2233 539 2289 594 S.
2312 537 2595 609 Nicephori
2623 539 2943 609 patriarchae
2959 538 3545 607 Constantinopolitani

1963 630 2103 698 quod
2148 630 2312 685 refert
2359 630 2626 685 Baronius
2675 632 2740 684 ad
2789 646 2987 684 annum
3039 632 3164 698 845,
3221 646 3322 687 nec
3368 632 3543 687 solum

1962 731 2257 789 spectator,
2294 723 2387 776 sed
2440 732 2492 777 et
2538 723 2775 791 scriptor
2821 723 2938 793 ejus
2984 720 3143 788 Viue,
3193 731 3249 777 et
3293 722 3544 777 laudator

1963 826 2059 878 pro
2089 812 2350 867 concione
2380 815 2431 874 in
2459 828 2521 868 ea
2552 813 2864 868 celebritate
2895 813 3017 875 fuit,
3047 814 3297 868 eumdem
3328 829 3449 868 esse
3477 829 3542 869 ac

1963 899 2348 970 Theophanem
2372 901 2690 957 Cerameum
2723 922 2736 958 ε
2773 919 2900 966 non,
2937 904 3182 973 inqttam,
3225 903 3373 961 ratio
3402 915 3540 958 tem-

1964 1007 2153 1061 porum
2176 995 2379 1059 ohstat,
2401 996 2493 1051 sed
2520 996 2697 1050 obstat
2717 997 2858 1064 quod
2890 996 2978 1053 ille
3001 996 3234 1065 scriptor
3258 997 3542 1068 presbyter

1963 1083 2176 1138 dicatur
2223 1084 2392 1142 fuisse
2426 1100 2455 1140 a
2505 1086 2759 1151 Baronio,
2794 1096 2978 1142 noster
3028 1087 3330 1142 monachus
3380 1098 3539 1144 antea

1961 1173 2255 1241 exstiterit,
2293 1190 2415 1229 cum
2461 1176 2749 1246 episcopus
2780 1176 2946 1234 fuerit
2979 1195 2992 1232 :
3034 1178 3176 1246 quod
3208 1193 3372 1247 supra
3406 1193 3539 1233 con-

1962 1272 2175 1318 stanter
2215 1266 2539 1335 requisitum
2581 1284 2611 1321 a
2643 1268 2851 1323 Griecis
2883 1269 3096 1324 ostendi
3132 1268 3160 1339 §
3197 1269 3240 1322 ll
3276 1286 3289 1322 :
3346 1268 3541 1323 deinde

1961 1369 2257 1425 cognomen
2290 1358 2387 1412 τοῦ
2412 1360 2721 1431 Κεραμέως
2756 1358 2972 1414 aﬂixum
3001 1374 3175 1429 usque
3197 1369 3381 1415 nostro
3403 1358 3538 1412 satis

1959 1462 2081 1502 eum
2113 1464 2141 1503 a
2178 1452 2368 1520 quovis
2402 1451 2509 1506 alio
2536 1453 2748 1509 videtur
2778 1453 3105 1507 discernere.
3130 1452 3208 1506 Ex
3238 1465 3345 1522 quo
3373 1452 3537 1507 etiam

1961 1548 2166 1594 certum
2214 1551 2300 1596 est
2352 1542 2481 1596 mihi
2543 1541 2697 1614 plane
2753 1544 2914 1596 alium
2973 1556 3094 1597 esse
3149 1540 3535 1609 TheOplianem

1960 1640 2206 1688 nostrum
2241 1634 2310 1688 ab
2340 1633 2432 1688 illo
2466 1635 2579 1703 qui,
2610 1642 2662 1688 ut
2684 1626 2830 1689 idem
2881 1634 3142 1688 Baronius
3181 1631 3367 1695 refert,
3405 1632 3541 1685 vixit

1958 1727 2202 1793 tempore
2246 1723 2428 1780 Basilii
2484 1726 2791 1782 Macedonis
2830 1743 2846 1791 ;
2909 1726 3087 1795 regius
3135 1724 3254 1794 ejus
3305 1723 3537 1778 clericus

1958 1817 2238 1885 sapientiae
2289 1819 2507 1873 nomine
2553 1819 2727 1873 eidem
2773 1818 2989 1873 Charus
3036 1816 3391 1887 imperatori,
3446 1816 3535 1882 qui

1958 1906 2179 1965 fraudes
2208 1909 2383 1966 Photii
2414 1911 2701 1979 promovit,
2725 1925 2852 1966 cum
2875 1912 3070 1966 librum
3101 1911 3166 1967 de
3193 1909 3536 1981 imperatoris

1956 2000 2269 2069 genealogia
2320 2003 2580 2073 scriptum
2633 2004 2944 2071 imperatori
3007 2002 3289 2066 oblatum,
3329 2016 3358 2054 a
3416 2001 3532 2054 solo

1960 2099 2139 2145 tamen
2168 2090 2363 2146 Photio
2401 2091 2622 2163 intelligi
2656 2106 2822 2165 posse
2861 2091 3116 2146 mentitus
3140 2103 3241 2145 est.
3272 2089 3532 2156 Quamvis

1956 2182 2099 2237 enim
2150 2183 2474 2238 conveniant
2539 2191 2827 2252 tempora,
2882 2193 3059 2238 tamen
3124 2197 3245 2238 cum
3301 2181 3534 2237 clericus

1955 2274 2172 2330 dicatur
2204 2275 2292 2329 ille
2323 2275 2507 2341 fuisse,
2546 2285 2601 2330 et
2626 2276 2843 2344 quidem
2878 2275 3105 2339 aulicus,
3141 2284 3323 2330 noster
3344 2284 3529 2329 autem

1957 2370 2039 2424 vel
2078 2371 2366 2441 episcopus
2394 2370 2888 2426 Tauromenitanus
2919 2384 2985 2424 eo
3009 2378 3251 2438 tempore
3288 2368 3398 2438 jam
3429 2367 3533 2422 ini-

1958 2462 2123 2516 tiatus
2166 2478 2286 2517 esse
2319 2462 2585 2527 debuerit,
2635 2461 2725 2516 vel
2763 2462 2939 2516 adhuc
2973 2462 3326 2516 monasticam
3363 2461 3535 2515 vitam-

1957 2555 2009 2607 in
2038 2556 2285 2610 ctenobio
2319 2554 2378 2608 S.
2408 2555 2635 2608 Andreae
2678 2556 2730 2607 in
2785 2552 2995 2618 Sicilia,
3037 2554 3150 2607 sive
3176 2554 3338 2609 etiam
3380 2553 3535 2615 alibi,

1954 2663 2074 2700 cum
2112 2662 2176 2700 ex
2212 2646 2492 2701 menachis
2519 2645 2656 2712 apud
2688 2644 2927 2707 Graecos,
2957 2652 3015 2698 ut
3043 2660 3203 2712 supra
3246 2644 3379 2707 dixi,
3430 2645 3531 2699 eli-

1955 2746 2210 2806 gerentur
2238 2739 2497 2809 episcopi,
2526 2739 2683 2808 plane
2724 2740 2857 2794 mihi
2898 2754 3217 2808 persuasum
3248 2748 3333 2793 est
3362 2740 3526 2793 alium

1954 2846 2073 2886 esse
2089 2829 2472 2895 Theophanem
2495 2831 2641 2885 illum
2666 2831 2922 2885 clericum
2947 2830 3014 2884 ab
3036 2829 3290 2898 episcopo
3308 2827 3525 2895 Nostro;

1955 2935 2008 2978 et
2038 2938 2171 2978 sane
2203 2923 2387 2994 pietati
2440 2940 2505 2980 ac
2536 2926 2793 2979 virtutum
2842 2920 3362 2994 perfectissimzeque
3408 2923 3528 2976 vita:

1955 3017 2130 3072 studio
2147 3017 2288 3087 quod
2305 3016 2499 3072 Noster
2535 3018 2620 3072 his
2648 3018 2988 3072 sermonibus
3010 3015 3244 3086 przefcrt,
3275 3017 3528 3085 quodque

1957 3122 2055 3162 nos
2087 3108 2256 3163 fusius
2287 3108 2676 3178 explicabimus
2705 3106 2732 3178 §
2763 3105 2883 3160 Vlll
2914 3114 2968 3160 et
2997 3105 3088 3172 IX,
3113 3105 3310 3175 duplici
3357 3106 3432 3161 illi
3465 3122 3529 3163 ac

1956 3204 2180 3250 versuto
2212 3196 2425 3266 ingenio
2451 3195 2820 3264 voluntatique
2845 3193 3149 3264 decipiendi
3178 3193 3527 3263 Theotihanis

1955 3286 2138 3342 clerici
2192 3296 2512 3358 repugnant.
2562 3286 2688 3341 Haec
2723 3285 2907 3352 habui,
2949 3300 3070 3355 qua:
3122 3285 3317 3356 partim
3364 3287 3530 3342 certis

1958 3388 2260 3448 temporum
2283 3378 2639 3448 argumentis,
2667 3378 2864 3445 partim
2889 3375 3215 3445 coniecturis
3237 3391 3303 3432 ex
3337 3377 3524 3432 iisdem

1955 3471 2290 3539 temporibus
2310 3478 2365 3524 et
2386 3470 2579 3525 studiis
2593 3470 2712 3524 vitae
2731 3470 3031 3540 desumptis
3051 3467 3299 3524 aﬂ‘errem
3322 3468 3388 3524 de
3408 3469 3520 3523 dis-

1956 3564 2215 3619 tinctione
2244 3578 2432 3619 eorum
2454 3563 2546 3632 qui
2578 3560 2929 3631 Theophanis
2968 3561 3190 3617 nomine
3221 3561 3463 3632 insignes
3495 3576 3523 3614 a

1956 3652 2151 3709 Nostro
2179 3652 2379 3708 diversi
2417 3653 2757 3708 existimandi
2793 3660 2940 3708 sunt.
2970 3649 3117 3706 Nihil
3152 3666 3316 3723 porro
3335 3666 3524 3708 eorum

1954 3762 2074 3817 quae
2097 3746 2273 3805 studio
2298 3746 2539 3803 adhibito
2587 3748 2845 3816 comperi,
2876 3747 3077 3801 elatum
3109 3761 3233 3803 esse
3266 3746 3523 3801 lectorem

1953 3836 2118 3899 volui,
2152 3845 2210 3892 ut
2238 3852 2401 3907 quam
2445 3851 2575 3893 sana
2607 3845 2663 3890 et
2698 3838 2904 3907 integra
2950 3837 3054 3892 fide
3103 3836 3219 3892 haec
3258 3836 3525 3908 proferam

1953 3912 2326 3997 conjectanea,
2358 3930 2532 3999 quivis
2568 3929 2853 3999 intelligat.

1956 4089 1983 4162 §
2038 4088 2101 4143 li.
2150 4088 2353 4157 Duplex
2407 4104 2594 4141 nomen
2653 4088 3275 4162 auctoris/comitiatum
3313 4104 3533 4144 :tmum

2004 4194 2039 4203 ο
2410 4172 2690 4228 cognomen
2707 4198 2722 4224 ,
2760 4159 3068 4213 Genaunos.

2027 4293 2257 4349 Distinxi
2296 4294 2557 4349 hactenus
2587 4293 2910 4365 ὁμωνυμίαν
2941 4293 3309 4366 Theophanis,
3337 4295 3389 4349 in
3425 4296 3528 4354 hoe

1952 4387 2294 4457 paragrapho
2334 4386 2439 4441 erit
2471 4387 2601 4459 περὶ
2639 4385 2939 4457 διωνυμίας
2972 4401 3065 4442 seu
3100 4387 3277 4456 potius
3319 4388 3526 4441 πολυω-

1952 4478 2152 4550 νυμῑας
2193 4478 2630 4547 ceitjectandum.
2664 4477 2874 4533 Etenim
2911 4478 3056 4549 quod
3090 4479 3142 4533 in
3180 4478 3363 4534 multis
3403 4481 3526 4535 aliis

1954 4581 2194 4626 veterum
2227 4570 2445 4625 Patrum
2481 4571 2848 4625 monumentis
2882 4572 3163 4637 usuvenit,
3195 4580 3252 4626 ut
3284 4572 3525 4641 pluribus

1952 4663 2208 4732 inscripta
2244 4661 2558 4716 auctoribus
2591 4660 2779 4716 eadem
2817 4662 2882 4715 ad
2919 4672 3163 4730 posteros
3206 4665 3521 4717 transmissa

1952 4756 2082 4821 sint,
2108 4763 2167 4809 ut
2197 4754 2262 4809 de
2293 4754 2635 4809 sermonibus
2668 4752 2886 4807 Eusebii
2921 4753 3206 4819 Emissent,
3232 4763 3279 4807 et
3319 4753 3524 4808 Euche-

1955 4849 2040 4912 rii,
2067 4856 2122 4902 et
2148 4847 2386 4912 Maximi,
2415 4858 2471 4902 et
2497 4847 2790 4907 Ambrosii,
2819 4847 3126 4916 Augustini,
3151 4856 3204 4900 et
3232 4845 3521 4914 Fulgentii,

1952 4943 2296 4994 adverterunt
2326 4938 2423 5008 qui
2460 4939 2512 4992 in
2551 4939 2615 4992 iis
2649 4938 3041 5008 pcrlustrandis
3071 4952 3295 5006 operam
3323 4954 3519 5007 posue-

1952 5041 2106 5087 i‘ttttl;
2145 5031 2441 5101 prtescrtim
2476 5045 2604 5083 vero
2637 5029 3096 5089 eminenti~simus
3130 5046 3313 5084 eorum
3353 5033 3523 5087 lector

1950 5133 2001 5175 et
2035 5138 2229 5177 censor.
2263 5121 2551 5177 cardinalis
2587 5121 2941 5187 Bellarminus
2985 5121 3035 5173 in
3078 5138 3240 5191 opere
3280 5114 3352 5178 De
3385 5127 3523 5178 scri-

1949 5216 2180 5284 ptoribus
2207 5214 2412 5281 coclea,
2439 5215 2509 5268 ita
2539 5226 2590 5267 et
2620 5216 2670 5268 in
2703 5214 2785 5268 liis
2818 5212 3051 5268 homiliis
3083 5230 3215 5284 quas
3244 5218 3432 5273 damus
3469 5221 3519 5271 in

1952 5310 2142 5363 lucem.
2171 5306 2378 5362 Eaedem
2407 5307 2547 5361 enim
2575 5318 2627 5361 et
2650 5306 2983 5374 Theophani,
3010 5318 3062 5361 ct
3088 5306 3516 5377 Gregoriohqnin

1950 5412 2003 5459 et
2033 5402 2277 5470 Philippo
2302 5410 2428 5455 sunt
2452 5399 2718 5453 attributre
2750 5416 2762 5451 :
2796 5414 3023 5469 quorum
3056 5402 3290 5469 priorum
3321 5417 3518 5469 ceguo-

1952 5512 2076 5550 men
2108 5495 2246 5549 idem
2276 5508 2546 5561 unumque
2579 5500 2659 5546 est
2683 5493 2994 5563 Κεραμεύς,
3027 5495 3165 5548 tertii
3200 5494 3517 5566 Κεραμίτης

1950 5585 2092 5655 quod
2128 5598 2432 5653 quanquam
2469 5582 2682 5636 diverso
2716 5582 2885 5644 ﬂexu,
2916 5586 3053 5637 idem
3096 5592 3272 5636 tamen
3312 5599 3515 5652 cogno-

1952 5692 2074 5731 men
2120 5682 2203 5730 est
2243 5689 2434 5738 sensu;
2481 5681 2534 5727 et
2577 5671 2827 5743 Figulum
2870 5672 3059 5727 Latine
3104 5664 3515 5742 interpretatum

1955 5770 2180 5829 dicitur;
2219 5766 2311 5824 sed
2344 5764 2413 5822 de
2444 5766 2546 5822 hoc
2581 5765 2740 5821 tertio
2773 5765 2877 5821 erit
2908 5763 3063 5820 nobis
3096 5779 3274 5821 sermo
3309 5775 3519 5835 postrev
