  <div class='ocr_page' id='page_1' title='image "/cluster/home/n/w/nwhite01/storage/ocr_20150623/132/hvd.32044073502361/059.png"; bbox 0 0 4062 6214; ppageno 0'>
   <div class='ocr_carea' id='block_1_1' title="bbox 514 327 3789 394">
    <p class='ocr_par' dir='ltr' id='par_1_1' title="bbox 514 327 3789 394">
     <span class='ocr_line' id='line_1_1' title="bbox 514 327 3789 394; baseline 0 -1"><span class='ocrx_word' id='word_1_1' title='bbox 514 332 584 393; x_wconf 82' lang='lat'><strong>83</strong></span> <span class='ocrx_word' id='word_1_2' title='bbox 1494 328 1896 390; x_wconf 76' lang='lat' dir='ltr'><strong>FRANCISCI</strong></span> <span class='ocrx_word' id='word_1_3' title='bbox 1935 327 2202 391; x_wconf 84' lang='lat' dir='ltr'><strong>SCORSI</strong></span> <span class='ocrx_word' id='word_1_4' title='bbox 2240 327 2680 393; x_wconf 78' lang='lat' dir='ltr'><strong>PROCEMIUM</strong></span> <span class='ocrx_word' id='word_1_5' title='bbox 2712 330 2796 392; x_wconf 78' lang='lat' dir='ltr'><strong>If.</strong></span> <span class='ocrx_word' id='word_1_6' title='bbox 3711 329 3789 394; x_wconf 69' lang='grc' dir='ltr'>Μ</span> 
     </span>
    </p>
   </div>
   <div class='ocr_carea' id='block_1_2' title="bbox 518 439 2093 511">
    <p class='ocr_par' dir='ltr' id='par_1_2' title="bbox 518 439 2093 511">
     <span class='ocr_line' id='line_1_2' title="bbox 518 439 2093 511; baseline -0.004 -11"><span class='ocrx_word' id='word_1_7' title='bbox 518 461 659 501; x_wconf 87' lang='lat' dir='ltr'><strong>mus.</strong></span> <span class='ocrx_word' id='word_1_8' title='bbox 687 442 835 498; x_wconf 79' lang='lat' dir='ltr'><strong>Nunc</strong></span> <span class='ocrx_word' id='word_1_9' title='bbox 859 443 924 497; x_wconf 86' lang='lat' dir='ltr'><strong>de</strong></span> <span class='ocrx_word' id='word_1_10' title='bbox 943 439 1142 511; x_wconf 82' lang='lat' dir='ltr'><strong>duplici</strong></span> <span class='ocrx_word' id='word_1_11' title='bbox 1166 440 1510 509; x_wconf 81' lang='lat' dir='ltr'><strong>Theophanis</strong></span> <span class='ocrx_word' id='word_1_12' title='bbox 1534 449 1587 494; x_wconf 91' lang='lat' dir='ltr'><strong>et</strong></span> <span class='ocrx_word' id='word_1_13' title='bbox 1607 439 1850 511; x_wconf 90' lang='lat' dir='ltr'><strong>Gregorii</strong></span> <span class='ocrx_word' id='word_1_14' title='bbox 1873 440 2093 495; x_wconf 83' lang='lat' dir='ltr'><strong>nomine</strong></span> 
     </span>
    </p>
   </div>
   <div class='ocr_carea' id='block_1_3' title="bbox 516 531 2093 606">
    <p class='ocr_par' dir='ltr' id='par_1_3' title="bbox 516 531 2093 606">
     <span class='ocr_line' id='line_1_3' title="bbox 516 531 2093 606; baseline -0.005 -14"><span class='ocrx_word' id='word_1_15' title='bbox 516 537 846 606; x_wconf 74' lang='lat' dir='ltr'><strong>exponenda:</strong></span> <span class='ocrx_word' id='word_1_16' title='bbox 879 535 932 588; x_wconf 85' lang='lat' dir='ltr'><strong>ia</strong></span> <span class='ocrx_word' id='word_1_17' title='bbox 965 534 1143 588; x_wconf 89' lang='lat' dir='ltr'><strong>medio</strong></span> <span class='ocrx_word' id='word_1_18' title='bbox 1177 532 1523 602; x_wconf 73' lang='lat' dir='ltr'><strong>cOnjectttrm.</strong></span> <span class='ocrx_word' id='word_1_19' title='bbox 1558 532 1613 585; x_wconf 93' lang='lat' dir='ltr'><strong>ln</strong></span> <span class='ocrx_word' id='word_1_20' title='bbox 1656 531 1898 600; x_wconf 74' lang='lat' dir='ltr'><strong>pluribus</strong></span> <span class='ocrx_word' id='word_1_21' title='bbox 1938 531 2093 585; x_wconf 84' lang='lat' dir='ltr'><strong>nobi-</strong></span> 
     </span>
    </p>
   </div>
   <div class='ocr_carea' id='block_1_4' title="bbox 518 622 2096 694">
    <p class='ocr_par' dir='ltr' id='par_1_4' title="bbox 518 622 2096 694">
     <span class='ocr_line' id='line_1_4' title="bbox 518 622 2096 694; baseline -0.008 -10"><span class='ocrx_word' id='word_1_22' title='bbox 518 629 740 687; x_wconf 81' lang='lat' dir='ltr'><strong>lissimis</strong></span> <span class='ocrx_word' id='word_1_23' title='bbox 768 626 1110 683; x_wconf 76' lang='lat' dir='ltr'><strong>bibliothecis</strong></span> <span class='ocrx_word' id='word_1_24' title='bbox 1139 625 1382 694; x_wconf 69' lang='lat' dir='ltr'><strong>Ettropm,</strong></span> <span class='ocrx_word' id='word_1_25' title='bbox 1406 624 1702 691; x_wconf 78' lang='lat' dir='ltr'><strong>Gallicana,</strong></span> <span class='ocrx_word' id='word_1_26' title='bbox 1729 622 2096 690; x_wconf 78' lang='lat' dir='ltr'><strong>Hispaniensi,</strong></span> 
     </span>
    </p>
   </div>
   <div class='ocr_carea' id='block_1_5' title="bbox 521 715 2099 791">
    <p class='ocr_par' dir='ltr' id='par_1_5' title="bbox 521 715 2099 791">
     <span class='ocr_line' id='line_1_5' title="bbox 521 715 2099 791; baseline -0.004 -17"><span class='ocrx_word' id='word_1_27' title='bbox 521 719 817 791; x_wconf 63' lang='lat' dir='ltr'><strong>praesertim</strong></span> <span class='ocrx_word' id='word_1_28' title='bbox 843 733 972 773; x_wconf 85' lang='lat' dir='ltr'><strong>vero</strong></span> <span class='ocrx_word' id='word_1_29' title='bbox 1000 720 1257 774; x_wconf 70' lang='lat' dir='ltr'><strong>Vaticana</strong></span> <span class='ocrx_word' id='word_1_30' title='bbox 1291 718 1496 774; x_wconf 87' lang='lat' dir='ltr'><strong>duobus</strong></span> <span class='ocrx_word' id='word_1_31' title='bbox 1525 717 1795 772; x_wconf 71' lang='lat' dir='ltr'><strong>distinctis</strong></span> <span class='ocrx_word' id='word_1_32' title='bbox 1821 715 2099 771; x_wconf 74' lang='lat' dir='ltr'><strong>codicibus</strong></span> 
     </span>
    </p>
   </div>
   <div class='ocr_carea' id='block_1_6' title="bbox 518 806 2096 877">
    <p class='ocr_par' dir='ltr' id='par_1_6' title="bbox 518 806 2096 877">
     <span class='ocr_line' id='line_1_6' title="bbox 518 806 2096 877; baseline -0.006 -9"><span class='ocrx_word' id='word_1_33' title='bbox 518 817 571 869; x_wconf 90' lang='lat' dir='ltr'><strong>in</strong></span> <span class='ocrx_word' id='word_1_34' title='bbox 623 827 754 869; x_wconf 85' lang='lat' dir='ltr'><strong>mss.</strong></span> <span class='ocrx_word' id='word_1_35' title='bbox 798 812 998 868; x_wconf 70' lang='lat' dir='ltr'><strong>eaedem</strong></span> <span class='ocrx_word' id='word_1_36' title='bbox 1047 821 1103 865; x_wconf 88' lang='lat' dir='ltr'><strong>et</strong></span> <span class='ocrx_word' id='word_1_37' title='bbox 1151 821 1403 866; x_wconf 80' lang='lat' dir='ltr'><strong>contextu</strong></span> <span class='ocrx_word' id='word_1_38' title='bbox 1455 820 1507 866; x_wconf 91' lang='lat' dir='ltr'><strong>et</strong></span> <span class='ocrx_word' id='word_1_39' title='bbox 1556 823 1782 864; x_wconf 89' lang='lat' dir='ltr'><strong>numero</strong></span> <span class='ocrx_word' id='word_1_40' title='bbox 1824 809 1935 862; x_wconf 85' lang='lat' dir='ltr'><strong>fere</strong></span> <span class='ocrx_word' id='word_1_41' title='bbox 1982 806 2096 877; x_wconf 91' lang='lat' dir='ltr'><strong>pari</strong></span> 
     </span>
    </p>
   </div>
   <div class='ocr_carea' id='block_1_7' title="bbox 521 895 2096 971">
    <p class='ocr_par' dir='ltr' id='par_1_7' title="bbox 521 895 2096 971">
     <span class='ocr_line' id='line_1_7' title="bbox 521 895 2096 971; baseline -0.008 -10"><span class='ocrx_word' id='word_1_42' title='bbox 521 904 756 963; x_wconf 66' lang='lat' dir='ltr'><strong>homilia:</strong></span> <span class='ocrx_word' id='word_1_43' title='bbox 804 906 855 961; x_wconf 88' lang='lat' dir='ltr'><strong>in</strong></span> <span class='ocrx_word' id='word_1_44' title='bbox 905 905 1079 959; x_wconf 85' lang='lat' dir='ltr'><strong>altero</strong></span> <span class='ocrx_word' id='word_1_45' title='bbox 1118 904 1498 971; x_wconf 79' lang='lat' dir='ltr'><strong>Theophanis,</strong></span> <span class='ocrx_word' id='word_1_46' title='bbox 1534 902 1587 955; x_wconf 93' lang='lat' dir='ltr'><strong>in</strong></span> <span class='ocrx_word' id='word_1_47' title='bbox 1637 899 1807 954; x_wconf 89' lang='lat' dir='ltr'><strong>altero</strong></span> <span class='ocrx_word' id='word_1_48' title='bbox 1850 895 2096 968; x_wconf 79' lang='lat' dir='ltr'><strong>Gregorii</strong></span> 
     </span>
    </p>
   </div>
   <div class='ocr_carea' id='block_1_8' title="bbox 521 991 2096 1068">
    <p class='ocr_par' dir='ltr' id='par_1_8' title="bbox 521 991 2096 1068">
     <span class='ocr_line' id='line_1_8' title="bbox 521 991 2096 1068; baseline -0.004 -19"><span class='ocrx_word' id='word_1_49' title='bbox 521 999 893 1068; x_wconf 66' lang='lat' dir='ltr'><strong>praescriptum</strong></span> <span class='ocrx_word' id='word_1_50' title='bbox 937 995 1230 1067; x_wconf 82' lang='lat' dir='ltr'><strong>pra-ferunt</strong></span> <span class='ocrx_word' id='word_1_51' title='bbox 1269 1009 1488 1049; x_wconf 83' lang='lat' dir='ltr'><strong>nomen.</strong></span> <span class='ocrx_word' id='word_1_52' title='bbox 1520 993 1625 1048; x_wconf 90' lang='lat' dir='ltr'><strong>Sed</strong></span> <span class='ocrx_word' id='word_1_53' title='bbox 1661 994 1711 1046; x_wconf 92' lang='lat' dir='ltr'><strong>in</strong></span> <span class='ocrx_word' id='word_1_54' title='bbox 1748 993 1851 1047; x_wconf 89' lang='lat' dir='ltr'><strong>hac</strong></span> <span class='ocrx_word' id='word_1_55' title='bbox 1884 991 2096 1044; x_wconf 87' lang='lat' dir='ltr'><strong>dissen-</strong></span> 
     </span>
    </p>
   </div>
   <div class='ocr_carea' id='block_1_9' title="bbox 519 1083 2101 1155">
    <p class='ocr_par' dir='ltr' id='par_1_9' title="bbox 519 1083 2101 1155">
     <span class='ocr_line' id='line_1_9' title="bbox 519 1083 2101 1155; baseline -0.009 -7"><span class='ocrx_word' id='word_1_56' title='bbox 519 1092 673 1148; x_wconf 84' lang='lat' dir='ltr'><strong>sione</strong></span> <span class='ocrx_word' id='word_1_57' title='bbox 718 1089 849 1145; x_wconf 91' lang='lat' dir='ltr'><strong>illud</strong></span> <span class='ocrx_word' id='word_1_58' title='bbox 898 1089 1060 1143; x_wconf 87' lang='lat' dir='ltr'><strong>modo</strong></span> <span class='ocrx_word' id='word_1_59' title='bbox 1104 1087 1388 1153; x_wconf 77' lang='lat' dir='ltr'><strong>convenit,</strong></span> <span class='ocrx_word' id='word_1_60' title='bbox 1421 1083 1561 1155; x_wconf 89' lang='lat' dir='ltr'><strong>quod</strong></span> <span class='ocrx_word' id='word_1_61' title='bbox 1613 1094 1665 1139; x_wconf 89' lang='lat' dir='ltr'><strong>et</strong></span> <span class='ocrx_word' id='word_1_62' title='bbox 1710 1084 2006 1137; x_wconf 84' lang='lat' dir='ltr'><strong>Cerameus</strong></span> <span class='ocrx_word' id='word_1_63' title='bbox 2045 1090 2101 1134; x_wconf 87' lang='lat' dir='ltr'><strong>et</strong></span> 
     </span>
    </p>
   </div>
   <div class='ocr_carea' id='block_1_10' title="bbox 519 1172 2100 1251">
    <p class='ocr_par' dir='ltr' id='par_1_10' title="bbox 519 1172 2100 1251">
     <span class='ocr_line' id='line_1_10' title="bbox 519 1172 2100 1251; baseline -0.009 -15"><span class='ocrx_word' id='word_1_64' title='bbox 519 1181 961 1251; x_wconf 87' lang='lat' dir='ltr'><strong>archiepiscopus</strong></span> <span class='ocrx_word' id='word_1_65' title='bbox 983 1178 1471 1234; x_wconf 83' lang='lat' dir='ltr'><strong>Tanromenitanus</strong></span> <span class='ocrx_word' id='word_1_66' title='bbox 1502 1177 1653 1245; x_wconf 86' lang='lat' dir='ltr'><strong>isque</strong></span> <span class='ocrx_word' id='word_1_67' title='bbox 1683 1172 2023 1243; x_wconf 68' lang='grc' dir='ltr'><strong>σοφώτατος,</strong></span> <span class='ocrx_word' id='word_1_68' title='bbox 2044 1177 2100 1223; x_wconf 89' lang='lat' dir='ltr'><strong>et</strong></span> 
     </span>
    </p>
   </div>
   <div class='ocr_carea' id='block_1_11' title="bbox 523 1264 2100 1347">
    <p class='ocr_par' dir='ltr' id='par_1_11' title="bbox 523 1264 2100 1347">
     <span class='ocr_line' id='line_1_11' title="bbox 523 1264 2100 1347; baseline -0.008 -19"><span class='ocrx_word' id='word_1_69' title='bbox 523 1272 996 1347; x_wconf 72' lang='grc' dir='ltr'><strong>ῥητορικώτατος,</strong></span> <span class='ocrx_word' id='word_1_70' title='bbox 1024 1271 1439 1340; x_wconf 77' lang='lat' dir='ltr'><strong>sapientissimus</strong></span> <span class='ocrx_word' id='word_1_71' title='bbox 1481 1269 1734 1325; x_wconf 90' lang='lat' dir='ltr'><strong>nimirum</strong></span> <span class='ocrx_word' id='word_1_72' title='bbox 1768 1276 1822 1320; x_wconf 89' lang='lat' dir='ltr'><strong>et</strong></span> <span class='ocrx_word' id='word_1_73' title='bbox 1850 1264 2100 1334; x_wconf 81' lang='lat' dir='ltr'><strong>eloquen-</strong></span> 
     </span>
    </p>
   </div>
   <div class='ocr_carea' id='block_1_12' title="bbox 519 1355 2097 1430">
    <p class='ocr_par' dir='ltr' id='par_1_12' title="bbox 519 1355 2097 1430">
     <span class='ocr_line' id='line_1_12' title="bbox 519 1355 2097 1430; baseline -0.008 -10"><span class='ocrx_word' id='word_1_74' title='bbox 519 1368 755 1423; x_wconf 69' lang='lat' dir='ltr'><strong>tissimus</strong></span> <span class='ocrx_word' id='word_1_75' title='bbox 792 1366 1127 1421; x_wconf 76' lang='lat' dir='ltr'><strong>inscribitur.</strong></span> <span class='ocrx_word' id='word_1_76' title='bbox 1162 1363 1316 1419; x_wconf 84' lang='lat' dir='ltr'><strong>Unde</strong></span> <span class='ocrx_word' id='word_1_77' title='bbox 1350 1370 1444 1418; x_wconf 89' lang='lat' dir='ltr'><strong>aut</strong></span> <span class='ocrx_word' id='word_1_78' title='bbox 1474 1361 1608 1417; x_wconf 89' lang='lat' dir='ltr'><strong>duos</strong></span> <span class='ocrx_word' id='word_1_79' title='bbox 1643 1360 1923 1430; x_wconf 84' lang='lat' dir='ltr'><strong>episcopos</strong></span> <span class='ocrx_word' id='word_1_80' title='bbox 1951 1355 2097 1409; x_wconf 87' lang='lat' dir='ltr'><strong>Tau-</strong></span> 
     </span>
    </p>
   </div>
   <div class='ocr_carea' id='block_1_13' title="bbox 521 1448 2099 1525">
    <p class='ocr_par' dir='ltr' id='par_1_13' title="bbox 521 1448 2099 1525">
     <span class='ocr_line' id='line_1_13' title="bbox 521 1448 2099 1525; baseline -0.01 -11"><span class='ocrx_word' id='word_1_81' title='bbox 521 1459 749 1515; x_wconf 88' lang='lat' dir='ltr'><strong>romenii</strong></span> <span class='ocrx_word' id='word_1_82' title='bbox 773 1458 961 1513; x_wconf 89' lang='lat' dir='ltr'><strong>eodem</strong></span> <span class='ocrx_word' id='word_1_83' title='bbox 990 1455 1314 1525; x_wconf 80' lang='lat' dir='ltr'><strong>cognomine</strong></span> <span class='ocrx_word' id='word_1_84' title='bbox 1338 1451 1583 1519; x_wconf 76' lang='lat' dir='ltr'><strong>affectos,</strong></span> <span class='ocrx_word' id='word_1_85' title='bbox 1607 1453 1794 1507; x_wconf 88' lang='lat' dir='ltr'><strong>eadem</strong></span> <span class='ocrx_word' id='word_1_86' title='bbox 1818 1448 2099 1518; x_wconf 71' lang='lat' dir='ltr'><strong>sapientiae</strong></span> 
     </span>
    </p>
   </div>
   <div class='ocr_carea' id='block_1_14' title="bbox 519 1545 2096 1621">
    <p class='ocr_par' dir='ltr' id='par_1_14' title="bbox 519 1545 2096 1621">
     <span class='ocr_line' id='line_1_14' title="bbox 519 1545 2096 1621; baseline -0.009 -14"><span class='ocrx_word' id='word_1_87' title='bbox 519 1563 574 1607; x_wconf 90' lang='lat' dir='ltr'><strong>et</strong></span> <span class='ocrx_word' id='word_1_88' title='bbox 597 1551 917 1621; x_wconf 69' lang='lat' dir='ltr'><strong>eloquentia:</strong></span> <span class='ocrx_word' id='word_1_89' title='bbox 948 1549 1106 1605; x_wconf 88' lang='lat' dir='ltr'><strong>laude</strong></span> <span class='ocrx_word' id='word_1_90' title='bbox 1136 1548 1375 1617; x_wconf 79' lang='lat' dir='ltr'><strong>insignes</strong></span> <span class='ocrx_word' id='word_1_91' title='bbox 1402 1545 1667 1616; x_wconf 91' lang='lat' dir='ltr'><strong>suspicari</strong></span> <span class='ocrx_word' id='word_1_92' title='bbox 1696 1545 1845 1606; x_wconf 88' lang='lat' dir='ltr'><strong>licet,</strong></span> <span class='ocrx_word' id='word_1_93' title='bbox 1870 1556 2096 1612; x_wconf 90' lang='lat' dir='ltr'><strong>quorum</strong></span> 
     </span>
    </p>
   </div>
   <div class='ocr_carea' id='block_1_15' title="bbox 518 1631 2101 1706">
    <p class='ocr_par' dir='ltr' id='par_1_15' title="bbox 518 1631 2101 1706">
     <span class='ocr_line' id='line_1_15' title="bbox 518 1631 2101 1706; baseline -0.009 -8"><span class='ocrx_word' id='word_1_94' title='bbox 518 1642 767 1699; x_wconf 72' lang='lat' dir='ltr'><strong>fortassis</strong></span> <span class='ocrx_word' id='word_1_95' title='bbox 807 1642 944 1696; x_wconf 85' lang='lat' dir='ltr'><strong>alter</strong></span> <span class='ocrx_word' id='word_1_96' title='bbox 984 1642 1052 1697; x_wconf 85' lang='lat' dir='ltr'><strong>ab</strong></span> <span class='ocrx_word' id='word_1_97' title='bbox 1097 1641 1270 1696; x_wconf 87' lang='lat' dir='ltr'><strong>altero</strong></span> <span class='ocrx_word' id='word_1_98' title='bbox 1312 1638 1561 1696; x_wconf 86' lang='lat' dir='ltr'><strong>homilias</strong></span> <span class='ocrx_word' id='word_1_99' title='bbox 1607 1634 1986 1706; x_wconf 82' lang='lat' dir='ltr'><strong>exscripserit,</strong></span> <span class='ocrx_word' id='word_1_100' title='bbox 2014 1631 2101 1686; x_wconf 91' lang='lat' dir='ltr'><strong>vel</strong></span> 
     </span>
    </p>
   </div>
   <div class='ocr_carea' id='block_1_16' title="bbox 520 1728 2103 1805">
    <p class='ocr_par' dir='ltr' id='par_1_16' title="bbox 520 1728 2103 1805">
     <span class='ocr_line' id='line_1_16' title="bbox 520 1728 2103 1805; baseline -0.005 -18"><span class='ocrx_word' id='word_1_101' title='bbox 520 1737 649 1805; x_wconf 82' lang='lat' dir='ltr'><strong>quid</strong></span> <span class='ocrx_word' id='word_1_102' title='bbox 698 1735 841 1791; x_wconf 88' lang='lat' dir='ltr'><strong>aliud</strong></span> <span class='ocrx_word' id='word_1_103' title='bbox 885 1735 1088 1791; x_wconf 87' lang='lat' dir='ltr'><strong>certius</strong></span> <span class='ocrx_word' id='word_1_104' title='bbox 1132 1748 1163 1789; x_wconf 85' lang='lat' dir='ltr'><strong>a</strong></span> <span class='ocrx_word' id='word_1_105' title='bbox 1211 1749 1296 1789; x_wconf 90' lang='lat' dir='ltr'><strong>me</strong></span> <span class='ocrx_word' id='word_1_106' title='bbox 1332 1743 1417 1789; x_wconf 88' lang='lat' dir='ltr'><strong>est</strong></span> <span class='ocrx_word' id='word_1_107' title='bbox 1462 1731 1813 1787; x_wconf 72' lang='lat' dir='ltr'><strong>afferendum.</strong></span> <span class='ocrx_word' id='word_1_108' title='bbox 1864 1728 1928 1782; x_wconf 81' lang='lat' dir='ltr'><strong>Et</strong></span> <span class='ocrx_word' id='word_1_109' title='bbox 1970 1739 2103 1783; x_wconf 85' lang='lat' dir='ltr'><strong>sane</strong></span> 
     </span>
    </p>
   </div>
   <div class='ocr_carea' id='block_1_17' title="bbox 521 1820 2100 1883">
    <p class='ocr_par' dir='ltr' id='par_1_17' title="bbox 521 1820 2100 1883">
     <span class='ocr_line' id='line_1_17' title="bbox 521 1820 2100 1883; baseline -0.006 -2"><span class='ocrx_word' id='word_1_110' title='bbox 521 1828 651 1883; x_wconf 88' lang='lat' dir='ltr'><strong>illud</strong></span> <span class='ocrx_word' id='word_1_111' title='bbox 704 1828 774 1882; x_wconf 88' lang='lat' dir='ltr'><strong>ita</strong></span> <span class='ocrx_word' id='word_1_112' title='bbox 824 1826 1103 1882; x_wconf 82' lang='lat' dir='ltr'><strong>censuisse</strong></span> <span class='ocrx_word' id='word_1_113' title='bbox 1154 1825 1273 1881; x_wconf 80' lang='lat' dir='ltr'><strong>vide</strong></span> <span class='ocrx_word' id='word_1_114' title='bbox 1322 1825 1386 1880; x_wconf 82' lang='grc' dir='ltr'><strong>Ρ.</strong></span> <span class='ocrx_word' id='word_1_115' title='bbox 1458 1824 1742 1881; x_wconf 87' lang='lat' dir='ltr'><strong>Octavium</strong></span> <span class='ocrx_word' id='word_1_116' title='bbox 1804 1820 2100 1875; x_wconf 83' lang='lat' dir='ltr'><strong>Gaetanum</strong></span> 
     </span>
    </p>
   </div>
   <div class='ocr_carea' id='block_1_18' title="bbox 525 1912 2103 1989">
    <p class='ocr_par' dir='ltr' id='par_1_18' title="bbox 525 1912 2103 1989">
     <span class='ocr_line' id='line_1_18' title="bbox 525 1912 2103 1989; baseline -0.009 -14"><span class='ocrx_word' id='word_1_117' title='bbox 525 1933 637 1976; x_wconf 89' lang='lat' dir='ltr'><strong>tum</strong></span> <span class='ocrx_word' id='word_1_118' title='bbox 696 1920 747 1974; x_wconf 91' lang='lat' dir='ltr'><strong>in</strong></span> <span class='ocrx_word' id='word_1_119' title='bbox 808 1919 933 1975; x_wconf 88' lang='lat' dir='ltr'><strong>Idea</strong></span> <span class='ocrx_word' id='word_1_120' title='bbox 991 1919 1201 1989; x_wconf 89' lang='lat' dir='ltr'><strong>operis,</strong></span> <span class='ocrx_word' id='word_1_121' title='bbox 1256 1916 1416 1988; x_wconf 80' lang='lat' dir='ltr'><strong>qham</strong></span> <span class='ocrx_word' id='word_1_122' title='bbox 1476 1926 1730 1985; x_wconf 86' lang='lat' dir='ltr'><strong>tanquam</strong></span> <span class='ocrx_word' id='word_1_123' title='bbox 1795 1912 2103 1982; x_wconf 82' lang='grc' dir='ltr'>πρόδρομον</span> 
     </span>
    </p>
   </div>
   <div class='ocr_carea' id='block_1_19' title="bbox 521 2006 2103 2085">
    <p class='ocr_par' dir='ltr' id='par_1_19' title="bbox 521 2006 2103 2085">
     <span class='ocr_line' id='line_1_19' title="bbox 521 2006 2103 2085; baseline -0.008 -16"><span class='ocrx_word' id='word_1_124' title='bbox 521 2013 786 2085; x_wconf 74' lang='lat' dir='ltr'><strong>prannisit</strong></span> <span class='ocrx_word' id='word_1_125' title='bbox 834 2012 886 2066; x_wconf 91' lang='lat' dir='ltr'><strong>in</strong></span> <span class='ocrx_word' id='word_1_126' title='bbox 916 2013 1157 2080; x_wconf 47' lang='lat' dir='ltr'><strong>-lucem,</strong></span> <span class='ocrx_word' id='word_1_127' title='bbox 1214 2020 1326 2066; x_wconf 91' lang='lat' dir='ltr'><strong>tum</strong></span> <span class='ocrx_word' id='word_1_128' title='bbox 1384 2011 1439 2065; x_wconf 90' lang='lat' dir='ltr'><strong>in</strong></span> <span class='ocrx_word' id='word_1_129' title='bbox 1492 2009 1615 2064; x_wconf 88' lang='lat' dir='ltr'><strong>aliis</strong></span> <span class='ocrx_word' id='word_1_130' title='bbox 1664 2006 1917 2071; x_wconf 86' lang='lat' dir='ltr'><strong>sehedis,</strong></span> <span class='ocrx_word' id='word_1_131' title='bbox 1966 2017 2103 2073; x_wconf 86' lang='lat' dir='ltr'><strong>quas</strong></span> 
     </span>
    </p>
   </div>
   <div class='ocr_carea' id='block_1_20' title="bbox 522 2097 2104 2176">
    <p class='ocr_par' dir='ltr' id='par_1_20' title="bbox 522 2097 2104 2176">
     <span class='ocr_line' id='line_1_20' title="bbox 522 2097 2104 2176; baseline -0.007 -15"><span class='ocrx_word' id='word_1_132' title='bbox 522 2121 657 2162; x_wconf 85' lang='lat' dir='ltr'><strong>mss.</strong></span> <span class='ocrx_word' id='word_1_133' title='bbox 705 2105 950 2176; x_wconf 88' lang='lat' dir='ltr'><strong>reliquit;</strong></span> <span class='ocrx_word' id='word_1_134' title='bbox 1005 2104 1146 2159; x_wconf 89' lang='lat' dir='ltr'><strong>idem</strong></span> <span class='ocrx_word' id='word_1_135' title='bbox 1197 2106 1341 2161; x_wconf 90' lang='lat' dir='ltr'><strong>dom.</strong></span> <span class='ocrx_word' id='word_1_136' title='bbox 1383 2103 1633 2159; x_wconf 76' lang='lat' dir='ltr'><strong>Bocchus</strong></span> <span class='ocrx_word' id='word_1_137' title='bbox 1681 2101 1898 2163; x_wconf 79' lang='lat' dir='ltr'><strong>Pirrns,</strong></span> <span class='ocrx_word' id='word_1_138' title='bbox 1935 2097 2104 2152; x_wconf 83' lang='lat' dir='ltr'><strong>abbas</strong></span> 
     </span>
    </p>
   </div>
   <div class='ocr_carea' id='block_1_21' title="bbox 522 2188 2102 2267">
    <p class='ocr_par' dir='ltr' id='par_1_21' title="bbox 522 2188 2102 2267">
     <span class='ocr_line' id='line_1_21' title="bbox 522 2188 2102 2267; baseline -0.009 -12"><span class='ocrx_word' id='word_1_139' title='bbox 522 2199 772 2265; x_wconf 75' lang='lat' dir='ltr'><strong>Netinns,</strong></span> <span class='ocrx_word' id='word_1_140' title='bbox 799 2199 865 2252; x_wconf 89' lang='lat' dir='ltr'><strong>de</strong></span> <span class='ocrx_word' id='word_1_141' title='bbox 895 2211 1002 2267; x_wconf 89' lang='lat' dir='ltr'><strong>quo</strong></span> <span class='ocrx_word' id='word_1_142' title='bbox 1030 2210 1190 2267; x_wconf 88' lang='lat' dir='ltr'><strong>supra</strong></span> <span class='ocrx_word' id='word_1_143' title='bbox 1224 2210 1366 2265; x_wconf 74' lang='lat' dir='ltr'><strong>saepe</strong></span> <span class='ocrx_word' id='word_1_144' title='bbox 1395 2195 1763 2257; x_wconf 88' lang='lat' dir='ltr'><strong>meminimus,</strong></span> <span class='ocrx_word' id='word_1_145' title='bbox 1795 2191 1848 2246; x_wconf 91' lang='lat' dir='ltr'><strong>in</strong></span> <span class='ocrx_word' id='word_1_146' title='bbox 1887 2188 2102 2244; x_wconf 86' lang='lat' dir='ltr'><strong>Notitia</strong></span> 
     </span>
    </p>
   </div>
   <div class='ocr_carea' id='block_1_22' title="bbox 524 2282 2101 2357">
    <p class='ocr_par' dir='ltr' id='par_1_22' title="bbox 524 2282 2101 2357">
     <span class='ocr_line' id='line_1_22' title="bbox 524 2282 2101 2357; baseline -0.009 -9"><span class='ocrx_word' id='word_1_147' title='bbox 524 2292 781 2348; x_wconf 79' lang='lat' dir='ltr'><strong>Ecclesia:</strong></span> <span class='ocrx_word' id='word_1_148' title='bbox 817 2291 1303 2354; x_wconf 67' lang='lat' dir='ltr'><strong>Tauromenitana,</strong></span> <span class='ocrx_word' id='word_1_149' title='bbox 1336 2288 1389 2343; x_wconf 90' lang='lat' dir='ltr'><strong>in</strong></span> <span class='ocrx_word' id='word_1_150' title='bbox 1426 2302 1530 2357; x_wconf 91' lang='lat' dir='ltr'><strong>qua</strong></span> <span class='ocrx_word' id='word_1_151' title='bbox 1566 2294 1687 2356; x_wconf 87' lang='lat' dir='ltr'><strong>post</strong></span> <span class='ocrx_word' id='word_1_152' title='bbox 1719 2282 2101 2353; x_wconf 85' lang='lat' dir='ltr'><strong>Theophanem</strong></span> 
     </span>
    </p>
   </div>
   <div class='ocr_carea' id='block_1_23' title="bbox 525 2374 2104 2453">
    <p class='ocr_par' dir='ltr' id='par_1_23' title="bbox 525 2374 2104 2453">
     <span class='ocr_line' id='line_1_23' title="bbox 525 2374 2104 2453; baseline -0.008 -14"><span class='ocrx_word' id='word_1_153' title='bbox 525 2393 781 2441; x_wconf 90' lang='lat' dir='ltr'><strong>accenset</strong></span> <span class='ocrx_word' id='word_1_154' title='bbox 828 2382 1149 2453; x_wconf 77' lang='lat' dir='ltr'><strong>Gregorium</strong></span> <span class='ocrx_word' id='word_1_155' title='bbox 1206 2380 1559 2443; x_wconf 86' lang='lat' dir='ltr'><strong>Cerameum;</strong></span> <span class='ocrx_word' id='word_1_156' title='bbox 1625 2378 1766 2431; x_wconf 90' lang='lat' dir='ltr'><strong>idem</strong></span> <span class='ocrx_word' id='word_1_157' title='bbox 1825 2384 1951 2429; x_wconf 88' lang='lat' dir='ltr'><strong>ante</strong></span> <span class='ocrx_word' id='word_1_158' title='bbox 2005 2374 2104 2428; x_wconf 88' lang='lat' dir='ltr'><strong>hos</strong></span> 
     </span>
    </p>
   </div>
   <div class='ocr_carea' id='block_1_24' title="bbox 524 2466 2101 2540">
    <p class='ocr_par' dir='ltr' id='par_1_24' title="bbox 524 2466 2101 2540">
     <span class='ocr_line' id='line_1_24' title="bbox 524 2466 2101 2540; baseline -0.01 -10"><span class='ocrx_word' id='word_1_159' title='bbox 524 2492 712 2532; x_wconf 88' lang='lat' dir='ltr'><strong>omnes</strong></span> <span class='ocrx_word' id='word_1_160' title='bbox 732 2476 998 2530; x_wconf 78' lang='lat' dir='ltr'><strong>Antonius</strong></span> <span class='ocrx_word' id='word_1_161' title='bbox 1022 2473 1367 2537; x_wconf 85' lang='lat' dir='ltr'><strong>Possevinus,</strong></span> <span class='ocrx_word' id='word_1_162' title='bbox 1386 2471 1475 2540; x_wconf 92' lang='lat' dir='ltr'><strong>qui</strong></span> <span class='ocrx_word' id='word_1_163' title='bbox 1505 2470 1555 2524; x_wconf 92' lang='lat' dir='ltr'><strong>in</strong></span> <span class='ocrx_word' id='word_1_164' title='bbox 1581 2469 1756 2522; x_wconf 86' lang='lat' dir='ltr'><strong>indice</strong></span> <span class='ocrx_word' id='word_1_165' title='bbox 1779 2466 2101 2535; x_wconf 89' lang='lat' dir='ltr'><strong>scriptorum</strong></span> 
     </span>
    </p>
   </div>
   <div class='ocr_carea' id='block_1_25' title="bbox 525 2557 2100 2638">
    <p class='ocr_par' dir='ltr' id='par_1_25' title="bbox 525 2557 2100 2638">
     <span class='ocr_line' id='line_1_25' title="bbox 525 2557 2100 2638; baseline -0.01 -15"><span class='ocrx_word' id='word_1_166' title='bbox 525 2569 648 2625; x_wconf 86' lang='lat' dir='ltr'><strong>libri</strong></span> <span class='ocrx_word' id='word_1_167' title='bbox 684 2569 774 2638; x_wconf 90' lang='lat' dir='ltr'><strong>qui</strong></span> <span class='ocrx_word' id='word_1_168' title='bbox 812 2566 1125 2623; x_wconf 89' lang='lat' dir='ltr'><strong>inscribitur</strong></span> <span class='ocrx_word' id='word_1_169' title='bbox 1161 2566 1462 2635; x_wconf 71' lang='lat' dir='ltr'><strong>Apparatus</strong></span> <span class='ocrx_word' id='word_1_170' title='bbox 1495 2579 1665 2624; x_wconf 84' lang='lat' dir='ltr'><strong>sacer,</strong></span> <span class='ocrx_word' id='word_1_171' title='bbox 1700 2559 1861 2615; x_wconf 90' lang='lat' dir='ltr'><strong>alium</strong></span> <span class='ocrx_word' id='word_1_172' title='bbox 1891 2557 2100 2627; x_wconf 85' lang='lat' dir='ltr'><strong>Grego-</strong></span> 
     </span>
    </p>
   </div>
   <div class='ocr_carea' id='block_1_26' title="bbox 524 2654 2102 2725">
    <p class='ocr_par' dir='ltr' id='par_1_26' title="bbox 524 2654 2102 2725">
     <span class='ocr_line' id='line_1_26' title="bbox 524 2654 2102 2725; baseline -0.009 -10"><span class='ocrx_word' id='word_1_173' title='bbox 524 2661 686 2724; x_wconf 87' lang='lat' dir='ltr'><strong>rium,</strong></span> <span class='ocrx_word' id='word_1_174' title='bbox 715 2659 877 2713; x_wconf 86' lang='lat' dir='ltr'><strong>alium</strong></span> <span class='ocrx_word' id='word_1_175' title='bbox 906 2657 1290 2725; x_wconf 82' lang='lat' dir='ltr'><strong>TheOphanem</strong></span> <span class='ocrx_word' id='word_1_176' title='bbox 1318 2654 1609 2710; x_wconf 70' lang='lat' dir='ltr'><strong>(lerantcos</strong></span> <span class='ocrx_word' id='word_1_177' title='bbox 1635 2660 1891 2721; x_wconf 87' lang='lat' dir='ltr'><strong>utrosque</strong></span> <span class='ocrx_word' id='word_1_178' title='bbox 1917 2657 2102 2702; x_wconf 84' lang='lat' dir='ltr'><strong>aucto-</strong></span> 
     </span>
    </p>
   </div>
   <div class='ocr_carea' id='block_1_27' title="bbox 525 2740 2104 2815">
    <p class='ocr_par' dir='ltr' id='par_1_27' title="bbox 525 2740 2104 2815">
     <span class='ocr_line' id='line_1_27' title="bbox 525 2740 2104 2815; baseline -0.009 -8"><span class='ocrx_word' id='word_1_179' title='bbox 525 2766 613 2806; x_wconf 88' lang='lat' dir='ltr'><strong>res</strong></span> <span class='ocrx_word' id='word_1_180' title='bbox 670 2749 1015 2806; x_wconf 89' lang='lat' dir='ltr'><strong>homiliarum</strong></span> <span class='ocrx_word' id='word_1_181' title='bbox 1072 2748 1220 2802; x_wconf 84' lang='lat' dir='ltr'><strong>facit.</strong></span> <span class='ocrx_word' id='word_1_182' title='bbox 1268 2747 1375 2800; x_wconf 88' lang='lat' dir='ltr'><strong>Sed</strong></span> <span class='ocrx_word' id='word_1_183' title='bbox 1427 2746 1668 2815; x_wconf 89' lang='lat' dir='ltr'><strong>profecto</strong></span> <span class='ocrx_word' id='word_1_184' title='bbox 1714 2744 1799 2799; x_wconf 89' lang='lat' dir='ltr'><strong>his</strong></span> <span class='ocrx_word' id='word_1_185' title='bbox 1852 2740 2104 2796; x_wconf 86' lang='lat' dir='ltr'><strong>omnibus</strong></span> 
     </span>
    </p>
   </div>
   <div class='ocr_carea' id='block_1_28' title="bbox 524 2836 2105 2913">
    <p class='ocr_par' dir='ltr' id='par_1_28' title="bbox 524 2836 2105 2913">
     <span class='ocr_line' id='line_1_28' title="bbox 524 2836 2105 2913; baseline -0.009 -14"><span class='ocrx_word' id='word_1_186' title='bbox 524 2842 913 2913; x_wconf 81' lang='lat' dir='ltr'><strong>scriptoribus,</strong></span> <span class='ocrx_word' id='word_1_187' title='bbox 948 2840 1132 2910; x_wconf 86' lang='lat' dir='ltr'><strong>quiin</strong></span> <span class='ocrx_word' id='word_1_188' title='bbox 1173 2852 1336 2907; x_wconf 89' lang='lat' dir='ltr'><strong>opere</strong></span> <span class='ocrx_word' id='word_1_189' title='bbox 1378 2851 1475 2892; x_wconf 91' lang='lat' dir='ltr'><strong>suo</strong></span> <span class='ocrx_word' id='word_1_190' title='bbox 1515 2836 1725 2893; x_wconf 85' lang='lat' dir='ltr'><strong>edendo</strong></span> <span class='ocrx_word' id='word_1_191' title='bbox 1756 2843 1976 2887; x_wconf 87' lang='lat' dir='ltr'><strong>strenue</strong></span> <span class='ocrx_word' id='word_1_192' title='bbox 2006 2844 2105 2900; x_wconf 91' lang='lat' dir='ltr'><strong>pro</strong></span> 
     </span>
    </p>
   </div>
   <div class='ocr_carea' id='block_1_29' title="bbox 527 2926 2101 3003">
    <p class='ocr_par' dir='ltr' id='par_1_29' title="bbox 527 2926 2101 3003">
     <span class='ocr_line' id='line_1_29' title="bbox 527 2926 2101 3003; baseline -0.009 -12"><span class='ocrx_word' id='word_1_193' title='bbox 527 2950 588 2991; x_wconf 83' lang='lat' dir='ltr'><strong>se</strong></span> <span class='ocrx_word' id='word_1_194' title='bbox 625 2934 853 3003; x_wconf 85' lang='lat' dir='ltr'><strong>quisque</strong></span> <span class='ocrx_word' id='word_1_195' title='bbox 896 2931 1268 2996; x_wconf 84' lang='lat' dir='ltr'><strong>elaborarunt,</strong></span> <span class='ocrx_word' id='word_1_196' title='bbox 1300 2930 1417 2984; x_wconf 87' lang='lat' dir='ltr'><strong>laus</strong></span> <span class='ocrx_word' id='word_1_197' title='bbox 1457 2937 1542 2984; x_wconf 88' lang='lat' dir='ltr'><strong>est</strong></span> <span class='ocrx_word' id='word_1_198' title='bbox 1579 2941 1773 2998; x_wconf 84' lang='lat' dir='ltr'><strong>magna</strong></span> <span class='ocrx_word' id='word_1_199' title='bbox 1817 2926 2101 2981; x_wconf 88' lang='lat' dir='ltr'><strong>tribuenda</strong></span> 
     </span>
    </p>
   </div>
   <div class='ocr_carea' id='block_1_30' title="bbox 527 3020 2100 3096">
    <p class='ocr_par' dir='ltr' id='par_1_30' title="bbox 527 3020 2100 3096">
     <span class='ocr_line' id='line_1_30' title="bbox 527 3020 2100 3096; baseline -0.006 -17"><span class='ocrx_word' id='word_1_200' title='bbox 527 3027 669 3095; x_wconf 86' lang='lat' dir='ltr'><strong>quod</strong></span> <span class='ocrx_word' id='word_1_201' title='bbox 730 3033 985 3096; x_wconf 84' lang='lat' dir='ltr'><strong>egerunt,</strong></span> <span class='ocrx_word' id='word_1_202' title='bbox 1032 3023 1187 3081; x_wconf 87' lang='lat' dir='ltr'><strong>venia</strong></span> <span class='ocrx_word' id='word_1_203' title='bbox 1242 3021 1418 3078; x_wconf 89' lang='lat' dir='ltr'><strong>danda</strong></span> <span class='ocrx_word' id='word_1_204' title='bbox 1478 3023 1522 3077; x_wconf 87' lang='lat' dir='ltr'><strong>si</strong></span> <span class='ocrx_word' id='word_1_205' title='bbox 1579 3020 1707 3091; x_wconf 89' lang='lat' dir='ltr'><strong>quid</strong></span> <span class='ocrx_word' id='word_1_206' title='bbox 1762 3028 2100 3075; x_wconf 87' lang='lat' dir='ltr'><strong>erraverunt.</strong></span> 
     </span>
    </p>
   </div>
   <div class='ocr_carea' id='block_1_31' title="bbox 530 3113 2104 3187">
    <p class='ocr_par' dir='ltr' id='par_1_31' title="bbox 530 3113 2104 3187">
     <span class='ocr_line' id='line_1_31' title="bbox 530 3113 2104 3187; baseline -0.006 -15"><span class='ocrx_word' id='word_1_207' title='bbox 530 3116 813 3187; x_wconf 75' lang='lat' dir='ltr'><strong>Negotium</strong></span> <span class='ocrx_word' id='word_1_208' title='bbox 848 3116 951 3171; x_wconf 88' lang='lat' dir='ltr'><strong>illis</strong></span> <span class='ocrx_word' id='word_1_209' title='bbox 981 3115 1076 3169; x_wconf 89' lang='lat' dir='ltr'><strong>fuit</strong></span> <span class='ocrx_word' id='word_1_210' title='bbox 1110 3115 1281 3170; x_wconf 89' lang='lat' dir='ltr'><strong>solum</strong></span> <span class='ocrx_word' id='word_1_211' title='bbox 1315 3113 1593 3181; x_wconf 79' lang='lat' dir='ltr'><strong>colligendi</strong></span> <span class='ocrx_word' id='word_1_212' title='bbox 1625 3113 1769 3168; x_wconf 88' lang='lat' dir='ltr'><strong>viros</strong></span> <span class='ocrx_word' id='word_1_213' title='bbox 1802 3122 2019 3167; x_wconf 88' lang='lat' dir='ltr'><strong>sanctos</strong></span> <span class='ocrx_word' id='word_1_214' title='bbox 2051 3118 2104 3187; x_wconf 81' lang='lat' dir='ltr'><strong>et</strong></span> 
     </span>
    </p>
   </div>
   <div class='ocr_carea' id='block_1_32' title="bbox 528 3182 2105 3279">
    <p class='ocr_par' dir='ltr' id='par_1_32' title="bbox 528 3182 2105 3279">
     <span class='ocr_line' id='line_1_32' title="bbox 528 3182 2105 3279; baseline -0.005 -16"><span class='ocrx_word' id='word_1_215' title='bbox 528 3210 728 3265; x_wconf 78' lang='lat' dir='ltr'><strong>virtute</strong></span> <span class='ocrx_word' id='word_1_216' title='bbox 768 3210 1009 3279; x_wconf 80' lang='lat' dir='ltr'><strong>insignes</strong></span> <span class='ocrx_word' id='word_1_217' title='bbox 1048 3209 1268 3269; x_wconf 68' lang='lat' dir='ltr'><strong>Sicilize.</strong></span> <span class='ocrx_word' id='word_1_218' title='bbox 1307 3217 1366 3262; x_wconf 92' lang='lat' dir='ltr'><strong>ut</strong></span> <span class='ocrx_word' id='word_1_219' title='bbox 1410 3208 1667 3271; x_wconf 85' lang='lat' dir='ltr'><strong>Caetano,</strong></span> <span class='ocrx_word' id='word_1_220' title='bbox 1698 3205 1782 3261; x_wconf 81' lang='lat' dir='ltr'><strong>vel</strong></span> <span class='ocrx_word' id='word_1_221' title='bbox 1821 3182 2105 3274; x_wconf 70' lang='lat' dir='ltr'><strong>episcopos</strong></span> 
     </span>
    </p>
   </div>
   <div class='ocr_carea' id='block_1_33' title="bbox 529 3296 2104 3375">
    <p class='ocr_par' dir='ltr' id='par_1_33' title="bbox 529 3296 2104 3375">
     <span class='ocr_line' id='line_1_33' title="bbox 529 3296 2104 3375; baseline -0.004 -18"><span class='ocrx_word' id='word_1_222' title='bbox 529 3304 769 3375; x_wconf 82' lang='lat' dir='ltr'><strong>ejusdem</strong></span> <span class='ocrx_word' id='word_1_223' title='bbox 814 3302 1127 3373; x_wconf 67' lang='lat' dir='ltr'><strong>provinciae,</strong></span> <span class='ocrx_word' id='word_1_224' title='bbox 1159 3311 1215 3354; x_wconf 87' lang='grc' dir='ltr'><strong>ιιι</strong></span> <span class='ocrx_word' id='word_1_225' title='bbox 1258 3302 1430 3365; x_wconf 82' lang='lat' dir='ltr'><strong>Pirro,</strong></span> <span class='ocrx_word' id='word_1_226' title='bbox 1465 3300 1547 3355; x_wconf 90' lang='lat' dir='ltr'><strong>vel</strong></span> <span class='ocrx_word' id='word_1_227' title='bbox 1593 3298 1889 3368; x_wconf 88' lang='lat' dir='ltr'><strong>scriptores</strong></span> <span class='ocrx_word' id='word_1_228' title='bbox 1926 3296 2104 3351; x_wconf 88' lang='lat' dir='ltr'><strong>eccle-</strong></span> 
     </span>
    </p>
   </div>
   <div class='ocr_carea' id='block_1_34' title="bbox 531 3390 2102 3464">
    <p class='ocr_par' dir='ltr' id='par_1_34' title="bbox 531 3390 2102 3464">
     <span class='ocr_line' id='line_1_34' title="bbox 531 3390 2102 3464; baseline -0.008 -11"><span class='ocrx_word' id='word_1_229' title='bbox 531 3397 804 3464; x_wconf 88' lang='lat' dir='ltr'><strong>siasticos,</strong></span> <span class='ocrx_word' id='word_1_230' title='bbox 833 3405 890 3449; x_wconf 91' lang='lat' dir='ltr'><strong>ut</strong></span> <span class='ocrx_word' id='word_1_231' title='bbox 931 3394 1257 3462; x_wconf 76' lang='lat' dir='ltr'><strong>Possevino;</strong></span> <span class='ocrx_word' id='word_1_232' title='bbox 1308 3394 1475 3461; x_wconf 83' lang='lat' dir='ltr'><strong>igitur</strong></span> <span class='ocrx_word' id='word_1_233' title='bbox 1519 3394 1608 3448; x_wconf 91' lang='lat' dir='ltr'><strong>ubi</strong></span> <span class='ocrx_word' id='word_1_234' title='bbox 1657 3405 1907 3461; x_wconf 87' lang='lat' dir='ltr'><strong>reperere</strong></span> <span class='ocrx_word' id='word_1_235' title='bbox 1954 3390 2102 3442; x_wconf 88' lang='lat' dir='ltr'><strong>varia</strong></span> 
     </span>
    </p>
   </div>
   <div class='ocr_carea' id='block_1_35' title="bbox 530 3480 2102 3557">
    <p class='ocr_par' dir='ltr' id='par_1_35' title="bbox 530 3480 2102 3557">
     <span class='ocr_line' id='line_1_35' title="bbox 530 3480 2102 3557; baseline -0.008 -11"><span class='ocrx_word' id='word_1_236' title='bbox 530 3492 751 3546; x_wconf 83' lang='lat' dir='ltr'><strong>nomina</strong></span> <span class='ocrx_word' id='word_1_237' title='bbox 800 3498 1133 3553; x_wconf 81' lang='lat' dir='ltr'><strong>sanctorum,</strong></span> <span class='ocrx_word' id='word_1_238' title='bbox 1176 3480 1572 3557; x_wconf 66' lang='lat' dir='ltr'><strong>episcopot‘tun,</strong></span> <span class='ocrx_word' id='word_1_239' title='bbox 1611 3483 1957 3552; x_wconf 89' lang='lat' dir='ltr'><strong>scriptorum,</strong></span> <span class='ocrx_word' id='word_1_240' title='bbox 1996 3495 2102 3535; x_wconf 91' lang='lat' dir='ltr'><strong>non</strong></span> 
     </span>
    </p>
   </div>
   <div class='ocr_carea' id='block_1_36' title="bbox 529 3575 2104 3649">
    <p class='ocr_par' dir='ltr' id='par_1_36' title="bbox 529 3575 2104 3649">
     <span class='ocr_line' id='line_1_36' title="bbox 529 3575 2104 3649; baseline -0.008 -12"><span class='ocrx_word' id='word_1_241' title='bbox 529 3592 615 3638; x_wconf 89' lang='lat' dir='ltr'><strong>sat</strong></span> <span class='ocrx_word' id='word_1_242' title='bbox 647 3581 785 3637; x_wconf 87' lang='lat' dir='ltr'><strong>bene</strong></span> <span class='ocrx_word' id='word_1_243' title='bbox 817 3581 971 3635; x_wconf 80' lang='lat' dir='ltr'><strong>lectis</strong></span> <span class='ocrx_word' id='word_1_244' title='bbox 1006 3590 1060 3635; x_wconf 88' lang='lat' dir='ltr'><strong>et</strong></span> <span class='ocrx_word' id='word_1_245' title='bbox 1088 3580 1365 3648; x_wconf 84' lang='lat' dir='ltr'><strong>inspectis,</strong></span> <span class='ocrx_word' id='word_1_246' title='bbox 1401 3579 1527 3649; x_wconf 91' lang='lat' dir='ltr'><strong>quin</strong></span> <span class='ocrx_word' id='word_1_247' title='bbox 1570 3578 1678 3632; x_wconf 91' lang='lat' dir='ltr'><strong>imo</strong></span> <span class='ocrx_word' id='word_1_248' title='bbox 1719 3590 1819 3630; x_wconf 90' lang='lat' dir='ltr'><strong>nec</strong></span> <span class='ocrx_word' id='word_1_249' title='bbox 1859 3587 1888 3628; x_wconf 91' lang='lat' dir='ltr'><strong>e</strong></span> <span class='ocrx_word' id='word_1_250' title='bbox 1928 3575 2104 3643; x_wconf 88' lang='lat' dir='ltr'><strong>primo</strong></span> 
     </span>
    </p>
   </div>
   <div class='ocr_carea' id='block_1_37' title="bbox 529 3670 2104 3743">
    <p class='ocr_par' dir='ltr' id='par_1_37' title="bbox 529 3670 2104 3743">
     <span class='ocr_line' id='line_1_37' title="bbox 529 3670 2104 3743; baseline -0.005 -16"><span class='ocrx_word' id='word_1_251' title='bbox 529 3674 715 3728; x_wconf 88' lang='lat' dir='ltr'><strong>limine</strong></span> <span class='ocrx_word' id='word_1_252' title='bbox 750 3673 879 3728; x_wconf 80' lang='lat' dir='ltr'><strong>visis</strong></span> <span class='ocrx_word' id='word_1_253' title='bbox 911 3672 1043 3743; x_wconf 86' lang='lat' dir='ltr'><strong>ipsis</strong></span> <span class='ocrx_word' id='word_1_254' title='bbox 1074 3670 1438 3735; x_wconf 90' lang='lat' dir='ltr'><strong>sermonibus,</strong></span> <span class='ocrx_word' id='word_1_255' title='bbox 1472 3684 1659 3725; x_wconf 89' lang='lat' dir='ltr'><strong>eorum</strong></span> <span class='ocrx_word' id='word_1_256' title='bbox 1698 3677 1945 3723; x_wconf 85' lang='lat' dir='ltr'><strong>auctores</strong></span> <span class='ocrx_word' id='word_1_257' title='bbox 1981 3677 2104 3721; x_wconf 88' lang='lat' dir='ltr'><strong>tan-</strong></span> 
     </span>
    </p>
   </div>
   <div class='ocr_carea' id='block_1_38' title="bbox 522 3759 2102 3834">
    <p class='ocr_par' dir='ltr' id='par_1_38' title="bbox 522 3759 2102 3834">
     <span class='ocr_line' id='line_1_38' title="bbox 522 3759 2102 3834; baseline -0.003 -17"><span class='ocrx_word' id='word_1_258' title='bbox 522 3780 686 3834; x_wconf 86' lang='lat' dir='ltr'><strong>qnam</strong></span> <span class='ocrx_word' id='word_1_259' title='bbox 710 3766 949 3820; x_wconf 85' lang='lat' dir='ltr'><strong>diversos</strong></span> <span class='ocrx_word' id='word_1_260' title='bbox 977 3778 1206 3834; x_wconf 84' lang='lat' dir='ltr'><strong>posuere</strong></span> <span class='ocrx_word' id='word_1_261' title='bbox 1229 3780 1247 3824; x_wconf 86' lang='lat'><strong>:</strong></span> <span class='ocrx_word' id='word_1_262' title='bbox 1272 3772 1421 3818; x_wconf 86' lang='lat' dir='ltr'><strong>certo</strong></span> <span class='ocrx_word' id='word_1_263' title='bbox 1443 3762 1585 3818; x_wconf 90' lang='lat' dir='ltr'><strong>enim</strong></span> <span class='ocrx_word' id='word_1_264' title='bbox 1615 3760 1744 3816; x_wconf 91' lang='lat' dir='ltr'><strong>mihi</strong></span> <span class='ocrx_word' id='word_1_265' title='bbox 1777 3759 2102 3829; x_wconf 89' lang='lat' dir='ltr'><strong>persuadeo,</strong></span> 
     </span>
    </p>
   </div>
   <div class='ocr_carea' id='block_1_39' title="bbox 528 3846 2105 3927">
    <p class='ocr_par' dir='ltr' id='par_1_39' title="bbox 528 3846 2105 3927">
     <span class='ocr_line' id='line_1_39' title="bbox 528 3846 2105 3927; baseline -0.003 -18"><span class='ocrx_word' id='word_1_266' title='bbox 528 3846 953 3927; x_wconf 20' lang='lat' dir='ltr'><strong>nnnqnamxeos,</strong></span> <span class='ocrx_word' id='word_1_267' title='bbox 987 3857 1128 3926; x_wconf 87' lang='lat' dir='ltr'><strong>quod</strong></span> <span class='ocrx_word' id='word_1_268' title='bbox 1163 3856 1402 3925; x_wconf 88' lang='lat' dir='ltr'><strong>ipsorum</strong></span> <span class='ocrx_word' id='word_1_269' title='bbox 1442 3869 1668 3910; x_wconf 83' lang='lat' dir='ltr'><strong>acumen</strong></span> <span class='ocrx_word' id='word_1_270' title='bbox 1703 3865 1807 3919; x_wconf 88' lang='lat' dir='ltr'><strong>est,</strong></span> <span class='ocrx_word' id='word_1_271' title='bbox 1835 3853 2105 3923; x_wconf 78' lang='lat' dir='ltr'><strong>judicatu-</strong></span> 
     </span>
    </p>
   </div>
   <div class='ocr_carea' id='block_1_40' title="bbox 528 3946 2103 4018">
    <p class='ocr_par' dir='ltr' id='par_1_40' title="bbox 528 3946 2103 4018">
     <span class='ocr_line' id='line_1_40' title="bbox 528 3946 2103 4018; baseline -0.002 -15"><span class='ocrx_word' id='word_1_272' title='bbox 528 3964 616 4004; x_wconf 89' lang='lat' dir='ltr'><strong>ros</strong></span> <span class='ocrx_word' id='word_1_273' title='bbox 642 3950 779 4004; x_wconf 88' lang='lat' dir='ltr'><strong>duos</strong></span> <span class='ocrx_word' id='word_1_274' title='bbox 811 3958 985 4004; x_wconf 84' lang='lat' dir='ltr'><strong>tresve</strong></span> <span class='ocrx_word' id='word_1_275' title='bbox 1016 3949 1196 4018; x_wconf 87' lang='lat' dir='ltr'><strong>operis</strong></span> <span class='ocrx_word' id='word_1_276' title='bbox 1228 3948 1385 4018; x_wconf 82' lang='lat' dir='ltr'><strong>hujus</strong></span> <span class='ocrx_word' id='word_1_277' title='bbox 1421 3958 1690 4012; x_wconf 87' lang='lat' dir='ltr'><strong>auctores,</strong></span> <span class='ocrx_word' id='word_1_278' title='bbox 1721 3948 1765 4002; x_wconf 90' lang='lat' dir='ltr'><strong>si</strong></span> <span class='ocrx_word' id='word_1_279' title='bbox 1801 3947 1853 4001; x_wconf 88' lang='lat' dir='ltr'><strong>id</strong></span> <span class='ocrx_word' id='word_1_280' title='bbox 1888 3946 2103 4014; x_wconf 85' lang='lat' dir='ltr'><strong>penitus</strong></span> 
     </span>
    </p>
   </div>
   <div class='ocr_carea' id='block_1_41' title="bbox 525 4036 2103 4113">
    <p class='ocr_par' dir='ltr' id='par_1_41' title="bbox 525 4036 2103 4113">
     <span class='ocr_line' id='line_1_41' title="bbox 525 4036 2103 4113; baseline -0.003 -14"><span class='ocrx_word' id='word_1_281' title='bbox 525 4036 947 4113; x_wconf 74' lang='lat' dir='ltr'><strong>perspexissent.</strong></span> <span class='ocrx_word' id='word_1_282' title='bbox 984 4042 1113 4098; x_wconf 79' lang='lat' dir='ltr'><strong>Mihi</strong></span> <span class='ocrx_word' id='word_1_283' title='bbox 1165 4053 1374 4107; x_wconf 90' lang='lat' dir='ltr'><strong>autem,</strong></span> <span class='ocrx_word' id='word_1_284' title='bbox 1409 4047 1499 4113; x_wconf 88' lang='lat' dir='ltr'><strong>qui</strong></span> <span class='ocrx_word' id='word_1_285' title='bbox 1546 4044 1596 4098; x_wconf 93' lang='lat' dir='ltr'><strong>in</strong></span> <span class='ocrx_word' id='word_1_286' title='bbox 1640 4060 1706 4100; x_wconf 89' lang='lat' dir='ltr'><strong>eo</strong></span> <span class='ocrx_word' id='word_1_287' title='bbox 1750 4042 1947 4097; x_wconf 80' lang='lat' dir='ltr'><strong>Latine</strong></span> <span class='ocrx_word' id='word_1_288' title='bbox 1979 4056 2103 4096; x_wconf 85' lang='lat' dir='ltr'><strong>ver-</strong></span> 
     </span>
    </p>
   </div>
   <div class='ocr_carea' id='block_1_42' title="bbox 526 4131 2103 4205">
    <p class='ocr_par' dir='ltr' id='par_1_42' title="bbox 526 4131 2103 4205">
     <span class='ocr_line' id='line_1_42' title="bbox 526 4131 2103 4205; baseline -0.001 -19"><span class='ocrx_word' id='word_1_289' title='bbox 526 4133 689 4188; x_wconf 85' lang='lat' dir='ltr'><strong>tendo</strong></span> <span class='ocrx_word' id='word_1_290' title='bbox 716 4136 964 4205; x_wconf 88' lang='lat' dir='ltr'><strong>notisque</strong></span> <span class='ocrx_word' id='word_1_291' title='bbox 995 4135 1317 4204; x_wconf 79' lang='lat' dir='ltr'><strong>explicando</strong></span> <span class='ocrx_word' id='word_1_292' title='bbox 1346 4135 1689 4190; x_wconf 88' lang='lat' dir='ltr'><strong>elucubratus</strong></span> <span class='ocrx_word' id='word_1_293' title='bbox 1718 4149 1857 4197; x_wconf 87' lang='lat' dir='ltr'><strong>sum,</strong></span> <span class='ocrx_word' id='word_1_294' title='bbox 1885 4131 1975 4202; x_wconf 89' lang='lat' dir='ltr'><strong>qui</strong></span> <span class='ocrx_word' id='word_1_295' title='bbox 2010 4145 2103 4186; x_wconf 90' lang='lat' dir='ltr'><strong>eos</strong></span> 
     </span>
    </p>
   </div>
   <div class='ocr_carea' id='block_1_43' title="bbox 527 4224 2102 4292">
    <p class='ocr_par' dir='ltr' id='par_1_43' title="bbox 527 4224 2102 4292">
     <span class='ocr_line' id='line_1_43' title="bbox 527 4224 2102 4292; baseline -0.003 -10"><span class='ocrx_word' id='word_1_296' title='bbox 527 4241 811 4283; x_wconf 89' lang='lat' dir='ltr'><strong>sermones</strong></span> <span class='ocrx_word' id='word_1_297' title='bbox 840 4242 946 4282; x_wconf 91' lang='lat' dir='ltr'><strong>non</strong></span> <span class='ocrx_word' id='word_1_298' title='bbox 978 4228 1042 4282; x_wconf 88' lang='lat' dir='ltr'><strong>de</strong></span> <span class='ocrx_word' id='word_1_299' title='bbox 1073 4227 1210 4282; x_wconf 90' lang='lat' dir='ltr'><strong>facie</strong></span> <span class='ocrx_word' id='word_1_300' title='bbox 1241 4236 1446 4282; x_wconf 83' lang='lat' dir='ltr'><strong>tantum</strong></span> <span class='ocrx_word' id='word_1_301' title='bbox 1480 4228 1626 4290; x_wconf 85' lang='lat' dir='ltr'><strong>novi,</strong></span> <span class='ocrx_word' id='word_1_302' title='bbox 1656 4224 1750 4280; x_wconf 82' lang='lat' dir='ltr'><strong>sed</strong></span> <span class='ocrx_word' id='word_1_303' title='bbox 1784 4225 1928 4279; x_wconf 88' lang='lat' dir='ltr'><strong>intus</strong></span> <span class='ocrx_word' id='word_1_304' title='bbox 1954 4224 2102 4292; x_wconf 84' lang='lat' dir='ltr'><strong>peni-</strong></span> 
     </span>
    </p>
   </div>
   <div class='ocr_carea' id='block_1_44' title="bbox 526 4315 2101 4387">
    <p class='ocr_par' dir='ltr' id='par_1_44' title="bbox 526 4315 2101 4387">
     <span class='ocr_line' id='line_1_44' title="bbox 526 4315 2101 4387; baseline -0.003 -14"><span class='ocrx_word' id='word_1_305' title='bbox 526 4329 720 4386; x_wconf 76' lang='lat' dir='ltr'><strong>tuaque</strong></span> <span class='ocrx_word' id='word_1_306' title='bbox 756 4318 1001 4387; x_wconf 85' lang='lat' dir='ltr'><strong>pernovi,</strong></span> <span class='ocrx_word' id='word_1_307' title='bbox 1033 4317 1185 4384; x_wconf 85' lang='lat' dir='ltr'><strong>fides,</strong></span> <span class='ocrx_word' id='word_1_308' title='bbox 1216 4319 1402 4380; x_wconf 88' lang='lat' dir='ltr'><strong>credo,</strong></span> <span class='ocrx_word' id='word_1_309' title='bbox 1433 4317 1539 4372; x_wconf 88' lang='lat' dir='ltr'><strong>erit</strong></span> <span class='ocrx_word' id='word_1_310' title='bbox 1582 4332 1610 4371; x_wconf 93' lang='lat' dir='ltr'><strong>a</strong></span> <span class='ocrx_word' id='word_1_311' title='bbox 1656 4315 1813 4371; x_wconf 88' lang='lat' dir='ltr'><strong>bonis</strong></span> <span class='ocrx_word' id='word_1_312' title='bbox 1853 4317 2101 4370; x_wconf 89' lang='lat' dir='ltr'><strong>omnibus</strong></span> 
     </span>
    </p>
   </div>
   <div class='ocr_carea' id='block_1_45' title="bbox 530 4408 2100 4482">
    <p class='ocr_par' dir='ltr' id='par_1_45' title="bbox 530 4408 2100 4482">
     <span class='ocr_line' id='line_1_45' title="bbox 530 4408 2100 4482; baseline -0.001 -18"><span class='ocrx_word' id='word_1_313' title='bbox 530 4409 812 4476; x_wconf 89' lang='lat' dir='ltr'><strong>habenda,</strong></span> <span class='ocrx_word' id='word_1_314' title='bbox 845 4410 888 4464; x_wconf 92' lang='lat' dir='ltr'><strong>si</strong></span> <span class='ocrx_word' id='word_1_315' title='bbox 923 4411 1258 4465; x_wconf 88' lang='lat' dir='ltr'><strong>contrarium</strong></span> <span class='ocrx_word' id='word_1_316' title='bbox 1292 4420 1522 4465; x_wconf 85' lang='lat' dir='ltr'><strong>statuam</strong></span> <span class='ocrx_word' id='word_1_317' title='bbox 1558 4419 1721 4482; x_wconf 86' lang='lat' dir='ltr'><strong>atque</strong></span> <span class='ocrx_word' id='word_1_318' title='bbox 1755 4408 1828 4463; x_wconf 91' lang='lat' dir='ltr'><strong>illi</strong></span> <span class='ocrx_word' id='word_1_319' title='bbox 1864 4408 2100 4480; x_wconf 87' lang='lat' dir='ltr'><strong>scripse-</strong></span> 
     </span>
    </p>
   </div>
   <div class='ocr_carea' id='block_1_46' title="bbox 529 4500 2099 4570">
    <p class='ocr_par' dir='ltr' id='par_1_46' title="bbox 529 4500 2099 4570">
     <span class='ocr_line' id='line_1_46' title="bbox 529 4500 2099 4570; baseline -0.002 -13"><span class='ocrx_word' id='word_1_320' title='bbox 529 4510 655 4558; x_wconf 88' lang='lat' dir='ltr'><strong>runt</strong></span> <span class='ocrx_word' id='word_1_321' title='bbox 682 4511 736 4556; x_wconf 88' lang='lat' dir='ltr'><strong>et</strong></span> <span class='ocrx_word' id='word_1_322' title='bbox 767 4517 935 4555; x_wconf 90' lang='lat' dir='ltr'><strong>unum</strong></span> <span class='ocrx_word' id='word_1_323' title='bbox 971 4502 1327 4570; x_wconf 81' lang='lat' dir='ltr'><strong>eamdemque</strong></span> <span class='ocrx_word' id='word_1_324' title='bbox 1358 4517 1478 4557; x_wconf 88' lang='lat' dir='ltr'><strong>esse</strong></span> <span class='ocrx_word' id='word_1_325' title='bbox 1513 4513 1787 4557; x_wconf 87' lang='lat' dir='ltr'><strong>auctorem</strong></span> <span class='ocrx_word' id='word_1_326' title='bbox 1815 4500 2099 4556; x_wconf 76' lang='lat' dir='ltr'><strong>afﬁrmem.</strong></span> 
     </span>
    </p>
   </div>
   <div class='ocr_carea' id='block_1_47' title="bbox 528 4588 2103 4662">
    <p class='ocr_par' dir='ltr' id='par_1_47' title="bbox 528 4588 2103 4662">
     <span class='ocr_line' id='line_1_47' title="bbox 528 4588 2103 4662; baseline -0.001 -15"><span class='ocrx_word' id='word_1_327' title='bbox 528 4588 815 4648; x_wconf 75' lang='lat' dir='ltr'><strong>Methodtis</strong></span> <span class='ocrx_word' id='word_1_328' title='bbox 838 4599 921 4646; x_wconf 88' lang='lat' dir='ltr'><strong>est</strong></span> <span class='ocrx_word' id='word_1_329' title='bbox 941 4592 993 4646; x_wconf 94' lang='lat' dir='ltr'><strong>in</strong></span> <span class='ocrx_word' id='word_1_330' title='bbox 1017 4591 1268 4646; x_wconf 88' lang='lat' dir='ltr'><strong>omnibus</strong></span> <span class='ocrx_word' id='word_1_331' title='bbox 1292 4591 1503 4656; x_wconf 86' lang='lat' dir='ltr'><strong>eadem,</strong></span> <span class='ocrx_word' id='word_1_332' title='bbox 1522 4593 1692 4662; x_wconf 79' lang='lat' dir='ltr'><strong>stylus</strong></span> <span class='ocrx_word' id='word_1_333' title='bbox 1717 4593 1856 4648; x_wconf 89' lang='lat' dir='ltr'><strong>idem</strong></span> <span class='ocrx_word' id='word_1_334' title='bbox 1880 4595 2103 4651; x_wconf 88' lang='lat' dir='ltr'><strong>omnino</strong></span> 
     </span>
    </p>
   </div>
   <div class='ocr_carea' id='block_1_48' title="bbox 527 4682 2098 4757">
    <p class='ocr_par' dir='ltr' id='par_1_48' title="bbox 527 4682 2098 4757">
     <span class='ocr_line' id='line_1_48' title="bbox 527 4682 2098 4757; baseline -0.001 -18"><span class='ocrx_word' id='word_1_335' title='bbox 527 4686 709 4757; x_wconf 88' lang='lat' dir='ltr'><strong>gravis</strong></span> <span class='ocrx_word' id='word_1_336' title='bbox 745 4693 801 4740; x_wconf 81' lang='lat' dir='ltr'><strong>et.</strong></span> <span class='ocrx_word' id='word_1_337' title='bbox 830 4682 1129 4755; x_wconf 76' lang='lat' dir='ltr'><strong>expolitus;</strong></span> <span class='ocrx_word' id='word_1_338' title='bbox 1174 4684 1345 4753; x_wconf 83' lang='lat' dir='ltr'><strong>pietas</strong></span> <span class='ocrx_word' id='word_1_339' title='bbox 1390 4684 1443 4737; x_wconf 92' lang='lat' dir='ltr'><strong>in</strong></span> <span class='ocrx_word' id='word_1_340' title='bbox 1485 4685 1738 4739; x_wconf 82' lang='lat' dir='ltr'><strong>omnibus</strong></span> <span class='ocrx_word' id='word_1_341' title='bbox 1774 4700 1870 4755; x_wconf 86' lang='lat' dir='ltr'><strong>par</strong></span> <span class='ocrx_word' id='word_1_342' title='bbox 1903 4686 2098 4740; x_wconf 86' lang='lat' dir='ltr'><strong>elucet.</strong></span> 
     </span>
    </p>
   </div>
   <div class='ocr_carea' id='block_1_49' title="bbox 529 4775 2103 4847">
    <p class='ocr_par' dir='ltr' id='par_1_49' title="bbox 529 4775 2103 4847">
     <span class='ocr_line' id='line_1_49' title="bbox 529 4775 2103 4847; baseline -0.002 -13"><span class='ocrx_word' id='word_1_343' title='bbox 529 4775 635 4834; x_wconf 89' lang='lat' dir='ltr'><strong>Sed</strong></span> <span class='ocrx_word' id='word_1_344' title='bbox 660 4777 892 4835; x_wconf 87' lang='lat' dir='ltr'><strong>fortasse</strong></span> <span class='ocrx_word' id='word_1_345' title='bbox 919 4777 1043 4847; x_wconf 89' lang='lat' dir='ltr'><strong>quis</strong></span> <span class='ocrx_word' id='word_1_346' title='bbox 1069 4785 1313 4831; x_wconf 88' lang='lat' dir='ltr'><strong>autumet</strong></span> <span class='ocrx_word' id='word_1_347' title='bbox 1336 4792 1500 4831; x_wconf 89' lang='lat' dir='ltr'><strong>unum</strong></span> <span class='ocrx_word' id='word_1_348' title='bbox 1530 4777 1596 4830; x_wconf 89' lang='lat' dir='ltr'><strong>ab</strong></span> <span class='ocrx_word' id='word_1_349' title='bbox 1620 4776 1795 4831; x_wconf 89' lang='lat' dir='ltr'><strong>altero</strong></span> <span class='ocrx_word' id='word_1_350' title='bbox 1822 4790 2103 4831; x_wconf 85' lang='lat' dir='ltr'><strong>sermones</strong></span> 
     </span>
    </p>
   </div>
   <div class='ocr_carea' id='block_1_50' title="bbox 526 4864 2104 4937">
    <p class='ocr_par' dir='ltr' id='par_1_50' title="bbox 526 4864 2104 4937">
     <span class='ocr_line' id='line_1_50' title="bbox 526 4864 2104 4937; baseline -0.001 -15"><span class='ocrx_word' id='word_1_351' title='bbox 526 4870 769 4937; x_wconf 88' lang='lat' dir='ltr'><strong>integros</strong></span> <span class='ocrx_word' id='word_1_352' title='bbox 794 4867 1153 4936; x_wconf 80' lang='lat' dir='ltr'><strong>exscripsisse</strong></span> <span class='ocrx_word' id='word_1_353' title='bbox 1186 4884 1201 4921; x_wconf 89' lang='lat'><strong>:</strong></span> <span class='ocrx_word' id='word_1_354' title='bbox 1234 4864 1336 4921; x_wconf 90' lang='lat' dir='ltr'><strong>fuit</strong></span> <span class='ocrx_word' id='word_1_355' title='bbox 1355 4867 1497 4921; x_wconf 90' lang='lat' dir='ltr'><strong>enim</strong></span> <span class='ocrx_word' id='word_1_356' title='bbox 1526 4866 1638 4921; x_wconf 86' lang='lat' dir='ltr'><strong>haec</strong></span> <span class='ocrx_word' id='word_1_357' title='bbox 1670 4867 1811 4921; x_wconf 90' lang='lat' dir='ltr'><strong>inter</strong></span> <span class='ocrx_word' id='word_1_358' title='bbox 1837 4866 2104 4936; x_wconf 87' lang='lat' dir='ltr'><strong>sequioris</strong></span> 
     </span>
    </p>
   </div>
   <div class='ocr_carea' id='block_1_51' title="bbox 527 4948 2103 5030">
    <p class='ocr_par' dir='ltr' id='par_1_51' title="bbox 527 4948 2103 5030">
     <span class='ocr_line' id='line_1_51' title="bbox 527 4948 2103 5030; baseline -0.001 -14"><span class='ocrx_word' id='word_1_359' title='bbox 527 4959 708 5016; x_wconf 78' lang='lat' dir='ltr'><strong>saeculi</strong></span> <span class='ocrx_word' id='word_1_360' title='bbox 738 4960 956 5016; x_wconf 65' lang='lat' dir='ltr'><strong>Graecos</strong></span> <span class='ocrx_word' id='word_1_361' title='bbox 991 4960 1156 5014; x_wconf 89' lang='lat' dir='ltr'><strong>nimia</strong></span> <span class='ocrx_word' id='word_1_362' title='bbox 1192 4948 1407 5015; x_wconf 83' lang='lat' dir='ltr'><strong>licentia</strong></span> <span class='ocrx_word' id='word_1_363' title='bbox 1444 4968 1497 5014; x_wconf 89' lang='lat' dir='ltr'><strong>et</strong></span> <span class='ocrx_word' id='word_1_364' title='bbox 1523 4958 1883 5030; x_wconf 80' lang='grc' dir='ltr'><strong>ἀναισχυντία</strong></span> <span class='ocrx_word' id='word_1_365' title='bbox 1919 4969 2103 5014; x_wconf 90' lang='lat' dir='ltr'><strong>mutuo</strong></span> 
     </span>
    </p>
   </div>
   <div class='ocr_carea' id='block_1_52' title="bbox 525 5051 2104 5122">
    <p class='ocr_par' dir='ltr' id='par_1_52' title="bbox 525 5051 2104 5122">
     <span class='ocr_line' id='line_1_52' title="bbox 525 5051 2104 5122; baseline -0.001 -14"><span class='ocrx_word' id='word_1_366' title='bbox 525 5068 644 5109; x_wconf 89' lang='lat' dir='ltr'><strong>sese</strong></span> <span class='ocrx_word' id='word_1_367' title='bbox 668 5051 1005 5108; x_wconf 77' lang='lat' dir='ltr'><strong>cxscribendi</strong></span> <span class='ocrx_word' id='word_1_368' title='bbox 1035 5061 1089 5107; x_wconf 91' lang='lat' dir='ltr'><strong>et</strong></span> <span class='ocrx_word' id='word_1_369' title='bbox 1108 5051 1457 5122; x_wconf 86' lang='lat' dir='ltr'><strong>compilandi,</strong></span> <span class='ocrx_word' id='word_1_370' title='bbox 1477 5052 1619 5121; x_wconf 89' lang='lat' dir='ltr'><strong>quod</strong></span> <span class='ocrx_word' id='word_1_371' title='bbox 1647 5051 1919 5107; x_wconf 81' lang='lat' dir='ltr'><strong>adnotavit</strong></span> <span class='ocrx_word' id='word_1_372' title='bbox 1945 5052 2104 5107; x_wconf 85' lang='lat' dir='ltr'><strong>Gret-</strong></span> 
     </span>
    </p>
   </div>
   <div class='ocr_carea' id='block_1_53' title="bbox 526 5144 2097 5217">
    <p class='ocr_par' dir='ltr' id='par_1_53' title="bbox 526 5144 2097 5217">
     <span class='ocr_line' id='line_1_53' title="bbox 526 5144 2097 5217; baseline 0.001 -15"><span class='ocrx_word' id='word_1_373' title='bbox 526 5160 681 5202; x_wconf 83' lang='lat' dir='ltr'><strong>serus</strong></span> <span class='ocrx_word' id='word_1_374' title='bbox 718 5152 848 5199; x_wconf 91' lang='lat' dir='ltr'><strong>tom.</strong></span> <span class='ocrx_word' id='word_1_375' title='bbox 882 5144 927 5197; x_wconf 92' lang='lat' dir='ltr'><strong>ll</strong></span> <span class='ocrx_word' id='word_1_376' title='bbox 955 5144 1030 5198; x_wconf 89' lang='lat' dir='ltr'><strong>De</strong></span> <span class='ocrx_word' id='word_1_377' title='bbox 1061 5162 1245 5211; x_wconf 83' lang='lat' dir='ltr'><strong>cruce,</strong></span> <span class='ocrx_word' id='word_1_378' title='bbox 1280 5146 1330 5200; x_wconf 92' lang='lat' dir='ltr'><strong>in</strong></span> <span class='ocrx_word' id='word_1_379' title='bbox 1370 5148 1513 5200; x_wconf 90' lang='lat' dir='ltr'><strong>notis</strong></span> <span class='ocrx_word' id='word_1_380' title='bbox 1547 5145 1762 5217; x_wconf 90' lang='lat' dir='ltr'><strong>Georgii</strong></span> <span class='ocrx_word' id='word_1_381' title='bbox 1800 5146 2097 5203; x_wconf 87' lang='lat' dir='ltr'><strong>llamartoli</strong></span> 
     </span>
    </p>
   </div>
   <div class='ocr_carea' id='block_1_54' title="bbox 525 5236 2104 5310">
    <p class='ocr_par' dir='ltr' id='par_1_54' title="bbox 525 5236 2104 5310">
     <span class='ocr_line' id='line_1_54' title="bbox 525 5236 2104 5310; baseline 0.003 -18"><span class='ocrx_word' id='word_1_382' title='bbox 525 5236 804 5292; x_wconf 87' lang='lat' dir='ltr'><strong>nomiliam</strong></span> <span class='ocrx_word' id='word_1_383' title='bbox 840 5259 853 5291; x_wconf 83' lang='lat'><strong>;</strong></span> <span class='ocrx_word' id='word_1_384' title='bbox 886 5236 1029 5303; x_wconf 54' lang='lat' dir='ltr'><strong>haec,</strong></span> <span class='ocrx_word' id='word_1_385' title='bbox 1056 5238 1296 5307; x_wconf 89' lang='lat' dir='ltr'><strong>inquam,</strong></span> <span class='ocrx_word' id='word_1_386' title='bbox 1326 5254 1442 5309; x_wconf 68' lang='lat' dir='ltr'><strong>qua:</strong></span> <span class='ocrx_word' id='word_1_387' title='bbox 1469 5238 1643 5309; x_wconf 86' lang='lat' dir='ltr'><strong>quivis</strong></span> <span class='ocrx_word' id='word_1_388' title='bbox 1672 5240 1945 5309; x_wconf 75' lang='lat' dir='ltr'><strong>objectare</strong></span> <span class='ocrx_word' id='word_1_389' title='bbox 1976 5257 2104 5310; x_wconf 72' lang='lat' dir='ltr'><strong>pos~</strong></span> 
     </span>
    </p>
   </div>
   <div class='ocr_carea' id='block_1_55' title="bbox 525 5329 2100 5403">
    <p class='ocr_par' dir='ltr' id='par_1_55' title="bbox 525 5329 2100 5403">
     <span class='ocr_line' id='line_1_55' title="bbox 525 5329 2100 5403; baseline 0.001 -17"><span class='ocrx_word' id='word_1_390' title='bbox 525 5333 594 5387; x_wconf 89' lang='lat' dir='ltr'><strong>sit</strong></span> <span class='ocrx_word' id='word_1_391' title='bbox 627 5334 761 5386; x_wconf 90' lang='lat' dir='ltr'><strong>seio.</strong></span> <span class='ocrx_word' id='word_1_392' title='bbox 798 5329 904 5386; x_wconf 89' lang='lat' dir='ltr'><strong>Sed</strong></span> <span class='ocrx_word' id='word_1_393' title='bbox 946 5330 1011 5385; x_wconf 88' lang='lat' dir='ltr'><strong>de</strong></span> <span class='ocrx_word' id='word_1_394' title='bbox 1051 5331 1152 5387; x_wconf 92' lang='lat' dir='ltr'><strong>hoc</strong></span> <span class='ocrx_word' id='word_1_395' title='bbox 1192 5346 1356 5399; x_wconf 87' lang='lat' dir='ltr'><strong>opere</strong></span> <span class='ocrx_word' id='word_1_396' title='bbox 1396 5332 1700 5401; x_wconf 88' lang='lat' dir='ltr'><strong>suspicetur</strong></span> <span class='ocrx_word' id='word_1_397' title='bbox 1738 5333 1787 5387; x_wconf 90' lang='lat' dir='ltr'><strong>id</strong></span> <span class='ocrx_word' id='word_1_398' title='bbox 1824 5335 1914 5403; x_wconf 91' lang='lat' dir='ltr'><strong>qui</strong></span> <span class='ocrx_word' id='word_1_399' title='bbox 1950 5333 2100 5398; x_wconf 83' lang='lat' dir='ltr'><strong>velit,</strong></span> 
     </span>
    </p>
   </div>
   <div class='ocr_carea' id='block_1_56' title="bbox 528 5421 2105 5493">
    <p class='ocr_par' dir='ltr' id='par_1_56' title="bbox 528 5421 2105 5493">
     <span class='ocr_line' id='line_1_56' title="bbox 528 5421 2105 5493; baseline 0.001 -15"><span class='ocrx_word' id='word_1_400' title='bbox 528 5438 630 5492; x_wconf 84' lang='lat' dir='ltr'><strong>ego</strong></span> <span class='ocrx_word' id='word_1_401' title='bbox 677 5421 927 5493; x_wconf 86' lang='lat' dir='ltr'><strong>equidem</strong></span> <span class='ocrx_word' id='word_1_402' title='bbox 979 5436 1254 5493; x_wconf 83' lang='lat' dir='ltr'><strong>nunquam</strong></span> <span class='ocrx_word' id='word_1_403' title='bbox 1298 5423 1524 5480; x_wconf 88' lang='lat' dir='ltr'><strong>inducar</strong></span> <span class='ocrx_word' id='word_1_404' title='bbox 1572 5434 1632 5479; x_wconf 88' lang='lat' dir='ltr'><strong>ut</strong></span> <span class='ocrx_word' id='word_1_405' title='bbox 1676 5424 1939 5493; x_wconf 88' lang='lat' dir='ltr'><strong>suspicer.</strong></span> <span class='ocrx_word' id='word_1_406' title='bbox 1974 5424 2105 5493; x_wconf 87' lang='lat' dir='ltr'><strong>Quis</strong></span> 
     </span>
    </p>
   </div>
   <div class='ocr_carea' id='block_1_57' title="bbox 520 5514 2101 5588">
    <p class='ocr_par' dir='ltr' id='par_1_57' title="bbox 520 5514 2101 5588">
     <span class='ocr_line' id='line_1_57' title="bbox 520 5514 2101 5588; baseline 0.002 -18"><span class='ocrx_word' id='word_1_407' title='bbox 520 5516 701 5584; x_wconf 80' lang='lat' dir='ltr'><strong>enim,</strong></span> <span class='ocrx_word' id='word_1_408' title='bbox 740 5514 1173 5586; x_wconf 85' lang='lat' dir='ltr'><strong>Theophanesne</strong></span> <span class='ocrx_word' id='word_1_409' title='bbox 1225 5530 1255 5570; x_wconf 93' lang='lat' dir='ltr'><strong>a</strong></span> <span class='ocrx_word' id='word_1_410' title='bbox 1309 5514 1572 5588; x_wconf 88' lang='lat' dir='ltr'><strong>Gregorio</strong></span> <span class='ocrx_word' id='word_1_411' title='bbox 1622 5532 1691 5572; x_wconf 90' lang='lat' dir='ltr'><strong>an</strong></span> <span class='ocrx_word' id='word_1_412' title='bbox 1745 5518 1831 5573; x_wconf 91' lang='lat' dir='ltr'><strong>hic</strong></span> <span class='ocrx_word' id='word_1_413' title='bbox 1884 5518 1952 5573; x_wconf 89' lang='lat' dir='ltr'><strong>ab</strong></span> <span class='ocrx_word' id='word_1_414' title='bbox 2007 5518 2101 5573; x_wconf 92' lang='lat' dir='ltr'><strong>illo</strong></span> 
     </span>
    </p>
   </div>
   <div class='ocr_carea' id='block_1_58' title="bbox 528 5607 2108 5683">
    <p class='ocr_par' dir='ltr' id='par_1_58' title="bbox 528 5607 2108 5683">
     <span class='ocr_line' id='line_1_58' title="bbox 528 5607 2108 5683; baseline 0.003 -20"><span class='ocrx_word' id='word_1_415' title='bbox 528 5608 761 5679; x_wconf 80' lang='lat' dir='ltr'><strong>sublegit</strong></span> <span class='ocrx_word' id='word_1_416' title='bbox 800 5607 1086 5665; x_wconf 87' lang='lat' dir='ltr'><strong>homilias?</strong></span> <span class='ocrx_word' id='word_1_417' title='bbox 1122 5609 1204 5663; x_wconf 82' lang='lat' dir='ltr'><strong>An</strong></span> <span class='ocrx_word' id='word_1_418' title='bbox 1248 5617 1475 5680; x_wconf 86' lang='lat' dir='ltr'><strong>uterque</strong></span> <span class='ocrx_word' id='word_1_419' title='bbox 1519 5609 1845 5680; x_wconf 87' lang='lat' dir='ltr'><strong>Cerameus,</strong></span> <span class='ocrx_word' id='word_1_420' title='bbox 1881 5620 2108 5683; x_wconf 88' lang='lat' dir='ltr'><strong>uterque</strong></span> 
     </span>
    </p>
   </div>
   <div class='ocr_carea' id='block_1_59' title="bbox 528 5699 2107 5777">
    <p class='ocr_par' dir='ltr' id='par_1_59' title="bbox 528 5699 2107 5777">
     <span class='ocr_line' id='line_1_59' title="bbox 528 5699 2107 5777; baseline 0.004 -24"><span class='ocrx_word' id='word_1_421' title='bbox 528 5699 967 5772; x_wconf 88' lang='lat' dir='ltr'><strong>archiepiscopus</strong></span> <span class='ocrx_word' id='word_1_422' title='bbox 989 5700 1359 5768; x_wconf 88' lang='lat' dir='ltr'><strong>Tauromenii,</strong></span> <span class='ocrx_word' id='word_1_423' title='bbox 1383 5712 1608 5775; x_wconf 89' lang='lat' dir='ltr'><strong>uterque</strong></span> <span class='ocrx_word' id='word_1_424' title='bbox 1636 5704 2107 5777; x_wconf 81' lang='lat' dir='ltr'><strong>sapientissimus?</strong></span> 
     </span>
    </p>
   </div>
   <div class='ocr_carea' id='block_1_60' title="bbox 525 5794 2102 5869">
    <p class='ocr_par' dir='ltr' id='par_1_60' title="bbox 525 5794 2102 5869">
     <span class='ocr_line' id='line_1_60' title="bbox 525 5794 2102 5869; baseline 0.004 -20"><span class='ocrx_word' id='word_1_425' title='bbox 525 5799 581 5849; x_wconf 78' lang='lat' dir='ltr'><strong>et</strong></span> <span class='ocrx_word' id='word_1_426' title='bbox 614 5803 792 5851; x_wconf 86' lang='lat' dir='ltr'><strong>tamen</strong></span> <span class='ocrx_word' id='word_1_427' title='bbox 828 5810 966 5853; x_wconf 88' lang='lat' dir='ltr'><strong>unus</strong></span> <span class='ocrx_word' id='word_1_428' title='bbox 998 5797 1066 5853; x_wconf 80' lang='lat' dir='ltr'><strong>ab</strong></span> <span class='ocrx_word' id='word_1_429' title='bbox 1100 5796 1273 5857; x_wconf 82' lang='lat' dir='ltr'><strong>altero</strong></span> <span class='ocrx_word' id='word_1_430' title='bbox 1303 5794 1508 5856; x_wconf 78' lang='lat' dir='ltr'><strong>furatus</strong></span> <span class='ocrx_word' id='word_1_431' title='bbox 1538 5798 1657 5854; x_wconf 84' lang='lat' dir='ltr'><strong>est?</strong></span> <span class='ocrx_word' id='word_1_432' title='bbox 1693 5797 1799 5855; x_wconf 85' lang='lat' dir='ltr'><strong>Sed</strong></span> <span class='ocrx_word' id='word_1_433' title='bbox 1833 5811 1901 5854; x_wconf 88' lang='lat' dir='ltr'><strong>ne</strong></span> <span class='ocrx_word' id='word_1_434' title='bbox 1932 5798 2102 5869; x_wconf 79' lang='lat' dir='ltr'><strong>gratis</strong></span> 
     </span>
    </p>
   </div>
   <div class='ocr_carea' id='block_1_61' title="bbox 2200 440 3787 515">
    <p class='ocr_par' dir='ltr' id='par_1_61' title="bbox 2200 440 3787 515">
     <span class='ocr_line' id='line_1_61' title="bbox 2200 440 3787 515; baseline 0.003 -18"><span class='ocrx_word' id='word_1_435' title='bbox 2200 454 2257 497; x_wconf 89' lang='lat' dir='ltr'><strong>et</strong></span> <span class='ocrx_word' id='word_1_436' title='bbox 2287 456 2352 498; x_wconf 82' lang='lat' dir='ltr'><strong>ex</strong></span> <span class='ocrx_word' id='word_1_437' title='bbox 2388 456 2575 499; x_wconf 90' lang='lat' dir='ltr'><strong>amore</strong></span> <span class='ocrx_word' id='word_1_438' title='bbox 2612 442 2851 515; x_wconf 86' lang='lat' dir='ltr'><strong>suscepti</strong></span> <span class='ocrx_word' id='word_1_439' title='bbox 2880 440 3076 514; x_wconf 75' lang='lat' dir='ltr'><strong>’operis</strong></span> <span class='ocrx_word' id='word_1_440' title='bbox 3114 443 3167 499; x_wconf 89' lang='lat' dir='ltr'><strong>id</strong></span> <span class='ocrx_word' id='word_1_441' title='bbox 3210 442 3440 500; x_wconf 78' lang='lat' dir='ltr'><strong>infleiari</strong></span> <span class='ocrx_word' id='word_1_442' title='bbox 3476 442 3787 509; x_wconf 86' lang='lat' dir='ltr'><strong>videamur,</strong></span> 
     </span>
    </p>
   </div>
   <div class='ocr_carea' id='block_1_62' title="bbox 2201 536 3793 608">
    <p class='ocr_par' dir='ltr' id='par_1_62' title="bbox 2201 536 3793 608">
     <span class='ocr_line' id='line_1_62' title="bbox 2201 536 3793 608; baseline 0.001 -17"><span class='ocrx_word' id='word_1_443' title='bbox 2201 545 2349 591; x_wconf 89' lang='lat' dir='ltr'><strong>certe</strong></span> <span class='ocrx_word' id='word_1_444' title='bbox 2392 537 2653 606; x_wconf 66' lang='lat' dir='ltr'><strong>prooemia</strong></span> <span class='ocrx_word' id='word_1_445' title='bbox 2700 538 2814 608; x_wconf 84' lang='lat' dir='ltr'><strong>ipsa</strong></span> <span class='ocrx_word' id='word_1_446' title='bbox 2854 552 3084 606; x_wconf 91' lang='lat' dir='ltr'><strong>quorum</strong></span> <span class='ocrx_word' id='word_1_447' title='bbox 3129 537 3294 591; x_wconf 88' lang='lat' dir='ltr'><strong>multa</strong></span> <span class='ocrx_word' id='word_1_448' title='bbox 3339 551 3447 592; x_wconf 90' lang='lat' dir='ltr'><strong>non</strong></span> <span class='ocrx_word' id='word_1_449' title='bbox 3489 551 3557 590; x_wconf 77' lang='lat' dir='ltr'><strong>ex</strong></span> <span class='ocrx_word' id='word_1_450' title='bbox 3601 536 3793 606; x_wconf 84' lang='lat' dir='ltr'><strong>aliquo</strong></span> 
     </span>
    </p>
   </div>
   <div class='ocr_carea' id='block_1_63' title="bbox 2204 627 3793 697">
    <p class='ocr_par' dir='ltr' id='par_1_63' title="bbox 2204 627 3793 697">
     <span class='ocr_line' id='line_1_63' title="bbox 2204 627 3793 697; baseline 0 -16"><span class='ocrx_word' id='word_1_451' title='bbox 2204 628 2322 684; x_wconf 90' lang='lat' dir='ltr'><strong>loco</strong></span> <span class='ocrx_word' id='word_1_452' title='bbox 2355 628 2651 693; x_wconf 82' lang='lat' dir='ltr'><strong>communi,</strong></span> <span class='ocrx_word' id='word_1_453' title='bbox 2678 629 2773 684; x_wconf 89' lang='lat' dir='ltr'><strong>sed</strong></span> <span class='ocrx_word' id='word_1_454' title='bbox 2810 643 2876 683; x_wconf 76' lang='lat' dir='ltr'><strong>ex</strong></span> <span class='ocrx_word' id='word_1_455' title='bbox 2916 638 3158 697; x_wconf 85' lang='lat' dir='ltr'><strong>tempore</strong></span> <span class='ocrx_word' id='word_1_456' title='bbox 3186 636 3240 683; x_wconf 90' lang='lat' dir='ltr'><strong>et</strong></span> <span class='ocrx_word' id='word_1_457' title='bbox 3270 627 3390 682; x_wconf 90' lang='lat' dir='ltr'><strong>loco</strong></span> <span class='ocrx_word' id='word_1_458' title='bbox 3420 627 3556 696; x_wconf 92' lang='lat' dir='ltr'><strong>ipso,</strong></span> <span class='ocrx_word' id='word_1_459' title='bbox 3590 627 3642 681; x_wconf 89' lang='lat' dir='ltr'><strong>in</strong></span> <span class='ocrx_word' id='word_1_460' title='bbox 3675 641 3793 697; x_wconf 88' lang='lat' dir='ltr'><strong>quo</strong></span> 
     </span>
    </p>
   </div>
   <div class='ocr_carea' id='block_1_64' title="bbox 2205 720 3792 789">
    <p class='ocr_par' dir='ltr' id='par_1_64' title="bbox 2205 720 3792 789">
     <span class='ocr_line' id='line_1_64' title="bbox 2205 720 3792 789; baseline 0.001 -17"><span class='ocrx_word' id='word_1_461' title='bbox 2205 720 2545 786; x_wconf 88' lang='lat' dir='ltr'><strong>dicebantur,</strong></span> <span class='ocrx_word' id='word_1_462' title='bbox 2574 730 2625 775; x_wconf 91' lang='lat' dir='ltr'><strong>et</strong></span> <span class='ocrx_word' id='word_1_463' title='bbox 2660 734 2725 774; x_wconf 76' lang='lat' dir='ltr'><strong>ex</strong></span> <span class='ocrx_word' id='word_1_464' title='bbox 2757 720 2975 778; x_wconf 88' lang='lat' dir='ltr'><strong>casibus</strong></span> <span class='ocrx_word' id='word_1_465' title='bbox 3004 720 3240 776; x_wconf 80' lang='lat' dir='ltr'><strong>fortuitis</strong></span> <span class='ocrx_word' id='word_1_466' title='bbox 3271 735 3337 775; x_wconf 91' lang='lat' dir='ltr'><strong>eo</strong></span> <span class='ocrx_word' id='word_1_467' title='bbox 3368 729 3610 789; x_wconf 84' lang='lat' dir='ltr'><strong>tempore</strong></span> <span class='ocrx_word' id='word_1_468' title='bbox 3643 720 3792 775; x_wconf 82' lang='lat' dir='ltr'><strong>inci-</strong></span> 
     </span>
    </p>
   </div>
   <div class='ocr_carea' id='block_1_65' title="bbox 2206 810 3796 881">
    <p class='ocr_par' dir='ltr' id='par_1_65' title="bbox 2206 810 3796 881">
     <span class='ocr_line' id='line_1_65' title="bbox 2206 810 3796 881; baseline 0.001 -19"><span class='ocrx_word' id='word_1_469' title='bbox 2206 810 2456 865; x_wconf 88' lang='lat' dir='ltr'><strong>dentibus</strong></span> <span class='ocrx_word' id='word_1_470' title='bbox 2498 821 2733 879; x_wconf 88' lang='lat' dir='ltr'><strong>sumpta,</strong></span> <span class='ocrx_word' id='word_1_471' title='bbox 2765 819 2821 867; x_wconf 88' lang='lat' dir='ltr'><strong>et</strong></span> <span class='ocrx_word' id='word_1_472' title='bbox 2857 825 2995 881; x_wconf 89' lang='lat' dir='ltr'><strong>pene</strong></span> <span class='ocrx_word' id='word_1_473' title='bbox 3032 811 3420 879; x_wconf 79' lang='lat' dir='ltr'><strong>extemporalia</strong></span> <span class='ocrx_word' id='word_1_474' title='bbox 3459 821 3607 875; x_wconf 89' lang='lat' dir='ltr'><strong>sunt,</strong></span> <span class='ocrx_word' id='word_1_475' title='bbox 3635 818 3692 866; x_wconf 87' lang='lat' dir='ltr'><strong>et.</strong></span> <span class='ocrx_word' id='word_1_476' title='bbox 3727 820 3796 864; x_wconf 90' lang='lat' dir='ltr'><strong>ut</strong></span> 
     </span>
    </p>
   </div>
   <div class='ocr_carea' id='block_1_66' title="bbox 2205 901 3796 973">
    <p class='ocr_par' dir='ltr' id='par_1_66' title="bbox 2205 901 3796 973">
     <span class='ocr_line' id='line_1_66' title="bbox 2205 901 3796 973; baseline -0.001 -15"><span class='ocrx_word' id='word_1_477' title='bbox 2205 913 2317 958; x_wconf 89' lang='lat' dir='ltr'><strong>tum</strong></span> <span class='ocrx_word' id='word_1_478' title='bbox 2361 903 2700 969; x_wconf 83' lang='lat' dir='ltr'><strong>dicebantur,</strong></span> <span class='ocrx_word' id='word_1_479' title='bbox 2736 913 2983 972; x_wconf 77' lang='lat' dir='ltr'><strong>excepta,</strong></span> <span class='ocrx_word' id='word_1_480' title='bbox 3020 912 3072 958; x_wconf 91' lang='lat' dir='ltr'><strong>et</strong></span> <span class='ocrx_word' id='word_1_481' title='bbox 3114 903 3281 956; x_wconf 87' lang='lat' dir='ltr'><strong>multa</strong></span> <span class='ocrx_word' id='word_1_482' title='bbox 3326 901 3619 973; x_wconf 85' lang='lat' dir='ltr'><strong>singularia</strong></span> <span class='ocrx_word' id='word_1_483' title='bbox 3662 917 3796 972; x_wconf 64' lang='lat' dir='ltr'><strong>quae</strong></span> 
     </span>
    </p>
   </div>
   <div class='ocr_carea' id='block_1_67' title="bbox 2206 995 3792 1073">
    <p class='ocr_par' dir='ltr' id='par_1_67' title="bbox 2206 995 3792 1073">
     <span class='ocr_line' id='line_1_67' title="bbox 2206 995 3792 1073; baseline -0.002 -23"><span class='ocrx_word' id='word_1_484' title='bbox 2206 1005 2321 1050; x_wconf 88' lang='lat' dir='ltr'><strong>tmn</strong></span> <span class='ocrx_word' id='word_1_485' title='bbox 2372 995 2424 1073; x_wconf 80' lang='lat' dir='ltr'><strong>in</strong></span> <span class='ocrx_word' id='word_1_486' title='bbox 2470 995 2635 1066; x_wconf 86' lang='lat' dir='ltr'><strong>ipsis,</strong></span> <span class='ocrx_word' id='word_1_487' title='bbox 2667 1006 2776 1050; x_wconf 91' lang='lat' dir='ltr'><strong>tum</strong></span> <span class='ocrx_word' id='word_1_488' title='bbox 2825 996 2968 1051; x_wconf 89' lang='lat' dir='ltr'><strong>inter</strong></span> <span class='ocrx_word' id='word_1_489' title='bbox 3014 996 3304 1052; x_wconf 86' lang='lat' dir='ltr'><strong>dicendum</strong></span> <span class='ocrx_word' id='word_1_490' title='bbox 3351 1005 3646 1051; x_wconf 90' lang='lat' dir='ltr'><strong>occurrunt</strong></span> <span class='ocrx_word' id='word_1_491' title='bbox 3691 996 3792 1048; x_wconf 85' lang='lat' dir='ltr'><strong>nni</strong></span> 
     </span>
    </p>
   </div>
   <div class='ocr_carea' id='block_1_68' title="bbox 2204 1086 3795 1159">
    <p class='ocr_par' dir='ltr' id='par_1_68' title="bbox 2204 1086 3795 1159">
     <span class='ocr_line' id='line_1_68' title="bbox 2204 1086 3795 1159; baseline -0.004 -15"><span class='ocrx_word' id='word_1_492' title='bbox 2204 1087 2487 1156; x_wconf 88' lang='lat' dir='ltr'><strong>eidemque</strong></span> <span class='ocrx_word' id='word_1_493' title='bbox 2521 1088 2813 1159; x_wconf 86' lang='lat' dir='ltr'><strong>contigisse</strong></span> <span class='ocrx_word' id='word_1_494' title='bbox 2848 1087 3204 1151; x_wconf 88' lang='lat' dir='ltr'><strong>credendum,</strong></span> <span class='ocrx_word' id='word_1_495' title='bbox 3233 1087 3446 1141; x_wconf 82' lang='lat' dir='ltr'><strong>duobus</strong></span> <span class='ocrx_word' id='word_1_496' title='bbox 3479 1096 3536 1140; x_wconf 91' lang='lat' dir='ltr'><strong>ut</strong></span> <span class='ocrx_word' id='word_1_497' title='bbox 3568 1086 3795 1141; x_wconf 86' lang='lat' dir='ltr'><strong>contin-</strong></span> 
     </span>
    </p>
   </div>
   <div class='ocr_carea' id='block_1_69' title="bbox 2207 1178 3793 1251">
    <p class='ocr_par' dir='ltr' id='par_1_69' title="bbox 2207 1178 3793 1251">
     <span class='ocr_line' id='line_1_69' title="bbox 2207 1178 3793 1251; baseline 0.001 -21"><span class='ocrx_word' id='word_1_498' title='bbox 2207 1188 2332 1251; x_wconf 81' lang='lat' dir='ltr'><strong>ganl</strong></span> <span class='ocrx_word' id='word_1_499' title='bbox 2362 1179 2474 1234; x_wconf 90' lang='lat' dir='ltr'><strong>fieri</strong></span> <span class='ocrx_word' id='word_1_500' title='bbox 2503 1181 2725 1235; x_wconf 87' lang='lat' dir='ltr'><strong>omnino</strong></span> <span class='ocrx_word' id='word_1_501' title='bbox 2756 1195 2861 1233; x_wconf 91' lang='lat' dir='ltr'><strong>non</strong></span> <span class='ocrx_word' id='word_1_502' title='bbox 2898 1188 3095 1248; x_wconf 87' lang='lat' dir='ltr'><strong>potest,</strong></span> <span class='ocrx_word' id='word_1_503' title='bbox 3122 1192 3176 1234; x_wconf 89' lang='lat' dir='ltr'><strong>et</strong></span> <span class='ocrx_word' id='word_1_504' title='bbox 3207 1190 3385 1234; x_wconf 89' lang='lat' dir='ltr'><strong>tamen</strong></span> <span class='ocrx_word' id='word_1_505' title='bbox 3420 1193 3703 1234; x_wconf 88' lang='lat' dir='ltr'><strong>sermones</strong></span> <span class='ocrx_word' id='word_1_506' title='bbox 3730 1178 3793 1233; x_wconf 93' lang='lat' dir='ltr'><strong>hi</strong></span> 
     </span>
    </p>
   </div>
   <div class='ocr_carea' id='block_1_70' title="bbox 2210 1269 3795 1341">
    <p class='ocr_par' dir='ltr' id='par_1_70' title="bbox 2210 1269 3795 1341">
     <span class='ocr_line' id='line_1_70' title="bbox 2210 1269 3795 1341; baseline 0.001 -16"><span class='ocrx_word' id='word_1_507' title='bbox 2210 1272 2306 1325; x_wconf 92' lang='lat' dir='ltr'><strong>toti</strong></span> <span class='ocrx_word' id='word_1_508' title='bbox 2343 1286 2466 1326; x_wconf 91' lang='lat' dir='ltr'><strong>cum</strong></span> <span class='ocrx_word' id='word_1_509' title='bbox 2499 1270 2751 1326; x_wconf 87' lang='lat' dir='ltr'><strong>omnibus</strong></span> <span class='ocrx_word' id='word_1_510' title='bbox 2784 1281 2837 1326; x_wconf 87' lang='lat' dir='ltr'><strong>et</strong></span> <span class='ocrx_word' id='word_1_511' title='bbox 2870 1272 3099 1341; x_wconf 83' lang='lat' dir='ltr'><strong>singulis</strong></span> <span class='ocrx_word' id='word_1_512' title='bbox 3133 1272 3249 1326; x_wconf 90' lang='lat' dir='ltr'><strong>suis</strong></span> <span class='ocrx_word' id='word_1_513' title='bbox 3289 1269 3533 1340; x_wconf 84' lang='lat' dir='ltr'><strong>partibus</strong></span> <span class='ocrx_word' id='word_1_514' title='bbox 3569 1271 3795 1340; x_wconf 85' lang='lat' dir='ltr'><strong>utrique</strong></span> 
     </span>
    </p>
   </div>
   <div class='ocr_carea' id='block_1_71' title="bbox 2208 1362 3789 1435">
    <p class='ocr_par' dir='ltr' id='par_1_71' title="bbox 2208 1362 3789 1435">
     <span class='ocr_line' id='line_1_71' title="bbox 2208 1362 3789 1435; baseline 0.001 -17"><span class='ocrx_word' id='word_1_515' title='bbox 2208 1365 2538 1419; x_wconf 89' lang='lat' dir='ltr'><strong>tribuuntur.</strong></span> <span class='ocrx_word' id='word_1_516' title='bbox 2572 1365 2811 1435; x_wconf 84' lang='lat' dir='ltr'><strong>Tangam</strong></span> <span class='ocrx_word' id='word_1_517' title='bbox 2843 1372 3161 1430; x_wconf 83' lang='lat' dir='ltr'><strong>argumenta</strong></span> <span class='ocrx_word' id='word_1_518' title='bbox 3193 1362 3371 1434; x_wconf 85' lang='lat' dir='ltr'><strong>aliqua</strong></span> <span class='ocrx_word' id='word_1_519' title='bbox 3402 1364 3537 1419; x_wconf 89' lang='lat' dir='ltr'><strong>dicis</strong></span> <span class='ocrx_word' id='word_1_520' title='bbox 3566 1378 3733 1419; x_wconf 89' lang='lat' dir='ltr'><strong>causa</strong></span> <span class='ocrx_word' id='word_1_521' title='bbox 3769 1381 3789 1419; x_wconf 92' lang='lat'><strong>:</strong></span> 
     </span>
    </p>
   </div>
   <div class='ocr_carea' id='block_1_72' title="bbox 2204 1452 3790 1528">
    <p class='ocr_par' dir='ltr' id='par_1_72' title="bbox 2204 1452 3790 1528">
     <span class='ocr_line' id='line_1_72' title="bbox 2204 1452 3790 1528; baseline -0.003 -16"><span class='ocrx_word' id='word_1_522' title='bbox 2204 1458 2272 1513; x_wconf 90' lang='lat' dir='ltr'><strong>de</strong></span> <span class='ocrx_word' id='word_1_523' title='bbox 2297 1460 2508 1513; x_wconf 86' lang='lat' dir='ltr'><strong>caeteris</strong></span> <span class='ocrx_word' id='word_1_524' title='bbox 2529 1473 2648 1528; x_wconf 69' lang='lat' dir='ltr'><strong>quae</strong></span> <span class='ocrx_word' id='word_1_525' title='bbox 2676 1472 2887 1527; x_wconf 87' lang='lat' dir='ltr'><strong>possem</strong></span> <span class='ocrx_word' id='word_1_526' title='bbox 2914 1452 3127 1517; x_wconf 75' lang='lat' dir='ltr'><strong>afferre,</strong></span> <span class='ocrx_word' id='word_1_527' title='bbox 3153 1470 3382 1523; x_wconf 70' lang='lat' dir='ltr'><strong>qumque</strong></span> <span class='ocrx_word' id='word_1_528' title='bbox 3412 1455 3581 1511; x_wconf 88' lang='lat' dir='ltr'><strong>lector</strong></span> <span class='ocrx_word' id='word_1_529' title='bbox 3606 1455 3790 1509; x_wconf 81' lang='lat' dir='ltr'><strong>anim-</strong></span> 
     </span>
    </p>
   </div>
   <div class='ocr_carea' id='block_1_73' title="bbox 2205 1547 3784 1619">
    <p class='ocr_par' dir='ltr' id='par_1_73' title="bbox 2205 1547 3784 1619">
     <span class='ocr_line' id='line_1_73' title="bbox 2205 1547 3784 1619; baseline -0.004 -14"><span class='ocrx_word' id='word_1_530' title='bbox 2205 1553 2485 1607; x_wconf 85' lang='lat' dir='ltr'><strong>advertere</strong></span> <span class='ocrx_word' id='word_1_531' title='bbox 2526 1566 2621 1619; x_wconf 88' lang='lat' dir='ltr'><strong>per</strong></span> <span class='ocrx_word' id='word_1_532' title='bbox 2654 1564 2711 1606; x_wconf 85' lang='lat' dir='ltr'><strong>se</strong></span> <span class='ocrx_word' id='word_1_533' title='bbox 2747 1559 2953 1619; x_wconf 85' lang='lat' dir='ltr'><strong>potest,</strong></span> <span class='ocrx_word' id='word_1_534' title='bbox 2986 1549 3148 1605; x_wconf 80' lang='lat' dir='ltr'><strong>faciat</strong></span> <span class='ocrx_word' id='word_1_535' title='bbox 3177 1548 3355 1619; x_wconf 84' lang='lat' dir='ltr'><strong>quivis</strong></span> <span class='ocrx_word' id='word_1_536' title='bbox 3388 1547 3784 1615; x_wconf 86' lang='lat' dir='ltr'><strong>conjecturam.</strong></span> 
     </span>
    </p>
   </div>
   <div class='ocr_carea' id='block_1_74' title="bbox 2206 1635 3788 1707">
    <p class='ocr_par' dir='ltr' id='par_1_74' title="bbox 2206 1635 3788 1707">
     <span class='ocr_line' id='line_1_74' title="bbox 2206 1635 3788 1707; baseline -0.008 -9"><span class='ocrx_word' id='word_1_537' title='bbox 2206 1644 2263 1698; x_wconf 83' lang='grc' dir='ltr'><strong>ιιι</strong></span> <span class='ocrx_word' id='word_1_538' title='bbox 2315 1642 2537 1697; x_wconf 70' lang='lat' dir='ltr'><strong>homilia</strong></span> <span class='ocrx_word' id='word_1_539' title='bbox 2584 1642 2651 1696; x_wconf 90' lang='lat' dir='ltr'><strong>de</strong></span> <span class='ocrx_word' id='word_1_540' title='bbox 2693 1642 2801 1696; x_wconf 88' lang='lat' dir='ltr'><strong>filio</strong></span> <span class='ocrx_word' id='word_1_541' title='bbox 2840 1641 3013 1695; x_wconf 66' lang='lat' dir='ltr'><strong>vidum</strong></span> <span class='ocrx_word' id='word_1_542' title='bbox 3056 1638 3263 1707; x_wconf 79' lang='lat' dir='ltr'><strong>(Itomil.</strong></span> <span class='ocrx_word' id='word_1_543' title='bbox 3290 1635 3366 1706; x_wconf 85' lang='lat' dir='ltr'><strong>vt)</strong></span> <span class='ocrx_word' id='word_1_544' title='bbox 3411 1645 3602 1689; x_wconf 91' lang='lat' dir='ltr'><strong>auctor</strong></span> <span class='ocrx_word' id='word_1_545' title='bbox 3639 1635 3788 1689; x_wconf 75' lang='lat' dir='ltr'><strong>aliud</strong></span> 
     </span>
    </p>
   </div>
   <div class='ocr_carea' id='block_1_75' title="bbox 2206 1723 3792 1805">
    <p class='ocr_par' dir='ltr' id='par_1_75' title="bbox 2206 1723 3792 1805">
     <span class='ocr_line' id='line_1_75' title="bbox 2206 1723 3792 1805; baseline -0.007 -17"><span class='ocrx_word' id='word_1_546' title='bbox 2206 1734 2307 1789; x_wconf 89' lang='lat' dir='ltr'><strong>sibi</strong></span> <span class='ocrx_word' id='word_1_547' title='bbox 2339 1734 2661 1805; x_wconf 74' lang='lat' dir='ltr'><strong>prommium</strong></span> <span class='ocrx_word' id='word_1_548' title='bbox 2692 1733 3026 1803; x_wconf 83' lang='lat' dir='ltr'><strong>propositum</strong></span> <span class='ocrx_word' id='word_1_549' title='bbox 3052 1728 3220 1783; x_wconf 89' lang='lat' dir='ltr'><strong>fuisse</strong></span> <span class='ocrx_word' id='word_1_550' title='bbox 3244 1727 3397 1787; x_wconf 87' lang='lat' dir='ltr'><strong>dicit.</strong></span> <span class='ocrx_word' id='word_1_551' title='bbox 3419 1726 3514 1781; x_wconf 83' lang='lat' dir='ltr'><strong>sed</strong></span> <span class='ocrx_word' id='word_1_552' title='bbox 3541 1723 3792 1792; x_wconf 73' lang='lat' dir='ltr'><strong>conjecto</strong></span> 
     </span>
    </p>
   </div>
   <div class='ocr_carea' id='block_1_76' title="bbox 2209 1815 3793 1895">
    <p class='ocr_par' dir='ltr' id='par_1_76' title="bbox 2209 1815 3793 1895">
     <span class='ocr_line' id='line_1_76' title="bbox 2209 1815 3793 1895; baseline -0.008 -15"><span class='ocrx_word' id='word_1_553' title='bbox 2209 1827 2261 1881; x_wconf 91' lang='lat' dir='ltr'><strong>in</strong></span> <span class='ocrx_word' id='word_1_554' title='bbox 2314 1835 2522 1895; x_wconf 91' lang='lat' dir='ltr'><strong>partem</strong></span> <span class='ocrx_word' id='word_1_555' title='bbox 2552 1824 2719 1893; x_wconf 83' lang='lat' dir='ltr'><strong>_chori</strong></span> <span class='ocrx_word' id='word_1_556' title='bbox 2771 1825 3050 1879; x_wconf 77' lang='lat' dir='ltr'><strong>dexteram</strong></span> <span class='ocrx_word' id='word_1_557' title='bbox 3102 1819 3291 1885; x_wconf 91' lang='lat' dir='ltr'><strong>oculo,</strong></span> <span class='ocrx_word' id='word_1_558' title='bbox 3329 1827 3383 1872; x_wconf 91' lang='lat' dir='ltr'><strong>et</strong></span> <span class='ocrx_word' id='word_1_559' title='bbox 3433 1817 3562 1871; x_wconf 87' lang='lat' dir='ltr'><strong>sede</strong></span> <span class='ocrx_word' id='word_1_560' title='bbox 3607 1815 3793 1869; x_wconf 82' lang='lat' dir='ltr'><strong>fratris</strong></span> 
     </span>
    </p>
   </div>
   <div class='ocr_carea' id='block_1_77' title="bbox 2206 1910 3793 1987">
    <p class='ocr_par' dir='ltr' id='par_1_77' title="bbox 2206 1910 3793 1987">
     <span class='ocr_line' id='line_1_77' title="bbox 2206 1910 3793 1987; baseline -0.007 -13"><span class='ocrx_word' id='word_1_561' title='bbox 2206 1920 2474 1976; x_wconf 88' lang='lat' dir='ltr'><strong>demortui</strong></span> <span class='ocrx_word' id='word_1_562' title='bbox 2513 1933 2676 1973; x_wconf 84' lang='lat' dir='ltr'><strong>vacua</strong></span> <span class='ocrx_word' id='word_1_563' title='bbox 2711 1926 3024 1987; x_wconf 88' lang='lat' dir='ltr'><strong>conspecta,</strong></span> <span class='ocrx_word' id='word_1_564' title='bbox 3060 1922 3125 1971; x_wconf 86' lang='lat' dir='ltr'><strong>de</strong></span> <span class='ocrx_word' id='word_1_565' title='bbox 3164 1928 3229 1969; x_wconf 90' lang='lat' dir='ltr'><strong>eo</strong></span> <span class='ocrx_word' id='word_1_566' title='bbox 3271 1923 3323 1967; x_wconf 89' lang='lat' dir='ltr'><strong>et</strong></span> <span class='ocrx_word' id='word_1_567' title='bbox 3356 1912 3481 1966; x_wconf 74' lang='lat' dir='ltr'><strong>vitm</strong></span> <span class='ocrx_word' id='word_1_568' title='bbox 3523 1910 3793 1964; x_wconf 84' lang='lat' dir='ltr'><strong>brevitate</strong></span> 
     </span>
    </p>
   </div>
   <div class='ocr_carea' id='block_1_78' title="bbox 2206 2008 3793 2079">
    <p class='ocr_par' dir='ltr' id='par_1_78' title="bbox 2206 2008 3793 2079">
     <span class='ocr_line' id='line_1_78' title="bbox 2206 2008 3793 2079; baseline -0.009 -10"><span class='ocrx_word' id='word_1_569' title='bbox 2206 2015 2487 2069; x_wconf 76' lang='lat' dir='ltr'><strong>exordium</strong></span> <span class='ocrx_word' id='word_1_570' title='bbox 2534 2011 2736 2077; x_wconf 88' lang='lat' dir='ltr'><strong>facere,</strong></span> <span class='ocrx_word' id='word_1_571' title='bbox 2773 2020 2827 2065; x_wconf 89' lang='lat' dir='ltr'><strong>et</strong></span> <span class='ocrx_word' id='word_1_572' title='bbox 2872 2009 3035 2065; x_wconf 88' lang='lat' dir='ltr'><strong>animi</strong></span> <span class='ocrx_word' id='word_1_573' title='bbox 3078 2008 3414 2079; x_wconf 89' lang='lat' dir='ltr'><strong>propositum</strong></span> <span class='ocrx_word' id='word_1_574' title='bbox 3464 2015 3703 2070; x_wconf 89' lang='lat' dir='ltr'><strong>mutare,</strong></span> <span class='ocrx_word' id='word_1_575' title='bbox 3735 2010 3793 2054; x_wconf 88' lang='lat' dir='ltr'><strong>et</strong></span> 
     </span>
    </p>
   </div>
   <div class='ocr_carea' id='block_1_79' title="bbox 2207 2091 3791 2175">
    <p class='ocr_par' dir='ltr' id='par_1_79' title="bbox 2207 2091 3791 2175">
     <span class='ocr_line' id='line_1_79' title="bbox 2207 2091 3791 2175; baseline -0.009 -16"><span class='ocrx_word' id='word_1_576' title='bbox 2207 2105 2270 2159; x_wconf 86' lang='lat' dir='ltr'><strong>ad</strong></span> <span class='ocrx_word' id='word_1_577' title='bbox 2320 2104 2721 2175; x_wconf 85' lang='lat' dir='ltr'><strong>lacrymandum</strong></span> <span class='ocrx_word' id='word_1_578' title='bbox 2762 2101 2878 2171; x_wconf 78' lang='lat' dir='ltr'><strong>cogi</strong></span> <span class='ocrx_word' id='word_1_579' title='bbox 2921 2115 2980 2156; x_wconf 86' lang='lat' dir='ltr'><strong>se</strong></span> <span class='ocrx_word' id='word_1_580' title='bbox 3021 2100 3330 2155; x_wconf 82' lang='lat' dir='ltr'><strong>conﬁtetur.</strong></span> <span class='ocrx_word' id='word_1_581' title='bbox 3362 2096 3418 2150; x_wconf 85' lang='lat' dir='ltr'><strong>in</strong></span> <span class='ocrx_word' id='word_1_582' title='bbox 3458 2094 3677 2150; x_wconf 87' lang='lat' dir='ltr'><strong>homilia</strong></span> <span class='ocrx_word' id='word_1_583' title='bbox 3719 2091 3791 2147; x_wconf 85' lang='lat' dir='ltr'><strong>de</strong></span> 
     </span>
    </p>
   </div>
   <div class='ocr_carea' id='block_1_80' title="bbox 2209 2184 3788 2266">
    <p class='ocr_par' dir='ltr' id='par_1_80' title="bbox 2209 2184 3788 2266">
     <span class='ocr_line' id='line_1_80' title="bbox 2209 2184 3788 2266; baseline -0.009 -15"><span class='ocrx_word' id='word_1_584' title='bbox 2209 2196 2266 2251; x_wconf 92' lang='lat' dir='ltr'><strong>S.</strong></span> <span class='ocrx_word' id='word_1_585' title='bbox 2295 2195 2582 2251; x_wconf 85' lang='lat' dir='ltr'><strong>Pancratio</strong></span> <span class='ocrx_word' id='word_1_586' title='bbox 2612 2194 2825 2266; x_wconf 78' lang='lat' dir='ltr'><strong>(honu’l.</strong></span> <span class='ocrx_word' id='word_1_587' title='bbox 2856 2192 2986 2261; x_wconf 80' lang='lat' dir='ltr'><strong>Lvn)</strong></span> <span class='ocrx_word' id='word_1_588' title='bbox 3019 2206 3207 2262; x_wconf 89' lang='lat' dir='ltr'><strong>parum</strong></span> <span class='ocrx_word' id='word_1_589' title='bbox 3236 2190 3470 2244; x_wconf 87' lang='lat' dir='ltr'><strong>abfuisse</strong></span> <span class='ocrx_word' id='word_1_590' title='bbox 3500 2188 3632 2241; x_wconf 90' lang='lat' dir='ltr'><strong>dicit</strong></span> <span class='ocrx_word' id='word_1_591' title='bbox 3656 2184 3788 2254; x_wconf 88' lang='lat' dir='ltr'><strong>quin</strong></span> 
     </span>
    </p>
   </div>
   <div class='ocr_carea' id='block_1_81' title="bbox 2209 2276 3790 2357">
    <p class='ocr_par' dir='ltr' id='par_1_81' title="bbox 2209 2276 3790 2357">
     <span class='ocr_line' id='line_1_81' title="bbox 2209 2276 3790 2357; baseline -0.009 -15"><span class='ocrx_word' id='word_1_592' title='bbox 2209 2295 2332 2357; x_wconf 89' lang='lat' dir='ltr'><strong>post</strong></span> <span class='ocrx_word' id='word_1_593' title='bbox 2361 2286 2554 2341; x_wconf 84' lang='lat' dir='ltr'><strong>festum</strong></span> <span class='ocrx_word' id='word_1_594' title='bbox 2581 2285 2810 2349; x_wconf 87' lang='lat' dir='ltr'><strong>venerit,</strong></span> <span class='ocrx_word' id='word_1_595' title='bbox 2836 2298 2955 2338; x_wconf 89' lang='lat' dir='ltr'><strong>cum</strong></span> <span class='ocrx_word' id='word_1_596' title='bbox 2994 2281 3349 2336; x_wconf 86' lang='lat' dir='ltr'><strong>maturaverit</strong></span> <span class='ocrx_word' id='word_1_597' title='bbox 3376 2291 3556 2333; x_wconf 90' lang='lat' dir='ltr'><strong>tamen</strong></span> <span class='ocrx_word' id='word_1_598' title='bbox 3584 2279 3695 2330; x_wconf 82' lang='lat' dir='ltr'><strong>iter</strong></span> <span class='ocrx_word' id='word_1_599' title='bbox 3722 2276 3790 2328; x_wconf 90' lang='lat' dir='ltr'><strong>ad</strong></span> 
     </span>
    </p>
   </div>
   <div class='ocr_carea' id='block_1_82' title="bbox 2207 2367 3792 2444">
    <p class='ocr_par' dir='ltr' id='par_1_82' title="bbox 2207 2367 3792 2444">
     <span class='ocr_line' id='line_1_82' title="bbox 2207 2367 3792 2444; baseline -0.008 -13"><span class='ocrx_word' id='word_1_600' title='bbox 2207 2391 2330 2431; x_wconf 89' lang='lat' dir='ltr'><strong>eum</strong></span> <span class='ocrx_word' id='word_1_601' title='bbox 2355 2375 2495 2431; x_wconf 90' lang='lat' dir='ltr'><strong>diem</strong></span> <span class='ocrx_word' id='word_1_602' title='bbox 2525 2390 2646 2430; x_wconf 85' lang='lat' dir='ltr'><strong>cum</strong></span> <span class='ocrx_word' id='word_1_603' title='bbox 2678 2389 2778 2430; x_wconf 90' lang='lat' dir='ltr'><strong>suo</strong></span> <span class='ocrx_word' id='word_1_604' title='bbox 2807 2373 3002 2444; x_wconf 87' lang='lat' dir='ltr'><strong>populo</strong></span> <span class='ocrx_word' id='word_1_605' title='bbox 3029 2371 3440 2436; x_wconf 80' lang='lat' dir='ltr'><strong>celebrandum;</strong></span> <span class='ocrx_word' id='word_1_606' title='bbox 3473 2367 3567 2422; x_wconf 86' lang='lat' dir='ltr'><strong>sed</strong></span> <span class='ocrx_word' id='word_1_607' title='bbox 3589 2381 3792 2435; x_wconf 87' lang='lat' dir='ltr'><strong>quam-</strong></span> 
     </span>
    </p>
   </div>
   <div class='ocr_carea' id='block_1_83' title="bbox 2208 2448 3793 2525">
    <p class='ocr_par' dir='ltr' id='par_1_83' title="bbox 2208 2448 3793 2525">
     <span class='ocr_line' id='line_1_83' title="bbox 2208 2448 3793 2525; baseline -0.009 -2"><span class='ocrx_word' id='word_1_608' title='bbox 2208 2469 2289 2525; x_wconf 85' lang='lat' dir='ltr'><strong>vis</strong></span> <span class='ocrx_word' id='word_1_609' title='bbox 2332 2468 2507 2523; x_wconf 81' lang='lat' dir='ltr'><strong>fessus</strong></span> <span class='ocrx_word' id='word_1_610' title='bbox 2554 2478 2608 2522; x_wconf 88' lang='lat' dir='ltr'><strong>et</strong></span> <span class='ocrx_word' id='word_1_611' title='bbox 2655 2466 2903 2521; x_wconf 88' lang='lat' dir='ltr'><strong>infirmus</strong></span> <span class='ocrx_word' id='word_1_612' title='bbox 2946 2481 3011 2519; x_wconf 76' lang='lat' dir='ltr'><strong>ex</strong></span> <span class='ocrx_word' id='word_1_613' title='bbox 3067 2464 3257 2517; x_wconf 87' lang='lat' dir='ltr'><strong>itinere</strong></span> <span class='ocrx_word' id='word_1_614' title='bbox 3302 2448 3604 2525; x_wconf 84' lang='lat' dir='ltr'><strong>advenerit,</strong></span> <span class='ocrx_word' id='word_1_615' title='bbox 3636 2456 3793 2511; x_wconf 86' lang='lat' dir='ltr'><strong>nolle</strong></span> 
     </span>
    </p>
   </div>
   <div class='ocr_carea' id='block_1_84' title="bbox 2210 2552 3793 2618">
    <p class='ocr_par' dir='ltr' id='par_1_84' title="bbox 2210 2552 3793 2618">
     <span class='ocr_line' id='line_1_84' title="bbox 2210 2552 3793 2618; baseline -0.008 0"><span class='ocrx_word' id='word_1_616' title='bbox 2210 2572 2386 2618; x_wconf 87' lang='lat' dir='ltr'><strong>tamen</strong></span> <span class='ocrx_word' id='word_1_617' title='bbox 2437 2560 2672 2614; x_wconf 84' lang='lat' dir='ltr'><strong>sermoni</strong></span> <span class='ocrx_word' id='word_1_618' title='bbox 2723 2560 2928 2614; x_wconf 80' lang='lat' dir='ltr'><strong>deesse.</strong></span> <span class='ocrx_word' id='word_1_619' title='bbox 2966 2556 3021 2610; x_wconf 84' lang='lat' dir='ltr'><strong>in</strong></span> <span class='ocrx_word' id='word_1_620' title='bbox 3071 2556 3290 2612; x_wconf 90' lang='lat' dir='ltr'><strong>homilia</strong></span> <span class='ocrx_word' id='word_1_621' title='bbox 3341 2555 3405 2609; x_wconf 91' lang='lat' dir='ltr'><strong>de</strong></span> <span class='ocrx_word' id='word_1_622' title='bbox 3450 2552 3793 2608; x_wconf 83' lang='lat' dir='ltr'><strong>Centurione</strong></span> 
     </span>
    </p>
   </div>
   <div class='ocr_carea' id='block_1_85' title="bbox 2209 2642 3786 2725">
    <p class='ocr_par' dir='ltr' id='par_1_85' title="bbox 2209 2642 3786 2725">
     <span class='ocr_line' id='line_1_85' title="bbox 2209 2642 3786 2725; baseline -0.01 -17"><span class='ocrx_word' id='word_1_623' title='bbox 2209 2654 2419 2725; x_wconf 85' lang='lat' dir='ltr'><strong>(homil.</strong></span> <span class='ocrx_word' id='word_1_624' title='bbox 2454 2652 2601 2721; x_wconf 71' lang='grc' dir='ltr'><strong>ιιιν)</strong></span> <span class='ocrx_word' id='word_1_625' title='bbox 2633 2652 2960 2705; x_wconf 87' lang='lat' dir='ltr'><strong>mentionem</strong></span> <span class='ocrx_word' id='word_1_626' title='bbox 2993 2649 3120 2703; x_wconf 84' lang='lat' dir='ltr'><strong>facit</strong></span> <span class='ocrx_word' id='word_1_627' title='bbox 3149 2645 3532 2701; x_wconf 74' lang='lat' dir='ltr'><strong>controversia:</strong></span> <span class='ocrx_word' id='word_1_628' title='bbox 3557 2642 3786 2713; x_wconf 77' lang='lat' dir='ltr'><strong>indicia-</strong></span> 
     </span>
    </p>
   </div>
   <div class='ocr_carea' id='block_1_86' title="bbox 2212 2737 3793 2815">
    <p class='ocr_par' dir='ltr' id='par_1_86' title="bbox 2212 2737 3793 2815">
     <span class='ocr_line' id='line_1_86' title="bbox 2212 2737 3793 2815; baseline -0.009 -14"><span class='ocrx_word' id='word_1_629' title='bbox 2212 2748 2324 2811; x_wconf 75' lang='lat' dir='ltr'><strong>riae,</strong></span> <span class='ocrx_word' id='word_1_630' title='bbox 2355 2748 2470 2815; x_wconf 86' lang='lat' dir='ltr'><strong>ipso</strong></span> <span class='ocrx_word' id='word_1_631' title='bbox 2506 2744 2739 2798; x_wconf 76' lang='lat' dir='ltr'><strong>habendi</strong></span> <span class='ocrx_word' id='word_1_632' title='bbox 2777 2743 3045 2799; x_wconf 87' lang='lat' dir='ltr'><strong>sermonis</strong></span> <span class='ocrx_word' id='word_1_633' title='bbox 3080 2740 3309 2796; x_wconf 90' lang='lat' dir='ltr'><strong>articulo</strong></span> <span class='ocrx_word' id='word_1_634' title='bbox 3341 2738 3443 2793; x_wconf 91' lang='lat' dir='ltr'><strong>sibi</strong></span> <span class='ocrx_word' id='word_1_635' title='bbox 3476 2737 3687 2798; x_wconf 81' lang='lat' dir='ltr'><strong>oblaue,</strong></span> <span class='ocrx_word' id='word_1_636' title='bbox 3726 2740 3793 2789; x_wconf 76' lang='lat' dir='ltr'><strong>ut</strong></span> 
     </span>
    </p>
   </div>
   <div class='ocr_carea' id='block_1_87' title="bbox 2202 2827 3789 2908">
    <p class='ocr_par' dir='ltr' id='par_1_87' title="bbox 2202 2827 3789 2908">
     <span class='ocr_line' id='line_1_87' title="bbox 2202 2827 3789 2908; baseline -0.008 -13"><span class='ocrx_word' id='word_1_637' title='bbox 2202 2840 2313 2908; x_wconf 85' lang='lat' dir='ltr'><strong>jam</strong></span> <span class='ocrx_word' id='word_1_638' title='bbox 2340 2842 2507 2894; x_wconf 81' lang='lat' dir='ltr'><strong>ferme</strong></span> <span class='ocrx_word' id='word_1_639' title='bbox 2532 2837 2726 2892; x_wconf 86' lang='lat' dir='ltr'><strong>diaboli</strong></span> <span class='ocrx_word' id='word_1_640' title='bbox 2751 2836 2942 2890; x_wconf 84' lang='lat' dir='ltr'><strong>fraude</strong></span> <span class='ocrx_word' id='word_1_641' title='bbox 2967 2844 3264 2890; x_wconf 84' lang='lat' dir='ltr'><strong>conventus</strong></span> <span class='ocrx_word' id='word_1_642' title='bbox 3287 2831 3449 2885; x_wconf 86' lang='lat' dir='ltr'><strong>fuerit</strong></span> <span class='ocrx_word' id='word_1_643' title='bbox 3473 2827 3789 2899; x_wconf 88' lang='lat' dir='ltr'><strong>impeditus.</strong></span> 
     </span>
    </p>
   </div>
   <div class='ocr_carea' id='block_1_88' title="bbox 2208 2920 3792 2990">
    <p class='ocr_par' dir='ltr' id='par_1_88' title="bbox 2208 2920 3792 2990">
     <span class='ocr_line' id='line_1_88' title="bbox 2208 2920 3792 2990; baseline -0.009 -3"><span class='ocrx_word' id='word_1_644' title='bbox 2208 2932 2263 2987; x_wconf 88' lang='lat' dir='ltr'><strong>In</strong></span> <span class='ocrx_word' id='word_1_645' title='bbox 2295 2933 2511 2987; x_wconf 80' lang='lat' dir='ltr'><strong>homilia</strong></span> <span class='ocrx_word' id='word_1_646' title='bbox 2542 2934 2606 2985; x_wconf 90' lang='lat' dir='ltr'><strong>de</strong></span> <span class='ocrx_word' id='word_1_647' title='bbox 2633 2929 2698 2985; x_wconf 90' lang='lat' dir='ltr'><strong>iis</strong></span> <span class='ocrx_word' id='word_1_648' title='bbox 2721 2929 2900 2984; x_wconf 82' lang='lat' dir='ltr'><strong>verbis</strong></span> <span class='ocrx_word' id='word_1_649' title='bbox 2930 2947 2944 2984; x_wconf 86' lang='lat'><strong>:</strong></span> <span class='ocrx_word' id='word_1_650' title='bbox 2971 2927 3208 2982; x_wconf 82' lang='lat' dir='ltr'><strong>Lucerna</strong></span> <span class='ocrx_word' id='word_1_651' title='bbox 3238 2924 3475 2990; x_wconf 84' lang='lat' dir='ltr'><strong>corporis</strong></span> <span class='ocrx_word' id='word_1_652' title='bbox 3504 2931 3582 2976; x_wconf 81' lang='lat' dir='ltr'><strong>est</strong></span> <span class='ocrx_word' id='word_1_653' title='bbox 3605 2920 3792 2975; x_wconf 78' lang='lat' dir='ltr'><strong>oculus</strong></span> 
     </span>
    </p>
   </div>
   <div class='ocr_carea' id='block_1_89' title="bbox 2209 3014 3790 3096">
    <p class='ocr_par' dir='ltr' id='par_1_89' title="bbox 2209 3014 3790 3096">
     <span class='ocr_line' id='line_1_89' title="bbox 2209 3014 3790 3096; baseline -0.009 -16"><span class='ocrx_word' id='word_1_654' title='bbox 2209 3028 2417 3096; x_wconf 80' lang='lat' dir='ltr'><strong>(homil.</strong></span> <span class='ocrx_word' id='word_1_655' title='bbox 2470 3026 2643 3095; x_wconf 66' lang='lat'><strong>11.&quot;),</strong></span> <span class='ocrx_word' id='word_1_656' title='bbox 2702 3025 2988 3078; x_wconf 82' lang='lat' dir='ltr'><strong>diaconum</strong></span> <span class='ocrx_word' id='word_1_657' title='bbox 3047 3021 3286 3092; x_wconf 79' lang='lat' dir='ltr'><strong>graviter</strong></span> <span class='ocrx_word' id='word_1_658' title='bbox 3341 3020 3587 3083; x_wconf 85' lang='lat' dir='ltr'><strong>increpat</strong></span> <span class='ocrx_word' id='word_1_659' title='bbox 3643 3014 3790 3082; x_wconf 87' lang='lat' dir='ltr'><strong>quod</strong></span> 
     </span>
    </p>
   </div>
   <div class='ocr_carea' id='block_1_90' title="bbox 2209 3108 3791 3188">
    <p class='ocr_par' dir='ltr' id='par_1_90' title="bbox 2209 3108 3791 3188">
     <span class='ocr_line' id='line_1_90' title="bbox 2209 3108 3791 3188; baseline -0.013 -12"><span class='ocrx_word' id='word_1_660' title='bbox 2209 3136 2400 3177; x_wconf 71' lang='lat' dir='ltr'><strong>somno</strong></span> <span class='ocrx_word' id='word_1_661' title='bbox 2440 3134 2499 3174; x_wconf 77' lang='lat' dir='ltr'><strong>se</strong></span> <span class='ocrx_word' id='word_1_662' title='bbox 2534 3117 2765 3188; x_wconf 87' lang='lat' dir='ltr'><strong>opprimi</strong></span> <span class='ocrx_word' id='word_1_663' title='bbox 2812 3117 2953 3171; x_wconf 88' lang='lat' dir='ltr'><strong>inter</strong></span> <span class='ocrx_word' id='word_1_664' title='bbox 2993 3128 3295 3168; x_wconf 83' lang='lat' dir='ltr'><strong>sermonem</strong></span> <span class='ocrx_word' id='word_1_665' title='bbox 3338 3109 3544 3171; x_wconf 84' lang='lat' dir='ltr'><strong>siverit,</strong></span> <span class='ocrx_word' id='word_1_666' title='bbox 3578 3116 3633 3161; x_wconf 90' lang='lat' dir='ltr'><strong>et</strong></span> <span class='ocrx_word' id='word_1_667' title='bbox 3667 3108 3791 3161; x_wconf 79' lang='lat' dir='ltr'><strong>lon-</strong></span> 
     </span>
    </p>
   </div>
   <div class='ocr_carea' id='block_1_91' title="bbox 2214 3198 3793 3282">
    <p class='ocr_par' dir='ltr' id='par_1_91' title="bbox 2214 3198 3793 3282">
     <span class='ocr_line' id='line_1_91' title="bbox 2214 3198 3793 3282; baseline -0.012 -13"><span class='ocrx_word' id='word_1_668' title='bbox 2214 3215 2416 3282; x_wconf 79' lang='lat' dir='ltr'><strong>giorem</strong></span> <span class='ocrx_word' id='word_1_669' title='bbox 2464 3212 2859 3281; x_wconf 87' lang='lat' dir='ltr'><strong>perorationem</strong></span> <span class='ocrx_word' id='word_1_670' title='bbox 2899 3224 2962 3262; x_wconf 79' lang='lat' dir='ltr'><strong>ex</strong></span> <span class='ocrx_word' id='word_1_671' title='bbox 3004 3217 3245 3273; x_wconf 87' lang='lat' dir='ltr'><strong>tempore</strong></span> <span class='ocrx_word' id='word_1_672' title='bbox 3283 3204 3347 3259; x_wconf 86' lang='lat' dir='ltr'><strong>de</strong></span> <span class='ocrx_word' id='word_1_673' title='bbox 3388 3215 3578 3257; x_wconf 88' lang='lat' dir='ltr'><strong>somno</strong></span> <span class='ocrx_word' id='word_1_674' title='bbox 3618 3198 3793 3253; x_wconf 89' lang='lat' dir='ltr'><strong>trahit</strong></span> 
     </span>
    </p>
   </div>
   <div class='ocr_carea' id='block_1_92' title="bbox 2208 3291 3787 3375">
    <p class='ocr_par' dir='ltr' id='par_1_92' title="bbox 2208 3291 3787 3375">
     <span class='ocr_line' id='line_1_92' title="bbox 2208 3291 3787 3375; baseline -0.013 -13"><span class='ocrx_word' id='word_1_675' title='bbox 2208 3321 2379 3375; x_wconf 85' lang='lat' dir='ltr'><strong>eaque</strong></span> <span class='ocrx_word' id='word_1_676' title='bbox 2422 3318 2725 3360; x_wconf 88' lang='lat' dir='ltr'><strong>sermonem</strong></span> <span class='ocrx_word' id='word_1_677' title='bbox 2772 3300 3063 3356; x_wconf 84' lang='lat' dir='ltr'><strong>concludit.</strong></span> <span class='ocrx_word' id='word_1_678' title='bbox 3101 3299 3223 3354; x_wconf 72' lang='lat' dir='ltr'><strong>llmc</strong></span> <span class='ocrx_word' id='word_1_679' title='bbox 3266 3291 3319 3351; x_wconf 77' lang='grc' dir='ltr'><strong>(ιί</strong></span> <span class='ocrx_word' id='word_1_680' title='bbox 3359 3303 3611 3351; x_wconf 77' lang='lat' dir='ltr'><strong>sexcenta</strong></span> <span class='ocrx_word' id='word_1_681' title='bbox 3656 3291 3787 3351; x_wconf 86' lang='lat' dir='ltr'><strong>alia,</strong></span> 
     </span>
    </p>
   </div>
   <div class='ocr_carea' id='block_1_93' title="bbox 2208 3384 3789 3469">
    <p class='ocr_par' dir='ltr' id='par_1_93' title="bbox 2208 3384 3789 3469">
     <span class='ocr_line' id='line_1_93' title="bbox 2208 3384 3789 3469; baseline -0.009 -16"><span class='ocrx_word' id='word_1_682' title='bbox 2208 3414 2327 3469; x_wconf 68' lang='lat' dir='ltr'><strong>quae</strong></span> <span class='ocrx_word' id='word_1_683' title='bbox 2372 3414 2475 3451; x_wconf 91' lang='lat' dir='ltr'><strong>non</strong></span> <span class='ocrx_word' id='word_1_684' title='bbox 2522 3396 2699 3452; x_wconf 90' lang='lat' dir='ltr'><strong>solum</strong></span> <span class='ocrx_word' id='word_1_685' title='bbox 2747 3396 2799 3448; x_wconf 92' lang='lat' dir='ltr'><strong>in</strong></span> <span class='ocrx_word' id='word_1_686' title='bbox 2852 3394 3175 3464; x_wconf 74' lang='lat' dir='ltr'><strong>prommium</strong></span> <span class='ocrx_word' id='word_1_687' title='bbox 3223 3401 3274 3445; x_wconf 92' lang='lat' dir='ltr'><strong>et</strong></span> <span class='ocrx_word' id='word_1_688' title='bbox 3318 3384 3789 3460; x_wconf 85' lang='lat' dir='ltr'><strong>perorationibus.</strong></span> 
     </span>
    </p>
   </div>
   <div class='ocr_carea' id='block_1_94' title="bbox 2208 3482 3789 3560">
    <p class='ocr_par' dir='ltr' id='par_1_94' title="bbox 2208 3482 3789 3560">
     <span class='ocr_line' id='line_1_94' title="bbox 2208 3482 3789 3560; baseline -0.013 -12"><span class='ocrx_word' id='word_1_689' title='bbox 2208 3494 2302 3548; x_wconf 88' lang='lat' dir='ltr'><strong>sed</strong></span> <span class='ocrx_word' id='word_1_690' title='bbox 2340 3494 2390 3545; x_wconf 88' lang='lat' dir='ltr'><strong>itt</strong></span> <span class='ocrx_word' id='word_1_691' title='bbox 2425 3491 2542 3560; x_wconf 91' lang='lat' dir='ltr'><strong>ipso</strong></span> <span class='ocrx_word' id='word_1_692' title='bbox 2574 3489 2788 3544; x_wconf 77' lang='lat' dir='ltr'><strong>dicrndi</strong></span> <span class='ocrx_word' id='word_1_693' title='bbox 2826 3503 2988 3542; x_wconf 90' lang='lat' dir='ltr'><strong>cursu</strong></span> <span class='ocrx_word' id='word_1_694' title='bbox 3027 3502 3125 3557; x_wconf 90' lang='lat' dir='ltr'><strong>pro</strong></span> <span class='ocrx_word' id='word_1_695' title='bbox 3163 3502 3216 3539; x_wconf 90' lang='lat' dir='ltr'><strong>re</strong></span> <span class='ocrx_word' id='word_1_696' title='bbox 3251 3495 3371 3538; x_wconf 84' lang='lat' dir='ltr'><strong>nata</strong></span> <span class='ocrx_word' id='word_1_697' title='bbox 3415 3482 3689 3541; x_wconf 87' lang='lat' dir='ltr'><strong>dicnntur,</strong></span> <span class='ocrx_word' id='word_1_698' title='bbox 3721 3491 3789 3528; x_wconf 71' lang='lat' dir='ltr'><strong>ex</strong></span> 
     </span>
    </p>
   </div>
   <div class='ocr_carea' id='block_1_95' title="bbox 2212 3570 3790 3656">
    <p class='ocr_par' dir='ltr' id='par_1_95' title="bbox 2212 3570 3790 3656">
     <span class='ocr_line' id='line_1_95' title="bbox 2212 3570 3790 3656; baseline -0.015 -14"><span class='ocrx_word' id='word_1_699' title='bbox 2212 3598 2479 3656; x_wconf 87' lang='lat' dir='ltr'><strong>tempore,</strong></span> <span class='ocrx_word' id='word_1_700' title='bbox 2505 3584 2621 3637; x_wconf 84' lang='lat' dir='ltr'><strong>loco</strong></span> <span class='ocrx_word' id='word_1_701' title='bbox 2653 3592 2706 3636; x_wconf 90' lang='lat' dir='ltr'><strong>et</strong></span> <span class='ocrx_word' id='word_1_702' title='bbox 2737 3595 2963 3651; x_wconf 86' lang='lat' dir='ltr'><strong>persona</strong></span> <span class='ocrx_word' id='word_1_703' title='bbox 2997 3578 3312 3645; x_wconf 64' lang='lat' dir='ltr'><strong>ceterisque</strong></span> <span class='ocrx_word' id='word_1_704' title='bbox 3341 3570 3790 3627; x_wconf 78' lang='lat' dir='ltr'><strong>circumstantiis,</strong></span> 
     </span>
    </p>
   </div>
   <div class='ocr_carea' id='block_1_96' title="bbox 2206 3662 3789 3741">
    <p class='ocr_par' dir='ltr' id='par_1_96' title="bbox 2206 3662 3789 3741">
     <span class='ocr_line' id='line_1_96' title="bbox 2206 3662 3789 3741; baseline -0.015 -6"><span class='ocrx_word' id='word_1_705' title='bbox 2206 3681 2425 3735; x_wconf 89' lang='lat' dir='ltr'><strong>omnino</strong></span> <span class='ocrx_word' id='word_1_706' title='bbox 2449 3678 2703 3733; x_wconf 88' lang='lat' dir='ltr'><strong>evincunt</strong></span> <span class='ocrx_word' id='word_1_707' title='bbox 2729 3689 2831 3728; x_wconf 88' lang='lat' dir='ltr'><strong>non</strong></span> <span class='ocrx_word' id='word_1_708' title='bbox 2865 3672 3099 3741; x_wconf 83' lang='lat' dir='ltr'><strong>potuisse</strong></span> <span class='ocrx_word' id='word_1_709' title='bbox 3124 3672 3222 3726; x_wconf 91' lang='lat' dir='ltr'><strong>hos</strong></span> <span class='ocrx_word' id='word_1_710' title='bbox 3250 3681 3525 3721; x_wconf 84' lang='lat' dir='ltr'><strong>sermones</strong></span> <span class='ocrx_word' id='word_1_711' title='bbox 3550 3662 3789 3733; x_wconf 83' lang='lat' dir='ltr'><strong>plurium</strong></span> 
     </span>
    </p>
   </div>
   <div class='ocr_carea' id='block_1_97' title="bbox 2208 3757 3793 3839">
    <p class='ocr_par' dir='ltr' id='par_1_97' title="bbox 2208 3757 3793 3839">
     <span class='ocr_line' id='line_1_97' title="bbox 2208 3757 3793 3839; baseline -0.014 -12"><span class='ocrx_word' id='word_1_712' title='bbox 2208 3788 2328 3839; x_wconf 81' lang='lat' dir='ltr'><strong>esse</strong></span> <span class='ocrx_word' id='word_1_713' title='bbox 2357 3785 2476 3824; x_wconf 85' lang='lat' dir='ltr'><strong>cum</strong></span> <span class='ocrx_word' id='word_1_714' title='bbox 2508 3769 2617 3822; x_wconf 78' lang='grc' dir='ltr'><strong>τῶν</strong></span> <span class='ocrx_word' id='word_1_715' title='bbox 2650 3767 2930 3821; x_wconf 75' lang='grc' dir='ltr'><strong>ἀδυνάτων</strong></span> <span class='ocrx_word' id='word_1_716' title='bbox 2958 3766 3028 3818; x_wconf 90' lang='lat' dir='ltr'><strong>sit</strong></span> <span class='ocrx_word' id='word_1_717' title='bbox 3055 3779 3116 3816; x_wconf 85' lang='lat' dir='ltr'><strong>ea</strong></span> <span class='ocrx_word' id='word_1_718' title='bbox 3150 3778 3308 3831; x_wconf 89' lang='lat' dir='ltr'><strong>posse</strong></span> <span class='ocrx_word' id='word_1_719' title='bbox 3337 3759 3546 3815; x_wconf 89' lang='lat' dir='ltr'><strong>duobus</strong></span> <span class='ocrx_word' id='word_1_720' title='bbox 3572 3757 3793 3811; x_wconf 72' lang='lat' dir='ltr'><strong>diverso</strong></span> 
     </span>
    </p>
   </div>
   <div class='ocr_carea' id='block_1_98' title="bbox 2212 3846 3793 3930">
    <p class='ocr_par' dir='ltr' id='par_1_98' title="bbox 2212 3846 3793 3930">
     <span class='ocr_line' id='line_1_98' title="bbox 2212 3846 3793 3930; baseline -0.011 -15"><span class='ocrx_word' id='word_1_721' title='bbox 2212 3873 2451 3930; x_wconf 86' lang='lat' dir='ltr'><strong>tempore</strong></span> <span class='ocrx_word' id='word_1_722' title='bbox 2499 3858 2682 3912; x_wconf 84' lang='lat' dir='ltr'><strong>eadem</strong></span> <span class='ocrx_word' id='word_1_723' title='bbox 2726 3856 2964 3912; x_wconf 84' lang='lat' dir='ltr'><strong>evenire.</strong></span> <span class='ocrx_word' id='word_1_724' title='bbox 2999 3853 3266 3909; x_wconf 65' lang='lat' dir='ltr'><strong>Praeterea</strong></span> <span class='ocrx_word' id='word_1_725' title='bbox 3313 3865 3507 3906; x_wconf 84' lang='lat' dir='ltr'><strong>sensus</strong></span> <span class='ocrx_word' id='word_1_726' title='bbox 3546 3846 3793 3915; x_wconf 77' lang='lat' dir='ltr'><strong>explica-</strong></span> 
     </span>
    </p>
   </div>
   <div class='ocr_carea' id='block_1_99' title="bbox 2211 3939 3789 4022">
    <p class='ocr_par' dir='ltr' id='par_1_99' title="bbox 2211 3939 3789 4022">
     <span class='ocr_line' id='line_1_99' title="bbox 2211 3939 3789 4022; baseline -0.011 -16"><span class='ocrx_word' id='word_1_727' title='bbox 2211 3957 2493 4022; x_wconf 84' lang='lat' dir='ltr'><strong>tionesqne</strong></span> <span class='ocrx_word' id='word_1_728' title='bbox 2536 3949 2775 4004; x_wconf 87' lang='lat' dir='ltr'><strong>auctoris</strong></span> <span class='ocrx_word' id='word_1_729' title='bbox 2816 3947 3112 4001; x_wconf 88' lang='lat' dir='ltr'><strong>concinunt</strong></span> <span class='ocrx_word' id='word_1_730' title='bbox 3154 3942 3366 4010; x_wconf 83' lang='lat' dir='ltr'><strong>sibi,’et</strong></span> <span class='ocrx_word' id='word_1_731' title='bbox 3402 3940 3543 4010; x_wconf 87' lang='lat' dir='ltr'><strong>quod</strong></span> <span class='ocrx_word' id='word_1_732' title='bbox 3584 3939 3636 3993; x_wconf 93' lang='lat' dir='ltr'><strong>in</strong></span> <span class='ocrx_word' id='word_1_733' title='bbox 3681 3952 3789 3991; x_wconf 87' lang='lat' dir='ltr'><strong>una</strong></span> 
     </span>
    </p>
   </div>
   <div class='ocr_carea' id='block_1_100' title="bbox 2210 4028 3791 4109">
    <p class='ocr_par' dir='ltr' id='par_1_100' title="bbox 2210 4028 3791 4109">
     <span class='ocr_line' id='line_1_100' title="bbox 2210 4028 3791 4109; baseline -0.012 -8"><span class='ocrx_word' id='word_1_734' title='bbox 2210 4048 2447 4109; x_wconf 88' lang='lat' dir='ltr'><strong>dictum,</strong></span> <span class='ocrx_word' id='word_1_735' title='bbox 2482 4042 2534 4096; x_wconf 91' lang='lat' dir='ltr'><strong>in</strong></span> <span class='ocrx_word' id='word_1_736' title='bbox 2579 4041 2681 4095; x_wconf 90' lang='lat' dir='ltr'><strong>alia</strong></span> <span class='ocrx_word' id='word_1_737' title='bbox 2730 4040 3022 4109; x_wconf 77' lang='lat' dir='ltr'><strong>repetitur;</strong></span> <span class='ocrx_word' id='word_1_738' title='bbox 3071 4045 3125 4091; x_wconf 90' lang='lat' dir='ltr'><strong>et</strong></span> <span class='ocrx_word' id='word_1_739' title='bbox 3175 4036 3290 4102; x_wconf 85' lang='lat' dir='ltr'><strong>ipse</strong></span> <span class='ocrx_word' id='word_1_740' title='bbox 3336 4048 3395 4088; x_wconf 87' lang='lat' dir='ltr'><strong>se</strong></span> <span class='ocrx_word' id='word_1_741' title='bbox 3440 4028 3505 4087; x_wconf 90' lang='lat' dir='ltr'><strong>ad</strong></span> <span class='ocrx_word' id='word_1_742' title='bbox 3550 4032 3791 4100; x_wconf 89' lang='lat' dir='ltr'><strong>seipsum</strong></span> 
     </span>
    </p>
   </div>
   <div class='ocr_carea' id='block_1_101' title="bbox 2208 4124 3792 4203">
    <p class='ocr_par' dir='ltr' id='par_1_101' title="bbox 2208 4124 3792 4203">
     <span class='ocr_line' id='line_1_101' title="bbox 2208 4124 3792 4203; baseline -0.011 -9"><span class='ocrx_word' id='word_1_743' title='bbox 2208 4140 2395 4201; x_wconf 84' lang='lat' dir='ltr'><strong>refert,</strong></span> <span class='ocrx_word' id='word_1_744' title='bbox 2427 4152 2531 4191; x_wconf 87' lang='lat' dir='ltr'><strong>non</strong></span> <span class='ocrx_word' id='word_1_745' title='bbox 2567 4150 2691 4189; x_wconf 79' lang='lat' dir='ltr'><strong>raro</strong></span> <span class='ocrx_word' id='word_1_746' title='bbox 2717 4149 2836 4203; x_wconf 75' lang='lat' dir='ltr'><strong>qua:</strong></span> <span class='ocrx_word' id='word_1_747' title='bbox 2862 4146 2961 4186; x_wconf 89' lang='lat' dir='ltr'><strong>nos</strong></span> <span class='ocrx_word' id='word_1_748' title='bbox 2993 4131 3043 4185; x_wconf 93' lang='lat' dir='ltr'><strong>in</strong></span> <span class='ocrx_word' id='word_1_749' title='bbox 3076 4129 3215 4185; x_wconf 91' lang='lat' dir='ltr'><strong>notis</strong></span> <span class='ocrx_word' id='word_1_750' title='bbox 3242 4127 3577 4195; x_wconf 79' lang='lat' dir='ltr'><strong>singularum</strong></span> <span class='ocrx_word' id='word_1_751' title='bbox 3613 4124 3792 4178; x_wconf 88' lang='lat' dir='ltr'><strong>homi-</strong></span> 
     </span>
    </p>
   </div>
   <div class='ocr_carea' id='block_1_102' title="bbox 2213 4219 3795 4296">
    <p class='ocr_par' dir='ltr' id='par_1_102' title="bbox 2213 4219 3795 4296">
     <span class='ocr_line' id='line_1_102' title="bbox 2213 4219 3795 4296; baseline -0.009 -12"><span class='ocrx_word' id='word_1_752' title='bbox 2213 4232 2408 4284; x_wconf 71' lang='lat' dir='ltr'><strong>liarnm</strong></span> <span class='ocrx_word' id='word_1_753' title='bbox 2445 4238 2697 4296; x_wconf 87' lang='lat' dir='ltr'><strong>tanquam</strong></span> <span class='ocrx_word' id='word_1_754' title='bbox 2733 4221 3113 4279; x_wconf 88' lang='lat' dir='ltr'><strong>concordantia</strong></span> <span class='ocrx_word' id='word_1_755' title='bbox 3154 4219 3530 4273; x_wconf 87' lang='lat' dir='ltr'><strong>annotavimus</strong></span> <span class='ocrx_word' id='word_1_756' title='bbox 3566 4232 3581 4271; x_wconf 89' lang='lat'><strong>:</strong></span> <span class='ocrx_word' id='word_1_757' title='bbox 3616 4231 3795 4285; x_wconf 85' lang='lat' dir='ltr'><strong>eaque</strong></span> 
     </span>
    </p>
   </div>
   <div class='ocr_carea' id='block_1_103' title="bbox 2214 4308 3796 4385">
    <p class='ocr_par' dir='ltr' id='par_1_103' title="bbox 2214 4308 3796 4385">
     <span class='ocr_line' id='line_1_103' title="bbox 2214 4308 3796 4385; baseline -0.009 -10"><span class='ocrx_word' id='word_1_758' title='bbox 2214 4324 2282 4377; x_wconf 88' lang='lat' dir='ltr'><strong>ab</strong></span> <span class='ocrx_word' id='word_1_759' title='bbox 2314 4336 2419 4375; x_wconf 90' lang='lat' dir='ltr'><strong>uno</strong></span> <span class='ocrx_word' id='word_1_760' title='bbox 2450 4319 2659 4374; x_wconf 79' lang='lat' dir='ltr'><strong>artifice</strong></span> <span class='ocrx_word' id='word_1_761' title='bbox 2683 4319 2784 4372; x_wconf 92' lang='lat' dir='ltr'><strong>hoc</strong></span> <span class='ocrx_word' id='word_1_762' title='bbox 2809 4331 2943 4385; x_wconf 79' lang='lat' dir='ltr'><strong>Opus</strong></span> <span class='ocrx_word' id='word_1_763' title='bbox 2973 4324 3133 4384; x_wconf 90' lang='lat' dir='ltr'><strong>atque</strong></span> <span class='ocrx_word' id='word_1_764' title='bbox 3156 4314 3223 4368; x_wconf 91' lang='lat' dir='ltr'><strong>ab</strong></span> <span class='ocrx_word' id='word_1_765' title='bbox 3248 4328 3351 4367; x_wconf 88' lang='lat' dir='ltr'><strong>una</strong></span> <span class='ocrx_word' id='word_1_766' title='bbox 3375 4310 3583 4368; x_wconf 83' lang='lat' dir='ltr'><strong>olllcina</strong></span> <span class='ocrx_word' id='word_1_767' title='bbox 3609 4308 3796 4363; x_wconf 76' lang='lat' dir='ltr'><strong>exisse</strong></span> 
     </span>
    </p>
   </div>
   <div class='ocr_carea' id='block_1_104' title="bbox 2213 4401 3794 4483">
    <p class='ocr_par' dir='ltr' id='par_1_104' title="bbox 2213 4401 3794 4483">
     <span class='ocr_line' id='line_1_104' title="bbox 2213 4401 3794 4483; baseline -0.011 -14"><span class='ocrx_word' id='word_1_768' title='bbox 2213 4415 2371 4483; x_wconf 89' lang='lat' dir='ltr'><strong>plane</strong></span> <span class='ocrx_word' id='word_1_769' title='bbox 2415 4413 2810 4467; x_wconf 87' lang='lat' dir='ltr'><strong>demonstrant.</strong></span> <span class='ocrx_word' id='word_1_770' title='bbox 2846 4407 2982 4463; x_wconf 91' lang='lat' dir='ltr'><strong>Cum</strong></span> <span class='ocrx_word' id='word_1_771' title='bbox 3028 4407 3192 4479; x_wconf 89' lang='lat' dir='ltr'><strong>igitur</strong></span> <span class='ocrx_word' id='word_1_772' title='bbox 3239 4406 3343 4459; x_wconf 89' lang='lat' dir='ltr'><strong>hoc</strong></span> <span class='ocrx_word' id='word_1_773' title='bbox 3389 4412 3540 4457; x_wconf 88' lang='lat' dir='ltr'><strong>certo</strong></span> <span class='ocrx_word' id='word_1_774' title='bbox 3587 4401 3794 4456; x_wconf 86' lang='lat' dir='ltr'><strong>certius</strong></span> 
     </span>
    </p>
   </div>
   <div class='ocr_carea' id='block_1_105' title="bbox 2213 4489 3796 4577">
    <p class='ocr_par' dir='ltr' id='par_1_105' title="bbox 2213 4489 3796 4577">
     <span class='ocr_line' id='line_1_105' title="bbox 2213 4489 3796 4577; baseline -0.011 -16"><span class='ocrx_word' id='word_1_775' title='bbox 2213 4503 2516 4577; x_wconf 88' lang='lat' dir='ltr'><strong>ponendum</strong></span> <span class='ocrx_word' id='word_1_776' title='bbox 2549 4504 2639 4567; x_wconf 92' lang='lat' dir='ltr'><strong>sit,</strong></span> <span class='ocrx_word' id='word_1_777' title='bbox 2667 4514 2862 4556; x_wconf 86' lang='lat' dir='ltr'><strong>censeo</strong></span> <span class='ocrx_word' id='word_1_778' title='bbox 2890 4501 3032 4553; x_wconf 90' lang='lat' dir='ltr'><strong>hunc</strong></span> <span class='ocrx_word' id='word_1_779' title='bbox 3056 4506 3335 4551; x_wconf 87' lang='lat' dir='ltr'><strong>auctorem</strong></span> <span class='ocrx_word' id='word_1_780' title='bbox 3365 4489 3796 4549; x_wconf 65' lang='lat' dir='ltr'><strong>fuisse&#39;hinomi-</strong></span> 
     </span>
    </p>
   </div>
   <div class='ocr_carea' id='block_1_106' title="bbox 2210 4583 3792 4665">
    <p class='ocr_par' dir='ltr' id='par_1_106' title="bbox 2210 4583 3792 4665">
     <span class='ocr_line' id='line_1_106' title="bbox 2210 4583 3792 4665; baseline -0.011 -12"><span class='ocrx_word' id='word_1_781' title='bbox 2210 4614 2358 4665; x_wconf 84' lang='lat' dir='ltr'><strong>nem,</strong></span> <span class='ocrx_word' id='word_1_782' title='bbox 2382 4605 2436 4652; x_wconf 91' lang='lat' dir='ltr'><strong>et</strong></span> <span class='ocrx_word' id='word_1_783' title='bbox 2456 4595 2703 4652; x_wconf 88' lang='lat' dir='ltr'><strong>eumdem</strong></span> <span class='ocrx_word' id='word_1_784' title='bbox 2726 4592 3110 4661; x_wconf 84' lang='lat' dir='ltr'><strong>Theophanem</strong></span> <span class='ocrx_word' id='word_1_785' title='bbox 3137 4599 3191 4645; x_wconf 88' lang='lat' dir='ltr'><strong>et</strong></span> <span class='ocrx_word' id='word_1_786' title='bbox 3213 4586 3530 4658; x_wconf 89' lang='lat' dir='ltr'><strong>Gregorium</strong></span> <span class='ocrx_word' id='word_1_787' title='bbox 3556 4583 3792 4644; x_wconf 87' lang='lat' dir='ltr'><strong>dictum.</strong></span> 
     </span>
    </p>
   </div>
   <div class='ocr_carea' id='block_1_107' title="bbox 2211 4679 3789 4760">
    <p class='ocr_par' dir='ltr' id='par_1_107' title="bbox 2211 4679 3789 4760">
     <span class='ocr_line' id='line_1_107' title="bbox 2211 4679 3789 4760; baseline -0.014 -14"><span class='ocrx_word' id='word_1_788' title='bbox 2211 4704 2425 4760; x_wconf 87' lang='lat' dir='ltr'><strong>semper</strong></span> <span class='ocrx_word' id='word_1_789' title='bbox 2461 4702 2591 4743; x_wconf 88' lang='lat' dir='ltr'><strong>vero</strong></span> <span class='ocrx_word' id='word_1_790' title='bbox 2635 4685 2997 4747; x_wconf 88' lang='lat' dir='ltr'><strong>Cerameum,</strong></span> <span class='ocrx_word' id='word_1_791' title='bbox 3035 4679 3175 4749; x_wconf 90' lang='lat' dir='ltr'><strong>quod</strong></span> <span class='ocrx_word' id='word_1_792' title='bbox 3218 4693 3286 4733; x_wconf 80' lang='lat' dir='ltr'><strong>ex</strong></span> <span class='ocrx_word' id='word_1_793' title='bbox 3339 4688 3604 4733; x_wconf 89' lang='lat' dir='ltr'><strong>consensu</strong></span> <span class='ocrx_word' id='word_1_794' title='bbox 3647 4686 3789 4726; x_wconf 88' lang='lat' dir='ltr'><strong>mss.</strong></span> 
     </span>
    </p>
   </div>
   <div class='ocr_carea' id='block_1_108' title="bbox 2212 4770 3791 4843">
    <p class='ocr_par' dir='ltr' id='par_1_108' title="bbox 2212 4770 3791 4843">
     <span class='ocr_line' id='line_1_108' title="bbox 2212 4770 3791 4843; baseline -0.015 -2"><span class='ocrx_word' id='word_1_795' title='bbox 2212 4785 2333 4842; x_wconf 92' lang='lat' dir='ltr'><strong>cod.</strong></span> <span class='ocrx_word' id='word_1_796' title='bbox 2403 4789 2615 4839; x_wconf 86' lang='lat' dir='ltr'><strong>constat</strong></span> <span class='ocrx_word' id='word_1_797' title='bbox 2656 4780 2815 4843; x_wconf 91' lang='lat' dir='ltr'><strong>satis,</strong></span> <span class='ocrx_word' id='word_1_798' title='bbox 2845 4785 2899 4833; x_wconf 92' lang='lat' dir='ltr'><strong>et</strong></span> <span class='ocrx_word' id='word_1_799' title='bbox 2939 4777 3187 4832; x_wconf 90' lang='lat' dir='ltr'><strong>eumdem</strong></span> <span class='ocrx_word' id='word_1_800' title='bbox 3232 4786 3398 4828; x_wconf 91' lang='lat' dir='ltr'><strong>unum</strong></span> <span class='ocrx_word' id='word_1_801' title='bbox 3441 4770 3541 4824; x_wconf 88' lang='lat' dir='ltr'><strong>hoc</strong></span> <span class='ocrx_word' id='word_1_802' title='bbox 3581 4779 3791 4837; x_wconf 82' lang='lat' dir='ltr'><strong>cogno-</strong></span> 
     </span>
    </p>
   </div>
   <div class='ocr_carea' id='block_1_109' title="bbox 2214 4859 3796 4943">
    <p class='ocr_par' dir='ltr' id='par_1_109' title="bbox 2214 4859 3796 4943">
     <span class='ocr_line' id='line_1_109' title="bbox 2214 4859 3796 4943; baseline -0.015 -10"><span class='ocrx_word' id='word_1_803' title='bbox 2214 4879 2382 4942; x_wconf 84' lang='lat' dir='ltr'><strong>mine,</strong></span> <span class='ocrx_word' id='word_1_804' title='bbox 2406 4876 2498 4931; x_wconf 89' lang='lat' dir='ltr'><strong>sed</strong></span> <span class='ocrx_word' id='word_1_805' title='bbox 2524 4872 2724 4943; x_wconf 89' lang='lat' dir='ltr'><strong>duplici</strong></span> <span class='ocrx_word' id='word_1_806' title='bbox 2752 4871 2971 4927; x_wconf 90' lang='lat' dir='ltr'><strong>nomine</strong></span> <span class='ocrx_word' id='word_1_807' title='bbox 2998 4865 3462 4937; x_wconf 89' lang='lat' dir='ltr'><strong>archiepiscopum</strong></span> <span class='ocrx_word' id='word_1_808' title='bbox 3485 4859 3796 4915; x_wconf 82' lang='lat' dir='ltr'><strong>Taurome-</strong></span> 
     </span>
    </p>
   </div>
   <div class='ocr_carea' id='block_1_110' title="bbox 2211 4953 3885 5035">
    <p class='ocr_par' dir='ltr' id='par_1_110' title="bbox 2211 4953 3885 5035">
     <span class='ocr_line' id='line_1_110' title="bbox 2211 4953 3885 5035; baseline -0.013 -8"><span class='ocrx_word' id='word_1_809' title='bbox 2211 4974 2284 5027; x_wconf 89' lang='lat' dir='ltr'><strong>nii</strong></span> <span class='ocrx_word' id='word_1_810' title='bbox 2317 4972 2480 5027; x_wconf 84' lang='lat' dir='ltr'><strong>fuisse.</strong></span> <span class='ocrx_word' id='word_1_811' title='bbox 2508 4989 2522 5025; x_wconf 90' lang='lat'><strong>:</strong></span> <span class='ocrx_word' id='word_1_812' title='bbox 2552 4979 2606 5024; x_wconf 89' lang='lat' dir='ltr'><strong>et</strong></span> <span class='ocrx_word' id='word_1_813' title='bbox 2630 4967 2856 5022; x_wconf 82' lang='lat' dir='ltr'><strong>alterum</strong></span> <span class='ocrx_word' id='word_1_814' title='bbox 2877 4963 3091 5035; x_wconf 89' lang='lat' dir='ltr'><strong>quidem</strong></span> <span class='ocrx_word' id='word_1_815' title='bbox 3120 4975 3316 5017; x_wconf 85' lang='lat' dir='ltr'><strong>nomen</strong></span> <span class='ocrx_word' id='word_1_816' title='bbox 3337 4960 3405 5015; x_wconf 84' lang='lat' dir='ltr'><strong>ab</strong></span> <span class='ocrx_word' id='word_1_817' title='bbox 3447 4953 3794 5017; x_wconf 77' lang='lat' dir='ltr'><strong>incunabulis</strong></span> <span class='ocrx_word' id='word_1_818' title='bbox 3866 5000 3885 5009; x_wconf 64' lang='grc' dir='ltr'>ρ</span> 
     </span>
    </p>
   </div>
   <div class='ocr_carea' id='block_1_111' title="bbox 2213 5047 3791 5128">
    <p class='ocr_par' dir='ltr' id='par_1_111' title="bbox 2213 5047 3791 5128">
     <span class='ocr_line' id='line_1_111' title="bbox 2213 5047 3791 5128; baseline -0.015 -7"><span class='ocrx_word' id='word_1_819' title='bbox 2213 5067 2287 5121; x_wconf 90' lang='lat' dir='ltr'><strong>illi</strong></span> <span class='ocrx_word' id='word_1_820' title='bbox 2334 5066 2594 5128; x_wconf 84' lang='lat' dir='ltr'><strong>inditum,</strong></span> <span class='ocrx_word' id='word_1_821' title='bbox 2638 5060 2870 5115; x_wconf 87' lang='lat' dir='ltr'><strong>alterum</strong></span> <span class='ocrx_word' id='word_1_822' title='bbox 2919 5065 3204 5125; x_wconf 89' lang='lat' dir='ltr'><strong>postquam</strong></span> <span class='ocrx_word' id='word_1_823' title='bbox 3252 5050 3503 5108; x_wconf 89' lang='lat' dir='ltr'><strong>monachi</strong></span> <span class='ocrx_word' id='word_1_824' title='bbox 3544 5047 3791 5103; x_wconf 86' lang='lat' dir='ltr'><strong>habitum</strong></span> 
     </span>
    </p>
   </div>
   <div class='ocr_carea' id='block_1_112' title="bbox 2213 5139 3791 5226">
    <p class='ocr_par' dir='ltr' id='par_1_112' title="bbox 2213 5139 3791 5226">
     <span class='ocr_line' id='line_1_112' title="bbox 2213 5139 3791 5226; baseline -0.013 -13"><span class='ocrx_word' id='word_1_825' title='bbox 2213 5157 2294 5213; x_wconf 85' lang='lat' dir='ltr'><strong>vel</strong></span> <span class='ocrx_word' id='word_1_826' title='bbox 2337 5153 2571 5226; x_wconf 85' lang='lat' dir='ltr'><strong>episcopi</strong></span> <span class='ocrx_word' id='word_1_827' title='bbox 2625 5165 2819 5205; x_wconf 89' lang='lat' dir='ltr'><strong>munus</strong></span> <span class='ocrx_word' id='word_1_828' title='bbox 2868 5148 3198 5216; x_wconf 79' lang='lat' dir='ltr'><strong>suscepisset</strong></span> <span class='ocrx_word' id='word_1_829' title='bbox 3241 5145 3577 5214; x_wconf 89' lang='lat' dir='ltr'><strong>impositum.</strong></span> <span class='ocrx_word' id='word_1_830' title='bbox 3616 5139 3791 5208; x_wconf 89' lang='lat' dir='ltr'><strong>Quam</strong></span> 
     </span>
    </p>
   </div>
   <div class='ocr_carea' id='block_1_113' title="bbox 2212 5238 3794 5305">
    <p class='ocr_par' dir='ltr' id='par_1_113' title="bbox 2212 5238 3794 5305">
     <span class='ocr_line' id='line_1_113' title="bbox 2212 5238 3794 5305; baseline -0.012 0"><span class='ocrx_word' id='word_1_831' title='bbox 2212 5248 2446 5305; x_wconf 87' lang='lat' dir='ltr'><strong>nominis</strong></span> <span class='ocrx_word' id='word_1_832' title='bbox 2473 5244 2949 5301; x_wconf 88' lang='lat' dir='ltr'><strong>commutationem</strong></span> <span class='ocrx_word' id='word_1_833' title='bbox 2977 5256 3083 5295; x_wconf 90' lang='lat' dir='ltr'><strong>una</strong></span> <span class='ocrx_word' id='word_1_834' title='bbox 3112 5255 3234 5295; x_wconf 90' lang='lat' dir='ltr'><strong>cum</strong></span> <span class='ocrx_word' id='word_1_835' title='bbox 3263 5247 3469 5293; x_wconf 84' lang='lat' dir='ltr'><strong>mutato</strong></span> <span class='ocrx_word' id='word_1_836' title='bbox 3492 5238 3616 5291; x_wconf 62' lang='lat' dir='ltr'><strong>vitae</strong></span> <span class='ocrx_word' id='word_1_837' title='bbox 3641 5242 3794 5288; x_wconf 82' lang='lat' dir='ltr'><strong>statu</strong></span> 
     </span>
    </p>
   </div>
   <div class='ocr_carea' id='block_1_114' title="bbox 2215 5324 3796 5403">
    <p class='ocr_par' dir='ltr' id='par_1_114' title="bbox 2215 5324 3796 5403">
     <span class='ocr_line' id='line_1_114' title="bbox 2215 5324 3796 5403; baseline -0.011 -8"><span class='ocrx_word' id='word_1_838' title='bbox 2215 5341 2331 5395; x_wconf 86' lang='lat' dir='ltr'><strong>fieri</strong></span> <span class='ocrx_word' id='word_1_839' title='bbox 2372 5346 2682 5393; x_wconf 87' lang='lat' dir='ltr'><strong>consuetam</strong></span> <span class='ocrx_word' id='word_1_840' title='bbox 2724 5334 2865 5403; x_wconf 89' lang='lat' dir='ltr'><strong>apud</strong></span> <span class='ocrx_word' id='word_1_841' title='bbox 2903 5331 3120 5388; x_wconf 72' lang='lat' dir='ltr'><strong>Grrecos</strong></span> <span class='ocrx_word' id='word_1_842' title='bbox 3157 5346 3261 5387; x_wconf 92' lang='lat' dir='ltr'><strong>non</strong></span> <span class='ocrx_word' id='word_1_843' title='bbox 3295 5330 3469 5386; x_wconf 90' lang='lat' dir='ltr'><strong>solum</strong></span> <span class='ocrx_word' id='word_1_844' title='bbox 3503 5342 3569 5383; x_wconf 78' lang='lat' dir='ltr'><strong>ex</strong></span> <span class='ocrx_word' id='word_1_845' title='bbox 3603 5324 3796 5381; x_wconf 88' lang='lat' dir='ltr'><strong>Theo-</strong></span> 
     </span>
    </p>
   </div>
   <div class='ocr_carea' id='block_1_115' title="bbox 2215 5417 3801 5503">
    <p class='ocr_par' dir='ltr' id='par_1_115' title="bbox 2215 5417 3801 5503">
     <span class='ocr_line' id='line_1_115' title="bbox 2215 5417 3801 5503; baseline -0.01 -17"><span class='ocrx_word' id='word_1_846' title='bbox 2215 5432 2407 5503; x_wconf 84' lang='lat' dir='ltr'><strong>phanis</strong></span> <span class='ocrx_word' id='word_1_847' title='bbox 2440 5430 2608 5485; x_wconf 79' lang='lat' dir='ltr'><strong>nostri</strong></span> <span class='ocrx_word' id='word_1_848' title='bbox 2634 5428 2852 5492; x_wconf 69' lang='lat' dir='ltr'><strong>satculo,</strong></span> <span class='ocrx_word' id='word_1_849' title='bbox 2876 5428 2967 5482; x_wconf 87' lang='lat' dir='ltr'><strong>sed</strong></span> <span class='ocrx_word' id='word_1_850' title='bbox 2998 5428 3080 5481; x_wconf 89' lang='lat' dir='ltr'><strong>vel</strong></span> <span class='ocrx_word' id='word_1_851' title='bbox 3110 5427 3161 5481; x_wconf 90' lang='lat' dir='ltr'><strong>in</strong></span> <span class='ocrx_word' id='word_1_852' title='bbox 3188 5422 3583 5494; x_wconf 88' lang='lat' dir='ltr'><strong>antiquissimis</strong></span> <span class='ocrx_word' id='word_1_853' title='bbox 3612 5417 3801 5473; x_wconf 80' lang='lat' dir='ltr'><strong>Patri-</strong></span> 
     </span>
    </p>
   </div>
   <div class='ocr_carea' id='block_1_116' title="bbox 2213 5511 3798 5590">
    <p class='ocr_par' dir='ltr' id='par_1_116' title="bbox 2213 5511 3798 5590">
     <span class='ocr_line' id='line_1_116' title="bbox 2213 5511 3798 5590; baseline -0.009 -12"><span class='ocrx_word' id='word_1_854' title='bbox 2213 5525 2315 5578; x_wconf 90' lang='lat' dir='ltr'><strong>bus</strong></span> <span class='ocrx_word' id='word_1_855' title='bbox 2344 5520 2649 5590; x_wconf 81' lang='lat' dir='ltr'><strong>exemplum</strong></span> <span class='ocrx_word' id='word_1_856' title='bbox 2685 5520 2965 5576; x_wconf 88' lang='lat' dir='ltr'><strong>habemus.</strong></span> <span class='ocrx_word' id='word_1_857' title='bbox 2997 5519 3057 5577; x_wconf 90' lang='lat' dir='ltr'><strong>S.</strong></span> <span class='ocrx_word' id='word_1_858' title='bbox 3089 5515 3384 5587; x_wconf 86' lang='lat' dir='ltr'><strong>Gregorius</strong></span> <span class='ocrx_word' id='word_1_859' title='bbox 3419 5511 3798 5567; x_wconf 65' lang='lat' dir='ltr'><strong>Neoczcsarea</strong></span> 
     </span>
    </p>
   </div>
   <div class='ocr_carea' id='block_1_117' title="bbox 2209 5602 3795 5688">
    <p class='ocr_par' dir='ltr' id='par_1_117' title="bbox 2209 5602 3795 5688">
     <span class='ocr_line' id='line_1_117' title="bbox 2209 5602 3795 5688; baseline -0.01 -16"><span class='ocrx_word' id='word_1_860' title='bbox 2209 5617 2513 5688; x_wconf 88' lang='lat' dir='ltr'><strong>episcopus,</strong></span> <span class='ocrx_word' id='word_1_861' title='bbox 2545 5613 2631 5670; x_wconf 90' lang='lat' dir='ltr'><strong>cui</strong></span> <span class='ocrx_word' id='word_1_862' title='bbox 2677 5613 3109 5685; x_wconf 81' lang='grc' dir='ltr'><strong>θαυματουργός</strong></span> <span class='ocrx_word' id='word_1_863' title='bbox 3159 5622 3457 5679; x_wconf 82' lang='lat' dir='ltr'><strong>cognomen</strong></span> <span class='ocrx_word' id='word_1_864' title='bbox 3496 5605 3565 5661; x_wconf 92' lang='lat' dir='ltr'><strong>ab</strong></span> <span class='ocrx_word' id='word_1_865' title='bbox 3610 5602 3795 5658; x_wconf 88' lang='lat' dir='ltr'><strong>admi-</strong></span> 
     </span>
    </p>
   </div>
   <div class='ocr_carea' id='block_1_118' title="bbox 2208 5703 3796 5778">
    <p class='ocr_par' dir='ltr' id='par_1_118' title="bbox 2208 5703 3796 5778">
     <span class='ocr_line' id='line_1_118' title="bbox 2208 5703 3796 5778; baseline -0.006 -14"><span class='ocrx_word' id='word_1_866' title='bbox 2208 5707 2393 5764; x_wconf 88' lang='lat' dir='ltr'><strong>randis</strong></span> <span class='ocrx_word' id='word_1_867' title='bbox 2416 5705 2669 5778; x_wconf 88' lang='lat' dir='ltr'><strong>operibus</strong></span> <span class='ocrx_word' id='word_1_868' title='bbox 2697 5705 2896 5761; x_wconf 90' lang='lat' dir='ltr'><strong>factum</strong></span> <span class='ocrx_word' id='word_1_869' title='bbox 2923 5715 3028 5770; x_wconf 86' lang='lat' dir='ltr'><strong>est,</strong></span> <span class='ocrx_word' id='word_1_870' title='bbox 3049 5703 3364 5759; x_wconf 83' lang='lat' dir='ltr'><strong>Theodorus</strong></span> <span class='ocrx_word' id='word_1_871' title='bbox 3393 5710 3573 5766; x_wconf 89' lang='lat' dir='ltr'><strong>antea,</strong></span> <span class='ocrx_word' id='word_1_872' title='bbox 3598 5710 3796 5771; x_wconf 83' lang='lat' dir='ltr'><strong>postea</strong></span> 
     </span>
    </p>
   </div>
   <div class='ocr_carea' id='block_1_119' title="bbox 2207 5791 3803 5871">
    <p class='ocr_par' dir='ltr' id='par_1_119' title="bbox 2207 5791 3803 5871">
     <span class='ocr_line' id='line_1_119' title="bbox 2207 5791 3803 5871; baseline -0.006 -14"><span class='ocrx_word' id='word_1_873' title='bbox 2207 5799 2499 5871; x_wconf 79' lang='lat' dir='ltr'><strong>Gregorius</strong></span> <span class='ocrx_word' id='word_1_874' title='bbox 2527 5808 2612 5858; x_wconf 89' lang='lat' dir='ltr'><strong>est</strong></span> <span class='ocrx_word' id='word_1_875' title='bbox 2637 5799 2965 5871; x_wconf 87' lang='lat' dir='ltr'><strong>appellatus;</strong></span> <span class='ocrx_word' id='word_1_876' title='bbox 2996 5797 3139 5867; x_wconf 85' lang='lat' dir='ltr'><strong>quod</strong></span> <span class='ocrx_word' id='word_1_877' title='bbox 3168 5804 3433 5853; x_wconf 85' lang='lat' dir='ltr'><strong>testantur</strong></span> <span class='ocrx_word' id='word_1_878' title='bbox 3455 5810 3644 5851; x_wconf 90' lang='lat' dir='ltr'><strong>omnes</strong></span> <span class='ocrx_word' id='word_1_879' title='bbox 3674 5791 3803 5849; x_wconf 81' lang='lat' dir='ltr'><strong>fere</strong></span> 
     </span>
    </p>
   </div>
  </div>
