4062 6214
310 336 383 399 85
1276 330 1677 397 FRANCISCI
1721 334 1908 395 SCOR

2028 331 2461 393 ΡΗΟίΕΜῘΗΜ
2495 332 2582 391 Ii.
3507 319 3578 385 86

314 454 409 521 qui
470 454 536 508 de
601 446 669 506 co
726 451 1017 522 scripsere.
1060 451 1132 507 με.
1187 451 1549 525 Hieronymus
1612 453 1666 506 in
1725 452 1896 508 Catal.

318 547 646 616 scriptorum
682 546 876 600 eccles.
912 546 968 605 in
1003 545 1285 609 Theodoro,
1307 547 1384 600 sic
1417 547 1493 601 ait
1526 564 1538 599 :
1574 545 1897 615 Theodorus,

320 642 416 706 qui
462 649 638 708 postea
690 636 984 709 Gregorius
1036 641 1333 710 appellatus
1387 648 1493 704 est,
1544 638 1904 695 Neoctcsarca:

325 732 485 785 Ponti
511 733 807 801 episcopus,
834 740 939 786 etc.
972 732 1233 787 Eusebius
1261 733 1521 802 Pamphili
1553 730 1904 786 Ca-sarietisis

323 826 414 878 lib.
455 841 472 879 ι
524 824 672 878 Hist.
708 824 838 879 cccl.
877 843 896 878 :
944 825 1103 879 Ponti
1153 825 1420 879 Ecclesias
1466 823 1785 893 Gregorius,
1815 823 1903 889 qui

314 916 467 984 prius
510 915 820 970 Theodorus
861 926 940 971 est
985 918 1179 981 dictus,
1212 934 1276 971 ea:
1320 914 1557 986 Origenis
1600 913 1899 983 discipulis,

311 1027 435 1063 cum
474 1010 648 1078 fratre
687 1009 1023 1063 Athenodoro
1063 1009 1437 1078 gubernanda:
1477 1008 1723 1075 suscepit.
1756 1005 1901 1059 ldetn

309 1111 365 1154 et
398 1100 626 1166 Suidas,
651 1101 809 1169 cujus
831 1100 997 1155 verba
1029 1100 1217 1155 eadem
1253 1099 1364 1155 fere
1389 1116 1506 1168 qtne
1536 1098 1900 1169 superiorum.

311 1189 391 1244 De
426 1188 642 1244 Latinis
676 1189 810 1244 nihil
846 1191 1131 1261 attingam,
1163 1191 1256 1261 qui
1293 1191 1506 1246 duobus
1548 1189 1902 1260 pluribusque

311 1282 635 1336 nominibus
664 1284 800 1345 noti,
822 1284 979 1338 modo
1010 1298 1140 1344 uno,
1161 1284 1319 1337 modo
1345 1282 1515 1337 altero
1542 1282 1689 1337 citati
1716 1281 1902 1351 legun-

312 1386 424 1429 tur.
445 1374 514 1440 Q.
539 1375 853 1430 Florentius
874 1375 1166 1445 Septimius
1185 1373 1578 1442 Tertullianus;
1600 1375 1901 1447 Cyprianus

310 1466 549 1519 alterum
570 1480 766 1519 nomen
785 1465 1061 1520 Caecilium
1082 1482 1108 1518 a
1128 1466 1343 1521 Caecilio
1362 1466 1674 1537 presbytero
1702 1507 1717 1532 ,
1742 1480 1770 1518 a
1793 1478 1900 1535 quo

316 1557 591 1625 baptismo
628 1556 910 1622 lustratus,
947 1558 1048 1612 sibi
1094 1557 1371 1628 adiunxit;
1417 1556 1730 1627 Fulgentius
1761 1556 1899 1612 idem

314 1656 366 1700 et
393 1647 674 1703 Plueiades
697 1647 873 1702 dictus
907 1665 921 1702 :
951 1647 1078 1712 hos,
1111 1648 1353 1718 inquam,
1385 1658 1438 1704 et
1473 1642 1606 1703 alios
1654 1650 1843 1705 omitto
1881 1666 1897 1714 ;

312 1741 490 1795 solum
520 1722 587 1794 ei
612 1740 959 1809 Theophanis
991 1742 1157 1795 nostri
1183 1742 1266 1796 vel
1294 1756 1413 1797 eum
1447 1740 1902 1811 consequentibus

311 1834 530 1891 strcnlis
560 1831 873 1888 Gra‘corum
931 1834 1122 1890 iterum
1184 1843 1500 1905 argumenta
1564 1836 1898 1905 depromam.

313 1927 374 1979 S.
410 1924 682 1996 Ignatium
730 1925 1092 1997 patriarcbam
1146 1925 1562 1996 Constantinop.
1613 1936 1900 1997 antequam

312 2016 572 2071 monachi
619 2017 785 2071 vitam
832 2017 1027 2084 iniret,
1060 2016 1306 2073 Nicetam
1350 2018 1677 2089 appellatum
1703 2057 1719 2084 ,
1750 2026 1806 2072 et
1846 2017 1901 2071 in

312 2111 463 2163 aditu
501 2109 776 2179 religiosae
807 2112 931 2165 vitae
964 2111 1015 2164 id
1048 2126 1242 2167 nomen
1282 2112 1333 2165 in
1370 2111 1633 2182 ignalinm
1677 2110 1902 2165 submu-

315 2210 463 2255 tasse
486 2210 681 2255 auctor
702 2210 784 2256 est
813 2199 1029 2257 Nicetes
1057 2201 1221 2257 David
1249 2204 1301 2257 in
1325 2202 1444 2273 ejus
1470 2200 1584 2257 Vita
1612 2220 1625 2256 :
1653 2201 1903 2271 Νικήτας

312 2295 371 2345 δὲ
414 2294 779 2363 ἀποκείρεται
831 2294 961 2364 μὲν,
1010 2295 1104 2348 καὶ
1149 2293 1314 2359 αὐτὸς
1359 2294 1618 2363 Ἰγνάτιος
1665 2292 1901 2364 μετωνό-

317 2402 550 2455 μασται.
595 2383 813 2440 Nicetes
848 2385 1096 2441 tondetur
1124 2388 1334 2451 quidem
1354 2428 1368 2452 ,
1399 2397 1447 2441 et
1479 2387 1616 2440 idem
1652 2387 1707 2440 in
1742 2385 1904 2455 Igna-

316 2478 453 2530 tinm
502 2478 725 2532 mutarit
776 2494 985 2533 nomen.
1021 2477 1187 2534 Paulo
1239 2488 1393 2548 post,
1430 2479 1520 2535 ubi
1571 2480 1640 2533 de
1685 2494 1752 2534 eo
1789 2479 1901 2548 jam

319 2569 600 2623 monacho
620 2571 853 2624 scribere
888 2571 1075 2641 incipit
1109 2591 1123 2625 :
1153 2572 1421 2644 Νικήτας,
1454 2573 1483 2624 ὁ
1521 2572 1614 2626 καὶ
1641 2571 1904 2640 Ἰγνάτιος

318 2655 421 2713 οἶά
456 2678 543 2724 τις
588 2662 968 2729 εὐγενὲστατος
1013 2663 1192 2735 ὅρπηξ
1237 2667 1294 2717 ὲν
1334 2664 1411 2734 τῷ
1454 2663 1590 2734 οἴκῳ
1629 2663 1726 2716 τοῦ
1765 2662 1901 2716 Θεοῦ

320 2751 642 2819 φυτευϐείς.
676 2751 769 2807 Nit
784 2763 915 2817 etas,
946 2754 1038 2824 qui
1081 2762 1130 2807 et
1169 2753 1432 2825 Ignotius,
1460 2754 1620 2808 ueluti
1659 2753 1901 2808 surculus

317 2846 541 2913 quidam
568 2844 928 2899 nobilissimus
959 2847 1008 2899 in
1036 2847 1191 2899 domo
1216 2846 1314 2901 Dei
1341 2847 1900 2935 platttatus.'Alterttm

318 2938 633 3007 exemplum
663 2938 837 2991 habeo
864 2936 1103 3006 ejusdem
1137 2939 1395 3008 temporis
1414 2954 1479 2994 cx
1503 2940 1691 2996 eodem
1716 2937 1933 2993 Niceta’

325 3030 497 3085 David
547 3030 776 3097 petitum
820 3030 911 3099 qui
958 3031 1025 3085 de
1074 3031 1245 3097 ipsius
1288 3031 1462 3085 sancti
1509 3031 1697 3101 lgnatii
1737 3030 1904 3086 fratre

319 3119 735 3191 ’l‘heOphylacto
767 3119 908 3173 idem
941 3128 1177 3175 testatur
1204 3137 1219 3176 :
1251 3120 1470 3174 Τούτων
1523 3120 1902 3190 Θεοφύλακτος

322 3214 430 3283 μὲν
458 3214 487 3266 ὁ
510 3213 729 3266 πάντων
754 3211 1100 3282 πρωτότοκος
1131 3211 1250 3282 ἅμα
1274 3214 1388 3277 τοῖς
1414 3213 1689 3283 πατράσιν
1713 3211 1901 3276 αὐτοῦ,

320 3305 421 3358 καὶ
449 3304 734 3375 βασιλεῦσι
757 3303 878 3358 τότε
905 3305 1235 3375 κειράμενος
1263 3305 1342 3367 εἰς
1369 3304 1704 3375 Εὐστράτιον
1728 3320 1903 3375 μετω-

318 3395 597 3466 νομάσθη.
619 3395 827 3450 Horum
842 3394 885 3450 Τ
886 3394 1257 3467 Iteopltylactns
1274 3396 1356 3463 pri
1364 3397 1652 3465 mogenitus
1674 3394 1903 3449 omnium

319 3508 435 3544 una
469 3508 588 3544 tum
618 3491 858 3560 patribus
895 3491 1007 3544 suis
1044 3498 1091 3543 et
1122 3490 1528 3558 imperatoribus
1567 3485 1903 3557 (Michaelem

320 3583 713 3653 Cumpalatam
743 3592 800 3637 et
824 3580 1137 3651 Procopiam
1174 3579 1454 3648 utriusque
1478 3588 1730 3649 parentes
1750 3585 1909 3633 vocat

323 3678 688 3743 imperatores
730 3678 796 3730 de
836 3674 1030 3746 quibus
1075 3688 1238 3744 supra
1284 3670 1520 3741 dixerat)
1564 3679 1805 3725 attonsus
1851 3671 1907 3722 in

328 3769 669 3822 Eustratium
700 3783 885 3821 nomen
913 3765 1156 3820 mutavit.
1181 3765 1258 3820 Ex
1288 3762 1621 3834 temporibus
1647 3763 1911 3832 posterio-

322 3860 483 3915 ribus
514 3859 819 3927 exemplum
857 3859 1044 3914 subest
1074 3859 1127 3913 in
1159 3857 1420 3929 Gregorio
1455 3856 1763 3920 Scholario,
1791 3856 1910 3911 viro

322 3954 477 4007 inter
525 3951 746 4006 Grzecos
795 3951 1228 4021 sapientissimo,
1257 3952 1347 4022 qui
1396 3950 1709 4006 Gennadius
1753 3959 1907 4004 antea

320 4055 559 4099 vocatus
596 4045 827 4099 mutavit
867 4059 1064 4099 nomen
1109 4054 1419 4115 assumptus
1457 4046 1522 4098 ad
1570 4043 1910 4113 patriarcha-

327 4150 446 4191 tum
476 4136 609 4203 CP.,
641 4137 781 4206 quod
814 4136 1003 4191 scribit
1034 4135 1391 4193 Bellarminus
1421 4152 1587 4208 opere
1616 4137 1693 4191 De
1722 4138 1908 4207 script.

325 4230 542 4295 εει-ιω..
569 4231 721 4297 cujus
750 4240 986 4300 quatuor
1008 4231 1284 4285 orationes
1309 4233 1375 4285 de
1401 4246 1531 4300 pace
1560 4246 1657 4300 pro
1682 4231 1914 4287 concilio

328 4328 576 4382 Florent.
602 4326 655 4380 in
688 4323 795 4380 line
824 4325 1063 4393 ejusdem
1095 4325 1364 4395 leguntur.
1390 4325 1557 4381 Multa
1584 4326 1687 4380 alia
1715 4341 1914 4395 suppe-

328 4428 518 4474 terent
547 4416 795 4485 exempla
836 4416 996 4486 hujus
1032 4415 1342 4473 Grmcorum
1382 4419 1547 4485 ritus;
1583 4419 1675 4475 sed
1706 4435 1770 4474 ea
1798 4435 1916 4489 quae

332 4508 530 4565 induxi
566 4508 703 4563 satis
736 4507 1068 4577 probabilem
1110 4520 1348 4565 nostram
1386 4498 1759 4581 conjecturam
1798 4513 1917 4566 elli-

330 4604 509 4666 ciunt,
536 4600 919 4670 Theophanem
964 4613 1206 4656 nostrum
1247 4602 1328 4657 vel
1368 4615 1620 4674 suscepto
1663 4605 1916 4662 monachi

336 4694 554 4760 habitu,
589 4691 671 4746 vel
718 4693 783 4745 ad
824 4692 1062 4762 episcopi
1106 4692 1422 4761 dignitatem
1464 4705 1708 4751 evectum
1751 4714 1915 4753 unum

334 4799 538 4840 nomen
567 4798 690 4837 cum
719 4784 889 4837 altero
916 4780 1298 4850 commutasse,
1322 4796 1374 4839 et
1400 4795 1504 4841 tam
1530 4786 1915 4859 TheOphancm

340 4894 504 4948 quam
548 4874 877 4945 Gregorium
917 4873 1162 4943 ejusdem
1208 4876 1490 4945 scriptoris
1534 4893 1653 4933 esse
1698 4896 1915 4945 nomen,

342 4972 591 5040 quamvis
640 4968 709 5023 ab
753 4967 820 5020 iis
867 4968 956 5035 qui
1005 4966 1121 5035 ejus
1168 4969 1503 5036 exscripsere
1552 4969 1827 5032 homilias.
1864 4981 1923 5026 ut

340 5068 483 5133 apud
524 5050 774 5133 posteros
814 5069 1196 5129 perennarcnt,
1232 5076 1376 5117 nunc
1416 5077 1523 5116 uno
1566 5080 1709 5117 nunc
1748 5065 1920 5119 altero

339 5166 602 5221 vocetur;
651 5169 866 5224 semper
910 5163 1086 5208 autem
1134 5163 1189 5207 et
1224 5156 1663 5210 constantissime
1708 5157 1921 5226 utrique

339 5249 553 5305 nomini
588 5244 829 5301 Ceramei
855 5256 909 5299 et
935 5246 1327 5316 archiepiscopi
1350 5245 1697 5302 Tattromenii
1723 5264 1923 5319 cogno-

344 5358 469 5396 men
522 5348 579 5396 et
634 5339 824 5394 titulus
873 5349 999 5394 snnt
1049 5340 1228 5394 allisa.
1267 5339 1384 5393 Jam
1430 5355 1561 5395 vero
1609 5342 1920 5412 episcopum

341 5443 595 5488 nostrum
651 5441 812 5486 antea
868 5432 1120 5486 monachi
1176 5430 1337 5484 vitam
1394 5430 1560 5487 fuisse
1617 5433 1921 5503 professum

341 5536 555 5581 certum
606 5532 695 5579 est
740 5524 905 5590 mihi,
942 5534 996 5579 et
1039 5525 1211 5580 cuivis
1255 5525 1439 5590 debet,
1474 5526 1564 5593 qui
1612 5525 1920 5580 Grzecorum

342 5634 581 5683 morem,
615 5632 803 5672 eorum
850 5625 995 5672 certe
1036 5626 1364 5687 temporum,
1395 5616 1626 5681 noverit,
1662 5632 1767 5672 non
1822 5617 1924 5672 nisi

337 5727 414 5766 ex
459 5711 747 5766 monachis
787 5709 1067 5780 episcopos
1114 5709 1402 5780 deligendi,
1437 5709 1577 5777 quod
1624 5724 1727 5764 non
1770 5709 1927 5764 modo

284 5808 291 5816 '
346 5814 404 5857 tn
440 5801 504 5858 S.
540 5800 750 5872 lgnatio
773 5812 901 5857 vero
931 5800 1236 5871 patriarcha
1267 5801 1470 5857 factum
1503 5813 1662 5870 supra
1692 5799 1923 5857 diximus

2009 467 2075 507 ex
2109 452 2295 507 Niccta
2323 452 2512 517 David,
2542 453 2636 507 sed
2666 461 2718 507 et
2745 452 2859 521 ipse
2886 450 3114 506 Photius
3146 450 3235 519 qui
3267 465 3331 506 ex
3361 448 3502 505 laico
3529 450 3583 505 in

2005 545 2333 616 patriarcha:
2380 548 2670 610 thronum,
2714 547 3000 601 deturbato
3052 560 3148 615 per
3191 545 3298 600 vim
3355 546 3471 613 ipso
3522 543 3586 600 S.

2006 637 2244 709 lgnatio,
2274 639 2566 709 derepente
2599 638 2825 703 insiliit,
2864 648 2924 692 ut
2959 648 3136 694 tamen
3173 646 3225 691 et
3259 636 3497 705 legitime
3529 643 3584 689 et

2005 746 2071 785 ex
2106 732 2211 784 ritu
2256 731 2430 786 factus
2470 732 2741 788 videretur
2769 731 3087 801 episcopus:
3118 731 3321 803 Πρὼτῃ
3368 728 3577 799 ἡμέρᾳ,

2006 823 2173 893 inquit
2202 823 2341 877 idem
2366 823 2601 889 Nicetes,
2626 824 2857 896 μοναχδς
2880 824 3001 878 ἀντὶ
3027 822 3240 883 λαῖκοῦ,
3260 825 3325 892 τῇ
3350 820 3581 890 δευτέρᾳ

2002 914 2060 969 δὲ
2084 914 2461 988 ἀνατνὼστης,
2486 917 2579 970 καὶ
2609 915 2963 979 ὑποδιάκονος
2986 918 3051 987 τῇ
3079 915 3226 986 ἑξῆς,
3248 910 3367 967 εἶτα
3397 913 3582 966 διάκο-

2005 1024 2118 1073 νος,
2142 1003 2262 1062 εἶτα
2287 1009 2683 1080 πρεσϐύτερος,
2708 1009 2901 1063 ἔπειτα
2927 1011 2994 1079 τῇ
3022 1006 3157 1078 ἕκτῃ
3190 1008 3285 1060 καὶ
3313 1005 3475 1068 αὐτὸς
3504 1002 3583 1074 τῷ

2007 1099 2267 1170 ἱερατικῷ
2300 1099 2547 1171 προσϐὰς
2581 1100 2777 1171 θρόνῳ,
2809 1111 2912 1156 etc.
2946 1099 3087 1154 Nam
3126 1101 3294 1169 primo
3334 1097 3418 1151 a'ie
3462 1112 3577 1149 mo-

2006 1192 2204 1246 nachus
2236 1209 2301 1248 ea:
2329 1192 2491 1259 laico,
2522 1195 2689 1248 altero
2722 1195 2900 1257 lector,
2935 1203 3044 1247 tum
3076 1193 3487 1262 hypodiaconus,
3517 1204 3581 1241 ac

2003 1285 2286 1352 diaconus,
2317 1296 2364 1339 et
2395 1285 2697 1356 presbyter;
2735 1295 2884 1340 sexto
2923 1285 3109 1339 deinde
3140 1291 3187 1337 et
3222 1283 3334 1351 ipse
3367 1295 3579 1333 sacrum

2004 1376 2353 1429 conscendens
2381 1376 2639 1437 tribunal,
2661 1386 2768 1430 etc.
2796 1374 2977 1430 Habeo
3002 1380 3261 1443 prazterea
3293 1370 3576 1440 epistolam

2003 1465 2245 1535 ejusdem
2278 1466 2457 1523 Photii
2495 1469 2549 1524 in
2582 1468 2822 1524 Siciliam
2859 1468 3153 1537 scriptam,
3182 1465 3337 1534 cujus
3385 1462 3577 1517 inscri-

2002 1560 2133 1629 ptio,
2167 1559 2429 1631 Θεοφάνει
2464 1561 2771 1631 μονάζοντι,
2805 1576 2963 1630 quem
2996 1560 3170 1629 ipsum
3198 1557 3579 1624 'l'heOphancm

2006 1661 2248 1706 nostrum
2317 1667 2441 1707 esse
2505 1668 2570 1709 ex
2634 1654 2844 1707 ratione
2915 1654 3215 1720 temporum
3288 1647 3580 1713 multisque

2003 1754 2241 1799 astruam
2283 1746 2639 1817 conjecturis,
2671 1747 3028 1814 eamdemque
3062 1744 3200 1797 dabo
3236 1740 3374 1795 inl‘ra
3417 1740 3444 1806 §
3489 1754 3579 1792 se-

1980 1836 2208 1905 ‘quenti.
2242 1834 2394 1892 lianc
2438 1838 2881 1892 consuetudinem
2931 1836 3165 1890 retinent
3210 1833 3371 1887 etiam
3421 1830 3585 1883 hodie

2003 1922 2201 1996 Grteci,
2230 1939 2287 1985 ut
2314 1946 2379 1987 ex
2413 1932 2800 1987 monachorum
2832 1938 2973 1987 ccctu
3006 1931 3285 1998 episcopos
3315 1924 3577 1993 deligant.

2002 2032 2057 2078 et
2121 2038 2316 2097 nomen
2380 2025 2436 2086 in
2500 2023 2838 2095 professione
2887 2024 3011 2077 vita:
3070 2020 3383 2075 monasticae
3434 2015 3577 2069 sub-

2006 2098 2245 2181 mutent;
2281 2119 2424 2188 quod
2456 2133 2524 2173 ex
2558 2116 2689 2187 ipsis
2719 2124 2931 2189 egomet
2956 2129 3051 2169 ore
3081 2121 3334 2167 testatum
3371 2107 3576 2174 accepi.

2002 2210 2272 2266 Addidere
2306 2226 2437 2267 vero
2477 2211 2543 2266 ad
2584 2209 3025 2267 consuetudinem
3067 2208 3347 2275 antiquam
3387 2203 3578 2257 obser-

2004 2304 2276 2360 vationem
2305 2319 2523 2370 novam,
2550 2312 2612 2360 ut
2638 2303 2824 2359 eadem
2858 2303 3032 2357 littera
3067 2308 3354 2367 utrumque
3384 2310 3578 2351 nomen

2005 2398 2369 2469 incipiendum
2413 2398 2518 2463 sit,
2550 2404 2661 2452 tum
2697 2404 2853 2452 vetus
2890 2404 3003 2449 tum
3041 2408 3257 2449 novum.
3292 2391 3398 2447 Sed
3440 2389 3582 2445 hunc

2006 2507 2111 2546 non
2139 2491 2304 2546 fuisse
2328 2504 2536 2546 morem
2560 2489 2902 2559 superiorum
2934 2497 3236 2557 temporum
3258 2483 3372 2554 jam
3401 2496 3585 2536 exem-

2003 2582 2095 2652 plo
2120 2581 2292 2651 ipsius
2326 2579 2386 2637 S.
2414 2579 2610 2650 lgnatii
2643 2585 2880 2643 constat,
2907 2578 3062 2646 cujus
3089 2575 3307 2631 nomina
3340 2571 3578 2635 Nicetas,
3650 2578 3655 2589 ‘

2004 2686 2059 2731 et
2099 2675 2362 2745 lgnatius,
2397 2672 2523 2727 illud
2563 2672 2958 2742 primogenium
3003 2670 3104 2724 hoc
3144 2667 3396 2722 ascitum.
3429 2665 3581 2731 Quod

2004 2778 2059 2823 et
2086 2768 2318 2823 advertit
2342 2765 2600 2823 Octavius
2631 2765 2905 2821 Caetanus
2937 2763 2990 2818 in
3028 2761 3246 2819 schedis
3280 2774 3412 2816 mss.
3446 2774 3582 2827 quas

2005 2876 2104 2930 ego
2160 2860 2282 2930 legi.
2324 2857 2441 2917 Non
2473 2858 2634 2929 igitur
2682 2872 2750 2913 ex
2801 2857 2902 2911 hac
2950 2869 3155 2924 nupera
3206 2852 3583 2909 observatione

2005 2954 2351 3019 Graecorum,
2385 2950 2474 3007 vel
2519 2959 2668 3008 certe
2716 2966 2823 3006 non
2872 2950 3140 3005 constanti
3194 2945 3584 3005 consuetudine

2006 3046 2370 3103 inﬁrmabitur
2396 3055 2584 3101 nostra
2615 3043 2954 3114 conjectura,
2981 3043 3024 3097 si
3054 3039 3299 3111 Gregorii
3327 3048 3382 3094 et
3407 3036 3587 3093 Theo-

2004 3139 2203 3211 phanis
2254 3136 2474 3193 nomina
2526 3138 2773 3193 eamdem
2822 3135 3063 3190 litteram
3121 3132 3423 3202 principem
3473 3143 3583 3183 non

2007 3229 2264 3286 habeant.
2316 3227 2396 3283 De
2467 3227 2627 3282 tertio
2693 3224 2948 3290 nomine,
3003 3222 3088 3277 cui
3160 3220 3438 3289 inscripta;
3501 3216 3583 3271 hac

2008 3323 2271 3388 homilize,
2307 3319 2564 3376 nimirum
2622 3319 2868 3388 Philippo
2914 3314 3220 3379 Ceramita,
3254 3326 3425 3383 pauca
3469 3308 3582 3378 jam

2009 3416 2203 3469 dicam.
2255 3414 2430 3481 Atque
2499 3411 2551 3465 in
2621 3409 2813 3479 primis
2878 3409 2978 3462 hoc
3047 3417 3244 3461 nomen
3313 3402 3366 3456 in
3434 3399 3585 3454 nullo

2009 3507 2194 3563 codice
2257 3504 2689 3572 manuscriptnm
2746 3503 2847 3571 legi
2900 3515 3087 3557 eorum
3133 3513 3271 3568 quos
3317 3496 3581 3551 hactenus

2008 3606 2225 3651 exstare
2282 3594 2521 3664 comperi
2576 3594 2629 3648 in
2680 3591 3021 3648 bibliothecis
3080 3591 3339 3656 Europze,
3390 3584 3587 3654 quibus

2008 3685 2350 3755 potissimum
2410 3683 2542 3738 ﬁdes
2594 3680 2878 3748 habenda;
2935 3693 3109 3746 neque
3163 3689 3293 3729 vero
3351 3674 3403 3727 in
3470 3671 3588 3724 int-

2010 3780 2212 3851 pressis
2278 3779 2604 3847 scriptorum
2666 3774 2856 3839 libris,
2915 3782 3276 3842 prmterquam
3341 3768 3392 3820 in
3464 3763 3593 3818 idea

2012 3874 2224 3933 Octavii
2265 3872 2518 3935 Caetani,
2550 3879 2606 3926 et
2644 3870 2697 3923 in
2743 3867 2969 3924 elencho
3007 3868 3201 3920 harum
3247 3858 3587 3917 homiliarum

2015 3981 2148 4023 mss.
2207 3978 2366 4034 quem
2423 3961 2660 4032 reliquit.
2697 3959 2829 4027 Quae
2884 3975 3005 4014 cum
3065 3957 3265 4013 eaedem
3318 3952 3427 4006 sint
3472 3963 3588 4002 om-

2016 4058 2141 4113 nino
2194 4065 2356 4125 atque
2411 4052 2516 4107 illae
2569 4065 2687 4120 qua:
2736 4049 2850 4119 jam
2893 4044 3229 4115 Theophani,
3278 4040 3389 4112 jam
3449 4037 3587 4092 Gre-

2017 4148 2168 4219 gorio
2223 4147 2274 4201 in
2310 4145 2523 4201 cmteris
2592 4157 2723 4198 mss.
2776 4137 3176 4208 exemplaribus
3220 4133 3588 4190 ascribuntur.

2019 4254 2201 4297 tamen
2261 4237 2568 4307 Philippum
2610 4232 2938 4287 Ceramitam
2975 4236 3251 4283 auctorem
3301 4222 3591 4295 proderunt

2021 4337 2071 4389 in
2133 4332 2363 4402 quodam
2410 4306 2559 4382 mss.
2614 4324 2755 4379 libro
2824 4306 3178 4392 quiioblatus
3216 4314 3316 4371 fuit
3364 4314 3593 4370 Octavio

2018 4426 2259 4479 Caetano
2318 4419 2578 4473 Messanae
2636 4430 2759 4470 cum
2818 4420 2961 4468 esset
3010 4426 3038 4465 a
3096 4408 3313 4464 Meletio
3356 4405 3594 4477 quodam

2020 4512 2338 4570 Atheniensi
2367 4508 2632 4564 monacho
2664 4521 2729 4562 ex
2760 4504 2951 4561 ordine
2998 4502 3057 4558 S.
3112 4500 3295 4557 Basilii
3320 4500 3374 4553 in
3408 4507 3601 4553 monte

2023 4610 2243 4670 Sancto,
2291 4604 2381 4676 qui
2411 4618 2477 4658 ex
2513 4600 2735 4655 Oriente
2782 4597 2910 4652 illuc
2952 4593 3257 4676 appulerat.
3309 4588 3415 4676 Sed
3465 4603 3589 4676 cum

2022 4691 2162 4746 nulla
2217 4670 2324 4741 alia
2367 4685 2709 4748 auctoritate,
2762 4680 2907 4733 nullo
2971 4675 3279 4732 testimonio
3324 4674 3436 4726 lucc
3516 4670 3593 4723 in-

2020 4782 2245 4854 scriptio
2279 4779 2546 4839 l'ulcialur,
2574 4790 2734 4845 quam
2763 4770 2922 4839 hujus
2957 4768 3102 4833 libri,
3147 4764 3402 4821 existimo
3444 4762 3592 4815 hunc

2020 4876 2324 4944 Philippum
2381 4870 2545 4923 fuisse
2594 4866 2941 4921 collectorcm
2992 4862 3185 4914 harum
3230 4855 3601 4914 homiliarum,

2000 4942 2107 5023 ται
2131 4942 2608 5036 iisposterioribus
2641 4956 2853 5013 sarculis
2887 4969 3065 5014 usum,
3091 4963 3253 5019 atque
3305 4946 3439 5002 adeo
3486 4945 3597 5000 col-

2025 5060 2242 5117 lei-toris
2267 5064 2323 5112 et.
2349 5052 2669 5124 exeriptoris
2716 5062 2910 5104 nomen
2960 5047 3014 5101 in
3066 5041 3309 5099 auctoris
3355 5038 3597 5111 germani

2028 5152 2311 5209 transiisse
2342 5166 2355 5203 :
2388 5148 2530 5219 quod
2557 5160 2696 5216 serpe
2730 5142 2845 5198 ﬁeri
2885 5138 3109 5202 assolet,
3153 5146 3212 5192 ut
3235 5151 3357 5192 cum
3400 5133 3598 5189 collec-

2028 5259 2171 5302 tores
2198 5258 2422 5314 operum
2452 5240 2780 5312 posteriores
2811 5248 3006 5290 nomen
3049 5246 3204 5288 suum
3266 5230 3319 5283 in
3361 5229 3428 5283 iis
3480 5240 3599 5293 qua:

2027 5339 2359 5407 eullegerunt
2394 5329 2848 5405 prtcscripserint,
2887 5327 3016 5383 illud
3052 5337 3304 5395 tanquam
3343 5317 3599 5374 auctoriis

2030 5432 2219 5487 deinde
2248 5428 2409 5497 vulgo
2433 5425 2717 5497 prodatur.
2760 5424 2838 5477 Ita
2868 5420 3143 5476 Anastasii
3197 5409 3599 5470 BibliOtlteearii

2035 5526 2163 5580 Vita:
2189 5519 2510 5576 Pontiﬁcum
2537 5531 2657 5573 esse
2679 5516 2957 5582 dicuntur,
2987 5528 3121 5585 quas
3158 5519 3336 5562 tamen
3376 5505 3442 5559 ab
3483 5503 3604 5558 aliis

2029 5616 2259 5685 scriptas
2283 5614 2399 5682 ipse
2418 5598 2708 5681 redegitin
2745 5610 3019 5665 volumen.
3074 5604 3148 5657 Ita
3191 5598 3327 5654 Vitae
3380 5596 3603 5652 Patrum

2029 5711 2089 5766 P.
2152 5704 2449 5762 llcreberto
2488 5703 2710 5760 Rosvidi
2758 5702 2884 5757 Soc.
2927 5707 3150 5763 nosti-:3,
3203 5706 3338 5764 quas
3384 5692 3500 5761 ipse
3535 5702 3606 5743 ex

2033 5800 2223 5858 amitis
2250 5798 2525 5868 variisque
2554 5793 2910 5867 scriptoribus
2940 5791 2999 5846 in
3030 5801 3196 5845 unum
3219 5781 3450 5843 contulit
3479 5792 3604 5836 cor-
