4062 6214
479 291 544 350 87

483 421 584 473 pus
618 420 950 474 :cugnomen
982 422 1108 461 vero
1135 406 1229 459 τοῦ
1275 409 1598 477 hispani-.09
1647 407 1898 476 Philippo
1960 408 2053 461 ad-

483 499 672 561 ditum,
702 500 840 566 quod
888 501 1025 553 idem
1072 515 1126 554 re
1185 512 1234 555 et
1288 516 1450 555 sensu
1509 510 1674 554 estac
1721 499 2052 570 Κεραμέως,

485 599 546 641 ut-
601 604 758 657 supra
814 589 990 659 a'tigi.
1043 592 1094 644 in
1145 591 1452 657 opinionem
1518 607 1601 644 me
1647 590 1866 644 adducit
1910 591 2054 642 hunc

484 679 785 747 Philippum
811 694 875 733 es
908 680 1094 733 eadem
1128 677 1292 733 fuisse
1325 681 1480 731 domo
1515 695 1576 731 ac
1633 687 1789 746 gente
1838 695 1901 731 ac
1962 692 2053 729 nos

481 780 648 822 strnm
677 768 1058 838 Theophanem
1087 771 1372 839 Κεραμέα.
1398 768 1530 822 Nam
1566 782 1758 824 nomen
1795 771 1897 822 hoc
1926 782 2054 821 esse

489 861 701 913 familia:
735 859 1063 930 probabilius
1099 861 1228 913 mihi
1250 861 1456 914 videtur
1477 875 1636 927 quam
1661 857 1845 926 patria:
1871 874 1884 910 :
1912 857 2054 924 quod

489 954 643 1008 video
679 953 957 1007 nonnullis
990 953 1181 1006 amicis
1219 953 1353 1006 meis
1387 953 1611 1006 eruditis
1663 968 1726 1006 ae
1781 949 2051 1005 nobilibus

489 1047 624 1100 viris
658 1045 1056 1098 Panormitanis
1091 1043 1299 1110 placere
1334 1059 1346 1094 :
1385 1041 1578 1095 vellent
1603 1041 1747 1094 enim
1783 1041 1832 1093 hi
1879 1037 2056 1092 Theo-

485 1137 714 1205 phanem
743 1136 1056 1189 Ceramenm
1095 1136 1292 1188 dictum
1323 1135 1390 1187 ab
1448 1133 1644 1202 oppido
1691 1134 1835 1202 quod
1893 1131 2051 1186 hodie

485 1230 732 1284 Ceramis
763 1229 814 1280 in
848 1228 1025 1280 Sicilia
1058 1227 1196 1279 haud
1239 1227 1392 1293 longe
1425 1225 1636 1294 Troyna
1683 1224 1735 1276 in
1783 1223 1918 1276 valle
1956 1222 2059 1274 Do-

493 1323 623 1374 mini
647 1321 809 1373 situm
831 1320 1057 1371 dicitur:
1085 1320 1151 1370 de
1175 1332 1280 1385 quo
1319 1315 1565 1369 Fazcllus
1595 1331 1761 1367 tttlllm
1794 1316 2057 1367 verbum:

489 1429 551 1464 ac
599 1426 794 1466 nomen
855 1411 1049 1474 solum,
1093 1408 1223 1462 nihil
1275 1417 1531 1476 praeterea
1582 1405 1847 1473 prodidit;
1897 1420 1962 1456 ne
2009 1404 2058 1456 in

489 1521 675 1557 eorum
707 1504 1012 1571 opinionem
1054 1501 1310 1555 accedam
1364 1509 1472 1554 tres
1517 1499 1729 1552 obstant
1772 1497 2010 1551 rationes
2044 1513 2058 1548 :

493 1597 663 1661 prima
700 1595 840 1663 quod
866 1593 983 1662 ejus
1020 1593 1192 1661 patria
1251 1591 1354 1644 alia
1390 1604 1510 1644 esse
1541 1588 1808 1658 colligitur
1855 1603 1919 1641 ex
1980 1587 2062 1639 his

493 1703 612 1756 quae
651 1687 825 1741 dicam
877 1683 1226 1755 §sequcnti;
1285 1682 1519 1736 secunda
1563 1680 1689 1750 quia
1745 1683 1810 1734 de
1861 1679 2061 1748 oppido

492 1780 704 1834 (-‘.erami
737 1778 937 1833 nullam
963 1778 1119 1831 video
1177 1778 1229 1830 in
1274 1773 1630 1844 scriptoribus
1696 1770 2063 1825 Siciliensium

495 1886 672 1925 rerum
706 1869 818 1924 fieri
853 1868 1172 1922 mentionem
1197 1873 1322 1920 ante
1374 1864 1715 1918 millesimum
1761 1878 1790 1916 a
1847 1861 2065 1916 Christo

497 1971 640 2028 nato,
674 1963 814 2015 unde
842 1960 1183 2029 Theophanis
1207 1967 1469 2028 tempore,
1487 1956 1586 2010 hoc
1611 1963 1696 2009 est
1725 1963 1848 2008 ante
1871 1953 2067 2007 Sarra-

494 2069 749 2110 cenorum
781 2051 1136 2115 dominatum,
1174 2058 1353 2103 utrum
1389 2047 1660 2101 exstiterit
1695 2059 1883 2111 necne,
1924 2043 2069 2097 allie-

498 2146 632 2200 mari
681 2159 786 2200 non
819 2152 1029 2214 potest;
1066 2142 1220 2195 tertia
1251 2155 1315 2194 ex
1341 2139 1456 2208 ipso
1485 2138 1736 2210 loquendi
1785 2153 1920 2192 usu:
1966 2151 2071 2188 non

496 2238 640 2291 enim
663 2237 734 2290 ita
754 2245 976 2291 voeatur
992 2232 1349 2302 Theophanes
1368 2232 1682 2301 Κεραμεὺς,
1719 2240 1775 2283 ut
1796 2229 2074 2290 Διονύσιος

509 2325 991 2395 Ἁλικαρνασσεὺς,
1013 2322 1422 2393 ειΠ).οὑταρχος
1438 2319 1780 2390 Χαιρωνεύς,
1803 2318 2076 2380 absolute,

499 2419 659 2474 sicuti
691 2421 742 2472 in
765 2417 1176 2486 cognominibus
1192 2430 1255 2468 ex
1281 2415 1452 2484 patria
1472 2413 1702 2481 sumptis
1728 2411 1870 2476 loqui
1905 2408 2076 2464 Grzeci

424 2564 434 2576 κ
496 2518 918 2573 consueverunt,
939 2509 1032 2563 sed
1071 2507 1431 2574 'l‘he0phanes
1471 2504 1671 2558 dicitur
1719 2513 2079 2572 cognomento

495 2602 812 2672 Κεραμεὺς,
853 2599 1007 2669 quasi
1041 2596 1140 2662 .illa
1192 2609 1323 2650 voce
1389 2594 1637 2663 apposita
1712 2602 2074 2661 cognomento,

499 2693 741 2762 signetur
764 2705 958 2746 nomen
988 2689 1183 2759 gentis,
1215 2687 1297 2742 vel
1328 2686 1567 2749 familiar,
1633 2684 1956 2740 excludatur
1989 2699 2080 2750 pa-

501 2785 654 2849 triaa;
689 2797 848 2837 nemo
885 2782 1028 2835 enim
1087 2779 1283 2832 dixerit
1312 2796 1325 2832 :
1370 2776 1696 2831 Plutarchus
1727 2784 2084 2842 cognomento

498 2877 846 2931 Clueroncus.
884 2871 1073 2925 Restat
1101 2871 1264 2938 igitur
1297 2878 1374 2934 ut,
1421 2869 1466 2922 si
1521 2867 1736 2920 familiae
1781 2866 1860 2920 vel
1911 2866 2086 2934 gentis

504 2980 700 3022 nomen
737 2963 915 3034 :quod
946 2978 1011 3016 eo
1043 2961 1176 3015 mihi
1211 2960 1301 3015 fiet
1340 2958 1676 3026 probabilius
1739 2958 1878 3024 quod
1939 2971 2085 3008 non-

505 3061 664 3116 nullis
706 3059 917 3129 reperio
949 3056 1000 3109 in
1059 3070 1192 3111 mss.
1237 3053 1619 3116 monumentis,
1661 3065 1780 3122 qua:
1836 3051 1887 3103 in
1931 3051 2092 3103 variis

505 3150 847 3207 bibliothecis
866 3153 1235 3208 asservantur,
1258 3157 1482 3210 quorum
1505 3141 1732 3194 indicem
1766 3139 2089 3192 luculentum

508 3241 768 3298 describit
795 3240 850 3293 in
881 3241 1145 3306 Apparatu
1164 3250 1315 3287 sacro
1345 3245 1472 3286 tom.
1493 3232 1560 3286 ll.
1585 3230 1646 3288 P.
1670 3231 1936 3284 Antonius
1965 3229 2097 3284 Pos-

507 3338 753 3400 sevinus,
795 3333 846 3386 in
898 3327 1222 3384 bibliotheca
1243 3324 1526 3380 Viennensi
1560 3322 1764 3378 servari
1824 3323 2095 3389 cujusdam

507 3424 945 3484 JoanisCeramei
966 3421 1252 3477 conciones
1266 3427 1320 3474 et
1339 3417 1588 3473 homilias
1611 3417 1661 3470 in
1685 3425 1913 3486 quatuor
1928 3416 2100 3470 Evan-

515 3521 684 3590 gelica
722 3535 738 3583 ;
793 3525 845 3570 et
877 3516 1062 3570 eodem
1097 3525 1242 3568 tomo
1273 3512 1324 3565 in
1350 3524 1486 3565 mss.
1527 3510 1942 3590 Constantinop.
2015 3507 2100 3560 Bi-

514 3612 707 3667 blioth.
745 3607 1027 3676 Nicephori
1072 3613 1429 3676 cognomento
1460 3602 1652 3672 Figuli,
1690 3603 1802 3656 sive
1827 3600 2096 3666 Ceratnci,

514 3703 900 3774 explicationes
954 3707 1007 3753 et
1060 3709 1342 3751 sermones
1380 3695 1432 3749 in
1489 3703 1894 3748 sacrosanctum
1926 3694 2103 3747 Evan-

521 3797 742 3867 gelium.
765 3793 909 3848 Sane
935 3796 1350 3856 cognomentum
1382 3785 1576 3855 Figuli,
1595 3787 1734 3856 quod
1760 3785 1896 3838 idem
1929 3785 2103 3853 signat

520 3909 580 3944 ac
597 3889 838 3944 Grzccum
858 3885 1184 3948 Cerconicus,
1222 3881 1384 3936 fuisse
1409 3879 1664 3934 Romana:
1693 3878 1926 3948 antiquas
1950 3877 2104 3933 fami-
2125 3881 2138 3890 “

526 3985 608 4038 liae
637 3991 782 4052 patet
813 3996 876 4034 ex
913 3976 1126 4046 Nigidio
1157 3973 1341 4044 Figulo
1399 3971 1617 4026 homine
1643 3971 1975 4040 temporibus
2013 3969 2106 4024 Ci-

527 4074 738 4129 ceronis
771 4067 1147 4126 litteratissimi
1177 4067 1245 4120 ad
1277 4079 1433 4134 quem
1475 4072 1601 4118 stmt
1625 4061 1901 4117 Ciceronis
1936 4062 2102 4132 ipsius

526 4165 784 4236 epistola}.
828 4163 908 4216 An
944 4160 1011 4214 ab
1043 4160 1143 4214 hoc
1180 4157 1442 4227 originem
1475 4155 1690 4208 duxerit
1750 4154 1950 4206 familia
1998 4168 2100 4207 no-

525 4260 623 4314 stri
650 4258 893 4312 Ceramei
926 4255 1057 4308 nihil
1079 4253 1248 4308 habeo
1267 4251 1404 4320 quod
1441 4248 1724 4311 aﬂirmcm,
1759 4259 1932 4314 neque
1959 4245 2100 4315 quod

530 4363 754 4414 negem;
815 4358 1121 4413 quanquam
1175 4341 1247 4394 ita
1294 4340 1506 4407 placere
1561 4337 1718 4390 video
1789 4336 2102 4390 doctissimo

535 4437 738 4492 homini
765 4434 824 4488 P.
857 4433 1060 4488 Jacoho
1086 4429 1374 4483 Sirmondo
1431 4429 1483 4480 in
1545 4425 1767 4496 epistola
1813 4441 1972 4492 quam
2038 4426 2102 4477 ad

536 4543 625 4581 me
683 4527 748 4580 de
792 4527 893 4578 hac
955 4539 1014 4576 re
1043 4519 1317 4575 consultus
1402 4516 1700 4584 rescripsit.
1779 4515 2104 4568 Existimare

535 4618 658 4688 quis
697 4614 991 4685 possithoc
1038 4624 1333 4679 cognomen
1366 4621 1430 4660 ex
1483 4621 1670 4659 eorum
1727 4621 1849 4661 esse
1905 4622 2102 4675 genere

540 4710 736 4778 quibus
775 4705 951 4761 allecti
980 4699 1280 4757 sunttnulti
1331 4698 1450 4765 ejus
1497 4695 1679 4749 saeculi
1737 4695 1817 4748 vel
1868 4695 2104 4762 episcopi

540 4806 626 4859 vel
661 4803 974 4871 scriptores,
1009 4797 1078 4849 ita
1109 4793 1319 4849 scilicet
1345 4789 1527 4842 γοαπί
1576 4787 1956 4855 ΤΙιροιῆιθηοιη
2009 4788 2109 4840 Ce-

541 4910 782 4951 ratncnm
824 4892 943 4960 quis
975 4887 1170 4942 dixerit
1207 4883 1362 4938 sicuti
1399 4881 1707 4950 Dionysium
1759 4879 2022 4946 Exiguum
2056 4889 2110 4934 et

544 4987 761 5039 Petrum
807 4982 1100 5034 Sardorum
1143 4975 1478 5042 episcopum,
1531 4979 1884 5040 cognomento
1941 4967 2106 5020 Misc-

549 5094 682 5126 rmn,
714 5075 937 5125 legimus
961 5087 974 5130 ;
1002 5070 1065 5122 de
1097 5081 1201 5134 quo
1235 5064 1498 5115 Baronius
1533 5075 1673 5114 anno
1720 5060 1918 5114 Christi
1979 5059 2108 5126 857,

551 5169 635 5231 εἰμὶ
700 5162 1065 5210 «ημςειειιὶιιικερν
1118 5173 1235 5207 ‹·ιιιιι
1310 5153 1532 5219 Eulapio
1578 5151 1827 5216 Apamea:
1858 5151 2115 5219 cpiSt-opo

549 5258 655 5308 suit
689 5256 737 5306 in
791 5251 965 5304 Phutii
1020 5248 1348 5312 initiatione;
1393 5244 1552 5300 sicuti
1601 5243 1761 5297 ctiam
1798 5241 2112 5296 Zachariam

551 5349 793 5416 ejusdem
823 5341 1091 5404 factionis,
1126 5340 1214 5408 qui
1258 5337 1468 5407 Cophus
1507 5347 1588 5390 est
1622 5346 1977 5405 cognomento
2007 5337 2116 5391 dico

559 5455 642 5495 tus
673 5459 684 5493 :
716 5455 833 5507 qua:
863 5436 930 5488 ab
969 5434 1148 5501 aliqua
1190 5431 1498 5485 conditione
1542 5427 1826 5489 natalium,
1893 5428 2113 5480 habitu-

557 5550 663 5602 quc
689 5530 930 5600 corporis
966 5523 1047 5580 vel
1082 5523 1246 5580 animi
1277 5524 1381 5588 sui,
1415 5525 1494 5576 vel
1551 5536 1792 5584 suorum,
1853 5523 2135 5594 apposita,

563 5627 644 5679 vel
678 5626 838 5679 etiam
861 5639 924 5676 ex
950 5618 1275 5674 demissione
1313 5624 1365 5670 ct
1398 5614 1709 5669 inductione
1756 5610 1943 5666 volunt
2006 5612 2118 5665 aria

568 5717 736 5774 animi
790 5714 959 5770 ascita
1008 5726 1127 5766 esse
1154 5708 1319 5764 videri
1392 5715 1632 5775 possunt,
1666 5719 1728 5759 ea
1773 5705 1977 5756 ratione
2017 5717 2122 5770 qua

1461 290 1858 351 FRANCISCI
1901 293 2166 356 SCORSI
2207 293 2636 358 PROCEMIUM
2688 297 2772 358 Ῑῐ.

3667 299 3729 364 88

2147 401 2298 477 apud
2327 409 2598 466 Romanos
2638 411 2898 467 Lentulus
2927 411 3202 481 Spenthir,
3236 412 3478 468 Licinius
3509 411 3732 481 Calvus,

2155 501 2412 558 IEmilius
2443 503 2661 566 Paulus,
2695 503 2979 558 Cornelius
3012 505 3196 578 Scjpio
3243 504 3446 570 dictus,
3497 505 3571 559 de
3616 508 3728 573 qui-

2155 588 2254 642 bus
2284 590 2697 655 cognominibus
2733 605 3027 658 eorumque
3061 591 3272 661 origine
3314 592 3526 663 longius
3555 595 3732 650 disse-

2157 681 2225 733 rit
2265 679 2519 750 Sigonius
2557 681 2694 734 libro
2723 680 2794 735 De
2825 682 2979 749 factis
3019 683 3404 746 consularibus,
3460 685 3730 749 opusculo

2162 773 2233 828 De
2257 775 2549 828 nominibus
2574 773 2929 827 Romanorum
2960 775 3221 842 singulari
3253 793 3266 828 :
3300 775 3393 829 sed
3436 777 3542 831 hoc
3593 777 3736 829 divi-

2159 879 2290 917 nare
2321 863 2465 928 nolo,
2497 880 2616 918 cum
2644 856 2915 917 allirniare
2960 864 3043 918 vel
3082 865 3398 931 c0njectare
3449 880 3556 919 non
3602 879 3731 933 pos-

2159 954 2284 1006 sim.
2331 953 2458 1006 lllml
2491 969 2620 1023 ergo
2651 971 2711 1008 ex
2749 965 2855 1008 t0ta
2893 955 2991 1010 hac
3045 956 3424 1008 dissertatione
3473 963 3732 1023 tanquam

2160 1053 2363 1096 certum
2413 1045 2679 1098 conticio:
2723 1045 2828 1111 hoc
2873 1060 3008 1113 Opus
3067 1044 3225 1097 unius
3279 1057 3404 1098 esse
3465 1045 3732 1110 auctoris,

2162 1151 2390 1203 cumque
2420 1136 2738 1190 Ceramcum
2783 1137 3244 1206 archiepiscopum
3308 1135 3736 1190 Tauromenita-

2164 1241 2314 1290 num,
2372 1227 2481 1292 jam
2527 1225 2925 1294 Theophanem.
2983 1226 3094 1293 jam
3138 1225 3455 1293 Gregorium
3513 1229 3736 1294 proprio
3804 1267 3819 1281 .

2167 1328 2393 1387 utroque
2416 1319 2632 1372 nomine
2666 1319 2890 1371 inscribi
2918 1317 3158 1380 solitum,
3192 1319 3332 1385 quod
3367 1332 3430 1370 ex
3481 1317 3585 1370 fide
3621 1303 3783 1371 om»p

2167 1411 2314 1463 nium
2344 1425 2473 1464 mss.
2500 1419 2552 1464 ut
2581 1411 2738 1464 modo
2773 1411 2904 1470 disi,
2940 1423 3036 1479 pro
3056 1415 3335 1475 comperto
3376 1409 3691 1463 habendum
3721 1427 3735 1470 ;

2170 1503 2509 1556 retinendum
2531 1518 2660 1557 vero
2681 1513 2733 1558 et
2754 1505 3132 1557 celebrandum
3154 1502 3340 1556 censui
3364 1503 3536 1572 magis
3560 1503 3744 1556 Theo-
3771 1500 3787 1516 ’”

2166 1596 2357 1662 phauis
2385 1612 2596 1658 nomen,
2627 1597 2768 1664 quod
2816 1612 2846 1650 a
2889 1595 3246 1665 scriptoribus
3300 1596 3530 1664 optime
3597 1604 3745 1648 nota

2167 1690 2350 1757 quies
2400 1688 2486 1742 his
2535 1687 2876 1742 sermonibus
2917 1701 3199 1756 sumpsere
3254 1685 3592 1751 testimonia,
3659 1684 3748 1737 vei

2165 1795 2260 1836 eos
2299 1783 2535 1849 integros
2564 1781 2842 1850 impressis
2871 1781 3020 1835 libris
3044 1781 3159 1836 suis
3193 1781 3568 1843 inseruerunt,
3607 1777 3727 1832 celo

2148 1874 2381 1945 bratum
2408 1875 2582 1943 magis
2604 1889 2666 1929 ac
2687 1874 2958 1944 vulgatum
2985 1883 3090 1929 est.

2413 1964 2438 2035 §
2468 1963 2750 2019 lll.Patria
2775 1974 2824 2020 et
2847 1965 3092 2018 educatio
3123 1963 3480 2028 Theophanis.

2251 2055 2353 2111 Ubi
2390 2066 2572 2120 natus,
2607 2050 2713 2110 uhi'
2737 2058 3004 2112 educatus
3059 2053 3417 2120 Theophanes
3457 2051 3622 2105 fuerit
3678 2065 3746 2103 ex

2177 2148 2344 2216 ipsius
2375 2147 2550 2202 verbis
2572 2155 2627 2201 et
2649 2145 2991 2201 confessione
3023 2143 3224 2212 liquido
3241 2150 3536 2205 c0nstaret,
3589 2142 3634 2195 si
3686 2142 3758 2194 de

2177 2239 2364 2294 Sancti
2388 2240 2616 2292 Andreae
2644 2238 2867 2305 templo,
2901 2236 2953 2290 in
2981 2249 3088 2303 quo
3119 2234 3395 2288 homiliam
3447 2231 3585 2286 festo
3632 2231 3757 2298 ejus

2176 2331 2261 2383 die
2294 2329 2477 2382 habuit
2511 2326 2721 2396 (homil.
2769 2327 2871 2395 ι),
2948 2325 3180 2394 liqueret
3243 2325 3400 2377 satis.
3476 2324 3758 2378 Ponamus

2181 2428 2343 2496 igitur
2371 2426 2457 2480 hic
2487 2426 2660 2494 primo
2695 2438 2812 2492 qua:
2841 2423 2955 2490 ipse
2982 2423 3034 2474 in
3068 2420 3333 2489 prommio
3374 2419 3517 2472 illius
3574 2420 3758 2472 homi-

2182 2520 2266 2570 lize
2319 2517 2520 2585 prodit,
2559 2526 2617 2570 ut
2674 2531 2737 2570 ex
2763 2529 2827 2568 eo
2863 2524 3120 2584 tanquam
3167 2515 3321 2565 firmo
3376 2509 3643 2578 principio
3691 2525 3760 2563 ac

2183 2601 2548 2669 fundamento:
2572 2603 2925 2657 commentari
2969 2612 3020 2654 et
3061 2600 3315 2669 colligere
3365 2600 3484 2668 ejus
3527 2600 3758 2667 patriam

2185 2689 2672 2760 educationemque
2737 2692 3022 2760 possimus.
3086 2689 3177 2743 Sic
3233 2689 3400 2757 igitur
3457 2688 3696 2755 loquitur
3742 2707 3759 2744 :

2191 2784 2472 2839 Hodierna:
2497 2783 2999 2854 celebritatisjsermo
3026 2784 3208 2836 veteris
3235 2783 3396 2835 debiti
3419 2783 3635 2844 solutio,
3656 2797 3766 2833 non

2189 2878 2461 2945 sapientia:
2483 2876 2724 2946 qua'dam
2751 2878 3024 2930 ostentatio
3057 2876 3204 2930 nobis
3238 2877 3338 2929 erit
3372 2891 3392 2931 :
3425 2890 3584 2944 neque
3622 2875 3764 2928 enim

2189 2973 2288 3025 huc
2308 2968 2417 3023 veni
2447 2977 2502 3022 ut
2537 2977 2754 3023 ornatus
2774 2967 3071 3038 eloquentia
3098 2983 3210 3019 mea
3231 2967 3576 3034 conspicerer,
3603 2981 3770 3033 neque

2193 3062 2459 3130 utlingua:
2485 3061 2652 3128 lepore
2679 3070 2726 3112 et
2751 3072 2938 3126 pompa
2986 3056 3240 3109 orationis
3281 3054 3527 3106 honorem
3576 3053 3769 3120 patria:

2193 3167 2490 3220 aucuparer
2521 3166 2538 3204 :
2568 3149 2738 3211 potius
2775 3149 2910 3201 enim
2941 3162 3132 3208 meam,
3155 3160 3475 3215 quacunque
3526 3144 3620 3194 illa
3670 3144 3765 3206 sit,

2194 3241 2574 3312 philosophiam
2600 3238 2858 3293 occultam
2890 3236 3068 3289 haberi
3097 3236 3274 3298 velim,
3321 3247 3376 3288 ut
3431 3233 3606 3287 inanis
3652 3233 3772 3301 glo-

2197 3335 2292 3388 ria:
2312 3333 2498 3402 ﬂatum
2531 3331 2822 3400 effugiam:
2853 3329 2942 3382 sed
2964 3329 3212 3398 quoniam
3250 3343 3404 3381 sacra
3465 3327 3575 3378 lucc
3630 3326 3773 3378 mdes

2199 3425 2421 3494 apostoli
2457 3423 2794 3493 primovocati
2822 3437 2900 3474 me
2923 3420 3082 3473 veluti
3113 3420 3294 3471 nutrix
3319 3433 3540 3483 puerum
3570 3415 3771 3469 educa-

2199 3521 2292 3580 vit,
2329 3526 2377 3570 et
2424 3517 2716 3584 primarum
2764 3512 3155 3566 institutionum
3205 3524 3487 3562 mammam
3541 3507 3773 3576 praebuit

2199 3624 2572 3680 sacraruntque
2597 3607 2889 3661 litterarum
2916 3605 3213 3657 doctrinam
3238 3602 3392 3671 quasi
3429 3602 3512 3653 lac
3543 3600 3776 3653 instilla-

2202 3701 2271 3752 vit
2296 3696 2635 3768 (intercidant
2686 3693 2888 3760 aliqua,
2921 3706 3042 3759 quze
3072 3705 3175 3743 non
3203 3691 3269 3743 ad
3297 3689 3434 3757 rem)
3462 3688 3600 3755 quod
3648 3686 3777 3740 reli-

2201 3801 2358 3854 quum
2381 3791 2455 3837 est
2487 3783 2608 3834 huic
2633 3779 2866 3834 ecclesiae
2900 3777 3052 3847 quasi
3084 3775 3262 3828 altrici
3287 3772 3615 3828 educationis
3661 3787 3778 3837 pre-

2203 3879 2332 3930 tium
2355 3873 2611 3944 persolvo,
2668 3881 2716 3925 et
2744 3873 2880 3940 quod
2913 3870 2967 3922 in
2999 3865 3285 3935 proverbiis
3323 3875 3424 3931 est,
3452 3865 3614 3934 legem
3673 3862 3779 3916 Pe-

2206 3972 2460 4040 largicam
2497 3965 2684 4030 impleo
2715 3980 2733 4018 :
2764 3973 2812 4018 et
2835 3980 2940 4016 una
2967 3961 3249 4022 vobiscum,
3294 3977 3322 4013 ο
3357 3969 3517 4012 coetus
3554 3957 3663 4011 Deo
3690 3958 3780 4009 di-

2206 4064 2503 4122 lectissime,
2532 4058 2830 4113 concelebro
2859 4057 3135 4110 solemnem
3168 4056 3303 4105 hunc
3357 4053 3520 4114 diem,
3573 4060 3621 4104 et
3681 4067 3778 4117 pa-

2207 4158 2365 4211 triam
2415 4155 2629 4208 charum
2691 4150 2860 4204 solum
2895 4149 3175 4213 aspiciens,
3211 4156 3317 4199 tant
3372 4144 3614 4214 religiose
3659 4159 3782 4196 san-

2207 4259 2408 4301 ctorum
2466 4241 2772 4298 memoriam
2841 4236 3425 4304 celebrantem,e/feror
3488 4232 3682 4302 gaudio
3727 4240 3779 4283 et

2207 4340 2430 4394 exsulto.
2473 4336 2596 4391 llaec
2625 4335 2982 4402 Theophanes
3017 4331 3070 4384 in
3099 4328 3317 4383 humilia
3351 4327 3415 4379 de
3443 4325 3503 4379 S.
3536 4325 3776 4377 Andrca.

2211 4432 2267 4486 Si
2309 4429 2429 4500 quis
2453 4429 2615 4499 igitur
2643 4425 2893 4480 ostendat
2921 4419 3062 4490 quod
3097 4419 3224 4473 illud
3259 4417 3515 4484 templum
3553 4416 3612 4469 υ.
3671 4416 3786 4467 An-

2213 4525 2352 4578 dreae
2375 4522 2462 4574 ubi
2487 4533 2792 4574 sermonem
2825 4516 2890 4568 ad
2925 4515 3069 4567 cives
3100 4511 3328 4564 faciebat
3352 4523 3500 4571 suos,
3522 4509 3633 4575 jam
3679 4521 3776 4574 pa-

2215 4617 2370 4670 triam
2399 4613 2720 4667 ostenderit.
2751 4608 2856 4662 Sed
2891 4608 3011 4675 quis
3051 4608 3102 4659 in
3153 4603 3280 4657 illud
3339 4601 3560 4670 digitum
3611 4598 3788 4666 possit

2218 4707 2522 4768 intendere,
2557 4720 2618 4756 ac
2659 4712 2806 4756 certo
2847 4703 3240 4756 demonstrare.
3269 4694 3393 4764 quis
3422 4707 3483 4746 ex
3509 4698 3647 4742 tanta
3681 4704 3787 4738 an-

2216 4800 2486 4866 tiquitate,
2519 4804 2637 4864 post
2669 4801 2746 4846 tot
2778 4798 3154 4859 tempestatum
3187 4787 3353 4850 vices,
3383 4790 3500 4853 post
3526 4781 3787 4833 Sarrace-

2220 4905 2406 4946 norum
2434 4889 2636 4942 cladem
2669 4884 3182 4946 dctnolitionemque
3205 4876 3522 4944 templorum
3569 4879 3623 4924 et
3683 4883 3791 4937 op-

2222 4984 2465 5050 pidorum
2501 4977 2668 5047 possit
2693 4973 2918 5027 eruere?
2945 4973 3047 5025 Sed
3073 4969 3289 5040 agejam
3322 4965 3503 5020 atllatu
3530 4978 3632 5016 non
3667 4961 3796 5014 Del-

2225 5075 2403 5142 pbico,
2437 5070 2552 5134 sed,
2589 5078 2845 5135 tttsperu,
2874 5062 3080 5119 cmlesti
3118 5056 3227 5114 rem
3264 5058 3589 5110 divinentus.
3644 5053 3798 5118 Qua—

2227 5179 2348 5220 tuor
2383 5179 2506 5217 vero
2539 5163 2680 5214 unde
2719 5170 2824 5213 tota
2899 5155 3240 5212 ratiocinatio
3298 5151 3515 5221 pendet,
3565 5156 3800 5214 antepo-

2230 5260 2401 5312 ncntla
2429 5265 2548 5310 sunt
2576 5273 2587 5306 :
2618 5252 2869 5322 primum,
2901 5251 3072 5301 locum
3113 5248 3200 5300 ubi
3261 5261 3440 5300 sermo
3499 5241 3808 5296 habebatur

2230 5355 2398 5409 fuisse
2457 5350 2748 5406 nativitatis
2785 5357 2838 5398 ct
2888 5341 3220 5399 educationis
3266 5339 3440 5392 locum
3504 5335 3643 5406 quod
3706 5348 3812 5401 per

2230 5461 2287 5500 se
2351 5451 2532 5512 patet;
2585 5439 2836 5502 alterum,
2892 5434 3070 5488 dedita
3136 5445 3298 5500 opera
3359 5428 3570 5482 venisse
3619 5425 3811 5478 Theo-

2231 5538 2458 5606 phanem
2523 5531 2587 5584 ad
2648 5545 2770 5584 eum
2843 5543 2940 5582 suo
2996 5536 3248 5580 sermone
3309 5516 3811 5577 cohonestandum.

2230 5611 2371 5695 quoii
2415 5622 2668 5676 etiamex
2704 5618 2833 5688 ipsis
2879 5616 3055 5669 verbis
3096 5629 3201 5677 non
3251 5615 3482 5666 obscure
3547 5607 3811 5673 intelligi-

2231 5727 2340 5776 tur.
2378 5714 2618 5774 tertium,
2648 5712 2806 5767 talem
2840 5709 3006 5764 fuisse
3028 5708 3205 5763 locum
3243 5705 3295 5760 in
3348 5717 3454 5772 quo
3502 5717 3604 5755 non
3657 5712 3811 5756 setti-
