4062 6214
494 220 558 282 91
1478 222 1885 285 FRANCISCI
1918 216 2186 281 SCORSI
2222 217 2653 282 PROGHIIUM
2696 223 2782 283 Il.

496 338 719 391 Μιδείαν
747 345 802 390 et
830 334 1276 403 contemplationi
1326 336 1528 389 dedita:
1578 338 1715 390 satis
1781 349 2082 389 accommoo

495 427 620 483 dus.
662 427 889 482 Exstant
919 433 976 478 et
1005 432 1134 477 ante
1155 424 1326 480 aedem
1369 426 1548 480 adhuc
1610 424 1827 480 cdilicii
1885 426 2086 481 veteris

498 529 885 586 murorumque
901 516 1128 586 vestigia
1150 531 1170 575 :
1189 530 1418 585 quorum
1436 518 1614 586 aliqua
1633 518 1927 571 eminentia
1946 519 2083 583 solo,

475 612 799 687 .aliquorum
823 607 1179 662 fundamenta
1208 608 1311 677 ipsi
1339 609 1459 663 solo
1491 617 1700 677 aequata
1738 615 2027 662 cernuntur
2066 624 2083 661 :

499 710 758 767 praeterea
787 699 1057 754 columna:
1085 709 1319 768 quatuor
1362 702 1589 769 palmari
1642 701 1924 755 altitudine
1984 700 2086 754 sibi

500 789 729 843 invicem
754 789 1025 857 quadrato
1055 788 1225 843 latere
1264 790 1681 860 respondentia.
1730 790 1838 845 Sed
1905 799 2085 843 tamen

503 879 1126 949 cnjusmodiadilicium
1176 878 1360 941 fuerit,
1412 894 1574 934 nemo
1619 889 1703 935 est
1760 880 1851 948 qui
1887 880 2086 935 tradat.

502 971 680 1026 Possit
703 969 826 1039 quis
857 972 1111 1037 augurari
1147 971 1218 1025 ibi
1248 971 1420 1026 fuisse
1458 972 1851 1025 monasterium
1885 969 1946 1025 S.
1972 970 2088 1022 An-

503 1062 650 1115 drete
677 1059 876 1128 templo
909 1060 1278 1126 coniunctum,
1320 1062 1463 1130 quod
1486 1076 1582 1131 per
1609 1076 1673 1117 ea
1707 1072 1947 1128 tempora
1972 1077 2091 1115 am-

504 1151 647 1220 plius
670 1148 949 1217 aliquanto
974 1149 1155 1205 fuerit.
1178 1150 1494 1207 Concursus
1508 1168 1643 1209 sane
1664 1154 1843 1223 populi
1863 1168 1929 1208 eo
1959 1153 2086 1219 loci,

504 1226 804 1311 praesertim
840 1242 978 1297 festo
1009 1244 1068 1297 S.
1106 1243 1337 1297 Andreae
1358 1244 1468 1311 die,
1495 1259 1524 1297 a
1559 1247 1756 1315 populo
1792 1244 2092 1298 Taurome-

509 1335 697 1388 nitano
728 1335 842 1389 lieri
862 1344 1181 1397 consuetus,
1210 1334 1441 1390 suadere
1464 1346 1644 1405 posset
1667 1352 1790 1391 eum
1815 1354 1845 1391 a
1896 1339 2092 1405 priscis

512 1425 620 1480 illis
655 1427 989 1493 temporibus
1025 1425 1193 1482 fuisse
1219 1428 1532 1492 deductum,
1569 1429 1767 1497 quibus
1797 1428 2088 1499 Theopha-

514 1532 611 1571 nes
644 1517 915 1588 gloriatur
940 1520 1129 1585 patria
1169 1533 1280 1571 sum
1324 1520 1579 1588 populum
1637 1518 1715 1575 in'
1752 1522 2093 1576 celebrandis

508 1616 819 1661 sanctorum
845 1586 998 1661 festis
1022 1624 1143 1662 esse
1179 1586 1556 1677 frequentem;
1598 1610 1693 1664 sed
1744 1611 1847 1665 hoc
1912 1611 2094 1666 bario-

509 1698 612 1751 lari
646 1707 732 1752 est
759 1698 940 1767 potius
969 1712 1130 1766 quam
1158 1700 1340 1766 aliquo
1365 1713 1520 1754 certo
1570 1700 1924 1755 luudamento
1956 1716 2092 1756 con-

508 1790 738 1857 jectare.
772 1790 942 1858 Igitur
966 1804 1089 1844 cum
1124 1790 1305 1858 templi
1339 1790 1687 1845 Mascalensis
1739 1791 1968 1845 habeam
2025 1808 2092 1847 ex

510 1868 674 1952 epist.
705 1883 763 1936 S.
800 1882 1048 1949 Gregorii
1081 1881 1189 1949 iam
1218 1883 1386 1937 relata
1406 1883 1845 1949 fundamentum,
1876 1884 1945 1938 ad
1983 1886 2097 1953 pri-

514 1988 657 2027 mam
702 1971 1072 2040 conjecturam
1128 1975 1299 2041 magis
1349 1976 1578 2031 inclinat
1628 1977 1862 2032 animus.
1921 1976 2097 2043 Atque

516 2066 648 2120 hinc
669 2065 887 2134 colligo,
932 2063 1281 2136 Theophanis
1309 2068 1542 2136 patriam
1575 2068 1658 2123 vel
1707 2067 1958 2124 Mascalls
2003 2083 2099 2136 op-

514 2156 726 2225 pidum,
766 2157 850 2210 vel
883 2156 1230 2211 Tauromenii
1267 2157 1457 2214 fuisse.
1490 2158 1551 2213 Et
1585 2160 1806 2230 quidem
1857 2161 1961 2215 hoc
2008 2174 2098 2214 se—

515 2250 754 2303 cundum
789 2250 967 2317 potius
989 2250 1268 2318 opinarer.
1290 2251 1402 2307 Nec
1433 2253 1576 2307 enim
1614 2254 1839 2322 impedit
1884 2267 1952 2307 eo
2011 2253 2099 2307 die

514 2355 840 2397 concursum
879 2343 1362 2414 factumapopulo
1415 2343 1875 2401 Tauromenitano
1924 2345 1979 2399 in
2044 2346 2095 2400 id

517 2432 576 2486 S.
612 2433 844 2488 Andreas
877 2436 1161 2501 templum,
1185 2451 1357 2505 eoque
1386 2438 1548 2491 etiam
1580 2439 1901 2493 convenisse
1924 2438 2101 2493 Theo-

516 2525 895 2595 phanem,suae
913 2528 964 2581 in
997 2530 1051 2581 id
1083 2527 1297 2596 pietatis
1318 2543 1468 2599 ergo.
1497 2529 1631 2583 Cum
1649 2530 1791 2585 enim
1811 2546 1970 2601 supra
1991 2531 2101 2585 ιιι-

519 2617 697 2673 scalas
723 2617 777 2671 id
808 2633 973 2673 essea
999 2617 1060 2673 D.
1085 2619 1349 2691 Gregorio
1381 2621 1612 2687 dicatur,
1638 2624 1945 2679 certeinter
1989 2623 2102 2677 Ma-

521 2711 708 2767 scalim
728 2720 783 2766 et
813 2711 1233 2766 Tauromenium
1266 2713 1428 2766 situm
1463 2713 1634 2768 fuisse
1655 2715 1812 2770 facile
1844 2724 1927 2769 est
1950 2714 2099 2783 judi-

516 2818 667 2867 care,
701 2804 945 2871 adeoque
971 2818 1077 2857 non
1115 2811 1225 2857 tam
1256 2804 1412 2874 longe
1442 2820 1472 2858 a
1530 2804 1904 2861 Tauromenio
1954 2807 2104 2876 posi-

519 2902 631 2948 tum
665 2908 829 2962 quam
863 2894 1041 2961 ipsum
1066 2892 1318 2947 Mascalis
1345 2895 1597 2963 oppidum
1623 2908 1763 2954 erat.

684 2985 712 3058 ς
739 2984 827 3041 IV.
870 2984 1136 3041 Saeculum
1168 3002 1270 3056 quo
1300 2978 1637 3055 Theophanes
1667 2991 1933 3058 ﬂoruerit.

594 3080 711 3136 Non
746 3090 925 3136 estex
955 3081 1210 3135 omnibus
1243 3096 1365 3151 qua:
1390 3082 1441 3135 in
1488 3083 1572 3136 his
1597 3086 1877 3151 prooemiis
1921 3087 2104 3157 dispu-

521 3183 728 3238 tantur,
758 3187 848 3228 res
885 3188 992 3226 una
1025 3172 1227 3228 certior
1278 3183 1333 3227 et
1384 3174 1601 3242 clarior,
1635 3190 1796 3245 quam
1848 3179 2102 3233 saeculum

520 3280 631 3334 quo
657 3265 746 3318 luc
795 3270 986 3317 auctor
1017 3263 1347 3329 exstisterit;
1411 3279 1532 3317 nam
1574 3274 1629 3318 et
1681 3265 1735 3318 in
1787 3265 1901 3334 ipsa
1924 3268 2104 3322 saeculi

523 3352 881 3417 obscuritate,
937 3350 1029 3406 ille
1085 3360 1343 3422 tanquam
1399 3352 1579 3406 lumen
1631 3354 1844 3421 aliquod
1896 3358 2107 3411 ca'teris

523 3444 811 3501 exstinctis
866 3443 1061 3498 elucet.
1103 3442 1213 3497 Nec
1250 3457 1380 3497 vero
1440 3444 1494 3498 in
1547 3445 1650 3499 hoc
1704 3449 1968 3515 protentio
2022 3460 2108 3504 est

528 3536 661 3591 mihi
688 3535 917 3603 alicujus
946 3534 1229 3604 scriptoris
1280 3550 1438 3590 secus
1488 3537 1773 3592 sentientis
1812 3541 2108 3596 auctoritas

524 3627 814 3682 refellenda
848 3629 941 3681 sed
973 3626 1287 3681 allirmauda
1347 3628 1634 3682 multorum
1679 3641 1824 3685 recte
1864 3633 2107 3687 sentien-

527 3721 680 3773 tium.
723 3718 856 3772 Nam
889 3716 1122 3771 lacubus
1149 3716 1474 3786 [Grelserus,
1520 3733 1635 3773 soc.
1668 3718 1816 3794 Jesp,
1859 3721 1926 3774 de
1962 3723 2107 3777 litte-

524 3810 669 3864 raria
721 3809 1085 3878 universaque
1130 3823 1187 3863 re
1238 3809 1547 3863 Christiana
1597 3812 1800 3877 optime
1859 3813 2105 3877 meritus,

526 3912 658 3956 tom.
686 3900 728 3956 ll
762 3900 836 3955 De
862 3917 1037 3965 cruce,
1076 3900 1128 3954 in
1170 3903 1316 3954 notis
1344 3902 1410 3952 ad
1443 3904 1576 3954 duas
1620 3902 1899 3957 orationes
1927 3904 2110 3959 Thcoo

525 3994 719 4062 phanis
748 3991 1021 4057 Ceramei,
1052 4001 1240 4047 censet
1269 4007 1393 4045 eum
1419 3990 1670 4047 ﬂoruisse
1718 4007 1828 4061 quo
1866 4003 2107 4064 tempore

526 4087 709 4143 Sicilia
750 4086 989 4141 nomium
1047 4092 1157 4139 tota
1210 4100 1238 4137 a
1292 4085 1581 4140 Saracenis
1633 4095 1779 4141 esset
1830 4088 2105 4143 subacta:

524 4178 667 4246 quod
695 4186 780 4232 est
808 4178 951 4231 circa
985 4191 1184 4230 annum
1217 4174 1345 4235 900.
1392 4186 1571 4229 motus
1603 4190 1665 4227 ea
1717 4176 1928 4231 ratione
1965 4178 2105 4246 quod

523 4281 627 4323 suo
689 4267 851 4322 linem
916 4265 1183 4320 orationis
1226 4265 1477 4320 secunda:
1525 4268 1598 4320 De
1654 4282 1809 4320 cruce
1863 4267 2110 4337 imploret

520 4364 715 4411 auctor
746 4369 901 4424 opem
933 4364 987 4407 et
1017 4356 1271 4408 virtutem
1314 4356 1657 4424 imperatoris
1688 4367 1876 4411 contra
1915 4358 2109 4427 impios

524 4446 859 4511 lsmaelitas;
909 4446 1053 4509 quod
1107 4446 1247 4500 idem
1310 4444 1439 4500 facit
1494 4447 1548 4499 in
1588 4458 1726 4502 orat.
1760 4448 1836 4501 De
1883 4449 2108 4503 adventu

526 4539 761 4608 Spiritus
795 4538 985 4602 sancti,
1014 4538 1067 4590 iu
1097 4536 1421 4605 aposerpba
1446 4539 1510 4589 ad
1530 4538 1698 4607 ipsum
1720 4540 1778 4592 S.
1806 4539 2065 4608 Spiritum
2093 4556 2107 4594 :

525 4634 623 4689 Pio
656 4641 835 4686 nostro
861 4631 1191 4699 imperatori,
1222 4639 1581 4700 prapuguator
1610 4632 1682 4684 sis
1712 4641 1897 4685 contra
1921 4634 2106 4699 impios

527 4731 674 4797 Agar
695 4725 866 4796 ﬁlios!
899 4724 1015 4791 eius
1058 4724 1338 4791 imperium
1382 4724 1437 4776 in
1480 4739 1608 4791 pace
1639 4734 1688 4778 et
1731 4726 2108 4795 tranquillitate

526 4835 777 4874 conserva
804 4817 827 4872 .'
852 4816 1045 4872 lecri
1076 4814 1169 4886 qui
1197 4816 1249 4868 in
1281 4814 1420 4869 idem
1448 4815 1704 4869 sarculum
1724 4814 2106 4885 Theophanem

531 4911 837 4980 coniecere,
865 4910 932 4963 ab
955 4910 1092 4978 ipso,
1114 4908 1296 4972 credo,
1322 4922 1603 4976 sumpsere
1641 4907 1920 4964 Grelsero.
1978 4909 2108 4963 Nam

536 5004 589 5057 in
623 5001 958 5057 Bibliotheca
987 5000 1207 5055 Patrum
1234 5015 1427 5071 magna
1458 4999 1696 5055 Colonia:
1726 5001 1889 5075 edita,
1917 5001 1969 5055 in
2002 5017 2107 5072 qua

535 5095 654 5149 dum
683 5093 786 5148 illa:
812 5092 1089 5148 orationes
1131 5092 1199 5147 de
1229 5107 1389 5148 cruce
1420 5101 1691 5161 ponuntur
1749 5108 1868 5163 qua:
1924 5104 2053 5148 sunt
2079 5111 2107 5148 a

534 5188 793 5244 Gretsero
813 5185 994 5249 edita),
1027 5194 1343 5240 recensetur
1364 5186 1452 5241 hic
1473 5191 1667 5241 auctor
1704 5201 1827 5241 cum
1855 5185 2109 5241 Patrihus

535 5261 715 5333 siculi
743 5274 893 5331 noni.
918 5274 1093 5345 Atque
1124 5276 1263 5330 inter
1287 5275 1527 5345 ejusdem
1554 5276 1732 5331 saeculi
1765 5276 1957 5331 Patres
1983 5291 2107 5331 eum

536 5378 860 5423 annutnerat
914 5367 1226 5423 Dominicus
1278 5368 1535 5433 Gravina,
1585 5369 1794 5424 ordinis
1844 5367 2113 5424 Praedica-

538 5469 736 5527 tarum,
765 5461 816 5514 in
842 5459 982 5517 libro
1010 5458 1405 5516 Catholicarum
1442 5462 1897 5530 pra’scriplionum
1931 5461 2115 5515 adrer-

538 5571 628 5608 sus
683 5555 956 5610 ha'reticos
1017 5554 1185 5609 nostri
1250 5558 1532 5625 temporis,
1611 5557 1700 5611 ubi
1778 5557 2111 5627 singulorum

542 5646 859 5708 seculorum
900 5646 1270 5703 reccn~ionem
1313 5646 1533 5702 Patrum
1577 5645 1726 5703 facit.
1766 5646 1918 5703 Dom.
1968 5645 2111 5701 Roc-

3728 216 3835 279 92

2189 331 2329 387 chus
2386 333 2579 392 Pirrns
2630 336 2686 390 in
2716 334 2923 390 Notitia
2970 334 3236 407 Ecclesiae
3281 334 3825 393 Tauromenitana.

2184 425 2435 491 quamvis
2463 440 2569 480 non
2593 436 2747 481 certo
2771 426 2937 481 statui
2969 441 3179 480 annum
3228 440 3395 496 posse
3452 423 3626 489 dicat,
3682 440 3825 495 quo

2188 523 2381 569 auctor
2402 517 2490 571 hic
2513 517 2816 586 scripserit,
2836 526 3022 571 tamen
3051 526 3176 585 post
3198 530 3405 569 annum
3454 515 3564 570 842
3588 515 3823 568 vixisse

2191 617 2448 677 tanquam
2483 611 2851 664 necessarium
2899 609 3109 678 colligit
3151 624 3218 662 ex
3253 609 3478 663 bomilia
3526 608 3684 663 dicta
3746 609 3817 661 in

2191 698 2329 753 festo
2355 699 2445 753 die
2467 699 2830 754 restitutionis
2875 698 2976 754 SS.
3008 699 3338 766 imaginum,
3366 713 3491 769 quae
3520 698 3818 753 solemnis

2192 790 2450 843 memoria
2483 790 2730 844 instituta
2778 800 2866 846 est
2898 806 3044 845 anno
3084 790 3252 844 dicto.
3291 792 3478 852 Atque
3532 789 3661 845 hac
3713 798 3823 844 est

2189 892 2476 936 auctorum
2503 882 2599 950 qui
2648 891 2778 937 ante
2820 897 2907 935 me
2949 883 3224 951 scripsere
3268 882 3589 945 sententia;
3623 895 3818 951 quam

2190 988 2313 1041 ego,
2344 986 2401 1027 ut
2438 973 2568 1037 dixi,
2606 982 2848 1028 nontam
2881 988 3103 1042 sequor,
3144 989 3309 1042 quam
3343 988 3531 1026 veram
3562 988 3693 1027 esse
3730 988 3817 1027 ex

2192 1064 2312 1118 aliis
2339 1064 2688 1118 homiliarum
2712 1064 2871 1127 locis,
2908 1080 3030 1132 qua:
3061 1064 3139 1118 illi
3176 1080 3284 1117 non
3310 1064 3518 1129 legere,
3549 1065 3816 1119 demon—

2190 1162 2325 1216 stro,
2353 1161 2408 1207 et
2435 1166 2548 1206 rem
2580 1152 2635 1205 iu
2666 1161 2956 1219 angustum
2999 1154 3172 1221 magis
3210 1153 3427 1206 deduco
3457 1162 3819 1222 certumque

2193 1242 2416 1310 thsigno
2447 1254 2678 1310 tempus.
2727 1240 2795 1295 Et
2837 1256 2973 1295 sane
3022 1241 3161 1295 duos
3189 1256 3460 1295 annorum
3518 1242 3818 1296 intercur-

2194 1337 2427 1390 rentium
2451 1336 2720 1391 constituo
2750 1335 3034 1395 terminos.
3056 1336 3200 1388 intra
3227 1350 3363 1401 quos
3389 1334 3813 1403 Theophanem

2193 1424 2397 1479 vixisse
2446 1432 2653 1479 certum
2705 1425 2931 1479 omnino
2990 1440 3213 1479 censeo.
3265 1424 3490 1479 Primus
3564 1435 3657 1479 est
3711 1427 3816 1480 ille

2193 1531 2359 1589 supra
2403 1525 2623 1571 notatus
2675 1531 2850 1569 annus
2899 1516 3005 1569 842
3064 1527 3390 1583 argumento
3431 1515 3546 1582 jam
3602 1517 3810 1585 dicto;

2194 1608 2333 1662 alter
2363 1617 2445 1662 est
2475 1622 2650 1663 annus
2678 1622 2785 1676 quo
2820 1619 3040 1676 captum
3070 1623 3099 1658 a
3129 1606 3461 1660 Sarraceuis
3488 1604 3816 1661 Taurome—

2194 1699 2344 1752 nium
2408 1696 2530 1761 fuit,
2581 1698 2726 1766 quod
2777 1696 2879 1750 sub
2932 1696 3133 1750 Leonis
3192 1697 3427 1766 imperio
3491 1696 3814 1767 contigisse

2196 1789 2359 1843 tradit
2404 1789 2623 1857 optima:
2670 1788 2794 1841 ﬁdei
2846 1796 3038 1841 auctor
3066 1788 3118 1840 iu
3164 1787 3360 1854 primis
3390 1786 3814 1842 Constantinus

2194 1880 2735 1952 Porphyrogenueta.
2768 1882 2969 1936 Leonis
2992 1882 3164 1950 ipsius
3205 1880 3373 1943 ﬁlius,
3407 1880 3503 1934 lib.
3538 1897 3579 1935 ιι
3612 1880 3811 1937 Thess.

2199 1974 2408 2041 imperii
2438 1973 2654 2028 Orient.
2695 1989 2856 2043 quem
2903 1972 3081 2028 locum
3118 1988 3279 2038 supra
3328 1974 3561 2026 relatum
3616 1974 3812 2029 recole

2198 2066 2227 2139 ᾗ
2263 2066 2283 2120 l
2312 2054 2548 2123 Promul.
2576 2084 2616 2122 ι.
2650 2066 3015 2122 Consentium
3065 2064 3307 2121 Joannes
3345 2065 3715 2135 Curopalales
3750 2078 3812 2121 et

2199 2175 2264 2214 ex
2295 2172 2360 2214 eo
2386 2158 2624 2213 Thomas
2656 2158 2930 2222 Fazellus,
2973 2168 3029 2213 et
3069 2157 3229 2211 Dom.
3272 2157 3528 2213 Rocchns
3578 2159 3805 2214 Pirrus.

2200 2252 2377 2318 Quoto
2424 2265 2555 2304 vero
2605 2248 2797 2304 Leonis
2836 2249 3101 2318 sapientis
3168 2263 3316 2301 anno
3359 2248 3809 2304 Tauromenium

2199 2352 2413 2411 captum
2433 2357 2461 2394 a
2489 2340 2804 2396 Sarraeenis
2830 2340 2901 2393 sit
2918 2347 3251 2409 compertum
3280 2337 3448 2392 habeo
3464 2352 3531 2392 ex
3556 2339 3806 2394 historia

2201 2449 2361 2503 quam
2396 2433 2463 2486 de
2494 2432 2759 2501 Procopio
2786 2432 3041 2502 episcopo
3073 2442 3129 2484 et
3165 2432 3328 2484 sociis
3387 2431 3443 2484 in
3498 2444 3805 2501 expugna—

2204 2525 2350 2579 tione
2378 2522 2723 2578 Tauromenii
2760 2524 2830 2578 ab
2862 2524 3108 2578 hostibus
3153 2523 3259 2576 illis
3303 2521 3637 2577 Christiana:
3674 2523 3801 2578 lidei

2203 2616 2597 2671 humanissime
2645 2616 2928 2670 trucidatis
2982 2615 3204 2684 scripsit
3236 2612 3477 2670 Joannes
3527 2615 3806 2671 diaconus

2204 2708 2461 2762 Ecclesia:
2522 2707 2975 2775 metropolitana’,
3023 2707 3310 2761 occasione
3365 2720 3530 2775 quam
3589 2706 3802 2762 dicam.

2212 2800 2447 2868 Scripsit
2475 2799 2523 2853 is
2555 2799 2796 2852 libellum
2835 2800 2901 2853 de
2928 2797 3313 2852 Translatione
3346 2798 3405 2852 S.
3443 2796 3700 2854 Severini
3733 2815 3805 2856 ex

2204 2891 2427 2948 castello
2455 2889 2731 2945 Luculano
2760 2891 2815 2944 in
2869 2890 3055 2944 urbem
3105 2889 3403 2957 Neapolim,
3447 2906 3574 2960 quae
3611 2902 3808 2948 trans-

2205 2984 2335 3038 latlo
2381 2983 2521 3038 facta
2570 2992 2653 3037 est
2701 2982 2949 3036 Bracbini
3015 2982 3126 3049 (alii
3177 2981 3449 3051 Abrayan:
3488 2984 3805 3047 nominant,

2205 3078 2298 3132 sed
2338 3092 2402 3131 ex
2454 3077 2557 3131 hoc
2604 3076 2732 3130 illud
2767 3074 3123 3144 corruptum),
3159 3073 3589 3129 Sarracenorum
3627 3079 3804 3146 regis,

2208 3180 2377 3233 metu,
2407 3168 2522 3238 qui,
2556 3177 2772 3237 recepta
2803 3168 3076 3221 Panormo
3096 3178 3361 3236 captoque
3389 3166 3804 3237 Tanromenio,

2209 3263 2261 3316 in
2290 3261 2598 3316 Calabriam
2648 3259 2948 3314 transmisit
2981 3262 3306 3324 exercitum,
3341 3261 3624 3330 regionem
3675 3278 3805 3317 eam

2206 3368 2423 3408 omnem
2461 3353 2683 3406 Romam
2718 3368 2888 3421 usque
2917 3368 3265 3407 excursurus.
3304 3352 3577 3408 Prannisit
3634 3355 3808 3423 igitur

2205 3445 2442 3516 scriptor
2501 3447 2955 3516 etpugnationem
3002 3445 3353 3499 'l‘auromenii
3430 3446 3613 3501 libello
3673 3464 3802 3512 suo,

2206 3540 2517 3607 ca‘demque
2558 3538 2753 3591 factam
2805 3539 3054 3607 ProcOpii
3107 3538 3380 3619 episcopi,
3413 3540 3479 3594 de
3527 3557 3640 3609 qua
3700 3559 3805 3599 nos

2207 3631 2369 3686 etiam
2415 3646 2580 3699 supra
2630 3629 2866 3683 Prooem.
2930 3629 2981 3688 l.
3034 3628 3061 3699 §
3103 3630 3478 3685 2.llistoriam
3534 3650 3601 3687 ex
3666 3652 3803 3691 mss.

2209 3722 2540 3777 membranis
2572 3722 2885 3773 monasterii
2922 3719 3023 3774 SS.
3079 3719 3327 3775 Severini
3354 3732 3413 3776 et
3461 3724 3667 3788 Sossii,
3704 3740 3805 3780 οι·-

2209 3813 2351 3868 diuis
2374 3814 2431 3865 S.
2462 3810 2842 3876 Beue:licti,'in
2880 3814 3012 3865 urbe
3058 3811 3278 3883 Neapoli
3326 3816 3665 3885 exscriplam
3704 3835 3804 3875 ac-

2208 3904 2350 3971 cepit
2402 3901 2470 3955 ab
2527 3902 2856 3953 amicissimo
2904 3916 3002 3954 suo
3059 3900 3321 3957 Octavius
3382 3905 3688 3974 Caetanus,
3744 3911 3800 3964 in

2208 3992 2594 4063 conquirendis
2623 3990 2925 4055 huiusmodi
2984 4007 3162 4046 rerum
3214 3992 3563 4050 Sicilensium
3601 4014 3801 4053 monu-

2214 4085 2413 4137 mentis
2457 4082 2813 4150 diligentissin
2840 4100 2922 4148 us,
2964 4092 3015 4135 et
3066 4099 3172 4152 qua
3202 4095 3323 4137 erat
3360 4089 3694 4146 auctoritate
3742 4103 3799 4147 et

2210 4176 2463 4229 comitate
2493 4177 2633 4243 apud
2672 4176 2873 4230 amicos
2898 4176 3325 4235 ellicacissimns.
3353 4182 3430 4231 Ad
3463 4197 3601 4247 rem.
3633 4184 3805 4239 Nolal

2209 4268 2301 4321 hic
2355 4266 2588 4335 scriptor
2640 4263 2880 4319 Joannes
2935 4281 3136 4320 annum
3206 4269 3416 4337 imperii
3476 4274 3680 4332 Leonis
3745 4291 3804 4332 et

2209 4358 2501 4413 Alexandri
2554 4356 2745 4410 XXIV.
2795 4358 2905 4411 Leo
2950 4368 3131 4411 autem
3176 4376 3203 4411 a
3239 4360 3399 4415 Patre
3450 4363 3651 4419 Basilio
3699 4384 3804 4437 per

2211 4450 2268 4505 S.
2334 4448 2596 4519 Ignatium
2655 4448 3016 4518 patriarcham
3067 4462 3358 4504 coronatus
3418 4463 3502 4505 est
3556 4456 3798 4512 solemni

2210 4540 2690 4611 TheOphaniorum
2748 4541 2868 4603 die,
2934 4554 3077 4593 anno
3134 4541 3306 4608 ipsius
3366 4542 3544 4597 Basilii
3605 4551 3798 4612 tertio,

2210 4632 2414 4689 Christi
2443 4632 2566 4690 870.
2596 4631 2892 4697 eodemque
2921 4629 3226 4684 Alexander
3269 4633 3407 4685 alter
3440 4634 3577 4687 lilius
3602 4636 3797 4690 Caesar

2211 4737 2447 4782 creatus.
2478 4723 2630 4790 Quad
2666 4722 2904 4792 prodidit
2952 4722 3275 4777 Anaslasius
3319 4725 3794 4796 Bibliothecarius,

2212 4819 2304 4889 qui
2332 4818 2382 4872 ei
2438 4815 2773 4870 coronationi
2823 4814 3086 4877 interluit,
3124 4818 3509 4887 conseruitque
3548 4820 3802 4893 Curopa-

2212 4913 2365 4976 lates,
2398 4919 2452 4964 et
2484 4926 2549 4963 ex
2601 4908 2667 4962 iis
2700 4908 2961 4961 Baronius
3004 4921 3147 4961 anno
3185 4909 3330 4962 dicto
3364 4927 3379 4964 :
3415 4920 3469 4965 et
3518 4911 3802 4974 Caetauus

2208 5006 2319 5075 jam
2352 5003 2551 5058 citatus
2572 5000 2760 5053 eodem
2807 4999 2969 5053 modo
3017 5011 3285 5065 numerat,
3322 5003 3625 5074 probatque
3657 5009 3802 5064 ulle-

2217 5101 2329 5152 rius
2384 5112 2450 5150 ex
2490 5094 2609 5147 Vita
2668 5092 2730 5145 S.
2782 5091 2912 5145 Elia:
2948 5090 3238 5159 Ennensis,
3289 5111 3450 5164 quem
3504 5099 3608 5156 hoc
3652 5117 3802 5158 anno

2215 5194 2418 5247 obiisse
2446 5190 2653 5245 statuit.
2682 5186 2757 5242 Ex
2795 5188 2898 5241 hoc
2931 5187 3089 5255 igitur
3115 5200 3257 5241 anno
3280 5188 3414 5243 ini-ta
3445 5191 3654 5246 ratione
3675 5194 3803 5247 elﬁ-

2214 5284 2359 5338 cilur
2406 5279 2818 5348 expugnationis
2867 5276 3213 5330 Tauromcnii
3266 5293 3439 5332 annus
3486 5281 3612 5335 893.
3660 5282 3802 5339 Cum

2217 5372 2382 5444 igitur
2432 5370 2535 5423 hoc
2583 5382 2724 5420 anno
2772 5364 3069 5435 Procopius
3115 5374 3259 5420 esset
3313 5369 3600 5438 cpiscopus
3642 5370 3807 5441 (quot

2218 5478 2347 5516 vero
2375 5460 2463 5515 hic
2490 5459 2647 5512 anuis
2689 5455 2894 5511 rexerit
2938 5456 3451 5512 Tauromenitanam
3505 5459 3802 5516 ecclesiam

2218 5553 2538 5619 nescimus),
2589 5563 2733 5604 anno
2782 5548 3064 5603 minimum
3109 5564 3217 5603 uno
3273 5550 3510 5606 alterove
3572 5569 3805 5622 praeces-

2222 5644 2359 5701 sisse
2382 5642 2767 5711 Theophanem
2796 5642 3053 5711 oportuit,
3102 5657 3289 5700 rursus
3319 5659 3443 5700 cum
3498 5644 3802 5702 Zacharias
