4062 6214
452 258 522 321 95
1426 252 1829 315 FRANCISCI
1871 249 2138 312 SCORSI
2176 245 2620 310 PROCEMIUM
2654 242 2739 305 ΙΙ.

2136 366 2343 411 ctorum
2373 357 2648 410 historias.
2690 350 2843 419 Quod
2869 356 3043 404 autem
3067 342 3300 401 historia:
3326 341 3573 412 quaedam
3597 355 3738 392 son-

452 382 553 436 νην
577 363 670 418 τὸν
687 361 786 427 τὰς
809 360 1180 434 μεταφράσεις
1213 358 1275 413 εὖ
1302 358 1447 429 μάλα
1478 361 1827 430 συνθέμενον.
1850 360 2034 425 Itaque

454 465 579 525 post
608 455 757 509 illum
783 454 897 508 hare
931 451 1223 520 scripsisse
1244 450 1632 519 Theophanem
1677 466 1899 507 necesse
1928 461 2032 505 est.

3644 226 3739 295 96

2137 459 2364 512 ctorum,
2402 449 2489 517 qui
2529 455 2646 516 post
2699 442 3104 513 Metaphrastem
3142 437 3410 498 vixerunt,
3453 432 3512 487 in
3556 430 3741 485 Heta-

460 549 579 616 Ουο
607 548 771 618 igitur
798 560 912 601 tero
969 544 1365 615 Metaphrastes
1398 546 1662 614 scripsit?
1705 545 1894 598 Adhuc
1934 545 2036 598 sub
2134 540 2363 606 phrastrr
2392 540 2544 591 tomis
2586 535 2943 597 inreniuntur,
2974 547 3039 585 ne
3063 529 3272 582 mireris
3299 541 3318 579 :
3349 542 3380 577 a
3406 522 3737 618 posteriori:

454 639 636 710 judice
659 638 803 692 litem
833 651 954 692 esse
994 639 1066 690 ait
1097 637 1375 693 Gerardus
1403 636 1630 691 Vossius
1667 633 1742 688 De
1773 633 2035 688 historicis

462 725 682 789 (lueris,
730 723 825 778 lib.
871 740 932 788 ιι,
965 740 1084 792 cap.
1119 724 1224 789 26;
1258 726 1351 779 sed
1391 727 1520 776 eam
1576 723 1686 792 jam
1746 720 2036 789 dijttdiCari

463 816 677 870 tandem
714 830 875 884 posse
911 817 1001 870 aio
1030 832 1094 869 ex
1130 816 1231 870 hoc
1260 830 1424 884 opere
1469 815 1522 870 in
1563 814 1736 868 lucem
1778 813 1952 879 edito;
1986 823 2041 867 et

354 922 363 931 ‘
461 908 703 977 quidem
745 910 817 963 ita
874 918 933 962 ut
983 908 1558 977 prmstantissimorum
1610 907 1937 977 scriptorum
1988 914 2042 959 et

462 1001 921 1071 cbronologorum
947 1000 1128 1069 opinio
1160 1000 1481 1066 pervincat;
1515 1014 1743 1065 quorum
1778 997 2038 1052 familiam

462 1093 611 1147 ducit
659 1093 1126 1148 eminentissimus
1169 1089 1457 1144 Annalium
1505 1091 1740 1159 scriptor
1792 1099 1847 1146 et
1903 1098 2042 1143 tem-

462 1202 656 1253 porum
692 1197 1012 1255 supputator
1039 1183 1334 1240 cardinalis
1366 1183 1652 1247 Baronius,
1687 1184 1776 1253 qui
1810 1194 1942 1239 tom.
1972 1182 2040 1248 Χ,

465 1277 533 1331 ad
583 1291 782 1329 annum
829 1275 1034 1330 Christi
1076 1275 1203 1342 859,
1241 1290 1364 1330 cum
1414 1275 1480 1329 de
1527 1274 1786 1330 Michaele
1847 1274 2042 1340 Pselio,

466 1365 668 1422 Leonis
701 1366 1009 1435 l’hilosOpbi
1038 1368 1317 1437 magistro,
1379 1381 1443 1421 ex
1490 1365 1694 1421 Joanne
1721 1365 2045 1434 Curopalata

468 1455 797 1509 mentionem
840 1454 1055 1509 fecisset
1082 1455 1209 1521 (non
1243 1455 1330 1510 hic
1372 1464 1464 1510 est
1497 1469 1626 1509 vero
1659 1452 1765 1508 Leo
1802 1453 2048 1508 Philoso-

465 1547 607 1616 phus
638 1547 800 1601 idem
835 1547 927 1615 qui
976 1545 1086 1602 Leo
1113 1546 1343 1617 Sapiens
1390 1547 1586 1612 dictus,
1634 1545 1815 1601 Basilii
1871 1546 2048 1601 Mace-

466 1637 624 1691 donis
650 1636 818 1705 ﬁlius,
855 1639 946 1705 qni
983 1638 1032 1692 ei
1065 1637 1369 1692 associatus
1405 1637 1458 1692 in
1492 1638 1721 1707 imperio
1752 1652 1893 1690 anno
1916 1635 2046 1703 870,

470 1729 564 1784 sed
606 1729 766 1793 alius,
800 1730 892 1798 qui
919 1727 1100 1782 ﬂoruit
1122 1738 1177 1782 et
1206 1728 1387 1783 docuit
1420 1728 1521 1783 sub
1549 1728 1776 1784 Michael
1803 1727 1869 1781 lll
1915 1727 2048 1781 Por-

466 1826 877 1893 phyrogenneta
920 1823 1068 1877 circa
1105 1836 1305 1877 annum
1335 1822 1539 1877 Christi
1572 1821 1678 1878 859
1720 1838 1736 1875 :
1768 1822 1848 1877 sic
1886 1822 2053 1888 igitur

467 1916 537 1970 dc
577 1914 838 1969 Michaele
886 1914 1086 1980 Psello,
1111 1911 1277 1982 huius
1316 1911 1515 1969 Leonis
1559 1915 1844 1984 magistro,
1876 1913 2052 1969 Baro-

472 2007 593 2061 nius
618 2024 631 2059 :
655 2006 737 2060 Ea:
758 2007 840 2061 his
858 2006 1250 2076 pariterhabes,
1283 2006 1466 2069 lector,
1494 2023 1595 2075 quo
1623 2016 1852 2074 tempore
1868 2007 2052 2060 uixerit
2077 2075 2084 2082 _

475 2094 707 2164 Psellus,
741 2096 829 2166 qui
853 2096 955 2165 fuit
978 2098 1229 2166 magister
1261 2094 1444 2149 Leonis
1477 2094 1822 2163 Philosophi;
1850 2111 1915 2150 ea:
1954 2111 2055 2164 quo

485 2190 686 2257 pariter
738 2190 975 2243 addisces
1007 2205 1109 2256 quo
1156 2198 1385 2256 tempore
1419 2188 1603 2243 uixerit
1651 2186 2053 2257 Metaphrastes,

472 2284 527 2336 in
557 2283 710 2352 cujus
739 2281 948 2335 laudem
1002 2278 1209 2335 Psellus
1247 2281 1356 2349 ipse
1403 2280 1697 2334 orationem
1729 2279 1932 2341 habuit,
1955 2296 2058 2348 qua

475 2374 697 2428 ostendit
747 2373 890 2426 haud
936 2373 1139 2440 pridem
1180 2388 1291 2427 esse
1330 2372 1655 2441 defunctum,
1697 2371 1823 2425 dum
1873 2373 1951 2425 ait
1995 2372 2060 2425 de

474 2464 591 2533 ejus
637 2463 778 2518 obitu
820 2461 1030 2517 audisse
1076 2478 1164 2517 eos
1210 2464 1301 2532 qui
1341 2464 1583 2516 viderunt
1620 2462 1735 2530 ejus
1786 2463 1855 2517 ad
1894 2461 2060 2517 Deum

477 2556 794 2619 transitum;
834 2563 957 2607 sunt
993 2554 1104 2608 hau:
1145 2554 1260 2622 ejus
1298 2554 1450 2608 verba
1484 2568 1503 2608 :
1533 2573 1552 2606 ι
1593 2552 1717 2607 Non
1757 2555 1896 2608 enim
1942 2571 2059 2609 eum

474 2646 633 2700 ueluti
679 2645 968 2699 abscissum
1008 2653 1097 2698 aut
1138 2644 1365 2698 divisum
1396 2645 1558 2714 fuisse
1588 2644 1767 2699 dicunt
1797 2645 1837 2698 ii
1869 2649 1959 2715 qui
1983 2647 2060 2699 ri-

477 2739 669 2791 dcrunt
697 2752 715 2800 ;
746 2737 836 2790 sed
867 2736 1145 2791 videbatur
1182 2735 1343 2789 veluti
1365 2753 1397 2788 a
1426 2736 1656 2805 quodam
1689 2737 1897 2791 uinculo
1939 2738 2066 2790 libe-

479 2828 589 2880 rari
628 2837 674 2880 et
706 2825 866 2879 hilari
892 2833 1021 2879 nutu
1058 2842 1111 2878 se
1149 2822 1423 2877 extendere
1453 2825 1771 2891 adducentes
1818 2825 2058 2894 angelos,

477 2926 526 2969 et
554 2915 941 2986 quodammodo
975 2916 1202 2983 seipsum
1253 2915 1496 2967 tradebat
1534 2913 1745 2967 illorum
1785 2917 2049 2981 manibus,

483 3015 540 3057 ut
575 3006 677 3056 cito
705 3014 991 3073 emergeret
1019 3005 1083 3056 de
1112 3019 1347 3070 corpore.
1388 3022 1406 3055 ι
1445 3004 1713 3060 Hactenus
1746 3005 2009 3060 Baronius
2038 3024 2051 3061 :

480 3104 661 3150 exstat
700 3105 878 3149 autem
913 3096 1029 3150 haec
1060 3096 1236 3151 oratio
1268 3095 1427 3150 Pselli
1457 3098 1597 3166 apud
1632 3096 1850 3152 Surium
1876 3100 1960 3153 die
1989 3099 2058 3154 29

482 3186 743 3242 Novemb.
785 3187 988 3258 (Grmce
1017 3201 1063 3243 et
1099 3188 1286 3244 Latine
1311 3206 1399 3259 ap.
1442 3190 1697 3243 Allatium
1737 3190 1810 3245 De
1841 3190 2061 3262 Symeo-

483 3276 678 3347 nibus).
720 3278 940 3349 Deinde
977 3295 1099 3336 cmn
1148 3281 1449 3336 monuisset
1494 3280 1748 3336 lectorem
1809 3285 1876 3337 de
1922 3281 2059 3337 Vitis

486 3378 796 3424 sanctorum
842 3371 933 3440 qui
973 3380 1097 3440 post
1132 3373 1245 3427 hrcc
1295 3373 1545 3428 vixerunt
1586 3386 1848 3444 tempora,
1886 3375 1937 3429 id
1980 3374 2063 3429 fa-

486 3466 634 3514 ctum
689 3460 862 3516 aliena
902 3476 1088 3532 Opera,
1147 3462 1239 3533 qui
1281 3465 1392 3519 suis
1441 3464 1628 3519 diebus
1675 3480 1741 3521 ac
1788 3467 2062 3523 mensibus

484 3548 783 3619 aitegerunt
823 3562 1042 3607 sanctos
1083 3552 1345 3623 singulos,
1393 3563 1448 3609 et
1477 3555 1803 3612 addiderunt
1830 3574 1860 3612 a
1890 3558 2063 3613 Meta-

491 3639 711 3707 pbraste
749 3643 1098 3711 conscriptis,
1141 3658 1235 3698 seu
1276 3646 1458 3714 potius
1498 3647 1762 3717 collectis,
1810 3663 1876 3703 ne
1917 3649 2067 3705 vide-

489 3740 678 3784 rentur
701 3741 857 3786 extra
894 3732 1124 3788 classem
1153 3737 1359 3805 vagari,
1385 3738 1466 3791 sic
1501 3737 1714 3792 tandem
1749 3739 2061 3795 concludit:

490 3820 578 3876 Ea:
615 3828 843 3891 tempore
887 3825 1049 3894 igitur
1086 3825 1255 3880 Pselli
1299 3828 1486 3883 ntelius
1533 3828 1788 3898 intelliges
1831 3840 2064 3901 tempora

488 3913 883 3986 Metaphrastw.
914 3922 1054 3987 quod
1080 3930 1127 3973 et
1153 3922 1200 3974 si
1221 3922 1399 3991 plures
1426 3921 1632 3977 Psellos
1656 3922 1820 3991 fuisse
1846 3925 2063 3992 dixeris,

484 4005 588 4060 isto
620 4006 821 4061 nultum
857 4008 1190 4065 celebriorem
1236 4028 1327 4066 nec
1363 4013 1712 4083 antiquiorem
1751 4016 2064 4071 invenimus.

488 4095 602 4151 Hoc
631 4098 844 4155 Barnnii
876 4102 1139 4170 judicium
1171 4105 1345 4160 secuti
1388 4116 1515 4161 sunt
1552 4106 1762 4162 nobiles
1802 4107 1894 4162 alii
1931 4110 2068 4164 scri-

490 4198 674 4258 ptores
731 4204 932 4247 nostra;
977 4191 1285 4249 Societatis.
1321 4194 1624 4249 Cardinalis
1671 4195 2063 4261 Bellarminus,

492 4282 720 4337 alterum
773 4284 1026 4339 Ecclesiae
1075 4286 1253 4340 lumen
1299 4297 1355 4342 et
1384 4303 1637 4357 purpurae
1680 4289 1933 4357 splendor
1969 4291 2063 4347 lib.

492 4370 570 4425 De
600 4375 849 4440 scriptor.
890 4376 1071 4429 ecclcs.
1101 4392 1120 4431 :
1149 4376 1375 4447 Symeon
1423 4378 1831 4449 Metaphrastes,
1873 4384 2065 4452 inquit,

490 4461 673 4530 ﬂoruit
703 4463 863 4533 paulo
908 4475 1031 4519 ante
1072 4485 1272 4521 annum
1320 4469 1474 4523 Dom.
1520 4472 1628 4527 859
1666 4472 1764 4543 (a),
1814 4476 2069 4545 siquidem

499 4551 724 4614 Psellus.
753 4556 845 4625 qui
871 4556 970 4610 hoc
992 4574 1129 4611 anno
1159 4558 1355 4613 uiuebat
1397 4563 1683 4616 orationem
1708 4564 1955 4620 habuisse
1985 4568 2068 4620 di-

497 4646 635 4699 citur
664 4648 717 4700 in
749 4647 864 4713 eius
893 4649 1097 4716 funere.
1126 4648 1359 4719 Jacobus
1387 4647 1677 4709 Gretserus
1728 4656 1781 4710 in
1813 4658 2073 4724 Opusculo

496 4739 679 4792 addito
729 4741 794 4793 ad
856 4739 1144 4811 Georgium
1191 4742 1458 4798 Codinutn
1491 4744 1570 4798 De
1625 4746 1804 4815 ofﬁciis
1862 4746 2073 4817 Magna:

498 4826 749 4884 Ecclesia:
781 4842 827 4885 et
868 4832 1009 4886 aula:
1046 4835 1473 4902 tionstantinop.,
1523 4836 1767 4906 disputat
1808 4838 1872 4893 de
1914 4838 2075 4893 Meta-

501 4919 737 4985 pbrasm
767 4936 881 4976 arvo
934 4938 1000 4977 ex
1053 4926 1323 4980 sententia
1376 4926 1594 4982 Baronii
1646 4938 1833 4982 contra
1886 4928 2076 4999 lIOSpi-

499 5010 720 5063 nianum
751 5012 1126 5083 Calvinistam,
1164 5018 1256 5087 qui
1288 5033 1410 5072 eum
1460 5018 1716 5073 novitiutn
1750 5021 2073 5090 scriptorem

504 5114 626 5154 esse
668 5102 1005 5172 blaterabat;
1044 5107 1133 5162 ubi
1168 5110 1284 5164 haec
1316 5110 1481 5164 habet
1524 5108 1665 5162 inter
1704 5121 1919 5173 caetera.
1953 5128 2076 5167 cum

506 5191 846 5261 (Iuropalata:
892 5195 1072 5251 locum
1120 5198 1185 5254 de
1223 5198 1486 5254 Michaele
1538 5198 1713 5255 Psello
1759 5202 2074 5261 retulisset:

510 5284 652 5340 Huic
680 5289 842 5359 igitur
883 5289 1062 5345 Psello
1090 5295 1240 5347 annis
1269 5294 1421 5365 longe
1452 5295 1653 5364 majore
1674 5311 1767 5349 cur
1787 5295 2078 5353 Calvinista

504 5382 799 5435 encomium
845 5381 1224 5453 Metaphrasta:
1265 5403 1382 5441 cum
1425 5386 1659 5441 Boronio
1718 5405 1819 5442 non
1859 5391 2077 5456 tribuat,

504 5486 683 5526 causa:
714 5474 846 5529 nihil
878 5476 1053 5545 habet,
1086 5477 1189 5531 nisi
1218 5478 1396 5532 odium
1431 5478 1827 5549 Metaphrastw,
1872 5483 1925 5535 in
1958 5502 2079 5538 san-

2139 631 2232 683 bus
2272 618 2832 695 superaddita-sunt,
2880 633 2938 677 ut
2987 620 3104 690 ﬁeri
3150 618 3283 672 solet
3323 618 3378 669 in
3418 613 3742 681 hujusmodi

2142 721 2484 789 scriptoribus
2511 730 2556 771 et
2588 714 2972 771 collectoribus.
2999 713 3127 766 Htec
3153 708 3465 765 Gretserus.
3499 707 3739 759 Domum

2140 811 2407 865 Antonius
2423 809 2743 865 Possevinus
2760 808 2812 860 in
2836 807 3110 876 Apparatu
3131 818 3283 857 sacro
3304 816 3324 855 :
3350 799 3743 868 .iletaphrastce

2143 914 2379 970 tempora
2412 902 2621 965 melius,
2655 900 2826 968 inquit
2854 896 3118 952 Baronius
3155 904 3283 948 tom.
3332 891 3403 957 Χ,
3444 907 3738 960 cognosces

2118 1009 2208 1069 θεῖε
2251 992 2409 1046 Pselli
2443 1001 2693 1057 tempore.
2731 989 2853 1042 il;cc
2894 987 3241 1043 Possevinus.
3270 983 3593 1053 Quanquam
3643 982 3744 1036 hic

2146 1084 2201 1137 in
2235 1084 2497 1139 Micliaele
2528 1082 2702 1137 Psello
2741 1096 2848 1135 non
2880 1080 3011 1133 satis
3049 1076 3297 1131 distinxit
3328 1075 3560 1130 Leonem
3600 1075 3737 1128 Plii-

2145 1174 2455 1245 losopbum,
2507 1174 2666 1242 cuius
2714 1171 2973 1240 magister
3027 1169 3211 1223 senior
3258 1167 3467 1222 Psellus
3518 1166 3644 1230 fuit,
3702 1182 3739 1218 ει

2150 1266 2334 1321 Leone
2382 1265 2527 1320 dicto
2564 1262 2839 1332 Sapiente,
2891 1261 3258 1328 imperatore;
3299 1256 3395 1311 sed
3438 1267 3745 1322 utrumque

2148 1355 2391 1410 confudit
2453 1375 2469 1411 :
2528 1353 2678 1424 atqui
2732 1352 2821 1407 ille
2884 1360 3129 1419 tempore
3184 1348 3465 1403 Michaelis
3510 1347 3629 1402 CXI
3683 1357 3744 1400 rt

2148 1447 2457 1503 Theodorus
2494 1445 2685 1499 matris
2734 1443 2983 1509 ﬂorebat,
3025 1442 3171 1496 circa
3219 1456 3422 1494 annum
3463 1439 3591 1502 διε,
3647 1442 3743 1494 hic

2151 1552 2294 1592 anno
2337 1536 2443 1591 870
2481 1537 2753 1605 imperare
2799 1534 2964 1603 erepit
3012 1532 3215 1588 :sicuti
3252 1546 3426 1600 neque
3453 1531 3589 1585 duos
3632 1528 3743 1582 Mi»

2152 1629 2369 1684 chaeles
2397 1627 2622 1693 Psellos,
2649 1626 2743 1682 sed
2770 1625 3017 1679 eumdem
3046 1623 3192 1678 aitet
3216 1623 3533 1691 magism-um
3563 1620 3743 1676 fuisse

2163 1718 2362 1776 Leonis
2406 1718 2699 1790 Sapientis,
2741 1727 2794 1772 et
2837 1716 3034 1772 librum
3077 1714 3156 1768 De
3195 1713 3299 1782 ﬁde
3343 1713 3635 1783 scripsisse
3667 1714 3739 1765 ad

2152 1812 2469 1882 Michaelem
2514 1811 2714 1865 Duram
2757 1809 3140 1878 imperatorem
3175 1822 3189 1858 :
3240 1805 3338 1861 sed
3378 1804 3470 1858 hic
3514 1813 3741 1859 centum

2153 1918 2207 1962 et
2260 1901 2653 1976 quinquaginta
2719 1915 2891 1956 annos
2947 1906 3069 1968 post
3127 1898 3365 1953 Leonem
3422 1896 3743 1963 Sapientem

2156 1995 2468 2064 imperavit.
2511 1992 2626 2048 Nec
2672 1989 2897 2045 multum
2936 1990 3003 2044 ab
3036 1991 3122 2044 bis
3160 1988 3440 2056 discrepat
3481 1985 3747 2040 lloratius

2156 2085 2492 2143 Torsellinus
2538 2085 2590 2138 in
2638 2082 2807 2151 Epist.
2851 2080 2977 2135 hist.
3019 2078 3111 2135 lib.
3147 2094 3256 2145 vn;
3298 2078 3412 2132 vult
3442 2079 3585 2132 enim
3635 2076 3741 2146 Sy-

2165 2191 2410 2232 meonem
2455 2173 2874 2244 Metapbrastem
2929 2179 3054 2225 ante
3105 2186 3304 2224 annmn
3359 2169 3462 2226 900
3507 2169 3741 2232 vixisse.

2159 2268 2425 2340 Reginoni
2481 2266 2786 2322 Prumiensi
2847 2264 3050 2332 abbati,
3104 2272 3160 2318 et
3210 2262 3381 2317 Adoni
3441 2261 3743 2317 Viennensi

2161 2376 2476 2432 supparem.
2516 2340 2714 2414 Verum
2756 2358 2867 2427 jam
2902 2356 2970 2411 de
3003 2355 3201 2425 duplici
3252 2354 3424 2409 Psello
3458 2356 3743 2408 mentione

2166 2457 2332 2519 facta,
2385 2451 2774 2508 controversize
2824 2462 3006 2504 semen
3057 2447 3328 2517 iecimus,
3376 2462 3493 2516 qua:
3550 2456 3745 2500 tamen

2162 2545 2383 2600 omnino
2417 2543 2766 2610 exstirpanda
2799 2539 2926 2603 erit,
2958 2546 3017 2591 ut
3050 2552 3227 2607 spero.
3264 2537 3536 2592 Gerardus
3565 2535 3743 2590 Joan-

2163 2652 2260 2691 nos
2284 2635 2507 2690 Vossius
2530 2633 2821 2688 Baronium
2842 2642 2895 2686 et
2914 2630 3303 2686 Bellarminum
3331 2630 3537 2684 erroris
3559 2631 3745 2699 arguit

2166 2732 2258 2783 lib.
2292 2745 2369 2784 xl.
2404 2725 2475 2780 De
2500 2724 2767 2779 historicis
2806 2722 3033 2785 Crcecis.
3066 2737 3187 2791 cap.
3211 2721 3316 2787 26;
3363 2737 3486 2776 nam
3517 2737 3639 2776 cum
3675 2724 3752 2777 de

2167 2822 2438 2889 Symeone
2482 2816 2847 2885 Metaphraste
2876 2829 3063 2870 eorum
3109 2814 3432 2870 sententiam
3469 2814 3753 2869 retulisset

2156 2929 2217 2966 es
2259 2910 2535 2966 Michaelis
2572 2908 2727 2964 Pselli
2755 2908 2967 2962 funebri
3006 2907 3297 2962 oratione:
3333 2904 3585 2976 Uterque,
3641 2906 3749 2970 ait,

2160 3002 2311 3060 extra
2356 3003 2762 3075 controuersiam
2816 3001 2961 3068 ponit
3010 3000 3319 3054 Michaelem
3360 2999 3596 3054 Psellum
3640 3001 3755 3052 cla-

2162 3099 2329 3151 ruisse
2368 3095 2464 3149 sub
2510 3093 2767 3149 Michaele
2807 3092 2928 3159 III,
2970 3104 3024 3147 ut
3070 3103 3193 3147 ante
3238 3093 3372 3147 dixi.
3408 3092 3521 3146 Nec
3556 3109 3754 3163 negare

2161 3205 2368 3258 possunt
2397 3188 2461 3242 iis
2487 3186 2802 3253 temporibus
2825 3185 2898 3240 uel
2920 3185 3078 3253 paulo
3106 3195 3229 3239 ante
3249 3185 3438 3241 uixisse
3466 3185 3752 3254 quemdam

2170 3278 2483 3334 Michaelcm
2513 3278 2747 3332 Psellum
2775 3277 2919 3348 (nam
2950 3275 3005 3330 id
3038 3272 3219 3341 aperte
3258 3286 3482 3330 testatur
3509 3276 3754 3331 Joannes

2163 3372 2554 3443 Curopalutes),
2587 3372 2677 3426 sed
2711 3387 2837 3440 nego
2865 3371 3025 3424 istum
3052 3385 3164 3424 esse
3191 3370 3417 3424 nobilem
3458 3370 3606 3423 illum
3631 3370 3753 3436 phi-

2161 3466 2435 3535 losophum
2459 3465 2607 3533 cujus
2637 3462 2896 3534 permulta
2918 3462 3172 3533 hodieque
3226 3473 3526 3533 supersunt.
3555 3461 3746 3518 Neque

2163 3567 2377 3621 temere,
2414 3574 2478 3613 ne
2499 3557 2598 3611 hac
2630 3558 2684 3610 in
2708 3572 2762 3610 re
2789 3572 2820 3609 α
2851 3555 3071 3611 summis
3106 3554 3231 3608 viris
3256 3554 3560 3618 dissentire,
3583 3555 3752 3620 paulo

2162 3660 2273 3720 post
2321 3650 2538 3718 planum
2583 3647 2801 3718 faciam,
2848 3662 2966 3701 cum
3012 3646 3076 3698 de
3125 3644 3291 3700 Pselli
3343 3654 3496 3699 a'tate
3549 3645 3750 3700 dicam.

2166 3741 2293 3796 llaec
2337 3741 2561 3797 Vossius
2606 3741 2696 3806 qui
2751 3738 2948 3793 deinde
2995 3736 3313 3792 Michaeiem
3364 3736 3600 3791 Psellum
3646 3736 3753 3790 ιιο.

2166 3836 2344 3892 ruisse
2402 3833 2518 3888 vult
2565 3831 2900 3901 temporibus
2946 3829 3230 3885 Michaelis
3279 3827 3368 3883 VI.
3420 3828 3754 3893 Stratiotici,

2167 3928 2260 3983 lilii
2289 3925 2478 3982 lsaacii
2506 3923 2812 3988 Commeni,
2851 3920 3195 3980 Constantini
3229 3919 3342 3976 ΧΗ.
3378 3920 3559 3987 Ducas,
3601 3935 3740 3975 uxo-

2169 4022 2247 4075 ris
2272 4020 2392 4091 ejus
2425 4017 2704 4083 Eudoxiaz,
2733 4016 2961 4070 Romani
2992 4014 3250 4085 Diogenis
3269 4024 3322 4069 et
3350 4014 3632 4070 Michaelis
3656 4014 3752 4068 Vll

2171 4110 2351 4165 Durae.
2412 4106 2890 4162 Verumenimvero
2956 4103 3042 4159 bis
3081 4105 3145 4159 de
3195 4103 3424 4173 duplicis
3472 4103 3755 4160 Michaelis

2172 4199 2333 4255 Pselli
2390 4207 2549 4254 astate
2604 4196 2917 4262 concessis;
2974 4210 3078 4249 non
3137 4203 3317 4249 tamen
3357 4194 3535 4249 adhuc
3594 4196 3757 4251 video

2164 4290 2332 4363 ‘quam
2376 4291 2512 4347 satis
2553 4290 2754 4357 justam
2794 4289 2988 4344 habeat
3017 4303 3234 4342 causam
3275 4286 3507 4342 Vossius
3549 4304 3579 4342 a
3623 4304 3757 4343 sen-

2173 4382 2342 4438 tentia
2400 4380 2611 4436 Barouii
2661 4390 2717 4435 et
2765 4377 3081 4434 Bellarmini
3142 4377 3492 4444 discedendi;
3548 4387 3603 4433 et
3649 4395 3755 4435 cur

2166 4476 2364 4545 juniori
2397 4475 2575 4545 potius
2607 4489 2774 4543 quam
2807 4472 3102 4540 antiquiori
3139 4470 3316 4525 Psello
3352 4471 3654 4525 orationem
3694 4473 3751 4526 in

2173 4567 2593 4636 Metaphrastem
2645 4565 2806 4620 tribui
2858 4564 3003 4619 velit.
3058 4564 3133 4618 Ex
3183 4578 3286 4631 qua
3330 4562 3476 4617 enim
3512 4563 3748 4617 litterula

2175 4662 2422 4719 Encomii
2459 4660 2561 4714 hoc
2605 4658 2923 4727 exsculpsit,
2967 4668 3024 4711 ut
3051 4658 3190 4712 bene
3217 4667 3406 4712 contra
3447 4655 3751 4711 Calviniro-

2176 4742 2281 4807 lant
2332 4751 2723 4821 Hospinianum
2776 4749 3090 4812 Gretserus,
3146 4747 3230 4802 vel
3275 4744 3583 4816 exsrulpet?
3629 4746 3753 4811 Quo

2180 4844 2398 4913 inquam
2429 4842 2631 4897 indicio
2667 4841 3025 4896 recentiorem
3058 4838 3294 4892 Psellum
3327 4838 3565 4894 Encomii
3608 4837 3757 4891 illius

2179 4946 2455 4989 auctorem
2504 4948 2667 5002 quam
2719 4932 2987 4985 seniorem
3035 4929 3199 4986 facit?
3247 4928 3459 4983 Nullum
3513 4928 3759 5000 proiecto

2180 5020 2324 5074 aliud
2375 5020 2634 5074 indicium
2674 5019 2854 5083 video,
2890 5033 3050 5088 quam
3103 5032 3310 5072 merum
3361 5017 3530 5086 ipsius
3578 5017 3755 5072 Vossii

2174 5111 2459 5181 judicium,
2507 5111 2748 5178 adeoque
2797 5118 3002 5164 temere
3050 5110 3153 5165 hoc
3217 5109 3393 5179 ipsum
3446 5109 3594 5171 dicit,
3650 5126 3757 5164 non
3856 5158 3861 5165 .

2183 5214 2384 5259 temere
2406 5216 2463 5256 se
2482 5219 2510 5254 a
2544 5201 2761 5255 Baronii
2785 5211 2837 5256 et
2866 5200 3179 5256 Bellarmiui
3210 5201 3415 5270 judicio
3442 5203 3757 5257 dissentire.

2181 5296 2381 5352 Verum
2431 5294 2533 5351 etsi
2579 5294 2779 5347 nullam
2827 5296 3107 5364 utriusque
3139 5296 3328 5365 judicii
3379 5297 3643 5351 rationem
3686 5298 3763 5350 ai-

2181 5390 2323 5445 t‘erre
2348 5384 2640 5455 possimus,
2671 5400 2844 5454 neque
2870 5401 2933 5440 ex
2968 5388 3148 5456 aliquo
3178 5387 3301 5443 loro
3335 5388 3478 5443 illius
3508 5390 3760 5443 Encomii

2183 5479 2361 5551 colligi
2424 5478 2618 5547 possit,
2675 5486 2794 5533 uter
2850 5477 3083 5536 Michael
3134 5479 3343 5536 Pacilus
3394 5492 3589 5535 auctor
3638 5481 3762 5547 ejus

573 5617 643 5677 (ai
678 5616 751 5689 120
774 5618 1032 5677 Symronis
1058 5620 1400 5683 Melaphrastm
1446 5633 1562 5671 vera
1586 5626 1736 5675 aetate
1760 5622 1871 5674 vide
1899 5625 2257 5689 Prolegomena
2288 5620 2345 5673 ad
2369 5629 2555 5673 tomum
2584 5617 2757 5679 CXIV;
2781 5618 2844 5669 de
2871 5617 3111 5671 Michaele
3144 5618 3329 5682 Psello,
3354 5624 3544 5672 tomum
3564 5616 3758 5673 CXX”

512 5679 652 5728 Ιίυιτ.
683 5680 833 5728 ΡΑτιι.
