4062 6214
286 355 360 416 97
480 419 493 424 ,
1287 355 1690 417 FRANCISCI
1733 357 1998 417 SCORSl
2042 360 2482 426 PROCEMIUM
2523 366 2604 426 II.

279 464 457 521 fuerit
508 463 711 537 (neque
744 463 915 531 enim,
951 464 1134 530 credo,
1188 479 1265 520 est
1301 468 1555 536 operibus
1605 467 1766 521 Pselli
1807 467 1884 536 ju-
1988 477 2327 529 mrumeuico
2352 492 2455 529 una
2486 493 2607 532 cum
2640 478 2867 534 vetustis
2898 478 3149 537 Patribus
3178 496 3560 555 opponeretur.

283 559 470 613 uioris
496 558 547 611 id
577 572 818 626 unquam
854 560 1107 612 ostendet
1135 557 1397 624 Vossius;
1424 574 1551 613 nam
1585 558 1879 621 attulisset,
1966 561 2129 644 ‘che
2158 567 2308 633 plura
2335 575 2524 620 contra
2555 566 2940 637 Hospiuianum
2977 576 3114 641 apud
3146 574 3322 644 ipsum
3353 576 3563 635 Gretse—

285 652 334 705 si
395 650 691 714 habuisset)
749 661 803 705 et
853 651 900 704 si
946 650 1116 719 igitur
1165 666 1253 705 res
1308 651 1540 720 pendeat
1598 651 1776 706 adhuc
1827 653 1879 705 itt
1966 632 2128 732 ‘Irum.
2162 654 2348 725 Neque
2373 658 2538 710 alium
2571 656 2687 727 lego
2713 660 2803 728 qui
2827 670 3010 714 contra
3041 632 3249 719 aetatem
3280 666 3563 737 Symeouis

287 752 635 810 sequamento
666 752 718 796 et
769 741 972 813 dignus
1012 743 1100 796 hic
1136 742 1353 798 vindice
1397 744 1651 798 videatur
1683 746 1876 809 nodus,
1988 764 2015 797 ει
2047 747 2205 800 nobis
2238 749 2464 816 positam
2495 750 2794 819 scripserit.
2816 751 2947 805 Nam
2974 756 3115 821 quod
3141 757 3215 811 ait
3244 756 3560 817 Theodorus

286 834 497 889 accedit
526 836 639 905 jam
671 836 818 890 velut
847 836 958 889 ἀπὸ
984 835 1233 906 μηχανῆς
1265 835 1293 887 ὁ
1332 835 1485 902 Θεὸς,
1515 835 1841 905 Theophane

1984 832 2235 888 Balsama
2263 839 2315 889 in
2349 853 2472 896 can.
2502 837 2591 903 65,
2621 840 2811 910 synodi
2837 840 3031 907 Trull.,
3059 844 3145 897 ubi
3173 845 3239 899 de
3268 860 3557 903 secernen-

281 926 393 984 hic,
447 925 544 993 qui
578 925 813 980 Barouio
842 938 896 980 et
930 926 1259 981 Bellarmino
1292 927 1443 983 litem
1492 927 1784 995 adjudieet,
1821 938 1875 980 et
1982 926 2066 980 dis
2103 926 2347 982 historiis
2375 938 2428 983 et
2458 931 2594 984 actis
2637 939 2945 987 sanctorum
2985 936 3310 1031 apocryphis
3352 953 3383 993 a
3415 939 3556 997 veris

273 1029 470 1068 eorum
517 1017 726 1086 judicio
781 1026 993 1071 tantum
1038 1018 1293 1087 ponderis
1340 1018 1524 1085 addat,
1574 1027 1633 1073 ut
1676 1020 1742 1073 de
1787 1034 1841 1074 eo

1979 1016 2288 1072 decernitur
2316 1036 2329 1071 :
2361 1020 2538 1087 Χάρις
2561 1021 2742 1075 τοίνυν
2765 1022 2844 1093 τῷ
2871 1025 3151 1097 μακαρίτῃ
3179 1016 3551 1102 Μέταφραστῇ

277 1107 473 1175 reique
507 1107 741 1161 veritate
763 1106 876 1177 jam
910 1122 1017 1162 non
1050 1109 1123 1163 sit
1152 1108 1385 1178 amplius
1418 1108 1688 1178 integrum
1717 1108 1841 1163 dubi

1976 1107 2056 1178 τῷ
2111 1109 2178 1161 τὰ
2231 1113 2544 1183 μαρτυρικὰ
2593 1114 2727 1167 ὡσεὶ
2775 1115 2878 1184 τῆς
2930 1116 3198 1187 ἀληθείας
3254 1119 3555 1191 σκάμματα

277 1204 421 1252 tare.
452 1196 593 1251 Cum
631 1198 776 1251 enim
816 1198 1094 1267 superiore
1137 1197 1163 1269 §
1202 1196 1291 1253 ιν.
1324 1200 1661 1268 apertissime
1689 1211 1841 1255 osten

1975 1199 2188 1263 πολλοῖς
2205 1202 2408 1266 πόνοις,
2433 1206 2528 1258 καὶ
2559 1205 2747 1276 ἱδρῶσι
2777 1208 3256 1278 κατακαλλύνοντι,
3276 1212 3358 1273 εἰς
3385 1211 3554 1282 ὕμνον

275 1299 400 1337 sum
428 1285 526 1349 sit,
558 1285 944 1354 Theophanem
981 1287 1125 1341 hunc
1155 1287 1476 1342 Cerameum
1507 1289 1841 1358 arehiepiseo

1975 1290 2135 1356 Θεοῦ,
2165 1292 2260 1346 καὶ
2296 1292 2456 1359 δόξαν
2497 1296 2858 1362 αἰωνίζουσαν
2889 1299 3001 1354 τῶν
3034 1301 3205 1369 ἁγίων
3237 1304 3551 1374 μαρτύρων.

3494 380 3565 441 93

194 1245 226 1314 ‘3

278 1392 409 1444 pum
452 1374 972 1432 Tauromenitanum
1021 1376 1270 1433 ﬂoruisse
1308 1378 1407 1433 sub
1446 1378 1648 1433 Basilio
1686 1379 1865 1435 Mace-

275 1469 441 1531 done.
476 1478 535 1523 et
569 1467 753 1524 Leone
782 1469 900 1538 ejus
939 1468 1052 1524 tilio
1078 1471 1169 1539 qui
1202 1485 1326 1525 eum
1359 1470 1521 1526 Patre
1554 1473 1718 1542 erepit
1762 1473 1865 1528 im-

278 1574 498 1629 perare,
534 1569 592 1614 ut
621 1560 756 1624 dixi,
780 1575 925 1615 anno
953 1559 1082 1628 870,
1119 1561 1432 1631 planissime
1459 1564 1621 1618 etiam
1651 1574 1865 1620 constet

284 1648 611 1721 Symeonem
648 1651 1067 1721 Metaphrastem
1092 1665 1221 1709 ante
1250 1670 1372 1708 eum
1399 1654 1684 1720 claruisse,
1710 1659 1864 1713 adeo-

279 1757 388 1810 que
421 1742 741 1798 Mirhaelem
780 1743 1014 1799 Psellum
1038 1745 1155 1816 ejus
1181 1746 1564 1802 encomiastem
1595 1750 1865 1820 antiquio-

273 1844 390 1882 rem
439 1828 594 1883 illum
644 1829 832 1896 fuisse,
877 1846 983 1885 non
1026 1832 1322 1901 juniorem,
1376 1835 1453 1890 uti
1501 1836 1764 1892 Baronius
1807 1846 1862 1893 et

273 1918 644 1986 Bellarminus
689 1922 979 1992 exterique
1029 1924 1325 1978 doctissimi
1374 1927 1668 1996 scriptores
1712 1925 1861 1996 judi-

269 2019 491 2065 rarum.
527 2009 638 2066 Nec
659 2009 771 2081 jam
806 2014 964 2069 video
999 2029 1104 2080 qua
1149 2016 1363 2071 ratione
1397 2032 1501 2070 non
1537 2020 1696 2074 modo
1725 2028 1860 2074 aeta-

272 2114 384 2158 tem
436 2102 789 2175 Theophanis
842 2107 895 2160 in
929 2106 1155 2162 dubium
1196 2109 1460 2175 revocari,
1503 2110 1598 2165 sed
1645 2124 1706 2166 ea
1745 2110 1858 2181 jam

271 2195 413 2250 satis
439 2211 716 2266 superque
746 2195 1035 2265 affirmata,
1063 2213 1168 2269 qua
1195 2202 1405 2256 ratione
1427 2202 1596 2271 possit
1625 2203 1858 2273 amplius

268 2289 339 2342 de
386 2288 511 2358 ipsa
545 2287 928 2359 Metaphrasta:
964 2302 1127 2345 aetate
1171 2293 1520 2348 controverti.
1562 2292 1679 2348 Jam
1710 2298 1854 2351 enim

268 2396 333 2433 es
369 2380 496 2434 luce
528 2396 691 2451 quam
733 2381 1046 2451 Theophani
1086 2383 1298 2452 damus,
1330 2386 1418 2440 fax
1449 2387 1631 2441 itidem
1668 2391 1853 2444 eadem

271 2486 444 2540 opera
477 2474 701 2541 pra-lata
735 2473 947 2529 videtur
977 2475 1028 2529 in
1064 2484 1208 2529 tanta
1236 2478 1565 2533 obscuritate
1597 2477 1851 2549 Symeoni

269 2560 682 2631 lletaphrastaa.
711 2562 894 2634 Neque
930 2579 1059 2619 vero
1088 2564 1312 2621 Gilberti
1346 2566 1677 2623 Genebrardi
1712 2570 1853 2641 judi-

264 2655 426 2705 cium
476 2652 529 2706 in
577 2669 671 2709 sua
716 2654 1070 2726 Chronologia
1110 2671 1322 2712 movere
1369 2658 1479 2728 jam
1531 2660 1724 2729 debet;
1758 2662 1849 2730 qui

264 2743 421 2796 circa
465 2759 667 2799 annum
708 2745 832 2813 700,
867 2747 981 2801 vult
1015 2748 1214 2803 vixisse
1238 2748 1652 2819 Metaphrastem
1679 2770 1693 2807 :
1724 2769 1848 2807 nam

268 2834 374 2887 hoc
421 2834 611 2889 itidem
656 2836 917 2903 judicium
969 2840 1137 2912 ipsius
1168 2853 1289 2909 est;
1338 2858 1510 2915 neque
1540 2845 1704 2900 ullum
1732 2848 1849 2916 ejus

269 2925 346 2978 rei
414 2938 797 2994 argumentum
864 2929 1060 2998 aﬂ‘ert;
1142 2935 1283 3003 quod
1348 2944 1522 2991 tamen
1582 2936 1845 3006 judicium

266 3015 459 3068 eodem
520 3016 789 3074 refellitur
842 3022 1004 3078 modo
1055 3040 1162 3095 quo
1211 3023 1388 3082 Vossii
1448 3029 1616 3085 multo
1668 3031 1847 3086 minus

268 3106 594 3177 ﬂospiniaui
638 3110 783 3167 illius
838 3112 1144 3171 Calvinistte
1186 3118 1477 3174 convitium
1550 3122 1733 3190 potius
1782 3138 1847 3179 ac

268 3197 524 3255 delirium
573 3201 628 3256 in
672 3201 1117 3275 Metaphrastem,
1163 3225 1322 3280 quam
1365 3227 1554 3266 sanum
1584 3211 1843 3281 judicium

265 3291 451 3346 valere
480 3292 663 3358 debet,
699 3295 791 3364 qui
838 3296 987 3351 illum
1033 3299 1198 3356 fuisse
1232 3302 1503 3357 trivialem
1533 3302 1846 3361 Conatanti-

270 3383 453 3452 nopoli
512 3383 623 3439 ludi
697 3387 1050 3459 magistrum,
1115 3394 1523 3449 mendaciorum
1590 3397 1843 3470 legendas

271 3475 587 3545 scripsisse,
636 3492 738 3533 nec
788 3481 1018 3551 amplius
1068 3484 1136 3536 ah
1189 3484 1315 3540 hinc
1361 3486 1605 3545 ducentis
1655 3490 1840 3560 viginti

267 3569 433 3621 annis
464 3568 664 3624 vixisse
693 3586 708 3623 :
743 3585 864 3625 eum
906 3574 1049 3627 enim
1084 3575 1215 3629 satis
1256 3579 1530 3646 redarguit
1567 3588 1622 3635 et
1653 3580 1842 3637 irridet

262 3653 558 3712 Cretserus
603 3660 864 3728 opusculo
909 3662 1075 3729 dicto,
1119 3667 1356 3722 maxime
1397 3683 1464 3724 ex
1508 3685 1573 3725 eo
1612 3673 1751 3742 quod
1787 3674 1839 3729 in

261 3747 842 3810 concilioFlorentiuo
867 3768 1003 3811 sese.
1024 3772 1123 3823 vn,
1155 3759 1238 3814 bis
1267 3775 1463 3832 magno
1484 3776 1605 3818 eum
1635 3764 1841 3824 honore

260 3838 515 3895 laudetur
546 3840 782 3913 Symeon
826 3845 1241 3917 Metaphrastes.
1286 3850 1376 3907 Sic
1411 3854 1554 3908 enim
1594 3856 1840 3912 Andreas

261 3929 433 3986 Phodi
479 3935 678 4000 praesul
719 3934 935 3994 Graecos
964 3939 1285 4012 alloquens:
1330 3940 1397 3997 In
1437 3946 1623 4012 primis
1675 3948 1838 4018 igitur

256 4020 493 4091 ngeon
515 4022 904 4092 Hetaphrastes
924 4033 1107 4087 uestris
1131 4034 1183 4087 in
1209 4033 1454 4090 Ecclesiis
1477 4038 1836 4095 celeberrimus

253 4113 514 4179 orcedat;
562 4124 621 4169 et
665 4130 802 4172 sese.
847 4119 1033 4175 eadem
1064 4122 1206 4177 idem
1241 4139 1255 4177 :
1292 4122 1519 4195 Legatur
1547 4127 1642 4181 ille
1672 4130 1763 4199 qui
1802 4149 1834 4185 a

253 4203 399 4257 vobis
440 4207 679 4275 quotidie
724 4208 921 4280 tegitur
967 4214 1022 4266 in
1063 4211 1335 4281 Ecclesiis,
1377 4215 1604 4287 Symeon
1655 4219 1830 4274 Meta-

251 4296 522 4358 phrastes.
563 4297 748 4355 Locus
785 4312 965 4358 autem
1013 4304 1271 4375 legendus
1325 4320 1444 4362 erat
1492 4323 1559 4365 ex
1598 4310 1718 4367 Vita
1767 4311 1826 4367 S.

253 4386 500 4457 Dionysii
526 4386 885 4461 Areopagitas,
924 4393 979 4447 in
1010 4408 1118 4462 quo
1148 4396 1537 4468 Metaphrastes
1567 4399 1826 4471 Spiritum

250 4487 502 4532 sanetum
552 4493 619 4534 ex
665 4479 827 4536 Patre
871 4493 922 4538 et
975 4481 1116 4539 Filio
1156 4490 1450 4556 procedere
1497 4501 1683 4561 aperte
1731 4492 1828 4546 ait.

251 4572 526 4624 Praeterea
577 4568 842 4642 Joseplms
886 4573 1254 4634 Methonensis
1302 4581 1588 4652 epise0pus
1639 4596 1830 4639 contra

255 4660 481 4715 Maritim
522 4663 881 4731 Ephesinum,
914 4667 1136 4739 Symeon
1176 4687 1340 4728 novus
1382 4670 1693 4746 Theologus,
1741 4679 1831 4747 qui

232 4740 298 4827 ζει
348 4751 757 4824 Hetapltrastes.
804 4759 883 4815 Ex
938 4763 1134 4833 quibus
1184 4740 1599 4822 auctoritatibus
1653 4740 1829 4839 arguit

233 4842 648 4930 silospinianum
709 4848 1040 4918 Gretserus,
1099 4857 1241 4926 quod
1302 4858 1392 4927 qui
1452 4860 1504 4913 in
1569 4859 1828 4919 Ecclesiis

220 4934 570 5028 j‘Graeeorum
600 4939 985 4999 celeberrimus
1028 4945 1213 5010 fuerit,
1252 4956 1306 5002 et
1347 4960 1553 5004 tantum
1603 4955 1828 5009 auctori-

251 5027 379 5082 tatis
404 5039 619 5098 nactus,
650 5046 754 5086 non
784 5037 1015 5101 potuerit
1042 5051 1164 5092 esse
1192 5038 1564 5111 Iudimagister
1584 5057 1613 5095 e
1642 5045 1821 5112 trivio,

245 5135 421 5189 neque
464 5136 598 5176 vero
642 5123 887 5179 ducentis
922 5136 1047 5183 ante
1076 5130 1235 5184 anuis
1280 5131 1515 5200 vixisse;
1546 5150 1705 5203 quam
1736 5137 1821 5190 illa

241 5214 449 5267 diceret
504 5213 901 5284 Hospinianus,
938 5212 1069 5273 cum
1118 5222 1405 5277 concilium
1456 5224 1821 5282 Florentinum

241 5303 576 5361 celebratum
600 5305 669 5360 sit
693 5322 837 5362 anno
872 5309 1022 5375 I439,
1050 5311 1151 5367 hoc
1168 5322 1249 5367 est
1268 5324 1392 5369 ante
1414 5330 1584 5373 annos
1607 5329 1819 5374 centum

239 5396 520 5465 octoginta
557 5407 689 5464 tres,
737 5401 980 5471 adeoque
1014 5403 1332 5461 incredibile
1374 5408 1820 5466 videaturvMeta-

241 5488 521 5555 phrastem
555 5497 666 5544 tam
695 5508 957 5563 nuperum
990 5505 1188 5551 tamam
1208 5501 1585 5556 auctoritatem
1610 5504 1820 5560 tantillo

239 5590 483 5648 tempore
505 5582 796 5652 acquirere
819 5589 1077 5656 potuisse.
1105 5600 1162 5643 ut
1194 5605 1256 5645 ea
1283 5590 1562 5650 Graecisin
1589 5597 1819 5654 concilio

1971 1383 2158 1437 Gratia
2204 1386 2379 1455 itaque
2427 1385 2495 1440 Β.
2544 1386 2922 1458 Metaplzrasta:
2965 1393 3239 1458 habenda,
3287 1395 3426 1462 quod
3469 1411 3552 1450 res

1969 1483 2259 1547 martyrum
2297 1486 2549 1549 tanquam
2589 1481 2824 1536 veritatis
2854 1482 3026 1551 fossas
3052 1500 3156 1537 non
3187 1484 3300 1539 sine
3329 1485 3534 1539 labori-

1971 1567 2066 1621 bus
2098 1577 2146 1621 et
2172 1568 2454 1624 sudoribus
2488 1574 2792 1643 repurgauit
2821 1583 2871 1627 et
2906 1576 3185 1629 exornavit
3210 1576 3280 1629 ad
3306 1576 3404 1630 Dei
3427 1578 3549 1632 latt-
3611 1592 3615 1599 ’

1972 1655 2090 1710 dem
2144 1667 2195 1712 et
2249 1657 2354 1714 SS.
2411 1670 2707 1731 martyrum
2757 1679 3031 1731 perennem
3084 1666 3334 1735 gloriam.
3393 1666 3548 1734 Hoc,

1972 1747 2216 1814 inquam,
2251 1759 2450 1805 nostra:
2472 1750 2585 1820 jam
2612 1751 2898 1808 illustratte
2921 1755 3205 1810 sententia:
3226 1770 3334 1811 non
3358 1756 3544 1823 oﬂicit,

1968 1840 2216 1906 quamvis
2250 1840 2338 1895 hic
2370 1841 2520 1898 locus
2545 1842 2787 1913 objeetus
2828 1845 2958 1900 mihi
2988 1846 3060 1900 sit
3091 1848 3144 1901 in
3170 1848 3397 1916 epistola
3431 1848 3545 1919 pri-

1969 1936 2093 1981 vata
2137 1928 2204 1983 ab
2234 1931 2452 1986 nomine
2482 1932 2796 1989 doctissimo
2836 1933 3127 1992 Societatis
3166 1936 3386 2006 nostrae,
3419 1954 3543 1995 cum

1967 2018 2035 2073 de
2081 2020 2183 2074 hac
2218 2035 2278 2074 re
2320 2035 2416 2092 per
2464 2022 2675 2078 litteras
2721 2023 3160 2095 disputaremus;
3201 2029 3289 2083 cui
3337 2031 3547 2083 videtur

1967 2109 2217 2165 Balsamo
2247 2112 2314 2166 de
2345 2111 2707 2183 Metaphraste
2742 2125 2798 2168 ut
2831 2130 3036 2186 nupero
3081 2119 3346 2189 scriptore
3375 2118 3541 2189 loqui.

1967 2201 2198 2273 Scripsit
2225 2214 2404 2260 autem
2431 2204 2680 2262 Balsamo
2699 2207 2788 2261 ille
2812 2207 3191 2264 schismaticus
3210 2220 3264 2264 et
3288 2209 3546 2268 Romana

1963 2296 2207 2353 infensus
2235 2298 2493 2355 Ecclesia:
2530 2299 2747 2372 Georgii
2774 2286 3053 2372 'Xiphilini
3087 2305 3408 2373 patriarchae
3432 2305 3538 2361 (ΞΡ.

1965 2397 2233 2459 tempore,
2283 2392 2369 2446 cui
2417 2393 2685 2448 dedicavit
2711 2408 2848 2464 opus
2893 2409 3070 2463 suum,
3106 2397 3197 2466 qui
3234 2396 3540 2468 Xiphilinus

1962 2492 2105 2532 anno
2161 2479 2290 2534 H9]
2342 2484 2531 2537 sedere
2584 2484 2748 2551 erepit
2790 2501 2805 2538 :
2843 2484 2931 2539 illa
2976 2486 3119 2540 enim
3169 2487 3356 2553 verba,
3408 2491 3539 2560 quid

1960 2569 2139 2623 obstat
2164 2572 2451 2640 quominus
2496 2575 2562 2628 de
2605 2574 2991 2647 Mctaphraste,
3025 2579 3236 2637 etiamsi
3283 2584 3540 2640 trecentis

1962 2661 2084 2729 plus
2128 2672 2254 2717 ante
2299 2665 2457 2718 annis
2503 2666 2720 2731 vixerit,
2776 2668 3174 2740 intelligamus?
3210 2671 3349 2738 Quid
3392 2675 3536 2730 enim

1960 2750 2102 2804 aliud
2158 2751 2389 2806 intendit
2442 2754 2690 2812 Balsamo
2716 2773 2876 2828 quam
2910 2774 3049 2831 opus
3079 2761 3225 2817 illius
3260 2776 3537 2818 commen-

1959 2840 2111 2906 dare,
2158 2843 2251 2911 qui
2302 2854 2613 2902 sanctorum
2651 2857 2769 2904 aeta
2815 2864 2846 2904 a
2888 2849 3083 2907 fabulis
3132 2854 3199 2909 ad
3253 2855 3532 2912 veritatem

1960 2924 2450 3006 traduxiti'hujus
2497 2948 2675 2994 autem
2727 2941 2804 2997 rei
2856 2945 3240 3012 sempiternam
3300 2959 3422 3002 esse
3475 2957 3534 3003 et

1951 3034 2192 3088 manere,
2228 3023 2425 3079 nedum
2453 3035 2574 3094 post
2607 3037 2881 3085 trecentos
2906 3044 3076 3086 annos
3101 3032 3327 3102 gratiam
3358 3032 3527 3090 Meta-

1948 3112 2186 3180 phrastae
2217 3115 2416 3183 perire,
2447 3113 2531 3172 fas
2557 3129 2661 3174 est.

1949 3245 1978 3321 §
2022 3248 2111 3305 Vl.
2135 3279 2205 3290 —
2233 3245 2548 3317 Explicatur
2579 3250 2854 3321 inscriptio
2884 3252 3117 3309 homiliw
3151 3253 3306 3311 dieue
3339 3255 3526 3313 Domi-

2437 3321 2560 3373 nica
2585 3321 2671 3374 die
2697 3319 3035 3378 Palinurum.

1956 3430 2183 3500 Ἐλέχθη
2215 3430 2273 3483 δὲ
2303 3429 2535 3520 emittite?
2562 3431 2655 3483 τοῦ
2680 3432 3088 3520 ρηγῃᾷῬιέγου
3120 3434 3526 3520 ia),_etﬂeonﬁr-.

2015 3511 2191 3623 matulr
2221 3500 2386 3571 magis
2413 3501 2557 3555 dicta
2581 3500 2838 3557 sententia
2855 3501 2920 3558 de
2946 3500 3270 3574 Theophanis
3286 3500 3523 3562 Ceramet'

2015 3585 2148 3623 swcu
2178 3587 2227 3623 ο.
3410 3620 3415 3623 _

2014 3585 2227 3627 saerata.

2014 3686 2116 3743 Tot
2157 3688 2475 3757 luminibus,
2507 3704 2627 3760 qua:
2665 3691 2732 3747 ad
2769 3692 3161 3749 ostendendum
3200 3708 3309 3764 quo
3335 3692 3518 3749 Theo-

1941 3780 2148 3850 phanes
2170 3795 2286 3836 aevo
2311 3779 2615 3851 scripserit,
2647 3781 2923 3853 aﬂulgent,
2956 3784 3109 3839 nobis
3138 3800 3276 3840 unus
3307 3784 3520 3841 videtur

1939 3872 2225 3928 obstruere
2271 3872 2475 3941 paries,
2512 3881 2568 3929 et
2595 3874 2754 3929 oculo
2785 3875 2964 3930 minus
2993 3875 3061 3930 ad
3087 3876 3517 3945 perspiciendum

1938 3971 2099 4017 acuto
2127 3962 2406 4018 oliundere
2450 3964 2721 4020 tenebras.
2754 3963 2859 4020 Ubi
2897 3965 3044 4021 enim
3087 3965 3138 4019 in
3179 3964 3401 4021 homilia
3439 3965 3519 4021 De

1939 4053 2099 4108 ramis
2127 4052 2444 4108 Palmarum
2468 4053 2676 4124 (homil.
2702 4058 2853 4125 XXVI)
2877 4054 3141 4123 adiectam
3160 4056 3302 4110 illam
3331 4055 3520 4125 legerit

1937 4152 2143 4206 natam,
2178 4142 2491 4197 Dicta-uero
2525 4153 2602 4198 est
2633 4160 2811 4198 coram
2860 4160 2978 4215 rege
3009 4145 3157 4217 Rogo
3198 4146 3300 4219 (sic
3329 4147 3516 4205 Graeca

1940 4233 1993 4287 in
2029 4231 2382 4302 inscriptione
2422 4233 2700 4302 praemissa
2742 4245 2963 4301 sonant,
3003 4247 3064 4292 ut
3092 4239 3260 4294 semel
3289 4240 3513 4312 dicam),

1934 4320 2153 4390 Rogerii
2190 4323 2332 4393 regis
2371 4332 2632 4393 tempore,
2670 4325 2761 4395 qui
2792 4340 2823 4380 e
2854 4322 3243 4382 Northmauuis
3284 4330 3512 4399 primus,

1936 4413 2163 4469 devictis
2220 4414 2496 4483 pulsisque
2534 4413 2896 4483 Sarraeenis',
2951 4417 3006 4473 in
3060 4418 3246 4475 Sicilia
3302 4422 3509 4489 regium

1934 4519 2128 4559 nomen
2192 4512 2249 4559 et
2295 4518 2550 4560 coronam
2603 4506 2705 4562 sibi
2765 4507 3057 4578 imposuit,
3109 4511 3309 4566 dictam
3365 4513 3508 4567 illam

1932 4594 2298 4660 existimabit,
2348 4604 2402 4650 et
2442 4611 2541 4666 pro
2592 4596 2876 4667 Ῥογεριου
2914 4600 3218 4670 compendii
3277 4616 3441 4657 causa
3480 4618 3509 4657 a

1932 4688 2195 4755 scriptore
2252 4686 2486 4755 positum
2518 4725 2551 4752 ,,
2584 4687 2800 4755 Ῥόγου.
2861 4678 2933 4742 Et’
2973 4688 3203 4758 ingenue
3260 4690 3508 4759 equidem

1933 4775 2129 4842 fateor,
2188 4776 2334 4831 illam
2392 4776 2797 4847 inscriptionem
2854 4778 2987 4833 mihi
3048 4795 3299 4849 magnum
3356 4779 3510 4835 initio

1935 4867 2148 4923 dedisse
2198 4869 2507 4939 negodum;
2554 4879 2608 4925 et
2648 4870 2713 4926 de
2755 4868 3102 4939 Theophanis
3139 4870 3337 4925 sacculo
3366 4885 3507 4938 prte-

1930 4970 2143 5030 eeptam
2209 4962 2520 5031 opinionem
2590 4976 2696 5017 non
2759 4961 3026 5029 exemisse
3093 4962 3342 5030 quidem,
3413 4964 3508 5018 sed

1939 5052 2340 5119 inohscurasse,
2377 5054 2633 5124 auxitque
2663 5054 2800 5107 hanc
2833 5052 3228 5108 dubitationem
3268 5056 3537 5111 auctori-‘

1937 5152 2017 5198 tas
2063 5143 2123 5197 P.
2173 5143 2363 5199 Jacobi
2410 5144 2717 5213 Sirmundi,
2763 5143 3069 5200 eruditione
3106 5145 3336 5217 insignis
3381 5148 3504 5212 viri,

1930 5239 2020 5305 qui
2053 5237 2350 5293 sciscitanti
2389 5238 2521 5293 mihi
2564 5252 2661 5307 per
2691 5236 2974 5307 epistolam
3024 5238 3300 5307 reSpondit
3342 5240 3417 5294 ita
3447 5253 3507 5294 se

1938 5326 2117 5395 legere
2161 5336 2215 5380 et
2242 5328 2464 5382 omnino
2500 5325 2807 5382 verosimile
2838 5326 3006 5381 videri
3050 5326 3367 5383 Cerameum
3394 5327 3505 5382 Ro-

1928 5418 2063 5489 gerii
2106 5427 2349 5489 tempore
2389 5418 2654 5474 ﬂoruisse.
2700 5416 2806 5472 Sed
2851 5417 2994 5473 enim
3037 5420 3249 5474 tandem
3286 5433 3345 5474 re
3373 5432 3505 5473 esa-

1933 5510 2100 5575 gitata
2132 5511 2219 5565 diu
2264 5511 2611 5581 studioseque
2638 5509 2903 5575 discussa,
2945 5511 3131 5565 clavus
3165 5511 3254 5564 hic
3280 5512 3371 5579 qui
3407 5509 3500 5566 diu

1926 5602 2131 5657 inlisus
2161 5601 2336 5669 harsit,
2365 5610 2419 5657 et
2442 5602 2570 5657 mihi
2602 5612 2656 5657 et
2682 5601 2742 5658 P.
2774 5602 3066 5660 Sirmundo
3096 5618 3190 5673 per
3211 5614 3502 5675 sequentes

298 5717 761 5809 E‘f?.§3d;-¥.“i‘_'.‘.£2
807 5723 1043 5809 355812.3-
1065 5725 1288 5809 ἑξετξιξε
1315 5731 1566 5809 ,ηξιῃνίξιμίε
1593 5733 1832 5809 apem

1957 5716 2043 5796 ἓὴν
2088 5739 2369 5804 Βαῖοφόρον.
2396 5741 2595 5805 Ἐλέχθη
2639 5743 2687 5792 ἐν
2714 5749 2772 5806 τῇ
2814 5742 3129 5809 umorue
3155 5745 3329 5802 εἶςτήν
3354 5746 3494 5802 λιτὴν

233 5796 472 5841 sapaucta
495 5785 584 5829 τοῦ
612 5785 771 5842 6ηγὸς.
806 5786 874 5835 ω’.
902 5785 1041 5836 Joan.
1065 5788 1280 5842 Yriarte.
1314 5803 1459 5851 supra
1485 5795 1580 5843 col.
1607 5785 1844 5850 30.'Enrr.
1868 5785 2026 5851 r2141;
