4062 6214
511 379 584 441 99
1517 379 1916 438 FRANCISCI
1958 378 2221 440 SCOllSI
2263 380 2703 442 PllO(E1lllUM
2743 381 2816 442 II.

513 489 777 562 epistolas
805 488 913 543 alio
941 496 1198 543 extrusus
1233 495 1316 542 est
1348 487 1541 554 clavo;
1573 488 1666 542 sed
1690 488 1802 558 jam
1830 504 1938 542 rem
1968 505 2096 558 pro-

511 585 632 654 pius
687 581 1069 650 disquiramus.
1125 579 1413 635 Enimvero
1463 581 1508 635 si
1564 595 1668 634 non
1736 580 1924 648 Ῥόγου
1958 619 1975 645 ,
2040 591 2098 635 ut

513 682 692 731 exstat
754 674 810 727 in
877 672 1151 742 plerisque
1222 686 1353 726 mss.
1432 671 1927 736 bibliothecarum,
2001 673 2096 726 sed

523 763 804 833 Ῥογερίου
856 763 1128 831 integrum
1175 778 1371 818 nomen
1419 764 1790 833 praescriptum
1833 772 1978 818 esset
2003 765 2098 818 ho-

515 856 699 921 miliae,
737 870 846 911 non
867 855 1052 909 statim
1081 869 1110 908 e
1133 854 1398 909 sententia
1421 855 1707 924 dejicerer,
1735 855 1827 909 sed
1853 869 2095 910 errorem

510 948 740 1019 alicujus
781 946 1099 1017 posterioris
1133 946 1233 1000 aevi
1269 945 1481 1000 librarii
1518 962 1823 1012 censerem,
1856 946 2094 1017 quicum

509 1043 717 1096 videret
739 1041 797 1094 in
829 1040 1095 1108 prooemio
1123 1037 1357 1091 bomilice
1391 1039 1717 1094 mentionem
1739 1037 1856 1094 ﬁeri
1880 1038 1972 1092 τοῦ
1995 1039 2096 1110 βα-

512 1133 709 1195 σιλέως
748 1141 801 1186 et
847 1141 1126 1185 auctorem
1179 1132 1236 1185 in
1284 1130 1470 1184 Sicilia
1515 1145 1796 1187 sermones
1837 1133 2097 1188 habuisse

510 1226 698 1288 sciret,
742 1239 850 1278 non
893 1221 1059 1276 alium
1100 1237 1263 1290 quam
1302 1223 1596 1293 Rogerium
1646 1237 1768 1279 esse
1802 1225 1954 1278 illum
2003 1225 2096 1278 τὸν

511 1317 767 1387 βασιλέα,
827 1331 999 1384 regem
1060 1313 1222 1370 facile
1276 1316 1456 1384 potuit
1521 1315 1774 1386 opinari;
1827 1327 1881 1371 et
1932 1317 2095 1372 sicuti

513 1407 758 1463 assolent
795 1405 963 1460 facile
1002 1407 1383 1474 pronuntiare,
1429 1410 1520 1476 qui
1556 1423 1727 1478 pauca
1768 1409 2092 1478 respiciunt,

510 1500 563 1554 id
598 1510 856 1567 tanquam
900 1509 1111 1552 certum
1139 1499 1440 1554 ascribere.
1467 1501 1584 1566 Qua
1626 1503 1836 1556 ratione
1877 1517 2091 1571 possem

509 1592 658 1646 illam
715 1591 1128 1661 inscriptionem
1182 1592 1257 1645 ttti
1307 1593 1548 1662 spuriam
1588 1603 1642 1648 et
1690 1593 2092 1664 supposititiam

511 1685 739 1755 rejicere
790 1700 872 1739 ac.
901 1683 1298 1754 parvipendere
1331 1703 1345 1739 :
1390 1688 1695 1756 prwset‘tim
1727 1703 1848 1740 cum
1889 1701 1996 1740 non
2038 1686 2092 1740 in

506 1776 764 1831 omnibus
821 1779 1045 1831 omnino
1080 1779 1362 1832 codicibus
1423 1792 1556 1833 mss.
1609 1779 1842 1848 legatur,
1899 1778 1993 1830 sed
2051 1791 2080 1830 a

508 1867 725 1921 duobus
759 1867 1058 1921 Gallicanis
1102 1868 1266 1931 absit,
1301 1868 1377 1922 uti
1422 1868 1642 1936 scripsit
1686 1869 1751 1921 ad
1789 1883 1874 1922 me
1910 1868 1969 1921 P.
2000 1865 2093 1921 Ja-

507 1959 678 2011 cobus
721 1955 1051 2012 Sirutundus
1093 1958 1163 2012 de
1207 1973 1316 2028 quo
1365 1960 1526 2027 paulo
1558 1975 1724 2028 supra
1756 1961 2090 2015 mentionem

511 2051 631 2103 I'eci.
667 2049 773 2104 Sed
799 2051 1098 2119 recipiatur
1119 2065 1251 2105 sane
1280 2059 1337 2103 ttt
1362 2051 1610 2119 antiqua,
1647 2053 2089 2121 quandoquidem

515 2146 565 2193 in
604 2143 855 2209 plurimis
885 2159 1041 2210 mss.,
1081 2143 1364 2199 Vaticanis
1387 2143 1625 2208 duobus,
1655 2143 1938 2200 Gallicano
1961 2161 2089 2212 uno,

508 2234 780 2290 Escuriali
824 2251 932 2290 uno
977 2253 992 2288 :
1041 2245 1095 2290 et
1159 2236 1318 2291 fidem
1364 2236 1603 2291 debitam
1657 2253 1792 2294 mss.
1827 2239 1989 2292 etiam
2034 2240 2090 2292 in

506 2327 721 2381 cateris
753 2326 916 2382 rebus
955 2327 1142 2382 haberi
1169 2328 1384 2396 postulo
1423 2346 1438 2382 :
1473 2330 1566 2383 sed
1589 2329 1664 2382 ita
1691 2330 1983 2397 recipiatur
2015 2331 2091 2384 uti

510 2419 715 2486 scripta
758 2428 863 2484 est,
928 2418 1116 2486 Ῥόγου
1167 2435 1274 2474 non
1325 2418 1628 2489 Ῥογερίου.
1663 2420 1880 2487 Quanto
1910 2431 2088 2476 autem

510 2509 692 2564 minus
726 2509 942 2573 valebit,
993 2517 1052 2563 ut
1100 2525 1188 2564 me
1219 2509 1285 2565 de
1319 2513 1588 2566 sententia
1636 2512 1888 2567 deturbet
1914 2511 2090 2583 Rogus

509 2599 600 2652 ille
634 2615 728 2653 rex
771 2600 1064 2664 barbarus,
1115 2609 1169 2656 et
1219 2617 1448 2670 prorsus
1486 2602 1819 2672 incognitus,
1869 2620 1971 2660 nec
2020 2606 2088 2660 ab

511 2689 623 2744 ullo
681 2689 1011 2759 scriptorum
1066 2690 1318 2755 traditus,
1373 2705 1494 2745 cum
1537 2707 1606 2746 ne
1637 2691 1910 2759 Bogerius
1949 2692 2086 2761 ipse,

509 2780 591 2834 uti
615 2780 749 2847 dixi,
783 2781 1009 2844 valeret,
1042 2783 1339 2847 praesertim
1377 2797 1501 2836 cum
1535 2781 1685 2836 nulla
1727 2783 1928 2837 alicubi
1971 2797 2090 2836 cer-

505 2883 666 2927 natur
713 2874 925 2941 adjecta
962 2873 1160 2927 lineola
1187 2888 1307 2942 qua:
1345 2875 1727 2943 compendium
1760 2875 1843 2929 vel
1890 2874 2084 2929 cifram

506 2963 685 3028 signet
732 2975 875 3024 esse,
927 2963 1008 3015 sic
1069 2963 1256 3031 Ῥόγου
1312 2977 1410 3032 pro
1460 2962 1764 3035 Ῥογερίου.
1820 2964 1926 3019 Sed
1969 2965 2083 3036 jam

507 3051 654 3105 illam
723 3051 1091 3107 convellamus
1150 3070 1178 3106 a
1240 3053 1615 3112 fundamentis
1681 3065 1737 3112 et
1801 3058 2084 3113 machinas

507 3142 918 3198 admoveamus.
977 3143 1222 3199 Primum
1294 3156 1679 3217 argumentum
1742 3156 1824 3204 est
1865 3148 2087 3203 ratioci-

509 3234 659 3288 natio
720 3235 1049 3305 paragraphi
1105 3237 1449 3306 superioris,
1505 3253 1626 3308 qua:
1673 3239 1812 3296 satis
1874 3240 2088 3294 videtur

504 3325 782 3382 evidenter
844 3328 1178 3384 concludere
1247 3328 1637 3401 Theophanem
1697 3346 1844 3387 nono
1913 3348 2085 3402 eoque

503 3415 738 3474 obscuro
771 3420 972 3475 vixisse
993 3420 1192 3476 saeculo
1226 3421 1329 3477 sub
1362 3423 1564 3479 Basilio
1586 3433 1640 3478 et
1665 3423 1846 3480 Leone
1875 3425 2041 3494 impp.
2067 3441 2082 3489 ;

503 3512 798 3565 secundum
854 3519 939 3566 est
988 3511 1105 3581 ipsa
1147 3513 1546 3586 archiepiscopi
1609 3515 1957 3572 Tauromenii
2001 3516 2087 3569 di-

501 3598 701 3668 gnitas,
754 3613 859 3668 qua
897 3611 1017 3654 erat
1065 3611 1294 3656 ornatus
1346 3615 1539 3660 auctor
1593 3605 1702 3671 hic,
1774 3621 1830 3660 et
1890 3616 2085 3660 auctor

503 3706 843 3748 sermonum.
895 3707 1001 3760 quo
1034 3701 1277 3763 tempore
1323 3709 1420 3749 eos
1465 3697 1528 3750 ad
1567 3697 1820 3765 populum
1845 3707 1897 3752 et
1929 3700 2082 3768 prin-

502 3783 676 3851 cipem
724 3783 981 3838 habebat.
1043 3783 1146 3840 Ubi
1188 3800 1318 3842 vero
1374 3786 1587 3858 Rogerii
1637 3790 1779 3859 regis
1843 3801 2084 3861 tempore

503 3873 1028 3930 Tauromenitanum
1087 3875 1404 3947 episcopum
1463 3880 1731 3947 ﬂoruisse,
1772 3882 1856 3937 vel
1915 3884 2079 3938 etiam

502 3965 672 4021 fuisse
722 3969 775 4021 tn
831 3967 1015 4023 Sicilia
1049 3970 1172 4038 quis
1209 3971 1429 4036 dixerit,
1460 3972 1544 4028 vel
1581 3973 1800 4038 lectum,
1835 3975 1918 4030 vel
1973 3984 2085 4031 tra-

502 4057 695 4124 ditum,
745 4061 905 4116 modo
947 4063 1296 4116 historiarum
1344 4065 1598 4131 lectione,
1665 4081 1728 4121 ac
1775 4069 2078 4138 praesertim

501 4151 869 4206 Siciliensiutn
926 4168 1108 4208 rerum
1179 4155 1456 4224 paululum
1502 4158 1574 4213 sit
1630 4158 1910 4214 imbutus?
1958 4161 2078 4216 lina

498 4242 571 4296 sit
619 4243 752 4298 satis
809 4244 874 4298 ad
927 4259 1049 4299 eum
1111 4249 1419 4315 negandum
1473 4253 1776 4306 auctoritas
1833 4253 2079 4309 Gaufridi

499 4333 802 4388 Ilalaterrae
849 4337 1123 4404 monachi,
1178 4341 1379 4395 oculati
1423 4343 1576 4397 testis
1625 4358 1812 4397 eorum
1868 4361 1985 4414 qure
2021 4347 2077 4401 in

499 4423 688 4477 Sicilia
749 4442 777 4476 a
804 4423 1196 4482 Northmannis
1250 4440 1399 4499 gesta
1437 4443 1586 4500 sunt,
1624 4435 1826 4504 quique
1859 4437 2078 4492 Mathil-

498 4515 604 4580 dis,
657 4513 875 4585 Rogerii
933 4520 1158 4583 sororis,
1193 4520 1344 4586 jussu
1381 4539 1564 4580 earum
1623 4527 1863 4584 confecit
1910 4531 2081 4586 histo-

497 4607 662 4673 riam,
719 4621 839 4676 qua:
885 4619 1082 4679 exstat,
1141 4613 1260 4667 rudi
1314 4614 1652 4686 barbaroque
1691 4621 1834 4688 stylo
1881 4636 2073 4677 eorum

497 4697 655 4766 plane
722 4708 1025 4768 temporum
1101 4705 1324 4773 scripta,
1381 4716 1438 4760 et
1499 4709 1760 4778 impressa
1821 4722 1951 4770 tom.
2006 4714 2077 4769 lll

498 4789 772 4857 Hispania:
812 4791 1099 4849 illustratio
1135 4794 1234 4863 (α).
1272 4797 1412 4861 Dux,
1451 4799 1644 4869 inquit,
1671 4801 1928 4857 Robertus
1985 4824 2074 4861 co-

497 4899 701 4950 mesque
758 4881 1018 4952 Rogerius
1075 4888 1251 4950 adepti
1299 4888 1622 4946 Panormum
1643 4893 1912 4949 ecclesiam
1939 4913 2068 4952 san-

494 4972 743 5024 ctissima:
791 4972 888 5025 Dei
939 4972 1220 5029 Genitricis
1250 4975 1460 5043 Mat-ire,
1497 4997 1614 5051 quae
1661 4986 1952 5053 antiquitus
1987 5004 2076 5040 ar-

493 5061 908 5143 chiepiscopatus
935 5063 1132 5132 fuerat,
1185 5072 1274 5120 sed
1299 5079 1422 5121 tunc
1451 5071 1514 5122 ab
1549 5073 1724 5140 intpiis
1755 5073 2069 5132 Sarracenis

504 5153 700 5208 riolata
763 5155 1012 5224 templum
1061 5162 1453 5228 superstitionis
1499 5179 1679 5218 eorum
1739 5166 1886 5235 facta
1937 5179 2073 5235 erat,

496 5258 617 5297 cunt
671 5260 864 5313 magna
898 5246 1170 5302 devotione
1223 5253 1620 5307 reconciliatam
1656 5257 1776 5311 dote
1813 5267 1862 5312 et
1912 5275 2078 5315 orna-

495 5343 686 5396 mentis
732 5345 1104 5400 ecclesiasticis
1142 5360 1358 5416 augent.
1404 5352 1855 5422 Archiepiscopns,
1879 5359 1968 5427 qui
2009 5359 2072 5411 ab

494 5432 668 5500 impiis
733 5435 966 5504 dejectus
997 5437 1051 5490 in
1107 5455 1337 5509 paupere
1384 5443 1604 5498 ecclesia
1651 5446 1840 5500 Sancti
1869 5447 2076 5518 Cyriaci

499 5525 734 5579 utramvis
766 5527 1007 5592 timidus,
1049 5531 1259 5584 natione
1277 5529 1512 5598 Crwcus,
1533 5537 1732 5590 cultum
1752 5536 2074 5593 Christianae

502 5615 766 5683 religionis
824 5636 922 5688 pro
974 5639 1124 5689 posse
1147 5629 1550 5695 exsequebatur,
1582 5642 1879 5685 revocantes
1918 5634 2071 5686 resti-

3675 382 3774 443 100

2199 501 2376 546 luunt.
2412 489 2536 545 llrec
2567 490 2875 544 Malaterra.
2928 490 3026 557 Qui
3068 505 3201 545 sane
3245 506 3367 547 cum
3407 501 3515 546 tam
3551 493 3750 564 diliget:

2201 589 2302 642 ter,
2337 594 2525 632 eorum
2554 591 2854 647 temporum
2885 579 3024 634 facta
3055 583 3352 642 describat,
3403 582 3446 637 si
3484 584 3610 651 quis
3638 583 3774 638 alius

2197 670 2267 724 ab
2313 670 2400 724 illa
2453 672 2610 725 clads
2642 671 2926 724 incolumis
2965 673 3230 726 evasisset
3253 674 3566 742 episcopus,
3588 675 3774 730 dicere

2196 771 2345 816 certe
2397 776 2505 815 non
2557 761 2872 825 omisisset;
2922 761 3257 816 meminisset
3291 764 3457 817 etiam
3493 762 3613 830 ejus
3632 762 3776 817 Tho-

2199 869 2317 909 mas
2355 852 2623 918 Fazellus,
2669 853 2939 908 studiosus
2991 855 3224 922 scriptor
3293 870 3472 908 rerum
3519 855 3776 910 Sicilien-

2197 947 2383 1001 sium:
2440 947 2570 1016 qttin
2647 947 2812 1001 etiam
2844 945 2997 1000 Dom.
3060 944 3313 1001 Bocchus
3370 945 3582 1012 Pit'rns,
3622 947 3780 1016 cujus

2197 1038 2299 1092 hoc
2338 1037 2511 1107 ipsum
2567 1038 2668 1092 fuit
2713 1037 3020 1094 institutum
3067 1039 3398 1106 perscrutari
3431 1048 3483 1093 et
3513 1039 3567 1092 in
3598 1039 3770 1093 lucent

2195 1130 2427 1198 prodere
2484 1129 2732 1183 notitiam
2765 1130 3139 1198 episcoporum
3168 1131 3412 1183 onmium
3445 1139 3775 1198 temporum,

2196 1221 2486 1290 omnisque
2539 1222 2758 1287 Sicilia),
2819 1222 2866 1276 si
2931 1222 3148 1290 aliquod
3201 1223 3268 1276 de
3307 1217 3774 1278 Tduromenitano

2195 1315 2450 1384 episc0po
2485 1315 2551 1369 ad
2607 1316 2826 1386 Rogerii
2873 1318 3014 1386 regis
3066 1326 3308 1386 tempora
3345 1318 3644 1386 superstite
3673 1319 3774 1372 ali-

2195 1407 2320 1461 cubi
2379 1407 2638 1476 scriptum
2692 1421 2814 1461 esse
2876 1407 3190 1476 reperisset,
3225 1407 3558 1478 evulgasset.
3601 1409 3770 1477 Cujus

2195 1515 2294 1571 ego
2357 1515 2477 1554 cum
2513 1500 2838 1556 sententiam
2877 1500 2949 1555 de
2989 1502 3090 1554 hac
3124 1516 3202 1562 re,
3236 1511 3431 1569 przetcr
3462 1516 3581 1556 eam
3609 1516 3770 1568 quam

2193 1593 2260 1647 de
2306 1591 2510 1660 scripto
2574 1591 2891 1662 protulerat,
2936 1593 3059 1645 viva
3110 1606 3240 1646 voce
3295 1607 3594 1664 rogassem,
3622 1609 3774 1646 som-

2195 1682 2348 1735 niare
2416 1694 2537 1734 esse
2593 1680 2893 1748 respondit,
2969 1682 3070 1734 hoc
3135 1681 3370 1750 opinari.
3443 1683 3512 1735 At
3570 1683 3778 1736 dixerit

2193 1775 2387 1844 aliquis
2413 1791 2425 1827 :
2451 1773 2504 1828 Si
2537 1783 2815 1844 superstes
2843 1787 2944 1827 non
2979 1772 3082 1827 fuit
3109 1775 3396 1844 episc0pus
3424 1773 3772 1828 Tauromcnii

2193 1870 2258 1924 ad
2307 1879 2575 1937 receptam
2635 1884 2664 1922 a
2721 1869 3007 1924 Saracenis
3073 1868 3342 1932 Siciliam,
3401 1868 3769 1938 redintegrari

2192 1965 2341 2011 certe
2381 1959 2554 2026 potuit
2598 1965 2656 2012 ut
2701 1958 2881 2012 caeteri
2939 1959 3005 2010 ab
3031 1957 3145 2027 ipso
3177 1956 3410 2026 Rogerio
3445 1958 3644 2012 comite
3669 1968 3769 2011 aut

2194 2065 2358 2121 rege:
2415 2060 2469 2105 et
2529 2051 2630 2106 hoc
2676 2066 2860 2120 quer
2915 2051 3056 2106 un‘de
3117 2050 3368 2104 habeant.
3432 2049 3567 2104 Nam
3621 2067 3765 2121 quas

2193 2145 2567 2211 estcopomm
2622 2144 2778 2197 sedes
2845 2143 2926 2195 vel
2964 2142 3299 2198 restituerint
3335 2143 3417 2197 vel
3471 2146 3773 2199 constitue-

2194 2234 2302 2287 rint
2351 2234 2620 2288 ltobertus
2659 2234 2788 2297 dux,
2849 2249 2911 2289 ac
2979 2233 3242 2304 Rogerius
3304 2251 3485 2291 comes
3535 2246 3592 2291 et
3648 2253 3769 2303 rex,

2194 2325 2464 2392 proditum
2514 2325 2742 2394 legimus
2784 2327 2852 2380 ab
2922 2327 3037 2397 ipso
3096 2327 3379 2390 Gaufrido,
3439 2327 3769 2396 Maurolico,

2192 2415 2424 2472 Fazellio
2465 2428 2519 2472 et
2551 2419 2672 2474 aliis
2711 2421 3075 2488 scriptoribus
3128 2439 3142 2474 :
3211 2437 3335 2475 nam
3366 2422 3769 2478 Panormitanae

2192 2510 2449 2566 Ecclesia:
2473 2528 2500 2564 a
2527 2495 2914 2566 Northmannis
2951 2511 3214 2568 fratribus
3234 2509 3574 2568 Nicodetuum
3598 2531 3767 2570 suum

2193 2605 2296 2674 (sic
2324 2604 2466 2658 enim
2511 2605 2840 2674 appellatum
2883 2605 3112 2672 legimus
3138 2621 3260 2660 eum
3295 2607 3763 2678 archiepiscOpum

2192 2695 2260 2750 de
2315 2711 2424 2766 quo
2457 2711 2622 2764 supra
2659 2695 2953 2772 Gaufridus
3021 2712 3128 2750 non
3175 2712 3436 2768 expresso
3506 2701 3764 2770 nomine)

2193 2803 2386 2856 magna
2455 2802 2577 2842 cum
2635 2787 2814 2856 populi
2872 2788 3234 2857 gratulatione
3286 2790 3636 2846 restitutum:
3699 2796 3769 2848 ab

2192 2879 2310 2949 ipso
2340 2891 2469 2934 vero
2522 2878 2754 2948 Rogerio
2801 2880 2999 2934 comite
3036 2879 3338 2952 Troynensi
3367 2880 3624 2938 Ecclesiae
3647 2883 3762 2939 Πο-

2192 2973 2406 3027 bertum
2441 2970 2778 3039 praelectum,
2823 2987 2982 3040 quem
3033 2981 3154 3040 post
3201 2971 3486 3028 Menanam
3521 2983 3770 3030 transtu-

2191 3061 2300 3125 lit;
2361 3061 2728 3130 Agrigentina:
2781 3061 3106 3127 Gerardum,
3156 3079 3356 3133 genere
3409 3065 3766 3138 Allobrogen,

2189 3153 2510 3210 MaZarienzi
2607 3153 2966 3224 Stephanum,
3029 3153 3523 3228 Rolomagensem;
3600 3158 3766 3215 Cata-

2189 3247 2679 3316 nensiAngerium,
2718 3247 3077 3317 Syracusana:
3101 3247 3460 3319 Stephanum,
3495 3251 3767 3310 Melitensi

2188 3339 2528 3395 Gaul'ridum.
2595 3340 2850 3410 Reliquos
2905 3343 3128 3398 thronos
3166 3358 3196 3396 a
3253 3345 3602 3413 sequentibus
3673 3360 3768 3400 rc-

2189 3435 2344 3503 gibus
2387 3447 2596 3489 erectos
2641 3450 2762 3490 esse
2819 3435 3049 3497 scimus.
3081 3437 3544 3506 Cephaludensem
3577 3455 3607 3492 a
3656 3438 3770 3495 Bo-

2187 3527 2335 3594 gerio
2357 3542 2499 3596 rege,
2519 3527 2712 3581 Montis
2736 3527 3000 3596 Regalisa
3034 3527 3307 3584 Willclmo
3338 3529 3400 3596 ll,
3447 3528 3768 3587 Pactensem

2187 3618 2348 3672 etiam
2403 3619 2570 3672 multo
2631 3628 2769 3687 post,
2812 3619 3072 3674 Bonifacii
3136 3618 3250 3675 Vlll
3292 3631 3553 3690 tempore,
3601 3631 3770 3691 atque

2187 3713 2348 3764 etiam
2407 3709 2756 3779 Liparensem
2808 3722 3050 3766 creatos.
3081 3714 3256 3782 Atque
3287 3714 3341 3768 hi
3379 3713 3556 3768 throni
3591 3729 3768 3784 usque

2186 3803 2252 3854 ad
2319 3817 2556 3871 praesens
2626 3813 2838 3873 tempus
2894 3803 2947 3858 in
2996 3804 3179 3860 Sicilia
3235 3813 3476 3860 manent.
3526 3805 3669 3875 Ergo
3721 3807 3766 3860 si

2187 3892 2677 3950 Tauromenitanus
2703 3898 3038 3952 instauratus
3061 3913 3089 3951 a
3125 3895 3361 3968 Rogerio
3391 3913 3514 3966 rege
3541 3897 3765 3964 fuisset,

2185 3987 2238 4041 id
2297 3985 2494 4055 aliquis
2551 3988 2788 4056 scriptor
2841 3991 3120 4046 memoria:
3163 3990 3519 4060 prodidisset.
3582 3990 3675 4045 Vel
3717 3994 3765 4047 si

2185 4077 2307 4146 quis
2354 4078 2407 4132 id
2468 4079 2821 4147 pertinaciter
2876 4084 3191 4148 contendat,
3264 4082 3427 4137 debet
3477 4085 3766 4139 ostendere

2185 4185 2293 4236 quo
2339 4178 2598 4240 tempore,
2636 4187 2741 4240 qua
2785 4187 2969 4239 causa,
3002 4189 3110 4243 quo
3133 4188 3264 4229 casu
3301 4174 3590 4244 episcopus
3623 4175 3767 4228 Tau-

2184 4259 2411 4312 romenii
2468 4256 2586 4314 esse
2619 4261 2886 4317 desierit:
2938 4263 3002 4318 de
3020 4279 3128 4334 quo
3164 4264 3365 4318 mirum
3404 4265 3545 4333 apud
3571 4279 3764 4319 omnes

2187 4341 2481 4404 silentium.
2539 4350 2838 4408 Fatendum
2898 4356 3064 4425 igitur
3119 4367 3222 4421 est,
3261 4372 3367 4414 una
3416 4373 3542 4412 cum
3601 4359 3767 4413 liber-

2188 4449 2295 4495 tate
2331 4452 2384 4496 et
2443 4442 2672 4513 imperio
2728 4445 2782 4498 in
2849 4445 3032 4500 Sicilia
3055 4447 3308 4502 orientali
3336 4448 3620 4511 cecidisse,
3656 4464 3760 4504 nec

2183 4545 2423 4601 unquam
2471 4545 2734 4590 erectum.
2801 4535 2956 4592 Unde
3018 4538 3137 4594 luce
3195 4539 3494 4593 meridiana
3556 4540 3762 4594 clarius

2180 4633 2264 4679 est
2330 4623 2713 4695 Theophanem
2761 4629 3225 4700 archiepiscopum
3295 4630 3644 4686 sub'Basilio
3705 4642 3764 4686 et

2181 4715 2360 4771 Leone
2403 4716 2765 4774 Tauromenio
2819 4731 2872 4776 et
2921 4730 3198 4791 postremo
3257 4725 3557 4792 proximum
3603 4738 3753 4792 prae-

2181 4812 2390 4882 fuisse;
2429 4825 2482 4871 et
2529 4817 2847 4886 perturbato
2897 4821 3124 4877 exsinde
3161 4819 3364 4878 Siciliae
3419 4831 3556 4878 statu
3579 4825 3758 4878 nemi-

2181 4920 2303 4959 nem
2364 4916 2622 4977 praeterea
2643 4924 2818 4980 usque
2870 4911 2938 4966 ad
2978 4912 3092 4968 haec
3145 4923 3385 4981 tempora
3443 4915 3610 4971 fuisse
3640 4916 3762 4971 suf-

2178 4997 2402 5054 fectura.
2452 5001 2631 5079 gl’ergo
2673 5006 2738 5058 ad
2793 5005 3010 5059 tertium
3063 5013 3760 5079 argumentum,quamvis

2173 5087 2285 5158 jam
2329 5077 2490 5147 dictis
2552 5103 2839 5150 contentus
2867 5097 3044 5164 quivis
3084 5114 3206 5154 esse
3253 5109 3460 5170 posset.
3491 5077 3592 5167 Qui
3620 5117 3754 5155 con-

2182 5183 2329 5236 venit
2375 5183 2656 5250 inscriptio
2712 5186 2806 5239 τοῦ
2863 5188 3032 5259 pm;
3109 5205 3230 5244 cum
3279 5191 3344 5246 iis
3381 5207 3502 5262 quae
3563 5193 3613 5245 in
3644 5193 3762 5261 ipsa

2179 5273 2400 5327 homilia
2454 5275 2730 5344 dicuntur,
2812 5277 2866 5332 ln
2925 5295 3028 5349 qua
3093 5281 3348 5352 βασιλεὺς
3403 5283 3760 5354 appellatur:

2177 5365 2328 5433 cujus
2382 5368 2686 5434 prwsentia,
2738 5386 2895 5439 quam
2947 5389 3106 5440 nunc,
3142 5375 3339 5444 inquit,
3376 5379 3534 5430 timeo
3563 5385 3612 5429 et
3633 5391 3769 5430 con-

2177 5458 2416 5511 tremisco
2474 5465 2664 5514 sudore
2707 5478 2971 5530 aspersus,
3038 5482 3226 5534 pavore
3267 5478 3574 5538 occupatus,
3619 5483 3768 5522 reve-

2177 5551 2348 5602 rentia
2408 5551 2672 5618 detentus,
2719 5568 2938 5624 pavente
2981 5561 3184 5623 anima,
3221 5571 3440 5616 nutante
3492 5569 3682 5622 mente,
3711 5571 3765 5613 et

2181 5637 2520 5697 subsullattte
2557 5647 2735 5714 corde,
2760 5647 3047 5706 intercluso
3072 5653 3230 5708 etiam
3263 5654 3404 5708 cocis
3429 5669 3577 5718 sono,
3617 5653 3765 5722 quod

560 5799 636 5870 ut)
669 5801 974 5871 Patrologia:
995 5803 1198 5880 tatina',
1221 5817 1340 5868 tom.
1362 5810 1568 5878 CXLIX.
1597 5814 1754 5869 Locus
1773 5815 1954 5872 citatus
1975 5825 2140 5872 exstat
2160 5825 2259 5876 col.
2285 5823 2422 5876 1152.
