4062 6214
209 294 299 359 101
1219 293 1579 354 FBANCISI
1618 292 1879 354 SCORSl
1919 295 2354 363 PROiEMlUM
2410 300 2496 362 II.

208 410 523 482 βασιλικαῖς
569 410 768 476 ἀκοαῖς
804 425 1095 465 sermonem
1144 408 1299 478 quasi
1348 407 1613 477 salsugine
1645 422 1795 459 anta-

207 521 323 557 runt
403 505 649 575 propino.
745 502 922 558 Tanta
974 502 1119 557 enim
1193 500 1456 556 demissio
1511 508 1798 567 tantusque

208 606 427 654 tremor
457 598 697 654 dicentis
724 594 1144 665 archiepiscopi,
1184 591 1490 664 gravissimi
1526 591 1783 651 hominis,

208 705 317 744 non
354 691 459 745 nisi
491 690 558 744 ad
591 689 1002 759 imperatoriam
1028 685 1367 755 majestatem
1399 681 1625 737 excitari
1651 681 1798 735 Vide-

209 792 299 838 tur
328 796 506 852 posse.
551 781 659 836 Sed
688 789 807 837 esto
836 781 938 835 hoc
971 778 1136 833 etiam
1174 776 1348 846 possit
1377 773 1673 829 convenire
1720 770 1799 841 τῷ

209 875 358 945 ﬁrm,
391 874 486 942 qui
524 874 727 942 poterit
746 873 920 928 cidem
944 869 1215 941 βασιλέως
1248 866 1534 923 convenire
1564 864 1801 918 nomen?

207 969 348 1022 Sane
368 966 634 1036 βασιλεὺς
665 966 965 1036 appellatos
989 964 1163 1023 solum
1203 963 1579 1031 imperatores,
1608 956 1798 1011 Saltem

205 1081 235 1119 a
284 1063 573 1119 Michaelis
625 1060 697 1117 lll
767 1061 1103 1130 temporibus
1161 1071 1334 1126 usque
1396 1055 1463 1108 ad
1504 1051 1794 1106 concilium

208 1156 610 1218 Florentinum,
654 1154 917 1210 trecentis
965 1151 1125 1206 annis
1160 1147 1524 1219 postllogerii
1554 1157 1796 1213 tempora

206 1247 566 1308 celebratum,
624 1246 836 1313 reperio
864 1245 915 1297 in
971 1240 1281 1297 Graecomtn
1315 1239 1697 1301 tnonumentis,
1743 1236 1798 1289 iu

206 1340 405 1406 quibus
444 1339 562 1392 haec
606 1334 870 1391 vocabula
931 1333 1037 1404 ρὴξ
1089 1343 1142 1386 et
1177 1329 1432 1403 βασιλεύς
1491 1329 1510 1398 (
1548 1329 1799 1399 quamvis

207 1446 373 1481 unum
443 1428 666 1481 natione
724 1421 999 1486 Graecum,
1059 1423 1288 1477 alterum
1344 1420 1623 1485 Latinum,
1699 1419 1796 1474 sed

208 1532 394 1574 tamen
451 1518 592 1573 ﬂexu
635 1519 874 1587 quodam
917 1514 1106 1570 Graeco
1142 1515 1267 1583 jure
1316 1511 1597 1582 donatum)
1653 1511 1796 1581 lego.

209 1612 351 1667 Nam
411 1628 554 1667 anno
630 1611 835 1667 Christi
894 1608 1045 1673 868,
1091 1605 1372 1689 Michaelis
1432 1603 1500 1659 Ill
1556 1605 1669 1668 26.
1724 1604 1797 1658 ita

210 1707 281 1761 de
340 1705 557 1766 Photio,
595 1704 650 1757 in
688 1701 971 1756 Nicolaum
1016 1702 1252 1771 primum
1287 1697 1596 1769 pontificem
1646 1711 1801 1751 acer-

210 1795 627 1863 bissimo,odio
677 1796 1092 1859 exardescente,
1159 1791 1378 1845 Nicetas
1443 1791 1496 1843 in
1548 1787 1671 1841 Vita
1736 1786 1794 1841 S.

211 1890 406 1962 Iguatii
461 1888 791 1957 patriarcha:
842 1887 1073 1941 scribit:
1126 1882 1334 1955 Δώροις
1383 1882 1491 1952 γὰρ
1524 1883 1801 1955 λαμπροῖς

209 1984 290 2036 ὅτι
350 1979 596 2050 μάλιστα
657 1978 749 2031 τὸν
795 1978 941 2047 ρἧσ.
995 1975 1277 2046 Φραγγίας
1337 1975 1631 2046 Λοδόηχον,
1703 1977 1799 2029 καὶ

226 2070 569 2142 Ἠγιὸερτὰν
606 2070 663 2123 δὲ
698 2070 800 2140 τὴν
844 2066 1011 2121 αὑτοῦ
1041 2066 1290 2137 γαμετὴν
1342 2066 1798 2135 ὑποποιούμενος,

213 2164 464 2234 βασιλεῖς
506 2162 731 2226 τούτους
760 2163 1099 2230 ἁνευφημεῐν
1142 2162 1200 2212 ὲν
1226 2161 1801 2214 Κωνσταντινουπόλει

208 2255 594 2326 ἐπηγγέλλετο
626 2296 642 2320 ,
713 2254 833 2322 εἴγε
895 2253 1254 2325 συνεργήσειν
1304 2252 1453 2323 αὐτῷ
1509 2252 1646 2322 πρὸς
1705 2252 1802 2322 τὴν

207 2350 417 2405 ἄτοπον
479 2347 685 2419 ταύτην
738 2348 836 2401 καὶ
895 2345 1135 2417 ἄθεσμον
1177 2344 1497 2415 ἐπιθυμίαν,
1559 2344 1653 2399 καὶ
1712 2344 1802 2398 τὸν

208 2444 429 2497 δίκαιον
480 2441 653 2513 ἄνδρα.
703 2443 805 2508 τῆς
858 2438 979 2493 κατ’
1010 2438 1176 2493 αὐτὸν
1217 2437 1547 2509 Ἐκκλησιας
1610 2436 1803 2508 βιαίως

206 2534 549 2605 ιξωθὴσειν.
613 2531 815 2602 Magnis
881 2533 1044 2585 etiam
1085 2531 1388 2603 muneribus
1438 2531 1697 2599 prwcipue
1730 2545 1805 2582 re-

207 2631 330 2699 gem
382 2626 637 2680 lt'rancite
686 2623 1016 2680 Lodoecltum
1079 2624 1209 2694 (sic
1262 2621 1431 2678 Grazci
1479 2621 1802 2675 Ludovicum

207 2721 517 2789 eppeilant)
553 2726 605 2771 et
629 2715 999 2787 Engilbergam
1037 2714 1153 2784 ejus
1193 2731 1405 2769 uxorem
1424 2715 1525 2768 sibi
1549 2714 1803 2783 propitios

209 2811 439 2864 reddens
461 2824 552 2863 eos
591 2809 936 2872 imperatores
993 2804 1238 2875 βασιλεῖς
1285 2804 1341 2857 in
1374 2803 1501 2857 urbe
1541 2800 1806 2856 Constan-

210 2901 440 2970 tinopoli
483 2916 538 2955 se
562 2898 1014 2969 proclamaturum
1040 2896 1406 2966 pollicebatur,
1432 2896 1479 2949 si
1508 2895 1606 2948 sibi
1651 2910 1799 2962 opem

211 2998 409 3065 {errent
442 2995 500 3048 in
554 2994 652 3047 hac
696 3008 752 3046 re
792 2993 922 3047 adeo
956 2991 1185 3045 absurda
1234 2999 1280 3043 et
1321 2988 1544 3059 injusta,
1580 2995 1638 3040 ut
1678 3003 1806 3039 san-

210 3093 358 3136 ctum
414 3083 593 3136 'illuns
646 3083 945 3151 episcopum
993 3078 1275 3134 Nicolaum
1336 3078 1401 3132 ab
1454 3077 1691 3131 Ecclesia
1750 3076 1799 3129 vi

213 3176 508 3244 ejicercnt.
577 3171 730 3226 Talia
792 3170 1064 3240 pollicitus
1118 3180 1202 3225 est
1256 3168 1480 3223 Photius
1515 3183 1581 3221 eo
1644 3166 1791 3237 quod

211 3267 587 3336 imperatores
609 3264 917 3319 Orientales
942 3278 1049 3316 non
1076 3262 1386 3331 reciperent
1412 3259 1805 3316 Occidentales

211 3358 403 3415 vocari
491 3355 757 3427 βασιλεῖς.
836 3353 988 3420 Quod
1056 3352 1321 3407 Barouius
1397 3351 1472 3405 ait
1529 3350 1806 3419 explicans

213 3453 398 3508 locum
459 3449 685 3504 Nicette.
734 3446 876 3514 Ergo
908 3447 953 3502 si
1014 3445 1371 3515 imperatores
1420 3442 1803 3497 Occidentales

214 3560 324 3600 non
383 3542 731 3599 sustinebant
774 3537 947 3595 Graeci
979 3534 1158 3590 vocari
1187 3533 1462 3606 βασιλεὺς,
1511 3534 1605 3589 sed
1629 3532 1804 3588 solum

215 3639 405 3708 ρἧας
446 3632 722 3695 volebant,
752 3639 961 3700 quanto
1016 3626 1195 3681 minus
1223 3626 1463 3680 minores
1515 3623 1712 3693 reges?
1740 3622 1807 3677 Et

216 3745 306 3785 res
336 3737 427 3784 est
485 3725 791 3781 certissima
819 3738 883 3777 ex
917 3736 981 3777 eo
1014 3722 1156 3791 quod
1200 3719 1436 3773 Basilius
1479 3717 1698 3772 Macedo
1720 3731 1808 3771 se-

218 3836 400 3892 quens
455 3820 755 3888 imperator
793 3830 824 3869 e
857 3812 1058 3868 litteris
1096 3812 1319 3866 Adriani
1368 3811 1414 3865 ll
1444 3826 1539 3893 per
1589 3809 1794 3878 legatos

216 3914 408 3970 allatis
469 3908 1014 3979 Constantinopolim
1076 3921 1273 3962 nomen
1331 3906 1466 3973 imp.
1526 3901 1806 3957 Ludovico

216 4004 569 4075 impertitum
616 4001 804 4057 abradi
859 4000 1044 4069 jussit,
1091 4006 1147 4053 et
1196 3996 1263 4051 ad
1297 3995 1548 4052 eamdem
1577 3995 1807 4064 legatio-

217 4112 351 4152 nem
396 4094 570 4158 misit,
624 4100 680 4148 et
723 4092 925 4147 litteris
985 4090 1308 4147 exhortatus
1363 4101 1469 4152 εει,
1526 4093 1586 4140 ut
1623 4083 1805 4140 absti-

220 4196 384 4243 neret
446 4202 478 4238 a
528 4185 753 4240 nomine
809 4180 1098 4254 βασιλέως,
1157 4191 1213 4237 et
1263 4195 1386 4234 cum
1435 4181 1613 4250 ipsum
1665 4178 1809 4248 ρῆγα

218 4278 590 4351 appellasset,
653 4277 737 4339 sic
788 4276 856 4329 ad
917 4290 1041 4330 eum
1106 4274 1384 4344 rescripsit
1441 4270 1804 4327 Ludovicus:

222 4371 511 4428 Postremo
570 4369 722 4432 scito,
775 4368 903 4438 quia
946 4367 1037 4438 qui
1089 4367 1205 4437 riga
1246 4380 1500 4437 quemque
1554 4363 1806 4433 appellat,

224 4462 352 4532 quid
411 4460 587 4520 dicat,
650 4472 744 4511 nec
799 4456 913 4524 ipse
975 4452 1428 4524 novit.Siquidem
1474 4451 1811 4508 etiamsilin-

227 4557 343 4625 guis
396 4549 669 4613 omnibus,
718 4565 862 4603 more
911 4550 1292 4618 apostolorum,
1348 4547 1452 4599 imo
1499 4546 1810 4616 angelorum

228 4643 493 4715 loquaris,
553 4641 705 4709 cujus
758 4639 954 4710 lingua:
1012 4638 1080 4692 sit
1110 4640 1248 4709 riga,
1298 4636 1376 4692 vel
1416 4637 1504 4690 cui
1558 4637 1808 4708 dignitati

237 4743 390 4791 tonus
436 4734 530 4788 ille
573 4730 741 4786 barba
758 4747 849 4786 rus
889 4731 1153 4800 congruit,
1186 4730 1324 4803 quod
1364 4744 1458 4783 rea:
1485 4727 1703 4794 dicitur,
1732 4730 1843 4781 iur

240 4827 517 4896 terpretari
558 4841 665 4880 non
702 4826 919 4894 poteris.
965 4822 1116 4877 Nihil
1170 4824 1311 4876 enim
1338 4822 1473 4891 forte
1521 4821 1590 4875 ad
1612 4820 1811 4874 idioma

231 4919 733 4989 proprittJinguar,
788 4927 1013 4971 tractum
1076 4917 1213 4985 riga,
1277 4928 1446 4982 regem
1513 4912 1813 4982 significare

230 5012 627 5068 monstraueris.
680 5009 838 5077 Quod
870 5011 914 5063 si
960 5009 1040 5062 ita
1089 5018 1189 5069 est,
1239 5007 1361 5076 quia
1421 5021 1524 5059 non
1562 5005 1678 5073 jam
1696 5003 1815 5056 bar-

154 5152 159 5153 ,
229 5107 439 5169 barum,
472 5104 561 5157 sed
600 5100 855 5155 Latinum
883 5109 979 5165 est,
1037 5105 1237 5168 oportet
1276 5105 1334 5149 ut
1369 5111 1487 5148 cum
1528 5093 1597 5146 ad
1624 5108 1812 5147 manus

231 5208 428 5250 vestras
483 5192 796 5263 pervenerit,
841 5191 897 5244 in
947 5192 1179 5260 linguam
1210 5197 1433 5244 vestram
1464 5186 1609 5255 ﬁdeli
1638 5195 1818 5239 trans-

230 5290 427 5343 latione
495 5295 757 5341 uertatur.
812 5282 965 5349 Quod
1029 5283 1076 5335 si
1154 5281 1351 5351 factum
1431 5279 1639 5350 fuerit,
1691 5279 1816 5349 quid

232 5380 379 5434 aliud
429 5381 534 5435 nisi
588 5379 687 5433 hoc
740 5377 948 5431 nomine
996 5372 1253 5446 βασιλεὺς
1317 5371 1805 5439 interpretabitur?

234 5472 384 5537 Quod
436 5489 543 5527 non
595 5469 770 5525 solum
838 5466 1040 5523 Veteris
1079 5467 1169 5521 sed
1201 5475 1247 5519 et
1307 5463 1443 5518 Noui
1493 5462 1815 5518 Testamenti

234 5579 406 5619 omnes
484 5565 801 5631 interpretes
850 5569 1188 5614 attestantur.
1248 5554 1394 5611 Unde
1444 5558 1492 5610 si
1538 5560 1590 5608 in
1629 5556 1815 5609 alienis

233 5656 462 5720 personis
515 5657 615 5709 hoc
643 5654 920 5708 detestaris
946 5648 1273 5713 vocabulum,
1294 5652 1444 5702 stude
1467 5664 1530 5702 ea:
1574 5647 1815 5702 omnibus

238 5756 345 5801 tam
370 5748 574 5806 Latinis
591 5746 745 5801 libris
776 5761 935 5816 quam
957 5740 1180 5809 Crwcis,
1201 5742 1306 5798 sive
1328 5741 1483 5811 regis,
1506 5740 1613 5796 sive
1657 5738 1813 5809 βασι-

3381 312 3484 375 102

1907 405 2045 474 λέως
2081 426 2267 464 nomen
2316 412 2555 468 eradere.
2588 411 2665 469 Ex
2702 416 2903 484 quibus
2933 422 3223 481 manifeste
3256 437 3485 497 appartt

1901 513 2064 569 quam
2125 502 2404 559 ambitiosi
2444 503 2653 561 fuerint
2690 509 3051 580 imperatores
3109 515 3284 573 Graeci
3320 518 3484 589 hujus
3548 562 3567 575 κ

1903 591 2142 647 nominis
2206 594 2496 664 βασιλέως,
2529 609 2583 655 et
2635 615 2748 654 non
2778 604 2882 659 nisi
2910 604 3334 676 imperatoribus
3366 611 3484 666 suis

1903 682 2217 748 tribuerint,
2278 702 2401 741 cum
2442 704 2543 744 nec
2600 691 3026 762 imperatoribus
3050 697 3363 757 Occidentis
3385 704 3487 756 tri—-

1901 773 1995 828 hui
2053 777 2271 832 vellent.
2304 779 2569 836 Praeterea
2617 784 3019 845 Constantinus
3064 791 3484 865 Porphyrogeu-

1904 876 2057 933 uela,
2093 867 2292 927 Leonis
2325 873 2604 943 Sapientis
2652 879 2821 944 filius,
2870 880 3059 937 Basilii
3093 900 3267 955 nepos
3298 888 3481 955 avitae,

1839 1031 1843 1034 ν
1901 961 2220 1017 ambitionis
2264 974 2317 1018 et
2367 967 2586 1023 invidia:
2651 969 2851 1038 ltzeres,
2899 973 3189 1031 undecimo
3237 977 3482 1032 themate

1902 1054 2151 1110 eumdem
2199 1056 2536 1115 Ludovicum
2572 1063 2717 1133 ρἦα
2738 1066 3022 1135 Φραγγίας
3060 1068 3322 1139 appellat,
3352 1084 3478 1125 cum

1904 1154 2083 1203 tamen
2147 1166 2256 1206 non
2320 1153 2598 1223 ignoraret
2690 1159 3082 1230 imperatorem
3159 1174 3481 1218 ecronatum

1905 1239 2071 1296 fuisse
2136 1241 2323 1298 Romae
2380 1259 2411 1300 a
2480 1246 2670 1319 Sergio
2722 1267 2859 1321 papa
2921 1268 3067 1309 anno
3119 1253 3248 1321 8M,
3320 1264 3486 1325 atque

1904 1331 2288 1405 imperatorem
2343 1347 2398 1393 et
2439 1341 2740 1409 Augustum
2778 1345 3116 1401 salutatum:
3160 1358 3213 1403 et
3253 1348 3489 1404 ubicun-

1903 1439 2010 1495 que
2065 1426 2132 1481 de
2191 1429 2519 1499 imperatore
2597 1434 2787 1490 Crteco
2855 1437 2986 1508 agit,
3043 1439 3275 1508 βασιλέα
3325 1449 3488 1496 vorat

1902 1534 2048 1581 eum,
2088 1531 2140 1575 et
2174 1537 2262 1577 res
2290 1523 2410 1591 ejus
2442 1524 2748 1591 βασιλικάς.
2775 1527 2909 1585 Vide
2960 1531 3134 1601 ipsius
3182 1535 3364 1588 thema
3406 1535 3491 1587 di—

1903 1622 2051 1665 ctum
2098 1622 2152 1667 et
2196 1624 2352 1668 notas
2402 1613 2648 1672 Federici
2697 1618 2929 1686 Morelli,
2979 1637 3045 1677 ex
3082 1623 3281 1691 quibus
3344 1624 3527 1703 ἰΙΙιιιιχ

1904 1704 2274 1772 fragmentum
2301 1708 2544 1776 epistolae
2577 1712 2973 1775 excerpsimus.
3003 1712 3195 1769 Itidem
3220 1730 3286 1769 ex
3313 1714 3483 1771 Joan-

1904 1812 1970 1851 ne
2020 1796 2258 1853 Meursio
2296 1799 2462 1853 multa
2503 1816 2789 1871 possemus
2823 1804 3059 1862 afferre:
3105 1807 3196 1877 qui
3238 1808 3291 1863 in
3323 1807 3487 1864 Glos-

1907 1889 2056 1943 sario
2105 1889 2555 1956 Graecoharbaro,
2582 1909 2713 1948 voce
2754 1894 2910 1966 Ῥῆξ,
2943 1907 3066 1966 post
3122 1899 3292 1955 multa
3350 1900 3489 1955 scri-

1905 1988 2120 2045 ptorum
2168 1979 2388 2034 inducta
2449 1982 2758 2037 testimonia
2794 1985 2876 2039 sic
2931 1987 3261 2042 cont-ludit:
3300 1987 3489 2058 Itaque

1905 2068 2014 2142 ῥὴξ
2068 2080 2272 2124 tantum
2313 2073 2585 2126 dicebatur
2613 2085 2659 2127 et
2715 2076 3004 2145 imperator
3052 2076 3489 2133 Occidentaliset

1902 2164 2070 2232 quivis
2116 2166 2256 2218 alius
2308 2182 2402 2220 rex
2451 2169 2660 2221 nomine
2710 2169 2996 2232 communi,
3046 2182 3260 2239 excepto
3314 2170 3489 2224 solum

1904 2256 2162 2326 Bulgaro,
2182 2257 2272 2327 qui
2294 2258 2494 2326 pariter
2519 2269 2674 2329 atque
2710 2260 3330 2329 Constantinopolitanus
3380 2261 3481 2332 βα-

1908 2348 2093 2411 σιλεὺς
2156 2350 2569 2420 indigitabatnr.
2633 2351 2778 2408 Citat
2830 2351 3073 2407 Nicctam
3131 2355 3185 2409 in
3240 2352 3491 2409 Manucle

1905 2440 2205 2495 Cumneuo.
2261 2442 2355 2495 lib.
2392 2457 2407 2495 ι
2451 2451 2507 2497 et
2559 2441 2651 2496 lib.
2712 2458 2809 2509 vn,
2874 2442 3168 2509 Codinum,
3230 2444 3483 2507 Suidam,

1906 2530 2333 2587 Constantinum
2391 2531 2696 2587 Manassem
2733 2534 2788 2587 in
2837 2535 3060 2602 Annal.,
3097 2535 3358 2605 additque
3390 2534 3483 2589 Si-

1906 2624 2044 2679 ciliae
2081 2623 2383 2693 principem
2437 2624 2542 2678 hoc
2600 2639 2800 2679 nomen
2856 2626 3029 2697 ρηγὸς
3084 2626 3489 2681 haereditarium

1907 2717 2183 2786 accepisse
2231 2731 2258 2768 a
2311 2714 2674 2770 Constantino
2704 2715 2917 2786 Magno,
2952 2717 3020 2771 de
3047 2731 3157 2787 quo
3193 2731 3291 2773 nos
3320 2718 3484 2787 paulo

1908 2807 2052 2863 inira
2100 2822 2170 2863 ex
2218 2805 2633 2876 Gregora.llaee
2664 2806 2828 2877 igitur
2854 2807 3018 2862 habet
3045 2807 3113 2863 de
3165 2809 3269 2863 hoc
3297 2808 3492 2863 discri-

1909 2896 2059 2953 mine
2105 2880 2389 2952 nominum
2427 2902 2541 2951 toto
2574 2895 2928 2966 Theophanis
2957 2895 3211 2953 Ceramei
3241 2905 3493 2968 tempore

1907 2989 2292 3044 observatum:
2351 3003 2416 3043 ex
2464 3002 2574 3058 quo
2610 2987 2791 3043 obiter
2848 2987 2982 3043 illud
3030 2987 3319 3056 refeLitur,
3379 3005 3493 3044 non

1907 3096 2066 3151 posse
2100 3082 2244 3136 illam
2286 3080 2700 3149 inscriptionem
2734 3078 2854 3141 ,τοῦ
2883 3078 3053 3151 ρηγδς
3098 3078 3293 3148 Ῥόγου
3318 3082 3492 3151 perti~

1908 3185 2037 3226 nere
2093 3172 2158 3224 ad
2189 3171 2423 3239 aliquem
2482 3168 2886 3239 magistratum,
2915 3185 3011 3225 seu
3048 3168 3364 3239 praefectum
3395 3170 3491 3227 Si-

1907 3263 2065 3327 cilite,
2122 3278 2283 3332 quem
2324 3262 2470 3332 regis
2512 3262 2669 3316 titulo
2703 3278 2802 3332 per
2840 3262 3028 3317 eadem
3064 3272 3308 3333 tempora
3358 3264 3493 3319 insi-

1907 3356 2116 3426 gnitum
2162 3353 2333 3409 fuisse
2393 3354 2638 3409 ostendit
2714 3355 2873 3409 Dom.
2937 3354 3191 3412 Bocchus
3238 3356 3379 3411 Pirri
3435 3359 3489 3411 in

1907 3445 2048 3502 notis
2101 3445 2358 3500 Panorm.
2393 3443 2603 3500 Eccles.
2652 3461 2742 3502 an.
2783 3447 2915 3502 Chr.
2960 3447 3087 3514 8l9,
3128 3464 3195 3503 ex
3253 3448 3489 3519 quodam

1909 3539 2210 3609 praesertim
2262 3537 2554 3609 Nicephori
2579 3538 2833 3619 Gregurze
2866 3541 2985 3597 loco
3012 3557 3027 3595 :
3076 3557 3239 3613 quem
3264 3550 3320 3597 et
3349 3542 3490 3598 alias

1909 3632 2095 3687 itidem
2147 3633 2386 3686 rationes
2444 3640 2499 3685 et
2554 3632 2905 3701 conjecturas
2941 3632 3062 3688 vide
3124 3635 3264 3703 apud
3312 3634 3491 3704 ipsum

1909 3737 2029 3795 quae
2073 3736 2205 3778 sane
2257 3722 2346 3775 hic
2389 3735 2496 3775 non
2546 3721 2816 3791 redarguo
2870 3738 2884 3774 :
2935 3722 3032 3776 sed
3084 3722 3493 3791 quantumlibet

1908 3831 1970 3871 ea
2023 3815 2276 3884 probent,
2318 3816 2464 3869 hunc
2512 3816 2671 3885 regis,
2705 3813 2901 3885 ρηγδςι,
2959 3815 3176 3871 titulum
3218 3814 3494 3883 prafectis

1910 3907 2110 3962 Sicilire
2147 3907 2433 3970 tributum,
2461 3904 2527 3959 ad
2562 3907 2776 3960 illorum
2802 3907 3036 3976 aliquem
3073 3907 3351 3977 pertinere
3380 3923 3491 3961 non

1911 4012 2074 4070 posse
2106 3996 2249 4051 hanc
2282 3996 2560 4050 homiliam
2588 3996 2642 4050 in
2678 3996 3091 4063 inscriptionem
3117 4010 3185 4050 ex
3221 3994 3380 4050 titulo
3401 3994 3498 4065 βαι

1912 4086 2104 4151 σιλέως
2158 4086 2408 4156 ψιί-ίΙΙίο
2433 4085 2613 4149 datur;
2663 4086 2919 4138 ostendi:
2977 4094 3034 4140 et
3090 4100 3158 4140 ex
3215 4085 3494 4140 mentione

1910 4178 2253 4243 diadematis,
2299 4187 2356 4233 et
2414 4191 2596 4231 rerum
2631 4178 2684 4231 in
2739 4176 2879 4231 bello
2929 4178 3188 4245 praeclare
3218 4187 3494 4248 gestarum

1913 4272 2289 4342 magnitudine
2345 4270 2557 4324 videtur
2616 4268 2752 4325 satis
2803 4278 3030 4325 certum.
3102 4270 3257 4336 Quod
3311 4281 3493 4325 autem

1913 4362 2109 4417 attinet
2133 4363 2221 4417 .ad
2275 4358 2489 4429 Rogerii
2517 4360 2658 4429 regis
2686 4368 2954 4429 tempora,
2985 4374 3108 4415 eum
3148 4362 3314 4417 etiam
3348 4378 3492 4416 nun-

1914 4471 2077 4526 quam
2144 4452 2394 4524 βασιλέα,
2453 4453 2861 4521 imperatorem,
2928 4454 3023 4508 sed
3078 4467 3291 4523 semper
3321 4455 3490 4525 ρἦα,

1914 4560 2095 4615 regem
2138 4542 2464 4612 appellatum
2498 4549 2725 4611 apparet
2754 4557 2820 4597 ex
2883 4541 3139 4597 omnibus
3171 4558 3481 4598 monumen-

1914 4639 1986 4694 tis
2020 4646 2073 4691 et
2094 4634 2391 4713 privilegiis
2434 4632 2551 4702 ejus
2605 4643 2850 4704 tempore
2878 4631 3071 4689 Graec
3105 4634 3159 4689 in
3209 4634 3488 4690 membra-

1917 4729 1999 4783 nis
2051 4727 2293 4795 scriptis,
2322 4734 2378 4780 et
2416 4739 2483 4781 es
2524 4725 2869 4780 numismatis
2893 4726 3060 4789 cusis,
3089 4740 3320 4795 quorum
3346 4735 3499 4796 ecty-

1919 4836 2023 4891 pon
2097 4820 2151 4874 in
2221 4821 2410 4872 charta
2458 4833 2775 4888 expressum
2840 4817 3086 4873 ostendit
3138 4817 3270 4869 mihi
3334 4816 3491 4872 Dom.

1916 4913 2225 4969 Antoninus
2246 4912 2470 4966 Amicus
2508 4921 2562 4964 et
2598 4911 2727 4964 mihi
2754 4909 3127 4964 amicissimus
3156 4924 3172 4962 :
3209 4908 3496 4981 Ῥογέριος

1917 5003 2179 5072 κραταιὸς
2238 5004 2468 5073 Σικελῆς
2537 5002 2681 5073 ME.
2734 5002 2790 5057 Id
2844 5009 2950 5065 est,
2999 4998 3256 5071 Raprius
3315 5013 3498 5070 potens

1920 5097 2121 5152 Sicilia:
2156 5110 2271 5150 rex.
2312 5095 2431 5150 Jam
2466 5109 2595 5149 rero
2611 5094 2908 5149 discrimen
2935 5092 3038 5146 hoc
3072 5092 3215 5146 inter
3272 5091 3500 5162 βασιλέα

1919 5198 1971 5244 et
2007 5188 2158 5258 ρῆγα
2209 5186 2535 5243 custoditum
2583 5185 2747 5238 etiam
2808 5198 2914 5236 non
2967 5182 3146 5237 solum
3201 5198 3378 5252 usque
3429 5183 3525 5236 ad'

1922 5282 2210 5351 llogerium
2261 5296 2464 5348 regem,
2509 5278 2606 5332 sed
2637 5278 2798 5331 etiam
2859 5291 3036 5346 usque
3073 5278 3139 5330 ad
3206 5274 3495 5331 concilium

1918 5374 2315 5437 Florentinum,
2393 5370 2728 5425 celebratum
2787 5369 3048 5425 trecentis
3130 5367 3302 5423 ferme
3376 5374 3500 5434 post

1919 5467 2097 5534 ipsum
2134 5464 2314 5527 annis,
2369 5460 2550 5514 video.
2592 5459 2728 5514 Nam
2779 5460 2834 5514 in
2867 5460 2985 5530 ipso
3020 5457 3255 5514 concilio
3303 5453 3498 5509 Graece

1919 5554 2125 5624 scripto
2167 5548 2523 5622 imperatores
2547 5549 2789 5606 Orientis
2831 5560 2885 5605 et
2915 5548 3227 5604 Occidentis
3260 5543 3503 5616 βασιλεῖς

1918 5657 2176 5702 eteorum
2209 5642 2436 5712 imperia
2473 5642 2764 5713 βασιλεῖαι,
2796 5640 2976 5696 caeteri
3010 5641 3179 5711 ρῆγες
3205 5645 3495 5697 vocantur,

1932 5739 2024 5797 ubi
2052 5738 2133 5795 sic
2166 5735 2477 5807 patriarcha
2510 5734 2614 5792 CP.
2645 5753 2661 5792 :
2698 5732 2937 5805 Ὁμοίως
2995 5731 3256 5803 λέγομεν,
3308 5728 3404 5785 καὶ
3451 5733 3504 5784 οι
