4062 6214
605 342 710 409 103

602 461 833 532 μεγάλοι
866 458 1143 524 αὐθένται,
1202 459 1301 512 καὶ
1350 458 1613 541 ρηγὰδες,
1646 477 1739 512 και
1786 460 2065 526 δουκάδες,
2090 460 2178 514 ῐνα

601 552 820 615 ἔλθωσι,
849 554 942 606 καὶ
968 551 1127 604 αὐτοὶ
1164 550 1274 604 ἀπὸ
1306 551 1537 620 ὁρισμοῦ
1552 549 1665 603 ’τοῦ
1716 552 1896 616 narra,
1946 552 2041 604 καὶ
2082 549 2182 604 τοῦ

603 644 868 712 βασιλέως
911 644 1007 696 καὶ
1031 645 1130 713 τῆς
1168 642 1389 695 συνόδου
1419 644 1507 713 ἦν,
1554 653 1663 697 etc.
1711 642 1822 697 lloe
1856 652 1980 697 est:
2030 642 2175 697 Idem

598 743 663 788 de
696 736 903 803 magnis
950 735 1298 803 principibus,
1328 735 1536 804 regibus
1562 745 1611 788 et
1656 733 1879 787 ducibus
1910 734 2182 800 dicimus;

598 829 738 889 ipsos
785 828 943 879 etiam
981 827 1165 881 debere
1196 828 1473 881 convenire
1516 828 1777 880 mandato
1818 842 1967 895 papa:
1999 837 2049 880 et
2082 828 2185 880 im-

597 920 857 984 peratoris
916 929 967 973 et
1022 920 1213 989 synodi
1259 920 1592 983 obedientes;
1640 918 1718 972 rel
1754 928 1892 971 certe
1945 927 1994 971 et
2039 918 2179 987 ipsos

595 1014 775 1065 eadem
818 1013 1067 1065 similiter
1108 1013 1378 1077 scribere;
1423 1026 1489 1064 ex
1542 1011 1744 1079 quibus
1796 1009 1947 1064 vides
2016 1010 2175 1079 βασι-

597 1105 696 1158 λέα.
728 1104 985 1173 appellari
1036 1103 1215 1159 solum
1270 1104 1491 1173 imper.,
1524 1102 1661 1157 alios
1719 1117 1877 1171 reges
1910 1100 2178 1161 minores,

599 1195 862 1263 ρηγάδας.
920 1193 1059 1260 Quid
1116 1209 1245 1248 vero
1304 1193 1373 1248 de
1422 1194 1665 1263 epitheto
1710 1191 2078 1261 γαληνότατος
2130 1202 2183 1244 et

598 1289 906 1357 γαληνότης
954 1305 1091 1358 quas
1124 1302 1285 1343 voces
1323 1286 1514 1341 Latine
1542 1287 1907 1340 serenissimus
1940 1296 1987 1339 et
2043 1302 2183 1338 sere-

600 1389 767 1451 nitas,
820 1401 916 1441 seu
950 1384 1311 1455 tranquillitas
1344 1384 1470 1438 licet
1500 1392 1737 1445 vertere,
1790 1396 1971 1436 nonne
2005 1381 2183 1451 impe-

600 1483 767 1534 ratori
818 1478 927 1534 ΟΡ.
981 1479 1282 1547 appositum
1328 1478 1530 1547 passim
1569 1476 1692 1545 quis
1736 1475 1928 1543 legerit
1967 1476 2018 1527 in
2042 1475 2181 1529 scri-

596 1573 890 1641 ptoribus?
943 1570 1018 1625 Ita
1084 1572 1352 1625 Meursius
1403 1570 1565 1638 paulo
1613 1584 1784 1635 supra
1842 1577 2179 1621 memmatns

597 1669 651 1720 ιιι
688 1665 869 1720 Gloss.
932 1665 1190 1718 traditibi
1235 1679 1425 1718 vocent
1454 1662 1806 1731 γαληνότῃτο.
1834 1660 2177 1714 serenitatem

597 1772 653 1814 et
686 1758 1137 1827 tranquillitatem
1175 1755 1369 1809 Latine
1423 1754 1585 1816 verti,
1618 1768 1843 1821 eamque
1872 1753 2014 1805 inter
2049 1750 2179 1804 titu-

597 1852 683 1906 los
749 1849 1101 1918 imperatoris
1157 1846 1479 1910 numerari;
1529 1843 1795 1911 aﬂ‘ertque
1848 1844 2002 1913 plura
2059 1841 2177 1896 loca

596 1941 1006 2011 Harmeuopuli,
1059 1938 1278 1999 Leonis.
1339 1936 1557 1991 Arcadii
1607 1945 1660 1989 et
1718 1934 1965 2000 Honorii,
1998 1934 2180 1988 ade:-

596 2046 830 2088 tremum
899 2039 1133 2086 anuotat
1199 2028 1456 2097 praefecto
1510 2030 1662 2082 urbis
1710 2028 1898 2082 datum
1960 2028 2174 2081 titulum

596 2126 943 2181 Serenitatis.
995 2126 1131 2177 Cum
1167 2122 1336 2191 igitur
1390 2122 1464 2176 sit
1522 2120 1645 2175 luce
1685 2120 1890 2175 clarius
1947 2121 2173 2175 demon-

596 2220 763 2275 strari
803 2234 911 2273 non
942 2231 1102 2287 posse
1130 2231 1249 2271 eam
1298 2213 1704 2282 inscriptionem
1768 2214 1883 2282 regi
1937 2213 2175 2282 Rogerio

595 2310 911 2375 convenire,
948 2308 1168 2373 utaliud
1199 2320 1447 2375 quzerere
1468 2314 1853 2374 argumentum
1873 2304 1943 2358 sit
1979 2303 2176 2373 λύχνον

596 2404 793 2456 ἅπτειν
833 2403 891 2454 ὲν
919 2400 1261 2472 μεσημϐρίᾳ,
1294 2399 1572 2453 videamus
1595 2395 1727 2467 quid
1771 2396 1874 2451 sibi
1912 2396 2041 2449 velit
2084 2395 2173 2450 illa

595 2496 879 2563 inseriplio
904 2504 960 2549 et
986 2494 1257 2563 quomodo
1288 2492 1629 2561 explicanda.
1662 2491 1956 2544 Enimvero
2010 2491 2171 2544 sicuti

595 2585 881 2640 nonnullas
908 2586 1091 2639 exhis
1154 2583 1395 2636 homiliis
1458 2580 1809 2635 Tauromenii
1871 2580 2045 2634 dictas
2104 2578 2174 2635 ab

590 2679 850 2748 episcopo
896 2684 1148 2731 constare
1177 2686 1330 2729 certo
1376 2682 1579 2742 potest,
1616 2684 1673 2726 ut
1721 2672 1810 2726 illa
1837 2672 1905 2727 de
1931 2671 1992 2725 S.
2026 2671 2169 2726 Pun-

589 2770 768 2825 cratio
799 2770 1004 2841 (Itomil.
1049 2767 1206 2837 Lvu),
1242 2767 1298 2821 in
1359 2782 1462 2834 qua
1502 2765 1674 2835 ipsius
1725 2765 1912 2819 insula:
1948 2766 2172 2834 eturbis

593 2865 647 2916 in
690 2876 798 2929 qua
854 2850 1173 2922 tunc'erat,
1213 2858 1417 2912 mentio
1469 2857 1549 2920 fit,
1593 2867 1648 2911 et
1701 2865 1964 2926 prieterea
1998 2858 2089 2912 ubi
2112 2858 2172 2910 fit

594 2952 795 3004 mentio
822 2947 1127 3017 B.\'irgiuis
1156 2948 1604 3018 ’Δχειροποιήτου
1629 2962 1793 3016 quam
1818 2948 2167 3003 Tauromeuii

593 3040 939 3110 probavimus
972 3052 1132 3094 esse:
1163 3047 1217 3090 et
1252 3036 1388 3091 alias
1409 3052 1477 3091 ex
1500 3037 1622 3091 aliis
1650 3036 1978 3106 conjecturis
2006 3040 2168 3108 ;quiu

589 3142 644 3189 et
698 3133 984 3202 plerasque
1008 3131 1062 3185 in
1100 3130 1299 3198 quibus
1334 3129 1543 3182 nullum
1597 3128 1922 3184 adversatur
1958 3131 2167 3200 signum

590 3221 1063 3278 verosimillimum
1098 3226 1216 3284 est;
1250 3218 1322 3273 ita
1350 3218 1514 3273 etiam
1551 3229 1702 3272 extra
1740 3217 2166 3274 Tauromenium

591 3317 879 3372 nonnullas
911 3317 1086 3371 dictas
1134 3330 1289 3384 atque
1323 3324 1536 3369 certum
1571 3329 1699 3370 esse
1721 3314 1914 3381 debet;
1946 3324 2004 3369 et
2047 3314 2168 3383 qui-

585 3412 712 3465 dem
732 3411 893 3464 etiam
930 3409 984 3462 in
1024 3408 1141 3478 ipsa
1170 3408 1303 3461 urbe
1326 3407 1474 3477 regia
1499 3406 1992 3477 Constantinopoli,
2019 3407 2165 3475 quod

587 3503 818 3556 ulterius
870 3500 1112 3570 probabo
1160 3499 1333 3555 infra:
1381 3515 1449 3555 ex
1512 3499 1707 3553 harum
1765 3514 1995 3554 numero
2043 3514 2167 3554 esse

588 3594 865 3649 homiliam
925 3609 1051 3647 xxvi
1114 3593 1245 3646 mihi
1300 3591 1604 3661 persuadeo
1655 3606 1721 3647 ex
1782 3593 2071 3662 praesentia
2109 3603 2165 3648 et

587 3687 812 3742 nomine
831 3685 928 3739 τοῦ
961 3685 1153 3756 ῥηγὸς,
1176 3695 1233 3740 et.
1267 3686 1485 3756 quidem
1503 3686 1774 3750 coronati,
1797 3703 1866 3741 ex
1894 3701 2162 3742 concursu

585 3780 932 3849 adventuque
966 3781 1343 3849 episcoporum
1374 3796 1390 3844 ;
1440 3793 1561 3848 qua:
1614 3793 1718 3833 non
1746 3780 1876 3834 alibi
1908 3795 2069 3850 quam
2106 3780 2159 3834 in

586 3872 722 3927 urbe
777 3871 894 3941 ipsa
949 3871 1421 3940 Constantinopoli
1495 3872 1884 3942 congruentius
1940 3872 2161 3926 evenire

581 3978 744 4033 posse
779 3962 1054 4018 videntur.
1096 3960 1215 4016 Jam
1249 3965 1302 4017 iu
1326 3964 1721 4018 celebrioribus
1754 3963 1993 4018 homiliis
2023 3978 2161 4032 pra:-

584 4069 667 4108 ter
705 4056 1105 4126 inscriptionem
1132 4055 1270 4110 tituli
1301 4055 1502 4125 aliquid
1527 4055 1674 4109 aliud
1706 4063 1951 4109 notatum
1982 4054 2162 4109 anim-

578 4149 823 4211 adverto,
876 4157 932 4200 ut
986 4148 1040 4201 in
1083 4150 1229 4202 hom.
1286 4162 1324 4200 ιι
1391 4147 1506 4200 sive
1557 4146 1803 4200 oratione
1849 4145 1927 4199 De
1970 4155 2157 4200 sancta

577 4257 733 4294 cruce
760 4256 778 4293 :
822 4238 1051 4308 Ἐλέχθη
1097 4240 1155 4291 δὲ
1180 4240 1238 4291 ὲν
1268 4238 1349 4308 τῷ
1371 4237 1607 4308 ἄμϐωνι,
1659 4236 1818 4292 Dicta
1858 4246 1933 4291 est
1964 4239 2017 4290 in
2039 4255 2156 4291 am-

579 4334 729 4394 boue,
785 4332 886 4382 hoc
928 4341 1010 4383 est
1063 4337 1361 4400 suggestu;
1412 4342 1468 4384 et
1511 4332 1568 4384 in
1620 4330 1770 4386 bac:
1815 4329 2041 4403 Ἐλέχθη
2094 4331 2152 4385 δὲ

575 4420 831 4485 ἐνώπιον,
869 4429 975 4475 etc.
1022 4420 1137 4474 Mos
1163 4432 1344 4474 autem
1369 4432 1490 4475 erat
1529 4420 1836 4490 bujusmodi
1885 4422 2153 4476 Constan-

578 4512 823 4580 tinopoli,
877 4516 946 4567 de
987 4528 1095 4581 quo
1134 4512 1381 4565 Balsama
1437 4512 1642 4567 relatus
1669 4530 1695 4566 a
1722 4512 1924 4568 Jacobo
1987 4514 2149 4569 Cret-

573 4619 698 4657 sero
720 4604 815 4658 lib.
845 4619 906 4657 ιιι
937 4603 1090 4658 Cotn.
1112 4604 1164 4657 in
1188 4601 1462 4657 .Codinum
1490 4620 1506 4665 ;
1534 4605 1629 4672 qui
1657 4619 1773 4674 cap.
1804 4604 1860 4669 5,
1901 4604 2016 4659 Hoc
2038 4606 2149 4661 τῶν

570 4696 895 4767 Βιῖόφόρων
947 4697 1032 4749 die
1069 4695 1409 4763 imperatores
1444 4695 1517 4746 ait
1550 4693 1675 4747 olim
1725 4711 1786 4748 ac
1813 4697 2146 4762 patriarchas

568 4788 905 4841 distribuisse
938 4787 1165 4840 subditis
1187 4786 1376 4853 ρόγας,
1400 4785 1497 4837 hoc
1528 4797 1600 4837 est
1633 4801 1852 4839 munera
1881 4797 1928 4839 et
1962 4789 2145 4851 dona;

568 4877 807 4944 [tumque
849 4894 1001 4930 usum
1042 4892 1203 4944 usque
1225 4878 1291 4927 ad
1321 4886 1554 4944 tempora
1597 4876 1930 4930 Constantini
1958 4876 2146 4931 Mono-

571 4968 745 5018 maclti
794 4970 1045 5042 duque,
1109 4981 1161 5021 et
1226 4977 1408 5034 postea
1462 4969 1700 5023 desiisse.
1768 4966 1909 5023 Sunt
1959 4981 2139 5026 autem

568 5074 713 5125 roga:
744 5059 1009 5127 Stipendia
1056 5062 1222 5114 etiam
1279 5059 1536 5114 militaria
1573 5062 1642 5115 ab
1672 5064 1934 5131 eroganda
1957 5065 2138 5126 dictas,

565 5151 811 5220 adeoque
837 5168 903 5205 ex
932 5152 1122 5207 Latino
1149 5169 1405 5208 sermone
1429 5170 1529 5208 vox
1560 5155 1966 5228 μιξοϐάρϐαρος
1996 5159 2138 5213 facta

562 5243 625 5295 τὸ
683 5243 902 5310 inquam
961 5243 1118 5315 ρόγα,
1171 5245 1447 5313 multaque
1480 5258 1562 5301 est
1606 5250 1809 5301 ruentia
1840 5250 1996 5316 hujus
2037 5267 2139 5306 no-

564 5334 727 5389 minis
759 5350 866 5388 non
893 5337 1065 5389 solum
1096 5335 1268 5391 Grteci
1307 5338 1489 5409 ρὀαι.
1534 5340 1629 5394 sed
1666 5350 1720 5394 rt
1758 5339 1960 5407 Latini,
1983 5360 2133 5413 roga.

560 5432 715 5496 Quod
750 5444 816 5485 ex
866 5430 1048 5485 libello
1095 5431 1312 5497 Rigaltii
1375 5433 1447 5486 De
1483 5435 1753 5487 verborum
1786 5438 2137 5506 signiﬁcatio-

458 5508 467 5523 “
560 5524 710 5574 nibus
752 5522 909 5575 docet
965 5520 1206 5577 Laccrda
1250 5535 1435 5577 noster
1469 5525 1520 5578 in
1550 5527 1773 5582 .«ldrcrs.
1812 5543 1937 5598 Cap.
2005 5532 2128 5585 120.

562 5609 742 5666 Utitur
774 5629 837 5666 ea
870 5627 1000 5668 voce
1030 5613 1327 5682 Gregorius
1364 5613 1591 5685 Magnus
1616 5619 1711 5673 lib.
1756 5635 1819 5685 ιι,
1846 5621 2013 5687 epist.
2037 5623 2129 5677 52.

559 5700 693 5789 Inde
741 5712 796 5757 et
826 5706 1026 5773 regalia
1061 5706 1176 5760 dies
1210 5706 1339 5759 dicti
1376 5712 1522 5760 'sunt
1552 5710 1749 5777 quibus
1776 5710 1844 5765 ab
1892 5712 2132 5780 impera-

549 5796 670 5845 tore
691 5799 745 5845 et
780 5792 1088 5862 patriarcha
1133 5795 1405 5850 dabantur
1449 5812 1610 5866 rogat,
1664 5799 1806 5868 apud
1850 5800 2120 5860 Codinum

1592 340 1951 401 FRANCISI
1992 341 2305 404 SCORCSI
2345 342 2784 405 PROOEMIUM
2828 343 2912 402 Π.

3780 334 3883 401 104

2284 476 2340 515 et
2378 461 2706 516 Cedrenum.
2740 459 2850 514 Vox
2873 461 2988 530 ipsa
3022 459 3204 529 ρόγαι,
3227 458 3427 515 etiude
3448 457 3683 514 formata
3714 458 3881 530 ρογά-

2282 569 2463 622 τορες.
2485 552 2679 607 milites
2697 553 2787 621 qui
2812 552 3082 621 Stipendia
3115 562 3346 608 merent.
3373 552 3508 606 Item
3532 551 3876 620 largitiones,

2285 645 2655 715 erogationes,
2682 658 2905 697 munera
2930 653 2983 698 et
3013 641 3154 696 dona
3176 659 3203 695 a
3224 641 3882 711 principibusliberaliter

2284 737 2537 792 distrtbui
2567 748 2825 794 consueta
2856 737 3047 790 eodem
3080 735 3300 792 nomine
3340 734 3722 800 continentur,
3756 733 3874 788 Hu-

2276 828 2514 893 jusutodi
2553 846 2737 897 rogatu
2772 844 2801 881 a
2837 844 2896 882 se
2945 828 3115 880 visam
3180 825 3441 880 describit
3493 823 3876 893 Luitprandus

2285 920 2590 976 Ticiueusis
2615 921 2706 975 lib.
2744 937 2813 973 ιι.
2866 919 2982 974 lloe
3027 919 3227 989 posito,
3255 919 3337 972 sic
3376 917 3569 971 videor
3620 918 3877 970 fortassis

2284 1012 2558 1081 εὐστόχως
2614 1009 2930 1079 conjectare
2984 1023 3162 1076 posse,
3218 1016 3461 1061 notatam
3508 1006 3562 1059 itt
3596 1004 3877 1059 homiliaa

2287 1104 2556 1173 principio
2613 1102 2779 1156 fuisse
2827 1100 3126 1155 solemnem
3187 1100 3355 1164 diem,
3413 1106 3472 1153 et
3533 1112 3875 1152 concursum

2285 1196 2623 1264 frequentem
2671 1195 2853 1248 divum
2894 1202 2949 1248 et
2981 1194 3404 1262 magistratuum
3437 1190 3577 1245 aula:
3614 1190 3728 1245 ΟΡ.
3779 1204 3878 1242 co-

2284 1303 2400 1341 ram
2450 1287 2644 1357 quibus
2698 1302 2762 1340 ea
2815 1283 3019 1348 habita,
3062 1285 3155 1353 qui
3188 1283 3257 1337 ad
3297 1296 3480 1352 regam
3511 1297 3577 1336 ea
3612 1282 3707 1335 die
3765 1278 3880 1335 fre-

2281 1390 2508 1450 quentes
2540 1380 2828 1432 convenire
2862 1377 3151 1440 debebant,
3186 1376 3431 1443 adeoque
3458 1375 3728 1442 scriptum
3759 1372 3881 1426 ἑλέ-

2282 1469 2386 1538 χθη
2448 1468 2506 1521 δὲ
2561 1469 2620 1520 ὲν
2657 1470 2723 1537 τῇ
2773 1468 2954 1537 pora,
3021 1467 3104 1520 vel
3162 1466 3415 1520 fortassis
3471 1462 3711 1517 ἐνώπιον
3776 1463 3873 1533 τῆς

2281 1563 2471 1631 ρότας,
2506 1561 2698 1630 reipsa
2751 1569 2808 1615 et
2856 1558 3241 1613 distributione
3277 1572 3566 1612 munerum
3591 1572 3694 1626 pro
3739 1570 3875 1610 con-

2281 1663 2443 1706 ventu
2484 1667 2858 1720 conscssuque
2908 1660 3122 1720 sumpta
3153 1665 3218 1704 ex
3257 1663 3409 1703 more
3462 1649 3742 1703 communi
3792 1655 3873 1703 lo-

2279 1745 2525 1814 quendi;
2591 1742 2716 1797 inde
2768 1758 2798 1795 a
2852 1741 3281 1808 posterioribus,
3327 1742 3420 1810 qui
3490 1756 3610 1796 eam
3664 1742 3875 1796 exscri-

2280 1852 2437 1905 psere
2465 1836 2741 1891 homiliam
2790 1835 3144 1904 depravatam
3199 1834 3637 1902 inscriptionem,
3670 1842 3727 1888 et
3772 1833 3869 1887 τοῦ

2281 1933 2443 2003 ρἀου
2491 1947 2591 2001 pro
2622 1930 2788 1999 ρόγςις
2833 1929 3094 1998 scriptum
3125 1930 3320 1996 opinor
3348 1945 3365 1994 ;
3390 1928 3589 1982 deinde
3617 1927 3689 1982 ab
3719 1929 3872 1998 igno-

2279 2024 2524 2078 rantibus
2561 2022 2690 2091 quid
2723 2021 2826 2075 sibi
2876 2021 3004 2075 velit
3057 2020 3114 2070 ἐν
3147 2022 3214 2089 τῇ
3248 2019 3390 2089 ρὀᾳ
3453 2018 3540 2072 vel
3592 2019 3786 2090 ρόγου,
3809 2029 3868 2073 et

2279 2113 2676 2170 hariolantibus
2724 2127 2919 2168 nomen
2965 2111 3101 2166 illud
3154 2124 3275 2165 esse
3323 2111 3544 2165 concise
3593 2112 3865 2181 scriptum

2279 2222 2378 2276 pro
2416 2204 2725 2275 Ῥογερὶου,
2763 2203 2974 2258 titulum
3001 2203 3177 2273 ipsum
3200 2202 3482 2257 addidisse
3530 2203 3628 2256 τοῦ
3664 2205 3863 2274 ρηγός.

2277 2298 2644 2354 Confirmatur
2683 2295 2766 2350 vel
2800 2297 3131 2366 approbatur
3184 2294 3300 2349 haec
3351 2304 3532 2349 nostra
3572 2308 3868 2349 commen-

2282 2391 2416 2446 tatio
2459 2406 2527 2445 eo
2577 2390 2720 2460 quod
2780 2389 3059 2459 exemplar
3116 2388 3550 2457 antiquissimum
3600 2389 3863 2443 omnium

2276 2485 2400 2541 Vat.
2427 2487 2675 2542 bibliotlt.
2709 2485 3043 2553 exscriptnm
3076 2493 3289 2537 caustat
3331 2498 3396 2537 ex
3422 2484 3671 2550 apposita
3714 2492 3867 2537 tem-

2275 2582 2423 2650 poris
2482 2591 2611 2634 nota
2671 2593 2813 2632 anno
2854 2577 3017 2641 1448,
3064 2576 3324 2630 nimirum
3382 2588 3503 2646 post
3558 2575 3861 2646 Bogerium

2278 2690 2460 2745 regem
2530 2674 2689 2727 annis
2767 2673 2938 2727 ferme
2990 2672 3275 2737 trecentis,
3331 2682 3456 2737 post
3506 2672 3863 2740 TheOpltanis

2275 2776 2517 2834 tempora
2548 2764 2717 2820 ferme
2741 2765 3093 2835 quingentis;
3130 2774 3186 2818 ut
3217 2774 3273 2819 et
3293 2765 3588 2820 celebritas
3631 2765 3724 2819 illa
3755 2764 3862 2835 τῆς

2277 2861 2444 2930 ῥόγας
2492 2874 2600 2913 non
2632 2859 2803 2912 solum
2829 2872 2894 2912 ex
2937 2873 3040 2912 usu
3074 2857 3211 2913 aula:
3244 2857 3379 2923 ΟΡ..
3413 2870 3473 2912 ιιι
3497 2858 3613 2929 jam
3649 2860 3858 2914 dictum

2273 2959 2380 3012 est,
2411 2951 2507 3005 sed
2550 2950 2722 3005 multo
2765 2934 2939 3020 magis
2995 2966 3059 3005 ex
3105 2950 3347 3019 ipsorum
3412 2950 3728 3006 Graecorum
3762 2967 3860 3007 eo-

2272 3043 2537 3112 gnitione,
2597 3041 2687 3111 qui
2718 3041 2982 3096 historias
3026 3057 3137 3096 non
3188 3042 3504 3106 lectitarint,
3562 3042 3769 3097 abolita
3802 3052 3859 3098 et

2270 3132 2556 3188 obliterata
2593 3149 2715 3188 esse
2763 3134 3040 3203 potuerit;
3084 3144 3389 3203 contraque
3441 3149 3574 3189 vero
3626 3133 3855 3204 Rogcrii

2270 3240 2467 3281 nomen
2504 3225 2558 3281 in
2599 3225 2786 3281 Sicilia
2813 3226 2993 3279 adhuc
3011 3226 3234 3294 vigere;
3272 3224 3414 3280 unde
3469 3226 3523 3280 in
3553 3240 3679 3280 eam
3737 3223 3859 3297 opi-

2271 3322 2487 3374 nionem
2574 3318 2832 3374 devenire
2889 3319 3149 3388 potuerit,
3218 3318 3310 3386 qui
3367 3333 3486 3373 eam
3545 3317 3851 3386 scribebat,

2268 3410 2544 3467 bomiliam
2591 3410 2809 3481 Rogerii
2862 3419 3104 3478 tempore
3156 3418 3213 3464 et
3239 3425 3421 3465 coram
3465 3410 3558 3465 illo
3584 3425 3711 3465 eam
3753 3411 3853 3465 ba-

2265 3505 2459 3570 bitam,
2514 3520 2619 3559 non
2666 3504 2841 3559 solum
2891 3518 2956 3558 ex
3005 3502 3363 3573 inscriptione
3400 3506 3502 3573 τῆς
3556 3504 3731 3574 pora;
3764 3506 3847 3559 vel

2268 3597 2454 3667 ρόγου,
2505 3594 2602 3650 sed
2635 3594 2799 3649 etiam
2842 3610 2909 3649 ex
2951 3594 3017 3649 iis
3060 3608 3180 3662 qua:
3212 3596 3265 3649 in
3319 3594 3594 3651 Prooemio
3628 3596 3751 3667 ipso
3781 3598 3848 3653 de

2265 3688 2551 3758 praesentia
2591 3687 2854 3758 βασιλέως
2897 3687 3173 3742 dicuntur.
3234 3688 3412 3758 Atque
3455 3690 3571 3744 hinc
3604 3690 3674 3745 de
3728 3699 3841 3746 tota

2262 3782 2366 3835 hac
2397 3781 2748 3849 inscriptione
2796 3787 3138 3834 commentus
3182 3780 3235 3833 in
3274 3779 3532 3845 medium,
3588 3795 3700 3834 non
3721 3781 3837 3849 qui-

2262 3875 2383 3927 dem
2420 3881 2675 3942 tauquatn
2737 3887 2805 3926 ex
2836 3871 3067 3941 tripode,
3122 3870 3205 3926 vel
3268 3871 3545 3942 sortilegis
3598 3871 3841 3940 Delphis,

2259 3967 2353 4023 sed
2384 3983 2450 4021 ex
2512 3967 2722 4020 cortina
2777 3966 3097 4020 interiorqu
3153 3964 3460 4019 litterarum
3508 3973 3565 4018 et
3598 3965 3842 4034 antiqui-

2259 4062 2386 4116 tatis
2423 4057 2764 4129 proferrem:
2813 4074 2935 4127 quaa
2977 4067 3157 4111 tamen
3205 4066 3425 4122 accepta
3454 4072 3484 4110 a
3537 4055 3840 4111 lectoribus

2259 4153 2333 4207 ita
2380 4153 2561 4216 velim,
2616 4162 2675 4206 ut
2704 4165 2768 4205 ex
2811 4151 2894 4204 bis
2925 4148 3056 4203 illud
3101 4164 3185 4203 me
3210 4149 3351 4204 scire
3387 4148 3672 4217 proﬁtear,
3718 4164 3827 4204 non

2255 4261 2379 4302 esse
2407 4261 2525 4301 eam
2544 4244 2818 4300 homiliam
2840 4244 2907 4298 ad
2937 4243 3155 4312 Rogerii
3177 4251 3421 4312 tempora
3453 4242 3834 4307 referendam;

2255 4348 2450 4393 caetera
2481 4338 2549 4391 de
2573 4336 2866 4406 epigrapha
2898 4336 3281 4405 utexcogitata
3315 4351 3345 4390 a
3379 4351 3465 4390 me
3484 4345 3541 4390 et
3584 4339 3834 4405 opinata,

2253 4445 2359 4484 non
2392 4430 2667 4500 explorata
2724 4438 2887 4497 atque
2933 4441 3210 4499 comperta
3242 4430 3370 4484 dici.
3424 4427 3579 4495 Quod
3645 4429 3694 4484 si
3747 4430 3836 4484 cui

2251 4522 2429 4587 potior
2482 4523 2751 4576 sententia
2815 4530 3125 4585 succurrat,
3178 4532 3233 4576 et
3269 4521 3457 4575 sedeat
3505 4520 3718 4588 animo,
3780 4522 3831 4575 ei

2248 4613 2608 4677 libentissime
2632 4614 2747 4683 ipse
2779 4629 2997 4683 quoque
3028 4613 3400 4669 subscribam.

2252 4768 2279 4841 ς
2317 4768 2423 4823 ιιιι.
2478 4798 2549 4808 -
2576 4768 2617 4821 Α
2661 4783 2764 4838 quo
2799 4775 3139 4841 consecratus
3185 4766 3601 4841 archiepiscopus
3652 4764 3838 4821 Theo-

2826 4839 3023 4906 phanes
3055 4837 3244 4907 fuerit.

2314 4974 2623 5031 Constituto
2648 4977 2759 5042 jam
2784 4984 2838 5028 et
2866 4971 3211 5028 constabilito
3265 4970 3446 5025 multis
3493 4971 3830 5039 argumentis
3870 4996 3901 5067 ξλ

2242 5086 2351 5140 quo
2387 5079 2628 5138 tempore
2660 5067 3017 5135 Theophanes
3060 5065 3317 5121 Ecclesia:
3351 5063 3830 5118 Tauromenitana:
3870 5063 3887 5135 ξ

2238 5161 2540 5231 νιωΐυθτὶι,
2593 5159 2850 5214 nimirum
2876 5158 2945 5212 ab
2973 5172 3116 5211 anno
3163 5154 3348 5211 Basilii
3400 5155 3710 5210 Macedonis
3743 5171 3827 5219 ιιι.
3878 5150 3883 5159 ’

2241 5257 2343 5309 hoc
2374 5262 2459 5309 est
2491 5268 2634 5307 anno
2679 5251 2882 5306 Christi
2910 5250 3036 5306 812.
3069 5264 3238 5318 usque
3266 5249 3333 5303 ad
3357 5246 3552 5303 Leonis
3584 5263 3675 5307 xv,
3707 5251 3831 5302 evi-

2237 5349 2371 5404 dens
2404 5350 2533 5403 milti
2585 5349 2747 5403 etiam
2781 5347 2910 5400 illud
2959 5346 3189 5401 edicitur
3235 5361 3381 5406 eum,
3429 5353 3720 5413 postquam
3762 5345 3822 5398 S.

2237 5441 2473 5508 lgnatius
2519 5440 2828 5509 patriarcha
2864 5438 2967 5493 ΟΡ.
3001 5440 3053 5491 in
3086 5455 3237 5491 suam
3289 5441 3494 5501 sedent,
3527 5452 3554 5487 ιι
3585 5451 3695 5503 qua
3727 5452 3826 5505 per

2235 5533 2341 5584 vim
2402 5531 2580 5585 fuerat
2624 5548 2654 5585 a
2705 5530 2892 5586 Photio
2954 5534 3309 5596 deturbatus,
3370 5547 3435 5584 ex
3492 5533 3829 5585 auctoritate

2234 5623 2456 5677 Adriani
2488 5621 2530 5676 11
2566 5635 2717 5692 pont.
2748 5636 2802 5678 et
2828 5625 3014 5694 synodi
3045 5640 3161 5688 vm,
3195 5626 3295 5679 sub
3323 5639 3387 5678 eo
3415 5625 3484 5677 ad
3519 5625 3663 5677 hanc
3689 5640 3832 5677 cat:-

2232 5729 2347 5770 sam
2385 5715 2691 5780 celebratae,
2748 5718 3030 5772 restitutus
3062 5717 3184 5784 fuit,
3223 5717 3464 5787 legitime
3519 5731 3827 5779 consecra-

2238 5818 2349 5863 tum
2382 5808 2549 5869 fuisse
2594 5810 3083 5882 archiepiscopum,
3109 5823 3165 5868 et
3206 5813 3261 5868 in
3296 5814 3472 5870 locum
3512 5815 3825 5879 Zacharia',
