4062 6214
288 322 369 383 105
1198 301 1596 365 FRANCISCI
1638 298 1902 361 SCORSI
1942 298 2372 360 PROOEMIUM
2399 298 2476 357 II.

275 438 366 505 jam
393 433 436 482 in
474 427 574 494 ipso
612 417 835 478 concilio
889 417 1122 486 depositi
1149 428 1202 474 et
1231 416 1586 482 exauctorati,
1625 414 1792 470 fuisse

278 528 592 589 subrogatum.
643 514 685 566 Α
736 528 843 582 qnn
906 519 1086 566 autem
1145 526 1263 565 eam
1333 508 1791 564 consecrationem

281 609 516 681 acceperit,
545 622 571 660 a
613 605 861 674 pontilice
918 601 1179 667 Romano,
1217 616 1246 654 a
1279 616 1385 669 quo
1439 598 1635 654 Sicilire
1675 597 1792 667 epi-

283 705 403 772 scopi
441 702 497 754 ah
536 697 686 752 initio
725 694 998 759 Ecclesia,
1047 705 1230 763 utpote
1299 693 1553 747 Romanae
1591 690 1792 745 dicace-

285 798 362 860 sis,
406 789 612 846 ordinari
686 795 1098 847 consueverant,
1165 801 1230 838 an
1294 783 1423 849 CP.,
1475 783 1688 837 videtur
1741 783 1792 834 in

280 886 456 941 dubium
505 879 734 936 revocari
768 894 928 949 posse
958 876 1028 932 ab
1050 877 1121 931 iis
1159 878 1247 944 qui
1281 875 1333 928 in
1380 876 1596 945 antiqua
1629 874 1797 928 histo-

279 978 340 1029 ria
373 987 430 1028 ac
488 969 776 1041 praasrrtim
828 967 944 1036 ejus
1004 967 1260 1036 temporis
1324 966 1688 1020 monumentis
1744 973 1799 1018 et

248 1047 455 1137 isyuodis
487 1059 636 1116 CPoli
676 1058 962 1113 celebratis
1014 1056 1215 1109 versati
1264 1054 1484 1109 fuerint.
1556 1053 1688 1108 Nam
1741 1062 1799 1106 ιιι

251 1125 327 1211 θεῖ»
366 1163 530 1208 octava
577 1151 771 1206 ordine
829 1160 1160 1219 praeponere
1208 1148 1412 1212 ordiar,
1467 1149 1518 1202 in
1579 1162 1641 1201 ea
1697 1146 1800 1200 Za-

270 1247 448 1302 charias
481 1241 961 1297 Tauromenitanns
1007 1239 1294 1309 episcopus
1348 1254 1376 1292 a
1431 1238 1488 1293 S.
1530 1238 1798 1293 Methodio

269 1334 526 1407 patriarcha
570 1331 705 1396 CP.,
750 1333 836 1387 cui
882 1333 1055 1400 ejecto
1097 1329 1305 1385 Joanne
1352 1329 1708 1385 lconomacho
1740 1330 1797 1384 S.

269 1427 462 1499 lgnatius
501 1423 780 1480 successit.
829 1430 1013 1491 aperte
1069 1422 1268 1475 dicitur
1310 1417 1664 1492 χειροτονίαν,
1702 1422 1802 1475 hoc

269 1531 336 1574 est
375 1516 820 1578 consecrationem,
882 1513 1177 1584 accepisse.
1238 1511 1440 1569 Locum
1489 1529 1554 1568 ex
1599 1523 1708 1568 act.
1741 1529 1800 1568 nt

271 1611 405 1678 ipsius
467 1607 655 1679 synodi
711 1605 868 1660 retuli
933 1604 1202 1660 Prommio
1255 1604 1315 1670 ι,
1384 1603 1412 1676 §
1463 1620 1536 1659 tv.
1597 1604 1652 1658 In
1715 1619 1804 1658 se-

271 1703 404 1771 ptiiua
449 1716 567 1756 vero
629 1699 983 1768 subjectionis
1043 1699 1286 1768 ejusdem
1362 1697 1597 1768 episcopi
1661 1697 1808 1749 Tau-

269 1793 541 1848 romenitaui
593 1791 925 1862 patriarcha:
957 1790 1065 1846 ΟΡ.
1099 1786 1301 1845 indicio
1347 1799 1430 1844 est
1481 1787 1806 1858 subscriptio

265 1885 477 1950 Joannis,
508 1887 555 1940 in
599 1901 711 1956 qua
761 1885 1124 1955 patriarcham
1175 1899 1333 1938 suum
1377 1882 1681 1947 Tarasium,
1713 1880 1804 1948 qui

264 1994 316 2032 eo
351 1989 567 2046 tempore
596 1981 810 2048 synodo
861 1986 1108 2046 praeerat,
1141 1976 1225 2030 his
1260 1976 1438 2029 verbis
1482 1973 1806 2043 proﬁtetur:

260 2069 460 2124 Joannes
494 2070 859 2124 sanctissimus
919 2069 1189 2136 episcOpus
1223 2066 1587 2120 Tauromenia:
1633 2067 1764 2119 dixit
1788 2081 1808 2120 :

263 2160 372 2216 Cum
403 2162 550 2216 ueluti
586 2163 800 2216 divinus
846 2159 1173 2214 orthodoxia:
1207 2160 1458 2213 terminus
1491 2159 1592 2211 sint
1621 2157 1810 2212 littere

261 2270 357 2321 qua!
379 2255 435 2305 ab
465 2254 699 2305 Adriano
733 2269 868 2320 popa
899 2253 1118 2306 senioris
1154 2249 1333 2305 Roma:
1357 2253 1426 2304 ad
1457 2251 1569 2318 pios
1597 2259 1807 2304 nostros

260 2339 562 2405 imperatores
613 2355 814 2392 necnon
852 2339 922 2392 ad
978 2337 1257 2392 Tarasium
1333 2341 1674 2394 uniuersalem
1715 2356 1810 2409 pa-

257 2434 516 2486 triarcham
551 2443 796 2486 nostrum
850 2433 1024 2488 missa:
1069 2444 1214 2498 sunt,
1242 2435 1318 2487 ita
1349 2435 1595 2501 proﬁteor
1641 2435 1809 2488 susci-

257 2523 382 2586 piens
413 2537 583 2574 socrus
611 2523 813 2584 iconas,
845 2532 950 2576 etc.
986 2520 1142 2576 Vides
1166 2532 1223 2574 ut.
1252 2523 1604 2591 imperatores
1632 2531 1686 2576 et
1702 2521 1807 2576 (ΖΡ.

257 2611 598 2679 patriarcham
662 2626 812 2665 suum
880 2611 1135 2681 appellet.
1198 2611 1563 2682 Similiterque
1624 2626 1812 2666 omnes

255 2700 475 2770 episcopi
522 2700 718 2754 Sicilia:
749 2701 838 2769 qui
887 2701 941 2755 in
979 2715 1043 2756 ea
1091 2701 1402 2757 interfuisse
1457 2702 1722 2771 leguntur,
1755 2700 1809 2754 in

256 2796 426 2862 synod.
467 2805 520 2850 et
551 2806 664 2852 act.
719 2795 1085 2851 subscribunt.
1119 2793 1196 2848 Ex
1232 2809 1338 2863 quo
1385 2793 1583 2847 indicio
1615 2793 1814 2849 fatetur

255 2889 397 2940 etiam
438 2887 580 2944 dom.
630 2886 884 2943 Bocchus
933 2884 1070 2940 Pirri
1131 2885 1182 2940 itt
1229 2884 1358 2939 Not.
1408 2884 1553 2938 Eccl.
1599 2883 1811 2954 Syrac.,

257 2976 481 3043 tom.lll,
519 2980 640 3050 jam
691 2994 786 3049 per
840 2979 952 3034 haec
989 2987 1231 3048 tempora
1285 2977 1565 3048 episcopos
1616 2976 1814 3031 Sicilia

255 3069 344 3121 (ΣΡ.
381 3071 491 3125 sedi
541 3073 778 3138 cmpisse
826 3070 1120 3125 adhaerere.
1176 3067 1379 3125 Deinde
1432 3069 1594 3124 etiam
1643 3083 1706 3122 ex
1749 3084 1815 3122 eo

254 3159 442 3214 videtur
473 3161 525 3216 id
554 3161 781 3232 colligi,
824 3161 964 3230 quod
1023 3159 1276 3215 Nicolaus
1309 3161 1348 3225 I,
1386 3161 1538 3230 epist.
1587 3159 1640 3225 9,
1677 3160 1814 3214 Gre-

255 3249 370 3312 gorii
423 3248 755 3319 Syracusani
811 3247 1066 3302 antistitis
1123 3247 1403 3301 audaciam
1456 3247 1509 3299 in
1555 3246 1814 3314 judicium

254 3347 407 3403 vocet,
455 3342 598 3409 quod
657 3341 708 3393 in
759 3339 1045 3410 lgnatium,
1090 3354 1246 3393 suum
1287 3339 1535 3393 videlicet
1584 3339 1818 3406 patriar—

253 3428 412 3492 cham,
446 3429 750 3499 impietatis
778 3428 956 3498 jacula
1011 3429 1364 3484 exercuisset.
1423 3427 1558 3480 Tum
1618 3443 1682 3481 ex
1721 3429 1818 3479 da-

250 3521 502 3575 mnatione
547 3521 797 3586 ejusdem
829 3521 1072 3590 Gregorii
1103 3531 1155 3574 et
1185 3521 1446 3575 sententia
1484 3521 1588 3574 lata
1627 3536 1722 3590 per
1760 3520 1818 3574 S.

252 3608 493 3676 lgnatium
547 3611 961 3680 patriarchatn;
1015 3626 1175 3679 quam
1215 3611 1314 3663 nisi
1360 3619 1675 3678 potestatem
1724 3611 1822 3663 ali-

251 3715 395 3766 quam
445 3712 594 3758 certe
631 3703 702 3755 ad
734 3702 936 3771 primas
989 3717 1181 3758 causas
1233 3686 1531 3766 habuisset,
1589 3703 1819 3756 laturmn

252 3808 506 3861 nunquam
547 3793 724 3848 fuisse
773 3798 1102 3849 censendum
1132 3804 1213 3848 est
1241 3813 1253 3849 :
1281 3810 1588 3864 quanquam
1619 3805 1674 3849 ut
1706 3805 1819 3848 rata

252 3886 524 3942 haberetur
573 3889 647 3943 ad
697 3886 930 3941 Leonem
977 3887 1042 3941 lll
1085 3889 1390 3957 pontiﬁcem
1439 3888 1587 3941 missi
1628 3887 1820 3955 legati;

245 3989 295 4029 et
319 3988 529 4044 caetera,
565 3989 729 4048 prout
753 3979 803 4031 irt
833 3979 1057 4032 historia
1085 3988 1140 4034 et
1170 3981 1374 4047 synodo
1396 3979 1660 4034 habentur
1688 3994 1823 4046 per~

247 4081 354 4124 acta
400 4081 527 4125 sunt
578 4072 686 4125 rite
730 4081 892 4138 atque
927 4071 1184 4140 legitime.
1216 4072 1289 4124 Ex
1326 4087 1428 4140 quo
1456 4072 1823 4125 etninentissi-

246 4178 357 4214 mus
393 4162 694 4216 cardinalis
747 4160 1006 4216 Baronius
1037 4163 1102 4218 de
1132 4164 1230 4218 hoc
1250 4163 1371 4231 jure
1399 4179 1425 4215 a
1455 4163 1558 4218 ΟΡ.
1593 4166 1826 4232 patriar-

247 4256 431 4308 chain
467 4255 675 4308 Sicilia:
704 4254 978 4309 Ecclesias
1035 4256 1303 4310 vindicato
1369 4257 1448 4310 sic
1515 4258 1705 4310 scribit
1759 4257 1825 4311 ad

246 4363 436 4403 annum
470 4351 583 4405 854
616 4368 632 4404 :
667 4350 880 4402 Audisti
931 4349 1206 4417 synodalia
1237 4358 1379 4410 acta,
1414 4350 1699 4402 sententias
1734 4367 1828 4414 pa-

249 4442 602 4495 triarcharum
631 4482 647 4505 ,
694 4442 903 4510 judicia
940 4444 1254 4508 episcopalia
1306 4443 1590 4510 indiguisse
1635 4444 1826 4510 conﬁr-

246 4534 470 4585 matione
513 4535 706 4599 prima:
739 4533 874 4586 sedis
929 4532 1209 4599 pontificis.
1250 4533 1401 4596 Quod
1433 4546 1608 4587 autem
1645 4533 1827 4588 Sicilia

249 4619 414 4673 insula
445 4624 546 4675 sub
565 4623 787 4687 juribus
826 4623 995 4674 adhuc
1024 4632 1158 4675 esset
1198 4621 1428 4675 Orientis
1475 4624 1826 4690 imperatoris,

241 4718 472 4778 quamvis
535 4723 796 4781 occupata
842 4723 972 4766 esset
1000 4731 1030 4765 a
1061 4710 1365 4775 Saracenis,
1408 4715 1604 4782 primas
1640 4731 1829 4770 causas

249 4814 593 4867 occupaverat
648 4803 748 4856 sibi
798 4802 907 4857 ΕΡ.
966 4804 1258 4871 episcOpus,
1299 4805 1376 4855 ita
1415 4815 1586 4856 tamen
1631 4815 1684 4857 nt
1735 4823 1831 4858 sua

245 4906 360 4945 acta
425 4895 840 4962 conﬁrmatione
905 4896 1134 4963 indigere
1182 4896 1485 4963 apostolica:
1537 4898 1674 4950 sedis
1731 4916 1832 4950 non

245 4983 533 5049 ignoraret.
577 4983 854 5038 Hactenus
899 4985 1180 5051 Baronius,
1235 4972 1482 5053 idemque
1527 4988 1714 5041 scribit
1738 4989 1834 5042 Ja-

242 5077 409 5129 cobus
471 5075 794 5130 Gordonius
844 5076 895 5130 in
949 5076 1153 5132 Chron.
1199 5078 1266 5131 ad
1314 5092 1513 5130 annum
1563 5085 1832 5146 eumdem,

242 5165 438 5220 citatus
486 5167 561 5219 ab
610 5165 834 5221 Octavio
888 5166 1126 5222 Caetano
1169 5170 1221 5222 in
1265 5168 1512 5239 lsagoges
1569 5187 1686 5241 cap.
1741 5173 1832 5238 58,

239 5267 289 5310 et
333 5258 566 5312 tandem
626 5257 968 5313 manifestum
1011 5260 1060 5313 id
1090 5259 1205 5314 ﬁeri
1264 5261 1474 5328 videtur
1517 5278 1581 5316 ex
1629 5265 1834 5319 novella

241 5359 414 5402 const.
451 5347 666 5402 Leonis
717 5361 1074 5418 cognomento
1123 5349 1415 5421 Sapientis,
1451 5354 1604 5422 cujus
1645 5357 1840 5411 inscri-

239 5440 349 5507 ptio
401 5441 481 5494 ita
547 5453 614 5494 se
642 5441 840 5494 habet:
876 5441 940 5492 Ἥ
977 5444 1229 5508 γεγονυῖα.
1291 5443 1633 5509 Διατύπωσις
1686 5447 1840 5518 παρὰ

235 5529 328 5579 τοῦ
366 5529 656 5598 βασιλέως
695 5529 924 5593 Λέοντοζ
972 5531 1064 5584 τοῦ
1099 5531 1294 5602 Σοφοῦ,
1331 5535 1479 5599 ὅπως
1521 5537 1707 5607 ἔχουσι
1744 5541 1841 5595 τά-

235 5619 372 5685 ξεως
418 5622 474 5674 οξ
536 5619 721 5688 θρόνοι
776 5622 886 5675 τῶν
956 5623 1294 5694 Ἐκκλησιῶν
1329 5627 1704 5698 ὑποκειμένων
1764 5633 1841 5702 τῷ

239 5713 576 5785 nat-prcile
616 5714 708 5784 τῆς
727 5716 1368 5782 Κωνσταντινουπὸ).εως.
1400 5719 1677 5788 Dispositio
1694 5725 1837 5795 facta

583 5811 850 5873 PATROL.
897 5813 1014 5874 GR.
1057 5815 1350 5878 CXXXII.

3373 286 3474 351 1:36

1902 430 1995 482 per
2027 413 2388 484 imperatorem
2421 412 2642 466 Leonem
2689 411 3009 479 Sapientem,
3058 424 3206 480 quem
3241 407 3475 460 ordinem

1894 507 2116 560 habeant
2156 507 2331 559 throni
2388 504 2740 558 Ecclesiarum
2799 502 3119 572 patriarcha:
3159 500 3270 556 ΟΡ.
3303 499 3478 568 subje-

1893 605 2122 649 ctarum.
2159 595 2216 648 In
2250 604 2492 651 extremo
2523 609 2651 649 vero
2682 604 2804 664 post
2854 594 3222 648 recensionem
3262 591 3476 646 illorum

1894 689 2259 743 subdunturoi
2282 689 2727 753 ἀποσπασθέντες
2754 688 2816 741 ὲκ
2839 689 2939 758 τῆς
2986 686 3308 756 Ῥωμαῖκῆς
3346 686 3480 738 διοι-

1895 783 2128 852 κήσεως,
2173 785 2267 836 καὶ
2305 780 2401 834 νῦν
2449 781 2729 844 τελοῦντες
2778 781 2884 832 ὑπὸ
2933 781 3025 833 τὸν
3083 779 3271 850 θρόνον
3320 779 3472 830 Κων-

1898 871 2390 935 στοιντινουπὸλεως
2454 872 2843 942 μητροπολῖται
2868 910 2883 933 ,
2912 873 3009 924 καὶ
3068 872 3116 923 οἱ
3173 870 3263 922 ὑπ’
3299 869 3478 922 αὐτῶν

1898 962 2209 1027 ἐπίσκοποι,
2236 962 2404 1016 avulsi
2434 980 2467 1017 a
2497 962 2734 1017 Romana
2785 962 2993 1017 αἰασεεὶ
3021 971 3068 1015 et
3101 960 3209 1015 ΕΡ.
3257 958 3480 1030 subjecti

1899 1056 2110 1108 throno.
2139 1056 2338 1110 Deinde
2369 1069 2744 1123 numerantur,
2773 1057 3165 1127 Syracusanus,
3193 1055 3484 1110 Thessalo-

1898 1147 2131 1203 nicensis
2162 1157 2218 1202 ct
2261 1148 2351 1202 alii
2402 1148 2759 1220 metmpolitae
2817 1147 3099 1203 nonnulli:
3135 1147 3481 1219 Syracusano

1898 1236 2260 1305 subjiciuntur
2311 1236 2823 1304 Tauromenitanus,
2879 1236 3265 1302 Messaneusis,
3323 1236 3482 1304 Agri-

1899 1331 2171 1398 geminus,
2203 1338 2256 1383 et
2299 1328 2388 1383 alii
2425 1330 2680 1399 deinceps
2711 1337 2978 1400 quotquot
3013 1337 3169 1384 erant
3200 1339 3311 1383 tum
3347 1327 3487 1383 Sici-

1901 1421 1986 1476 lia:
2037 1422 2296 1492 episcOpi.
2347 1421 2472 1476 Haec
2524 1431 2648 1475 sunt
2699 1423 3004 1477 testimonia
3051 1438 3117 1478 ex
3169 1422 3393 1493 synodis
3429 1429 3484 1475 et

1902 1512 2126 1568 historia
2195 1513 2311 1580 ejus
2360 1512 2459 1566 invi
2515 1513 2828 1582 deprompta
2902 1527 3020 1580 quae
3065 1511 3338 1581 subjectas
3391 1525 3487 1581 per

1903 1609 2142 1662 eamdem
2184 1615 2554 1676 tempestatem
2617 1605 2885 1662 Ecclesias
2925 1607 3125 1662 Siciliae
3163 1606 3486 1676 patriarchae

1903 1701 2006 1756 (ΞΡ.
2043 1702 2247 1771 possint
2287 1697 2421 1755 satis
2450 1701 2841 1754 demonstrare.
2889 1699 3044 1754 Unde
3072 1707 3128 1755 et
3151 1699 3339 1754 eodetn
3365 1698 3487 1764 jure

1907 1771 2290 1860 TheOphanem
2330 1801 2570 1847 nostrum
2602 1807 2629 1844 a
2663 1791 2721 1846 S.
2752 1789 2978 1862 lgnatio,
3014 1789 3322 1860 patriarcha
3355 1787 3486 1854 CP.,

1907 1885 2109 1938 sedatis
2137 1883 2248 1953 jam
2285 1900 2379 1953 per
2411 1883 2675 1954 synodum
2709 1899 2805 1937 vm
2837 1882 2979 1937 illius
3016 1881 3268 1937 Ecclesia:
3296 1879 3488 1943 turbis,

1908 1975 2218 2030 ordinatum
2257 1977 2506 2044 attgurari
2531 1976 2651 2044 quis
2682 1974 3037 2045 possit.Quod
3057 1974 3098 2028 si
3129 1974 3252 2042 quis
3277 1972 3490 2041 opinari

1909 2067 2056 2132 velit,
2093 2067 2292 2120 nullam
2323 2079 2470 2121 certe
2498 2051 2679 2122 actam
2711 2066 3022 2121 schismatis
3045 2063 3361 2134 Theophani
3394 2077 3487 2116 no-

1908 2167 2024 2213 stro
2048 2157 2380 2227 imposuerit,
2411 2173 2530 2212 cum
2565 2172 2663 2212 nec
2689 2173 2717 2210 a
2741 2157 2931 2212 Photio
2955 2155 3488 2226 pseudopatriarcha,

1909 2249 2217 2317 schismatis
2267 2257 2510 2313 auctore,
2562 2247 2656 2303 sed
2681 2263 2710 2301 a
2741 2247 2799 2301 S.
2827 2248 3034 2313 lgnatio
3076 2247 3314 2316 legitimo
3354 2246 3490 2298 etin

1910 2356 2060 2394 suam
2115 2341 2296 2396 sedem
2351 2340 2601 2394 restituto
2661 2351 3040 2393 consecratunt
3089 2340 3268 2403 dicat;
3319 2351 3494 2406 neque

1910 2434 1978 2487 ab
2026 2433 2125 2485 hoc
2157 2430 2216 2484 S.
2256 2431 2563 2500 patriarcha
2606 2429 2658 2484 id
2705 2431 3001 2500 illcgitime,
3046 2441 3106 2485 et
3143 2434 3264 2485 sine
3310 2430 3492 2500 aliqua

1912 2531 2173 2593 potestate
2222 2522 2411 2575 saltem
2452 2521 2708 2588 peculiari
2741 2521 2842 2575 sibi
2879 2523 3139 2590 permissa
3168 2538 3198 2575 a
3227 2524 3356 2576 sede
3385 2521 3494 2574 lio-

1913 2627 2092 2664 mana.
2138 2609 2270 2663 Nam
2324 2624 2419 2678 per
2467 2610 2829 2671 occasionem,
2877 2610 3020 2680 quod
3073 2610 3144 2664 ibi
3191 2621 3495 2664 moraretur

1914 2699 2267 2768 Tthphaucs
2302 2713 2367 2752 cx
2410 2699 2843 2768 peregrinatione
2894 2707 3146 2768 suscepta
3183 2699 3494 2771 Hierosoly-

1915 2807 2078 2858 mam,
2115 2792 2180 2846 de
2212 2805 2317 2858 qua
2362 2791 2601 2844 dicemus
2631 2789 2658 2860 §
2686 2791 2952 2859 sequenti,
2987 2792 3067 2846 vel
3100 2792 3203 2846 alia
3242 2792 3415 2860 potuit
3443 2793 3498 2846 id

1917 2885 2028 2940 ﬁeri
2079 2883 2336 2953 legitime,
2373 2893 2430 2937 ut
2473 2883 2604 2936 dixi.
2645 2881 2750 2936 Sed
2799 2893 2975 2937 tamen
3031 2885 3245 2952 quando
3293 2885 3394 2939 hoc
3427 2899 3496 2940 ex

1915 2977 2222 3047 conjecutra
2251 2986 2304 3030 et
2350 2975 2760 3030 ratiocinatione
2815 2976 3047 3044 quadam
3102 2976 3335 3046 gratuita
3371 2977 3496 3046 quis

1917 3067 2169 3138 augurari
2215 3066 2406 3135 possit,
2432 3081 2538 3121 non
2571 3075 2721 3121 certo
2749 3075 3070 3135 argumento
3113 3068 3494 3141 comprobare,

1918 3157 2076 3214 liceat
2105 3156 2283 3228 potius
2311 3156 2642 3211 contrarium
2669 3157 2942 3225 augurari,
2969 3163 3023 3210 et
3048 3171 3172 3211 eum
3197 3172 3226 3210 a
3251 3156 3497 3212 Romano

1918 3252 2174 3321 pontilice
2221 3250 2400 3319 potius
2427 3264 2589 3316 quam
2631 3263 2660 3301 a
2700 3249 3007 3317 patriarcha
3032 3249 3140 3303 ΟΡ.
3175 3248 3340 3304 fuisse
3367 3264 3500 3305 cou-

1920 3353 2228 3410 secratum;
2263 3343 2405 3411 quod
2433 3355 2495 3396 es
2526 3340 2652 3394 mihi
2681 3341 2840 3394 liccat
2867 3339 2932 3393 de
2958 3339 3288 3409 Theophane
3315 3351 3500 3396 nostro

1920 3432 2216 3501 praesertim
2256 3432 2492 3496 credere,
2535 3433 2680 3500 quod
2729 3444 2852 3484 eum
2915 3430 3121 3484 videam
3168 3431 3222 3485 in
3267 3432 3352 3486 his
3387 3433 3502 3487 suis

1920 3526 2280 3591 sermonibus,
2324 3524 2390 3580 ad
2442 3524 2695 3594 populum
2740 3531 2795 3580 et
2838 3538 3051 3595 gregem
3103 3539 3257 3580 suum
3301 3527 3500 3582 habitis

1922 3615 1988 3670 de
2017 3615 2078 3670 S.
2106 3615 2251 3670 Petri
2284 3624 2336 3669 ct
2369 3629 2749 3670 successorum
2783 3615 2899 3683 ejus
2931 3617 3162 3686 primatu
3195 3619 3418 3688 optime,
3448 3628 3503 3673 ct

1924 3716 1979 3760 ut
2034 3707 2355 3762 catholicum
2411 3707 2728 3775 scriptorem
2783 3706 2960 3772 decet,
3019 3711 3244 3774 sentire,
3299 3721 3352 3765 et
3394 3709 3503 3765 fre-

1922 3806 2152 3867 quenter
2181 3797 2350 3864 illum,
2377 3799 2671 3867 praisertim
2705 3815 2834 3855 vero
2865 3801 3086 3856 homilia
3120 3801 3197 3855 De
3223 3801 3321 3856 SS.
3346 3801 3505 3856 Petro

1923 3899 1972 3942 et
2019 3888 2212 3950 Paulo,
2266 3891 2578 3944 contestari.
2630 3889 2705 3944 Ex
2757 3907 2860 3960 qua
2913 3893 3076 3947 etiam
3134 3893 3500 3947 testimonium

1925 3978 2148 4047 protulit
2194 3978 2453 4032 adversus
2482 3977 2970 4048 Magdebnrgenses
3016 3989 3303 4036 novatores
3332 3981 3505 4035 Fran-

1924 4069 2100 4122 ciscus
2157 4066 2473 4132 Turrianns,
2521 4077 2578 4119 ut
2626 4067 2676 4120 in
2727 4068 2916 4138 elogiis
2968 4069 3034 4123 ad
3089 4070 3247 4122 linem
3309 4071 3502 4126 horum

1925 4161 2319 4216 Prommiorum
2368 4162 2579 4230 positis,
2613 4171 2666 4215 et
2698 4162 2822 4215 alibi
2863 4160 3046 4216 videre
3069 4171 3169 4217 est.
3205 4161 3408 4219 Deinde
3437 4167 3506 4220 de

1927 4255 2176 4309 universa
2213 4253 2481 4308 Siciliensi
2519 4253 2758 4308 Ecclesia
2809 4253 2936 4308 illud
2969 4264 3027 4308 ut
3065 4266 3273 4312 certum
3323 4259 3507 4327 explo-

1928 4354 2215 4412 ratumque
2267 4344 2566 4407 allirmabo,
2622 4359 2740 4398 eam
2800 4345 3041 4414 pontifici
3106 4347 3352 4402 Romano
3401 4366 3506 4403 non

1929 4434 2102 4490 solum
2166 4450 2272 4504 qua
2316 4434 2552 4502 pontifex
2586 4445 2744 4489 estet
2770 4439 3091 4494 universalis
3140 4442 3385 4509 antistes,
3415 4445 3509 4497 sed

1929 4525 2091 4578 etiam
2150 4525 2404 4592 peculiari
2456 4527 2600 4595 jure,
2649 4544 2753 4597 qua
2813 4531 3120 4597 patriarcha
3176 4532 3507 4596 Occidentis,

1931 4618 2152 4682 Siciliae,
2209 4632 2328 4684 qme
2368 4620 2433 4671 ad
2485 4619 2831 4674 Occidentem
2900 4624 3151 4690 pertinet,
3214 4623 3508 4679 Ecclesium

1932 4711 2006 4764 illi
2055 4711 2360 4764 immediate
2417 4709 2585 4764 fuisse
2645 4713 2964 4782 subjectum,
3004 4725 3187 4782 utpote
3232 4731 3350 4782 qua:
3385 4730 3414 4768 a
3450 4716 3507 4770 S.

1934 4805 2093 4858 l‘etro
2144 4804 2304 4857 fuerit
2357 4803 2622 4858 instituta.
2667 4805 2738 4858 De
2767 4820 2872 4873 quo
2904 4807 3021 4858 vide
3050 4806 3376 4858 luculentam
3408 4807 3514 4861 dis-

1934 4897 2280 4949 sertationem
2317 4892 2500 4947 Jacobi
2541 4894 2814 4948 Sirmundi
2851 4895 2904 4948 in
2941 4894 3274 4962 Protreptico
3326 4906 3511 4950 contra

1936 4987 2186 5042 Salmasii
2237 4985 2663 5054 Eucharisticon,
2697 4988 2762 5038 de
2791 4987 3171 5040 suburbicariis
3214 4989 3512 5057 regionibus

1937 5081 2031 5134 lib.
2063 5096 2122 5141 ll,
2153 5095 2273 5148 cap.
2305 5079 2391 5133 10.
2427 5079 2578 5145 Quod
2619 5077 2959 5133 manifestum
2993 5092 3116 5133 esse
3147 5081 3223 5134 ait
3248 5080 3512 5135 Innocen-

1939 5173 2045 5226 tius
2092 5171 2109 5223 l
2163 5182 2316 5242 pom.
2370 5171 2435 5225 ad
2491 5170 2816 5225 Deccnnium
2870 5172 3116 5228 scribens
3149 5171 3266 5239 :Jln
3313 5190 3514 5227 onmem

1940 5265 2179 5329 Italiam,
2211 5263 2433 5327 Gallias,
2477 5263 2781 5329 Hispanias,
2819 5263 3055 5332 Africam
3080 5278 3233 5335 atque
3273 5266 3513 5320 Siciiom

1939 5359 2241 5426 insulasque
2266 5358 2634 5425 interjacentes
2667 5355 2868 5408 nullum
2903 5358 3192 5412 instituisse
3226 5357 3512 5421 Ecclesias,

1939 5451 2041 5504 nisi
2076 5467 2163 5503 eos
2193 5465 2322 5518 quos
2372 5448 2684 5501 venerabilis
2742 5446 2936 5504 Petrus
2968 5450 3235 5520 apostolus
3263 5458 3353 5501 aut
3400 5449 3516 5518 ejus

1938 5558 2258 5598 successores
2299 5542 2660 5594 constituerint
2710 5544 3025 5597 sacerdotes.
3067 5541 3170 5596 Sed
3203 5558 3302 5612 ego
3333 5553 3513 5598 actum

1941 5651 2178 5706 agerem,
2211 5643 2264 5687 et
2295 5632 2529 5686 fabulam
2569 5644 2928 5698 recantarem,
2962 5635 3004 5687 si
3037 5635 3137 5687 hoc
3166 5645 3218 5687 et
3247 5637 3366 5687 aliis
3399 5649 3516 5686 rcr—

1949 5731 2169 5786 lissimis
2202 5729 2534 5796 argumentis
2565 5731 2904 5786 ostenderem
2952 5728 3289 5782 Siciliensem
3330 5727 3519 5782 Eccle-

3108 5824 3142 5885 4
