4062 6214
533 329 633 394 1οἸ

532 448 671 500 siam
725 445 993 515 poutillcis
1026 442 1257 499 Romani
1293 442 1594 508 diwcesim,
1628 441 1712 497 vel
1742 457 1772 495 a
1802 440 1976 512 prima
2002 452 2099 494 sua

531 539 739 608 origine
764 537 1061 602 exstitisse,
1091 538 1159 591 ab
1198 549 1374 605 eoque
1416 534 1851 591 consecrationes
1897 532 2108 601 episco-

531 645 744 697 porum,
774 637 830 683 et
865 638 1061 683 rmtera
1093 628 1215 698 jura
1251 627 1525 698 accepisse
1558 643 1574 681 :
1611 642 1734 681 cum
1766 635 1960 695 prtetcr
1994 623 2110 678 Sir-

444 762 466 775 .
531 719 784 772 tnundum
805 718 918 786 jam
952 720 1198 785 citatum,
1235 721 1302 774 de
1333 733 1399 774 eo
1425 725 1587 785 agant
1629 718 1887 774 Octavius
1914 716 2107 771 Caeta-

528 824 629 863 nus
661 810 713 862 in
745 808 990 881 Isagoge,
1041 825 1160 880 cap.
1196 810 1309 880 jam
1342 810 1525 869 citato.
1555 817 1611 862 et
1654 809 1802 864 dom.
1857 806 2107 862 Bocchus

526 900 665 957 Pirri
705 903 758 957 in
791 903 1033 973 pluribus
1083 902 1299 958 Notitite
1348 901 1502 967 locis,
1539 903 1778 971 satisque
1821 901 2105 969 probatum

526 995 597 1050 ab
628 995 692 1049 iis
721 996 813 1059 sil,
847 1010 911 1050 ex
942 994 1123 1050 multis
1151 994 1395 1065 epistolis
1429 993 1626 1048 Leonis
1659 1008 1812 1063 papae
1844 992 1861 1048 l
1891 1003 1945 1047 et
1974 992 2109 1047 Gre-

525 1087 665 1156 gorii
708 1086 904 1157 Magni.
939 1086 1044 1143 Sed
1073 1095 1356 1157 postquam
1386 1093 1598 1156 recepta
1622 1100 1650 1138 a
1678 1084 1868 1142 Gothis
1899 1086 2103 1150 Sicilia,

524 1181 668 1249 quod
700 1179 799 1233 fuit
822 1179 922 1234 sub
947 1178 1242 1236 Justiniani
1285 1180 1535 1249 imperio,
1563 1180 1629 1233 ad
1656 1178 1898 1235 Orientis
1932 1180 2107 1248 impe-

526 1273 668 1327 rium
701 1272 752 1327 in
781 1272 997 1342 politiea
1043 1273 1515 1327 administratione
1561 1272 1841 1342 pertinuit,
1874 1286 2076 1341 prteser

529 1365 620 1418 tim
656 1380 785 1420 vero
814 1380 880 1421 es
915 1377 1157 1434 tempore
1205 1365 1394 1437 synodi
1433 1379 1523 1429 vtt,
1560 1380 1720 1434 quam
1755 1380 1919 1435 supra
1959 1375 2106 1421 retu-

526 1455 710 1518 limus.
761 1468 815 1511 et
866 1459 1101 1511 maxime
1147 1472 1278 1510 vero
1312 1456 1414 1510 sub
1465 1457 1692 1525 imperio
1736 1455 2014 1511 Michaelis
2052 1467 2107 1511 et

525 1549 699 1603 Photii
753 1549 1297 1617 pseudopatriarcbae,
1330 1563 1431 1617 per
1459 1548 1802 1604 occasionem
1852 1551 2107 1619 potentia:

523 1641 911 1710 imperatorum
941 1651 993 1695 et
1019 1643 1347 1711 synodorum
1397 1657 1516 1712 quae
1564 1644 1634 1695 ibi
1667 1643 2103 1710 celebrabantur,

522 1732 782 1798 paulatim
812 1732 919 1788 (ΖΡ.
943 1734 1229 1802 episcopus
1260 1735 1426 1786 etiam
1455 1728 1879 1790 ecclesiasticam
1905 1734 2106 1790 Siciliae

480 1875 487 1881 ,
523 1821 967 1891 gubernationem
1020 1823 1088 1876 ad
1119 1839 1179 1877 se
1213 1826 1528 1892 pertrahere
1582 1826 1765 1894 coepit.
1818 1826 2102 1897 Nunquam

524 1920 706 1966 tamen
734 1914 784 1966 in
816 1914 1125 1969 universam
1142 1915 1339 1970 Sicilia
1362 1914 1659 1971 Ecclesiatn
1692 1918 1993 1989 legitimum
2015 1919 2105 1989 jus

521 2005 880 2071 acquisivisse
912 2006 1123 2060 ostendi
1161 2016 1342 2076 potest
1374 2023 1387 2058 :
1421 2007 1517 2062 sed
1543 2019 1727 2062 contra
1760 2010 1940 2079 potius
1985 2026 2103 2065 eam

525 2104 851 2164 poteStatem
885 2096 985 2152 sibi
1020 2112 1329 2165 usurpasse,
1369 2098 1636 2154 renitente
1660 2096 1907 2153 Romano
1934 2101 2077 2167 ponti

526 2189 630 2242 tice
655 2188 964 2244 ostenditur
981 2203 1043 2244 ex
1066 2189 1228 2259 epist.
1250 2188 1509 2244 Adrianil
1537 2193 1604 2246 ad
1626 2190 2032 2247 Constantinum
2053 2201 2105 2247 et

523 2282 757 2346 lrcnem,
793 2283 894 2336 sub
936 2281 1131 2349 quibus
1188 2284 1424 2352 synodus
1469 2282 1561 2336 illa
1589 2298 1662 2336 vtt
1690 2293 1876 2338 contra
1916 2284 2102 2340 [cono-

526 2370 767 2435 macbos,
807 2371 1019 2436 utdixi,
1077 2379 1294 2440 peracta
1346 2380 1464 2438 est;
1500 2371 1552 2425 in
1592 2387 1696 2442 qua
1738 2373 1972 2440 pontifex
2007 2388 2103 2442 po—

523 2465 707 2530 stulat,
743 2474 797 2519 ut
823 2467 1238 2520 consecrationes
1286 2466 1645 2534 episcaporum
1675 2476 1724 2519 et
1756 2465 2107 2536 archiepisco-

523 2572 711 2624 porum
743 2558 875 2610 sicut
913 2557 1121 2611 olitana
1171 2566 1373 2611 constat
1404 2557 1620 2611 traditio
1657 2566 1850 2612 nostra:
1873 2559 2105 2612 diwcesis

526 2647 832 2701 exsistentes
876 2648 1084 2714 penitus
1133 2649 1383 2702 canonice
1415 2647 1472 2703 S.
1510 2647 1575 2701 R.
1611 2647 1675 2702 Ε.
1715 2658 1907 2703 nostrte
1957 2650 2108 2703 resti-

522 2746 778 2802 tuantur;
811 2746 865 2792 et
899 2751 964 2791 ex
995 2738 1158 2807 epist.
1193 2737 1399 2792 Nicolai
1424 2738 1444 2792 i
1474 2739 1541 2790 ad
1569 2737 1883 2793 Michaelem
1935 2738 2106 2808 impe-

524 2840 762 2883 ratorem
789 2829 900 2894 jam
956 2828 1156 2883 dictum
1187 2843 1202 2880 :
1242 2827 1517 2893 Volumus,
1558 2841 1608 2881 ut
1643 2832 1970 2884 consecratio
2001 2831 2107 2901 Sg-

524 2933 784 2995 racusano
845 2918 1083 2986 episcopo
1140 2928 1318 2971 nostra
1367 2937 1396 2971 a
1443 2921 1563 2973 sede
1630 2921 1997 2989 impendatur,
2052 2932 2105 2976 ut

527 3009 744 3062 traditio
774 3009 838 3061 ab
869 3007 1118 3079 apostolis
1149 3008 1395 3063 instituta
1424 3010 1724 3065 nullatenus
1764 3017 1946 3067 vestris
1976 3026 2106 3068 tent-

524 3100 738 3169 poribus
791 3101 1047 3166 violetur;
1078 3109 1133 3156 et
1171 3102 1563 3170 posterioribus
1608 3103 1768 3157 etiam
1805 3106 2014 3160 saeculis
2040 3121 2105 3160 cx

526 3191 755 3260 epistola
789 3191 1080 3248 Alexandri
1112 3192 1176 3247 Ill
1208 3196 1273 3247 ad
1305 3193 1629 3249 Willelmum
1672 3194 1870 3250 Sicilia:
1903 3213 2104 3268 regem,

527 3285 617 3352 qui
651 3299 679 3336 a
717 3284 973 3354 pontiﬁce
1006 3283 1381 3348 contenderat,
1418 3299 1485 3339 ue
1509 3283 1799 3340 Gualterus
1828 3284 2107 3342 Panormi-

527 3382 690 3429 tanus
740 3374 1178 3444 archiepiscopus
1232 3373 1457 3429 Romam
1489 3375 1641 3429 adire
1684 3378 2109 3436 consecrationis

526 3479 694 3520 causa
749 3464 1188 3533 compelleretur,
1232 3465 1325 3521 sed
1370 3480 1488 3520 eam
1522 3466 1590 3520 ab
1638 3468 1810 3523 tribus
1849 3470 1915 3523 de
1961 3485 2110 3525 more

528 3556 795 3626 episeopis
853 3556 1102 3612 Panormi
1163 3558 1461 3627 reciperet;
1519 3558 1673 3629 cujus
1732 3560 1979 3632 petitioni
2034 3563 2107 3618 ita

530 3646 783 3703 rescribit
817 3646 1124 3701 Alexander
1153 3663 1168 3701 :
1201 3646 1342 3701 Licet
1372 3648 1429 3701 in
1474 3649 1726 3703 memoria
1785 3662 1967 3705 nostra
2006 3669 2110 3707 non

528 3738 789 3800 exsistat,
848 3743 904 3788 ut
963 3737 1153 3806 aliquis
1217 3740 1659 3806 praedecessorum
1712 3743 1922 3812 prtefati
1965 3744 2113 3800 electi

531 3824 793 3880 (iualterii
845 3842 1076 3897 unquam
1123 3829 1281 3896 fuerit
1326 3830 1429 3883 nisi
1473 3846 1505 3883 α
1556 3829 1797 3885 Romano
1868 3836 2112 3903 pontiﬁce

530 3928 885 3983 consecratus,
940 3918 1334 3974 considerantes
1370 3930 1565 3985 tamen,
1619 3930 1746 3988 etc.,
1780 3926 2112 3979 concedimus

532 4011 853 4074 consecrari,
888 4010 962 4061 ita
995 4018 1167 4063 tamen
1209 4010 1349 4079 quod
1376 4011 1473 4065 hoc
1521 4027 1624 4065 non
1655 4014 1835 4066 debeat
1871 4016 1923 4067 in
1947 4026 2115 4084 poste-

536 4115 650 4151 rum
682 4102 733 4150 in
764 4099 1055 4166 exemplum
1095 4099 1319 4152 assumi.
1369 4098 1493 4155 llaec
1516 4099 1842 4167 Alexander,
1872 4105 1961 4173 qui
1991 4119 2113 4160 cum

535 4192 601 4245 de
632 4190 1014 4246 Panormitana
1070 4192 1309 4246 Ecclesia
1360 4201 1587 4248 testetur
1630 4193 1833 4248 nullum
1867 4197 2116 4266 superio-

538 4297 657 4336 rum
690 4282 808 4350 ejus
861 4283 1163 4336 antistitum
1194 4283 1262 4337 ab
1310 4282 1416 4337 alio
1450 4298 1609 4353 quam
1643 4300 1670 4337 a
1701 4284 1944 4342 Romano
1984 4303 2116 4357 pou-

538 4370 685 4424 tilice
713 4370 878 4426 fuisse
914 4372 1204 4435 initiatum,
1237 4372 1305 4427 de
1332 4373 1456 4429 aliis
1479 4374 1642 4428 etiam
1678 4373 1878 4431 Sicilia:
1908 4378 2117 4447 episco-

538 4460 622 4530 pis
650 4460 701 4513 id
732 4460 889 4514 nobis
924 4460 1194 4528 conjicere
1216 4461 1369 4516 liceat
1396 4480 1412 4529 ;
1446 4474 1609 4533 atque
1637 4468 1774 4521 adeo
1792 4482 1896 4521 non
1927 4484 2115 4526 omnes

543 4550 865 4621 patriarcha:
911 4549 1016 4606 (ΞΡ.
1047 4551 1340 4620 subjectos,
1380 4564 1437 4607 ut
1465 4569 1530 4607 ex
1561 4555 1651 4610 illa
1690 4556 1887 4614 Leonis
1933 4560 2116 4629 dispo-

541 4645 740 4699 sitione
762 4642 959 4712 aliquis
1003 4644 1371 4711 argumentari
1402 4647 1590 4713 possit,
1633 4663 1808 4718 neque
1835 4665 2024 4707 omnes
2046 4654 2115 4708 ab

544 4753 609 4792 eo
635 4736 1100 4791 consecrationem
1127 4736 1424 4805 accepisse.
1454 4736 1566 4791 Nec
1589 4738 1768 4795 obstat
1798 4745 1940 4811 quod
1973 4744 2117 4814 lcga-

545 4846 685 4895 mus,
738 4830 1056 4886 Zachariam
1086 4848 1115 4886 a
1151 4831 1207 4885 ὃ.
1244 4830 1516 4887 Methodio
1549 4848 1668 4888 eam
1717 4838 2010 4905 accepisse,
2061 4849 2118 4892 ttt

540 4937 702 4991 supra
751 4922 860 4977 disi
901 4938 966 4978 ex
1000 4938 1121 4993 syn.
1172 4937 1289 4988 vin,
1327 4933 1433 4977 act.
1467 4922 1523 4988 5,
1563 4924 1705 4993 quod
1754 4941 1884 4981 sane
1933 4931 2116 4998 negari

547 5029 651 5067 non
701 5024 913 5083 potest:
947 5031 1071 5069 nam
1109 5014 1234 5070 illud
1266 5029 1330 5069 ex
1363 5015 1541 5086 aliqua
1593 5017 1849 5086 peculiari
1895 5035 2119 5077 conces-

541 5106 693 5160 sione
725 5114 780 5160 et
805 5106 1083 5177 privilegio
1113 5104 1317 5161 factum
1349 5107 1529 5162 dicere
1559 5123 1865 5178 possumus.
1896 5108 2119 5167 Postre-

544 5209 689 5251 mum
742 5197 863 5252 dico
896 5213 1001 5253 nou
1038 5215 1196 5269 posse
1235 5200 1365 5255 mihi
1421 5202 1734 5270 persuaderi
1769 5202 1912 5257 illam
1962 5205 2118 5259 avul-

538 5289 747 5345 siouem
795 5290 1095 5346 Siciliensis
1128 5292 1405 5359 Ecclesim,
1454 5310 1577 5364 quze
1609 5295 1806 5350 dicitur
1850 5296 1986 5352 facta
2018 5302 2119 5355 sub

542 5380 744 5449 Leone,
771 5382 839 5437 ab
867 5398 932 5438 eo
964 5382 1076 5438 ﬁeri
1122 5386 1395 5454 potuisse;
1432 5398 1553 5442 nam
1583 5403 1649 5443 eo
1679 5390 1979 5459 imperante
2003 5390 2118 5461 jam

542 5476 722 5530 omnis
781 5475 966 5532 Sicilia
1002 5492 1031 5530 a
1064 5476 1353 5535 Saracenis
1405 5480 1584 5536 l‘uerat
1631 5494 1914 5550 occupata,
1977 5484 2119 5554 quod

541 5583 607 5620 ex
641 5570 983 5640 chronologis
1010 5571 1198 5640 liquet,
1233 5557 1492 5638 Bai-auio,
1527 5575 1877 5644 Curopatata,
1907 5574 2120 5631 Fazello

543 5669 803 5726 nostrate,
825 5672 879 5718 et
894 5663 1035 5731 aliis,
1054 5674 1106 5719 et
1123 5666 1322 5718 diserte
1340 5662 1729 5723 Conatautinus
1750 5665 2125 5737 l’orphyroge-

543 5762 666 5807 ueta
705 5753 856 5825 itnp.,
883 5755 1074 5813 Leonis
1099 5757 1264 5827 ipsius
1287 5757 1449 5823 lilius,
1476 5757 1568 5813 lib.
1588 5775 1648 5824 tt,
1671 5758 1744 5814 De
1759 5760 1939 5825 tltem.,
1966 5760 2017 5813 in
2042 5760 2125 5813 Si-

1522 324 1926 390 FBANCISCI
1975 322 2241 385 SCORSI
2285 326 2714 393 PROCEMIUM
2754 330 2835 393 II.

3688 333 3786 397 i03

2213 439 2350 494 cilim
2373 444 2564 510 them.,
2585 460 2743 515 quem
2766 445 2939 499 locum
2961 442 3246 501 retulimus
3266 445 3505 501 Proculo.
3532 445 3575 509 1,
3594 446 3623 518 §
3647 464 3685 510 I,
3710 452 3799 520 qui

2209 536 2384 601 captis
2408 537 2621 590 caeteris
2653 536 2877 592 urbibus
2898 536 3201 606 Syracusas
3230 538 3333 591 sub
3358 536 3559 592 Basilio
3603 536 3801 595 Leonis

2209 636 2386 694 patre,
2410 626 2835 685 Tauromenium
2852 629 2953 685 sub
2972 627 3153 684 Leone
3175 640 3400 698 parente
3415 644 3516 684 suo
3531 644 3804 701 expugna.

2213 725 2321 772 tum
2353 718 2519 774 fuisse
2560 729 2808 776 testatur.
2855 720 3022 788 Igitur
3043 720 3154 788 jam
3191 730 3300 774 tum
3330 721 3539 777 ditionc
3582 723 3802 789 politira

2210 811 2487 866 desierant
2519 812 2707 877 etiam,
2740 812 2823 867 vel
2853 814 3033 880 potius
3062 813 3333 867 deturbati
3365 814 3544 867 tbroni
3576 814 3801 870 {iterant

2209 904 2608 973 episcoporum.
2653 903 2989 957 Crediderim
3044 904 3226 974 petius
3260 905 3314 958 in
3348 920 3409 959 ea
3455 905 3670 960 novella
3706 922 3800 961 so-

2211 994 2320 1048 lum
2360 995 2708 1049 constitutam
2740 1009 2863 1050 esse
2889 1009 3079 1048 novam
3131 996 3540 1065 episcoporum,
3580 997 3675 1065 qui
3709 1013 3803 1067 pa-

2210 1088 2459 1142 triarchae
2505 1086 2609 1140 (ΣΡ.
2646 1085 2872 1153 subjecti
2926 1098 3100 1149 erant,
3140 1087 3552 1156 dispositionem
3606 1100 3663 1142 et
3712 1104 3804 1142 or-

2210 1178 2388 1233 dinem
2444 1194 2553 1248 quo
2608 1194 2750 1233 unus
2801 1178 2956 1232 alteri
3020 1183 3351 1247 praecederet
3403 1182 3457 1234 in
3512 1195 3802 1238 consessu.

2209 1271 2477 1326 Caeterum
2513 1272 2657 1324 illam
2688 1270 3022 1324 avulsionem
3061 1269 3259 1325 factam
3290 1281 3534 1339 tempore
3564 1272 3804 1327 Michae-

2208 1362 2274 1418 lis
2308 1365 2437 1433 imp.
2487 1371 2541 1416 et
2580 1363 2892 1418 scbismatis
2944 1363 3225 1421 Photiani.
3261 1365 3376 1431 qui,
3429 1372 3488 1417 ut
3534 1363 3804 1433 Gregorio

2208 1455 2449 1511 Asbesue
2488 1456 2828 1525 Syracusano
2879 1457 3104 1524 gratiam
3165 1454 3416 1519 referret,
3448 1456 3573 1525 ejus
3607 1455 3802 1511 Eccle-

2209 1549 2347 1602 siam
2397 1546 2732 1616 metropolim
2800 1560 3009 1610 creare,
3064 1546 3227 1615 eique
3276 1558 3503 1601 caeteras
3543 1546 3802 1601 Sicilien-

2209 1651 2298 1721 ses
2346 1635 2614 1704 subjicere
2663 1650 2767 1703 qua
2816 1635 2939 1705 jure
2994 1650 3209 1705 quaque
3266 1636 3463 1705 injuria
3520 1638 3699 1692 voluit
3753 1645 3803 1692 et

2209 1739 2433 1785 conatus
2464 1742 2545 1784 est
2577 1729 2923 1799 imperatoria
2977 1729 3152 1784 fretus
3191 1729 3436 1798 potentia
3465 1745 3478 1793 ;
3519 1730 3606 1782 cui
3639 1729 3801 1783 etiam

2210 1825 2331 1892 plus
2378 1825 2513 1877 satis
2556 1823 2606 1876 in
2659 1837 2840 1875 rerum
2894 1821 3395 1876 ecclesiasticarum
3447 1819 3805 1889 dispositione

2209 1914 2519 1968 tribuerunt
2557 1913 2733 1969 Graeci
2768 1930 2781 1967 :
2814 1915 2954 1982 quod
2991 1915 3238 1979 queritur
3274 1911 3569 1967 Gretserus
3614 1921 3804 1966 noster

2208 2009 2261 2063 in
2290 2008 2555 2062 Codiuum
2592 2007 2663 2061 De
2691 2006 2886 2076 ofﬁciis
2917 2006 3056 2060 aulw
3087 2005 3390 2070 Constant,
3411 2009 3661 2075 adeoque
3695 2020 3797 2075 po-

2209 2099 2318 2153 tius
2342 2099 2394 2151 in
2426 2099 2826 2153 contentionem
2856 2098 3172 2168 quamdam,
3201 2112 3363 2167 quam
3392 2097 3447 2151 in
3478 2099 3802 2167 possessio-

2208 2205 2330 2245 nem
2351 2190 2455 2246 CP.
2489 2199 2630 2259 patr.
2648 2189 2848 2243 Siciliae
2874 2188 3043 2244 fuisse
3073 2190 3356 2243 deductam
3390 2187 3718 2254 Ecclesiam,
3740 2203 3803 2245 eo

2209 2284 2601 2351 propemodum
2672 2282 2829 2335 modo
2892 2294 3002 2351 quo
3055 2285 3121 2335 de
3180 2280 3458 2349 Bulgarica
3518 2282 3802 2349 provincia

2210 2388 2399 2428 recens
2423 2374 2489 2426 ad
2522 2372 2679 2427 tidem
2733 2388 2993 2428 conversa
3026 2387 3122 2441 per
3149 2372 3339 2426 eadem
3394 2379 3645 2439 tempora
3698 2370 3803 2423 Ba-

2209 2462 2313 2516 silii
2369 2462 2502 2532 imp.
2551 2475 2669 2517 orta
2721 2463 3092 2518 contrOversia
3144 2470 3230 2517 est
3276 2461 3422 2517 inter
3493 2462 3804 2531 patriarcb.

2210 2556 2475 2626 lguatium
2510 2566 2563 2610 et
2598 2556 2905 2624 pontiﬁcem
2947 2553 3592 2623 Romanum,prazsertim
3622 2552 3802 2606 Joan-

2210 2661 2333 2700 nem
2368 2642 2502 2711 Vlll,
2536 2652 2595 2697 ut
2633 2644 2938 2715 legentibus
2995 2644 3272 2698 historiam
3300 2643 3538 2712 ejusdem
3570 2643 3670 2695 aevi
3703 2656 3803 2696 no-

2214 2752 2321 2794 tum
2373 2748 2476 2795 est.
2526 2736 2633 2793 Sed
2682 2736 2797 2791 haec
2839 2751 2957 2805 qua:
3004 2735 3325 2789 obscuriora
3371 2742 3517 2791 sunt.
3572 2748 3743 2799 quam
3772 2748 3800 2784 a

2210 2832 2367 2887 nobis
2417 2829 2564 2885 vela
2609 2828 2860 2898 quopiam
2892 2844 2959 2883 ex
2990 2827 3109 2882 luce
3157 2826 3383 2880 aliarum
3441 2826 3802 2880 bistoriarmn

2211 2926 2497 2982 illuminari
2524 2931 2578 2980 et
2597 2924 2889 2994 disceptari
2918 2924 3153 2994 possint,
3186 2931 3464 2991 utcunque
3484 2920 3803 2975 existimata

2210 3021 2339 3081 siut,
2389 3018 2529 3072 ltaud
2560 3018 2613 3071 in
2643 3030 2840 3087 magno
2877 3030 3095 3085 ponam,
3156 3016 3318 3069 modo
3372 3012 3505 3066 illttd
3559 3022 3801 3074 couStet,

2210 3112 2353 3182 quod
2415 3112 2668 3166 omnibus
2732 3124 3052 3178 perSttasum
3113 3108 3293 3171 velim,
3338 3115 3391 3161 et
3422 3105 3630 3173 Optima
3693 3105 3802 3159 ﬁde

2212 3210 2468 3271 praestare
2503 3214 2743 3270 possum,
2802 3197 3005 3253 nullum
3035 3197 3088 3251 in
3122 3196 3208 3251 his
3242 3194 3480 3250 homiliis
3533 3208 3804 3263 apparere

2211 3297 2518 3352 schismatis
2552 3296 2711 3351 ullius
2748 3294 3057 3363 vestigium,
3106 3292 3248 3359 quod
3290 3288 3485 3342 attinet
3511 3288 3578 3339 ad
3612 3286 3804 3355 sobje-

2211 3393 2443 3446 Ctionem
2498 3389 2563 3444 ad
2614 3389 2910 3442 Rotnauam
2941 3386 3148 3449 sedem,
3199 3382 3292 3438 sed
3331 3382 3513 3451 potius
3562 3381 3802 3449 plurima

2213 3499 2464 3553 expressa
2537 3492 2849 3553 argumenta
2916 3476 3311 3534 communionis
3361 3473 3429 3527 ad
3474 3471 3669 3536 illam,
3746 3479 3803 3525 ut

2213 3590 2375 3646 supra
2404 3576 2565 3629 etiam
2599 3573 2733 3638 dixi,
2770 3575 3013 3641 adeoque
3067 3568 3209 3637 quod
3243 3568 3308 3620 ad
3342 3568 3482 3621 hanc
3516 3580 3634 3619 rem
3671 3566 3806 3618 atti-

2215 3675 2325 3730 net,
2375 3680 2467 3718 eas
2498 3660 2760 3717 inoffenso
2797 3664 2929 3731 pede
2977 3659 3072 3728 legi
3110 3674 3289 3728 posse.
3340 3655 3527 3725 Neque
3563 3672 3702 3710 vero
3738 3670 3807 3708 ex

2216 3758 2302 3812 illa
2356 3756 2604 3826 epistola,
2661 3771 2822 3821 quam
2877 3769 3038 3819 supra
3073 3767 3138 3806 ex
3187 3750 3557 3820 conjecturaa
3605 3748 3804 3802 l‘botio

2219 3850 2441 3904 missam
2478 3847 2792 3916 Theophani
2833 3847 3099 3899 monacho
3132 3843 3314 3905 retuli,
3355 3842 3560 3912 aliquid
3608 3843 3806 3895 adver-

2219 3956 2314 3995 sus
2349 3938 2757 4008 TheOphanem,
2805 3937 2954 4004 quasi
2980 3935 3263 3990 conscium
3302 3934 3619 3988 schismatis
3658 3934 3780 3988 Pbo

2222 4031 2371 4095 tiani,
2406 4030 2629 4099 ejusque
2676 4028 2908 4097 partium
2948 4027 3247 4080 studiosum
3275 4024 3394 4079 elici
3421 4034 3633 4093 potest;
3669 4026 3811 4078 nihil

2219 4121 2360 4176 enim
2403 4120 2455 4174 in
2499 4135 2563 4174 ea
2610 4118 2786 4190 agitur
2829 4117 2972 4187 quod
3025 4117 3089 4170 ad
3146 4114 3455 4184 hujustnodi
3505 4113 3809 4166 factionem

2220 4220 2428 4283 s‘pcctet
2457 4229 2472 4267 :
2502 4211 2553 4266 id
2582 4212 2721 4279 quod
2762 4222 2940 4263 tamen
2980 4210 3030 4261 iu
3063 4208 3184 4261 aliis
3222 4206 3467 4276 epistolis
3496 4206 3562 4257 ad
3592 4204 3816 4275 Euthy-

2225 4304 2389 4360 mium
2418 4313 2472 4359 et
2514 4302 2835 4369 Gregorium
2871 4302 2956 4370 agi
2991 4301 3235 4355 videtur:
3265 4298 3360 4352 sed
3403 4298 3577 4352 solum
3612 4299 3683 4352 de
3714 4298 3817 4351 αι·-

2223 4394 2466 4450 fcttsione
2499 4395 2766 4466 dugtuaIis
2822 4392 3140 4460 pertinentis
3170 4391 3236 4445 ad
3277 4404 3463 4445 sacras
3508 4390 3816 4457 imagines,

2221 4497 2277 4542 et
2306 4486 2573 4557 prmcipttc
2600 4503 2666 4538 an
2696 4486 2943 4540 Christus
2976 4490 3121 4538 esset
3148 4480 3535 4552 depingendus,
3570 4490 3632 4533 ut
3659 4480 3821 4535 clare

2222 4594 2342 4634 eam
2379 4579 2573 4647 legenti
2607 4589 2862 4632 constare
2913 4585 3126 4646 potest:
3162 4573 3355 4628 deinde
3382 4587 3538 4626 nemo
3564 4571 3825 4626 atlirma-

2224 4671 2295 4725 rit
2333 4685 2362 4724 a
2404 4670 2597 4725 Photio
2631 4669 2740 4739 jam
2799 4668 3266 4723 excommunicato
3311 4672 3364 4719 et
3406 4661 3622 4730 dejecto
3688 4679 3823 4717 eam

2222 4760 2503 4832 epistolam
2556 4760 2775 4816 missam
2810 4778 2823 4815 :
2853 4761 2946 4814 sed
2978 4760 3156 4828 potius
3205 4754 3567 4826 probabiliore
3626 4757 3833 4823 conjes

2224 4860 2374 4904 ctura
2412 4849 2673 4914 censebit,
2710 4865 2832 4903 cum
2879 4847 3191 4915 Theophani
3233 4845 3408 4899 adhuc
3441 4845 3824 4900 manasticam

2223 4943 2387 4998 Vitam
2423 4943 2603 5014 agenti
2632 4945 2701 4999 sit
2746 4941 2973 5011 scripta,
3004 4957 3069 4995 eo
3102 4948 3344 5009 tempore
3400 4937 3665 5006 scriptam
3702 4953 3825 5007 quo

2225 5033 2401 5087 Pltotii
2430 5049 2589 5087 causa
2623 5035 2858 5087 nondum
2892 5032 3025 5086 bene
3058 5039 3334 5100 perspecta
3375 5030 3760 5098 damnataque
3791 5046 3831 5084 ει

2223 5111 2349 5181 sede
2393 5123 2638 5179 Romtma
2667 5134 2720 5177 et
2764 5132 2947 5191 postea
2974 5138 3003 5174 a
3035 5121 3240 5193 synodo
3279 5135 3375 5174 vttt
3413 5119 3627 5174 luisset.
3683 5119 3830 5175 Post

2225 5219 2366 5273 hanc
2425 5224 2601 5271 autem
2666 5215 2954 5285 synodum,
2996 5223 3051 5268 et
3101 5213 3454 5282 compositum
3521 5225 3621 5281 per
3692 5228 3837 5267 eam

2224 5310 2485 5373 schisma,
2537 5306 2850 5377 redditaque
2898 5306 3149 5361 Ecclesia:
3193 5303 3451 5360 Orientali
3502 5307 3849 5374 tranquilli-

2228 5411 2359 5465 tate,
2420 5399 2801 5471 Theophanem
2859 5401 2925 5454 ad
2975 5398 3367 5469 archiepiscopi
3422 5398 3610 5452 sedem
3648 5396 3849 5455 fuisse

2227 5502 2558 5564 promotum,
2591 5502 2648 5545 ttt
2675 5491 2829 5546 initio
2860 5491 2971 5547 dixi
3010 5491 3137 5549 mihi
3167 5500 3376 5545 certum
3418 5499 3675 5558 apparet.

2302 5622 2330 5694 §
2372 5620 2508 5676 Vill.
2545 5622 3003 5693 Peregrinationes
3046 5638 3079 5675 a
3117 5619 3419 5688 TlteOpItane
3461 5628 3770 5686 suscepta’.

2306 5759 2591 5830 Reliquum
2620 5759 2733 5829 jam
2765 5768 2865 5825 est,
2903 5768 2959 5812 ut
2987 5772 3106 5827 qua:
3134 5755 3203 5810 de
3232 5755 3392 5811 rebus
3425 5769 3453 5806 a
3481 5752 3858 5819 Theophane
