4062 6214
322 326 426 394 ll'l

310 466 428 501 sum
456 466 577 502 vero
606 453 704 503 hoc
739 460 934 517 spectat
967 452 1305 520 exemplum?
1335 451 1472 516 Quia
1499 452 1694 504 scilicet
1714 490 1728 512 ,
1764 463 1879 518 quae

311 542 551 593 hesterno
574 541 662 595 die
687 560 717 592 ιι
742 543 889 595 nobis
918 544 1195 614 castigatio
1227 542 1465 598 omnibus
1493 544 1785 611 promiscue
1806 550 1883 594 est

315 633 573 697 adhibita,
628 634 974 698 prudentibus
1022 633 1231 702 quidem
1263 631 1499 702 recteque
1542 633 1883 686 sentientibus

316 728 623 779 correctioni
648 727 789 790 fuit;
819 744 1042 797 quorum
1072 745 1192 782 vero
1222 727 1499 794 depravati
1532 739 1653 780 sunt
1689 743 1880 784 mores.

312 835 376 871 ac
405 818 612 886 difficile
643 823 1000 888 corriguntur,
1058 823 1096 873 ii
1142 824 1194 873 in
1229 821 1477 889 majorem
1522 824 1675 874 etiam
1722 821 1886 888 impu-

305 911 540 962 dentiam
577 912 844 973 derenere,
898 912 1086 964 nedum
1136 928 1343 966 evasere
1384 913 1641 965 meliOres.
1698 912 1882 966 Verum

302 1017 397 1051 nos
428 1018 614 1053 eorum
651 1003 830 1055 morbo
866 1005 1157 1057 acrioribus
1202 1004 1589 1058 medicamentis
1642 1004 1748 1056 Deo
1788 1006 1884 1056 ad-

289 1090 522 1156 jnrante
544 1092 884 1158 medebimur,
912 1104 959 1146 et
996 1094 1482 1159 reprehensionibus
1515 1095 1681 1160 magis
1707 1105 1883 1148 auste-

298 1183 369 1232 ris
393 1183 701 1234 earumdem
719 1192 1005 1252 stuporem,
1039 1195 1092 1237 ut
1122 1186 1316 1238 sentire
1341 1186 1623 1250 aliquando
1657 1186 1880 1249 valeant,

296 1275 690 1337 excitabimns;
718 1292 808 1328 vos
857 1293 973 1329 vero
1021 1279 1112 1347 qui
1173 1279 1388 1332 saniore
1444 1280 1664 1331 consitio
1694 1318 1708 1342 ,
1741 1279 1880 1349 quod

294 1366 490 1420 melius
520 1377 596 1420 est
625 1368 888 1437 eligentes,
934 1370 1003 1423 ad
1035 1373 1280 1438 synaxim
1311 1373 1637 1437 conuenistis,
1662 1389 1880 1441 erange-

294 1460 462 1513 licunt
496 1476 792 1515 sermonem
820 1463 1023 1518 audite.
1055 1463 1216 1518 Zelus
1244 1466 1454 1519 tuendae
1487 1464 1609 1518 ﬁdei
1647 1465 1878 1520 catholi-

298 1570 373 1606 c:e
406 1564 464 1608 et
496 1553 909 1608 refutandarmn
948 1556 1225 1611 bzereseon
1258 1557 1597 1626 apertissime
1639 1558 1881 1612 cernitur

300 1645 352 1698 in
392 1646 644 1713 pluribus
677 1647 935 1712 ltomiliis,
977 1646 1031 1702 in
1066 1648 1260 1717 quibus
1289 1665 1554 1718 nusquam
1581 1659 1689 1701 tam
1738 1649 1878 1702 acri—

298 1749 463 1793 teret
509 1739 751 1806 graviter
806 1741 955 1806 dicit,
998 1755 1303 1810 nunquam
1346 1742 1419 1794 ita
1466 1742 1779 1811 perstringit
1824 1754 1877 1797 et

292 1829 443 1882 acuit
476 1831 698 1901 stylum,
733 1846 893 1898 quam
928 1847 1046 1885 rum
1082 1832 1161 1885 vel
1207 1830 1407 1885 Iuliani
1452 1834 1742 1901 Aposmtae,
1796 1834 1879 1888 vel

292 1922 528 1975 aliorum
561 1938 659 1976 seu
685 1924 988 1992 gentilium,
1015 1940 1106 1978 seu
1134 1924 1506 1978 haereticorum
1544 1924 1839 1978 calumnias
1860 1965 1875 1989 ,

291 2011 614 2078 irrisioues,
636 2028 856 2068 errores
880 2020 1139 2069 adversus
1160 2013 1434 2084 Evang-dii
1463 2018 1607 2071 dicta
1626 2018 1875 2084 iactatas,

290 2102 377 2157 vel
409 2104 585 2157 etiam
619 2105 963 2159 anicularum
992 2104 1220 2160 fabellas
1255 2107 1543 2177 inaniaque
1573 2117 1876 2162 commenta

292 2194 525 2261 refellit,
557 2198 706 2252 hom.
736 2213 789 2259 ν,
821 2212 900 2262 ιιι,
930 2213 1086 2261 mu,
1116 2214 1248 2259 xxx,
1299 2213 1408 2263 xu,
1440 2214 1563 2254 aut.
1615 2199 1879 2253 l’aternus

289 2303 425 2341 vero
456 2289 509 2340 in
548 2302 679 2342 suos
708 2303 862 2342 amor
894 2305 956 2344 ex
993 2290 1081 2344 illo
1118 2291 1383 2359 prooemio
1415 2292 1563 2346 hom.
1612 2291 1686 2345 De
1719 2290 1877 2360 legis-

284 2382 466 2447 perito
498 2382 711 2454 (hontil.
759 2383 836 2454 xi)
873 2384 1007 2441 satis
1042 2394 1284 2455 apparet,
1328 2386 1468 2455 quod
1499 2399 1660 2455 supra
1694 2384 1879 2441 retuli-

288 2492 446 2541 mus,
480 2478 572 2531 ubi
607 2486 757 2533 tanto
783 2480 962 2549 populi
1008 2481 1088 2535 sui
1122 2481 1391 2536 revisendi
1437 2480 1703 2535 desiderio
1752 2496 1873 2534 cum

290 2569 549 2631 abesset,
582 2571 852 2625 exarsisse
874 2571 1149 2641 signiﬁcat
1194 2571 1297 2625 hac
1330 2571 1718 2625 similitudine:
1752 2568 1874 2625 Non

285 2668 579 2727 tantopere
591 2659 846 2728 squalens,
865 2669 913 2714 et
929 2677 1116 2727 aspera
1133 2672 1178 2713 et
1204 2660 1438 2728 arefacta
1457 2667 1596 2714 terra
1616 2659 1873 2712 cwlestem

283 2753 493 2819 appetit
544 2753 778 2817 imbrem,
824 2762 1140 2825 quanto;:ere
1181 2768 1274 2821 ego
1322 2768 1416 2806 ora
1470 2762 1638 2807 uestra
1703 2751 1874 2805 uidere

282 2844 591 2912 cupiebam,
635 2862 665 2899 ο
707 2847 888 2900 concio
931 2845 1036 2899 Deo
1058 2848 1439 2915 acceptissima.
1465 2844 1731 2917 chantnr
1752 2858 1872 2915 qua!

284 2948 627 3008 sequuntur,
674 2953 793 3007 qua:
847 2940 916 2993 ita
966 2940 1238 2994 concludit
1276 2958 1289 2995 :
1323 2938 1432 2994 Sed
1478 2940 1725 3007 quoniam
1774 2952 1868 2991 nos

284 3031 528 3100 Spiritus
557 3042 798 3098 sanctus,
825 3043 871 3087 et
912 3033 1132 3088 Domina
1164 3042 1343 3088 ucstra
1384 3032 1478 3086 Dei
1518 3032 1715 3086 Parens
1742 3047 1867 3085 rur-

282 3144 377 3181 sns
406 3127 469 3179 in
500 3143 667 3180 unum
706 3126 925 3182 adduxit
974 3127 1186 3195 locum,
1240 3138 1288 3181 et
1344 3128 1527 3192 voluit,
1578 3139 1633 3179 ut
1681 3128 1870 3180 iterum

282 3221 581 3290 imaginem
632 3236 782 3274 suam
835 3238 936 3275 non
980 3220 1335 3290 manufactam
1382 3235 1767 3282 veneruremur,
1819 3229 1869 3272 et

283 3326 496 3382 patrem
528 3312 657 3380 ﬁliis
687 3313 957 3366 (celantem
989 3312 1139 3380 facit,
1165 3326 1259 3380 age
1278 3312 1396 3380 jam
1427 3327 1585 3379 rugas
1619 3311 1871 3364 absentia:

283 3423 457 3459 causa
507 3414 813 3459 contractas
865 3407 1200 3471 remittentes,
1234 3413 1535 3457 consuetum
1583 3419 1870 3456 sermonem

285 3501 652 3569 attingamus.
681 3498 826 3552 Idem
852 3513 1005 3557 amor
1033 3498 1339 3552 declaratur
1371 3495 1518 3549 hom.
1549 3494 1624 3548 De
1651 3494 1872 3564 paraly-

288 3592 397 3645 tico
438 3601 635 3643 sanato
669 3590 882 3658 (homil.
905 3590 1047 3652 XXI):
1086 3587 1232 3649 "ccc,
1262 3587 1458 3657 inquit,
1487 3589 1643 3641 vestri
1669 3603 1867 3650 amore,

289 3690 596 3747 eestrrcque
614 3677 862 3730 utilitatis
906 3677 1124 3730 ardente
1152 3676 1412 3730 desiderio
1450 3677 1757 3730 stimulatus
1791 3679 1872 3730 lo-

289 3786 451 3838 quor,
486 3780 562 3834 et,
596 3769 735 3838 quod
767 3770 841 3822 ait
872 3768 1077 3822 divinus
1123 3768 1404 3836 Jeremias,
1437 3769 1609 3825 cordis
1636 3771 1874 3843 sensoria

289 3864 652 3915 dilaceratus.
686 3858 941 3914 Sentiatis
976 3861 1137 3930 igitur
1156 3861 1293 3929 quod
1326 3860 1509 3926 decet;
1544 3870 1593 3914 et
1631 3862 1680 3916 si
1710 3877 1875 3932 usque

293 3954 366 4005 ad
403 3954 552 4006 hanc
587 3952 727 4004 diem
756 3951 822 4004 ab
854 3951 1019 4021 ofﬁcio
1048 3950 1349 4016 deerrastis,
1393 3952 1673 4006 stultitiam
1713 3956 1877 4020 pani-

292 4047 469 4099 tentia
521 4045 832 4109 emendate;
885 4045 1005 4098 inde
1057 4047 1214 4099 etiam
1250 4045 1339 4114 fiet
1383 4056 1441 4100 ut
1478 4062 1569 4100 nos
1616 4046 1878 4101 alacriore

292 4140 479 4192 animo
524 4154 615 4192 nos
665 4136 1023 4191 udhortemur.
1080 4134 1251 4192 Porro
1295 4152 1358 4193 ex
1415 4154 1596 4195 amore
1639 4140 1881 4195 nascitur

296 4233 561 4300 gaudium
610 4230 681 4285 de
720 4228 961 4300 proiectu
1011 4229 1268 4299 ﬁliorum,
1310 4231 1465 4287 dolor
1513 4233 1580 4288 de
1627 4233 1875 4302 delectu;

294 4337 594 4396 utrumque
625 4329 857 4385 ostendit
893 4329 945 4384 in
994 4330 1077 4387 his
1127 4331 1381 4398 homiliis,
1426 4340 1590 4403 atque
1638 4333 1882 4401 apprime

295 4421 528 4475 humilia
566 4421 647 4476 De
687 4421 1178 4492 Transﬁguratione
1204 4425 1564 4494 (heminas),
1589 4426 1750 4481 ubise
1782 4441 1880 4495 pa-

297 4514 435 4569 stori
461 4525 745 4583 comparat
776 4516 842 4570 ab
871 4516 1015 4572 edita
1058 4533 1191 4587 rupe
1230 4534 1444 4589 gregem
1495 4534 1650 4574 suum
1703 4519 1883 4575 multi-

300 4607 564 4675 plicatum
592 4616 828 4676 etprata
874 4619 1181 4677 pascentem
1211 4611 1620 4680 contemplanti,
1673 4625 1739 4667 ac
1784 4612 1883 4667 lte-

301 4699 477 4752 titiam
533 4700 761 4768 agitanti
792 4717 807 4754 :
838 4699 985 4756 Idem
1016 4702 1163 4765 mihi,
1230 4702 1424 4771 inquit,
1487 4705 1739 4759 hodierna
1783 4704 1881 4758 hac

302 4791 611 4845 celebritate
653 4794 931 4862 contingit.
997 4793 1186 4848 Videas
1232 4797 1370 4849 enim
1413 4799 1660 4864 papa/um
1708 4815 1879 4851 meum

304 4899 506 4951 gregem
558 4883 665 4938 Deo
714 4886 959 4941 dilectum
990 4887 1059 4940 ad
1093 4904 1302 4941 sacram
1339 4889 1475 4942 hanc
1522 4890 1682 4944 cedem
1730 4902 1880 4945 tanta

306 4990 419 5028 cum
465 4976 724 5045 religione
757 4990 1176 5044 concurrenlem,
1207 4982 1260 5034 in
1291 4998 1395 5050 qua
1433 4985 1730 5052 purissimae
1767 4984 1879 5037 Do-

304 5068 461 5121 minae
510 5078 713 5122 nostra:
754 5071 929 5141 imago
978 5088 1081 5126 non
1128 5073 1431 5142 manufacta
1478 5074 1732 5130 collocata
1778 5087 1876 5142 est,

302 5176 619 5230 magnopere
653 5160 826 5225 latter,
849 5175 896 5217 et
934 5180 1045 5233 pra:
1072 5166 1267 5233 gaudio
1291 5166 1481 5235 gestire
1509 5167 1702 5233 videor,
1733 5179 1780 5222 et
1810 5172 1879 5225 ad

302 5268 599 5307 sermonem
632 5255 925 5310 habendum
973 5259 1189 5311 incitari
1234 5274 1313 5313 me
1342 5260 1530 5324 sentio,
1565 5270 1668 5316 etc.
1709 5261 1878 5317 Eum-

307 5344 425 5397 tlem
484 5345 656 5400 animi
695 5361 914 5402 sensum
969 5348 1228 5417 exprimit
1282 5349 1499 5404 ltomilia
1558 5350 1637 5405 De
1690 5361 1879 5406 sancta

306 5436 619 5491 Pentecoste
648 5440 859 5509 (homil.
898 5438 989 5507 XL)
1026 5441 1095 5495 ob
1135 5440 1382 5496 eumdem
1428 5445 1609 5512 populi
1646 5460 1878 5499 concur-

308 5544 420 5583 sum
441 5548 459 5597 ;
483 5532 735 5586 eumdem
760 5532 944 5588 itidem
972 5534 1189 5589 ltomilia
1220 5549 1376 5600 mn,
1406 5535 1493 5589 ubi
1525 5552 1580 5589 se
1602 5548 1878 5605 comparat

310 5638 574 5688 generoso
604 5639 748 5694 equo
772 5625 825 5679 in
853 5625 963 5680 lato
992 5640 1186 5696 campo
1216 5628 1505 5683 cxsultanti
1538 5640 1594 5684 et
1621 5645 1876 5686 cursurus

312 5716 569 5781 (scienti;
602 5726 657 5773 et
688 5719 946 5788 magistro
967 5733 1032 5775 eo
1053 5720 1289 5776 alacrius
1313 5723 1541 5776 tradenti
1574 5723 1873 5778 doctrinam

316 5824 419 5879 Quo
447 5810 742 5881 discipulos
776 5811 919 5869 videt
943 5812 1257 5871 attentiores
1285 5829 1300 5867 :
1342 5811 1455 5868 Hoc
1477 5830 1555 5869 me
1584 5814 1762 5884 etiam,
1791 5816 1869 5871 in-

1276 337 1663 397 FltANClSCl
1703 336 1965 396 SCORSI
2006 338 2435 410 PROOEMIUM
2479 351 2553 417 ῙῘ.

3462 356 3560 420 lli

1994 453 2131 518 quit,
2158 460 2349 515 excitat
2375 472 2425 515 et
2465 463 2633 519 reddit
2670 466 3000 535 alam-iorem,
3046 472 3186 542 quod
3213 476 3430 529 arrectis
3461 494 3561 530 an-

1996 548 2141 602 ribus
2184 554 2459 622 animoque
2507 571 2761 625 prwsente
2790 565 3018 616 sermoni
3050 564 3271 619 inhiatis
3320 578 3367 620 et
3413 568 3562 637 jacta

1993 644 2193 695 semina
2225 647 2383 699 sicuti
2424 650 2635 718 pinguis
2669 662 2717 704 et
2745 652 2935 720 fertilis
2969 672 3091 725 ager
3122 658 3378 727 excipitis.
3408 658 3562 713 Unde

1992 734 2146 785 etiam
2180 752 2261 789 me
2301 736 2449 793 bona:
2481 756 2593 808 spes
2622 744 2791 809 alunt,
2813 744 2925 813 fore
2955 756 3010 798 ut
3042 747 3243 814 fructus
3270 750 3561 804 caelestibus

1991 825 2194 881 horreis
2228 832 2410 898 dignos
2437 834 2629 902 afferat
2664 836 2774 890 hazc
2798 837 3153 904 agricultura.
3194 839 3398 894 Contra
3431 857 3558 896 vero

1993 919 2144 975 dolor
2166 933 2219 976 et
2244 923 2540 993 indignatio
2568 943 2691 981 cum
2723 943 2883 983 secus
2914 945 3000 984 res
3046 932 3383 999 procederet,
3426 949 3555 1001 per-

1992 1014 2176 1081 spicua
2207 1025 2290 1070 est
2336 1032 2401 1071 ex
2441 1019 2656 1074 homilia
2690 1037 2848 1092 quam
2908 1022 3068 1091 paulo
3098 1038 3258 1092 supra
3291 1025 3444 1080 retuli
3495 1027 3561 1080 de

1995 1103 2300 1176 I’aralytico
2332 1119 2522 1163 sanato
2547 1112 2602 1165 in
2628 1111 3002 1182 Capharnaum
3027 1132 3045 1171 :
3066 1114 3314 1179 Conanti,
3358 1117 3553 1186 inquit,

1992 1198 2121 1249 mihi
2144 1212 2446 1254 consuetum
2480 1205 2628 1257 adire
2655 1222 2963 1270 sermonem,
2993 1218 3043 1260 et
3071 1208 3209 1261 inter
3235 1210 3558 1276 indignatio-

1992 1302 2102 1338 nem
2118 1304 2485 1362 mazroremque
2506 1298 2733 1349 versanti
2749 1313 2849 1350 vox
2875 1299 3221 1352 mterciditnr.
3248 1298 3396 1352 Idem
3415 1300 3555 1352 enim

1991 1380 2122 1433 milti
2147 1385 2419 1453 contingit,
2441 1389 2578 1455 quod
2599 1389 2797 1443 homini
2819 1389 3194 1460 agricola-,qui
3223 1409 3338 1445 cum
3367 1394 3557 1447 multos

1988 1473 2203 1527 sudores
2254 1476 2308 1529 in
2358 1478 2643 1534 excolenda
2683 1490 2823 1534 terra
2873 1484 3190 1551 profuderit,
3236 1501 3433 1554 paucas
3470 1497 3556 1538 ta-

1990 1577 2106 1614 men
2135 1567 2332 1617 a’statis
2359 1576 2585 1636 tempore
2630 1572 2838 1624 demeti!
2862 1572 3069 1637 spicas;
3111 1583 3163 1626 et
3202 1583 3394 1627 ca‘tera
3433 1589 3557 1643 qua:

1990 1664 2306 1722 sequuntur,
2337 1659 2569 1712 maxime
2602 1663 2666 1714 ad
2703 1677 2815 1716 rem
2839 1662 3059 1728 faciunt,
3102 1665 3167 1717 ad
3198 1680 3317 1733 qua:
3341 1668 3556 1719 remitto

1989 1745 2269 1811 lectorem,
2318 1765 2387 1803 ne
2418 1752 2595 1805 omnia
2630 1753 2733 1807 huc
2777 1764 3109 1823 regeruntur.
3163 1756 3340 1823 Atque
3369 1773 3432 1810 ex
3471 1757 3557 1810 his

1989 1836 2139 1900 locis,
2174 1856 2239 1892 cx
2268 1851 2376 1895 toto
2401 1858 2684 1911 progrrssu
2713 1846 3076 1909 homiliarum,
3114 1848 3165 1901 in
3198 1849 3557 1918 perorationi-

1988 1929 2107 1997 bus,
2138 1932 2228 1985 ulti
2262 1935 2494 1989 maxime
2522 1937 2822 1992 sententias
2855 1939 3087 1992 moralcs
3115 1948 3167 1992 ct
3195 1940 3449 2008 mysticus
3488 1940 3555 1993 ad

1987 2023 2318 2078 audientium
2369 2028 2748 2083 documentum
2798 2030 3030 2098 colligit;
3069 2032 3367 2098 prtcsertim
3421 2047 3552 2086 vero

1986 2115 2040 2168 in
2075 2117 2315 2172 homiliis
2343 2119 2408 2173 de
2424 2120 2650 2184 sanctis,
2678 2120 2765 2175 ubi
2797 2120 2939 2189 ipsas
2959 2130 3271 2176 sanctorum
3299 2113 3555 2179 historias

1987 2211 2224 2262 breviter
2252 2221 2556 2275 enarratas,
2590 2227 2688 2266 nec
2721 2228 2823 2268 non
2860 2221 2914 2267 ct
2943 2215 3206 2282 ipsorum,
3240 2226 3294 2270 et
3321 2215 3552 2270 aliorum

1987 2299 2039 2352 in
2079 2299 2359 2355 historiam
2392 2302 2703 2356 cadentium
2733 2305 2947 2358 nomina
2981 2307 3069 2373 pie
3104 2314 3156 2359 et
3191 2305 3459 2360 subtiliter
3486 2306 3557 2360 ad

1986 2390 2390 2450 informandum
2423 2396 2579 2451 bonis
2615 2397 2857 2451 moribus
2887 2414 3101 2467 gregem
3135 2413 3290 2452 suum
3319 2399 3556 2468 explicat

1983 2492 2037 2536 et
2065 2490 2347 2548 convertit,
2384 2503 2444 2540 ex
2480 2489 2584 2548 his,
2610 2488 2851 2557 inquam,
2880 2490 3186 2557 perspicere
3212 2490 3340 2543 mihi
3372 2490 3556 2543 videor

1980 2572 2104 2625 illas
2136 2574 2260 2628 boni
2316 2574 2555 2644 episcopi
2608 2587 2784 2640 notas,
2835 2592 2972 2644 quas
3017 2588 3296 2632 enumerat
3335 2590 3555 2632 sanctus

1981 2661 2180 2717 Paulus
2206 2665 2271 2718 ad
2300 2664 2666 2733 Timotheum,
2693 2667 2759 2720 ad
2790 2684 2949 2737 quem
2991 2670 3181 2727 scribit
3210 2688 3223 2723 :
3274 2669 3403 2723 Hac
3432 2687 3555 2736 proh

1980 2770 2176 2822 ponens
2228 2755 2507 2822 fratribus,
2543 2757 2705 2811 bonus
2753 2759 2857 2812 eris
2907 2761 3144 2814 minister
3186 2761 3382 2815 Christi
3422 2761 3553 2816 Jesu

1980 2847 2237 2902 enutritus
2267 2848 2428 2903 verbis
2450 2850 2594 2919 ﬁdei,
2619 2859 2672 2904 et
2700 2850 2844 2907 bona:
2870 2856 3140 2917 doctrinm,
3160 2872 3317 2921 quant
3343 2870 3554 2909 assecu-

1982 2946 2066 2991 tus
2095 2955 2188 2994 es:
2235 2940 2437 3009 ineptas
2494 2953 2667 2997 autem
2745 2955 2792 2999 et
2848 2945 3014 2998 aniles
3067 2946 3279 3016 fabulas
3343 2946 3551 3008 devita;

1979 3046 2161 3086 exerce
2201 3042 2376 3087 autem
2426 3045 2474 3088 te
2503 3037 2669 3104 ipsum
2700 3036 2770 3091 ad
2799 3038 3068 3107 pietatem.
3124 3038 3194 3092 Et
3238 3040 3303 3092 ad
3368 3040 3551 3093 Titum

1980 3123 2095 3175 Vult
2122 3125 2431 3195 episcopum
2466 3144 2576 3181 esse
2601 3128 2997 3198 amplectentem
3020 3145 3136 3183 eum
3161 3130 3250 3200 qui
3270 3133 3553 3185 secundum

1980 3216 2277 3271 doctrinam
2329 3227 2427 3283 est,
2481 3219 2686 3286 ﬁdelem
2713 3236 3023 3287 sermonem,
3057 3233 3111 3274 ut
3145 3230 3325 3289 potens
3359 3222 3427 3273 sit
3458 3236 3553 3273 ea:-

1980 3308 2184 3362 hortari
2235 3310 2289 3362 in
2335 3309 2575 3364 doctrina
2628 3327 2787 3376 sana,
2821 3321 2869 3365 et
2899 3328 2985 3365 eos
3035 3313 3126 3381 qui
3182 3312 3553 3366 contradicunt

1978 3416 2229 3470 arguere;
2257 3412 2310 3454 et
2335 3403 2547 3455 demum
2589 3401 2717 3456 illud
2748 3402 2987 3472 ejusdem
3018 3403 3190 3456 sancti
3234 3402 3384 3456 Pauli
3414 3419 3554 3472 prm-

1980 3503 2194 3562 ceptum
2252 3493 2431 3548 facere
2467 3494 2679 3551 videtur
2719 3494 3110 3563 Theophanes:
3156 3491 3403 3547 Prwdica
3435 3510 3552 3547 ter-

1981 3585 2141 3649 bum;
2188 3588 2328 3641 insta
2373 3597 2687 3655 opportune,
2731 3588 3059 3656 importune;
3095 3604 3277 3657 argue,
3314 3586 3549 3650 obsecra,

1981 3676 2196 3740 increpa
2222 3678 2275 3731 in
2314 3679 2454 3732 omni
2480 3679 2734 3747 patientia
2759 3689 2807 3733 et
2838 3679 3101 3734 doctrina.
3153 3678 3212 3733 Si
3245 3678 3365 3749 quis
3414 3681 3554 3732 bcnc

1982 3769 2340 3824 considerarit
2373 3780 2425 3823 et
2457 3771 2767 3838 supradicta
2810 3770 2949 3836 loca,
2981 3780 3037 3824 et
3065 3771 3168 3824 alia
3200 3772 3338 3826 dicta
3376 3770 3427 3823 in
3467 3769 3553 3821 his

1983 3872 2265 3928 perspersa
2303 3861 2665 3923 sermonibus,
2713 3876 2943 3922 mecum,
2997 3860 3184 3926 credo,
3236 3860 3463 3923 sentiet,
3499 3870 3555 3912 et.

1983 3948 2108 4003 boui
2162 3952 2393 4019 pastoris
2438 3950 2695 4006 Ecclesire
2715 3954 2942 4009 formam
2969 3968 3075 4007 non
3105 3954 3263 4007 modo
3293 3953 3377 4005 his
3399 3952 3554 4005 lineis

1987 4042 2384 4105 adumbratam,
2420 4045 2511 4097 sed
2556 4044 2713 4113 plane
2763 4059 3073 4113 expressam
3110 4045 3175 4097 ad
3216 4043 3393 4097 vivum
3423 4059 3553 4098 con—

1987 4132 2303 4200 spicabitur.
2348 4133 2452 4188 Sed
2511 4136 2577 4188 ad
2631 4134 2766 4189 alias
2823 4136 3071 4200 virtutes,
3108 4150 3225 4204 quae
3277 4134 3551 4190 hominem

1988 4224 2253 4294 privatum
2270 4225 2575 4295 perﬁciunt,
2605 4226 3027 4295 progrediamur.

1993 4341 2021 4415 §
2059 4343 2128 4399 Χ.
2175 4342 2408 4399 Virtutes
2468 4343 2610 4405 alite,
2654 4343 2882 4427 maxime
2920 4343 3254 4412 perfectionis
3293 4344 3551 4401 Christia-

2585 4430 2668 4469 nte
2703 4431 2950 4483 promite.

2056 4523 2297 4578 Aliarum
2330 4524 2606 4591 virtutum,
2639 4539 2757 4592 qua:
2778 4524 3041 4593 privatum
3071 4524 3354 4594 perficiunt
3383 4524 3556 4578 homi-

1990 4631 2132 4682 nem,
2169 4618 2334 4672 multa
2367 4633 2578 4688 quoque
2605 4627 2731 4673 sunt
2778 4617 2829 4672 in
2861 4617 2944 4672 his
2989 4618 3323 4671 sermonibus
3367 4617 3552 4670 relicta

1990 4708 2260 4779 vestigia:
2314 4716 2369 4763 et
2406 4723 2536 4763 sane
2565 4709 2609 4763 si
2655 4708 2721 4763 de
2780 4710 3005 4763 summis
3054 4707 3181 4761 viris
3240 4707 3552 4774 perscripta:

1990 4804 2224 4859 historia:
2245 4815 2369 4859 sunt
2386 4819 2671 4874 expressm,
2701 4819 2807 4858 non
2826 4817 3112 4872 corporum
3133 4800 3225 4853 scd
3250 4800 3552 4853 animorum

1989 4895 2272 4967 imagines,
2304 4914 2369 4951 ex
2397 4897 2594 4967 quibus
2623 4896 2798 4966 qualis
2831 4897 2989 4948 fuerit
3033 4894 3242 4946 interna
3292 4892 3555 4960 cujusque

1991 4990 2218 5057 species,
2267 5004 2453 5059 qume
2485 4988 2740 5044 virtutum
2782 4989 3102 5041 lineamenta
3146 4986 3549 5055 cognoscimus,

1989 5098 2052 5135 ac
2093 5081 2249 5134 ﬁdem
2275 5083 2339 5135 iis
2383 5079 2664 5145 habemus,
2696 5082 2766 5135 ita
2811 5090 2867 5133 ut
2907 5079 3214 5147 ltttjusmodi
3264 5080 3550 5147 imaginem

1987 5188 2017 5227 a
2050 5172 2397 5241 Xenophonte
2439 5173 2760 5241 descriptam
2800 5171 3050 5224 omnibus
3093 5173 3330 5226 omnium
3374 5172 3551 5239 pictis,

1990 5264 2129 5320 lictis
2153 5266 2478 5335 sculptisque
2512 5263 2815 5319 simulacris
2872 5263 3149 5331 Agesilaus
3181 5263 3267 5317 ille
3300 5263 3548 5329 prmtulu-

1990 5360 2081 5426 rit,
2115 5371 2260 5415 certe
2282 5361 2458 5415 oratio
2485 5362 2596 5428 ipsa
2628 5359 2805 5425 imago
2836 5357 3015 5410 verior
3041 5355 3204 5411 animi
3254 5364 3307 5408 et
3349 5354 3549 5407 clarior

1988 5449 2231 5505 habenda
2283 5458 2385 5514 est,
2438 5464 2557 5518 quae
2609 5462 2730 5500 cum
2762 5446 2827 5498 ad
2864 5444 3210 5515 exprimenda
3261 5443 3427 5497 animi
3480 5459 3546 5497 at:

1990 5540 2186 5594 mentis
2230 5552 2426 5592 arcana
2475 5551 2631 5589 sensa
2683 5547 2874 5590 natura
2932 5537 3043 5605 ipsa
3092 5542 3401 5602 comparata
3454 5536 3546 5597 sit,

1988 5631 2279 5702 perfecdus
2307 5634 2361 5681 et
2387 5625 2589 5681 certius
2618 5626 2776 5680 ctiam
2812 5626 2984 5695 qualis
3018 5624 3245 5693 quisque
3269 5623 3340 5677 sit
3363 5622 3548 5692 expri-

1988 5726 2085 5779 mit
2117 5732 2171 5776 et
2220 5728 2594 5789 rcprmsenlat.
2642 5717 2829 5787 Itaque
2864 5731 2966 5770 non
3000 5714 3146 5769 solus
3187 5713 3276 5768 ille
3310 5713 3549 5783 philoso-

1988 5803 2124 5884 phus
2168 5811 2535 5884 pervulgatum
2587 5808 2712 5865 illud
2761 5822 2884 5864 vere
2918 5807 3068 5877 dixit,
3113 5805 3381 5876 Loquere,
3413 5815 3467 5858 ut
3499 5813 3547 5855 te
