4062 6214
418 267 520 336 115

412 387 614 442 videam
653 404 672 442 :
706 387 797 442 sed
866 387 1025 440 etTa‘m
1095 399 1294 442 :etcrna
1349 389 1620 458 Sapientia
1676 389 1980 445 Pharisa'os

418 480 840 548 reprehendam,
875 477 1147 542 Quomodo
1182 497 1269 532 vos
1329 483 1544 548 potestis
1602 485 1736 534 bona
1807 480 1977 546 loqui,

413 588 529 626 cum
559 573 672 624 sitis
695 572 867 625 mali?
913 569 1084 626 Ilomo
1113 573 1177 627 de
1207 576 1339 628 bono
1383 575 1629 628 thesauro
1672 575 1846 629 cordis
1898 577 1980 630 sui

411 669 610 737 profert
643 667 800 730 bona,
833 676 881 720 et
919 667 1091 721 malus
1133 669 1285 721 homo
1320 669 1383 722 de
1418 668 1826 724 malothesauro
1859 686 1980 736 pro-

413 759 514 826 fert
557 759 746 824 mala;
795 773 860 812 ea:
895 759 1223 812 abundantia
1253 759 1389 812 enim
1426 761 1597 813 cordis
1629 775 1686 812 os
1727 760 1980 828 loquitur.

415 851 567 916 Quod
603 852 672 904 ita
707 867 736 904 a
770 849 990 904 Christo
1022 851 1225 904 dictum
1257 852 1543 919 accipitur,
1573 862 1630 904 ιιι
1663 852 1982 920 plerumque

415 943 484 993 ita
524 943 844 1007 usuveuiat;
879 955 930 996 et
966 943 1294 1010 experientia
1331 943 1539 1008 doceat,
1570 958 1673 996 non
1701 957 1855 1011 posse
1873 951 1982 996 tam

413 1038 501 1090 diu
535 1038 770 1106 aliquem
799 1036 868 1089 ita
894 1039 1098 1089 vultum
1130 1046 1182 1090 et
1210 1037 1513 1090 orationem
1549 1035 1772 1107 ﬁngere,
1796 1043 1854 1088 ut
1877 1050 1982 1088 non

413 1131 468 1184 in
505 1130 686 1198 aliquo
731 1131 942 1183 obtecta
1009 1129 1213 1182 malitia
1268 1129 1726 1198 deprehendatur,
1777 1138 1835 1183 ut
1878 1143 1982 1181 non

413 1235 677 1274 venenum
717 1215 932 1274 tandem
972 1219 1022 1272 in
1075 1220 1183 1272 imo
1215 1220 1460 1273 residens
1506 1226 1740 1273 evomat.
1793 1216 1982 1285 itaque

413 1327 537 1366 cum
571 1313 625 1366 in
661 1311 745 1367 his
791 1311 1138 1367 sermOuibus
1172 1310 1518 1380 Theophanis
1548 1311 1795 1366 Ceramei
1848 1310 1985 1365 nihil

415 1405 565 1458 illum
594 1419 756 1475 agere
795 1403 965 1469 aliud,
998 1403 1130 1457 nihil
1163 1403 1384 1458 studere
1420 1405 1651 1469 videam,
1685 1419 1848 1472 quam
1887 1418 1984 1456 au-

415 1495 627 1549 ditores
671 1509 799 1548 suos
828 1493 894 1548 ad
930 1495 1183 1546 virtutem
1233 1492 1531 1547 informare
1571 1502 1625 1548 et
1657 1493 1984 1556 incendere;

414 1601 538 1640 eum
593 1599 810 1638 omnem
853 1584 1271 1653 explicationem
1308 1583 1582 1652 Evangelii
1623 1582 1690 1637 ad
1731 1567 1987 1637 virtutum

415 1678 862 1732 exercitationem
917 1677 1315 1745 utilitatemque
1344 1676 1650 1730 auditorum
1707 1675 1776 1730 de
1821 1675 1984 1728 indu-

421 1775 558 1826 stria
587 1771 833 1827 conferat
854 1782 909 1826 et
941 1772 1329 1834 accommodet,
1361 1769 1602 1836 nihilque
1626 1769 1697 1822 sit
1731 1766 1988 1822 doctrinae

421 1864 643 1916 moralis
669 1863 810 1930 quod
849 1876 952 1916 non
997 1875 1294 1916 consonum
1339 1861 1599 1914 doctrinm
1641 1857 1988 1923 moribusque

415 1964 732 2009 sanctorum
764 1953 1006 2019 Patrum,
1039 1952 1171 2006 nihil
1196 1952 1338 2020 quod
1370 1953 1660 2005 nonsolum
1683 1948 1805 2001 vitia
1839 1949 1989 2001 dam-

414 2057 507 2100 net
533 2035 902 2114 virtutemque
951 2043 1322 2107 commendet,
1372 2045 1466 2098 sed
1514 2042 1678 2095 etiam
1714 2055 1984 2094 summum

415 2139 672 2210 perfectae
697 2136 916 2191 virtutis
944 2137 1150 2205 apicem
1184 2143 1417 2205 spectet,
1453 2137 1615 2203 idque
1641 2146 1836 2201 magno
1863 2141 1983 2180 cum

420 2228 578 2281 animi
607 2227 804 2290 studio,
839 2239 996 2279 sensu
1029 2235 1192 2294 atque
1221 2226 1411 2278 ardore
1433 2226 1630 2292 sa-pius
1659 2235 1714 2276 et
1751 2218 1987 2287 graviter

418 2317 740 2371 Inculcatum
793 2317 1243 2380 animadvertam,
1294 2317 1516 2371 credere
1567 2314 1698 2368 mihi
1749 2310 1988 2382 profecto

414 2407 562 2467 licet,
598 2420 692 2460 eas
715 2407 767 2460 in
797 2423 855 2461 se
878 2409 1188 2462 exercuisse
1231 2409 1481 2469 virtutes,
1532 2413 1588 2460 et
1615 2402 1806 2458 iecisse
1839 2402 1988 2472 prius

414 2513 578 2566 quam
629 2499 922 2565 docuisse;
977 2510 1032 2553 et
1075 2514 1198 2553 cum
1233 2514 1423 2554 omnes
1465 2497 1698 2553 homiliae
1733 2497 1986 2566 pietatem

417 2588 879 2655 sanctitatemque
930 2586 1300 2642 Christianam
1329 2597 1382 2642 et
1411 2586 1716 2654 religiosam
1755 2585 1984 2654 spirent,

413 2678 560 2747 pium
595 2677 775 2732 itidem
812 2693 874 2733 ac
904 2677 1212 2746 religiosum
1245 2693 1366 2731 emn
1415 2675 1582 2730 fuisse
1617 2677 1817 2727 virum.
1876 2673 1984 2727 Sed

413 2781 536 2822 cum
585 2769 653 2821 de
702 2769 848 2822 omni
901 2767 1160 2821 virtutum
1197 2780 1392 2836 genere
1447 2765 1500 2818 id
1559 2763 1672 2816 ﬁeri
1724 2763 1985 2830 judicium

413 2859 594 2925 liccat,
629 2869 775 2913 certe
805 2858 870 2912 de
896 2857 1216 2922 humilitate,
1243 2870 1362 2925 quze
1389 2856 1624 2908 maxime
1653 2863 1735 2908 est
1767 2869 1984 2922 χριστο-

417 2949 679 3020 μῐμητος,
709 2959 766 3002 ut
792 2947 1032 3002 auctoris
1059 2947 1219 3001 etiam
1253 2947 1414 3001 verbo
1442 2957 1585 3007 utar,
1613 2946 1679 2998 de
1706 2952 1987 3010 contemp-

418 3040 561 3094 tione
590 3040 920 3108 voluptatum
958 3039 1222 3108 corporis,
1257 3039 1426 3108 deque
1457 3051 1665 3090 summa
1703 3037 1985 3103 perturba-

417 3135 618 3185 tionum
649 3132 812 3186 animi
847 3131 1092 3198 victoria,
1123 3146 1281 3200 quam
1313 3128 1782 3184 mortiﬁcationem
1815 3129 1983 3181 sancti

415 3229 626 3286 Vocant,
659 3234 714 3278 et
749 3222 1106 3293 Theophanes
1150 3224 1226 3278 uti
1268 3223 1535 3278 Climacus
1580 3220 1844 3274 ἀπάθειαν
1879 3233 1983 3272 non

418 3331 524 3368 uno
552 3315 668 3370 loco
690 3316 944 3384 appellat,
971 3316 1206 3369 maxima
1237 3323 1452 3370 exstant
1476 3313 1702 3380 judicia.
1737 3309 1892 3364 llom.
1922 3311 1986 3363 de

413 3404 640 3461 Zachazo
676 3406 905 3476 (homil.
934 3410 1028 3475 xv)
1066 3408 1144 3461 sic
1188 3405 1531 3460 commendat
1572 3403 1928 3458 humilitatem
1966 3419 1979 3455 :

412 3497 663 3564 Zacltwe,
713 3501 968 3568 festinans
1015 3499 1283 3554 descende.
1332 3499 1630 3568 Anagogico
1684 3513 1838 3550 sensu
1890 3510 1982 3548 nos

413 3589 561 3639 docet
615 3586 859 3639 Christus
913 3588 1115 3639 nullum
1170 3586 1318 3638 aliud
1367 3587 1531 3653 magis
1585 3585 1824 3637 idoneum
1875 3598 1984 3636 esse

413 3680 694 3746 ptenitendi
738 3678 1084 3746 principium,
1121 3695 1275 3746 quam
1317 3678 1639 3730 descensum.
1689 3676 1812 3729 ΙΙωο
1855 3689 1984 3727 vero

412 3779 496 3826 est
535 3771 570 3840 ὴ
608 3770 855 3839 μακαρὶα
885 3769 1234 3833 ταπείνωσις,
1279 3770 1430 3822 beata
1472 3768 1566 3822 illa
1597 3768 1890 3828 humilitas,
1921 3781 1984 3818 ea:

413 3869 630 3919 atluerso
662 3865 859 3918 diaboli
889 3866 1147 3932 superbia:
1188 3865 1448 3930 apposita.
1506 3860 1591 3914 Vis
1630 3860 1981 3930 penitentiam

413 3957 676 4023 auspicari
707 3971 726 4010 .'
754 3957 1149 4026 fundamentum
1180 3965 1226 4007 et
1266 3954 1628 4006 inconcussam
1671 3953 1983 4019 pmnitentiw

411 4052 576 4104 basim
613 4067 744 4116 pone
774 4050 1147 4103 ltuntilitatem.
1179 4047 1462 4111 Descende,
1493 4054 1549 4098 ut
1579 4046 1842 4100 attollaris
1881 4044 1982 4096 vir-

411 4152 580 4194 tutum
605 4143 705 4196 alis
734 4142 960 4198 levatus.
986 4141 1239 4196 Eamdem
1279 4139 1598 4194 humilitatis
1635 4139 1976 4191 continenda-

412 4230 613 4283 tionem
645 4245 709 4283 ac
736 4230 1106 4284 celsitudinem
1148 4229 1311 4282 habes
1342 4229 1488 4281 hom.
1517 4229 1579 4280 de
1608 4225 1901 4280 Publicano
1927 4234 1976 4279 et

411 4319 686 4372 Pltaristeo
744 4319 926 4388 (hom.
980 4319 1125 4388 xvr).
1179 4319 1354 4388 Atque
1419 4319 1501 4372 his
1565 4316 1780 4385 quidem
1849 4316 1982 4370 locis

413 4410 649 4464 maxime
684 4411 823 4464 hanc
869 4409 1120 4464 virtutem
1166 4411 1390 4474 extollit,
1423 4410 1476 4462 in
1516 4409 1637 4462 aliis
1675 4423 1802 4462 vero
1830 4407 1895 4461 de
1923 4420 1981 4460 se

413 4503 525 4568 ipse
566 4499 958 4554 demississime
1004 4499 1260 4569 loquitur.
1294 4499 1447 4553 Hom.
1477 4504 1542 4553 de
1568 4497 1981 4568 Arcltisynagogi

409 4593 528 4662 [ilia
571 4602 622 4646 et
671 4590 1093 4645 licemorrltoissa
1141 4591 1348 4658 (homil.
1401 4592 1478 4659 x),
1525 4605 1644 4644 cum
1696 4590 1979 4644 historiam

411 4685 695 4754 allegorice
743 4698 904 4738 sensu
948 4682 1296 4753 explicasSet,
1337 4683 1402 4736 ad
1452 4683 1798 4751 tropoIOgiaIn
1845 4697 1978 4737 con-

409 4789 626 4832 vertens
656 4775 950 4829 arationem
983 4793 996 4828 :
1023 4773 1128 4829 Sed
1153 4775 1278 4844 quid
1322 4776 1470 4836 abeo,
1503 4773 1695 4842 inquit,
1715 4775 1784 4826 ad
1824 4789 1979 4826 voca-

411 4871 602 4925 tionem
645 4872 969 4925 ethnicorum
1012 4881 1060 4923 et
1103 4871 1352 4939 reliquias
1392 4868 1632 4933 Israelis,
1664 4880 1712 4924 et
1762 4879 1980 4924 externa

413 4965 850 5031 circumspiciens,
886 4981 964 5017 me
995 4967 1168 5034 ipsum
1206 4982 1308 5018 non
1353 4967 1497 5018 video
1536 4964 1636 5016 hac
1679 4965 1982 5018 narratione

412 5053 769 5120 descriptum?
798 5056 1026 5124 Agedum
1060 5063 1112 5111 in
1143 5057 1364 5110 historia
1399 5066 1646 5125 tanquam
1686 5057 1739 5108 in
1773 5057 1980 5125 speculo

411 5148 636 5216 figamus
664 5145 829 5198 acient
860 5149 1065 5214 mentis,
1087 5157 1134 5200 et
1187 5148 1536 5216 unusquisque
1562 5159 1794 5201 nostrum
1829 5148 1980 5201 mise-

415 5253 528 5289 rant
575 5237 767 5289 anima:
799 5251 907 5290 sate
948 5238 1295 5290 conditionem
1339 5239 1734 5304 animadvertat,
1777 5247 1879 5290 etc.
1915 5239 1980 5291 Et

416 5325 638 5380 humilia
684 5327 747 5378 de
790 5342 848 5378 eo
889 5328 977 5395 qui
1021 5328 1202 5380 incidit
1250 5329 1304 5379 in
1347 5328 1574 5380 latrones
1625 5327 1831 5398 (homil.
1879 5330 1973 5384 sti:

417 5417 574 5473 Felix
605 5421 765 5489 igitur
797 5421 883 5473 ille
915 5419 1098 5472 doctor
1125 5421 1214 5489 qui
1248 5423 1496 5476 doctrina:
1536 5423 1780 5476 denarios
1811 5423 1982 5475 adau-

416 5511 572 5580 gebit,
603 5511 852 5566 nimirum
880 5526 998 5566 cum
1027 5511 1178 5566 relati
1201 5513 1263 5566 de
1289 5528 1341 5566 re
1363 5529 1457 5566 sua
1484 5513 1766 5568 domestica
1793 5528 1977 5568 sanum

1377 271 1777 337 FRANCISCI
1816 277 2080 340 SCORSl
2119 278 2552 342 PRO(EMI~UM
2591 280 2672 344 Il.

2001 5650 2076 5670 Η

3551 286 3652 350 116

2085 397 2290 446 uerbum
2321 406 2368 447 et
2407 397 2564 450 vitam
2595 397 2746 451 verba
2782 406 3180 452 consentaneum
3209 396 3536 462 impenderit,
3571 401 3658 452 in-

2083 484 2256 552 felices
2299 502 2420 540 vero
2467 503 2649 540 omnes
2687 505 2750 541 ac
2783 490 3128 553 miserabiles,
3165 491 3325 558 quta
3371 501 3527 558 atque
3563 509 3660 562 ego

2084 592 2232 636 sum.
2283 580 2370 647 qui
2421 580 2650 634 inaniter
2694 583 2746 635 in
2797 599 2917 636 aere
2958 593 3334 652 perstrepentes
3382 585 3534 653 quasi
3583 600 3656 636 a's

2083 683 2276 721 sonans
2325 678 2418 722 aut
2469 672 2762 740 cymbalum
2814 675 3040 726 tinniens
3097 674 3370 726 dimidium
3419 674 3656 742 efficiunt

2083 759 2248 823 aperis
2293 759 2435 824 boni,
2476 773 2522 813 et
2565 762 2678 830 ejus
2719 764 2858 832 quod
2903 766 3257 832 praestantius-
3285 773 3381 823 est,
3423 773 3658 832 expertes

2086 861 2314 906 maneat.
2355 849 2560 906 Similia
2613 857 2771 908 habet
2820 856 2965 909 hom.
3002 859 3066 910 de
3117 858 3179 912 S.
3226 857 3472 926 Philippo
3519 859 3662 925 (lu:-

2085 940 2197 997 mil.
2248 947 2450 1010 thx):
2497 943 2752 1014 Equidem
2797 963 2889 1017 ego
2917 963 3152 1015 cuperem
3210 949 3280 1000 ad
3336 948 3656 1000 hortandum

2083 1032 2241 1083 vitam
2288 1043 2408 1085 ante
2452 1051 2604 1099 quant
2654 1035 2804 1088 verba
2858 1051 3178 1103 proponere;
3225 1038 3306 1090 hic
3343 1038 3479 1089 enint
3523 1041 3659 1088 esset

2085 1126 2258 1191 aptior
2296 1127 2516 1179 docendi
2549 1130 2751 1191 modus,
2786 1131 2831 1182 si
2861 1134 3027 1184 verbis
3073 1132 3174 1184 vita
3202 1129 3532 1189 concineret;
3565 1129 3657 1180 sed

2084 1217 2327 1282 quoniam
2359 1217 2517 1270 vitam
2545 1219 2784 1272 omnibus
2813 1231 3140 1288 peccatorum
3175 1224 3393 1272 maculis
3419 1227 3662 1272 notatam

2084 1307 2343 1374 prtefero,
2389 1325 2452 1363 ne
2497 1312 2674 1364 uidear
2725 1321 2894 1365 tanien
2945 1311 3065 1365 huic
3113 1311 3403 1366 celebritati
3449 1309 3660 1362 inutilis

2085 1399 2362 1466 exstitisse,
2387 1417 2482 1468 age
2499 1403 2614 1469 jam
2643 1403 2885 1469 Apostolo
2911 1407 3243 1472 deprecatore
3271 1404 3520 1471 confisus,
3547 1413 3655 1456 etc.

2091 1489 2163 1544 Ex
2201 1491 2284 1545 his
2314 1505 2445 1546 sane
2476 1493 2675 1559 verbis,
2704 1495 2866 1547 etiam
2915 1511 3020 1548 non
3057 1496 3513 1548 animadvertente
3549 1511 3659 1558 me,

2090 1583 2454 1652 unusquisque
2497 1583 2685 1648 lector,
2735 1587 2836 1640 nisi
2882 1587 3279 1642 simulationem
3328 1586 3659 1640 venditatio—

2086 1689 2314 1744 nentque
2348 1677 2582 1740 virtutis,
2615 1687 2675 1730 ut
2707 1679 2770 1731 de
2804 1679 3139 1748 philosophis
3176 1679 3367 1747 priscis
3401 1677 3658 1732 arbitrari

2084 1766 2233 1829 velit,
2282 1778 2484 1835 quanta
2534 1771 2760 1825 dicentis
2805 1773 2876 1825 sit
2919 1771 3110 1834 virtus,
3137 1783 3335 1838 quanta
3377 1771 3660 1825 humilitas

2086 1869 2372 1928 agnoscat;
2403 1869 2457 1913 et
2489 1860 2614 1914 illud
2652 1863 2944 1928 praesertim
2975 1879 3081 1932 quo
3111 1864 3178 1917 de
3207 1864 3434 1932 agimus.
3467 1863 3658 1918 docto-

2087 1967 2194 2004 rem
2223 1951 2418 2003 bouum
2442 1965 2563 2004 cum
2587 1967 2720 2007 sano
2739 1955 2899 2008 verbo
2921 1955 3084 2009 vitam
3109 1953 3433 2022 conjungere
3459 1952 3656 2005 bonaut

2083 2051 2364 2108 Oportere;
2399 2042 2539 2110 quod
2574 2057 2694 2097 cum
2729 2045 2796 2096 ita
2827 2045 3014 2100 doceat
3045 2059 3107 2099 ac
3135 2043 3353 2106 sentiat,
3387 2042 3460 2096 ita
3490 2041 3659 2094 etiam

2086 2148 2143 2186 re
2186 2133 2301 2201 ipsa
2338 2148 2459 2187 eum
2488 2135 2805 2203 praestitisse
2835 2144 3252 2189 consentaneum
3283 2142 3366 2187 est
3389 2131 3660 2200 judicare.

2084 2219 2199 2276 Jatn
2233 2223 2375 2276 hom.
2416 2224 2478 2276 de
2508 2220 2758 2278 Zacchwo
2793 2226 2865 2278 ita
2906 2225 3144 2293 loquitur
3176 2225 3348 2293 (hom.
3394 2225 3482 2290 xv)
3528 2242 3542 2276 :
3591 2219 3659 2274 Et

2087 2313 2326 2368 altiorem
2355 2331 2478 2368 sane
2505 2318 2851 2386 anagogicum
2885 2333 3089 2370 sensum
3127 2316 3447 2385 perscrutari
3477 2325 3663 2380 potue-

2087 2416 2208 2460 runt
2240 2407 2277 2460 ii
2310 2407 2401 2476 qui
2445 2409 2637 2460 mundo
2683 2419 2802 2460 sunt
2849 2411 3025 2474 corde,
3069 2409 3254 2476 quibus
3297 2409 3358 2460 ob
3407 2407 3660 2460 virtutum

2087 2499 2290 2564 capiant
2322 2515 2354 2551 a
2391 2499 2564 2552 divino
2599 2500 2803 2566 Spiritu
2850 2516 2990 2554 mens
3035 2499 3354 2552 illustratur.
3394 2496 3502 2551 Nos
3536 2514 3660 2552 vero

2086 2598 2412 2656 peccatorum
2465 2589 2575 2642 luto
2619 2591 2958 2656 inltterentes,
3005 2606 3096 2660 per
3143 2591 3427 2644 ntediocres
3475 2605 3660 2642 sensus

2087 2681 2458 2750 ingredieutur.
2489 2682 2662 2749 Atque
2695 2682 2810 2735 haec
2844 2681 3160 2735 humilitatis
3193 2683 3514 2735 documenta
3548 2679 3660 2733 sint

2088 2773 2233 2827 satis.
2266 2773 2339 2828 De
2366 2774 2675 2842 passionum
2704 2789 2831 2826 vero
2857 2773 3263 2827 mortiﬁcatione
3288 2774 3360 2826 uti
3390 2774 3660 2841 quua'ttr,

2093 2878 2192 2916 non
2220 2872 2300 2917 est
2336 2879 2472 2917 unus
2513 2864 2680 2917 locus.
2713 2861 2831 2916 Huc
2873 2863 3076 2928 adesto,
3129 2865 3303 2932 inquit
3331 2863 3475 2915 hom.
3507 2864 3570 2915 de
3600 2878 3662 2914 eo

2086 2955 2175 3022 qui
2215 2955 2434 3008 habebat
2493 2954 2745 3024 legionem
2805 2958 3098 3009 damonum
3140 2955 3350 3025 (homil.
3379 2955 3476 3022 ιι),
3503 2962 3664 3022 quot-

2085 3056 2207 3114 quot
2244 3057 2490 3114 tanquam
2521 3063 2553 3098 α
2583 3046 2902 3099 daemonibus
2933 3047 3008 3098 sic
3039 3062 3070 3099 a
3113 3045 3446 3115 pastionibus
3478 3055 3663 3112 tyran-

2089 3137 2204 3188 nico
2241 3138 2521 3202 premimur
2553 3137 2857 3198 dominatu;
2889 3146 2935 3189 et
2979 3137 3114 3188 hanc
3153 3136 3429 3188 historiant
3460 3136 3527 3186 ad
3563 3149 3661 3185 nos

2087 3228 2222 3294 ipsos
2250 3226 2694 3280 accommodemus
2724 3244 2742 3283 :
2772 3242 2882 3279 rere
2907 3227 3042 3278 enim
3071 3242 3102 3276 a
3133 3226 3332 3294 legione
3359 3225 3602 3275 da'monn
3625 3239 3659 3272 tt

2085 3320 2397 3385 possidetur,
2428 3318 2515 3388 qui
2557 3327 2886 3386 peccatorum
2922 3319 3259 3371 multitudine
3301 3315 3574 3384 premitur,
3603 3323 3658 3367 et

2087 3420 2273 3464 ett-tera
2316 3411 2554 3479 legantur
2583 3409 2638 3463 in
2665 3410 2858 3479 quibus
2905 3410 3327 3478 uniuscujusque
3367 3406 3657 3476 passionis,

2085 3501 2383 3572 pnesertim
2413 3515 2537 3554 vero
2569 3499 2680 3564 irae,
2717 3501 3110 3554 deformitatem
3149 3499 3379 3552 maxime
3412 3495 3657 3564 depingit

2084 3605 2139 3647 et
2164 3594 2477 3648 detestatur.
2504 3591 2620 3644 Alia
2646 3593 2809 3645 etiam
2841 3591 3100 3645 virtutum
3131 3590 3354 3644 aliarum
3387 3589 3577 3642 indicia
3609 3588 3655 3642 si

2087 3701 2191 3740 non
2237 3700 2514 3752 expressa,
2560 3695 2706 3738 certe
2751 3684 3065 3736 adumbrata
3111 3681 3286 3750 quivis
3329 3680 3490 3734 etiam
3539 3679 3660 3733 sine

2086 3793 2201 3831 mea
2233 3777 2332 3830 hac
2373 3777 2774 3831 enumeratione
2810 3775 3222 3836 animadvertet,
3271 3789 3389 3844 qua:
3435 3771 3656 3842 quidem

2086 3869 2152 3923 iis
2190 3867 2468 3935 praeditum
2504 3866 2667 3936 hujus
2701 3875 2975 3920 auctorem
3011 3867 3188 3935 operis
3224 3865 3482 3918 indicant.
3519 3863 3657 3918 illud

2087 3975 2212 4014 vero
2241 3960 2409 4014 solmn
2439 3961 2505 4014 ad
2536 3960 2650 4014 haec
2679 3969 2861 4014 nostra
2897 3959 3246 4028 eonjectanea
3283 3957 3654 4026 consignanda

2086 4053 2239 4105 nobis
2279 4052 2444 4114 deest,
2493 4067 2638 4106 tnors
2682 4053 2801 4104 vita:
2845 4052 3210 4120 doctrinisque
3254 4060 3652 4114 consentanea,

2087 4146 2153 4198 de
2181 4158 2284 4212 qua
2317 4144 2572 4210 quoniam
2608 4141 2660 4196 in
2699 4141 3007 4210 perturbata
3043 4141 3129 4194 illa
3166 4140 3352 4194 incidit
3389 4150 3654 4206 tempora,

2086 4235 2217 4289 certi
2253 4234 2520 4304 quidpiam
2556 4249 2619 4288 ex
2655 4234 2895 4288 historiis
2929 4233 3010 4288 vel
3047 4232 3420 4286 traditionibus
3454 4231 3656 4285 habere

2082 4339 2188 4377 non
2222 4325 2513 4392 potuimus.
2545 4324 2608 4377 Et
2638 4325 2762 4392 quid
2795 4325 2984 4377 mirum
3023 4323 3126 4378 hoc
3157 4323 3346 4377 deesse
3382 4323 3432 4376 in
3468 4333 3656 4375 nostro

2081 4415 2430 4482 'l‘heOphaue,
2475 4431 2595 4470 cum
2646 4415 2760 4483 ejus
2808 4417 2930 4470 vitae
2977 4424 3302 4484 postremam
3353 4422 3560 4483 partem
3596 4424 3656 4466 et

2082 4519 2309 4563 mortem
2357 4509 2642 4562 obscurum
2695 4507 2966 4577 exceperit
3015 4509 3290 4568 smculum,
3342 4515 3400 4558 ut
3439 4504 3549 4572 jam
3593 4504 3647 4556 in

2082 4600 2343 4668 proonnio
2372 4600 2437 4653 ad
2466 4600 2694 4654 lectores
2719 4598 2994 4663 admonui,
3024 4613 3130 4666 quo
3160 4597 3357 4652 satculo
3389 4609 3556 4664 usque
3579 4595 3650 4647 ad

2079 4688 2410 4743 Clementem
2445 4686 2486 4740 ll
2521 4698 2669 4756 pont.
2713 4689 2872 4740 etiam
2918 4696 3062 4757 gesta
3115 4684 3420 4754 pontiﬁcum
3467 4684 3516 4735 in
3547 4682 3652 4735 ohe

2083 4795 2242 4835 scuro
2266 4779 2580 4848 incertoque
2604 4788 2749 4841 sunt,
2777 4793 2897 4833 eum
2931 4788 3241 4846 perpetuum
3274 4791 3378 4829 non
3414 4775 3651 4828 habeant

2082 4871 2422 4940 scriptorem,
2456 4880 2508 4924 et
2540 4869 2793 4936 majorem
2825 4884 3043 4923 suorum
3076 4869 3396 4934 scriptorum
3438 4875 3648 4933 partem

2083 4960 2381 5025 amiserint,
2408 4972 2645 5029 tempora
2670 4963 2802 5015 adeo
2825 4961 3055 5014 obscura
3079 4969 3130 5012 et
3158 4959 3360 5012 incerta
3391 4956 3649 5019 habeant,

2083 5066 2140 5110 ut
2175 5069 2345 5123 neque
2378 5068 2484 5122 quo
2525 5065 2785 5123 tempore,
2819 5068 2990 5121 neque
3021 5067 3130 5121 quo
3165 5049 3305 5114 loco,
3340 5063 3512 5118 neque
3542 5064 3650 5117 quo

2083 5149 2270 5201 ordine
2297 5148 2475 5212 aliqua
2505 5148 2868 5200 Romanorum
2901 5145 3211 5213 pontificum
3245 5144 3458 5197 nomina
3495 5156 3652 5210 repe-

2086 5239 2294 5293 riantur
2325 5239 2456 5293 satis
2501 5239 2702 5308 liqueat
2735 5256 2748 5292 :
2782 5238 2926 5307 quod
2973 5237 3214 5306 deplorat
3245 5233 3563 5289 Ciacconins
3595 5233 3649 5286 in

2091 5330 2225 5384 Vitis
2270 5332 2578 5399 pontiﬁcum
2639 5331 2887 5386 editionis
2944 5342 3227 5402 postremae.
3276 5331 3327 5384 in
3378 5328 3496 5381 Vita
3549 5326 3648 5381 Ni-

2079 5421 2215 5476 colai
2245 5423 2284 5485 Ι,
2311 5423 2396 5489 qui
2424 5437 2487 5475 eo
2513 5431 2752 5494 tempore
2776 5420 2960 5479 Roma:
2990 5423 3128 5478 sedit
3154 5438 3262 5492 quo
3290 5419 3652 5489 Theophanes

2083 5523 2266 5568 noster
2306 5513 2534 5568 vivebat.
