4062 6214
316 226 417 289 ll'l

1300 223 1700 287 FRANCISCI
1741 224 2006 287 SCORSl
2044 223 2478 287 PROiEMIUM
2516 223 2643 289 III.

1201 623 1987 739 PROCEMIUM
2075 622 2735 739 TERTIUM

1719 867 2192 935 ΕΙΣΑΓΩῘΊΚΟΝ,

311 1037 771 1102 CONTINENS
827 1038 933 1099 EA
990 1036 1174 1112 QUJE
1214 1036 1324 1097 AD
1380 1033 1915 1097 SCRIPTIONEM
1994 1034 2385 1099 AUCTOBIS
2426 1039 2531 1100 ET
2573 994 3102 1100 INTERPRETIS
3149 1035 3592 1101 SPECTANT.

308 1334 338 1401 ᾗ
370 1330 409 1385 l.
452 1330 723 1385 Doctrina:
743 1330 983 1384 utilitas:
1007 1329 1274 1384 meti-vdua
1299 1338 1346 1383 et
1372 1329 1644 1383 character
1667 1329 1898 1386 dicendi.

388 1421 445 1474 lu
477 1421 672 1487 quavis
713 1420 958 1474 oratione
1000 1420 1108 1472 duo
1142 1422 1319 1472 inesse
1356 1428 1408 1472 et
1436 1420 1713 1472 observari
1751 1422 1909 1475 docet

303 1509 412 1596 .Ilt.
449 1509 588 1578 Περὶ
626 1508 737 1577 τῆς
770 1506 1092 1575 ποιητικῆς
1134 1509 1466 1569 .\ri~loltlrs.
1492 1511 1591 1580 τὴν
1625 1510 1890 1572 διάνοιαν,

318 1593 415 1652 icui
464 1602 523 1654 τὸ
552 1598 706 1671 ἦθος.
775 1602 835 1655 Et
865 1603 1077 1670 quidem
1106 1593 1236 1671 ἦθος
1264 1602 1333 1653 ita
1367 1601 1574 1663 deﬁnit,
1645 1604 1712 1655 '0
1763 1603 1916 1672 δηλοῖ

314 1692 417 1761 τὴν
434 1693 759 1762 προαίρεσιν
787 1693 1042 1758 excidia;
1074 1693 1128 1743 ὲν
1155 1685 1238 1755 οἷς
1264 1693 1364 1744 οὐκ
1386 1692 1501 1745 ἔστι
1529 1686 1687 1763 δῆῖῐον
1712 1693 1746 1765 ἢ
1777 1711 1910 1764 προ-

312 1784 581 1849 «τρεῖται,
604 1781 638 1851 ἢ
677 1780 871 1851 φεύγει
895 1784 922 1835 ὁ
948 1781 1142 1850 λέγων.
1176 1783 1376 1854 Διόπερ
1410 1784 1511 1837 οὐκ
1533 1785 1747 1853 ἔχουσιν
1771 1781 1906 1857 ἦθος

310 1872 448 1926 ἔνιοι
509 1873 619 1927 τῶν
680 1874 858 1942 λόγων
886 1891 900 1905 ·
945 1873 1061 1928 Mos
1092 1884 1188 1937 est,
1225 1875 1316 1942 qui
1339 1877 1570 1928 ostendit
1603 1876 1908 1932 electionem

315 1967 424 2018 sire
457 1966 709 2034 affectum
742 1965 911 2017 animi
940 1965 1111 2032 quatis
1140 1967 1228 2025 sit,
1255 1966 1309 2017 in
1350 1966 1417 2019 iis
1453 1965 1605 2020 rebus
1632 1966 1694 2020 de
1721 1969 1908 2035 quibus

316 2073 423 2109 non
465 2066 541 2109 est
586 2055 958 2125 manifestam,
1000 2072 1067 2109 an
1117 2073 1177 2110 ea
1226 2070 1596 2126 prosequaiur,
1630 2073 1700 2110 an
1744 2058 1915 2129 fugin:

310 2154 406 2218 qui
450 2153 600 2206 dicit.
661 2150 813 2207 Unde
864 2153 1162 2222 aliquorum
1213 2155 1481 2208 orationes
1531 2165 1752 2211 morata:
1810 2174 1913 2212 non

314 2253 443 2297 sunt
476 2243 770 2308 ςΔιάνοιαν
812 2258 937 2297 tero
978 2244 1046 2297 ita
1079 2259 1092 2296 :
1146 2243 1234 2294 Ἑν
1276 2239 1359 2308 οἷς
1405 2245 1821 2300 ἀποδεικνύουσξ
1860 2265 1914 2302 τι

314 2335 396 2399 ὡς
460 2335 637 2398 ἔστιν,
680 2336 713 2407 ἢ
748 2336 824 2399 ὡς
879 2336 979 2389 οὐκ
1030 2335 1266 2406 ἔστιν,ῆ
1317 2338 1547 2391 καθόλου
1581 2356 1634 2391 τι
1673 2340 1912 2408 ἀπεφαί-

313 2442 553 2480 νονται’
598 2425 871 2481 Sententia
926 2443 1043 2480 rem
1094 2438 1204 2489 est,
1254 2428 1309 2480 in
1371 2427 1563 2498 quibus
1633 2430 1912 2483 ostendunt

320 2519 638 2588 quidpiam,
667 2519 805 2589 quod
829 2519 919 2584 sit,
954 2520 1034 2571 re!
1060 2536 1161 2572 non
1192 2520 1259 2573 sit
1283 2558 1297 2582 ,
1326 2520 1404 2573 uel
1435 2521 1674 2574 universe
1709 2520 1911 2591 aliquid

317 2609 614 2678 deﬁniunt.
667 2609 797 2665 Cum
855 2611 1022 2682 igitur
1082 2611 1364 2679 superiore
1406 2610 1679 2666 Prommio
1730 2627 1911 2667 mores

320 2702 559 2756 dicentis
607 2718 669 2756 ex
742 2700 1025 2769 ipsiusntct
1084 2701 1329 2753 oratione
1390 2701 1647 2769 expiscati
1700 2701 1910 2767 simus,

327 2804 761 2847 Consentaneum
803 2799 920 2859 est,
957 2800 1019 2846 ut
1069 2793 1169 2846 hoc
1214 2792 1516 2861 prmsertim
1568 2793 1908 2863 paragrapho

313 2887 448 2955 quid
496 2888 610 2954 ipse
641 2886 872 2948 sentiat,
905 2885 1007 2938 hoc
1038 2893 1121 2940 est
1162 2885 1461 2939 doctrinam
1482 2923 1498 2950 ,
1528 2884 1757 2954 quadam
1780 2899 1910 2954 syn-

318 2981 438 3045 opsi
506 2991 897 3047 proponamus.
932 2976 1011 3030 Ac
1060 2977 1295 3045 primum
1331 2976 1545 3043 quidem
1582 2975 1707 3029 illud
1740 2991 1905 3045 gene-

320 3071 487 3123 ratim
544 3070 722 3122 dicant
751 3108 767 3131 ,
802 3068 919 3138 cjns
954 3069 1255 3121 doctrinam
1313 3080 1474 3134 atque
1518 3068 1817 3121 sententias
1847 3077 1903 3122 ut

324 3162 383 3214 in
439 3160 692 3229 plurimis
740 3176 865 3214 cum
925 3169 1165 3212 veterum
1216 3158 1434 3212 Patrum
1486 3168 1906 3228 sanctorumque

322 3250 495 3304 dictis
545 3250 904 3318 smsibusque
955 3263 1290 3317 congruere;
1325 3262 1529 3316 eosque
1570 3248 1684 3319 ipse
1728 3264 1786 3304 se
1815 3265 1905 3303 so-

328 3341 467 3395 ctari
511 3343 837 3411 proﬁtetur;
867 3353 919 3396 et
955 3342 1275 3411 quandoque
1307 3343 1521 3412 quidem
1563 3343 1781 3411 proprio
1814 3358 1907 3396 eos

320 3432 558 3499 appellat.
602 3436 840 3494 nomine,
861 3432 1149 3501 aliquando
1171 3433 1903 3492 describitantonomasticc:

318 3524 459 3577 duos
506 3524 561 3576 in
615 3525 804 3592 primis
850 3522 1186 3595 Grcgorios.
1240 3524 1637 3578 Nazianzenum
1689 3532 1741 3577 et
1775 3524 1908 3594 Nys-

322 3630 517 3667 senmn
543 3653 557 3676 ,
592 3626 702 3668 tum
736 3614 1015 3687 Cyrillum,
1039 3617 1316 3680 Basilium,
1345 3614 1403 3669 S.
1440 3614 1728 3669 Maximum
1760 3630 1907 3668 mar-

327 3717 544 3775 tyrem;
602 3722 831 3775 quorum
887 3724 994 3760 non
1063 3710 1221 3762 nodo
1267 3707 1621 3776 Theophanes
1671 3708 1907 3761 auctori-

330 3796 535 3848 tatibus
584 3797 775 3858 utitur,
808 3796 903 3850 sed
948 3812 1136 3850 versus
1170 3799 1333 3851 etiam
1384 3806 1437 3850 et
1475 3797 1621 3850 locos
1669 3797 1909 3866 integros

322 3882 607 3948 decerpit;
655 3885 798 3953 quod
851 3891 905 3936 et
956 3883 1293 3953 antiquiores
1346 3884 1462 3949 ipso
1508 3886 1822 3955 scriptores,
1854 3897 1910 3942 et

320 3976 653 4041 posteriores
713 3973 994 4028 factitasse
1022 3975 1407 4042 comperimus.
1450 3976 1509 4030 S.
1544 3975 1909 4034 Damasceous

324 4063 383 4116 in
419 4063 574 4118 libris
631 4064 703 4118 De
753 4066 1050 4118 orthodoxa
1084 4067 1188 4135 ﬁde
1212 4103 1229 4131 ,
1276 4075 1330 4120 ct
1380 4068 1603 4137 reliquis
1627 4107 1643 4129 ,
1686 4068 1852 4123 multa
1880 4085 1910 4125 a

325 4152 554 4218 Basilio,
594 4155 863 4226 Gregorio
909 4156 1254 4212 Nazianzeuo
1297 4160 1528 4229 aliisque
1555 4161 1793 4230 ejusdem
1821 4177 1906 4216 or-

324 4246 471 4299 dinis
531 4246 782 4301 Patrihus
827 4249 1055 4303 libenter
1109 4261 1402 4318 corrogat,
1450 4259 1611 4320 atque
1669 4253 1910 4321 integros

335 4353 482 4405 sa'pe
540 4349 717 4392 textus
780 4347 834 4394 et
889 4350 1030 4396 totas
1079 4342 1242 4396 etiam
1295 4344 1543 4412 periodos
1608 4353 1908 4398 mutuatur.

316 4432 462 4498 Quid
504 4435 569 4488 de
591 4433 1015 4506 Theopbylacto,
1048 4436 1360 4509 Euthymio,
1389 4439 1726 4495 OEcumcnio
1755 4440 1907 4494 dixe-

320 4526 450 4590 rim,
495 4528 584 4594 qui
622 4526 681 4581 8.
717 4527 1090 4600 Cbrysostomi
1146 4545 1251 4584 non
1301 4532 1459 4583 modo
1491 4539 1548 4583 ut
1583 4540 1907 4593 sectatores,

331 4619 429 4671 sed
461 4618 628 4672 etiam
679 4621 1064 4687 epitomatores
1094 4621 1209 4675 noti
1244 4632 1406 4687 sunt;
1453 4637 1681 4690 quorum
1729 4632 1905 4678 tamen

326 4709 380 4763 in
412 4709 467 4764 Si
508 4708 849 4781 Scriptnratn
879 4714 1269 4769 commentaria
1314 4716 1367 4767 in
1401 4716 1574 4783 pretio
1622 4715 1905 4771 habentur.

323 4800 561 4855 Sanctus
592 4803 934 4867 Ambrosius,
971 4813 1023 4858 ut
1061 4804 1128 4859 de
1172 4802 1382 4859 Latinis
1428 4805 1633 4874 aliquid
1670 4816 1906 4888 tangam,

326 4900 390 4941 ιιι
436 4901 626 4944 aut-tor
673 4902 758 4946 est
794 4892 983 4946 Sixtns
1014 4891 1272 4946 Senensis
1296 4931 1311 4954 ,
1342 4907 1505 4960 opera
1553 4909 1649 4946 sua
1689 4911 1755 4947 ex
1785 4894 1909 4949 Ori-

324 4996 465 5049 gene
487 5024 500 5040 .
537 4980 743 5036 Basilio
786 4982 1015 5051 aliisque
1050 4981 1256 5037 Grazcis
1284 4982 1541 5038 Patribus
1575 4985 1907 5052 compilavit.

326 5072 672 5130 Venerabilis
701 5076 845 5131 Beda
894 5090 959 5130 ex
1013 5074 1073 5128 S.
1104 5075 1387 5143 Augustini
1436 5076 1593 5130 dictis
1638 5075 1800 5130 etiam
1847 5078 1912 5132 li-

330 5166 463 5218 bros
514 5165 784 5235 implevit.
821 5166 1000 5233 Atque
1029 5165 1083 5219 bi
1115 5166 1328 5233 quidem
1376 5166 1695 5234 posterioris
1725 5167 1907 5222 steculi

324 5252 522 5310 Patres
571 5257 816 5325 priorum
861 5257 1164 5310 imitatores
1203 5256 1304 5311 hoc
1346 5257 1464 5326 ipso
1495 5258 1637 5328 quod
1672 5268 1906 5313 veterem

334 5346 647 5399 doctrinam
686 5346 964 5402 subsecuti
1011 5354 1159 5412 sunt,
1182 5346 1305 5416 jure
1340 5348 1650 5415 laudantur;
1700 5365 1825 5403 nam
1854 5359 1909 5404 et

336 5436 449 5491 illis
496 5437 847 5493 subscribere
876 5440 980 5509 ipsi
1010 5439 1108 5493 visi
1144 5448 1272 5493 sunt
1296 5480 1313 5503 ,
1359 5449 1413 5493 et
1444 5440 1684 5510 pluribus
1712 5439 1907 5496 suifra-

330 5529 435 5601 giis
468 5530 775 5585 doctrinam
809 5531 1134 5586 catholicam
1179 5532 1497 5601 approbare.
1530 5532 1649 5600 Quo
1688 5534 1909 5591 nomine

304 5632 387 5675 ‘et
422 5621 641 5691 quidem
675 5622 874 5678 merito
903 5622 1063 5679 etiam
1088 5620 1471 5694 Theophanem
1495 5633 1737 5679 nostrum
1768 5624 1909 5682 inter

2000 1345 2093 1386 eos
2122 1328 2308 1386 Patres
2348 1329 2486 1386 noni
2509 1329 2698 1385 saeculi
2727 1340 3044 1384 annumerat
3083 1327 3398 1382 Dominicus
3430 1328 3576 1383 Gra-

2007 1424 2128 1476 vina
2160 1432 2293 1477 tom.
2313 1422 2383 1478 Ill
2406 1420 2807 1477 Catholicarum
2833 1420 3312 1487 Prazscriptionum
3343 1419 3594 1473 adversus

2011 1517 2179 1569 nostri
2209 1516 2454 1585 temporis
2483 1516 2776 1577 Itwreticos,
2815 1529 2873 1583 p.
2909 1514 2961 1575 l,
2992 1514 3082 1583 qui
3114 1528 3180 1567 ea:
3214 1530 3346 1567 auro
3380 1525 3595 1581 aposto-

2015 1605 2235 1658 licorum
2270 1603 2494 1658 Patrum
2542 1614 2691 1658 scuta
2724 1619 2889 1655 aurea
2929 1602 3261 1667 fabricarum
3292 1611 3342 1655 et
3385 1605 3437 1655 in
3468 1611 3597 1655 tem-

2015 1697 2158 1764 plum
2198 1697 2410 1751 Domini
2446 1695 2767 1757 intulerunt,
2801 1703 2861 1747 ut
2904 1696 2957 1746 in
2998 1710 3057 1748 ea
3091 1695 3236 1747 mille
3267 1695 3437 1764 clypei
3465 1711 3595 1764 pen-

2015 1790 2196 1843 derent
2222 1831 2238 1854 ,
2287 1791 2458 1843 omnis
2489 1796 2766 1841 armatura
2816 1787 3057 1856 fortium.
3094 1786 3200 1840 Sed
3237 1797 3294 1840 ut
3339 1787 3513 1855 aliqua
3543 1787 3596 1838 in

2024 1894 2234 1933 sununa
2272 1879 2662 1948 perstringam,
2713 1877 2855 1932 nulla
2907 1878 3019 1932 fere
3071 1887 3150 1931 est
3187 1894 3253 1933 ex
3308 1878 3590 1932 duodecim

2023 1969 2130 2024 illis
2182 1970 2464 2024 catholicis
2512 1968 2871 2032 veritatibus,
2920 1983 3057 2039 quas
3108 1971 3366 2023 adversus
3416 1967 3596 2023 Calvi-

2027 2061 2196 2115 nistas
2227 2076 2291 2116 ex
2341 2061 2623 2131 Scriptura
2657 2068 2711 2114 et
2763 2057 2864 2114 SS.
2913 2060 3206 2123 Patribus,
3256 2069 3310 2113 et
3360 2059 3597 2128 antiquis

2029 2152 2391 2221 scriptoribus
2421 2154 2705 2206 conlirmat
2732 2148 3065 2211 Gnalterius.
3091 2148 3367 2204 societatis
3396 2159 3600 2203 nostra:

2027 2245 2264 2313 scriptor
2295 2242 2714 2307 eruditissimus,
2751 2241 2806 2295 in
2840 2256 2933 2297 sua
2961 2240 3342 2310 Chronologia,
3367 2254 3595 2309 quorum

2022 2332 2333 2388 testimonia
2367 2331 2436 2387 ab
2466 2332 2571 2386 hoc
2611 2330 2946 2401 Theophane
2977 2330 3086 2399 peti
3134 2344 3239 2384 non
3273 2330 3513 2398 possint,
3545 2332 3602 2381 et

2022 2424 2076 2477 in
2129 2439 2286 2478 suum
2331 2424 2588 2479 steculum
2622 2422 2843 2491 conjici.
2890 2420 2967 2478 De
3019 2430 3365 2489 sacrosancto
3419 2421 3598 2474 missa!

2031 2513 2299 2567 sacriﬁcio
2319 2554 2332 2577 ,
2367 2515 2434 2568 de
2460 2514 2666 2568 honore
2696 2523 2748 2568 et
2782 2513 3125 2567 invocatione
3154 2521 3466 2565 sanctorum
3487 2548 3503 2573 ,
3530 2510 3600 2563 de

2026 2604 2346 2658 adnratione
2374 2604 2671 2674 imaginum
2693 2645 2709 2667 ,
2742 2618 2804 2656 ac
2845 2604 3118 2672 prtecipue
3161 2612 3364 2656 sanctae
3395 2601 3598 2662 crucis,

2017 2696 2086 2749 de
2111 2696 2286 2751 libero
2310 2697 2564 2755 arbitrio.
2590 2698 2655 2749 de
2699 2695 2803 2750 tide
2837 2708 2957 2748 cum
3004 2694 3160 2747 bonis
3183 2694 3441 2762 operibus
3469 2706 3602 2745 con-

2010 2785 2387 2858 jungenda,de
2404 2786 2595 2841 iisdem
2619 2787 2896 2857 operibus,
2927 2800 3048 2855 qum
3077 2785 3249 2854 gratia
3267 2785 3443 2838 divina
3464 2786 3596 2840 sub-

2019 2880 2145 2933 nixa
2194 2879 2364 2933 vitam
2411 2886 2789 2948 promerentur
2834 2885 3092 2932 aeternam
3120 2918 3134 2941 ,
3165 2877 3230 2931 de
3256 2875 3464 2946 jejunio
3499 2891 3593 2932 ccc

2015 2973 2345 3038 clcsiastico,
2390 2971 2690 3042 praesertim
2738 2970 2797 3025 S.
2829 2970 3288 3039 Quadragesimae,
3322 2971 3387 3024 de
3416 2970 3598 3038 poeni-

2015 3067 2196 3120 tentia!
2218 3074 2583 3127 sacramento,
2600 3072 2654 3117 et
2675 3060 3018 3118 cantessione
3039 3059 3324 3114 auriculari
3347 3100 3362 3122 ,
3394 3060 3460 3114 de
3480 3058 3600 3112 Pri-

2011 3166 2155 3209 matu
2180 3156 2238 3209 S.
2252 3155 2395 3210 Petri
2418 3164 2471 3210 et
2490 3154 2748 3208 Romana!
2770 3152 3043 3213 Ecclesiae.
3063 3153 3127 3205 de
3143 3150 3388 3219 ejusdem
3412 3161 3601 3204 aucto-

2011 3248 2174 3303 ritate
2217 3249 2271 3302 in
2318 3249 2432 3304 suis
2462 3247 2852 3311 decisionibns,
2884 3248 2949 3299 de
2992 3246 3097 3308 his,
3127 3246 3362 3311 inquam,
3404 3246 3457 3297 in
3491 3244 3592 3297 hoc

2008 3355 2174 3409 opere
2201 3339 2287 3392 vel
2344 3343 2583 3407 integras
2632 3337 2884 3393 homilias
2913 3338 3079 3392 babes
3104 3375 3120 3398 ,
3164 3345 3221 3388 ut
3252 3338 3315 3389 de
3342 3335 3396 3390 8.
3427 3335 3599 3390 Crura

2013 3432 2234 3503 (homil.
2291 3433 2389 3502 tv),
2443 3441 2501 3486 et
2562 3429 2667 3486 SS.
2722 3429 3048 3500 Imaginibus
3098 3429 3307 3497 (Imntil.
3349 3430 3466 3499 xx),
3513 3434 3598 3487 vel

2009 3525 2235 3579 illustria
2263 3526 2379 3580 loca
2413 3539 2514 3594 pro
2541 3539 2599 3579 re
2634 3535 2796 3590 nata;
2828 3524 3164 3593 plurimaque
3196 3523 3263 3577 de
3292 3535 3590 3593 postremo,

2010 3614 2265 3668 nimirum
2297 3616 2367 3668 de
2396 3615 2632 3683 primatu
2665 3613 2723 3668 S.
2755 3613 2922 3675 Petri,
2973 3628 3034 3666 ac
3080 3615 3381 3679 prmsertim
3414 3613 3589 3666 homi-

2008 3705 2136 3758 liant
2176 3709 2241 3760 de
2286 3703 2385 3760 SS.
2422 3704 2581 3760 Petro
2622 3717 2665 3758 et
2694 3704 2864 3758 Paulo
2929 3705 3140 3773 (homil.
3177 3704 3295 3773 LV),
3329 3719 3448 3771 qua:
3499 3717 3599 3757 nos

2009 3795 2318 3849 testimonia
2379 3795 2491 3850 suis
2537 3794 2670 3849 locis
2724 3794 2909 3848 omnia
2967 3794 3323 3847 observamus
3372 3803 3427 3847 et
3471 3792 3593 3845 illu-

2007 3898 2267 3943 stramus.
2304 3887 2566 3941 Prazterea
2599 3885 2856 3941 adversus
2903 3885 3241 3955 antiquiores
3284 3883 3593 3938 haereticos.

2007 3979 2214 4040 Arium,
2244 3976 2638 4040 Macedoniam,
2668 3975 3015 4039 Eunomium,
3058 3975 3395 4042 Nestorium,
3422 3974 3594 4047 Euty-

2007 4069 2218 4124 chctem
2246 4068 2469 4138 ejusque
2495 4077 2795 4123 sectatores
2814 4066 3135 4135 Acephalos,
3165 4076 3219 4120 et
3266 4066 3554 4122 Armenios
3577 4086 3593 4128 ;

2009 4160 2310 4230 praisertim
2377 4174 2509 4214 vero
2563 4158 2827 4213 adversus
2880 4157 3266 4227 impiissimum
3316 4155 3589 4212 lulianum

2017 4252 2333 4323 Apostatam
2388 4253 2549 4308 etiam
2627 4252 2950 4305 nominatim
3004 4265 3147 4319 saepe
3210 4251 3488 4305 invehitur
3537 4262 3588 4303 ct

2023 4346 2169 4400 acuit
2201 4345 2419 4414 stylum,
2448 4358 2745 4411 eorumque
2775 4341 3016 4397 confodit
3049 4355 3286 4403 errores.
3312 4351 3367 4398 et
3393 4342 3601 4397 doctri-

2021 4451 2145 4490 nam
2178 4435 2507 4489 catholicam
2552 4441 2883 4489 contutatur.
2933 4433 3085 4499 Quod
3135 4444 3314 4489 autem
3358 4434 3422 4486 ad
3457 4434 3594 4489 duos

2015 4527 2325 4581 Graecorum
2397 4541 2612 4582 errores
2663 4526 2775 4597 jam
2856 4526 2908 4580 in
2982 4526 3218 4581 concilio
3281 4526 3595 4581 Florentino

2017 4619 2299 4674 damnatos
2344 4618 2412 4673 de
2464 4618 2810 4687 processione
2860 4617 3093 4686 Spitiltts
3137 4619 3306 4671 sancti
3354 4634 3383 4670 a
3432 4617 3594 4671 Patre

2016 4719 2070 4763 et
2099 4708 2255 4773 Filio,
2300 4718 2355 4764 et
2386 4710 2453 4765 de
2487 4713 2789 4764 animorum
2825 4720 2948 4763 aute
2976 4711 3116 4773 diem
3139 4709 3327 4779 jndicii
3355 4708 3585 4763 beatitu-

2020 4800 2168 4865 dine,
2205 4801 2334 4855 nihil
2381 4812 2464 4856 est
2511 4801 2564 4855 in
2615 4800 2701 4855 his
2753 4800 2987 4855 homilits
3044 4798 3390 4866 Theophanis
3449 4803 3591 4867 quod

2020 4895 2139 4948 illos
2182 4894 2469 4949 manifeste
2498 4895 2812 4957 contineat,
2846 4907 3018 4961 neque
3060 4891 3201 4959 quod
3253 4892 3318 4944 ad
3364 4892 3593 4949 tuendos

2017 4999 2234 5038 errores
2271 4984 2388 5039 illos
2413 4985 2604 5039 deduci
2638 4994 2824 5053 aperte
2866 4982 3072 5051 possit:
3104 4982 3234 5051 quin
3271 4983 3434 5038 etiam
3464 4995 3595 5040 sunt

2018 5076 2161 5129 dicta
2197 5075 2456 5129 nonnulla
2491 5090 2556 5129 ex
2595 5075 2788 5129 anilms
2831 5071 3094 5127 catholica
3118 5074 3364 5143 dogmata
3394 5074 3595 5129 conﬁr-

2020 5166 2155 5220 mari
2193 5167 2432 5235 possint,
2467 5165 2611 5234 quod
2657 5180 2758 5218 nos
2802 5162 3018 5232 longius
3072 5165 3504 5219 demonstremus
3537 5166 3591 5220 in

2021 5258 2165 5313 notis
2189 5258 2254 5312 ad
2285 5259 2373 5312 illa
2406 5258 2524 5312 loca
2575 5258 2629 5312 in
2675 5256 2872 5325 quibus
2920 5255 3134 5324 aliquod
3166 5257 3310 5310 circa
3349 5257 3462 5310 tta-c
3495 5259 3594 5308 du-

2027 5351 2171 5405 bium
2198 5366 2265 5405 ex
2315 5352 2476 5405 modo
2520 5350 2769 5418 loquendi
2819 5349 3164 5418 Theophanis
3193 5363 3288 5416 pro
3315 5347 3421 5402 illis
3451 5356 3592 5403 tem-

2018 5442 2275 5512 poribus,
2315 5442 2511 5509 quibus
2558 5441 2735 5496 adbuc
2788 5441 3005 5496 deﬁnita
3053 5449 3108 5494 et
3156 5439 3421 5509 explicata
3480 5454 3592 5497 non

2017 5542 2193 5598 erant,
2217 5533 2384 5602 possit
2402 5547 2709 5587 occurrere.
2741 5532 2857 5588 lam
2885 5532 3025 5603 quod
3054 5531 3120 5585 ad
3141 5532 3374 5600 privatos
3395 5547 3587 5587 sensus

2018 5627 2074 5681 in
2126 5624 2447 5695 explicando
2478 5623 2771 5697 Evangelio
2810 5632 3015 5695 spectat
3041 5660 3057 5689 ,
3091 5631 3217 5677 sunt
3265 5621 3337 5676 illi
3366 5623 3583 5694 quidem
