4062 6214
460 282 565 347 119

459 412 567 452 non
596 412 722 452 raro
766 396 1059 464 litterales,
1106 399 1198 453 sed
1251 402 1569 471 plerumque
1615 405 1851 474 mystici,
1900 403 2025 455 alle—

460 489 665 555 gorici,
720 488 1071 558 tropologici,
1123 493 1407 561 anagogici
1444 509 1474 547 a
1527 495 1705 550 verbis
1751 497 2028 565 Evangelii

459 588 763 639 eruuntur,
812 592 954 645 quos
1002 580 1067 632 ad
1117 581 1485 637 informandos
1541 585 1878 652 potissimum
1930 586 2031 654 piis

465 669 707 724 moribus
732 678 787 722 et
812 666 1121 724 Christiana
1151 672 1480 739 perfectione
1516 676 1789 731 auditores
1818 691 2031 729 accom-

464 759 667 813 modat.
722 758 899 814 Erunt
948 761 1111 829 igitur
1148 763 1199 817 Ιιί
1244 773 1299 819 et
1341 766 1513 820 sacris
1560 768 2030 821 conciouatorihus

456 850 635 915 utiles,
669 865 808 919 quos
840 851 1067 907 afferant
1098 857 1162 907 ad
1197 855 1472 924 populum,
1511 866 1563 909 et
1591 858 1811 926 privatae
1836 860 2030 927 cuique

456 942 725 1010 Spirituali
755 944 948 998 animae
980 947 1192 1000 utilitati
1229 950 1643 1004 accommodati.
1676 949 1733 1004 Si
1768 952 1859 1019 qui
1896 965 2027 1005 vero

458 1032 571 1101 (qui
606 1034 823 1102 quidem
860 1037 1145 1091 admodum
1175 1040 1327 1108 pauci
1359 1044 1508 1110 sunt)
1542 1042 1841 1111 singulares
1871 1043 2028 1111 hujus

459 1128 702 1181 auctoris
738 1143 930 1183 sensus
958 1131 1255 1186 admirandi
1307 1136 1483 1201 potius
1514 1150 1673 1203 quam
1707 1136 2025 1205 recipiendi,

454 1222 590 1275 etin
648 1221 920 1291 publicum
975 1240 1077 1278 non
1131 1225 1400 1281 referendi
1455 1228 1756 1296 videantur,
1807 1246 1835 1284 a
1872 1232 2028 1285 nobis

457 1312 510 1365 in
566 1314 710 1367 notis
764 1314 1288 1381 animadvertuntur,
1342 1328 1399 1371 ut
1448 1335 1515 1373 ne
1567 1330 1768 1377 temere
1813 1332 1866 1377 et
1912 1323 2027 1377 sine

456 1404 665 1459 delectu
700 1404 764 1458 iis
798 1406 1064 1475 quispiam
1104 1418 1307 1461 utatur.
1343 1408 1707 1466 Concionandi
1742 1414 2027 1469 methodus

456 1494 574 1548 haec
605 1504 687 1549 est
716 1495 787 1548 illi
824 1490 1490 1568 fanniliarisiprommium
1528 1502 1690 1558 breve
1721 1506 2021 1573 praemittit,

451 1589 679 1654 petitum
712 1589 796 1643 vel
831 1589 900 1643 ab
932 1590 1048 1658 ipso
1080 1605 1399 1661 argumento
1438 1605 1494 1651 et
1520 1599 1825 1667 evangelica
1853 1601 2026 1654 histo-

455 1679 570 1734 ria:
607 1679 684 1733 vel
720 1680 865 1749 quod
901 1696 1010 1736 non
1050 1698 1192 1744 raro.
1224 1701 1251 1737 a
1281 1684 1421 1751 loco,
1458 1696 1717 1755 tempore,
1750 1693 2031 1745 eventibus

453 1771 1045 1844 circumstantibusque
1095 1778 1294 1844 rebus;
1350 1790 1404 1833 et
1452 1795 1620 1849 usque
1666 1783 1798 1835 adeo
1844 1792 1927 1835 est
1957 1782 2031 1835 illi

454 1862 752 1931 legitimum
804 1866 880 1918 uti
922 1869 1185 1935 prommio
1213 1907 1228 1933 ,
1275 1880 1334 1924 ut
1383 1871 1435 1925 in
1483 1872 1700 1926 humilia
1734 1874 1798 1927 de
1844 1872 2034 1929 Sama—

459 1955 643 2009 ritana
698 1955 910 2027 (bemil.
966 1965 1236 2028 xxxvtn),
1284 1978 1406 2015 eum
1469 1977 1663 2031 praeter
1712 1981 1914 2020 morem
1964 1968 2031 2020 ab

464 2046 581 2114 ipsa
613 2062 670 2100 re
698 2054 753 2101 et
780 2047 1007 2102 historia
1043 2050 1203 2104 vellet
1248 2052 1452 2118 ordiri,
1500 2066 1836 2124 prmoccnpet
1880 2056 2032 2108 audi-

460 2149 638 2191 torum
690 2139 1150 2206 exspectationem
1204 2150 1257 2195 et
1319 2143 1765 2214 ἀπροοιμιάστως
1817 2157 2032 2201 moneat

454 2229 561 2283 sibi
598 2230 987 2299 incipiendum.
1030 2231 1233 2287 Deinde
1265 2234 1507 2290 recitatis
1549 2237 1808 2305 evangelii
1849 2252 1915 2291 eo
1945 2238 2033 2292 die

456 2323 695 2393 prmlecti
749 2324 938 2393 primis
965 2326 1181 2390 verbis,
1214 2342 1375 2395 quam
1403 2342 1523 2381 cum
1566 2328 1729 2383 rebus
1759 2345 1787 2382 a
1816 2329 2033 2383 Christo

455 2424 584 2469 ante
626 2416 793 2484 gestis
819 2427 875 2471 et
925 2419 1194 2492 enarratis
1244 2421 1311 2475 ab
1342 2420 1686 2492 evangelistis
1728 2435 1791 2475 ea
1840 2437 2037 2477 conse-

454 2507 731 2562 cutionem
761 2490 1002 2564 habeant
1027 2549 1043 2574 ,
1077 2510 1262 2579 utique
1295 2490 1643 2579 cohaereant,
1677 2515 1832 2582 quasi
1861 2515 2033 2570 altero

456 2598 684 2655 exordio
704 2637 720 2663 ,
749 2600 833 2654 vel
862 2602 1039 2670 potius
1068 2603 1405 2673 expositione
1446 2606 1757 2660 summatim
1801 2621 1942 2676 saepe
1966 2607 2037 2662 ob

455 2691 647 2748 oculos
670 2695 821 2762 ponit
849 2711 867 2760 ;
900 2702 1013 2749 tum
1048 2696 1113 2748 ad
1151 2695 1266 2763 ipsa
1292 2696 1457 2752 verba
1504 2699 1835 2755 enucleanda
1880 2715 2034 2756 acce-

454 2783 571 2849 dit,
616 2784 848 2853 quibus,
886 2798 945 2840 ut
988 2787 1139 2852 dixi,
1192 2787 1417 2843 litterali
1465 2800 1521 2845 et
1567 2791 1825 2847 historico
1872 2806 2031 2847 sensu

465 2875 733 2943 explicato
763 2878 997 2932 libenter
1027 2880 1091 2933 ad
1128 2880 1384 2950 mysticos
1413 2890 1466 2936 et
1492 2883 1723 2938 morales
1750 2884 2027 2950 dilabitur,

457 2980 663 3034 eosque
690 2976 745 3021 et
792 2967 845 3020 in
877 2966 996 3035 ipso
1027 2968 1258 3023 decursu
1303 2971 1573 3025 sermonis
1607 2973 1942 3042 perspergit,
1976 2983 2032 3029 et

457 3057 765 3124 praesertim
805 3058 860 3112 in
903 3060 1210 3127 perorando
1261 3070 1426 3115 totam
1473 3061 1755 3117 historiam
1797 3079 2033 3137 evange-

457 3149 621 3203 licam
660 3163 755 3204 seu
804 3149 970 3205 vitam
1008 3151 1153 3207 illius
1197 3154 1375 3208 sancti
1428 3155 1579 3221 cujus
1612 3154 1750 3211 festo
1777 3156 1862 3211 die
1890 3158 2036 3212 dicta

457 3240 707 3305 homilia,
747 3243 935 3313 paucis
965 3245 1089 3299 item
1123 3246 1470 3315 perstrictam
1505 3247 1572 3303 ad
1599 3249 1909 3321 allegoriam
1940 3265 2035 3305 seu

460 3334 819 3405 tropologiam
868 3336 1143 3393 subtiliter
1191 3354 1296 3393 non
1330 3339 1514 3395 minus
1536 3357 1697 3410 quam
1730 3341 1951 3408 utiliter,
1983 3352 2042 3398 et

459 3426 743 3497 pie‘juxta
797 3438 962 3499 atque
1010 3429 1289 3499 ingeniose
1339 3434 1638 3489 transfert:
1673 3434 1725 3489 in
1756 3449 1865 3505 quo
1908 3436 2042 3490 nihil

464 3518 610 3573 aliud
638 3521 974 3589 propositum
1005 3522 1168 3576 habet
1190 3562 1205 3587 ,
1236 3537 1397 3592 quam
1438 3525 1631 3592 juvare
1657 3536 1713 3582 et
1757 3527 2045 3583 instituere

466 3625 687 3665 suorum
742 3614 1051 3669 auditorum
1096 3616 1328 3672 animos.
1382 3618 1535 3684 Quod
1587 3622 1705 3691 ejus
1752 3623 2043 3678 consilium

463 3701 652 3758 minus
706 3705 1079 3761 consideranti
1128 3707 1323 3763 lectori
1376 3711 1559 3781 aliqua
1607 3713 1839 3769 fortasse
1890 3715 2048 3785 longe

460 3794 667 3861 petita,
714 3806 770 3849 et
822 3812 926 3851 non
963 3806 1072 3852 tam
1106 3810 1423 3856 emunctum
1460 3804 1721 3860 doctrina:
1763 3806 1848 3861 lac
1884 3822 2045 3876 quam

460 3887 686 3957 sanguis
722 3886 937 3944 elicitus
983 3890 1159 3945 videri
1207 3895 1428 3961 poterit.
1478 3894 1833 3967 Etymologite
1864 3899 2048 3953 itidem

459 3990 514 4034 et
539 3980 961 4051 supputationes
990 3999 1343 4040 numerorum
1374 3986 1603 4044 subtiles
1629 3990 1854 4045 nimium
1878 4032 1893 4056 ,
1926 4007 2055 4047 sen-

466 4087 637 4141 saque
691 4074 861 4129 abiis
906 4076 957 4129 vi
1010 4086 1200 4131 exorta
1253 4079 1433 4147 potius
1487 4089 1542 4134 et
1590 4084 1837 4150 precario
1886 4087 2053 4152 petita

460 4177 623 4229 quam
675 4176 869 4233 sponte
920 4177 1045 4219 nata
1088 4170 1349 4223 censebit.
1405 4169 1512 4225 Sed
1567 4172 1831 4239 ejusmodi
1878 4175 2045 4229 multa

463 4266 682 4319 quoque
714 4252 767 4306 in
803 4252 926 4308 aliis
951 4252 1203 4311 Patribus
1253 4267 1364 4312 tum
1409 4258 1645 4325 Graecis,
1682 4272 1794 4317 tum
1836 4262 2045 4321 Latinis

464 4343 889 4411 deprehenderit
923 4348 1014 4414 qui
1043 4348 1270 4417 legerit;
1319 4366 1439 4421 quae
1465 4369 1595 4409 sane
1626 4369 1731 4410 non
1775 4372 1895 4412 cum
1933 4370 2045 4413 sto-

467 4435 665 4488 macho
699 4436 1017 4504 rejicienda.
1048 4441 1145 4493 sed
1176 4456 1295 4495 cum
1344 4458 1409 4498 eo
1443 4446 1657 4513 pietatis
1689 4464 1851 4503 sensu
1904 4450 2046 4505 reci-

466 4526 662 4594 pienda
725 4542 851 4582 cum
897 4545 1005 4598 quo
1053 4532 1233 4596 dicta,
1286 4544 1341 4589 et
1391 4538 1467 4589 uti
1523 4554 1553 4591 a
1614 4540 1700 4607 pia
1756 4552 1935 4597 mente
1981 4558 2046 4597 ac

379 4640 388 4645 -
448 4610 690 4686 pectore
756 4621 967 4675 ctrlesti
1007 4624 1284 4693 sapientiae
1316 4626 1519 4683 imbuto
1549 4630 1788 4699 profecta
1814 4671 1829 4697 ,
1880 4648 2043 4689 vene-

472 4712 647 4766 randa
684 4722 830 4768 sunt.
875 4712 1071 4789 Neque.
1103 4731 1232 4771 vero
1274 4719 1501 4787 sapienti
1554 4737 1617 4777 ac
1657 4722 1805 4792 justo
1864 4740 2045 4780 rerum

471 4804 813 4870 acstimatori,
852 4821 974 4875 qua:
1008 4810 1074 4860 ah
1109 4810 1345 4879 antiquis
1378 4810 1630 4867 Patribus
1662 4814 1857 4869 tradita
1900 4826 2045 4881 sunt,

478 4909 605 4946 cum
645 4898 883 4952 nondum
918 4898 1226 4955 Christiana
1276 4904 1519 4958 doctrina
1567 4921 1632 4961 eo
1680 4906 2047 4977 amplitudinis

478 4985 858 5059 claritatisque
906 5004 1267 5060 processerat,
1294 5010 1357 5049 ea
1405 5013 1471 5052 ex
1516 5010 1699 5053 nostro
1739 5014 1854 5054 (evo
1882 5001 2050 5054 dich

474 5079 654 5132 tienda
700 5098 715 5135 :
752 5097 858 5151 quo
888 5100 1054 5142 aureo
1080 5104 1211 5143 sane
1264 5092 1508 5146 videmus
1558 5093 1821 5160 explicata
1869 5096 2047 5149 omnia

472 5179 531 5223 et
562 5169 831 5226 illustrata
856 5213 870 5239 ,
903 5190 1025 5230 cum
1058 5187 1111 5232 et
1166 5180 1217 5233 in
1260 5182 1614 5238 scholasticas
1654 5184 2050 5253 disputatiOnes

476 5264 709 5319 deducta
741 5305 756 5330 ,
808 5276 864 5321 et
904 5271 1209 5339 exagitata,
1246 5282 1300 5326 et
1353 5274 1404 5327 in
1456 5276 1629 5331 sacris
1672 5278 2047 5343 concionihus,

476 5369 705 5422 quarum
733 5357 1047 5413 Christiano
1079 5364 1270 5430 p0ptt|0
1305 5368 1475 5421 multo
1517 5368 1689 5437 major
1722 5385 1866 5423 nunc
1893 5372 2049 5439 copia

479 5453 579 5508 est,
614 5448 929 5517 pervulgata
974 5458 1028 5503 et
1051 5450 1333 5509 decantata
1364 5456 1508 5518 sint.
1556 5468 1684 5513 tunc
1729 5470 1885 5515 erant
1939 5461 2049 5530 ple-

479 5550 657 5605 neque
682 5539 954 5609 iii-{majore
980 5543 1150 5611 pretio
1177 5554 1228 5597 et
1258 5549 1407 5615 quasi
1427 5552 1723 5620 peregrina:
1750 5555 2049 5619 sententiae,

484 5644 601 5695 qua:
648 5646 791 5686 nunc
823 5634 965 5687 domi
999 5645 1299 5690 nascuntur
1322 5678 1336 5699 ,
1372 5651 1427 5692 et
1469 5643 1791 5697 assiduitate
1822 5645 1937 5713 ipsa
1968 5647 2051 5700 di—

481 5722 634 5777 cendi
676 5738 778 5780 non
812 5727 943 5783 tanti
992 5740 1135 5786 sunt.
1173 5729 1277 5787 Sed
1310 5730 1382 5787 illi
1431 5734 1582 5791 rudia
1616 5735 1967 5812 fundamenta
2000 5748 2053 5797 et

1445 292 1843 354 FRANCISCI
1887 294 2150 352 SCORSI
2191 292 2624 352 PROEMIUM
2664 290 2780 352 III.

3625 294 3726 356 1‘20

2141 404 2331 455 rudera
2361 402 2475 471 ipsa
2500 400 2770 473 iecerunt,
2805 416 2903 455 nos
2949 418 3113 472 super
3140 418 3203 458 ea
3231 404 3524 473 quadratos
3553 421 3722 474 expo-

2138 494 2375 561 litosque
2425 494 2670 561 lapides,
2726 495 3012 549 Corinthia
3069 495 3328 564 Ioniaque
3394 510 3719 551 ornamenta

2138 586 2535 654 coronidesque
2585 584 3068 638 exasditicavimus.
3106 584 3161 639 ld
3209 585 3374 639 etiam
3428 600 3495 639 ex
3546 585 3720 639 forma

2135 686 2191 729 et
2216 676 2542 730 charactere
2569 676 2781 730 dicendi
2808 676 3044 744 judicari
3072 686 3269 744 potest,
3295 692 3456 745 quam
3490 678 3723 746 simplex

2134 768 2224 821 ille
2270 768 2563 837 nativoque
2600 768 2783 822 colore
2828 768 3079 836 cultuque
3132 766 3368 833 decens,
3400 784 3559 837 quam
3612 785 3723 822 non

2135 860 2346 913 fucatus
2413 868 2467 913 et
2520 859 2860 928 phaleratus.
2911 859 3020 914 Sed
3074 860 3225 913 illum
3280 862 3331 913 in
3372 860 3725 929 ,TlteOpbane

2135 966 2340 1003 morem
2389 953 2674 1019 antiquum
2721 950 2847 1005 licet
2900 951 3347 1005 animadvertere.
3401 949 3583 1006 Genus
3632 952 3717 1003 di-

2133 1040 2287 1094 cendi
2322 1040 2373 1093 in
2406 1040 2507 1094 hoc
2534 1050 2747 1095 oratore
2784 1040 3044 1109 liquidttm
3076 1050 3157 1093 est
3193 1052 3246 1094 et
3272 1044 3475 1108 sponte
3508 1041 3717 1105 fusum,

2140 1140 2196 1185 et
2228 1146 2349 1185 cum
2382 1130 2605 1185 lenitate
2630 1130 2860 1199 quadam
2894 1132 3145 1200 a‘quabili
3177 1131 3470 1200 profluens,
3496 1134 3724 1185 omnino

2132 1223 2289 1292 quale
2351 1224 2801 1292 ἀπροοιμιάστως
2832 1225 3005 1277 decet.
3063 1220 3203 1277 Sunt
3249 1224 3394 1278 enim
3444 1226 3524 1278 ba:
3566 1226 3728 1279 dida-

2129 1321 2283 1374 cticze
2339 1334 2474 1388 quas
2503 1318 2571 1371 ad
2618 1318 2919 1371 docendum
2949 1327 3002 1371 et
3040 1318 3415 1372 instruendum
3462 1319 3725 1388 populum

2137 1408 2313 1461 bonus
2358 1422 2422 1460 ac
2482 1406 2601 1474 pius
2642 1408 2930 1476 episcopus
2978 1408 3205 1474 habuit,
3253 1423 3359 1462 non
3408 1418 3587 1463 tamen
3625 1425 3727 1478 pe—

2131 1498 2345 1553 destres
2394 1508 2449 1552 et
2487 1497 2721 1551 indocta:
2744 1538 2759 1563 ,
2797 1512 2896 1552 nec
2927 1499 3239 1553 dissolutaz:
3281 1514 3380 1553 nec
3411 1500 3555 1553 enim
3595 1517 3725 1567 gra-

2134 1592 2337 1652 vitate,
2402 1590 2769 1644 concinnitate
2819 1602 3199 1660 concentuque
3253 1607 3638 1657 numerorum,
3665 1604 3724 1646 et

2136 1682 2365 1737 modicis
2429 1682 2685 1736 oratoriis
2733 1682 3009 1737 coloribus
3076 1693 3299 1745 carent,
3348 1687 3442 1739 sed
3499 1694 3620 1753 qua:
3668 1684 3728 1738 in

2138 1789 2370 1844 corpore
2409 1776 2549 1829 bene
2576 1789 2606 1829 a
2648 1783 2841 1827 natura
2886 1774 3187 1828 constituto
3222 1773 3407 1827 innata
3433 1814 3449 1837 ,
3497 1790 3607 1829 non
3640 1777 3727 1828 in-

2135 1870 2333 1933 ducta,
2392 1881 2561 1921 succo
2613 1865 2982 1936 sanguineque
3045 1866 3161 1935 ipso
3221 1866 3582 1929 exsistentia,
3618 1883 3729 1919 non

2137 1961 2407 2015 accercita
2436 1970 2530 2014 aut
2570 1960 2867 2014 adventitia
2894 1974 3019 2013 esse
3054 1959 3359 2013 videantur.
3393 1957 3505 2012 Nec
3535 1960 3729 2028 figuris

2136 2068 2229 2107 seu
2262 2050 2554 2106 luminibus
2576 2068 2755 2106 rerum
2784 2062 2951 2105 caret.
2979 2051 3152 2106 liabet
3181 2052 3469 2121 aliquando
3489 2052 3722 2121 σωροὺς,

2136 2144 2380 2199 cumulos
2410 2144 2698 2198 verborum
2746 2152 2799 2196 et
2838 2158 3044 2197 rerum.
3088 2142 3515 2212 [παρονομασίας
3553 2153 3727 2205 amat,

2135 2246 2187 2289 et
2229 2233 2499 2296 ἰσόκωλα,
2536 2243 2589 2287 et
2627 2232 3009 2303 ὁμοιοτέλευτα
3032 2274 3048 2298 ,
3087 2244 3142 2288 et
3181 2234 3566 2304 ὁμοιόπτωτα,
3598 2249 3727 2300 qua:

2138 2342 2167 2380 a
2206 2326 2414 2379 Latinis
2470 2325 2655 2394 figurae
2708 2328 3002 2391 dicuntur,
3042 2326 3451 2389 alliterationes,
3495 2327 3733 2378 mentbra

2136 2416 2335 2483 paria,
2395 2412 2639 2467 similiter
2678 2414 2971 2467 desinentia
3034 2414 3381 2483 similiterque
3437 2414 3732 2477 cadentia;

2139 2506 2233 2559 sed
2280 2504 2425 2558 nulla
2475 2520 2551 2559 re‘
2580 2505 2751 2572 magis
2798 2505 3058 2559 delectari
3094 2505 3312 2559 videtur
3344 2521 3505 2574 quam
3535 2505 3735 2558 simili-

2140 2594 2324 2647 tudine
2346 2634 2361 2659 ,
2393 2592 2536 2663 quod
2577 2594 2885 2647 ornamenti
2919 2608 3091 2663 genus
3141 2594 3341 2663 ingenii
3389 2602 3506 2657 est,
3538 2603 3594 2647 et
3621 2594 3731 2646 uti-

2136 2684 2310 2739 litatis
2345 2684 2413 2738 ad
2462 2694 2679 2753 captum
2736 2685 2889 2740 rudis
2937 2685 3107 2755 plebis
3155 2686 3390 2740 eximite.
3424 2685 3733 2757 Perspergit

2138 2779 2303 2831 etiam
2330 2777 2496 2841 sales,
2538 2779 2633 2832 sed
2663 2793 2786 2831 cum
2814 2777 2925 2832 sale
2952 2793 3018 2832 ex
3055 2779 3300 2833 historiis
3334 2788 3615 2844 veterum,
3662 2794 3735 2833 ex

2139 2869 2340 2926 fabulis
2370 2879 2425 2925 et
2467 2872 2754 2926 sententiis
2800 2881 3086 2939 poetarum
3132 2886 3416 2927 sacrorum
3461 2882 3513 2926 et
3543 2871 3734 2941 profa-

2134 2976 2351 3027 norum,
2392 2976 2459 3016 ex
2507 2961 2789 3017 dialectico
2832 2964 2988 3030 item,
3015 2964 3401 3019 mathematico
3426 3005 3441 3030 ,
3492 2964 3736 3033 philoso-

2135 3055 2296 3123 phico
2334 3053 2745 3123 tlteologicoque
2792 3068 2932 3123 penu
2995 3070 3102 3109 non
3166 3071 3369 3125 paucas
3414 3056 3732 3119 doctrinas;

2141 3147 2214 3200 ita
2253 3155 2311 3198 ut
2338 3145 2423 3199 bis
2449 3147 2702 3200 omnibus
2737 3146 2947 3203 artibus
2974 3157 3026 3202 et
3064 3148 3330 3202 doctrinis
3352 3189 3368 3214 ,
3398 3160 3451 3203 et
3500 3150 3735 3204 lectione

2143 3241 2473 3305 scriptorum
2518 3248 2763 3293 veterum
2815 3240 3115 3294 instructus
3158 3243 3405 3310 apprime
3436 3242 3731 3296 videatur:

2142 3345 2204 3385 ea
2246 3342 2426 3385 tamen
2480 3345 2545 3386 ac
2576 3331 2873 3399 praesertim
2927 3332 3203 3386 doctrinas
3232 3342 3485 3388 externas
3508 3373 3522 3399 ,
3555 3344 3609 3388 et
3638 3350 3736 3388 co-

2156 3426 2298 3482 lores
2332 3429 2605 3483 oratorios
2632 3442 2731 3497 pro
2759 3443 2817 3482 re
2844 3442 2908 3482 ac
2944 3439 3188 3495 tempore
3220 3427 3461 3492 adhibet,
3495 3442 3595 3483 nec
3614 3429 3737 3483 sine

2146 3523 2593 3591 praemunitione,
2675 3523 2835 3593 idque
2882 3538 2979 3594 pro
3024 3531 3295 3593 potestate
3346 3524 3526 3591 potius
3570 3540 3734 3592 quam

2148 3628 2247 3681 pro
2295 3613 2573 3683 voluptate
2630 3629 2693 3670 ac
2741 3616 3020 3682 vanitate;
3060 3629 3159 3670 nec
3212 3631 3275 3670 ea
3333 3626 3445 3670 t0to
3498 3616 3737 3686 thylaco,

2151 3713 2210 3758 ut
2271 3705 2509 3770 dicitur,
2564 3705 2875 3772 effundere,
2945 3707 3039 3761 sed
3105 3722 3266 3775 parca
3326 3723 3485 3761 manu
3543 3722 3736 3775 prose-

2154 3798 2364 3851 minare
2403 3798 2636 3852 videtur.
2681 3798 2799 3853 Non
2850 3810 3052 3854 temere
3088 3800 3254 3868 igitur
3298 3800 3610 3868 σοφὼτατος
3638 3803 3736 3855 καὶ

2157 3888 2597 3957 ρητορικώτατος
2628 3904 2659 3943 a
2700 3892 2834 3954 suis,
2866 3892 2954 3959 qui
2979 3905 3261 3946 sermones
3294 3890 3437 3959 ejus,
3464 3902 3522 3946 ut
3555 3903 3735 3961 poste-

2161 3980 2310 4033 ritati
2382 3980 2694 4046 traderent,
2748 3982 3188 4051 descripserunt,
3239 3998 3447 4053 suoque
3493 3986 3735 4040 auctoris

2162 4070 2381 4124 nomine
2447 4071 2876 4139 inscripserunt,
2940 4071 3240 4142 appellatus
3309 4082 3413 4129 est.
3471 4074 3734 4130 Claudant

2154 4161 2412 4217 brevibus
2448 4171 2617 4216 totam
2667 4162 2809 4217 hanc
2853 4161 3291 4218 dissertationem
3317 4204 3333 4229 ,
3377 4173 3433 4219 et
3467 4165 3736 4235 judicium

2156 4271 2337 4311 meum
2392 4257 2566 4312 tribus
2619 4256 2804 4311 verbis
2867 4257 3175 4327 explicabo.
3229 4254 3371 4312 Visa:
3423 4267 3547 4312 sunt
3601 4259 3736 4313 mihi

2154 4349 2391 4403 bomilias
2455 4347 2617 4418 hujus
2664 4347 2916 4405 Ceramei
2981 4346 3427 4404 Tauromenitani
3492 4350 3736 4421 episcopi

2152 4441 2255 4511 piae
2309 4479 2325 4505 ,
2395 4440 2567 4495 doctae
2626 4450 2681 4494 et
2747 4438 3067 4510 elegantes.
3134 4452 3298 4510 atque
3361 4443 3498 4496 adeo
3560 4441 3739 4512 dignae

2152 4550 2272 4606 qua:
2309 4536 2376 4589 ad
2425 4548 2719 4589 commune
2771 4536 3120 4590 commodum
3177 4544 3231 4590 et
3281 4535 3635 4605 proferantur
3683 4546 3739 4592 et

2150 4628 2519 4699 perlegantur.

2155 4788 2182 4861 §
2218 4786 2283 4843 ll.
2317 4787 2477 4841 Ratio
2513 4806 2635 4843 mss.
2676 4791 2826 4843 codd.
2858 4807 2923 4844 ex
2949 4793 3143 4857 quibus
3172 4803 3337 4847 erutte
3369 4794 3599 4848 homilia:
3631 4810 3650 4848 :
3683 4802 3736 4848 et

2376 4861 2616 4913 nonnulli
2648 4877 2829 4914 earum
2860 4864 3153 4930 superiores
3185 4864 3515 4934 interpretes.

2226 4997 2294 5053 Ut
2320 5013 2427 5067 qua
2456 4998 2641 5052 fideex
2674 5012 2807 5052 mss.
2846 4998 2945 5053 has
2976 4998 3229 5053 bomilias
3252 4998 3483 5069 publica:
3509 4998 3736 5054 utilitati

2153 5089 2411 5160 legendas
2454 5089 2742 5154 ediderim,
2774 5100 3112 5159 compertum
3145 5093 3236 5155 sit,
3269 5100 3323 5147 et
3352 5106 3461 5160 quo
3489 5092 3741 5161 exemplo

2168 5182 2454 5238 doctorum
2506 5184 2783 5237 hominum
2817 5184 2867 5237 id
2903 5184 3242 5252 perfecerim,
3288 5184 3432 5254 quod
3481 5184 3553 5238 illi
3583 5185 3739 5239 ince-

2154 5284 2392 5345 ptarunt,
2444 5275 2722 5344 expediam
2756 5275 2990 5329 breviter
3012 5278 3115 5331 hoc
3160 5278 3425 5346 prooemio
3458 5293 3473 5332 :
3507 5288 3618 5332 tum
3668 5279 3739 5332 de

2155 5384 2310 5431 mss.,
2343 5378 2453 5422 tum
2484 5366 2552 5421 de
2579 5367 2643 5421 iis
2669 5367 2759 5437 qui
2789 5378 2915 5421 ante
2945 5384 3030 5421 me
3058 5369 3272 5438 aliquas
3304 5385 3369 5424 ex
3405 5371 3487 5425 his
3521 5385 3737 5423 sermo-

2155 5460 2313 5514 nibus
2334 5459 2521 5513 Latiue
2544 5460 2799 5528 preloque
2822 5474 3107 5528 expressas
3126 5461 3471 5530 evulgarunt.
3494 5462 3736 5516 Primam

2158 5553 2284 5608 huic
2317 5551 2632 5620 Theophani
2681 5552 2850 5607 lucem
2884 5553 3083 5616 attulit,
3114 5563 3373 5623 quantum
3404 5570 3502 5623 ego
3537 5556 3740 5621 putatis

2159 5641 2407 5697 omnibus
2460 5657 2787 5710 cognoscere
2833 5645 3001 5712 potui,
3056 5644 3383 5700 Franciscus
3431 5644 3737 5699 Turrianus

2158 5755 2186 5796 e
2208 5739 2465 5797 societate
2490 5736 2637 5796 Jcsu.
2663 5738 2760 5796 llic
2783 5740 2839 5797 in
2884 5753 2983 5797 sua
3022 5738 3342 5811 h0plotheca
3370 5756 3473 5796 ms.
3496 5740 3740 5796 codicem
