4062 6214
323 307 421 375 121

323 428 522 481 harum
553 424 901 482 homiliarum
939 424 1284 498 Theophanis
1315 429 1560 484 Ceramei
1599 431 1806 497 habuit,
1837 446 1903 485 ex

321 533 432 587 qua
484 519 856 574 testimonium
909 520 1132 589 protulit
1183 531 1372 574 contra
1420 521 1905 592 Magdeburgenses

323 610 740 666 Centuriatores
765 611 834 666 de
862 611 1095 676 primatu
1128 612 1186 665 S.
1217 611 1358 666 Petri
1396 612 1737 682 Romanique
1775 632 1906 685 pou-

327 702 512 756 titlcis.
571 701 646 754 Ex
707 704 808 756 hac
863 703 1051 756 eadem
1121 703 1438 771 hOplotheca
1505 705 1782 760 homiliam
1843 709 1906 760 de

327 789 430 844 SS.
474 791 794 861 imaginibus
829 804 1106 860 acceptam
1146 804 1277 850 tom.
1322 792 1393 846 IX
1432 796 1719 850 Annalium
1764 797 1905 851 inse-

325 882 434 933 ruit
459 881 757 935 cardinalis
790 882 1071 947 Baronius,
1107 883 1174 938 ab
1209 884 1322 952 ipso
1359 883 1635 939 Turriano
1659 885 1902 941 Latinam

323 973 548 1039 laetam,
577 985 630 1028 et
659 990 688 1028 a
714 974 917 1031 Jacoho
959 975 1252 1032 Sirmundo
1296 978 1498 1048 aliquot
1542 981 1673 1035 locis
1730 979 1905 1051 perfe-

320 1073 468 1118 ctam
495 1082 510 1130 ;
541 1066 697 1132 cujus
728 1067 913 1121 itidem
935 1070 1294 1124 testimonium
1323 1071 1586 1137 integrum
1607 1073 1902 1128 referemus

319 1170 426 1209 suo
457 1156 601 1214 loco.
650 1156 822 1222 Quam
860 1159 1104 1212 eamdem
1155 1160 1430 1214 homiliam
1462 1159 1697 1218 Jacobus
1740 1161 1902 1218 Gret-

318 1261 477 1300 serus
508 1258 643 1300 tom.
700 1246 741 1299 ll
773 1246 846 1300 De
877 1264 1028 1301 crure
1057 1250 1306 1304 secunda:
1328 1251 1602 1314 editionis,
1631 1262 1688 1306 ιιι
1715 1263 1900 1308 aucta-

320 1340 466 1392 riunt
494 1339 704 1392 addidit
735 1350 855 1406 post
887 1339 1164 1394 homiliam
1196 1340 1450 1396 Germani
1483 1345 1823 1411 patriarchm,
1848 1355 1902 1400 et

322 1430 468 1483 unde
513 1444 632 1483 eam
681 1431 956 1494 habuerit,
1001 1442 1056 1486 et
1105 1447 1208 1502 qua
1255 1435 1581 1490 auctoritate
1626 1447 1901 1505 permotus

323 1520 578 1585 ediderit,
617 1521 701 1574 his
737 1522 918 1575 verbis
955 1531 1183 1577 testatur
1207 1524 1272 1577 ad
1305 1540 1415 1578 rem
1456 1527 1690 1582 maxime
1730 1529 1899 1597 perti-

323 1613 580 1667 nentibus
610 1631 622 1664 :
651 1611 800 1667 Inter
827 1615 962 1667 alias
986 1615 1205 1668 schedas
1234 1618 1507 1671 litterariis
1534 1621 1900 1687 suppellectilis

323 1699 604 1755 Francisci
650 1701 922 1769 Turriani,
968 1721 1098 1772 quas
1129 1717 1250 1760 ante
1293 1708 1490 1777 aliquot
1523 1727 1690 1765 annos
1723 1714 1791 1765 ad
1820 1730 1901 1768 nte

319 1795 463 1846 misit
490 1791 555 1846 R.
593 1793 656 1846 Ρ.
687 1793 946 1847 Antonius
991 1793 1325 1861 Possevinus,
1353 1799 1518 1865 reperi
1553 1802 1689 1853 hanc
1729 1803 1896 1854 homi-

317 1884 448 1936 liam
474 1902 506 1936 a
544 1882 806 1938 Turriano
837 1901 1060 1946 versam,
1091 1897 1140 1939 et
1183 1889 1400 1956 propria
1431 1905 1591 1942 manu
1626 1893 1896 1961 scriptam,

316 1991 478 2044 quam
508 1976 708 2028 diutius
741 1975 902 2028 latere
952 1976 1117 2043 nolui,
1168 1988 1276 2031 tum
1321 1991 1529 2048 propter
1579 1979 1899 2036 Turriunum

317 2067 876 2146 uiruqudoctissintutn
903 2077 1012 2120 tum
1029 2079 1241 2140 propter
1255 2083 1612 2140 argumentum
1627 2076 1763 2144 quod
1781 2090 1898 2128 cum

318 2159 539 2212 homilia
589 2155 840 2213 Germani
893 2177 1109 2227 prorsus
1156 2163 1432 2216 concinens
1493 2165 1680 2217 merito
1729 2165 1898 2218 eidem

319 2251 638 2305 annectitur.
671 2251 798 2306 Hatc
826 2251 1146 2318 Gretserus;
1179 2269 1248 2309 ex
1289 2255 1488 2324 quibus
1530 2255 1680 2310 vides
1711 2257 1898 2323 quanti

321 2343 442 2396 haec
490 2344 714 2412 antiqua
766 2344 864 2398 SS.
905 2342 1124 2399 Patrum
1163 2354 1510 2401 monumenta
1559 2362 1588 2401 a
1617 2347 1897 2402 litteratis-

318 2435 479 2490 simis
513 2437 640 2490 viris
670 2435 1027 2490 aestimentur.
1071 2437 1217 2492 Idem
1269 2435 1554 2491 Gretserus
1584 2448 1714 2492 tom.
1747 2440 1789 2493 Il
1822 2437 1899 2494 De

319 2543 481 2580 cruce
527 2527 660 2580 duas
711 2526 960 2581 homilias
1021 2525 1370 2596 Theophanis
1419 2526 1660 2582 Cerantei
1710 2527 1897 2584 Graece

320 2616 493 2670 simul
522 2622 576 2669 et
603 2615 788 2671 Latine
814 2630 882 2670 ex
913 2632 1011 2672 sua
1046 2617 1494 2686 interpretatione
1525 2619 1712 2672 edidit.
1749 2618 1899 2688 [inde

318 2721 420 2762 eas
467 2707 720 2761 habuerit
765 2723 869 2762 non
921 2717 1171 2761 testatum
1224 2709 1436 2778 reliquit
1483 2710 1538 2763 in
1589 2710 1752 2774 notis,
1803 2712 1896 2766 sed

319 2797 576 2867 equidem
609 2813 674 2853 ex
709 2799 892 2856 codice
920 2797 1186 2870 Margunii
1215 2814 1432 2864 censeo,
1460 2800 1617 2869 cujus
1644 2801 1716 2854 ibi
1749 2815 1900 2856 meu-

319 2893 524 2944 tionem
568 2890 700 2946 laclt
729 2908 795 2946 ex
829 2892 1117 2948 occasione
1149 2892 1395 2947 locorum
1440 2903 1815 2962 corruptorum
1842 2905 1896 2950 et

318 2985 392 3036 ab
433 2998 501 3038 eo
545 2985 976 3039 ementlatoruut.
1026 2983 1144 3038 Jam
1197 2998 1325 3040 vero
1357 2999 1424 3040 ex
1471 2985 1618 3041 n0tis
1656 2985 1894 3052 ejusdem

317 3070 560 3126 Gretseri
598 3072 865 3143 intelliges
900 3073 998 3128 bas
1032 3073 1279 3128 homilias
1315 3089 1447 3128 mss.
1480 3076 1688 3130 servari
1721 3074 1896 3132 Vene-

318 3166 430 3220 tiis.
478 3164 571 3221 Sic
616 3165 761 3220 enim
823 3167 938 3234 ipse
964 3183 980 3220 :
1006 3165 1080 3220 De
1128 3164 1434 3234 Theophane
1491 3165 1740 3223 Cerameo
1789 3170 1900 3223 ha'c

319 3255 567 3326 Epitome
612 3256 947 3311 Bibliotheca:
995 3255 1336 3312 Gesneriamz
1385 3273 1406 3312 :
1451 3259 1760 3328 Θεοφάνους
1803 3260 1898 3314 τοῦ

319 3348 630 3422 Κεραμέως
673 3348 880 3419 ὁμιλίαι
923 3350 1002 3411 εἰς
1051 3347 1364 3416 Εὐαγγέλια
1407 3349 1516 3403 τῶν
1563 3347 1897 3422 Κυριακῶν,

321 3444 417 3495 καὶ
449 3443 530 3504 εἰς
577 3441 729 3504 τινὰς
780 3441 996 3510 ἑορτάς.
1037 3439 1429 3508 Manuscriptus
1467 3442 1598 3496 liber
1647 3441 1896 3498 Venetiis.

322 3534 470 3587 ldem
501 3531 730 3587 habetur
757 3532 808 3586 in
840 3530 1172 3586 Bibliotheca
1197 3531 1297 3585 SS.
1322 3531 1538 3586 Patrum
1570 3533 1766 3590 saeculo
1811 3549 1896 3600 tx;

318 3624 416 3679 sed
459 3638 582 3679 cum
621 3623 758 3693 apud
797 3638 882 3678 me
931 3623 1214 3693 Epitomen
1243 3623 1632 3679 Gesnerianam
1667 3639 1769 3679 non
1801 3625 1900 3680 ha-

320 3720 528 3783 berem,
555 3717 800 3771 consului
827 3731 946 3770 eam
975 3730 1096 3786 qua:
1124 3715 1356 3771 habetur
1379 3716 1432 3769 itt
1461 3715 1708 3771 bibliotb.
1740 3717 1893 3772 Dom.

319 3807 509 3862 Aloisii
551 3805 625 3859 La
661 3805 881 3872 Farina,
906 3805 1127 3860 baronis
1170 3805 1582 3876 Aspri-Montis,
1611 3816 1666 3860 et
1700 3822 1900 3876 genere

321 3908 376 3951 et
406 3899 588 3951 studio
612 3897 936 3951 eruditionis
964 3897 1179 3964 nobilis,
1203 3898 1266 3952 de
1291 3897 1443 3967 cujus
1467 3897 1636 3953 fratre
1662 3898 1725 3952 D.
1755 3898 1898 3952 Mar-

321 3988 435 4041 tiuo
466 4003 627 4052 supra
666 3989 888 4042 memini
917 3989 1154 4044 Procem.
1183 3987 1228 4043 1.
1257 3987 1452 4058 Reperi
1503 3998 1684 4044 autem
1733 3990 1786 4044 in
1832 4006 1896 4044 ea

317 4080 559 4147 epitome
610 4097 718 4135 non
760 4084 935 4136 solum
983 4083 1166 4137 Graeca
1221 4085 1383 4138 verba
1437 4097 1560 4151 quae
1609 4083 1896 4139 Gretserus

323 4171 557 4227 ﬁdeliter
604 4173 804 4239 retulit,
836 4174 930 4228 sed
962 4183 1014 4228 et
1043 4174 1204 4228 aliam
1235 4181 1436 4241 notam,
1464 4189 1532 4230 ex
1558 4191 1660 4244 qua
1690 4173 1896 4231 Gesue~

321 4280 415 4320 rus
465 4265 651 4321 eodem
701 4281 884 4322 errore
932 4281 1040 4336 quo
1087 4267 1305 4331 cteteri,
1366 4267 1435 4322 de
1486 4269 1681 4337 quibus
1731 4282 1894 4338 supra

320 4356 560 4412 Proem.
583 4357 656 4423 11,
679 4369 933 4428 tauquam
965 4359 1204 4414 diversos
1233 4358 1384 4427 ponit
1419 4359 1803 4429 Theophanem
1847 4367 1903 4414 et

320 4447 673 4517 Gregorium,
711 4449 900 4504 ambos
948 4447 1260 4514 Cerameos,
1316 4450 1506 4505 ambos
1553 4449 1900 4506 Tauromenii

318 4538 791 4608 archiepiscopos;
821 4539 917 4594 sed
949 4539 1090 4593 hunc
1134 4553 1320 4595 eorum
1347 4540 1438 4609 qui
1487 4550 1612 4596 ante
1643 4556 1730 4596 me
1757 4544 1894 4597 scri-

319 4645 502 4701 psere,
535 4645 772 4686 errorem
816 4629 928 4700 jam
974 4632 1150 4687 detexi
1183 4644 1410 4702 prowm.
1451 4631 1541 4688 illo
1564 4633 1630 4701 11,
1665 4632 1692 4705 ς
1722 4650 1777 4688 ιι.
1810 4635 1902 4691 Sic

320 4725 488 4792 igitur
520 4724 797 4779 Gesnerus
829 4741 843 4778 :
876 4723 1116 4795 Gregorii
1159 4723 1617 4781 Tauromenitana:
1648 4725 1899 4784 Ecclesia:

320 4813 698 4882 archiepiscopi
745 4812 1060 4879 Siciliensis,
1109 4813 1346 4871 Cerantei
1393 4817 1540 4884 dicti,
1582 4818 1814 4874 homiliat
1841 4821 1898 4875 in

325 4904 635 4974 Evangelia,
667 4915 714 4960 et
745 4908 867 4961 alia:
895 4909 1276 4978 quinquaginta
1309 4919 1502 4976 septem
1532 4911 1902 4980 manuscripta:

319 5006 530 5050 eastant
581 4999 636 5052 in
675 4998 911 5052 biblioth.
950 4998 1150 5054 Italia.
1200 4998 1307 5054 llas
1352 4999 1599 5054 homilias
1644 4999 1902 5072 Gregorio

320 5087 618 5158 inscriptas
646 5091 865 5146 easdem
895 5107 1015 5147 esse
1055 5101 1216 5160 atque
1259 5091 1358 5145 has
1398 5106 1534 5156 quas
1576 5106 1677 5147 nos
1711 5093 1900 5150 damus

320 5180 430 5234 sub
467 5181 684 5236 nomine
723 5181 1091 5252 Theophanis,
1136 5181 1248 5252 jam
1291 5191 1570 5240 ostensum
1611 5194 1696 5239 est
1735 5198 1899 5253 supra

321 5272 600 5328 Procemio
647 5273 726 5341 ll,
779 5273 807 5346 §
861 5291 921 5330 ιι.
976 5277 1152 5346 Atque
1202 5275 1397 5330 harum
1450 5275 1899 5332 bibliothecarum

321 5363 692 5432 cognitionem
740 5379 808 5420 ex
852 5365 1124 5434 impressis
1175 5369 1439 5421 hactenus
1484 5365 1638 5422 libris
1689 5367 1898 5437 accepi.

320 5458 443 5516 Jam
471 5474 602 5515 vero
629 5475 725 5517 eas
751 5461 913 5515 etiam
959 5461 1227 5516 asservari
1257 5461 1309 5514 in
1342 5460 1515 5516 tribus
1555 5460 1741 5516 Gallia:
1769 5461 1903 5516 insi-

322 5549 524 5620 gnibus
550 5549 912 5618 bibliothecis,
936 5551 1152 5620 scripsit
1179 5551 1245 5606 ad
1274 5564 1359 5605 me
1383 5550 1451 5606 de
1474 5549 1578 5605 hac
1603 5566 1661 5605 re
1682 5540 1902 5620 rogatus

1336 301 1733 377 PRANCISCI
1775 316 2038 378 SCORSI
2079 319 2508 383 Puomutuu
2549 322 2660 386 ιιι.

3483 325 3580 391 122

2009 434 2067 489 P.
2113 434 2346 492 lacubus
2390 439 2738 501 Sirmuntlus,
2783 453 2894 496 soc.
2929 437 3080 503 Iesu,
3120 447 3176 495 et
3212 453 3277 494 ex
3325 443 3578 498 omntbus

2006 527 2270 583 iudiculos
2324 545 2483 583 manu
2519 545 2612 584 sua
2646 531 2876 598 scriptos
2915 532 3105 586 itidem
3143 534 3464 600 transmisit,
3512 552 3579 592 ex

2005 619 2202 686 quibus
2233 620 2583 692 intelligerem
2617 637 2866 690 quisnam
2917 622 3045 674 mihi
3094 622 3361 686 deessent,
3394 639 3458 678 ex
3493 625 3580 677 Bi-

2005 709 2270 765 bliotheca
2307 711 2495 780 Regia,
2520 728 2587 766 ex
2627 729 2687 766 ea
2729 727 2846 781 quae
2889 711 3316 766 Folieutiuorum
3363 713 3420 767 S.
3452 713 3582 767 Ber-

2006 804 2156 856 nardi
2190 804 2601 868 monachorum,
2631 815 2683 860 et
2714 821 2779 859 ex
2815 820 2876 860 ea
2908 821 3025 874 quae
3056 815 3137 859 est
3167 806 3374 875 collegii
3405 807 3581 860 socie-

2007 895 2132 948 tatis
2180 895 2306 948 Jesu
2360 895 2718 961 Parisiensis,
2784 912 2904 966 quae
2951 895 3078 948 olim
3142 895 3241 948 luit
3289 897 3579 950 cardinalis

2003 983 2216 1038 Joiosze.
2277 985 2543 1040 Prmterea
2601 988 2652 1040 iu
2707 985 2869 1056 Regia
2930 986 3188 1040 Bibliotlt.
3247 985 3469 1055 llispan.
3525 988 3577 1040 itt

2006 1074 2336 1126 monasterio
2385 1072 2443 1128 S.
2480 1073 2754 1128 Laurentii
2801 1075 2946 1142 quod
2983 1073 3314 1127 Escurialem
3368 1086 3578 1140 vocant,

2002 1163 2306 1234 Γρηγορίου
2340 1166 2643 1218 ἐπισκόπου
2677 1167 2777 1235 τῆς
2818 1165 3069 1226 Σικελίας
3099 1164 3310 1234 ὁμιλίαι
3344 1166 3451 1218 ἀπὸ
3483 1166 3578 1219 τοῦ

2003 1255 2405 1325 ἁρχιτελώνου,
2438 1267 2488 1311 et
2529 1259 2580 1310 in
2614 1257 2720 1311 alio
2754 1257 2939 1310 codice
2979 1273 2993 1308 :
3039 1255 3283 1324 Ὀμιλίαι
3319 1255 3414 1308 τοῦ
3455 1255 3578 1310 ὅλου

2002 1347 2275 1401 ἐνιαυτοῦ.
2309 1347 2546 1417 Gregorii
2588 1349 2744 1414 episc.
2791 1346 2988 1401 Sicilia:
3023 1347 3254 1399 homilia:
3284 1363 3316 1399 a
3346 1346 3580 1414 principe

2000 1439 2398 1508 publicanorum
2445 1439 2726 1501 inchoata},
2770 1438 2997 1492 homilia:
3046 1438 3204 1490 totius
3237 1439 3384 1492 anni.
3431 1437 3578 1504 Quas

2003 1547 2135 1585 sane
2168 1534 2381 1584 easdem
2418 1545 2536 1585 esse
2572 1543 2730 1599 atque
2765 1530 2866 1584 has
2896 1545 3032 1598 quas
3065 1529 3380 1596 evulgamus
3417 1527 3575 1582 ﬁdem

2002 1621 2130 1677 fecit
2160 1622 2222 1676 D.
2267 1621 2541 1675 Marianos
2570 1621 2958 1690 Vulguarnera.
2993 1617 3430 1683 Panormitanus,
3463 1633 3573 1673 non

2005 1712 2173 1782 magis
2200 1726 2395 1780 genere
2421 1726 2578 1780 quam
2607 1710 2904 1764 litterarqu
2932 1706 3244 1762 Graecarum
3271 1707 3576 1761 eruditione

2002 1805 2216 1870 clarus;
2269 1802 2355 1857 cui
2405 1801 2616 1855 Madriti
2669 1801 2720 1854 iu
2773 1801 2920 1868 regia
2969 1799 3198 1866 Philippi
3249 1795 3314 1850 ιν
3360 1799 3574 1866 degenti

2003 1899 2274 1965 negotium
2311 1896 2364 1949 in
2401 1895 2503 1948 hac
2536 1908 2591 1946 re
2625 1891 2889 1946 litteraria
2922 1890 3066 1952 dedi,
3097 1899 3154 1942 ut
3182 1889 3249 1944 de
3290 1889 3374 1942 his
3405 1889 3576 1942 homi-

2004 1985 2091 2040 liis
2124 1985 2297 2053 deque
2328 1995 2550 2038 auctore
2592 1988 2965 2052 cognosceret,
2997 1992 3052 2035 et
3076 1994 3144 2034 ex
3183 1980 3357 2034 indice
3389 1994 3575 2033 earum

2000 2093 2134 2148 quas
2167 2077 2308 2147 apud
2344 2091 2428 2131 me
2461 2075 2751 2138 habebam,
2782 2075 2847 2126 ad
2885 2074 3056 2141 ipsum
3094 2068 3412 2123 transmisso
3439 2082 3574 2121 con-

2002 2171 2167 2225 ferret
2203 2177 2543 2238 argumenta,
2583 2164 2986 2232 inscriptiones,
3020 2172 3073 2215 et
3109 2162 3280 2231 prima
3314 2159 3576 2228 cujusque

2001 2265 2197 2327 verba;
2243 2261 2438 2332 quibus
2476 2259 2688 2314 collatis
2729 2257 2944 2312 easdem
2982 2270 3103 2309 esse
3139 2253 3402 2319 c0mperit
3441 2267 3578 2319 quas

2000 2357 2138 2424 apud
2185 2370 2270 2408 me
2304 2366 2425 2407 esse
2465 2350 2820 2421 intelligebat.
2871 2349 3047 2417 Atque
3075 2346 3259 2399 eadem
3296 2343 3350 2398 in
3384 2342 3578 2398 biblio-

2003 2449 2161 2501 theca
2214 2447 2282 2501 ad
2330 2445 2573 2501 codicem
2629 2443 2942 2512 adjunctum
2998 2438 3202 2508 reperit
3254 2435 3576 2504 opusculum

1999 2539 2274 2609 singulare
2303 2537 2595 2607 quoddam,
2627 2534 2770 2602 quod
2807 2536 2858 2584 in
2891 2532 3012 2586 aliis
3049 2529 3390 2584 bibliothecis
3423 2541 3574 2594 repe-

1999 2631 2096 2685 riri
2123 2629 2359 2684 nondum
2393 2627 2600 2694 accepi,
2633 2622 2859 2689 Λεξικὸν
2886 2623 2994 2675 τῶν
3021 2618 3254 2689 ὁμιλιῶν
3283 2621 3398 2672 slve
3421 2616 3579 2672 Glos-

1999 2723 2202 2778 sarium
2256 2733 2449 2774 vocum
2501 2714 2854 2786 singularium
2894 2722 2950 2768 et
2991 2710 3285 2765 dillicilium
3336 2709 3576 2763 auctoris

1999 2829 2122 2870 cum
2167 2827 2354 2868 earum
2389 2807 2786 2878 explicatione;
2821 2805 2977 2872 cujus
3009 2816 3110 2872 ego
3150 2801 3306 2854 lexici
3352 2813 3578 2868 apogra-

2001 2902 2188 2970 phum,
2233 2913 2377 2961 cum,
2417 2893 2657 2948 adhibita
2691 2891 2980 2945 multorum
3029 2891 3330 2942 amicorum
3370 2896 3425 2941 et
3482 2886 3576 2940 lit-

2000 2999 2295 3044 teratorum
2341 2985 2624 3055 hominum
2677 2980 3057 3052 ope,taudem
3111 2977 3383 3048 diligentia
3438 2977 3580 3032 Lau-

1999 3082 2159 3137 rentii
2205 3079 2425 3144 Cocchi,
2458 3077 2560 3132 viri
2593 3075 2790 3131 eruditi
2819 3085 2874 3130 et
2914 3075 2967 3128 in
3013 3080 3276 3142 apparatu
3326 3069 3578 3126 Historiae

2000 3173 2060 3227 S.
2100 3170 2352 3226 Demetrii
2394 3168 2650 3238 martyris
2695 3164 3103 3230 studiosissimi,
3144 3172 3335 3218 nactus
3376 3176 3576 3224 essem,

2001 3265 2068 3319 ad
2103 3263 2308 3318 calcem
2348 3261 2510 3331 hujus
2540 3260 2718 3330 operis
2750 3257 3163 3328 imprimendum
3194 3255 3374 3310 curavi
3411 3253 3488 3326 (α)
3521 3259 3580 3306 ut

1999 3365 2242 3413 exstaret
2291 3356 2456 3410 etiam
2498 3354 2600 3408 hoc
2637 3353 3001 3409 testimonium
3033 3359 3089 3405 et
3113 3347 3396 3418 vestigium
3440 3346 3580 3401 antio

2003 3449 2246 3519 quitatis.
2277 3447 2382 3503 Sed
2427 3447 2493 3502 de
2518 3460 2583 3500 eo
2610 3444 2758 3515 plura
2814 3443 2903 3497 illo
2953 3442 3006 3496 in
3049 3442 3190 3496 loco.
3225 3438 3281 3494 In
3325 3437 3579 3494 Vaticana

1999 3539 2334 3594 Bibliotheca
2393 3536 2499 3590 duo
2546 3541 2672 3589 sunt
2722 3533 2938 3588 codices
2981 3533 3175 3586 harum
3230 3529 3578 3584 homiliarum

2000 3631 2196 3700 quibus
2246 3627 2450 3683 indices
2484 3625 2552 3680 ad
2595 3641 2680 3680 me
2721 3635 2830 3682 tres
2859 3640 2964 3694 qua
2999 3623 3206 3687 Graece,
3246 3637 3353 3694 qua
3388 3621 3580 3675 Latine

2000 3723 2321 3788 amicorum,
2354 3735 2418 3774 ac
2452 3719 2756 3790 praesertim
2791 3719 2936 3772 dom.
2971 3715 3312 3772 Constantini
3353 3714 3577 3770 Caetani

2000 3811 2234 3877 abbatis,
2259 3825 2422 3880 opera
2453 3810 2862 3881 diligentissime
2885 3808 3200 3878 perscripti,
3236 3817 3360 3861 sunt
3391 3805 3577 3872 missi;

2003 3899 2057 3952 in
2085 3899 2259 3954 altero
2281 3899 2466 3954 codice
2491 3900 2692 3954 eaedem
2723 3897 2960 3952 homilite
2990 3898 3207 3951 nomine
3233 3894 3581 3961 TheOphanis

1999 3991 2280 4053 Geramei,
2325 3989 2374 4042 in
2424 3988 2592 4042 altero
2620 3987 2885 4058 _Gregorii
2947 3986 3320 4051 continentur;
3380 3983 3581 4039 inscri-

1999 4083 2212 4153 ptiones
2260 4093 2388 4137 sunt
2443 4080 2746 4150 ltujusmodi
2785 4098 2798 4134 :
2844 4079 2897 4132 in
2948 4093 3056 4133 uno
3103 4077 3222 4131 cod.
3248 4076 3578 4145 Θεοφάνους,

2001 4174 2096 4228 τοῦ
2144 4162 2376 4244 ὲτέίκλην
2418 4172 2766 4245 Κεραμέως,
2814 4170 3246 4244 ἀρχιεπισκόπου
3295 4171 3580 4239 Ταυρομε-

2003 4269 2153 4331 vela;
2198 4268 2298 4336 τῆς
2335 4266 2606 4330 Σικελίας,
2657 4265 2866 4334 ὁμιλίαι
2912 4265 2966 4316 αί
3015 4265 3279 4333 κυριακαὶ
3318 4262 3414 4314 τοῦ
3455 4260 3581 4314 ὅλου

2003 4361 2235 4431 χρόνους
2281 4359 2336 4413 in
2367 4360 2582 4414 altero:
2619 4357 2726 4410 Τοῦ
2773 4356 3218 4426 μακαριωτάτου,
3264 4353 3582 4423 σοφωτάτου

2001 4470 2062 4506 τε
2103 4453 2201 4506 καὶ
2264 4451 2705 4522 ρητορικωτάτου
2744 4449 2937 4522 κυρίου
2978 4448 3284 4520 Γρηγορίου
3327 4449 3584 4518 ἀρχιεπι-

2004 4542 2207 4595 σκόπου
2260 4540 2666 4610 Ταυῳμενείας
2708 4539 2808 4609 τῆς
2856 4538 3110 4603 Σικελίας
3139 4579 3153 4604 ,
3209 4536 3304 4591 τοῦ
3352 4537 3586 4606 ἐπίκλην

2004 4631 2334 4704 Κεραμέως.
2370 4629 2504 4697 Quae
2538 4633 2643 4684 duo
2682 4631 2926 4695 nomina,
2972 4629 3266 4700 Gregorius
3307 4638 3361 4681 et
3399 4627 3583 4680 Theo-

2003 4727 2232 4798 phaues,
2265 4725 2425 4779 unius
2466 4739 2588 4780 esse
2619 4723 2858 4778 auctoris
2907 4733 3071 4792 patet.
3108 4721 3236 4775 lude
3277 4726 3584 4788 sequuntur

2004 4816 2240 4872 homiliat
2291 4815 2500 4882 ordine,
2564 4814 2620 4868 in
2679 4813 2834 4882 cujus
2898 4811 3046 4866 calce
3113 4810 3425 4878 designatus
3480 4821 3582 4858 an-

2005 4925 2107 4964 nus
2161 4907 2339 4974 1448,
2407 4908 2549 4962 unde
2607 4905 2902 4975 antiquitas
2970 4899 3176 4956 codicis
3244 4896 3582 4966 intelligitur.
3635 4971 3640 4976 _

2004 4999 2284 5055 Postremo
2319 4998 2380 5052 P.
2430 4996 2692 5053 Octavius
2736 4995 3031 5058 Caetauus,
3083 5005 3199 5047 soc.
3239 4987 3387 5052 Jesu,
3427 4988 3583 5058 cujus

2003 5093 2184 5148 studio
2229 5106 2292 5146 ac
2327 5089 2498 5146 labori
2547 5090 2652 5145 hoc
2698 5097 2940 5143 nostrum
2987 5098 3123 5152 opus
3169 5091 3450 5152 acceptum
3498 5089 3583 5134 est

2004 5165 2373 5246 referendum,
2395 5195 2516 5236 cum
2539 5194 2658 5248 qua:
2679 5178 2745 5231 ad
2771 5175 3104 5231 condendam
3126 5183 3184 5228 et
3206 5171 3578 5227 illustrandum

2005 5281 2320 5329 sanctorum
2355 5269 2662 5324 Siculorum
2698 5265 2978 5322 historiam
3008 5263 3248 5319 lacerent
3277 5259 3580 5330 diligentis-

2003 5367 2140 5420 sime
2187 5363 2522 5433 perquireret
2564 5369 2619 5414 et
2659 5366 2964 5429 appararet,
2997 5355 3190 5411 barum
3224 5352 3572 5408 homiliarum

2003 5455 2331 5524 exemplaria
2402 5453 2755 5509 describenda
2824 5451 3052 5506 curavit.
3120 5449 3188 5503 Et
3238 5445 3454 5516 quidem
3506 5457 3578 5498 ex

2003 5548 2212 5605 duobus
2243 5544 2540 5615 codicibus,
2577 5553 2636 5602 ut
2672 5544 2788 5617 ipse
2819 5544 2873 5601 in
2923 5540 3246 5600 adversariis
3279 5537 3579 5608 suis,'quas

385 5733 459 5796 κα)
495 5731 680 5785 Nullibi
705 5737 869 5783 tamen
890 5738 1155 5796 comparet.
1181 5731 1251 5784 Cl.
1282 5745 1428 5796 supra
1457 5731 1554 5782 col.
1581 5730 1660 5782 11.
1683 5728 1822 5780 Eutr.
1843 5728 1996 5779 Pan.
