4062 6214
486 283 587 349 123

485 395 627 466 apud
676 409 763 448 me
808 406 1095 451 conservo,
1133 399 1388 444 testatum
1439 395 1532 445 ridi
1560 393 1678 457 piit,
1715 391 1888 444 altero
1925 388 2076 439 Vati-

486 504 647 552 cano,
680 487 846 540 altero
882 482 1076 534 Μνςιοτιὶἰ
1113 481 1466 535 Athenian-uis
1507 481 1760 534 nionaih':
1798 498 1862 532 ex
1897 489 2078 531 inmite

492 579 718 640 Sancto,
748 573 951 629 futtilia
983 570 1043 626 S.
1073 571 1281 636 Basilii,
1312 573 1401 641 qui
1431 589 1494 625 ex
1525 572 1745 624 Oriente
1775 570 2076 623 Messanam

491 670 746 739 appulsus
799 665 982 735 ibique
1033 665 1270 719 etenobii
1324 664 1383 716 Ξ.
1434 664 1744 717 ϐλιιεπίικ
1795 662 2082 729 praieetus

493 763 690 816 librum
728 760 919 811 harum
953 758 1299 812 hamiliarum
1336 771 1497 809 manu
1529 766 1815 808 exaratum
1850 756 1922 806 illi
1959 771 2082 822 per-

493 855 726 918 hen'guc
772 850 1234 912 eninmunicavit;
1271 850 1322 900 in
1359 866 1425 900 eo
1458 865 1587 900 vero
1631 851 1812 916 plures
1847 849 2086 900 humilia:

497 955 607 996 ttun
639 941 1012 1012 Theophanis.
1043 950 1158 993 tum
1195 940 1426 1008 l‘hilippi
1456 939 1744 991 Ceramita:
1778 939 2083 992 nominibus

501 1032 775 1102 inscripta:
830 1035 1270 1092 continebantur,
1318 1031 1382 1084 de
1435 1045 1539 1098 qua
1597 1040 1776 1082 tamen
1827 1030 2087 1082 varietate

500 1127 778 1176 nominum
808 1123 1166 1188 disceptatum
1189 1138 1220 1174 a
1245 1124 1398 1174 nobis
1422 1136 1484 1173 ac
1507 1122 1789 1174 definitum
1814 1130 1896 1174 est
1918 1134 2084 1188 supra

498 1213 739 1269 i’roamt.
767 1212 832 1272 li.
860 1212 885 1282 ﬁ
914 1229 982 1280 tt;
1013 1215 1304 1283 etquidem
1345 1216 1542 1268 librum
1571 1215 1719 1267 illum
1744 1212 2086 1264 Sieletianuut

500 1318 564 1356 cx
597 1301 933 1373 autographa
970 1303 1134 1356 fuisse
1168 1303 1499 1369 exscriptum
1524 1341 1539 1365 ,
1571 1302 1713 1370 quod
1745 1301 1873 1352 olim
1907 1314 2086 1352 asser-

502 1393 729 1446 v;ibatur
774 1392 825 1442 in
859 1393 1193 1445 monasterio
1373 1394 1514 1444 l’etri
1550 1404 1606 1445 et
1636 1389 1788 1444 Pauli
1822 1396 1888 1444 de
1922 1388 2087 1451 Itala;

502 1482 596 1536 sed
634 1493 812 1535 tamen
863 1482 912 1534 id
964 1481 1358 1552 antographum
1410 1483 1571 1536 hodie
1611 1497 1718 1534 non
1770 1493 2004 1534 exstare.
2034 1478 2089 1532 id

506 1573 895 1627 tmmasterium
944 1572 1343 1626 Basilianorum
1389 1583 1474 1626 est
1515 1575 1656 1626 inter
1703 1570 2008 1625 Messanam
2039 1578 2093 1622 et

504 1663 925 1719 Tauromenium
978 1667 1143 1718 situm
1191 1683 1204 1718 :
1247 1667 1311 1717 ad
1361 1665 1506 1734 quod
1558 1677 1766 1719 certum
1819 1662 2090 1716 hominem

504 1757 652 1817 misi.
702 1760 792 1826 qui
842 1758 905 1810 de
943 1772 1010 1812 eo
1053 1757 1368 1826 diligentius
1422 1759 1674 1809 notitiam
1721 1757 1959 1823 aliquam
1995 1767 2092 1806 Sen

509 1850 859 1902 traditionem
891 1851 1224 1917 exquireret,
1253 1865 1353 1902 nec
1385 1850 1679 1916 quidquam
1715 1862 1743 1898 a
1773 1845 1959 1915 pineis
1991 1844 2093 1896 illis

509 1939 794 1995 moriarhis
825 1941 914 2007 qui
954 1942 1025 1993 ibi
1065 1942 1248 1995 vivunt
1290 1942 1416 1995 sciri
1465 1941 1658 2007 potuit.
1699 1937 1959 1991 iion.ilias
1997 1951 2094 1986 au-

510 2041 616 2085 tem
649 2031 713 2084 de
764 2032 1181 2094 liesurrectioue,
1218 2041 1270 2087 et
1302 2033 1436 2084 alias
1468 2032 1648 2100 plures
1677 2031 1742 2082 de
1786 2029 1987 2082 sanctis
2028 2042 2094 2080 ex

514 2119 773 2175 Vaticano
807 2122 995 2176 codice
1029 2121 1141 2192 jam
1183 2131 1310 2176 ante
1359 2122 1662 2191 descriptas
1714 2128 1767 2174 et
1811 2119 1861 2170 in
1905 2117 2094 2171 eodetn

512 2319 806 2359 Vstcattcum
855 2321 1013 2374 opus,
1059 2315 1112 2359 et
1166 2308 1411 2373 impensa
1469 2307 1636 2359 fieret.
1679 2301 1879 2356 Horum
1936 2302 2099 2369 igitur

513 2398 905 2466 exetnplarium
936 2398 1163 2452 alterum
1193 2399 1281 2452 hic
1312 2397 1562 2451 Panormi
1595 2397 1706 2450 relit
1730 2405 1844 2448 tum
1872 2404 1924 2446 et
1957 2394 2100 2447 inter
2133 2413 2142 2419 ·

513 2490 778 2559 reliquam
837 2489 1159 2543 litterariam
1215 2491 1639 2557 suppellectilem
1675 2489 1728 2540 in
1767 2500 1940 2539 morte
1992 2495 2099 2536 Ira-

513 2581 681 2634 ditum
710 2582 812 2636 sibi
839 2579 899 2634 P.
927 2581 1182 2634 Altonsus
1209 2581 1482 2635 Caetanus
1507 2581 1621 2650 ejus
1653 2579 1820 2633 frater
1846 2587 2100 2647 spectata:

525 2673 804 2741 religionis
851 2675 952 2738 vir,
987 2685 1041 2728 et
1085 2676 1302 2741 pietatis
1333 2690 1396 2729 ac
1429 2675 1592 2729 studii
1625 2674 1676 2727 in
1708 2685 1927 2728 sanctos
1959 2671 2102 2724 viros

515 2768 715 2822 Sit-ilia:
764 2768 959 2828 haeres,
1010 2769 1075 2820 ad
1126 2782 1211 2821 me
1261 2767 1454 2822 detulit
1503 2785 1518 2821 :
1569 2767 1802 2821 viderem
1850 2781 1916 2817 an
1964 2764 2104 2819 foret

514 2962 628 3003 tum
649 2950 910 3008 laborem.
938 2959 1036 3004 ete
1063 2951 1276 3004 diurnis
1311 2949 1916 3019 meisoecupationibus
1939 2948 2101 3014 spatii

517 3055 731 3105 possem
786 3040 1121 3110 impendere,
1166 3040 1439 3110 negotium
1493 3041 1848 3109 susciperem.
1896 3037 2104 3092 Placuit

519 3132 862 3185 subscesivas
920 3132 1107 3186 saltem
1169 3131 1332 3187 horas
1386 3147 1451 3187 ex
1503 3133 1819 3201 quotidiana
1874 3145 2103 3184 munere

521 3317 663 3379 vius,
695 3326 751 3369 ut
782 3317 872 3386 qui
908 3318 1140 3370 maxime
1173 3327 1419 3384 copcret.
1450 3325 1503 3371 et
1538 3333 1703 3370 unum
1742 3317 1843 3371 hoc
1877 3316 2106 3382 agitaret

524 3866 752 3934 prolata,
789 3878 1022 3935 quantus
1059 3869 1138 3920 vir
1179 3871 1269 3931 sit,
1313 3869 1430 3922 sine
1474 3884 1586 3920 lllc.t
1624 3868 1874 3920 oratione
1918 3882 2012 3934 per
2046 3881 2104 3918 se

525 3960 780 4028 quamvis
824 3963 984 4013 tacita
1029 3961 1342 4028 prtedicant,
1375 3976 1486 4030 quo
1529 3958 1710 4012 Ruina:
1743 3957 1804 4012 Ι).
1852 3957 2106 4014 Octavius

528 4058 705 4106 fuerat
751 4053 1089 4107 familiariter
1139 4069 1288 4113 llaUS,
1338 4063 1396 4106 ut
1445 4053 1522 4108 vel
1564 4053 1680 4122 ipse
1723 4058 1979 4112 Verteret,
2024 4051 2107 4103 νει

525 4146 780 4202 vertenda
814 4146 1004 4201 Latine
1028 4155 1263 4200 curaret.
1293 4145 1341 4200 ls
1369 4146 1613 4213 lampada
1645 4143 1870 4197 tradidit
1897 4142 1955 4196 P.
1985 4140 2108 4194 Dio-

525 4240 682 4308 nysio
727 4238 966 4300 Petavio,
1002 4238 1282 4292 societatis
1306 4245 1523 4300 nostrae,
1545 4238 1636 4304 qui
1665 4252 1777 4289 rem
1801 4251 2107 4304 aggressuc,

527 4331 781 4398 primam,
809 4331 887 4390 si;
913 4328 1012 4397 τὴν
1038 4329 1210 4398 ἀρχὴν
1232 4330 1330 4398 τῆς
1370 4327 1648 4389 Ἰιιδίκτου,
1675 4326 1918 4380 Latinam
1950 4327 2104 4392 ferit;

527 4433 710 4491 postea
739 4423 898 4476 tudio
926 4422 1117 4485 victus,
1150 4431 1242 4474 aut
1269 4423 1472 4476 codicis
1501 4437 1661 4490 quem
1695 4420 1886 4474 habuit
1914 4422 2111 4476 obscu-

530 4510 709 4574 ritate,
740 4527 766 4560 ει
797 4519 977 4577 ρσεριο
1022 4509 1249 4571 destitit,
1281 4516 1334 4562 et
1377 4510 1476 4562 sibi
1509 4521 1791 4562 externum
1835 4509 2109 4563 hominem

528 4603 841 4671 subrogavit
867 4601 960 4670 qui
990 4616 1094 4655 non
1125 4602 1282 4654 modo
1313 4615 1423 4653 rem
1450 4617 1558 4653 non
1586 4611 1670 4654 est
1692 4617 1870 4664 orsus,
1897 4603 1990 4654 sed
2019 4602 2108 4654 vix

528 4697 742 4751 tandem
794 4695 924 4750 illud
962 4694 1238 4764 exemplar
1283 4694 1537 4748 restituit.
1572 4694 1678 4748 Sed
1725 4693 1785 4748 Ρ.
1823 4693 2110 4764 Dionysius

529 4805 595 4842 ne
633 4788 936 4841 lucubratio
964 4802 1059 4838 sua
1107 4786 1193 4840 illa
1246 4787 1469 4854 periret,
1505 4785 1781 4838 humilium
1815 4785 1958 4838 illim
2007 4788 2110 4838 sub

531 4880 750 4932 nomine
790 4877 1034 4947 Gregorii
1074 4877 1246 4931 edidit
1290 4876 1474 4931 Graece
1508 4887 1560 4930 et
1607 4875 1796 4931 Latine
1845 4892 1949 4929 una
1985 4890 2110 4929 cum

532 4969 756 5022 historia
805 4969 1092 5038 Nieephori
1137 4968 1460 5039 patriarcha:
1491 4968 2108 5037 Coustautiuopolitani;

531 5077 654 5130 qme
693 5063 909 5129 quidem
959 5064 1028 5114 ita
1061 5081 1120 5119 se
1147 5063 1352 5118 habere
1395 5071 1506 5116 tum
1535 5064 1600 5115 ad
1629 5080 1713 5115 me
1753 5063 1970 5130 scripsit
1996 5061 2112 5128 epi-

535 5155 672 5209 stola
708 5170 804 5209 sua
843 5154 900 5208 Ρ.
937 5154 1281 5218 Sirmundus,
1319 5164 1432 5209 tum
1466 5155 1578 5225 ipse
1607 5156 1670 5211 P.
1707 5146 1990 5224 Dionysius
2022 5155 2113 5210 lit-

537 5252 671 5305 teris
701 5259 753 5303 et
792 5252 1061 5303 memoria:
1101 5252 1336 5320 prodidit
1367 5252 1417 5306 iu
1448 5267 1546 5306 suo
1581 5251 1670 5303 illo
1707 5251 1904 5313 libello,
1939 5252 2026 5304 ubi
2060 5252 2111 5306 iit

535 5345 678 5398 notis
699 5343 1095 5410 citt'unolugicis
1117 5359 1237 5399 eum
1257 5346 1321 5398 de
1339 5345 1634 5399 indictione
1658 5345 1786 5414 agit.
1808 5345 1884 5396 sie
1904 5345 2112 5400 scribi';

537 5439 691 5502 Quod
731 5439 1011 5506 posterius,
1048 5446 1102 5489 ut
1133 5437 1267 5490 alios
1302 5440 1562 5501 omittam,
1605 5437 1887 5507 Gregorius
1933 5440 2114 5508 Κερα-

541 5532 697 5599 prim
751 5529 1230 5583 Tauronmtituuus
1278 5531 1720 5598 archiepiscopus.
1771 5530 1966 5582 iudicat
2020 5533 2118 5582 lio-

541 5622 687 5672 η’ίίία
724 5626 802 5683 ετς
851 5623 948 5691 τὴν
1006 5623 1180 5692 ἀρχὴν
1219 5621 1318 5689 τῆς
1366 5622 1645 5684 Ἰνδίκτου,
1689 5621 1807 5690 ἤτοι
1846 5620 1940 5672 eo)
1995 5620 2117 5672 véw

544 5714 730 5782 ετους,
761 5732 918 5786 quam
966 5734 1056 5773 nos
1111 5732 1213 5771 una
1261 5731 1377 5770 cum
1431 5715 1552 5768 aliis
1601 5715 1838 5783 pluribus
1889 5711 2120 5781 ejusdem

1453 277 1856 338 FRANCiSCi
1898 270 2167 334 SCOBSI
2209 271 2642 333 PROGIMEL'H
2683 273 2802 333 iii.

2182 387 2450 449 scripturis
2476 390 2706 439 nonduin
2729 388 2992 454 «algetis
3019 389 3319 452 accepimus
3343 405 3374 439 ι
3398 386 3466 440 R.
3489 386 3560 440 P.
3581 387 3794 444 Iacobo

2181 475 2270 527 Sir
2291 479 2492 532 μιιηάο,
2539 480 2644 528 tiro
2691 481 3020 542 ρένεηωὶιο,
3051 480 3300 546 quiquia
3349 480 3536 532 crebro
3567 498 3601 531 a
3638 482 3793 534 nobis

2179 579 2362 615 ιιιηιιιι
2404 569 2682 616 ιυίίζῡιεοι
2730 568 2966 633 ﬂigi-zu,
2997 578 3054 617 at
3097 571 3144 619 ei
3177 570 3360 633 aliqua
3415 587 3482 621 ex
3518 581 3675 635 parte
3705 588 3800 623 sa-

2183 655 2290 720 tisﬁ
2309 667 2372 714 rt,
2397 661 2529 706 τεῖνε
2554 673 2814 722 specimen
2840 661 3108 722 quoddam
3136 661 3490 711 indictionum
3513 665 3797 716 occasione

2182 748 2553 814 pr¢.uisimu.
2595 745 2722 799 [Lee
2765 748 3086 817 Dionysius.
3138 749 3252 819 Ego
3299 752 3468 819 igitur
3511 767 3658 820 opus
3697 769 3797 822 ag-

2185 853 2432 905 gressus,
2459 855 2582 891 eum
2612 841 2778 892 unico
2805 841 2900 892 ilio
2927 857 3051 894 meo
3079 844 3384 910 exemplari
3423 860 3532 897 non
3567 861 3795 912 possem

2185 945 2306 983 esse
2335 940 2649 994 contentus,
2687 948 2790 986 nec
2833 935 2970 988 satis
3007 934 3307 988 lectoribus
3338 952 3451 990 uno
3495 938 3590 990 illo
3634 939 3801 992 testi-

2189 1024 2374 1077 monio
2427 1025 2550 1076 fidei
2618 1040 2716 1078 nee
2771 1026 3115 1080 auctoritatis
3173 1028 3328 1096 operi
3383 1028 3568 1084 facere
3632 1045 3800 1097 posse

2191 1116 2468 1177 viderem,
2518 1115 2586 1168 ad
2632 1128 2840 1169 certam
2890 1119 3344 1188 exploratamque
3390 1119 3460 1174 de
3509 1121 3576 1174 iis
3627 1122 3797 1175 tidem

2191 1208 2494 1259 habendam
2530 1207 2774 1260 animum
2803 1208 3004 1276 adjeci.
3037 1209 3104 1262 Et
3137 1212 3376 1279 primum
3412 1216 3639 1268 easdem
3675 1217 3748 1269 ill.
3774 1233 3801 1272 s

2189 1312 2312 1349 esse
2355 1295 2611 1348 beatitas
2639 1311 2760 1362 qua:
2799 1296 3151 1366 TbeOpbanis
3181 1300 3454 1364 Ceramei,
3489 1303 3802 1358 Taurome-

2192 1388 2361 1440 uitaui
2395 1390 2678 1451 antistitis,
2708 1404 2736 1439 a
2768 1390 3070 1456 majoribus
3113 1402 3298 1445 essent
3327 1393 3494 1447 dieue
3528 1408 3803 1464 recepta-.-

2191 1495 2328 1546 que.
2381 1482 2619 1548 comperi
2667 1496 2734 1534 ex
2786 1483 2904 1550 ipsa
2952 1483 3348 1548 inscriptione,
3399 1487 3667 1540 nimirum
3717 1491 3802 1553 εἰς

2191 1571 2258 1622 τὰ
2293 1571 2588 1638 εὐαγγέλια,
2623 1574 2900 1642 Κυριικὲ,
2938 1577 3034 1628 καὶ
3076 1577 3273 1646 ἑςρτὰς
3311 1579 3408 1630 τοῦ
3447 1579 3573 1630 ὅλου
3611 1582 3802 1633 Evno-

2192 1664 2303 1716 τοῦ.
2326 1665 2476 1730 Quod
2498 1681 2629 1720 sane
2647 1676 2864 1720 constat
2877 1684 2943 1722 ex
2961 1671 3212 1723 ouinibus
3235 1673 3564 1727 testimoniis
3583 1689 3712 1743 qua:
3733 1676 3802 1730 de

2196 1755 2296 1808 hoc
2326 1769 2548 1811 auctore
2576 1773 2863 1826 congeram
2899 1759 3063 1813 infra.
3102 1761 3306 1815 Deinde
3337 1778 3462 1817 cum
3504 1766 3800 1833 impressis

2196 1852 2338 1916 apud
2374 1850 2713 1913 Gretserum,
2755 1853 3072 1916 Barouium,
3107 1855 3430 1926 Dionysium
3469 1876 3624 1912 meas
3658 1877 3796 1916 mss.

2196 1942 2421 2005 Contuli,
2465 1953 2520 1995 et
2563 1944 2782 2011 quidem
2817 1957 3075 2000 constare
3107 1964 3305 2002 sensus
3335 1960 3391 2002 et
3424 1954 3596 2005 verba
3644 1954 3795 2017 vidi;

2197 2035 2446 2102 quamvis
2484 2034 2688 2103 aliquot
2737 2035 3042 2105 fragmenta
3091 2041 3173 2091 vel
3220 2044 3274 2094 in
3319 2057 3441 2095 meo
3482 2046 3795 2113 exemplari

2133 2187 2138 2194 _
2198 2124 2282 2175 vel
2337 2125 2389 2175 in
2440 2126 2724 2192 impressis
2775 2129 3067 2194 deessent,
3125 2135 3272 2201 quod
3323 2135 3654 2202 scriptorum
3711 2139 3797 2192 vel

510 2213 678 2268 fuisse
715 2214 874 2279 libro,
911 2216 1005 2270 sed
1049 2232 1153 2268 non
1193 2215 1315 2268 inde
1363 2215 1741 2282 transcriptas,
1793 2227 1858 2265 ue
1905 2225 2095 2274 super-
2136 2207 2142 2212 ’

2197 2216 2353 2283 culpa
2383 2216 2466 2270 vel
2494 2233 2680 2272 errore
2715 2217 2918 2273 factum
2951 2236 3074 2276 esse
3110 2225 3353 2292 potuisse
3387 2227 3797 2282 auirnadverte-

2146 2361 2150 2363 ,
2200 2307 2358 2371 bam;
2393 2318 2448 2361 et
2482 2325 2548 2362 ex
2582 2311 2795 2365 duabus
2837 2327 3000 2366 uuam
3045 2315 3317 2385 integram
3353 2333 3516 2385 posse
3554 2322 3798 2388 restitui,

2144 2432 2157 2460 _-
2199 2399 2266 2453 de
2325 2399 2546 2469 reliquis
2591 2417 2718 2456 vero
2768 2405 3030 2461 continuo
3085 2409 3300 2464 litteras
3351 2411 3420 2465 ad
3472 2415 3689 2468 amicos
3741 2426 3800 2469 et

2200 2489 2447 2543 eruditos
2483 2491 2605 2546 misi
2642 2491 2893 2559 Romam,
2925 2497 2980 2549 in
3011 2497 3240 2558 Gallias.
3274 2501 3329 2554 in
3366 2501 3705 2570 Hispaniam,
3741 2506 3796 2560 in

2200 2579 2589 2658 Germaniam,
2648 2595 2747 2649 ut,
2803 2587 3101 2655 exploratis
3153 2592 3534 2658 bibliothecis,
3588 2599 3658 2648 de
3711 2596 3801 2650 his

2139 2743 2146 2750 Δ
2203 2657 2446 2727 homiliis
2471 2689 2559 2729 me
2579 2677 2865 2730 certiorem
2894 2679 3162 2734 iacerem.
3190 2680 3254 2733 Et
3281 2685 3500 2752 quidem
3529 2702 3590 2737 es
3618 2687 3796 2739 Gallia

2139 2764 2164 2843 ές
2203 2761 2263 2816 Ρ.
2287 2764 2610 2821 Simiundns
2631 2783 2738 2822 non
2762 2767 2924 2823 modo
2946 2772 3149 2826 indices
3165 2788 3230 2827 ex
3255 2777 3426 2829 tribus
3448 2779 3801 2834 bililiOtth-is

514 2876 692 2924 operze
729 2861 964 2927 pretium
992 2859 1283 2912 Latinitate
1316 2874 1380 2912 ac
1411 2859 1529 2913 luce
1558 2859 1793 2922 donare;
1826 2865 1880 2910 et
1915 2857 1959 2910 si
1985 2868 2102 2908 tan-
2153 2861 2173 2900 λ’

2204 2869 2342 2921 quas
2382 2855 2515 2922 disi,
2547 2858 2641 2912 sed
2668 2869 2723 2913 et
2751 2875 2916 2915 unam
2965 2878 3130 2916 manu
3169 2879 3266 2918 sua
3307 2869 3698 2936 transcriptum
3735 2875 3803 2926 de

2203 2943 2305 2999 SS.
2357 2949 2608 3014 apostolis
2656 2947 2814 3004 Petro
2844 2962 2892 3004 et
2927 2950 3126 3017 Paulo,
3171 2966 3226 3008 et
3272 2957 3478 3024 aliquot
3527 2961 3799 3025 pt'otetnia

2206 3038 2418 3092 illarum
2453 3056 2571 3108 qua:
2615 3042 2751 3096 mihi
2796 3052 2930 3098 tunc
2961 3048 3186 3100 deerant
3223 3049 3304 3102 vel
3353 3052 3562 3104 incerta
3596 3065 3753 3105 erant
3784 3072 3799 3115 ;

2137 3196 2142 3206 Ι
2205 3145 2270 3184 ac
2299 3143 2555 3200 pnetcrea
2584 3150 2708 3204 qua:
2732 3137 3049 3194 humanitas
3075 3141 3128 3194 in
3157 3152 3308 3196 tanto
3341 3144 3458 3198 viro
3476 3154 3531 3198 et
3555 3149 3803 3201 studium

519 3239 800 3293 pensaque
831 3223 1110 3279 sumtrari.
1154 3225 1395 3280 Alterum
1427 3240 1554 3279 vero
1586 3225 1725 3278 idem
1755 3223 1819 3278 ii.
1851 3222 1910 3276 P.
1941 3222 2102 3275 Oeta-
2137 3206 2163 3308 ς

2206 3223 2521 3290 perficiendi
2553 3226 2734 3294 operis
2769 3227 2968 3293 inerat,
3012 3231 3198 3285 studio
3225 3247 3288 3285 ac
3320 3234 3601 3303 diligentia
3639 3253 3807 3290 recu-

2143 3323 2150 3386 ‘_
2206 3315 2418 3382 peravit
2447 3318 2724 3386 exemplar
2749 3319 2880 3372 illud
2906 3323 3050 3388 quod
3078 3322 3191 3390 jam
3222 3325 3482 3378 amissum
3510 3328 3806 3381 existima-

517 3409 722 3472 animo,
774 3421 829 3461 ut
871 3409 953 3463 hze
1005 3410 1242 3464 humilia:
1297 3412 1511 3464 tandem
1555 3409 1729 3464 lucem
1778 3409 2102 3477 aspicerent,
2134 3397 2148 3418 ⁵³

518 3515 641 3563 qua!
688 3502 787 3555 sibi
844 3502 962 3555 luce
1001 3503 1336 3570 dignissima:
1390 3503 1733 3565 videbantur,
1798 3501 1941 3554 unde
1996 3514 2155 3580 non

520 3610 744 3663 parvum
775 3597 1071 3651 Siciiiensis
1099 3597 1339 3650 Ecclesia
1368 3596 1708 3663 Splemlorem
1739 3604 1884 3648 esset
1913 3609 2104 3661 aceep-
2157 3593 2160 3595 Α

523 3698 680 3744 tura.
733 3685 880 3740 misit
927 3687 979 3739 in
1028 3687 1231 3741 Gallias
1282 3687 1347 3742 ad
1401 3685 1659 3741 JaCobum
1717 3685 2103 3750 Sirmundum,
2148 3731 2152 3734 .

520 3794 635 3833 Ioc.
660 3775 810 3842 Jesu,
834 3780 989 3846 cujus
1011 3796 1175 3849 opera
1201 3779 1366 3833 multa
1389 3791 1548 3847 atque
1571 3780 1830 3845 praeclara
1856 3779 1907 3831 in
1933 3778 2102 3831 lucem
2142 3778 2151 3790 ”

2209 3404 2385 3469 batur,
2414 3415 2470 3460 et
2496 3406 2562 3460 ad
2596 3421 2682 3461 me
2718 3410 3024 3464 transmisit
3047 3426 3113 3465 ex
3143 3411 3318 3466 Gallia
3361 3414 3656 3468 incolume.
3691 3416 3807 3471 Iloe

2205 3497 2454 3564 quamvis
2484 3495 2685 3550 nullum
2716 3497 2996 3566 praferret
3028 3505 3267 3558 auctoris
3294 3505 3536 3570 titulum,
3563 3507 3806 3563 fortasse

2205 3589 2335 3658 quia
2360 3589 2531 3658 prima
2557 3591 2764 3660 pagella
2787 3592 2844 3645 in
2869 3593 3068 3647 multas
3095 3611 3289 3650 manus
3311 3607 3363 3652 rt
3388 3598 3502 3653 loca
3533 3605 3804 3657 translata

2208 3697 2274 3735 ac
2305 3683 2502 3736 detrita
2529 3682 2832 3748 interierat,
2863 3696 3044 3740 tamen
3075 3689 3282 3741 contuli
3309 3704 3434 3745 cum
3464 3706 3587 3745 meo
3610 3707 3803 3748 excin-

2209 3773 2366 3842 ptari,
2399 3784 2457 3827 ut
2489 3791 2610 3828 eum
2655 3777 2876 3831 easdem
2921 3793 3044 3833 esse
3079 3779 3334 3836 homilias
3381 3785 3799 3851 comperissem,

2208 3867 2562 3920 continuatus
2600 3869 2768 3936 magis
2799 3869 2849 3921 in
2895 3872 2997 3925 [ide
3037 3874 3429 3939 exemplarium
3461 3890 3583 3929 sum
3617 3892 3632 3929 :
3670 3880 3804 3945 quin

2208 3968 2262 4011 et
2289 3958 2530 4013 lucratus
2554 3976 2618 4014 ex
2646 3976 2711 4014 eo
2745 3962 2944 4017 multas
2973 3963 3223 4019 bomilias
3252 3982 3371 4034 quae
3403 3965 3455 4019 in
3491 3984 3612 4022 meo
3636 3970 3804 4024 dees-

2209 4062 2352 4116 sent,
2397 4061 2451 4105 et
2491 4053 2604 4106 loca
2653 4053 2885 4121 plurima
2933 4070 3055 4123 qua:
3105 4057 3158 4110 in
3213 4074 3334 4112 meo
3384 4059 3570 4114 itidem
3619 4075 3807 4117 essent

2211 4144 2502 4207 intercisa,
2560 4145 2897 4214 depravata,
2956 4149 3245 4203 obscurata
3311 4166 3468 4220 posse
3522 4154 3806 4222 suppleri,

2211 4237 2528 4301 emendari,
2587 4238 2849 4292 illustrari
2889 4239 2993 4293 vidi
3035 4251 3136 4295 :et
3188 4259 3310 4297 cum
3362 4243 3413 4296 iu
3464 4245 3556 4299 illo
3608 4262 3809 4302 sensus

2209 4339 2394 4384 essent
2438 4328 2633 4398 integri
2676 4330 2846 4397 magis
2887 4340 2941 4384 et
2983 4332 3124 4400 pleni
3155 4348 3318 4400 quant
3351 4335 3403 4387 in
3435 4351 3575 4399 meo,
3613 4337 3664 4388 in
3702 4340 3807 4391 huc

2211 4431 2394 4475 autem
2433 4421 2703 4490 scriptura
2745 4422 2858 4490 ipsa
2889 4423 3005 4476 sive
3034 4424 3425 4494 orthographia
3460 4429 3811 4482 emendatior

2210 4519 2266 4563 et
2297 4508 2499 4562 clarior
2526 4523 2686 4576 quant
2720 4508 2772 4561 in
2806 4509 2922 4574 illo,
2952 4525 3015 4564 ex
3053 4519 3287 4580 utroque
3324 4515 3468 4582 quod
3505 4525 3623 4568 erat
3659 4516 3810 4572 laee—

2213 4615 2329 4653 rum
2369 4599 2723 4668 mutilumque
2751 4599 2912 4654 refeci
2961 4612 3124 4671 atque
3155 4606 3378 4669 sanari,
3420 4607 3564 4675 quod
3609 4607 3809 4676 depra-

2214 4702 2394 4745 vatum
2443 4693 2679 4757 correxi,
2734 4694 2876 4758 quod
2931 4696 3226 4749 obscurum
3282 4697 3584 4758 illustravi;
3637 4710 3809 4767 atque

2213 4784 2284 4838 ita
2357 4785 2596 4852 integras
2665 4783 3041 4855 perfectasque
3100 4786 3355 4842 homilias
3413 4789 3808 4847 describendas

2212 4875 2555 4945 edendasque
2585 4877 2795 4930 curavi.
2830 4877 3055 4932 Addidit
3091 4891 3349 4948 prseterea
3383 4879 3441 4934 P.
3475 4879 3804 4938 Sir-mundus

2213 4969 2568 5035 exscripsisse
2590 4985 2648 5024 se
2672 4969 2856 5024 Romae
2877 4986 2944 5025 ex
2968 4973 3193 5039 antiquo
3219 4973 3513 5040 exemplari
3545 4975 3800 5030 undecim

2216 5061 2466 5114 homihas
2494 5063 2573 5124 εἰς
2602 5063 2672 5115 τὰ
2701 5062 2924 5126 ὲωθινὰ,
2957 5079 3094 5131 quas
3125 5063 3345 5120 easdem
3390 5068 3553 5120 etiam
3598 5069 3804 5136 reperi,
3887 5128 3890 5129 ν

2219 5155 2326 5207 Deo
2361 5159 2508 5222 operi
2563 5155 2863 5220 aspirante,
2902 5155 2954 5207 iu
3007 5157 3375 5210 monumentis
3411 5173 3439 5210 a
3477 5158 3536 5212 P.
3573 5159 3806 5215 Octavio

2219 5248 2421 5301 relictis
2444 5255 2496 5301 et
2524 5248 2654 5301 mihi
2687 5248 2922 5303 traditis.
2954 5246 3029 5300 Ex
3061 5249 3256 5316 quibus
3285 5249 3498 5305 collatis
3526 5268 3644 5304 cum
3677 5255 3806 5309 aliis

2220 5338 2442 5392 t0tidem
2495 5339 2600 5393 mei
2647 5338 2977 5406 exemplaris
3028 5354 3130 5393 nou
3179 5355 3366 5407 parum
3417 5340 3548 5396 lucis
3577 5357 3642 5394 ae
3678 5343 3807 5398 fidei

2220 5431 2426 5499 accepi.
2485 5429 2652 5482 Ruina
2714 5444 2821 5483 non
2880 5430 3052 5483 solum
3113 5430 3501 5485 conferendum
3569 5433 3807 5487 iudicem

2221 5515 2660 5594 argumentorum
2693 5535 2747 5577 et
2791 5523 3184 5593 principiorum
3231 5532 3442 5587 curavi,
3475 5527 3564 5579 sed
3593 5528 3774 5580 exscri
3795 5557 3811 5569 -

2222 5618 2424 5670 bendas
2471 5615 2634 5668 etiam
2687 5614 2972 5682 plurimas,
3027 5625 3136 5668 tum
3188 5631 3325 5684 quas
3371 5633 3476 5671 non
3520 5617 3802 5681 haberem,

2231 5719 2344 5764 tum
2398 5723 2584 5764 earum
2647 5722 2783 5778 quas
2848 5709 3124 5765 haberem.
3179 5708 3244 5764 Et
3295 5709 3511 5779 quidem
3565 5710 3699 5766 duas
3750 5727 3808 5770 et
