4062 6214
1232 203 1262 233 \

293 295 401 361 19.5

289 411 482 481 viginti
519 411 762 479 integras
807 407 1025 478 accepi;
1076 404 1273 477 quibus
1317 405 1359 459 si
1407 404 1572 457 addas
1618 396 1870 453 undecim

287 513 372 572 et;
398 507 466 560 τὰ
498 505 697 559 tuens
723 513 777 558 et
810 502 947 558 alias
975 516 1077 555 non
1109 514 1305 567 paucas
1333 498 1399 552 de
1424 494 1648 556 sanctis,
1679 492 1723 546 si
1758 505 1865 544 non

289 616 508 664 οιιιηεε,
548 607 698 652 certe
732 596 1020 650 maximam
1063 601 1266 660 partem
1296 589 1642 642 bomiliarmn
1663 600 1694 638 e
1723 580 1877 635 Vati-

292 712 430 751 eaua
494 692 820 748 bibliotheca
885 688 1232 755 depromptas
1298 681 1473 750 possis
1531 689 1871 748 agnoscere;

295 791 496 860 quibus
531 803 652 840 cum
698 781 1028 840 conveniant
1066 794 1144 831 ea:
1176 790 1294 844 quae
1327 774 1376 826 in
1419 781 1650 838 utroque
1690 783 1878 822 exem-

293 884 430 951 plari
465 893 579 935 tum
615 876 1027 934 Panormitano,
1062 882 1170 923 tum
1207 866 1485 922 Gallicana
1517 862 1616 931 (sic
1647 876 1708 914 ea
1744 872 1876 910 varo

291 971 664 1044 distinguendi
728 969 947 1040 gratia),
1009 967 1075 1018 de
1133 961 1347 1017 caeteris
1412 959 1555 1013 idem
1609 954 1872 1024 judicium

291 1070 537 1139 prudens
582 1065 765 1120 facere
814 1063 1024 1130 possis;
1065 1066 1120 1113 et
1157 1070 1348 1110 omnes
1393 1052 1614 1122 perinde
1651 1050 1876 1118 habere,

293 1177 358 1215 ac
383 1159 429 1213 si
460 1172 653 1212 omnes
676 1155 896 1209 omnino
923 1152 1132 1206 collatae
1161 1148 1406 1209 fuissent,
1435 1155 1488 1198 et
1512 1158 1576 1197 ex
1604 1140 1875 1194 Vaticana:

289 1252 647 1308 biblimhecte
686 1247 790 1300 ﬁde
816 1260 845 1299 a
876 1261 960 1298 me
995 1243 1269 1295 traductas
1312 1237 1721 1307 publicatasque
1750 1247 1876 1285 cen-

292 1359 441 1400 sere.
468 1340 606 1394 Illud
633 1337 796 1393 etiam
830 1334 1128 1390 monuerim
1156 1331 1220 1384 ad
1249 1326 1674 1384 confirmandam
1711 1323 1875 1390 hujus

291 1438 481 1506 operis
529 1435 710 1494 ﬁdem,
771 1445 875 1484 una
920 1436 1145 1496 excepta
1193 1423 1432 1485 homilia,
1486 1419 1549 1472 de
1582 1415 1876 1486 legisperim

297 1535 659 1599 interrogante
699 1525 979 1580 Demittunt
1014 1517 1224 1592 (homil.
1271 1516 1371 1585 XI),
1407 1514 1643 1583 reliquas
1684 1521 1876 1563 omnes

301 1638 370 1677 ex
402 1623 609 1677 duobus
648 1620 932 1686 tribusque
965 1609 1370 1681 exemplaribus
1406 1610 1547 1662 inter
1576 1621 1632 1659 se
1662 1603 1874 1658 collatis

299 1732 329 1770 ι
362 1730 448 1770 me
480 1712 728 1783 proferri.
762 1711 911 1786 Quod
954 1711 1006 1763 in
1052 1706 1383 1774 singularum
1434 1703 1576 1755 notis
1622 1696 1876 1752 animad-

301 1819 554 1874 vertam;
591 1809 675 1861 ubi
711 1804 918 1860 etiamsi
952 1802 1080 1872 quid
1113 1800 1268 1854 lectio
1297 1796 1488 1856 Varict,
1522 1794 1566 1848 si
1599 1793 1724 1861 quid
1756 1804 1872 1845 mea

297 1905 617 1974 c0njectura
652 1908 958 1956 correctum
996 1897 1414 1959 restitutumque
1448 1890 1540 1954 sit,
1572 1887 1614 1942 si
1650 1886 1776 1955 quid
1809 1899 1875 1940 ex

300 1997 558 2051 munibus
613 1991 935 2048 lectionibus
991 1989 1194 2040 rectius
1259 1983 1507 2036 videatur
1554 1989 1606 2034 et
1658 1976 1873 2042 verius,

299 2091 446 2161 quod
489 2099 669 2143 tamen
705 2085 778 2140 sit
809 2080 1040 2151 alicujus
1082 2075 1357 2140 momenti,
1398 2070 1718 2128 admonebo.

734 2198 762 2270 §
800 2198 885 2252 III.
921 2195 1064 2251 Ordo
1097 2190 1458 2248 Itomiliarum.

376 2321 496 2376 Non
526 2327 608 2374 est
639 2316 746 2370 alia
779 2313 948 2369 series
987 2311 1176 2364 harmu
1215 2305 1582 2369 homiliarum,
1618 2315 1780 2372 quam
1813 2315 1876 2354 ea

305 2429 415 2482 qua
454 2419 586 2466 sunt
631 2406 908 2476 evangelia
951 2419 1046 2473 per
1084 2403 1199 2456 dies
1251 2398 1556 2454 Dominicos
1607 2396 1878 2460 [estusque

303 2511 626 2558 sanctorum
651 2515 741 2566 per
763 2513 961 2550 annum
984 2494 1296 2550 Graecorum
1334 2492 1439 2542 ritu
1481 2489 1704 2554 digesta.
1735 2486 1880 2540 Cou-

304 2602 425 2651 stat
455 2603 629 2647 autem
668 2605 768 2645 non
803 2590 974 2643 solum
1008 2589 1072 2640 ὲκ
1107 2585 1198 2638 τοῦ
1229 2577 1746 2650 Εὑαγγελισταρίου,
1777 2578 1880 2630 hoc

305 2700 414 2752 est,
449 2688 590 2742 libro
619 2701 725 2756 quo
762 2682 1031 2748 nangelia
1076 2677 1340 2745 descripta
1373 2682 1501 2728 sunt
1539 2673 1590 2726 in
1624 2669 1880 2734 Liturgiis

308 2781 615 2842 recitando,
649 2793 745 2832 nec
781 2791 847 2829 ex
874 2772 1090 2828 Mellt’l'ls
1112 2770 1307 2830 solum,
1362 2767 1415 2820 in
1459 2765 1654 2834 quibus
1694 2774 1880 2830 preces

305 2881 364 2927 et
393 2869 574 2941 hymni
600 2875 908 2922 sanctorum
932 2876 1029 2932 per
1053 2872 1264 2912 menses
1293 2853 1559 2924 dispositi,
1599 2850 1691 2905 sed
1717 2847 1878 2902 etiam

308 2979 375 3017 ex
427 2969 616 3016 nostro
649 2956 980 3024 Theophane
1039 2953 1090 3006 in
1144 2948 1363 3004 homilia
1419 2945 1576 3012 cujus
1621 2943 1878 2996 initium:

320 3051 650 3120 Ἐπειδήπερ
703 3046 876 3117 ἀρχὴν
927 3043 1141 3114 εἰλήφει
1171 3043 1412 3110 σήμερον
1445 3034 1648 3106 (homil.
1677 3031 1881 3100 v),quo

306 3144 500 3199 ordine
535 3139 817 3209 evangelia
850 3136 1140 3192 distributa
1174 3133 1304 3187 sint.
1331 3129 1591 3183 lnchoant
1620 3125 1762 3180 enim
1787 3139 1883 3176 an-

310 3253 440 3291 ntnn
470 3233 903 3291 ecclesiasticum
935 3246 961 3282 a
993 3224 1332 3296 Septembri;
1369 3230 1424 3276 et
1457 3217 1733 3275 Dominica
1764 3223 1884 3284 post

309 3329 710 3384 Exaltationem
764 3333 964 3379 sanctae
995 3320 1173 3376 crucis
1220 3333 1284 3372 ex
1322 3317 1378 3370 S.
1413 3314 1551 3368 Luca
1585 3312 1761 3378 legere
1797 3310 1882 3362 in-

309 3422 544 3491 cipiunt,
583 3432 752 3485 usque
775 3417 841 3469 ad
869 3410 1383 3481 Quadragesimam:
1413 3421 1519 3474 quo
1551 3413 1790 3471 tempore
1811 3415 1876 3454 ex

309 3512 495 3570 Marco
518 3525 690 3582 usque
719 3509 784 3563 ad
810 3505 1050 3565 Pascha;
1079 3504 1203 3556 hinc
1225 3513 1394 3566 usque
1425 3497 1490 3550 ad
1524 3495 1880 3548 Pentecosten

313 3623 378 3660 ex
437 3605 685 3658 Joanne:
717 3599 912 3653 exinde
941 3609 1004 3649 ex
1039 3592 1095 3647 S.
1126 3590 1398 3654 Muttlneo,
1431 3601 1537 3654 quo
1563 3583 1749 3638 orbem
1785 3597 1885 3635 an-

309 3711 480 3752 nuum
532 3691 790 3747 claudunt
825 3689 875 3742 in
924 3686 1184 3754 Augusto.
1232 3680 1384 3745 Quod
1416 3678 1583 3732 etiam
1618 3676 1672 3729 in
1702 3673 1886 3729 codice

315 3793 580 3846 Vaticano
610 3798 734 3858 post
764 3784 1040 3840 homiliam
1078 3781 1152 3833 De
1181 3787 1364 3832 sancto
1397 3773 1606 3828 Joanne
1638 3768 1884 3841 Baptista

319 3883 531 3955 (homil.
564 3883 676 3947 ut)
699 3892 819 3946 quae
839 3875 1044 3942 incipit,
1074 3871 1266 3931 Καλῶς
1302 3869 1615 3937 ἐφήρμοσεν
1646 3867 1680 3933 ἡ
1710 3863 1881 3928 τάξις,

319 3977 641 4029 adnotatum
676 3979 761 4024 est
797 3969 881 4022 his
905 3966 1105 4027 verbis,
1129 3963 1330 4016 Ἰστέον
1368 3962 1449 4014 ὃτι
1477 3959 1582 4020 ἕως
1609 3950 1712 4009 ὧδε
1748 3955 1887 4023 πλη-

313 4064 582 4138 ροῦταιτδ
607 4062 924 4134 μηνολόγιον
951 4057 1057 4112 ἀπὸ
1072 4055 1165 4108 τοῦ
1187 4051 1564 4122 Σεπτεμϐρίου
1585 4049 1886 4121 ἀρχόμενον

310 4160 476 4213 οἱονεὶ
514 4159 610 4210 καὶ
656 4155 718 4207 τὸ
773 4153 924 4214 τέλος
968 4151 1060 4203 τοῦ
1113 4147 1424 4216 Αὐγούστου
1484 4142 1884 4211 τελειούμενον.

316 4250 627 4310 Sciendum,
657 4249 796 4314 quod
827 4246 913 4298 hic
934 4243 1123 4296 desinit
1163 4239 1511 4307 menologium
1537 4252 1569 4288 a
1597 4230 1888 4305 Septembri

311 4345 569 4410 incipiens
605 4349 654 4394 et
707 4340 763 4391 in
816 4338 919 4405 [ine
960 4335 1187 4404 Augusti
1226 4331 1557 4400 completum.
1588 4327 1766 4396 Atque
1801 4325 1888 4379 hic

312 4437 450 4490 ordo
484 4435 804 4500 pierumque
837 4435 1046 4482 constat
1075 4427 1126 4478 in
1151 4424 1402 4478 omnibus
1439 4420 1718 4475 codicibus
1752 4432 1883 4472 mss.

313 4530 406 4595 qui
453 4538 642 4579 onmes
676 4521 937 4589 incipiunt
983 4519 1048 4570 ab
1077 4515 1296 4571 homilia
1331 4515 1414 4576 εἰς
1461 4513 1560 4582 τὴν
1602 4511 1885 4574 Ἰνδικτον,

313 4620 436 4689 ἦτοι
471 4614 648 4685 ἀρχὴν
679 4613 773 4666 τοῦ
797 4615 918 4665 νέου
957 4608 1137 4674 ἔτους,
1177 4622 1296 4676 qua:
1324 4616 1406 4661 est
1434 4605 1502 4659 de
1536 4618 1723 4658 mense
1751 4603 1886 4668 Sep-

318 4709 538 4770 tembri,
585 4716 641 4760 et
679 4705 950 4765 desinunt,
1009 4701 1152 4770 quod
1205 4699 1270 4751 ad
1319 4697 1596 4765 evangelia
1647 4693 1888 4766 κυριακά

318 4801 552 4863 attinet,
602 4798 655 4849 in
691 4808 808 4849 eam
843 4806 964 4859 qua:
995 4800 1078 4844 est
1104 4789 1168 4842 de
1192 4787 1351 4841 divite
1386 4787 1745 4853 interrogante
1779 4781 1886 4833 Do-

316 4892 518 4944 minum
559 4885 769 4957 (homil.
799 4882 959 4952 xcv);
991 4880 1136 4952 quod
1173 4892 1302 4933 vero
1343 4879 1408 4929 ad
1457 4877 1621 4939 festa,
1669 4875 1719 4927 in
1767 4887 1884 4928 eam

314 4999 440 5053 quae
471 4989 557 5035 est
583 4983 647 5033 de
677 4978 736 5033 S.
767 4976 996 5031 Joannis
1024 4973 1280 5042 Baptista:
1303 4967 1653 5024 decollatione
1674 4967 1884 5036 (homil.

315 5075 456 5142 ut),
491 5074 546 5127 in
584 5071 738 5141 cujus
773 5069 1034 5138 ριύωιιιίο
1069 5068 1186 5136 ipse
1225 5063 1584 5131 Theophanes
1626 5059 1754 5113 illud
1788 5058 1887 5112 ad-

316 5167 506 5230 vertit,
543 5171 688 5218 recte
719 5163 774 5215 in
808 5162 924 5230 ipso
955 5159 1012 5214 S.
1042 5159 1384 5212 Przecursore
1419 5152 1554 5206 ﬁniri
1587 5166 1812 5215 annum,
1834 5156 1890 5202 et

314 5257 518 5312 exinde
564 5267 760 5308 novum
814 5250 1082 5315 inchoari,
1137 5249 1282 5317 quod
1328 5248 1440 5316 ipse
1484 5244 1649 5298 fuerit
1679 5244 1889 5296 medius

313 5351 461 5405 inter
512 5356 747 5400 vetarent
795 5342 964 5412 legem
999 5351 1054 5396 et
1097 5355 1314 5394 novam.
1353 5337 1504 5392 Hunc
1533 5338 1777 5392 ordinem
1807 5336 1886 5388 ri-

315 5453 546 5510 tumque
571 5438 974 5508 evangeliorum
1002 5437 1166 5490 etiam
1193 5436 1428 5489 retinere
1461 5434 1512 5485 in
1549 5439 1733 5484 nostro
1754 5429 1890 5481 libro

315 5537 497 5591 visum
545 5549 786 5603 aequum.
842 5531 1098 5585 nimirum
1155 5537 1214 5581 ut
1261 5526 1566 5595 antiquitati
1619 5523 1792 5576 Patris
1838 5530 1892 5576 et

312 5625 562 5679 codicum
600 5621 908 5676 auctoritati
945 5631 1002 5673 et
1032 5617 1223 5671 Grtcco
1248 5615 1412 5669 veteri
1450 5615 1577 5667 ritui
1611 5613 1760 5668 locus
1792 5615 1888 5666 da-

312 5728 466 5773 retur
488 5732 642 5772 suus.
667 5715 800 5770 Nam
822 5712 1035 5769 etiamsi
1070 5711 1136 5766 ad
1159 5709 1412 5764 Romane
1434 5707 1687 5765 Ecclesia:
1721 5707 1880 5762 ritum

1275 285 1680 350 FRANCISCI
1717 280 1986 342 SCORSI
2023 283 2460 350 PROCEMIUM
2492 288 2604 352 III.

3449 288 3552 353 126

1978 402 2410 475 positionemque
2469 405 2874 476 evangeliorum
2920 406 2972 461 iu
3031 420 3095 462 ea
3153 405 3406 461 usitatam
3455 421 3550 460 eas

1982 496 2238 549 ordinare
2273 498 2654 563 voluissemus,
2685 513 2782 554 nec
2803 513 2992 554 omnes
3020 512 3299 554 sermones
3324 499 3546 567 explere

1980 588 2290 643 Dominicos
2314 589 2588 658 festosque
2617 590 2915 657 potuissent
2945 591 3080 654 dies,
3105 599 3158 644 et
3182 589 3372 657 aliquae
3393 596 3546 642 extra

1981 680 2286 734 Dominicas
2305 679 2580 748 festosque
2601 681 2785 750 vagari
2809 679 3140 734 debuissent.
3162 678 3234 733 Ut
3257 679 3396 733 enim
3422 694 3542 732 cum

1979 781 2165 824 nostro
2217 773 2323 824 ritu
2381 772 2708 826 conveniant
2761 769 2963 838 aliqua,
3024 769 3172 838 plura
3221 770 3546 835 discrepent,

1981 875 2160 917 tamen
2193 877 2368 932 neque
2409 863 2638 916 multum
2668 863 2934 916 interesse
2962 863 3028 913 ad
3056 861 3340 914 utilitatem
3377 860 3548 913 lecto-

1978 972 2094 1011 rum
2125 957 2294 1010 visum
2348 964 2434 1010 est
2482 970 2649 1010 suone
2700 968 2766 1007 an
2808 963 2993 1008 nostro
3031 953 3428 1006 collocarentur
3454 965 3550 1003 or-

1978 1049 2122 1114 dine,
2184 1063 2306 1101 cum
2374 1046 2510 1100 satis
2567 1047 2615 1100 ei
2671 1043 2980 1097 consultum
3028 1050 3170 1094 esset
3225 1041 3268 1095 si
3319 1040 3547 1094 indicem

1977 1141 2305 1210 peculiarem
2332 1138 2732 1207 evangeliorum
2762 1136 3020 1189 RomanaI
3061 1133 3314 1187 Ecclesiae
3346 1132 3550 1184 desrri-

1979 1230 2252 1291 heremus,
2304 1232 2357 1281 in
2408 1228 2605 1294 quibus
2650 1227 2808 1294 hujus
2852 1223 3026 1277 Patris
3072 1222 3342 1290 expositio
3383 1220 3551 1288 possit

1978 1321 2186 1375 haberi.
2244 1317 2621 1374 Verumtamen
2674 1317 2834 1371 etiam
2879 1315 3140 1381 Optimum
3186 1312 3331 1364 factu
3376 1311 3548 1363 visunt

1974 1421 2078 1474 est,
2121 1421 2178 1464 ut
2209 1411 2461 1465 homilias
2487 1410 2540 1463 in
2572 1405 2846 1478 evangelia
2880 1402 3226 1458 Dominicalia
3269 1402 3550 1470 disiunge-

1977 1520 2156 1558 remus
2199 1503 2268 1558 ab
2319 1504 2385 1558 iis
2426 1517 2544 1571 qme
2582 1510 2708 1556 sunt
2788 1499 2839 1552 iu
2891 1496 3030 1552 festa
3119 1505 3454 1556 sanctorum,
3497 1503 3555 1547 ut

1977 1605 2329 1664 utrarumque
2394 1593 2686 1647 ἀκολουθέει
2741 1590 3076 1644 connnodior
3134 1598 3188 1641 et
3246 1585 3546 1640 evidentior

1976 1695 2142 1741 esset.
2200 1685 2518 1753 Quanquam
2555 1682 2700 1737 enim
2741 1679 2976 1734 homilia:
3014 1679 3064 1731 in
3109 1677 3384 1745 evangelia
3417 1689 3545 1728 san-

1977 1789 2190 1836 ctorum
2230 1780 2340 1832 sint
2383 1773 2681 1841 interiecta:
2715 1770 3010 1826 Dominicis
3057 1767 3284 1831 diebus,
3336 1778 3550 1819 servato

1979 1875 2167 1927 eodem
2193 1871 2318 1925 anni
2352 1871 2606 1928 decursu,
2642 1874 2820 1918 tamen
2848 1861 3059 1915 variant
3087 1857 3313 1913 miriﬁce
3339 1856 3552 1910 codices

1980 1966 2034 2019 in
2068 1965 2153 2018 his
2180 1963 2320 2016 inter
2345 1974 2403 2014 se
2429 1955 2768 2018 ordinaudis,
2794 1962 2852 2006 ut
2886 1952 2938 2005 in
2973 1950 3094 2003 aliis
3132 1948 3233 2001 alia
3261 1945 3548 2015 praecedat,

1981 2057 2090 2112 alia
2127 2055 2506 2121 subsequatur.
2541 2048 2722 2113 Quare
2752 2060 2871 2100 cum
2898 2057 3070 2110 neque
3099 2050 3280 2093 certus
3307 2053 3370 2090 ex
3403 2035 3553 2090 codi-

1981 2150 2134 2204 cibus
2169 2144 2330 2200 statui
2363 2141 2536 2211 possit
2569 2137 2722 2200 ordo,
2768 2150 2866 2190 nec
2909 2142 3057 2187 esset
3111 2129 3296 2197 religio
3337 2128 3550 2182 illorum

1978 2241 2228 2296 deserere
2258 2233 2601 2296 ἀκολουθίαν,
2636 2229 2793 2282 modo
2821 2223 3100 2279 commoda
3128 2222 3304 2290 aliqua
3334 2229 3387 2275 et
3411 2235 3547 2273 con-

1977 2342 2239 2388 sentanea
2273 2327 2668 2386 institueretur,
2697 2321 2763 2373 ab
2795 2315 2981 2370 alteris
3009 2315 3212 2368 alteros
3242 2313 3554 2380 discerpere

1979 2423 2148 2478 satius
2196 2419 2479 2479 duximus,
2527 2423 2580 2467 et
2624 2411 2774 2480 quasi
2819 2407 3114 2462 secundum
3149 2414 3348 2457 tomum
3377 2409 3431 2456 et
3458 2415 3555 2455 no-

1981 2526 2103 2564 vum
2137 2508 2346 2562 initium
2383 2503 2560 2558 facere
2596 2503 2660 2553 ab
2703 2496 2922 2551 homilia
2969 2494 3033 2547 de
3069 2504 3254 2547 sancto
3291 2490 3556 2544 Demetrio

1980 2601 2191 2668 (homil.
2224 2598 2390 2665 XLVI).
2421 2595 2742 2661 Quanquam
2770 2588 2858 2641 illa
2893 2601 3012 2655 quae
3041 2595 3124 2639 est
3164 2587 3218 2638 in
3255 2585 3383 2636 anni
3405 2583 3554 2646 prin-

1979 2694 2195 2763 cipium,
2251 2705 2372 2744 cum
2426 2689 2497 2742 sit
2543 2695 2705 2755 caput
2750 2699 2855 2737 non
2901 2681 3075 2737 solum
3127 2677 3408 2736 festorum,
3459 2673 3552 2726 sed

1980 2786 2141 2840 etiam
2177 2783 2603 2841 Dominicarum,
2626 2775 2982 2842 stabilemque
3013 2772 3194 2824 sedem
3220 2768 3272 2821 in
3295 2766 3551 2821 omnibus

1979 2876 2258 2932 codicibus
2289 2874 2504 2937 habeat,
2546 2870 2722 2940 primo
2770 2866 2954 2920 itidem
3002 2863 3121 2917 loco
3157 2859 3460 2929 posuimus.
3493 2863 3552 2908 ιιι

1979 2973 2218 3027 omnium
2266 2969 2492 3021 chorum
2539 2966 2790 3024 duceret;
2835 2965 3096 3028 praeterea
3144 2950 3420 3006 homiliam
3456 2963 3553 3001 seu

1979 3067 2159 3134 potius
2180 3061 2478 3116 orationem
2498 3058 2551 3110 in
2582 3052 2966 3110 Exultationem
2985 3055 3179 3101 sancta:
3204 3041 3388 3096 Cruris
3438 3051 3558 3106 quae

1981 3170 2112 3210 sane
2137 3153 2202 3206 de
2223 3153 2362 3206 festo
2389 3159 2490 3212 est,
2510 3162 2630 3201 cum
2655 3153 2859 3198 certam
2893 3138 3072 3193 itidem
3094 3134 3334 3188 videatur
3361 3129 3559 3182 habere

1981 3245 2166 3300 sedem
2205 3244 2257 3297 in
2318 3239 2595 3296 codicibus
2629 3235 2880 3290 omnibus
2914 3240 3032 3299 post
3066 3225 3393 3280 Dominicam
3421 3234 3557 3288 pra:-

1984 3339 2262 3391 cedentem
2317 3335 2416 3386 hoc
2473 3330 2689 3391 festum,
2749 3336 2803 3380 et
2857 3338 2965 3392 quo
3010 3319 3181 3372 ambae
3213 3313 3446 3368 homilia:
3490 3311 3557 3362 ad

1987 3429 2044 3482 S.
2081 3439 2300 3481 crucem
2331 3422 2660 3492 pertinentes
2702 3431 2761 3470 se
2808 3414 3037 3466 invicem
3071 3411 3556 3472 consequerentur,

1987 3536 2102 3573 eam
2156 3532 2275 3584 qua:
2310 3517 2373 3568 de
2423 3513 2562 3567 festo
2607 3520 2692 3565 est
2720 3503 3078 3562 adnexnimus
3117 3500 3165 3552 ei
3207 3512 3329 3565 quae
3357 3501 3443 3548 est
3491 3491 3558 3544 de

1990 3611 2302 3674 Dominica;
2361 3605 2598 3672 reliquas
2646 3613 2837 3653 omnes
2879 3591 3254 3664 seposuimus,
3319 3595 3376 3639 ut
3422 3581 3556 3636 dixi.

1987 3699 2233 3757 Humilia:
2266 3699 2345 3759 εἰς
2365 3695 2434 3748 τὰ
2458 3692 2678 3756 ἑωθινὰ,
2713 3690 2814 3744 hoc
2838 3692 2946 3746 est,
2993 3683 3047 3735 in
3067 3679 3310 3755 undecim
3337 3673 3558 3728 matuti-

1986 3792 2130 3846 nalia
2162 3787 2456 3858 evangelia,
2507 3781 2752 3852 quamvis
2801 3778 2943 3830 inter
2987 3754 3350 3826 Dominicales
3375 3778 3560 3820 recen-

1985 3885 2090 3939 seri
2125 3882 2367 3952 possint,
2429 3887 2609 3930 tamen
2658 3881 2942 3942 postrema:
2994 3865 3236 3920 omnium
3288 3861 3340 3913 in
3398 3858 3557 3912 codd.

1986 3948 2383 4028 describuntur.
2413 3968 2482 4022 Iis
2517 3973 2738 4018 utuntur
2769 3957 2942 4014 Graeci
2974 3972 3077 4008 non
3119 3955 3169 4006 in
3203 3948 3464 4018 Liturgia,
3497 3956 3558 3998 ut

1986 4065 2227 4129 caeteris,
2260 4063 2351 4116 sed
2391 4061 2444 4112 in
2486 4055 2674 4110 Ollicio
2720 4049 3027 4110 matutino,
3081 4046 3182 4098 hoc
3235 4043 3457 4102 ordine,
3500 4046 3558 4090 ut

1988 4155 2226 4222 singulas
2254 4148 2478 4219 singulis
2523 4141 2821 4198 Dominicis
2863 4139 3122 4200 recitent,
3175 4133 3498 4200 incipientes
3528 4143 3558 4178 a

1991 4248 2166 4319 primo
2200 4257 2371 4313 usque
2423 4241 2490 4293 ad
2538 4237 2881 4292 undecimum
2925 4245 2938 4282 :
2983 4227 3180 4296 quibus
3230 4221 3460 4291 expletis
3507 4220 3562 4273 in

1990 4344 2173 4398 orbem
2207 4339 2454 4402 redeunt,
2485 4344 2649 4397 atque
2695 4331 2766 4384 ita
2801 4339 3126 4395 unoquoque
3163 4318 3443 4374 Dontinico
3478 4316 3566 4368 die

1993 4451 2154 4490 unum
2196 4448 2264 4487 ex
2313 4429 2394 4485 his
2447 4425 2741 4494 evangeliis
2775 4423 2979 4492 legunt,
3026 4427 3184 4488 prout
3229 4413 3438 4468 incidit.
3475 4409 3566 4464 Eat

1993 4530 2158 4599 igitur
2193 4524 2426 4581 homilim
2461 4536 2584 4575 cum
2633 4531 2798 4572 unum
2835 4513 3150 4569 contineant
3185 4515 3563 4576 argumentum

1993 4596 2432 4676 Ilesnrrectionis
2468 4610 2694 4673 Christi,
2746 4615 2867 4677 post
2906 4603 3182 4659 homiliam
3214 4601 3278 4652 de
3305 4596 3571 4649 Passione

1993 4713 2264 4768 collocare
2306 4708 2475 4761 visum
2535 4713 2616 4757 est
2651 4709 2854 4754 rectum
2881 4737 2898 4763 ,
2953 4697 3054 4750 hac
3099 4694 3212 4760 ipsa
3251 4691 3316 4743 de
3363 4701 3566 4749 causa,

1994 4803 2119 4874 quia
2147 4801 2213 4856 de
2239 4794 2654 4853 Resttrrectione
2684 4800 2846 4852 sunt;
2879 4799 3014 4854 quas
3047 4781 3240 4836 deinde
3281 4775 3568 4831 commode

1993 4867 2406 4961 consequuntur
2435 4882 2670 4940 homilia:
2699 4882 2762 4933 de
2796 4875 3118 4931 Ascensione
3173 4878 3227 4924 et
3274 4870 3336 4920 de
3374 4867 3564 4921 Pente-

1993 4996 2154 5049 caste,
2182 4940 2495 5051 lquanquam
2537 4975 2678 5027 inter
2705 4972 2804 5024 has
2839 4976 2892 5022 et
2924 4980 3016 5020 eas
3062 4966 3126 5018 de
3168 4961 3574 5016 Ilesurrectione
3630 4940 3639 4952 ’

1995 5076 2326 5129 intercurrat
2381 5063 2602 5120 homilia
2655 5061 2719 5114 de
2770 5055 3147 5118 Samaritana,
3205 5066 3325 5120 qua:
3371 5060 3452 5105 est
3497 5063 3567 5102 ex

1993 5160 2281 5231 Evangelio
2339 5157 2401 5212 S.
2443 5153 2689 5213 Joannis,
2742 5157 2797 5203 et
2854 5145 3128 5200 Dominica
3185 5152 3306 5210 post
3355 5141 3568 5194 Pascha

1994 5255 2212 5323 legitur.
2274 5249 2352 5302 Ad
2407 5247 2540 5308 hinc,
2593 5239 2808 5295 homilia
2867 5239 2930 5290 de
2991 5236 3302 5290 Ascensione
3353 5231 3563 5283 Domini

1994 5322 2135 5398 idem
2190 5341 2352 5393 habet
2401 5331 2736 5401 evangelium
2785 5336 2946 5395 atque
2989 5339 3052 5378 ea
3099 5337 3216 5392 qua:
3267 5322 3322 5372 in
3359 5328 3563 5371 sextum

1993 5429 2340 5489 matutinum,
2370 5438 2489 5490 quae
2524 5431 2686 5472 causa
2722 5426 2804 5470 est
2843 5429 2941 5467 cur
2975 5431 3004 5466 a
3046 5425 3268 5464 numero
3310 5406 3560 5460 undecim

1995 5514 2472 5578 homiliarumhaze
2492 5510 2652 5573 absit,
2681 5515 2891 5562 servata
2918 5515 3096 5558 tamen
3131 5503 3181 5554 in
3206 5494 3566 5568 sequentibus

1996 5611 2204 5668 numeri
2238 5607 2475 5665 ratione;
2513 5611 2567 5654 at
2597 5601 2720 5668 quia
2753 5597 2840 5651 illa
2875 5593 3194 5664 prowtnium
3219 5591 3464 5645 continet
3495 5591 3562 5641 do

2000 5705 2139 5760 festo
2165 5700 2252 5757 die
2281 5694 2648 5760 Ascensionis,
2681 5689 2870 5748 eodem
2907 5686 3093 5744 ordine
3129 5683 3439 5742 collocanda
3459 5681 3570 5736 fuit
