4062 6214
525 334 623 398 12⁵1

525 460 633 510 quo
659 439 916 496 Ascenslo
942 432 1203 504 praetedlt
1232 431 1614 485 Pentecosteu.
1663 431 1794 483 Illud
1823 439 2092 498 postremo

528 537 580 587 in
609 535 710 586 hoc
745 525 1078 597 paragrapho
1123 521 1457 576 admonitum
1496 521 1745 573 lectorem
1779 520 1957 581 velizn,
1999 533 2096 570 ue-

526 639 626 690 que
652 634 840 674 omnes
873 616 1122 670 homilias
1147 628 1284 681 quas
1321 613 1590 665 edidimus
1632 611 1780 678 (sunt
1808 623 1983 662 autem
2015 610 2095 661 lia:

524 728 654 780 quas
686 724 783 777 pro
822 708 1003 761 studio
1044 703 1431 772 diligentiaque
1467 713 1644 755 nostra
1680 711 1734 754 et
1784 699 2094 765 adjtttneuto

524 804 820 858 amicorum
853 798 1029 851 adhuc
1059 795 1324 856 adhibito,
1358 794 1592 862 reperire
1618 793 1884 858 potuimus
1920 792 1972 843 in
2012 790 2091 842 bi-

526 893 844 951 bliothecis,
898 888 1180 955 seXaginta
1232 884 1366 953 duae)
1417 883 1828 938 Deminicaliuut
1883 881 2091 934 dierum

527 997 808 1037 numerum
837 989 890 1033 et
911 979 1086 1031 locum
1109 978 1349 1044 explere,
1368 975 1525 1027 sicuti
1560 989 1731 1040 neque
1752 981 2088 1032 sanctorum;

525 1075 618 1129 sed
647 1073 844 1126 multas
876 1071 1065 1122 deesse
1107 1065 1450 1120 manifestum
1494 1074 1594 1117 est.
1655 1063 1716 1116 Et
1750 1063 1963 1129 quidetn
1994 1063 2090 1112 ho-

529 1167 688 1220 milize
732 1165 782 1217 in
827 1163 884 1216 8.
916 1161 1074 1216 Luca:
1112 1159 1388 1224 evangelia
1430 1159 1677 1210 videnlur
1716 1171 1837 1208 esse
1882 1154 2093 1207 ca-teris

529 1257 732 1325 plures,
763 1267 1067 1322 quanquam
1102 1249 1322 1302 homilia
1355 1250 1406 1300 in
1439 1249 1724 1300 secundani
1764 1243 2090 1298 Dominieam

527 1362 646 1414 qua:
691 1354 794 1404 est,
842 1340 1034 1402 Καθὼς
1065 1339 1248 1392 Θέλετε
1285 1339 1372 1391 ῖ.α
1401 1336 1626 1389 ποιῶσιν
1657 1338 1808 1405 ἡμῖν,
1846 1347 1974 1397 elc.,
2025 1349 2090 1386 ex

527 1454 646 1504 cap.
681 1452 731 1489 vt
769 1435 827 1488 8.
862 1432 1020 1486 Luca:
1053 1440 1111 1485 ut
1145 1432 1360 1498 ponitur
1409 1430 1460 1484 itt
1501 1427 1943 1496 Evangelistario,
1978 1427 2094 1479 sine

529 1531 686 1582 dubio
711 1531 878 1581 deest.
924 1526 986 1578 Et
1017 1539 1084 1578 ne
1119 1526 1184 1578 de
1216 1523 1439 1591 singulis
1467 1537 1687 1576 examen
1717 1521 1978 1574 habeatur
2001 1519 2096 1574 ad-

529 1618 810 1680 amussitn,
843 1615 986 1683 quod
1024 1615 1242 1683 longum
1265 1623 1426 1676 esset,
1460 1627 1633 1680 neque
1665 1614 1795 1663 tanti
1821 1623 1926 1674 est,
1948 1621 2096 1665 certe

530 1711 579 1760 lu
614 1708 852 1761 homiliis
883 1723 948 1759 ex
997 1704 1055 1758 S.
1096 1703 1326 1767 Joanne,
1358 1719 1475 1771 qua:
1510 1714 1627 1770 post
1661 1701 1863 1756 Pascha
1907 1703 2094 1770 legun-

530 1813 636 1860 tur,
675 1799 850 1851 solum
887 1812 950 1849 ea
987 1804 1233 1862 superest
1269 1810 1388 1860 quae
1435 1804 1518 1847 est
1557 1795 1618 1846 de
1645 1792 2012 1856 Samaritana,
2041 1801 2095 1846 et

527 1906 591 1942 ex
625 1888 859 1941 homiliis
885 1887 938 1940 in
973 1886 1250 1954 evangelia
1286 1885 1344 1938 8.
1373 1883 1632 1949 Mattlnei,
1661 1900 1780 1953 qua:
1810 1895 1929 1954 post
1958 1884 2095 1938 Pen-

531 1991 769 2035 tecosteu
821 1980 1002 2048 plures
1054 1989 1212 2040 sunt,
1272 1991 1455 2046 pauca:
1522 1977 1808 2030 admodum
1859 1986 2091 2030 exstant.

530 2073 828 2126 Factumne
864 2071 915 2124 id
963 2071 1034 2125 sit
1077 2072 1202 2138 quia
1244 2070 1404 2122 dicta:
1435 2084 1537 2122 non
1582 2077 1707 2121 sunt
1756 2067 1841 2120 vel
1880 2075 2096 2134 propter

533 2164 738 2218 a-statis
769 2163 996 2226 calores,
1031 2161 1111 2214 vel
1143 2170 1360 2230 propter
1393 2160 1691 2213 absentiam
1726 2160 1995 2226 episcopi;
2027 2173 2094 2210 an

527 2255 655 2320 quia
709 2254 868 2306 dicta:
913 2251 1176 2319 quidem,
1245 2266 1350 2302 non
1431 2258 1608 2301 tamen
1663 2249 1976 2316 exscripta,
2013 2247 2096 2300 vel

523 2343 813 2412 .cxst:ript'.e
861 2340 1140 2411 profecto,
1205 2341 1298 2394 sed
1350 2339 1688 2405 interierint,
1745 2338 1828 2393 vel
1895 2338 2097 2392 lateant

530 2437 706 2486 adhtn-
738 2435 788 2485 in
823 2434 999 2501 aliqua
1035 2431 1356 2485 bibliotheca
1393 2446 1568 2499 neque
1604 2431 1669 2484 ad
1700 2441 1940 2483 nostram
1973 2444 2097 2497 per-

529 2524 778 2576 venerint
809 2523 1079 2582 ιιυιίιίςιιιι.
1119 2535 1222 2574 ιιοιι
1269 2521 1439 2574 habeo
1489 2531 1694 2575 certum
1725 2521 1864 2589 quod
1895 2521 2094 2574 dicam.

532 2616 796 2669 llomilias
834 2618 886 2668 in
927 2615 1009 2666 ιιι..
1050 2615 1229 2676 verba,
1265 2613 1498 2667 Lucerna
1531 2615 1762 2680 corporis
1789 2623 1867 2667 est
1914 2615 2096 2668 orulus

526 2708 663 2761 etin
702 2706 902 2774 reliqua
948 2706 1180 2774 ejusdem
1209 2705 1484 2774 evangelii,
1533 2706 1585 2758 in
1623 2704 1928 2759 Dominicas
1973 2713 2095 2774 post

529 2797 884 2852 Pentecosteu
920 2795 1194 2864 conjicere
1223 2796 1397 2849 visum
1429 2801 1510 2847 est
1549 2808 1667 2846 cum
1707 2793 1816 2847 sint
1842 2808 1905 2846 ex
1932 2809 2095 2847 evan-

529 2890 671 2958 gelio
711 2887 772 2941 8.
806 2887 1061 2949 Matthxi,
1101 2887 1202 2940 etsi
1239 2886 1292 2938 in
1335 2883 1512 2937 multis
1551 2882 1710 2938 codd.
1761 2883 2097 2950 reperiantur

532 2979 675 3032 inter
703 2991 798 3030 eas
829 2992 948 3045 qua:
975 2987 1101 3030 sunt
1129 2976 1182 3029 in
1212 2973 1274 3029 D.
1304 2972 1527 3027 Lucam.
1561 2973 1690 3038 Sed,
1725 2981 1782 3026 ut
1807 2973 1939 3038 dixi,
1975 2986 2096 3026 cum

533 3077 748 3122 constet
773 3067 906 3121 ordo
953 3065 1079 3118 anni
1125 3079 1233 3132 quo
1277 3065 1635 3133 disponuntur
1660 3065 1958 3133 evangelia,
1993 3079 2098 3118 non

536 3169 716 3212 tamen
747 3157 1078 3227 singulorum
1107 3155 1347 3219 Εὑταξία
1373 3156 1428 3210 in
1463 3156 1620 3210 codd.
1646 3165 1866 3224 apparet
1893 3173 1907 3208 :
1937 3169 2102 3224 quare

535 3259 681 3303 recta
719 3249 927 3303 ratione
958 3247 1288 3316 arbitrioque
1319 3257 1504 3300 nostro
1534 3247 1614 3299 usi
1645 3261 1864 3311 sumus;
1902 3248 2002 3300 nisi
2029 3248 2098 3311 si,

533 3341 676 3408 quod
705 3353 880 3395 tamen
907 3354 993 3393 me
1029 3338 1176 3404 latet,
1221 3339 1363 3406 quod
1395 3338 1445 3390 in
1492 3339 1802 3392 Graecorum
1833 3338 1936 3392 ritu
1970 3354 2102 3391 usu-

531 3445 640 3500 que
685 3431 754 3485 sit
809 3429 1042 3499 positum
1093 3426 1523 3498 μυστικώτερον.
1548 3427 1700 3493 Quod
1747 3435 1924 3484 tamen
1971 3429 2102 3483 mihi

537 3519 781 3590 religioni
813 3535 919 3573 nou
951 3518 1110 3582 duco,
1139 3533 1285 3582 cum,
1317 3527 1374 3572 ut
1405 3519 1541 3581 dixi,
1585 3521 1720 3573 ordo
1753 3519 1842 3575 hic
1891 3535 1996 3574 non
2032 3521 2104 3575 sit

535 3628 602 3664 ex
639 3611 797 3666 rebus
829 3612 1006 3680 magni
1041 3611 1315 3668 momenti.
1352 3610 1596 3665 doctrina
1643 3611 1814 3664 solum
1861 3621 1916 3666 et
1943 3627 2104 3666 evan-

538 3699 798 3766 geliorum
857 3698 1147 3768 explicatio
1202 3699 1320 3752 usui
1377 3699 1448 3753 sit
1496 3709 1551 3753 et
1603 3701 1778 3770 magni
1836 3700 2102 3755 facienda.

537 3789 819 3844 llumiliam
871 3791 953 3854 εις
1003 3789 1094 3842 τὸν
1149 3793 1451 3860 γενόμενον
1496 3792 1710 3861 αὐχμὸν
1754 3807 1875 3847 cum
1933 3806 2106 3860 neque

537 3885 704 3949 diem,
741 3899 918 3953 neque
946 3894 1156 3953 tempus
1178 3886 1305 3938 anni
1333 3895 1536 3939 certmn
1569 3886 1786 3946 habeat.
1819 3885 1871 3938 in
1896 3895 2106 3954 postre-

539 3990 687 4026 mum
736 3975 1042 4040 redegimus
1094 3975 1290 4040 locum,
1334 3985 1387 4029 et
1430 3977 1608 4044 potius
1655 3985 1807 4029 extra
1859 3976 2102 4030 ordinem

533 4080 696 4132 quam
740 4065 792 4118 iu
822 4065 1013 4118 ordine
1064 4067 1423 4134 reposuimus.
1456 4067 1631 4136 Atque
1677 4067 1790 4121 lizec
1834 4077 2107 4135 utcunque

539 4158 605 4208 de
638 4156 778 4210 serie
807 4155 1153 4210 homiliarum
1190 4157 1443 4224 praedicta
1481 4157 1612 4220 sint,
1664 4171 1822 4224 quam
1854 4166 2012 4225 prout
2051 4156 2104 4210 in

540 4257 726 4300 nostro
751 4247 854 4302 hoc
879 4246 1018 4302 libro
1047 4261 1106 4302 se
1141 4247 1358 4314 habeat,
1386 4247 1734 4318 subjiciemus
1760 4251 1829 4304 ob
1860 4247 2066 4304 oculos.

922 4381 950 4450 ς
990 4381 1080 4436 ιν.
1117 4381 1276 4437 Ratio
1316 4384 1727 4454 interpretandi.

613 4511 784 4579 Quam
818 4512 1034 4568 diliicite
1063 4525 1120 4570 et
1155 4531 1439 4585 operosum
1477 4519 1746 4589 negotium
1778 4519 1852 4575 sit
1888 4535 1955 4576 ex
2002 4536 2128 4580 una.

540 4603 724 4674 lingua
755 4605 808 4658 in
841 4605 1000 4658 aliam
1038 4616 1279 4660 veterum
1331 4609 1529 4676 scripta
1572 4612 1869 4678 traducere,
1909 4613 1956 4668 is
1990 4628 2108 4666 0m-

542 4697 693 4750 uimn
731 4696 933 4765 optime
965 4698 1114 4752 novit
1139 4699 1227 4766 qui
1263 4699 1564 4764 hujusmodi
1601 4705 1872 4771 negotium
1913 4713 2108 4758 tractat

537 4797 595 4842 et
628 4788 728 4843 hoc
757 4804 945 4844 saxum
988 4799 1183 4843 versat.
1219 4789 1296 4844 Ex
1336 4791 1533 4860 quibus
1577 4793 1823 4846 omnibus
1871 4793 2108 4850 luculen-

539 4879 785 4934 tissimus
824 4881 976 4935 testis
1007 4881 1100 4944 sit,
1145 4890 1328 4948 utpote
1369 4882 1758 4939 scientissimus
1807 4885 2108 4954 linguarum

539 4972 814 5038 euntium,
843 4973 1219 5043 Hieronymus,
1255 4975 1347 5042 qui
1375 4983 1428 5028 et
1459 4991 1522 5028 ex
1552 4973 1775 5030 llebrwo
1797 4991 1948 5030 Sacra
1996 4992 2110 5030 mo-

545 5074 833 5127 numenta,
885 5073 938 5118 et
986 5080 1051 5118 ex
1104 5065 1292 5120 Graeco
1347 5067 1574 5119 aliorum
1630 5067 1792 5122 multa
1850 5066 2106 5122 traduxit.

550 5151 764 5221 Difficile
812 5163 926 5217 est,
979 5155 1275 5222 inquitnille
1309 5157 1360 5208 in
1427 5155 1746 5211 Praelatioue
1791 5159 1855 5210 ad
1891 5157 2106 5210 Eusebii

544 5244 878 5307 Cbronicon,
908 5247 1108 5299 alienas
1139 5249 1342 5301 litteras
1372 5250 1745 5316 insequentem,
1790 5265 1891 5301 non
1917 5247 2112 5301 alicubi

545 5340 817 5401 excidere;
847 5349 894 5391 et
913 5342 1163 5405 arduum,
1184 5355 1234 5394 ut
1260 5359 1374 5408 qua-
1401 5345 1455 5396 in
1482 5343 1588 5396 alia
1617 5343 1797 5410 lingua
1823 5343 1946 5396 bene
1967 5343 2113 5394 dicta

545 5442 693 5493 sunt,
734 5431 973 5484 eumdem
1022 5430 1256 5484 decorem
1300 5436 1352 5486 in
1397 5433 1746 5486 translatione
1788 5441 2110 5486 conservent.

551 5519 918 5590 S'gniﬁcatum
949 5532 1025 5574 est
1060 5522 1260 5589 aliquid
1291 5525 1444 5575 unitts
1477 5525 1614 5577 verbi
1644 5526 1986 5592 proprietate,
2011 5541 2114 5578 non

548 5612 715 5664 habeo
753 5629 918 5665 meum
951 5617 1090 5682 quod
1120 5614 1172 5666 id
1205 5614 1388 5680 c/ferat
1408 5633 1426 5678 ;
1489 5624 1537 5666 et
1569 5618 1689 5667 dum
1712 5632 1889 5683 qua'ro
1910 5616 2117 5683 explere

552 5706 886 5772 sententiain,
916 5705 1070 5778 longo
1102 5705 1302 5761 ambitu
1336 5709 1420 5760 vix
1457 5708 1622 5761 brevis
1663 5709 1756 5762 via:
1796 5711 1962 5775 spatia
1995 5724 2117 5762 con-

1485 315 1879 380 FRANClSCl
1920 313 2179 375 SCORSI
2215 309 2640 370 PROUZBIlUIll
2685 308 2794 370 [Ιῐ.

2197 437 2366 472 sumo.
2396 424 2659 472 Accedunt
2699 418 3102 487 hyperbatorum
3139 415 3446 483 arifractns.
3503 414 3785 466 dissimili-

2195 511 2402 562 tudines
2421 526 2659 570 castraut,
2681 513 2955 562 varietates
2973 510 3266 575 ﬁgurarum
3287 523 3304 569 ;
3325 507 3494 570 ipsum
3516 518 3784 573 postremo

2195 618 2367 662 suum,
2413 611 2482 664 et,
2531 610 2586 652 ut
2633 601 2708 651 ita
2743 601 2938 663 dicam,
2983 597 3323 650 vernaculum
3357 597 3555 665 litigare
3595 613 3782 664 genus.

2198 693 2257 746 Si
2285 694 2352 744 ad
2400 694 2605 745 verbum
2652 692 2988 755 interpretor,
3046 690 3272 740 absurde
3319 698 3570 748 resonat;
3617 687 3666 738 si
3719 688 3781 738 ob

2197 782 2551 834 necessitatem
2583 780 2783 846 aliquid
2821 781 2871 830 in
2903 779 3088 830 ordine
3116 778 3189 830 vel
3231 778 3283 829 in
3332 793 3575 829 sermone
3604 790 3786 828 muta-

2195 888 2334 932 vero,
2377 871 2441 922 ab
2491 871 2785 939 interpretis
2837 871 3050 922 videbor
3096 869 3262 937 ofﬁcio
3311 869 3606 920 recessisse.
3657 867 3785 920 llurc

2195 963 2254 1016 8.
2295 963 2678 1033 Hieronymus,
2709 965 2907 1030 quibus
2937 961 3070 1014 nihil
3103 971 3278 1029 potest
3307 960 3520 1027 planius
3551 959 3633 1012 vel
3667 959 3784 1023 ple-

2196 1055 2316 1107 nius
2343 1054 2409 1107 de
2437 1054 2824 1122 interpretandi
2864 1052 3266 1104 dilIicultutibus
3290 1051 3434 1114 dici;
3484 1049 3618 1118 quin
3660 1051 3784 1117 ipse

2196 1144 2403 1198 Tullius
2425 1145 2704 1212 eloquendi
2731 1144 3146 1204 disertissimus,
3171 1143 3256 1195 cui
3279 1143 3471 1194 mirum
3498 1151 3582 1194 est
3609 1145 3780 1194 verba

2195 1239 2382 1290 deesse
2430 1237 2667 1304 potuisse
2699 1253 2713 1288 :
2745 1251 2866 1287 cum
2901 1235 3015 1303 ipse
3043 1235 3086 1286 si
3122 1234 3246 1302 quis
3285 1233 3425 1286 alius
3460 1249 3781 1286 sermonem

2194 1330 2424 1397 patrium
2458 1329 2731 1392 ditaverit,
2777 1342 2955 1381 nonne
2983 1329 3141 1395 inops
3175 1341 3296 1379 esse
3330 1327 3432 1378 sibi
3467 1326 3686 1379 videtur
3725 1327 3780 1378 in

2193 1421 2544 1486 exprimenda
2581 1419 2629 1472 vi
2663 1428 2715 1472 et
2758 1421 2978 1487 euergia
3022 1417 3333 1470 Graecarum
3367 1418 3601 1470 vocum?
3641 1417 3779 1469 Nam

2196 1525 2316 1578 qua:
2351 1511 2518 1564 Stoici
2551 1509 2878 1579 προηγμένα
2911 1519 2964 1564 et
3007 1509 3476 1578 ἀποπροηγμένα,
3543 1510 3659 1562 hazc
3693 1509 3783 1562 ille

2195 1602 2782 1669 aliquanduprtegmata
2803 1609 2855 1653 et
2874 1611 3291 1670 apoprivgmata,
3316 1600 3614 1668 aliquando
3640 1615 3784 1666 prce-

2195 1693 2365 1756 posita
2389 1691 2469 1742 vel
2492 1693 2761 1760 pra‘cipua
2783 1702 2837 1743 et
2873 1691 3084 1760 rcjecta,
3120 1707 3509 1760 nonnunquam
3533 1705 3782 1759 promota

2195 1791 2247 1835 et
2278 1791 2474 1835 remota
2505 1783 2686 1847 vertit;
2721 1795 2779 1836 ut
2806 1783 2960 1836 initio
2990 1784 3083 1836 lib.
3116 1800 3174 1837 ιιι
3206 1783 3280 1836 De
3307 1783 3503 1852 [ini-bus
3538 1785 3642 1837 sub
3671 1787 3781 1839 {Ia-

2202 1873 2345 1924 tonis
2369 1887 2594 1938 persona
2617 1889 2631 1925 :
2657 1872 2914 1940 Equidem
2933 1872 3073 1926 soleo
3094 1875 3272 1934 etiam,
3289 1873 3428 1943 quod
3455 1891 3558 1925 uno
3580 1873 3778 1939 (ἶνα-τί,

2195 1963 2240 2014 si
2273 1962 2430 2014 aliter
2456 1979 2556 2014 non
2583 1979 2815 2032 possum,
2846 1965 2981 2016 idem
3014 1965 3252 2031 pluribus
3287 1966 3457 2018 verbis
3484 1981 3780 2033 exponere;

2197 2062 2242 2104 et
2275 2062 2445 2104 tamen
2467 2065 2592 2118 puto
2615 2052 2826 2106 concedi
2845 2057 2996 2106 nobis
3026 2065 3287 2122 oportere,
3319 2066 3371 2106 ut
3407 2053 3592 2109 (ἐνιεεο
3626 2057 3780 2110 verba

2198 2152 2430 2204 utamur,
2475 2145 2521 2196 si
2547 2145 2754 2213 quando
2782 2145 2955 2198 minus
2983 2157 3224 2199 occurrat
3265 2145 3536 2212 Latinum,
3583 2166 3648 2201 ne
3682 2151 3779 2201 Itoc

2196 2233 2450 2301 ephippiis
2480 2244 2529 2286 et
2560 2235 2921 2301 acratolihoris
2960 2237 3136 2303 potius
3181 2253 3339 2306 quam
3381 2241 3697 2306 prwgnienis
3728 2250 3778 2292 et

2197 2325 2602 2392 apopra'gmenis
2649 2326 2981 2390 concedatur,
3039 2343 3339 2396 quanquam
3392 2328 3502 2380 hac
3553 2331 3769 2397 quidem

2198 2416 2482 2484 prmposita
2520 2424 2657 2468 recte
2683 2425 2734 2467 et
2778 2416 2974 2482 rejecta
3019 2415 3194 2469 dicere
3237 2415 3436 2471 licebit.
3498 2419 3562 2470 Et
3614 2420 3780 2486 paulo

2197 2516 2317 2576 post
2368 2507 2419 2559 in
2469 2506 2656 2559 eodem
2695 2506 2830 2558 libro
2866 2506 2933 2559 de
2985 2505 3176 2560 iisdem
3227 2507 3473 2576 loqui-ns,
3527 2507 3630 2569 Sed
3678 2527 3774 2574 ea,

2197 2602 2393 2670 inquit,
2434 2618 2550 2669 qua!
2596 2604 2880 2654 secundum
2932 2603 3105 2656 locum
3138 2603 3372 2656 obtinent
3423 2605 3775 2674 προηγμένα,

2196 2694 2253 2746 id
2279 2703 2352 2746 est
2386 2693 2644 2761 producta
2676 2693 3037 2754 nominantur,
3068 2710 3184 2762 quae
3213 2694 3290 2747 vel
3324 2697 3398 2748 ita
3433 2697 3776 2763 appellemus,

2199 2785 2254 2838 id
2277 2785 2377 2838 erit
2407 2785 2616 2838 verbum
2642 2799 2670 2836 ε
2706 2785 2881 2850 verbo,
2935 2784 3012 2838 vel
3043 2796 3290 2854 promota
3331 2796 3380 2840 et
3415 2797 3642 2851 remota,
3696 2791 3782 2842 vel

2199 2883 2256 2925 ut
2287 2873 2485 2925 dudum
2521 2872 2784 2937 diximus,
2827 2875 3138 2941 przepOs-ita,
3184 2874 3264 2928 vel
3291 2877 3560 2944 przecipua
3589 2887 3638 2930 et
3681 2878 3782 2930 illa

2201 2965 2422 3034 reiecta.
2483 2962 2609 3018 llzec
2675 2963 2904 3018 Tullius.
2971 2965 3101 3030 Qum
3153 2965 3384 3019 duorum
3439 2981 3781 3020 summorum

2202 3057 2439 3111 virormn
2471 3057 2776 3111 testimonia
2813 3071 2878 3110 eo
2919 3059 3217 3125 producere
3259 3057 3426 3123 volui,
3473 3069 3531 3112 ut
3557 3060 3600 3112 si
3635 3060 3783 3114 idem

2203 3147 2334 3201 inibi
2391 3149 2444 3201 in
2500 3149 2602 3202 huc
2650 3149 3092 3216 interpretatione
3151 3151 3430 3204 condenda
3483 3153 3790 3220 contigisse

2204 3238 2400 3305 fatear,
2450 3241 2568 3294 sine
2610 3243 2809 3305 pudore
2856 3241 3100 3295 conﬁteri
3146 3257 3382 3310 possem.
3429 3244 3609 3308 Quare
3651 3259 3782 3298 cum

2203 3346 2376 3385 essem
2413 3332 2553 3384 inter
2588 3330 2706 3386 illos
2739 3332 2868 3386 duos
2907 3333 3099 3386 modos
3147 3349 3241 3386 seu
3275 3335 3451 3403 potius
3505 3335 3642 3389 lines
3682 3350 3787 3388 ex-

2207 3433 2408 3478 tremos
2444 3423 2786 3484 interclusus.
2824 3425 2878 3478 iu
2925 3440 3152 3493 quorum
3179 3426 3499 3481 alterutrum
3533 3430 3578 3482 si
3607 3427 3784 3481 decli-

2205 3531 2412 3582 narem,
2445 3517 2494 3570 in
2530 3516 2716 3568 vitium
2743 3515 3096 3586 impingerem
3123 3532 3141 3570 ε
3173 3517 3428 3572 nimirum
3460 3529 3518 3572 ut
3547 3519 3628 3572 vel
3659 3533 3789 3572 ver-

2205 3607 2330 3662 bum
2385 3622 2449 3661 ex
2490 3607 2652 3661 verbo
2710 3606 2988 3661 redderem
3024 3605 3236 3673 Graeca,
3288 3607 3464 3663 Latini
3512 3611 3788 3666 aerumnis

2207 3697 2401 3751 decore
2438 3697 2779 3764 posthabito;
2845 3696 2928 3750 vel
2972 3713 3190 3753 sensum
3237 3699 3410 3754 solum
3453 3711 3780 3768 spectarem,

2207 3787 2347 3842 nulla
2383 3786 2694 3841 Graecarum
2749 3802 2943 3842 vocum
3003 3789 3178 3843 habita
3238 3791 3484 3853 ratione,
3545 3805 3784 3860 quorum

2205 3878 2525 3934 alterutrum
2564 3878 2780 3935 facilius
2817 3890 2871 3934 et
2902 3881 3193 3948 proclivius
3233 3881 3472 3937 futurum
3506 3894 3648 3948 erat,
3688 3899 3785 3938 se-

2207 3983 2364 4027 cutus
2407 3987 2526 4028 sum
2577 3971 2684 4026 tale
2733 3980 3242 4041 temperamentum,
3279 3985 3340 4029 ut
3385 3991 3485 4030 nec
3531 3977 3672 4030 facta
3711 3979 3785 4032 ad

2208 4064 2430 4118 verbum
2481 4066 2737 4120 evaderet
2783 4065 2962 4132 inepta
3017 4066 3334 4132 translatio;
3369 4077 3423 4122 et
3471 4078 3649 4124 tamen
3705 4069 3785 4123 ita

2207 4169 2404 4211 sensus
2436 4153 2623 4208 Latina
2657 4155 2837 4222 phrasi
2866 4169 2958 4209 seu
3006 4155 3189 4223 potius
3235 4159 3608 4228 complexione
3641 4175 3784 4212 con-

2209 4259 2501 4312 verterem,
2533 4257 2589 4300 ut
2618 4247 2797 4300 verbis
2828 4247 2991 4300 etiam
3022 4247 3248 4315 singulis
3284 4250 3462 4318 quoad
3518 4250 3637 4320 ejus
3663 4252 3784 4306 fieri

2209 4351 2413 4410 posset,
2442 4339 2604 4394 verba
2642 4339 3049 4406 responderent.
3089 4339 3146 4393 ln
3180 4354 3287 4408 quo
3311 4343 3560 4410 equidem
3589 4342 3783 4398 elabo-

2209 4445 2360 4484 rasse
2395 4430 2524 4483 mihi
2557 4431 2776 4493 videor;
2819 4439 3000 4482 utrum
3031 4429 3133 4482 sim
3182 4445 3467 4485 assecutus
3511 4432 3599 4486 alii
3625 4433 3784 4500 judi-

2211 4531 2358 4577 cent.
2394 4521 2525 4574 Illud
2561 4519 2807 4589 prolecto
2837 4535 3019 4574 verum
3061 4521 3288 4574 dixerim
3326 4522 3611 4576 nonnullas
3650 4538 3786 4576 sen-

2214 4615 2432 4676 tentias,
2454 4616 2499 4666 si
2532 4627 2650 4666 meo
2674 4613 2854 4674 modo,
2873 4623 2926 4664 et
2956 4628 3125 4676 more,
3145 4621 3200 4666 et
3224 4627 3289 4666 eo
3309 4615 3576 4667 sermonis
3603 4612 3785 4666 Latini

2213 4705 2373 4775 stylo,
2412 4704 2496 4757 cui
2527 4719 2644 4756 sum
2677 4713 2953 4764 assuetus,
2977 4703 3254 4771 explicare
3282 4703 3544 4767 licuisset,
3565 4704 3789 4772 elogiu-

2213 4798 2321 4850 tius
2361 4806 2416 4850 et
2466 4794 2784 4848 concinnius
2835 4807 2930 4848 eas
2967 4792 3142 4848 eﬂ‘erri
3187 4795 3462 4864 potuisse;
3511 4797 3606 4849 sed
3655 4795 3788 4862 quia

2215 4884 2529 4954 interpretis
2557 4881 2734 4937 otlicio
2784 4882 2998 4951 ﬁdeque
3037 4883 3309 4952 obligatus
3355 4884 3488 4937 mihi
3536 4885 3785 4947 videbar,

2213 4992 2308 5032 eas
2343 4990 2449 5029 non
2499 4985 2560 5027 ut
2603 4973 2914 5036 voluissem,
2964 4974 3054 5027 sed
3103 4984 3163 5026 ut
3207 4973 3515 5027 debuissem
3560 4971 3787 5025 Latinas

2216 5069 2429 5122 fecisse.
2465 5065 2608 5132 Quin
2647 5066 2814 5120 etiam
2849 5065 2976 5117 illud
3009 5079 3232 5118 servare
3262 5063 3429 5127 volui,
3469 5075 3529 5117 ut
3564 5063 3678 5116 h:ec
3707 5065 3790 5116 in-

2222 5159 2584 5226 terpretatio,
2639 5157 3075 5226 quandoquidem
3135 5172 3197 5210 ea
3260 5170 3456 5210 usuros
3505 5155 3790 5208 crederem

2219 5251 2384 5304 etiam
2424 5264 2521 5317 pro
2577 5257 2830 5318 suggestu
2871 5261 3060 5301 sacros
3113 5256 3395 5310 oratores,
3449 5260 3556 5299 non
3612 5245 3686 5297 ita
3732 5246 3789 5298 in

2219 5341 2496 5394 Ciceronis
2530 5350 2711 5409 partes
2768 5339 3045 5403 transiret,
3081 5348 3194 5393 uta
3230 5337 3493 5406 religione
3535 5338 3790 5390 discede-

2224 5441 2331 5493 ret;
2367 5442 2420 5485 et
2443 5433 2567 5485 dum
2601 5431 2762 5484 nimis
2789 5431 2956 5484 videri
2985 5431 3141 5500 cupio
3161 5430 3572 5492 Ciceronianus,
3607 5429 3794 5481 minus

2221 5525 2563 5578 Christianus
2582 5523 2818 5578 viderer.
2838 5522 2894 5578 Si
2920 5523 3086 5578 dictio
3111 5523 3327 5592 aliquod
3351 5520 3792 5576 ecclesiasticum

2223 5624 2456 5683 superet,
2491 5615 2539 5668 id
2573 5616 2698 5668 milti
2733 5615 2874 5668 laudi
2912 5616 3090 5684 potius
3130 5629 3290 5684 quam
3335 5615 3465 5668 vitio
3513 5613 3797 5668 aseriben—

2227 5708 2354 5763 dum
2390 5705 2540 5764 duxi.
2570 5705 2756 5776 Itaque
2782 5722 2904 5764 cum
2934 5706 3121 5762 multis
3145 5705 3245 5762 SS.
3276 5704 3527 5762 Pultibus
3554 5703 3795 5767 Latinis,
