4062 6214
287 422 398 460 non
426 406 590 460 modo
618 401 849 466 Grtrcis,
875 417 1230 459 numerosam
1264 405 1535 475 placuisse
1567 408 1871 463 orationem

279 499 525 565 videam,
558 496 707 568 quod
740 510 802 550 ea
843 496 1036 551 nescio
1065 512 1173 566 quo
1225 497 1429 565 majore
1465 500 1667 569 impetu
1714 508 1768 555 et
1818 499 1873 554 vi

280 590 533 646 numeris
548 598 802 644 contorta
822 588 983 656 quasi
1005 591 1166 643 telum
1190 599 1407 646 amento
1429 600 1871 663 contorqueatur,

282 682 532 737 numeris
563 681 730 735 etiam
766 679 987 749 alligavi
1015 680 1305 750 periodos;
1344 691 1600 737 cteterum
1631 699 1660 737 a
1693 685 1871 738 nomi-

286 773 450 828 nibus
493 771 787 840 verbisque
840 771 1256 836 ecclesiasticis,
1294 781 1350 827 et
1401 789 1522 843 quae
1564 772 1676 843 jam
1731 775 1870 830 Latii

274 860 401 929 jure
429 876 536 916 non
571 876 601 913 a
638 860 919 917 veteribus
949 864 1206 929 comitiis,
1253 864 1348 918 sed
1398 865 1464 917 ab
1491 862 1730 919 Ecclesia
1766 865 1872 921 Ro-

278 967 440 1004 mana
474 952 677 1007 donata
720 966 871 1019 sunt,
897 967 1002 1007 non
1034 953 1418 1020 abhorrerem;
1452 967 1760 1023 quanquam
1787 964 1871 1010 est

278 1041 446 1093 etiam
482 1041 708 1110 quando
747 1042 835 1096 illa
886 1044 1330 1098 circumscribaut
1362 1054 1419 1097 ut
1460 1043 1564 1098 hoc
1600 1058 1760 1114 posse
1783 1059 1870 1100 me

279 1132 508 1199 facere,
575 1148 680 1187 non
742 1148 970 1189 censere
1031 1144 1208 1189 tamen
1267 1145 1523 1205 oportere
1581 1145 1865 1206 perpetuo,

277 1226 655 1279 existimarer.
718 1224 928 1278 Etenim
985 1224 1425 1294 circumscriptio
1482 1235 1542 1280 ut
1597 1226 1864 1280 interdum

281 1329 388 1367 non
415 1316 704 1369 commoda
740 1315 941 1377 solum,
967 1316 1060 1371 sed
1086 1318 1249 1370 etiam
1285 1317 1591 1371 necessaria
1620 1316 1863 1381 videtur;

279 1407 361 1459 sic
395 1406 593 1460 iterata
625 1396 850 1476 saepius,
887 1417 941 1462 et
975 1407 1290 1475 dignitatem
1331 1408 1531 1462 amittit
1558 1417 1610 1462 et
1643 1409 1868 1461 satieta-

282 1510 392 1553 tem
450 1500 653 1569 parit:
710 1499 916 1568 puerile
975 1500 1104 1554 mihi
1157 1500 1354 1565 visum,
1395 1501 1536 1568 quod
1587 1499 1862 1571 baptizare

280 1591 498 1650 dicunt.
529 1600 585 1645 et
637 1591 956 1660 baptismum
987 1606 1095 1644 uno
1126 1606 1220 1646 ore
1254 1591 1428 1645 Latini
1468 1607 1590 1645 cum
1637 1591 1862 1658 Graecis,

280 1695 435 1733 sacra
460 1678 606 1747 [ante
637 1679 889 1744 lustrare,
917 1689 970 1735 et
1002 1678 1242 1735 lustralis
1283 1698 1425 1752 aqua
1458 1683 1620 1738 anxie
1643 1697 1860 1754 semper

982 296 1381 359 FRANCISCI
1423 296 1611 359 SCOR
1625 298 1698 359 SI
1738 298 2135 361 PREFATIO
2176 300 2406 362 NOTIS
2437 303 2858 370 PBtEMISSA.

3449 309 3552 377 130

1982 410 2451 480 pertittaciterque
2482 413 2698 481 dicere;
2747 415 2892 485 quod
2924 417 2993 474 de
3024 419 3295 475 similibus
3346 423 3553 487 multis.

1976 500 2307 567 spiritualis,
2352 503 2647 572 sensibilis,
2698 509 2985 574 passiones,
3036 519 3091 563 et
3136 510 3258 565 aliis
3299 511 3351 566 id
3382 526 3553 580 genus

1975 590 2182 646 dictum
2218 594 2320 646 ltoc
2350 609 2461 649 uno
2488 597 2736 665 exemplo
2775 598 3132 670 intelligatur.
3176 602 3401 658 Demunt
3425 619 3549 660 cum

1977 683 2081 737 tria
2109 683 2200 737 illa
2231 695 2490 752 prastare
2523 687 2716 742 debeat
2759 689 2934 745 bonus
2974 693 3242 762 interpres
3266 736 3282 761 ,
3328 697 3549 762 religio-

1974 788 2119 838 nem,
2155 775 2336 842 lldem,
2378 776 2613 832 indolem
2645 795 2659 833 :
2694 780 3008 851 religionem
3050 782 3099 836 iu
3135 787 3331 853 verbis,
3386 788 3542 841 tidem

1974 863 2028 918 iu
2060 865 2371 929 sententiis,
2401 866 2633 923 indolem
2672 869 2726 924 iu
2771 871 3054 940 dignitate,
3090 874 3372 940 majestate
3413 875 3545 931 all‘e-

1973 963 2171 1024 ctuque
2211 957 2463 1025 dicendi;
2517 960 2766 1029 primam,
2817 973 3084 1032 quatenus
3125 980 3246 1018 cum
3298 982 3549 1024 sermone

1972 1045 2168 1102 Latino
2200 1059 2253 1101 et
2282 1049 2593 1106 Christiano
2626 1054 2971 1121 conveniret,
3002 1055 3312 1112 exhibuisse
3351 1073 3434 1112 me
3463 1058 3548 1112 la-

1971 1146 2123 1205 teor;
2165 1142 2458 1195 secundam
2489 1144 2905 1213 religiosissime
2942 1158 3234 1216 sancteque
3259 1162 3543 1217 servasse;

1972 1231 2186 1283 tertiam
2212 1230 2376 1285 etiam
2417 1233 2636 1301 assequi
2678 1248 2777 1303 pro
2813 1237 3030 1304 ingenio
3075 1252 3197 1292 meo
3229 1236 3541 1304 studuisse;

1966 1325 2020 1371 et
2049 1320 2272 1372 omnino
2303 1333 2464 1373 omne
2499 1333 2756 1390 punctum
2782 1321 2946 1388 ferre,
2983 1332 3040 1379 et
3070 1325 3199 1379 illud
3238 1328 3546 1397 interpretis

1966 1408 2199 1463 cilicium
2231 1408 2410 1464 facere
2440 1425 2537 1479 pro
2568 1412 2709 1466 virili
2744 1425 2896 1482 parte
2926 1429 3047 1470 esse
3089 1426 3346 1471 conatum
3372 1435 3386 1484 ;
3435 1433 3543 1473 non

1966 1509 2025 1555 ut
2061 1501 2177 1570 ipse
2203 1502 2441 1558 disertus
2470 1518 2823 1574 apparerem,
2870 1517 2927 1561 ut
2956 1507 3016 1562 S.
3065 1506 3428 1581 Hieronymus
3466 1511 3547 1565 low

1964 1591 2153 1661 quitur
2185 1592 2344 1661 epist.
2378 1594 2502 1664 135,
2527 1595 2620 1650 sed
2650 1610 2795 1664 eum,
2824 1599 2919 1668 qui
2946 1599 3182 1653 lecturus
3214 1599 3310 1666 sit,
3341 1599 3544 1654 intelli-

1963 1694 2089 1752 gere
2112 1689 2169 1736 ut
2196 1681 2451 1751 iacerem,
2469 1686 2740 1754 quomodo
2766 1687 2881 1759 ipse
2907 1688 3168 1745 intellexit
3190 1690 3280 1760 qui
3298 1690 3538 1762 scripsit.

289 1899 3506 1927 ww

885 2065 1516 2184 EJUSDEM
1602 2068 2368 2186 FRANCISCI
2458 2070 2956 2189 SCORSI

1605 2325 2248 2420 PREFATIO

602 2543 775 2608 Notis
810 2542 943 2606 suis
978 2542 1327 2625 prtemissa,
1365 2558 1523 2622 quas
1555 2557 1634 2603 ex
1663 2539 1999 2603 voluminis
2041 2542 2215 2606 calce
2254 2548 2576 2607 revocatas
2606 2546 2803 2606 textui
2831 2547 3239 2627 subjerimus.

355 2876 611 2936 Tametsi.
676 2873 955 2948 defunctus
983 2877 1115 2931 satis
1137 2878 1297 2948 oﬂicio
1326 2872 1623 2948 interpretis
1651 2873 1815 2928 videri
1851 2882 2123 2948 ροιειτιιη.Δ
2135 2871 2364 2948 satisque
2394 2889 2645 2944 magnum
2669 2889 2855 2940 capere
2904 2872 3135 2939 fructum
3161 2890 3333 2944 operte
3370 2893 3526 2942 metr,

279 2953 326 3004 si
362 2950 725 3014 Theophanem
746 2939 1056 3002 Cerameum
1082 2965 1146 3003 ea:
1168 2939 1430 3003 'Cra'coin
1467 2941 1715 3014 Latinum
1745 2939 2035 2999 sermonem
2087 2939 2313 3014 ﬁdeliter
2340 2939 2709 3014 perspicueque
2735 2939 3133 3009 converterem;
3183 2939 3357 3000 iamen
3410 2939 3528 3000 cuni

278 3024 342 3071 ab
371 3022 484 3086 ipso
504 3010 675 3083 operis
703 3017 933 3082 suscepti
958 3018 1221 3086 principio
1256 3019 1462 3086 animus
1497 3013 1790 3076 inclinarit,
1821 3026 1877 3086 ut
1901 3017 1967 3086 de
2003 3026 2114 3063 meo
2136 3010 2293 3086 etiam
2321 3010 2470 3067 notas
2490 3014 2598 3067 sive
2616 3010 3005 3086 explanationes
3027 3016 3096 3068 ad
3136 3014 3524 3086 interpretatio-

277 3081 398 3140 ueni
450 3081 789 3155 adjungerem
893 3081 1155 3155 nunquam
1219 3087 1347 3139 mihi
1398 3085 1657 3155 imperare
1683 3085 1850 3145 potui,
1870 3081 2245 3155 utinterpretis
2280 3098 2510 3155 attinere,
2535 3094 2582 3135 et
2625 3083 2833 3137 nomine
2854 3092 3125 3155 contjntus
3152 3099 3340 3155 essent.
3373 3084 3525 3149 Quod

275 3158 444 3210 animi
467 3150 698 3209 studium
747 3154 869 3218 mei,
902 3166 957 3206 ut
989 3150 1184 3210 rectum
1212 3155 1338 3208 mihi
1374 3169 1502 3214 esse.
1553 3153 1701 3218 eique
1733 3154 1866 3205 adeo
1893 3150 2273 3219 obsequendum
2296 3151 2580 3213 rideretur,
2628 3165 2928 3207 suaserunt.
2956 3151 3193 3206 Primum
3225 3153 3340 3216 ipsa
3397 3171 3525 3208 mss.

275 3228 511 3279 codicum
544 3223 776 3275 conditio
800 3237 947 3275 notas
975 3226 1243 3291 postulare
1295 3224 1504 3289 aliquas
1539 3222 1649 3274 visa
1671 3231 1780 3291 est.
1829 3223 1959 3287 Qua!
2007 3217 2124 3291 eum
2181 3217 2444 3291 plerisque
2495 3231 2727 3291 veterum
2758 3232 3210 3276 monumentorum
3237 3223 3529 3277 editoribus

276 3297 543 3364 negotium
590 3306 792 3361 semper
846 3287 1158 3361 exhibuerit,
1202 3302 1310 3346 tant
1370 3287 1496 3364 mihi
1539 3290 1679 3341 haud
1710 3293 1978 3364 minimum
2041 3287 2298 3364 lacessivit
2329 3287 2470 3364 {qui
2497 3288 3192 3364 exemplariamactussuat
3235 3307 3335 3345 non
3369 3308 3529 3364 usque

272 3357 481 3433 quaque
506 3357 807 3433 emendata.
849 3377 942 3414 nec
968 3357 1190 3429 integra,
1241 3364 1328 3416 sed
1355 3360 1648 3429 deformata
1694 3361 1873 3433 multis
1937 3360 2131 3433 passim
2172 3357 2224 3408 in
2258 3357 2360 3410 loci
2391 3357 2406 3421 ,
2447 3375 2539 3412 nec
2578 3357 2744 3411 verbis
2761 3359 2952 3421 solum,
2990 3362 3080 3413 sed
3104 3362 3259 3433 etiam
3289 3357 3526 3433 sensibus

274 3428 484 3492 luxata,
517 3446 581 3484 ac
631 3430 905 3494 mutilata;
942 3428 1079 3498 qua!
1108 3448 1226 3485 cum
1280 3439 1446 3484 essent
1477 3446 1507 3480 a
1545 3444 1625 3481 me
1671 3428 1914 3486 duarum.
1947 3429 2186 3487 triumve,
2239 3442 2615 3497 nonnunquam
2653 3439 2881 3497 quatuor
2911 3430 3261 3497 exemplorum
3286 3429 3525 3484 adhibita

275 3501 682 3569 consultatione,
720 3510 766 3552 et
830 3515 924 3565 ope
948 3510 1158 3561 sanata.
1182 3498 1741 3569 perpurgatamendis.
1771 3509 1816 3551 et
1859 3498 2178 3569 ianitorem,
2218 3498 2666 3569 integritatemque
2714 3498 2951 3550 restituta
2991 3515 3164 3563 suam,
3198 3515 3374 3552 earum
3408 3515 3519 3554 cas-

275 3573 593 3638 tigationum
645 3567 1024 3636 lectionumque
1068 3566 1333 3622 variarum
1380 3566 1705 3638 reddendam
1751 3584 1781 3618 a
1814 3583 1895 3638 me
1938 3566 2202 3638 rationem
2246 3566 2299 3638 in
2347 3567 2505 3627 natis,
2556 3582 2827 3635 meumque
2877 3569 3211 3635 ap'riendum
3259 3569 3523 3636 judicium
3590 3629 3595 3634 ,

271 3633 609 3703 εεὲἱειίηιαῑιί;
630 3649 684 3691 ut
717 3653 819 3690 non
860 3633 1029 3691 solum
1059 3655 1159 3707 qua
1182 3640 1286 3707 ﬁde
1311 3646 1360 3692 et
1385 3636 1657 3707 diligentia
1684 3635 1780 3688 has
1802 3634 2058 3707 homilias‘
2076 3633 2325 3707 legendas
2365 3651 2701 3707 proponerem
2741 3633 2981 3689 omnibus
3022 3633 3338 3702 compertam
3367 3649 3523 3704 esset,

271 3712 360 3763 sed
388 3712 550 3764 etiam
569 3723 720 3759 suum
738 3708 922 3775 cuique
956 3703 1319 3776 relinquerem,
1356 3706 1517 3760 veluti
1539 3704 1679 3758 datis
1697 3705 1921 3770 tabellis,
1952 3707 2015 3756 de
2042 3705 2107 3776 iis
2140 3703 2440 3776 arbitrium.
2462 3703 2580 3758 Nec
2607 3720 2723 3758 vero
2757 3709 3045 3776 ancipitum
3083 3712 3313 3760 locorum
3345 3703 3521 3774 modo,

269 3796 385 3849 quae
430 3779 723 3845 Scriptura!
766 3777 1034 3849 variantes
1074 3774 1335 3845 parerent,
1368 3776 1475 3849 sed
1516 3781 1564 3827 et
1598 3789 1724 3849 mete
1756 3774 2200 3849 interpretationis
2242 3774 2565 3849 offerendam
2606 3791 2707 3828 non
2736 3791 2856 3849 raro
2887 3774 3145 3849 rationem
3173 3778 3375 3849 putari,
3405 3795 3520 3830 runt

269 3842 739 3902 eamﬁrtccanicte
769 3847 907 3898 vocis
927 3842 1267 3915 ambiguitas,
1299 3846 1378 3899 vel
1407 3844 1718 3906 obscuritas,
1760 3843 1976 3897 dubiam
2006 3842 2223 3915 faceret,
2245 3844 2482 3915 adeoque
2499 3843 2611 3911 ejus
2634 3844 3011 3898 enucleandum
3030 3847 3127 3899 vim
3159 3858 3206 3898 et
3245 3847 3518 3912 originem,

270 3930 323 3969 ut
341 3934 506 3987 quare
564 3920 664 3967 hac
691 3915 885 3987 potius,
912 3912 1086 3987 quam
1114 3915 1222 3968 alia
1284 3915 1476 3969 Latina
1506 3929 1625 3966 voce
1659 3914 2015 3987 sententiaque
2040 3912 2375 3987 reddiderint,
2430 3913 2825 3987 planutt_t_esset.
2882 3914 3160 3987 Atqtteltw
3186 3930 3361 3967 causa:
3392 3916 3518 3987 mihi

269 3981 497 4053 fortasse
527 4001 645 4037 cum
675 3985 875 4037 cwteris
904 3984 1273 4050 interpretibus
1299 3987 1444 4052 fuere
1477 3997 1793 4053 communes,
1830 3998 1927 4053 cur
1951 3982 2005 4033 in
2049 3981 2182 4053 notis
2213 3982 2323 4034 hasc
2350 3997 2580 4049 agerem.
2615 3981 2735 4035 Illa:
2772 3999 2891 4037 vero
2946 3981 3260 4037 intrinsecus
3318 3985 3515 4051 petittr,

265 4049 404 4124 quod
438 4057 493 4108 in
526 4053 606 4108 Itis
635 4054 958 4107 sermonibus
983 4053 1151 4106 multa
1179 4049 1308 4106 sunt
1327 4068 1606 4124 perspersa;
1620 4052 1683 4105 ab
1706 4052 2051 4124 omnigenum
2092 4049 2455 4124 doctrinarum
2478 4067 2611 4118 penu
2640 4054 2942 4120 deprompta
2970 4049 3343 4124 condimenta,-
3375 4053 3517 4104 allu-

265 4118 458 4186 siones,
507 4124 930 4187 allitteratioues,
965 4124 1230 4176 schemata
1291 4118 1420 4184 alia,
1444 4118 1662 4189 'adagia,
1693 4118 1909 4187 fabulae,
1971 4119 2222 4191 historias,
2288 4135 2623 4191 numerorum
2666 4118 2900 4191 mystica:
2949 4122 3199 4187 rationes,
3233 4137 3351 4191 quae
3382 4124 3518 4191 etsi

263 4194 631 4263 πολυῖστορας
662 4195 797 4244 viros
821 4192 1033 4263 minime
1063 4193 1242 4262 forsan
1273 4192 1515 4263 laterent,
1541 4187 1656 4243 cum
1700 4200 1873 4263 tamen
1910 4187 2168 4249 omnibus,
2194 4204 2323 4263 quos
2350 4190 2507 4263 etiam
2550 4187 2941 4263 lectores‘ltujus
2968 4194 3138 4263 operis
3166 4187 3330 4245 essent
3357 4190 3513 4263 habi-

263 4274 440 4328 turus,
472 4257 597 4315 nota
621 4277 730 4315 esse
756 4277 857 4314 non
883 4257 1164 4326 crederem,
1194 4277 1256 4314 ne
1289 4278 1348 4315 ea
1381 4261 1545 4314 lector
1575 4275 1676 4311 non
1707 4257 1981 4327 degustata
2032 4260 2348 4323 prieteriret,
2396 4260 2472 4328 vel
2504 4275 2607 4312 non
2654 4257 2917 4313 intellecta
2967 4257 3388 4326 parvipenderet,
3432 4259 3514 4313 Itis

260 4327 696 4386 adnotationibus
730 4332 1113 4397 providendum
1180 4333 1330 4395 duxi,
1370 4346 1435 4384 ea:
1474 4328 1661 4398 quibus
1696 4338 2021 4381 retrusarum
2054 4342 2229 4398 rerum
2254 4327 2550 4382 intellectus
2603 4338 2773 4398 posset
2804 4329 3027 4382 hauriri.
3055 4331 3236 4384 Mutttr
3261 4339 3514 4396 praeterea

258 4406 444 4456 insunt
473 4401 848 4469 explicationes
895 4400 970 4453 vel
1008 4399 1432 4468 Evangeliorum,
1473 4397 1704 4469 qttte_hic
1732 4402 2001 4463 episcopus
2044 4397 2200 4469 idem,
2230 4409 2276 4451 et
2328 4398 2657 4469 ecclesiastes
2701 4397 2766 4452 de
2788 4398 2946 4452 veteri
2984 4415 3128 4469 more
3156 4415 3247 4464 pro
3271 4402 3516 4469 concione

256 4465 604 4541 explanabat,
637 4470 711 4524 vel
748 4469 975 4522 aliorum
1009 4465 1244 4541 locorum
1280 4465 1546 4541 utriusque
1589 4465 1926 4533 Testamenti,
1953 4481 2069 4533 quw
2087 4465 2155 4541 ad
2177 4482 2286 4541 rem
2304 4483 2453 4520 suam
2479 4467 2705 4541 inducit,
2728 4470 2843 4541 sive
2874 4469 2927 4521 in
2970 4465 3321 4541 Gra’cotext‘u
3360 4466 3457 4521 LX
3465 4467 3514 4521 Χ

256 4538 624 4608 interpretum,
656 4543 992 4610 ipsorumque
1031 4538 1465 4610 evangelisturum
1494 4538 1617 4610 vini
1648 4548 1695 4588 et
1725 4547 2041 4610 venustatem
2081 4538 2362 4610 obtinentes
2408 4552 2581 4599 suam,
2616 4538 2723 4610 sive
2751 4539 2911 4590 etiam
2947 4554 3011 4610 ea:
3034 4555 3087 4591 se
3118 4538 3432 4606 singulares,
3457 4549 3505 4590 et

253 4604 620 4673 admirabiles,
665 4604 824 4676 eoque
875 4604 1098 4675 fortasse
1125 4604 1445 4661 tlttrittst'ula?
1479 4617 1524 4658 et
1549 4606 1719 4658 minus
1761 4604 2336 4676 cuiquamprobabiles,
2376 4622 2507 4676 quas
2539 4608 2666 4660 meis
2696 4609 2840 4662 hisce
2872 4609 3030 4669 notis,
3072 4624 3159 4661 seu
3189 4604 3511 4660 commenta—

254 4682 488 4733 tionibus
519 4674 849 4742 ezcutiendo,
876 4674 929 4731 et
950 4679 1266 4744 expediendo
1295 4676 1549 4737 emollire,
1572 4685 1621 4729 et
1650 4677 1873 4729 aliorum
1905 4674 2125 4726 Patrum
2162 4685 2211 4727 et
2236 4674 2600 4742 interpretum,
2634 4692 2723 4729 seu
2760 4687 2984 4730 veterum
3015 4692 3103 4730 seu
3144 4677 3507 4732 recentiorum.

254 4752 296 4801 si
327 4751 420 4817 qui
449 4758 615 4802 essent
663 4748 961 4816 ὁμόψηφοι,
1005 4764 1254 4800 consensu
1285 4750 1520 4817 ﬁrmare,
1553 4761 1771 4817 tequumi
1785 4747 2000 4817 censui;
2038 4759 2100 4817 ne
2126 4746 2289 4813 gratis
2313 4745 2619 4817 quidpiam.
2647 4761 2709 4798 ac
2742 4756 2929 4799 temere
2972 4744 3168 4817 dictum
3192 4747 3254 4798 ab
3275 4750 3383 4817 _hoc
3412 4760 3510 4795 att-

256 4812 394 4871 ctore
443 4812 886 4877 credereturfvel
951 4817 1250 4882 ambiguum
1302 4815 1470 4868 adhuc
1507 4816 1558 4868 in
1585 4815 1863 4882 legentium
1889 4816 2077 4867 animis
2112 4812 2213 4867 non
2249 4812 2519 4867 insideret.
2558 4815 2709 4867 Dicta
2750 4832 2865 4869 vero
2894 4815 3218 4878 superiorum
3265 4812 3507 4872 Patrum,

254 4892 526 4955 utriusque
549 4888 837 4956 praesertim
865 4885 1124 4954 Gregorii,
1168 4885 1517 4956 Nazianzeni,
1552 4882 1603 4935 Ν
1608 4887 1881 4956 ysseniq_ue
1904 4896 1948 4936 et
1978 4886 2164 4956 sancti
2202 4882 2422 4937 Maximi
2450 4886 2715 4956 martyris,
2749 4884 2935 4956 quibus
2967 4883 3295 4956 [atttiliarius
3320 4883 3506 4945 utitur,

250 4966 301 5009 et
336 4950 677 5026 nottunquttm
728 4960 935 5025 quidem
970 4950 1223 5023 'langiore
1259 4955 1529 5026 orationis
1570 4950 1742 5004 tractu
1795 4950 2126 5026 Theophanes
2172 4956 2347 5026 re/ert,
2412 4950 2604 5026 stt'pitts
2635 4950 3030 5026 vero'bretu'ter,
3076 4962 3124 5005 ct
3152 4952 3494 5026 velexttresso

250 5029 488 5080 auctoris
513 5021 748 5090 nomine,
770 5028 844 5079 vel
863 5021 1157 5092 suppresso,
1189 5025 1266 5077 vel
1290 5024 1515 5091 eleganti
1535 5022 1924 5101 antonomasia
1964 5023 2355 5101 circumscripto
2403 5023 2683 5101 signiﬁcat,
2713 5040 2771 5076 ea
2807 5021 2893 5074 ubi
2923 5030 3188 5075 exstarent
3217 5021 3506 5101 designatis

249 5098 376 5162 ipsis
435 5096 564 5148 locis
625 5096 864 5148 indicare
892 5109 1156 5147 necessum
1194 5094 1375 5157 habui,
1417 5106 1461 5146 et
1491 5092 1580 5145 ubi
1607 5107 1689 5144 res
1730 5092 2027 5162 postularet
2066 5092 2603 5162 etiamAtranscribere
2643 5093 2696 5144 in
2726 5104 2896 5152 notas,
2929 5102 2986 5144 ut
3016 5099 3063 5143 et
3081 5102 3227 5162 certa
3263 5092 3503 5145 testantis

248 5158 401 5231 ﬁdes,
452 5177 500 5217 et
551 5164 738 5233 quibus
781 5165 945 5216 verbis
985 5163 1051 5215 ab
1087 5173 1308 5229 utroque
1336 5179 1398 5215 ea
1422 5171 1593 5233 essent
1622 5161 1830 5227 prolata
1883 5169 2168 5233 constaret.
2211 5158 2363 5225 Quod
2396 5162 2589 5233 siqua:
2618 5178 2682 5216 ea:
2708 5164 2788 5215 his
2826 5162 2956 5213 locis
2986 5161 3242 5233 insignem
3272 5162 3503 5233 aliquam

246 5230 570 5295 doctrinam,
597 5234 1038 5302 quastionemque
1095 5234 1434 5301 theologicam
1457 5231 1772 5284 continerent
1811 5244 1912 5282 non
1958 5241 2064 5282 tant
2098 5232 2152 5283 itt
2198 5242 2397 5302 nostra,
2420 5230 2759 5302 Theophane,
2795 5246 2950 5302 quam
2986 5230 3186 5302 inipsis
3207 5230 3504 5302 fontibus,a

245 5306 434 5371 quibus
470 5300 635 5357 essent
661 5304 874 5366 haustu,
899 5300 1289 5361 obscuritatem,
1345 5303 1797 5371 dilficultatcmquc
1827 5313 1893 5350 ea:
1913 5314 1967 5371 se
1987 5308 2257 5371 crearent,
2286 5301 2339 5353 in
2362 5300 2427 5353 iis
2452 5301 2609 5354 etiam
2649 5300 2932 5368 copiosius,
2970 5300 3316 5371 subtiliusque
3336 5300 3504 5371 disce-

243 5364 463 5441 ptandis
494 5372 734 5425 distineri
759 5364 1033 5425 consilium
1063 5371 1186 5439 fuit,
1228 5380 1383 5441 atque
1398 5364 1471 5424 ita
1509 5364 1719 5441 utrique
1742 5370 1945 5441 auctori
1979 5368 2157 5441 lumen,
2178 5370 2368 5441 afferre
2395 5386 2456 5422 ac
2484 5373 2548 5422 de
2577 5364 2757 5441 eadem
2783 5371 2963 5437 fidelia
3006 5368 3099 5421 δύο
3118 5364 3329 5436 τοιχὸυς
3354 5364 3501 5441 ἀλεξ-

246 5435 388 5507 ἒρειν.
429 5443 584 5506 Quod
610 5458 667 5512 eo
688 5442 969 5512 impensius
991 5435 1115 5510 feci,
1145 5435 1192 5494 et
1216 5435 1497 5503 elaboravi,
1538 5438 1583 5491 si
1614 5435 1731 5507 qua:
1751 5437 1992 5490 doctrina
2035 5441 2102 5489 ad
2122 5439 2245 5504 fidei
2274 5440 2523 5507 dogmata
2562 5435 2846 5512 attineret;
2878 5455 3101 5512 quorum
3126 5435 3252 5491 sane
3275 5452 3391 5512 cum
3414 5435 3500 5489 hic

241 5504 527 5565 Cerameus
575 5511 639 5563 sit
663 5521 710 5564 et
740 5504 1218 5579 egregius-doctor,
1249 5521 1296 5564 et
1327 5504 2028 5579 acerrimuspropugnator,
2054 5522 2232 5579 eorum
2269 5504 2424 5579 certe,
2457 5523 2574 5577 qua:
2600 5509 2683 5579 ἱηΔ
2703 5504 2963 5579 Ecclesia,
3020 5507 3100 5561 vel
3130 5521 3225 5559 suo
3263 5504 3351 5579 pel
3402 5521 3499 5579 su-

239 5583 541 5647 perioribus
567 5574 1031 5642 sa’cttlts'sa'ncita,
1063 5597 1124 5633 ac
1149 5579 1368 5649 deﬁnita
1387 5580 1505 5647 jam
1532 5577 1736 5649 fuerant
1757 5592 1776 5639 ,'
1795 5574 1857 5629 ne
1886 5592 2003 5649 vero
2044 5577 2112 5629 iis
2155 5579 2220 5649 de
2255 5577 2440 5645 quibus
2469 5574 2870 5649 inter_Grazcos.
2891 5575 3326 5649 Latinosqucdiu
3357 5574 3499 5649 mul-

243 5643 459 5719 tumque
474 5651 821 5715 disceptatum
851 5649 987 5718 fuit;
1022 5660 1068 5703 et
1095 5643 1300 5703 tandem
1322 5643 1624 5719 its-concilio
1671 5643 1976 5719 Florentino
2016 5654 2131 5719 post
2158 5643 2379 5719 aliquot,
2418 5664 2576 5716 quam
2603 5646 2937 5712 Theophanes
2984 5643 3272 5719 scripserit,
3302 5645 3498 5719 sarcula

244 5714 531 5784 decretum,
591 5714 651 5772 ac
687 5714 980 5791 deﬁnitam,
1020 5736 1082 5774 ne
1110 5721 1195 5787 iis,
1256 5720 1493 5788 inquam,
1528 5717 1810 5770 dissentire
1831 5714 2149 5770 (ira-cusltic
2178 5718 2402 5783 scriptor
2430 5714 2570 5786 quod
2608 5720 2802 5773 alicubi
2830 5734 2931 5771 uno
2966 5716 3193 5771 alterove
3218 5718 3367 5770 verba
3391 5728 3494 5768 non
