4062 6214
1947 143 1964 167 d

495 322 589 387 lli

492 448 698 498 tuicum
731 447 786 495 et
813 437 988 492 virum
1034 434 1236 489 bonum
1267 429 1537 500 quoddam
1574 427 1802 493 dilicrat,
1849 434 1905 479 ct
1948 424 2065 478 aliae

495 541 632 593 alios
659 534 887 608 propriae
919 530 1144 585 virtutes
1185 528 1316 590 sint,
1351 528 1402 580 iu
1451 539 1555 577 una
1605 531 1784 575 tamen
1832 531 2064 589 persona

491 646 584 685 eas
617 625 855 697 copulari
900 636 1110 678 summa
1159 621 1227 675 sit
1270 618 1407 672 laus.
1455 618 1533 671 Ac
1578 615 1807 685 primtnu
1849 611 2063 679 quidem

494 720 747 779 instantia
777 718 865 773 illa
898 714 1211 787 quotidiana
1257 720 1310 767 et
1352 709 1658 765 sollicitudo
1691 705 1933 759 omnium
1966 700 2065 754 Ec-

436 812 441 817 ’
495 815 803 873 clcsiarnm,
851 823 1014 879 quam
1069 805 1209 860 inter
1241 817 1367 857 suos
1410 812 1636 866 angores
1668 795 1883 858 Paulus,
1918 806 2067 847 com-

498 905 678 960 munis
712 902 953 972 gentiqu
986 899 1197 960 doctor,
1223 899 1576 955 annumerat;
1609 888 1756 941 zelus
1799 894 1854 940 et
1883 884 2063 945 ardor,

496 1012 629 1066 quo,
656 1010 777 1049 cum
805 989 1261 1046 scandalizaretur
1281 984 1576 1053 quispiam,
1602 979 1890 1056 urebatur;
1916 988 2069 1028 amor

497 1090 552 1144 in
587 1102 736 1150 suos,
767 1099 900 1157 quos
925 1081 1117 1135 ﬁliolas
1139 1076 1443 1148 appellabat
1464 1091 1479 1138 ,
1504 1072 1751 1140 gaudium
1785 1083 1905 1120 cum
1935 1068 2070 1119 bene

499 1181 886 1251 procederent,
941 1189 1076 1245 quos
1130 1172 1351 1227 eosdem
1406 1167 1657 1235 gaudium
1708 1172 1762 1218 et
1815 1166 2066 1216 coronam

496 1288 648 1329 suam
699 1270 958 1334 vocabat;
989 1266 1143 1321 dolor
1172 1277 1295 1317 cum
1328 1276 1356 1315 a
1393 1268 1538 1314 recta
1577 1256 1817 1311 veritatis
1849 1265 1901 1307 et
1951 1251 2071 1306 ﬁdei

450 1392 455 1397 -
498 1366 582 1417 via
616 1360 972 1427 oberrabant;
1003 1355 1264 1411 severitas
1291 1360 1346 1408 et
1371 1350 1662 1404 acrimonia
1693 1347 1744 1399 in
1775 1342 2070 1413 reprelien-

502 1457 696 1521 dendo,
733 1453 874 1506 unde
905 1446 1147 1518 epistola:
1187 1444 1307 1513 ejus
1358 1439 1559 1510 graves’
1592 1447 1647 1492 et
1690 1449 1922 1500 severas;
1952 1447 2074 1501 per-

500 1549 806 1607 secutiones
847 1544 1080 1612 denique
1111 1554 1247 1609 quas
1290 1536 1601 1605 complures
1645 1535 2071 1591 commemorat;

497 1659 585 1701 ea,
624 1641 869 1708 inquam,
900 1650 1028 1701 erga
1059 1631 1273 1685 unicam
1303 1641 1455 1681 suam
1484 1623 1778 1679 Ecclesium
1813 1618 1868 1672 in
1896 1616 2069 1670 Theo-

502 1736 679 1803 phanc
734 1730 901 1783 fuisse
952 1740 1058 1780 non
1111 1721 1362 1778 obscuris
1413 1716 1627 1771 indiciis
1675 1710 2071 1777 intelliguntur.

504 1797 762 1876 instantia
809 1818 951 1872 enim
997 1824 1051 1869 et
1095 1812 1388 1868 assiduitas
1419 1799 1865 1862 subministrandi
1912 1797 2073 1852 divini

454 1952 461 1957 ι
505 1915 676 1977 verbi,
726 1909 1059 1978 cogendique
1104 1906 1170 1959 ad
1217 1901 1464 1975 synaxim
1499 1894 1817 1966 populisni,
1852 1900 2077 1961 apparet

505 2023 570 2063 ex
608 2004 869 2077 prooemio
914 2003 1058 2056 hom.
1097 1997 1170 2051 De
1213 1993 1514 2049 centurione
1558 1985 1767 2057 (homil.
1803 1982 1950 2053 xxv),
1983 1979 2074 2037 ubi

504 2100 664 2155 bonis
719 2094 977 2166 operibus
1027 2087 1297 2146 diabolum
1353 2098 1538 2139 moras
1582 2090 1637 2135 et
1693 2076 2074 2146 impedimenta

507 2192 743 2260 obiicere
795 2187 894 2251 ait,
955 2182 1100 2253 quod
1149 2178 1328 2234 oblata
1377 2173 1617 2245 iudiciali
1670 2166 2073 2231 controversia,

507 2256 618 2352 quo
645 2290 886 2348 tempore
921 2289 1097 2330 sermo
1131 2267 1409 2327 habendus
1436 2276 1602 2327 esset,
1627 2263 1734 2329 iam
1767 2273 1932 2330 prope
1959 2256 2079 2325 eius

507 2348 799 2426 ademisset
849 2362 1307 2435 opportunitatem
1350 2374 1364 2410 :
1400 2356 1466 2410 de
1515 2368 1622 2422 quo
1669 2366 1728 2408 se
1783 2348 2075 2405 sollicitum

507 2462 674 2517 fuisse
703 2456 962 2519 ostendit,
994 2462 1157 2521 atque
1192 2463 1303 2503 rem
1341 2445 1642 2514 expedisse,
1690 2456 1757 2495 ne
1801 2438 1967 2493 verbo
1998 2436 2080 2490 di—

504 2554 634 2607 vino
663 2551 894 2605 deesset.
930 2542 999 2598 Et
1026 2541 1215 2597 eadem
1251 2535 1471 2591 homilia
1505 2534 1606 2588 sub
1640 2532 1797 2585 ﬁnem
1833 2533 2080 2592 excusat,

507 2643 651 2716 quod
685 2637 887 2709 aliquid
915 2637 971 2691 in
998 2628 1315 2702 explicando
1359 2626 1639 2697 superiore
1672 2632 1821 2677 textu
1857 2628 2081 2690 praeter-

507 2735 742 2800 miserit,
776 2746 840 2787 eo
866 2729 1007 2798 quod
1048 2723 1245 2780 mentis
1282 2719 1509 2775 attentio
1537 2730 1717 2772 rerum
1748 2710 2080 2768 ecclesiasti-

507 2843 694 2888 carum
743 2820 1109 2881 sollicitudine
1171 2816 1274 2870 sibi
1329 2810 1682 2880 impediretur
1714 2824 1728 2860 :
1760 2813 1814 2859 et
1860 2803 2077 2859 homilia

514 2923 587 2977 De
632 2925 815 2974 sancto
858 2909 1142 2966 Pancratio
1174 2904 1385 2976 (homil.
1418 2899 1576 2969 Lvn),
1603 2898 1696 2954 ubi
1728 2894 1974 2967 quamvis
2014 2908 2079 2946 ex

509 3013 706 3068 itinere
733 3006 909 3062 fessus
937 3010 1083 3057 esset
1122 3012 1188 3052 ac
1237 2995 1460 3057 fractus,
1501 3005 1568 3045 ne
1616 2998 1793 3043 tamen
1843 2983 2080 3041 sermoni

510 3108 742 3163 deesset,
774 3093 1073 3154 inﬁrmitati
1109 3087 1355 3158 corporis
1401 3084 1506 3137 vim
1558 3097 1618 3136 se
1668 3080 1847 3134 facere
1893 3075 2077 3131 velle:

510 3208 738 3263 namque
762 3200 1033 3256 nunquam
1063 3189 1270 3237 tantum
1297 3176 1500 3240 valere,
1526 3185 1585 3228 ut
1609 3186 1771 3242 opera
1800 3168 2082 3225 charitatis

513 3260 792 3349 impediat,
814 3286 1083 3347 Oportere.
1111 3269 1373 3326 Prmclara
1396 3275 1525 3322 sunt
1544 3264 1703 3318 etiam
1734 3262 1800 3315 ad
1829 3260 1880 3315 id
1905 3267 2086 3314 osten-

512 3377 743 3434 dendum
792 3370 883 3425 illa
933 3380 1052 3434 qute
1099 3362 1232 3417 dicit
1265 3361 1414 3414 hom.
1464 3355 1541 3409 De
1588 3353 1843 3408 Passione
1871 3350 2081 3420 (homil.

512 3469 705 3537 xxvu).
735 3462 869 3519 Cum
899 3458 1044 3513 enim
1072 3463 1217 3510 esset
1246 3449 1473 3535 populus
1506 3444 1782 3501 nocturnis
1813 3441 2009 3512 vigiliis
2033 3448 2088 3495 et

512 3531 703 3615 oliiciis
733 3553 1084 3618 defatigatus,
1114 3558 1184 3598 ne
1231 3531 1487 3596 molestus
1531 3546 1584 3591 et
1633 3535 1811 3603 gravis
1839 3531 2085 3585 addendo

517 3662 624 3704 tam
653 3650 813 3714 longo
838 3653 1090 3697 sermone
1109 3635 1406 3697 videretur,
1432 3631 1514 3684 bis
1540 3643 1598 3683 se
1621 3626 1796 3680 verbis
1820 3634 2043 3679 excusat
2068 3639 2082 3677 :

527 3746 715 3799 Verum
757 3735 1008 3808 ignoscite
1056 3729 1204 3790 milii,
1236 3725 1362 3795 quia
1410 3730 1581 3776 uestro
1625 3717 1817 3773 satiari
1849 3714 2087 3785 profectu

515 3852 616 3891 non
640 3806 867 3902 possunt,
894 3836 941 3880 et
964 3839 1066 3894 quo
1086 3821 1203 3890 plus
1232 3817 1367 3871 lucri
1392 3813 1625 3883 faciatis,
1654 3810 1885 3863 studium
1909 3806 2090 3859 mentis

513 3895 785 3980 intendite.
812 3917 923 3973 Nec
953 3924 1286 3984 postremum
1318 3905 1444 3959 illud
1474 3906 1543 3957 sit
1573 3897 1858 3969 pastoralis
1884 3895 2089 3950 sollici-

517 4015 719 4072 tudinis
749 4016 1152 4078 argumentum,
1184 3998 1323 4078 quod
1361 4010 1482 4050 cum
1527 3991 1774 4047 inﬁrmus
1802 3998 1938 4042 esset
1971 4002 2111 4041 cor-.

515 4124 644 4179 pore
692 4117 746 4161 et
779 4116 969 4159 senex.
1006 4112 1112 4152 nou
1163 4076 1345 4148 tamen
1393 4090 1462 4143 ab
1510 4084 1684 4140 oﬂleio
1735 4076 2086 4134 concinnandi

515 4167 821 4255 desisteret.
869 4190 933 4245 Et
976 4189 1021 4243 si
1060 4187 1241 4255 igitur,
1287 4180 1482 4246 inquit,
1514 4177 1567 4229 in
1595 4174 1740 4228 bum.
1781 4170 1857 4223 De
1889 4167 2088 4222 sanctis

517 4288 872 4359 imaginibus,
931 4278 1163 4347 corporis
1221 4268 1557 4326 imbecillitas
1623 4280 1727 4317 non
1786 4262 2086 4330 permittat,

520 4394 774 4454 quantum
810 4374 940 4429 satis
972 4383 1069 4433 est,
1105 4364 1357 4421 sermonis
1403 4359 1568 4430 officio
1614 4355 1848 4425 defungi,
1884 4353 2090 4404 modica

519 4488 695 4527 tamen
748 4468 917 4521 dicere
961 4478 1060 4514 non
1095 4458 1324 4528 pigebit;
1367 4469 1430 4507 ne
1472 4452 1518 4505 si
1565 4451 1775 4502 omnino
1819 4445 2089 4505 sileamus,

522 4560 781 4619 maestitia
815 4554 1103 4624 afﬁciamus
1132 4564 1217 4602 eos
1253 4546 1341 4616 qui
1374 4550 1737 4597 convenerunt.
1772 4538 1839 4591 Et
1873 4534 2091 4589 homilia

520 4660 576 4710 in
624 4652 831 4706 tertium
876 4642 1194 4700 Matutinum
1230 4634 1439 4708 (homil.
1488 4629 1643 4700 xxx),
1676 4631 1750 4683 ita
1798 4642 1857 4682 se
1903 4626 2093 4680 morbo

522 4749 794 4802 laborasse
838 4734 1125 4808 signiﬁcat,
1159 4740 1217 4786 ut
1246 4737 1471 4785 coactus
1503 4727 1572 4777 sit
1605 4723 1843 4776 laborem
1875 4717 2088 4773 dicendi

523 4836 902 4895 intermittere,
951 4827 1017 4881 ad
1063 4838 1222 4894 quem
1270 4828 1452 4874 tamen
1501 4814 1715 4868 rediens
1749 4811 1826 4866 sic
1869 4810 1989 4864 ait:
2023 4809 2093 4861 At

522 4944 642 4983 vero
668 4921 849 4979 mentis
878 4925 1068 4974 nostra:
1098 4924 1297 4967 torrens
1325 4905 1556 4960 [tumoris
1579 4918 1760 4970 expers
1788 4910 1835 4954 et
1860 4899 2093 4953 exsicca-

527 5030 610 5072 tus
641 5012 905 5083 praterito
947 5020 1075 5060 sane
1118 5011 1343 5069 tempore
1387 4997 1478 5049 diu
1526 4991 1795 5054 conticuit,
1835 4989 2094 5042 laboranti

525 5106 734 5175 corpori
758 5117 952 5157 morem
975 5112 1175 5168 gerens,
1198 5108 1333 5146 nunc
1350 5104 1469 5144 uero
1488 5085 1900 5155 evangelicarum
1922 5081 2094 5134 consi-

524 5173 858 5253 derationum
921 5190 1058 5260 fonte
1107 5185 1393 5254 irrigatus,
1464 5194 1643 5234 earum
1697 5173 2094 5243 explicationem

524 5289 795 5361 effundere
839 5289 1104 5351 praperat.
1154 5275 1261 5331 Sed
1307 5272 1441 5328 nihil
1493 5269 1663 5339 magis
1712 5269 1813 5320 hoc
1861 5266 2094 5319 studium

528 5355 754 5431 docendi
788 5368 969 5442 populi
998 5375 1051 5421 et
1070 5366 1389 5418 charitatem
1422 5361 1475 5414 in
1506 5373 1629 5413 eum
1657 5355 1913 5419 declarat,
1934 5370 2093 5423 quam

526 5464 846 5537 proremium
876 5456 1105 5515 homilia:
1144 5456 1196 5507 in
1232 5451 1609 5507 da'moniacum
1636 5444 1907 5500 habentem
1934 5446 2097 5513 legio-

529 5531 642 5609 nem
696 5549 907 5624 (homil.
952 5547 1049 5617 ιι).
1101 5544 1192 5598 Sic
1240 5542 1385 5595 enim
1440 5534 1917 5605 iucipit:Coltibet
1971 5531 2095 5585 mihi

528 5648 761 5711 linquam
787 5645 1002 5697 adversa
1030 5636 1262 5707 corporis
1283 5630 1545 5696 valetudo,
1569 5628 1657 5682 sed
1687 5625 1919 5679 eamdem
1949 5624 2099 5677 solvit

532 5735 849 5791 desiderium
888 5728 1221 5801 perfectionis
1255 5724 1534 5785 Ecclesiae;
1566 5719 1773 5772 dolores
1820 5716 1974 5769 silere
2008 5730 2099 5768 co-

1470 311 1875 373 FRANCISCI
1920 307 2183 370 SliORSl
2222 306 2656 368 PROCEMIUM
2694 307 2774 367 Π.

3640 298 3742 363 112

2162 431 2314 491 gunt,
2348 438 2499 475 amor
2527 421 2713 475 suadet
2753 426 2810 473 ut
2843 415 3064 488 loquar;
3094 423 3144 470 et
3175 415 3302 469 mihi
3330 412 3536 483 quidem
3576 415 3744 466 morbi

2161 512 2453 566 consolatio
2482 522 2554 565 est
2587 511 2847 565 vobiscum
2892 507 3127 574 conferre
3160 520 3439 558 sermones.
3485 502 3629 555 Talis
3667 511 3743 554 est

2160 598 2365 650 sincera
2399 598 2667 661 Charitas;
2694 611 2815 667 quat
2844 596 3170 649 extrinsecus
3213 593 3478 653 accidunt,
3509 600 3744 644 contem—

2161 689 2271 754 nit;
2302 690 2356 743 id
2390 707 2505 745 vero
2534 693 2672 761 quod
2702 698 2911 742 amatur
2942 689 3170 747 iu'uens,
3198 685 3510 737 delectatur.
3549 680 3742 735 Verum

2161 783 2375 851 quando
2402 784 2471 837 ad
2502 786 2798 837 satietatem
2830 780 3041 850 obsequi
3071 779 3329 832 desiderio
3374 792 3473 829 non
3515 776 3655 836 licet,
3691 784 3748 827 et

2163 883 2358 928 etetera
2386 874 2650 944 legantur.
2685 873 2739 926 In
2775 873 2994 927 homilia
3036 870 3109 924 De
3136 869 3389 935 paraboln
3417 870 3593 922 derem
3629 866 3749 918 mil-

2161 963 2294 1018 lium
2341 966 2663 1020 talentorum
2715 963 2924 1035 (bomil.
2962 968 3024 1031 tt)
3057 961 3300 1015 allectum
3335 960 3488 1015 senio
3526 968 3743 1013 aetatem

2166 1046 2366 1121 innuit,
2417 1056 2605 1111 dicens
2655 1053 2786 1108 :Ita
2838 1069 2964 1106 sane
3010 1063 3056 1105 et
3090 1067 3183 1120 ego
3231 1061 3454 1104 uestrum
3490 1051 3541 1102 in
3593 1050 3749 1101 rebus

2164 1146 2351 1200 divinis
2377 1162 2706 1216 progressum
2733 1143 2978 1211 coniicio,
3004 1142 3153 1195 clatri
3182 1141 3470 1202 auditores,
3500 1140 3639 1208 quod
3666 1155 3750 1192 me

2166 1237 2237 1290 ad
2276 1236 2481 1290 labores
2516 1236 2750 1304 corporis
2794 1236 2966 1287 minus
3011 1242 3190 1299 aptum
3223 1247 3411 1300 eosque
3455 1235 3752 1283 detrectan-

2166 1334 2268 1379 tem
2306 1340 2602 1395 pron:p:um
2637 1324 2801 1377 animi
2842 1323 2996 1376 vestri
3043 1322 3272 1375 studium
3314 1320 3510 1372 excitat
3548 1319 3617 1370 ad
3659 1320 3754 1370 do-

2170 1420 2415 1473 cendum.
2452 1418 2569 1472 Jam
2621 1432 2752 1472 vero
2801 1416 2976 1470 zelum
3026 1424 3080 1468 et
3126 1411 3375 1486 ardorem
3425 1411 3628 1474 animi,
3680 1425 3752 1464 ne

2166 1512 2688 1575 scandalizarentur,
2712 1519 2767 1563 et
2790 1523 3007 1562 errores
3036 1507 3180 1560 circa
3204 1521 3388 1560 veram
3417 1501 3539 1557 ﬁdei
3570 1502 3750 1557 Evan-

2168 1601 2403 1670 geliique
2445 1600 2746 1656 doctrinam
2790 1599 3090 1662 haurirent,
3134 1596 3372 1650 ostendit
3422 1595 3641 1649 homilia
3677 1594 3753 1647 De

2169 1691 2387 1746 muliere
2436 1707 2595 1745 curva
2637 1689 2854 1757 (homil.
2902 1688 3023 1760 xu),
3073 1689 3162 1741 ubi
3218 1685 3355 1742 lucis
3402 1686 3752 1740 inertibusct

2168 1785 2613 1839 consumentibns
2640 1798 2799 1854 apum
2824 1784 3058 1843 labores,
3086 1781 3278 1837 deinde
3303 1795 3489 1835 earum
3511 1781 3752 1835 adventu

2175 1891 2578 1945 congressuque
2611 1876 2936 1944 fugientibus
2959 1882 3236 1943 cctnparat
3267 1872 3540 1942 improbos
3573 1872 3755 1926 homi-

2174 1983 2272 2023 nes
2324 1978 2378 2022 et
2410 1968 2701 2023 seditiosos
2749 1968 2801 2021 in
2857 1965 3116 2020 Ecclesia.
3163 1964 3314 2019 Tales
3363 1976 3507 2029 sunt,
3554 1964 3749 2031 inquit,

2169 2060 2477 2114 comedones
2511 2069 2841 2127 raptoresque
2868 2058 2920 2111 in
2943 2055 3217 2120 Ecclesia;
3253 2056 3623 2109 discessionem
3654 2074 3757 2111 no-

2168 2162 2333 2204 stram
2366 2151 2635 2205 observant
2661 2165 2679 2203 :
2704 2150 2825 2203 inzlc
2870 2154 3063 2217 impetu
3098 2149 3235 2216 facto
3270 2147 3463 2200 damna
3501 2148 3758 2201 ecclesia-

2169 2244 2313 2297 sticis
2345 2242 2493 2296 rebus
2526 2243 2848 2310 important;
2877 2251 2929 2293 at
2972 2255 3090 2293 rcro
3133 2239 3325 2307 linguae
3352 2249 3543 2292 nostra
3581 2242 3757 2292 aciem

2170 2338 2606 2404 pertimescentes,
2636 2343 2819 2386 coacta
2843 2332 3182 2399 factiosorum
3220 2346 3380 2382 manu
3414 2346 3505 2396 per
3527 2331 3757 2384 insidias

2171 2445 2264 2481 nos
2294 2442 2592 2497 oppugnare
2615 2438 2908 2489 conantur;
2945 2425 3099 2477 modo
3134 2424 3187 2475 in
3231 2423 3355 2475 aula
3390 2421 3600 2488 Caipha:
3625 2440 3758 2476 can-

2172 2516 2351 2571 cilium
2385 2517 2657 2585 facientes,
2693 2516 2845 2568 modo
2878 2516 2931 2568 in
2980 2513 3328 2567 Prwcursoris
3369 2514 3594 2566 oratorio
3626 2529 3761 2566 con-

2173 2608 2446 2662 stituentes
2471 2605 2763 2673 improbum
2808 2602 3242 2665 conciliabulum,
3284 2611 3330 2652 et
3357 2617 3421 2654 ex
3450 2599 3757 2668 baptisteria

2171 2697 2486 2749 insidiarum
2526 2693 2911 2759 receptaculum
2946 2691 3220 2760 facientes.
3247 2686 3411 2756 Cujus
3441 2687 3517 2738 rei
3546 2701 3706 2738 causa
3728 2683 3760 2736 .’

2178 2785 2247 2840 Ut
2277 2783 2566 2850 expellatur
2591 2781 2751 2835 Isaac
2781 2789 2829 2832 et
2876 2778 3071 2832 lsmael
3104 2778 3494 2830 introducatur.
3537 2772 3638 2828 Sed
3671 2773 3759 2825 illi

2171 2877 2380 2948 quidem
2417 2874 2648 2943 fugiunt,
2682 2880 2740 2924 ut
2766 2873 2972 2932 uidetis,
2994 2886 3109 2923 cum
3134 2871 3400 2923 custodias
3423 2868 3762 2920 animaduer-

2176 2976 2313 3029 tunt,
2328 2976 2376 3019 et
2395 2963 2755 3016 imbecilliores
2771 2977 2836 3014 ex
2852 2961 3028 3015 ovibus
3046 2970 3358 3019 avertentes,
3383 2975 3535 3012 aures
3559 2960 3627 3012 ad
3651 2976 3763 3013 ser-

2176 3072 2377 3109 monem
2417 3053 2617 3123 aspidis
2640 3054 2809 3105 instar
2825 3050 3129 3104 occludunt.
3160 3048 3269 3103 Nos
3293 3066 3435 3112 vero,
3459 3065 3488 3101 ο
3508 3048 3632 3102 cleri
3655 3050 3763 3103 mei

2176 3154 2355 3209 cretus,
2369 3160 2546 3199 eorum
2559 3145 2802 3213 impetum
2818 3143 3155 3206 declinantes,
3172 3151 3275 3194 etc.
3292 3139 3562 3209 Exscripsi
3586 3150 3759 3194 totum

2180 3237 2322 3291 hunc
2350 3236 2555 3301 locum,
2580 3235 2705 3304 quia
2733 3233 2972 3286 continet
2991 3231 3218 3284 illustria
3247 3230 3489 3300 exempla
3516 3243 3625 3283 tum
3655 3229 3761 3282 zeli

2160 3327 2245 3383 ede
2277 3341 2384 3394 quo
2412 3326 2669 3387 diximus,
2704 3339 2772 3377 ne
2815 3330 3188 3376 averterentur
3227 3335 3255 3373 a
3300 3329 3442 3374 recta
3489 3321 3568 3372 via
3601 3335 3762 3385 oves,

2181 3429 2292 3475 tum
2323 3418 2440 3487 ejus
2469 3419 2521 3471 in
2547 3413 2885 3485 objurganda
2918 3413 3249 3477 acrimonias,
3288 3423 3396 3466 tum
3428 3412 3589 3465 etiam
3622 3412 3761 3465 insi-

2179 3513 2391 3565 diarum
2437 3518 2494 3564 et
2536 3506 2954 3577 persecutionis,
2987 3519 3107 3572 qua:
3153 3503 3308 3556 initio
3352 3503 3759 3571 proposuimus.

2181 3605 2316 3671 Quid
2343 3605 2485 3657 enim
2514 3610 2596 3657 est
2625 3600 2833 3663 conari,
2863 3609 2919 3651 ut
2949 3596 3248 3665 expellatur
3292 3594 3441 3648 Isaac
3474 3605 3525 3649 et
3559 3595 3758 3648 lsmael

2182 3696 2573 3758 introducatur,
2618 3692 2719 3745 nisi
2771 3691 2971 3744 bonum
3019 3697 3071 3739 et
3107 3686 3399 3755 legitimum
3441 3685 3757 3753 episcOpmn

2181 3795 2234 3841 et
2264 3795 2528 3855 pastorem
2565 3785 2629 3837 de
2663 3796 2756 3836 sua
2790 3778 3027 3834 Ecclesia
3058 3777 3368 3845 extrudere,
3416 3782 3471 3828 et
3519 3788 3751 3842 perver-

2182 3896 2299 3934 sum
2352 3878 2794 3947 illegitimumque
2839 3871 3152 3928 intrudere?
3195 3870 3325 3939 quid
3377 3883 3442 3922 ex
3496 3866 3597 3921 hoc
3649 3865 3755 3920 nisi

2185 3972 2356 4040 pietas
2385 3979 2436 4024 et
2467 3967 2615 4021 zelus
2645 3964 2766 4019 boni
2801 3961 3034 4034 pastoris
3065 3957 3354 4028 colligitur,
3393 3953 3537 4007 unde
3567 3950 3755 4005 odium

2184 4063 2291 4117 sibi
2328 4062 2464 4131 apud
2513 4060 2707 4127 impios
2752 4071 2814 4109 ae
2862 4053 3199 4107 facinorosos
3233 4044 3535 4103 conﬁabat?
3561 4041 3758 4096 Omnes

2179 4156 2338 4219 enim,
2375 4153 2548 4220 inquit
2580 4149 2888 4217 Apostolus,
2918 4144 3006 4214 qui
3040 4143 3216 4195 volunt
3246 4140 3326 4204 pie
3360 4139 3546 4197 uiuere,
3579 4149 3758 4203 perse-

2183 4247 2443 4299 cutionem
2467 4242 2749 4311 patientur.
2786 4237 2847 4289 Et
2879 4238 2930 4288 in
2977 4234 3080 4286 alio
3100 4229 3392 4296 exemplari
3432 4227 3648 4295 legitur,
3680 4220 3753 4275 Ut

2182 4336 2348 4391 Iacob
2375 4333 2668 4403 expellatur
2693 4338 2741 4382 et
2793 4326 2939 4379 Esau
2976 4324 3377 4382 iutroducatur;
3417 4316 3556 4383 quod
3609 4314 3752 4366 idem

2183 4427 2472 4499 signiﬁcat,
2509 4423 2737 4477 electum
2763 4417 2967 4471 scilicet
2992 4431 3019 4467 a
3056 4413 3159 4464 Deo
3189 4419 3455 4479 pastorem
3484 4412 3537 4459 et
3565 4417 3760 4472 repro—

2185 4494 2310 4575 bum
2356 4516 2657 4572 exclusura.
2707 4509 2780 4563 Ex
2813 4508 2971 4573 hujus
3018 4502 3202 4556 itidem
3238 4497 3474 4553 homilia:
3516 4494 3619 4547 line
3660 4506 3756 4545 co-

2187 4609 2461 4680 gnoscitur
2481 4606 2625 4661 zelus
2643 4604 2695 4657 in
2719 4602 2862 4655 vitiis
2894 4591 3380 4667 reprehendendis,
3405 4574 3527 4642 cum
3556 4584 3761 4637 acriter

2189 4700 2463 4758 invehitur
2482 4703 2672 4751 contra
2708 4691 2973 4761 periuros.
3004 4687 3282 4751 Quousque
3307 4679 3535 4737 tandem,
3558 4672 3757 4741 inquit,

2188 4793 2256 4847 ad
2296 4788 2678 4850 contentiones,
2723 4792 2770 4837 et
2812 4780 2981 4841 rixas,
3030 4765 3761 4844 elperjuriaincumbemus?

2192 4885 2276 4940 Me
2304 4882 2511 4951 quidem
2542 4879 2725 4930 horror
2756 4884 2802 4927 et
2860 4880 3053 4924 tremor
3093 4865 3290 4920 invadit
3340 4860 3759 4916 considerantem

2186 4991 2346 5047 quam
2384 4969 2564 5027 crebra
2607 4969 2663 5021 in
2696 4963 3048 5018 tribunalibus
3087 4960 3400 5029 juramenta
3447 4952 3601 5022 ﬁant,
3646 4959 3756 5002 etc.

2189 5038 2334 5122 idem
2367 5065 2597 5118 habetur
2627 5074 2694 5113 ex
2745 5056 2889 5108 hom.
2924 5067 3090 5106 xxnt:
3127 5047 3327 5116 Aliqui,
3354 5044 3543 5111 inquit,
3581 5038 3762 5103 objur-

2188 5157 2487 5231 gationibus
2505 5150 2681 5222 puncti
2708 5146 3030 5200 hortationes
3054 5141 3285 5211 fugiunt,
3332 5134 3484 5199 quasi
3524 5129 3762 5200 frenetici

2191 5252 2448 5309 medicos;
2491 5254 2545 5298 et
2596 5256 2661 5294 ex
2703 5240 2847 5292 hom.
2894 5249 3019 5295 ην,
3077 5230 3152 5284 De
3197 5227 3357 5281 divite
3399 5226 3763 5289 interrogante

2194 5344 2497 5403 Dominum,
2525 5336 2667 5388 idem
2705 5328 2971 5399 colligitur
2998 5322 3149 5378 zelus
3181 5330 3233 5374 et
3268 5316 3348 5373 vis
3379 5318 3432 5371 in
3467 5314 3762 5379 objurgan-

2193 5437 2276 5491 dis
2306 5428 2585 5501 improbis.
2618 5424 2751 5479 Cum
2777 5426 2918 5475 enim
2942 5431 3036 5471 eos
3057 5411 3358 5467 vulturibus
3385 5416 3440 5461 et
3469 5402 3763 5459 scarabaris

2193 5528 2394 5585 similes
2429 5524 2665 5586 iecisset,
2698 5518 2787 5588 qui
2817 5519 3136 5568 aversantur
3162 5521 3306 5563 sanie
3339 5500 3598 5557 doctrina:
3625 5496 3762 5549 odo-

2197 5634 2302 5681 res,
2334 5614 2490 5671 sicuti
2536 5610 2799 5667 columbis
2841 5620 2904 5658 ac
2936 5600 3235 5656 turturibus
3282 5595 3452 5649 bonos
3484 5587 3574 5658 qui
3619 5585 3764 5640 bono

2195 5712 2358 5768 odore
2382 5704 2613 5777 gaudent
2638 5712 2693 5756 et
2720 5699 2857 5753 vires
2884 5700 3127 5757 sumunt,
3147 5689 3220 5743 ita
3249 5681 3549 5775 subiungit:
3584 5677 3767 5745 Quar-
