4062 6214
348 320 450 387 il'l

337 458 453 494 sum
483 459 607 496 vero
637 446 735 497 hoc
769 453 967 510 spectat
999 444 1337 513 exemplum?
1367 444 1504 508 Quia
1531 443 1725 496 scilicet
1747 482 1760 504 ,
1796 454 1912 509 quae

339 535 581 587 hesterno
606 534 694 588 die
719 553 748 586 u
773 536 922 588 nobis
950 537 1228 607 castigatio
1259 535 1497 590 omnibus
1526 535 1818 603 promiscue
1839 541 1915 586 est

342 627 605 691 adhibita,
660 627 1006 692 prudentibus
1055 626 1264 695 quidem
1294 624 1532 694 recteque
1575 624 1915 678 sentientibus

343 721 654 773 correctioni
680 721 821 784 fuit;
853 734 1074 790 quorum
1105 737 1224 774 vero
1255 720 1532 787 depravati
1565 730 1686 772 sunt
1720 735 1913 776 mores,

342 829 404 864 ac
434 812 643 880 difficile
674 816 1032 882 corriguntur,
1092 815 1129 866 ii
1175 816 1227 866 in
1261 814 1509 881 majorem
1556 816 1708 866 etiam
1754 813 1920 879 impu-

337 904 572 957 dentiam
610 905 878 966 derenere,
932 905 1119 957 nedum
1169 921 1375 959 evasere
1416 906 1675 957 meliOres.
1731 904 1915 958 Verum

335 1012 429 1046 nos
461 1011 646 1047 eorum
683 996 863 1049 morbo
898 998 1190 1051 acrioribus
1235 997 1623 1050 medicamentis
1676 996 1781 1047 Deo
1820 998 1917 1048 ad-

324 1084 555 1152 jnrante
577 1086 918 1151 medebimur,
945 1098 992 1139 et
1029 1087 1515 1152 reprehensionibus
1548 1087 1714 1152 magis
1739 1096 1916 1139 auste.

332 1178 406 1228 ris
430 1178 734 1229 earumdem
752 1186 1038 1246 stuporem,
1072 1188 1126 1230 ut
1156 1179 1349 1232 sentire
1373 1177 1656 1242 aliquando
1690 1178 1913 1240 valeant,

332 1269 723 1331 exeitabimus;
751 1286 841 1323 vos
891 1287 1007 1324 vero
1054 1272 1145 1340 qui
1206 1271 1422 1325 saniore
1477 1271 1698 1323 consitio
1728 1310 1742 1334 ,
1774 1270 1913 1341 quod

331 1361 522 1415 melius
554 1372 630 1415 est
658 1363 921 1432 eligentes,
967 1365 1036 1416 ad
1068 1367 1313 1433 synaxim
1345 1366 1671 1430 conuenistis,
1695 1381 1913 1434 euange-

331 1456 496 1508 licunt
530 1471 825 1509 sermonem
853 1457 1055 1512 audite.
1089 1456 1250 1511 Zelus
1278 1459 1487 1512 tuenda:
1521 1457 1643 1511 fidei
1681 1457 1912 1512 catholi-

335 1565 414 1601 ca:
444 1559 499 1601 et
532 1547 942 1602 relntandarnm
982 1550 1260 1605 baereseon
1291 1549 1630 1619 apertissime
1672 1549 1914 1604 cernitur

338 1640 393 1693 in
432 1640 679 1708 pluribus
711 1641 968 1706 homiliis,
1010 1638 1064 1695 in
1099 1642 1293 1709 quibus
1323 1656 1588 1710 nusquam
1614 1651 1722 1693 tam
1772 1641 1913 1693 acri-

336 1743 500 1787 teret
543 1733 784 1800 graviter
839 1734 989 1799 dicit,
1060 1749 1337 1803 nunquam
1380 1735 1452 1787 ita
1500 1734 1813 1803 perstringit
1857 1745 1911 1788 et

333 1822 482 1876 acuit
512 1824 733 1895 stylum,
766 1840 926 1891 quam
960 1840 1079 1878 cum
1115 1824 1195 1879 vel
1242 1822 1440 1878 Juliani
1485 1826 1776 1892 Apostatze,
1830 1825 1912 1879 vel

332 1915 565 1968 aliorum
597 1931 693 1970 seu
719 1917 1022 1985 gentilium,
1049 1932 1140 1971 seu
1168 1917 1540 1970 hmreticornm
1577 1916 1873 1969 calumnias
1893 1955 1909 1981 ,

333 2005 650 2070 irrisinnes,
671 2022 890 2062 errores
915 2012 1173 2062 adversus
1194 2006 1468 2076 Evang-dii
1497 2009 1641 2062 dicta
1660 2009 1908 2076 iactatas,

331 2096 423 2151 vel
452 2098 621 2150 etiam
654 2098 998 2152 anicularum
1026 2098 1254 2153 fabellas
1289 2099 1577 2169 inaniaque
1607 2108 1910 2153 commenta

333 2188 561 2255 rrl‘ellit,
592 2191 741 2246 hom.
771 2207 824 2253 v,
855 2207 934 2256 Ix,
965 2207 1120 2254 unt,
1150 2207 1282 2252 xxx.
1333 2206 1442 2255 xu,
1475 2206 1597 2246 ην.
1648 2190 1912 2244 i’aternus

331 2297 467 2335 vero
495 2283 545 2334 in
584 2297 713 2336 suos
744 2297 896 2336 amor
929 2299 990 2338 ex
1028 2283 1115 2337 illo
1152 2284 1417 2351 prooemio
1448 2284 1597 2337 hom.
1645 2282 1721 2336 De
1753 2282 1911 2351 legis-

327 2376 503 2442 perito
534 2375 747 2448 (homil.
794 2376 871 2448 xt)
908 2377 1042 2434 satis
1076 2387 1318 2448 apparet,
1362 2378 1503 2447 quod
1534 2391 1694 2447 supra
1728 2376 1913 2432 retuli-

332 2486 485 2535 mus,
518 2472 607 2525 nbi
643 2481 792 2527 tanto
817 2473 997 2542 populi
1042 2474 1123 2527 sui
1156 2473 1425 2530 revisendi
1471 2473 1738 2526 desiderio
1786 2487 1908 2525 cum

334 2563 584 2624 abesset,
618 2564 886 2618 exarsisse
909 2564 1183 2634 signiﬁcat
1228 2564 1331 2617 hac
1364 2563 1753 2617 similitudine:
1787 2560 1909 2615 Non

329 2662 613 2721 tantopere
626 2652 880 2722 squalens,
899 2663 947 2707 et
964 2670 1150 2721 aspera
1168 2665 1213 2706 et
1238 2652 1472 2721 arefacta
1491 2660 1631 2706 terra
1651 2650 1908 2704 calestem

328 2747 531 2813 appetit
581 2747 812 2811 imbrem,
859 2755 1174 2818 quanto;:ere
1215 2760 1308 2813 ego
1357 2760 1450 2798 ora
1505 2753 1673 2799 vestra
1737 2742 1909 2796 uidere

328 2838 627 2905 cupiebant,
671 2856 700 2893 ο
742 2840 923 2893 concio
965 2838 1071 2893 Deo
1093 2839 1473 2907 acceptissima.
1499 2836 1766 2908 chantnr
1788 2849 1908 2905 quae

330 2942 662 3001 sequuntur,
709 2947 828 3001 qua:
880 2933 950 2985 ita
1001 2932 1272 2986 concludit
1310 2950 1323 2985 :
1357 2929 1467 2985 Sed
1513 2931 1760 2999 quoniam
1809 2943 1904 2982 nos

330 3025 567 3093 Spiritus
594 3035 832 3091 sanctus,
859 3036 906 3081 et
947 3025 1166 3080 Domina
1198 3034 1378 3079 nostra
1418 3023 1512 3078 Dei
1553 3024 1750 3077 Parens
1777 3038 1903 3077 rura

328 3137 427 3174 sus
454 3121 508 3172 in
541 3137 702 3173 unum
742 3120 960 3175 adduxit
1009 3119 1220 3187 locum,
1275 3130 1322 3173 et
1379 3118 1562 3183 voluit,
1613 3130 1668 3170 ut
1716 3119 1906 3171 iterum

328 3214 618 3283 imaginem
668 3230 817 3267 suum
869 3230 971 3266 non
1015 3212 1370 3282 manufactam
1418 3224 1803 3274 veneruremur,
1855 3221 1906 3263 et

328 3318 537 3375 patrem
568 3305 692 3372 ﬁliis
722 3306 991 3359 laetantem
1023 3303 1174 3372 facit,
1200 3319 1294 3373 age
1314 3303 1431 3372 jam
1463 3319 1620 3371 rugas
1656 3303 1907 3356 absentia:

328 3415 499 3452 causa
548 3406 847 3451 contractas
900 3399 1236 3464 remittentes,
1269 3406 1571 3449 consuetum
1620 3411 1907 3449 sermonem

331 3492 686 3561 attingamus.
716 3490 860 3545 Idem
886 3505 1040 3549 amor
1068 3490 1375 3544 declaratur
1406 3488 1554 3542 hom.
1585 3487 1660 3540 De
1688 3486 1908 3557 paraly-

334 3583 445 3636 tico
480 3593 671 3635 sanato
704 3582 917 3650 (homil.
941 3582 1083 3644 xxx):
1121 3580 1268 3642 lla’c,
1299 3580 1494 3649 inquit,
1523 3581 1680 3634 vestri
1706 3596 1904 3643 amore,

335 3681 633 3739 restra’qne
652 3669 898 3723 utilitatis
941 3670 1160 3723 ardente
1188 3669 1448 3723 desiderio
1487 3670 1794 3723 stimulatus
1828 3672 1909 3722 lo-

336 3778 494 3831 quor,
529 3773 598 3826 et,
632 3762 770 3831 quod
802 3763 876 3815 ait
907 3762 1114 3815 divinus
1160 3760 1440 3828 Jeremias,
1474 3763 1645 3817 cordis
1674 3762 1911 3835 sensoria

337 3855 688 3906 dilaceratus.
723 3851 977 3907 Sentiatis
1012 3854 1173 3923 igitur
1192 3854 1330 3922 quod
1363 3853 1546 3919 decet;
1581 3863 1629 3907 et
1668 3854 1717 3908 si
1748 3869 1913 3924 usque

341 3946 413 3998 ad
451 3946 590 3998 hanc
625 3944 763 3998 diem
793 3945 857 3997 ab
890 3945 1055 4015 oﬁicio
1086 3943 1386 4008 deerrastis,
1430 3944 1711 3999 stultitiam
1750 3947 1914 4013 pceni-

342 4039 512 4093 tentia
562 4039 868 4103 emendate;
921 4038 1043 4092 inde
1095 4041 1249 4093 etiam
1286 4038 1375 4107 fiet
1419 4049 1478 4092 ut
1514 4055 1607 4092 nos
1653 4038 1915 4093 alacriore

342 4132 522 4184 animo
564 4148 652 4185 vos
703 4130 1060 4186 adhortemur.
1117 4128 1289 4186 Porro
1332 4145 1395 4186 ex
1453 4146 1633 4188 amore
1677 4131 1917 4187 nascitur

345 4226 599 4292 gaudium
649 4225 718 4279 de
757 4223 999 4294 proiectu
1048 4224 1305 4291 ﬁliorum,
1347 4224 1503 4280 dolor
1550 4225 1618 4281 de
1664 4225 1912 4294 delectu;

344 4329 634 4389 utrumque
663 4323 895 4378 OSIendit
930 4323 983 4377 in
1033 4324 1114 4380 his
1163 4324 1419 4391 homiliis,
1464 4332 1628 4396 atque
1675 4325 1918 4394 apprime

343 4413 568 4467 horiiilia
605 4414 685 4469 De
726 4414 1215 4486 Transﬁguratione
1241 4418 1602 4487 (homil.us),
1627 4419 1787 4473 ubise
1819 4432 1917 4487 pa-

345 4507 480 4561 stori
506 4519 783 4576 comparat
814 4509 880 4563 ab
909 4509 1052 4565 edita
1095 4526 1228 4580 rupe
1266 4527 1481 4582 gregem
1532 4527 1688 4566 suum
1740 4511 1920 4567 multi-

346 4598 605 4668 plicatum
633 4610 697 4668 et
714 4610 867 4669 prata
913 4612 1218 4670 pascentem
1248 4604 1658 4673 contemplanti,
1711 4618 1776 4659 ac
1822 4604 1921 4659 lat-

346 4692 521 4745 titiant
574 4693 799 4762 agitanti
830 4710 846 4746 :
876 4693 1023 4749 Idem
1054 4695 1201 4759 mihi,
1268 4696 1461 4764 inquit,
1525 4698 1777 4752 hodierna
1820 4696 1920 4751 hac

345 4784 651 4838 celebritate
692 4786 970 4856 contingit.
1034 4786 1224 4842 Videas
1270 4790 1408 4843 enim
1451 4792 1697 4857 peruium
1746 4807 1917 4844 meum

347 4892 549 4944 gregem
599 4877 704 4931 Deo
752 4879 998 4935 dilectum
1029 4880 1098 4933 ad
1132 4897 1340 4934 sacram
1376 4883 1512 4935 hanc
1560 4883 1720 4936 cedem
1768 4894 1919 4937 tanta

348 4983 464 5021 cum
509 4970 763 5039 religione
796 4982 1213 5038 concurrentem,
1245 4976 1298 5028 in
1328 4992 1432 5043 qua
1471 4977 1769 5045 purissimae
1806 4977 1918 5029 Do-

346 5061 506 5113 mina:
553 5071 751 5116 nostra:
793 5064 968 5134 imago
1017 5081 1120 5119 non
1166 5067 1468 5136 manufacta
1516 5068 1771 5122 collocata
1818 5079 1915 5134 est,

346 5168 659 5222 magnOpere
693 5153 865 5216 lictor,
888 5166 934 5209 et
972 5173 1084 5225 prae
1111 5159 1305 5225 gaudio
1329 5159 1520 5228 gestire
1547 5160 1741 5227 videor,
1771 5172 1819 5216 et
1849 5164 1918 5218 ad

345 5261 639 5300 sermonem
670 5247 965 5302 habendum
1013 5251 1227 5304 incitari
1273 5268 1352 5306 me
1380 5253 1569 5317 sentio,
1604 5263 1707 5310 etc.
1748 5255 1916 5309 Eum-

349 5335 469 5389 dem
527 5338 694 5392 animi
735 5354 954 5393 sensum
1008 5340 1267 5409 exprimit
1321 5342 1539 5397 homilia
1598 5343 1676 5397 De
1729 5353 1917 5398 sancta

349 5428 657 5484 Pentecoste
687 5432 898 5501 (homil.
937 5430 1028 5499 χι.)
1066 5433 1134 5488 ob
1175 5433 1421 5489 eumdem
1468 5437 1648 5504 populi
1686 5451 1917 5490 concur-

350 5537 503 5589 sum;
526 5525 775 5579 eumdem
800 5525 983 5580 itidem
1012 5526 1230 5581 homilia
1260 5542 1415 5591 χχιιι,
1446 5528 1532 5580 ubi
1564 5543 1619 5581 se
1641 5540 1918 5595 comparat

351 5630 615 5681 generoso
644 5618 864 5687 equoin
892 5618 1002 5672 lato
1032 5633 1226 5688 campo
1256 5620 1545 5675 exsultauti
1577 5632 1632 5675 et
1661 5637 1917 5678 cursuras

352 5708 609 5774 facienti;
641 5720 695 5766 et
726 5712 985 5781 magistro
1006 5725 1072 5767 eo
1092 5713 1328 5768 alacrius
1353 5714 1581 5767 tradenti
1613 5714 1914 5769 doctrinam

357 5817 463 5872 quo
490 5803 781 5875 discipulos
815 5803 959 5862 videt
982 5804 1298 5862 attentiores
1325 5820 1339 5859 :
1382 5803 1495 5860 Hoc
1517 5822 1595 5861 me
1624 5806 1803 5875 etiam,
1832 5808 1910 5863 iu-

1308 328 1694 389 ruascnscn
1736 326 1996 387 SCORSI
2038 329 2467 400 rnomumn
2510 342 2585 407 Ir.

2026 444 2164 510 quit,
2191 450 2381 505 eacitat
2407 462 2456 506 et
2497 454 2664 508 reddit
2703 456 3032 524 alacriorem,
3078 461 3218 530 quod
3244 465 3461 517 arrectis
3493 482 3592 518 ou-

2028 538 2174 593 ribus
2217 545 2492 612 animoque
2539 561 2794 614 prwscnte
2822 555 3051 606 sermoni
3083 554 3303 608 initiatis
3351 567 3399 609 et
3444 556 3593 625 jacta

2026 635 2225 686 semina
2258 638 2415 689 sicuti
2458 640 2667 708 pinguis
2702 651 2749 694 et
2777 641 2967 709 fertilis
3001 661 3123 715 ager
3154 647 3410 716 excipitis.
3440 646 3594 701 Unde

2025 725 2179 776 etiam
2213 743 2294 780 me
2334 725 2482 783 bome
2514 747 2625 798 spes
2655 734 2823 798 alunt,
2846 733 2957 803 fore
2987 745 3042 788 ut
3075 736 3276 804 fructus
3303 738 3594 791 ccclestibus

2024 817 2227 872 horreis
2260 822 2443 888 dignos
2469 824 2662 892 a/ferat
2697 826 2806 880 Iiwc
2831 827 3186 894 agricultura.
3227 828 3430 883 Contra
3463 845 3590 885 vero

2026 910 2177 965 dolor
2199 924 2252 967 et
2276 914 2573 984 indignatio
2600 933 2724 972 cum
2757 933 2916 973 secus
2947 935 3032 973 res
3078 921 3417 988 procederet,
3459 939 3588 990 per-

2025 1005 2209 1073 spicua
2240 1015 2323 1061 est
2368 1022 2434 1061 ex
2473 1010 2690 1064 homilia
2722 1026 2882 1082 quam
2941 1012 3101 1080 paulo
3131 1027 3291 1081 supra
3323 1014 3478 1069 retuli
3528 1015 3593 1068 de

2029 1094 2333 1166 I’aralytico
2365 1110 2555 1154 sanato
2580 1103 2635 1154 in
2661 1100 3035 1172 Cap/inritatam
3060 1122 3078 1160 :
3100 1103 3347 1168 Conanti,
3391 1105 3586 1175 inquit,

2025 1189 2154 1239 milii
2178 1203 2479 1245 consuetum
2513 1194 2660 1247 adire
2688 1212 2996 1259 sermonem,
3027 1206 3078 1250 et
3104 1197 3241 1250 inter
3268 1198 3591 1265 indignatio-

2025 1294 2135 1329 nem
2152 1294 2518 1351 mazroremque
2540 1288 2766 1338 versanti
2783 1302 2882 1339 vos:
2908 1288 3254 1341 interciditur.
3281 1287 3428 1341 Idem
3448 1288 3589 1341 enim

2025 1371 2155 1425 mihi
2180 1376 2452 1443 contingit,
2474 1378 2612 1445 quod
2632 1378 2831 1432 homini
2853 1378 3226 1449 agricola',qui
3257 1398 3370 1433 cum
3400 1382 3590 1436 multos

2022 1464 2237 1518 sudores
2290 1467 2342 1519 in
2391 1468 2676 1523 excolenda
2717 1480 2857 1524 terra
2908 1472 3224 1540 profuderit,
3270 1490 3469 1542 paucas
3503 1485 3590 1527 ta-

2024 1568 2139 1605 men
2168 1557 2366 1608 trstatis
2393 1566 2619 1626 tempore
2664 1561 2872 1613 demetit
2896 1562 3102 1626 spicas;
3144 1571 3197 1615 et
3236 1572 3428 1616 czrtera
3467 1578 3590 1631 quae

2024 1654 2340 1712 St'qtttllllllt‘,
2371 1650 2603 1702 maxime
2635 1653 2700 1703 ad
2737 1667 2849 1705 rem
2873 1651 3092 1717 faciunt,
3137 1654 3201 1706 ad
3233 1668 3352 1722 qua:
3375 1657 3590 1708 remitto

2023 1735 2303 1801 lectorem,
2352 1754 2421 1794 ne
2451 1741 2629 1795 omnia
2664 1743 2767 1797 huc
2810 1754 3143 1813 regeruntur.
3197 1745 3374 1813 Atque
3403 1762 3467 1799 ex
3506 1746 3591 1799 his

2023 1827 2172 1891 locis,
2208 1846 2274 1883 ex
2302 1841 2410 1885 toto
2434 1848 2717 1901 progrrssu
2747 1836 3111 1898 bomiliarum.
3148 1838 3199 1890 in
3231 1838 3591 1907 perorationi-

2022 1920 2141 1987 bus,
2173 1922 2262 1975 ubi
2296 1927 2528 1979 maxime
2557 1927 2857 1981 sententias
2889 1928 3122 1982 moralcs
3150 1937 3202 1981 et
3230 1929 3482 1997 mysticus
3522 1929 3589 1982 ad

2021 2015 2352 2068 audientium
2403 2017 2782 2072 documentum
2833 2019 3065 2088 colligit;
3103 2020 3402 2087 prmsertim
3455 2035 3587 2074 vero

2020 2106 2074 2159 in
2109 2107 2349 2162 homiliis
2377 2110 2442 2163 de
2458 2110 2685 2173 sanctis,
2712 2110 2800 2165 ubi
2832 2110 2974 2179 ipsas
2994 2119 3305 2165 sanctorum
3334 2102 3590 2167 historias

2021 2201 2259 2253 breviter
2286 2211 2591 2265 enarratas,
2625 2217 2722 2256 nec
2756 2218 2858 2257 non
2895 2211 2949 2256 et
2978 2204 3241 2271 ipsorum,
3275 2214 3329 2258 et
3357 2204 3587 2259 aliorum

2022 2290 2073 2343 in
2114 2291 2393 2345 historiam
2427 2292 2738 2347 cadentium
2768 2295 2982 2347 nomina
3016 2295 3104 2363 pie
3139 2303 3191 2348 et
3226 2294 3494 2349 subtiliter
3522 2294 3591 2349 ad

2021 2381 2425 2440 informandum
2459 2387 2615 2441 bonis
2650 2387 2892 2441 moribus
2921 2403 3136 2457 gregem
3170 2402 3324 2441 suum
3354 2387 3590 2456 explicat

2018 2482 2071 2527 et.
2099 2480 2383 2539 convertit,
2418 2493 2479 2530 ex
2514 2479 2618 2538 his.
2645 2478 2886 2547 inquam,
2915 2480 3221 2546 perspicere
3247 2479 3375 2532 mihi
3407 2479 3591 2532 videor

2016 2562 2138 2616 illas
2171 2564 2295 2618 boni
2351 2565 2590 2634 episcopi
2643 2578 2820 2630 notas,
2871 2582 3007 2634 quas
3052 2577 3331 2621 enumerat
3370 2579 3590 2621 sanctus

2017 2652 2215 2707 Paulus
2241 2655 2305 2709 ad
2335 2654 2701 2723 Timotheum,
2729 2658 2795 2711 ad
2826 2673 2985 2726 quem
3026 2658 3216 2715 scribit
3246 2677 3258 2713 :
3311 2658 3439 2711 Hac
3467 2676 3591 2725 pro—

2015 2760 2211 2812 ponens
2264 2746 2543 2813 fratribus.
2579 2746 2741 2801 bonus
2789 2748 2893 2803 eris
2943 2750 3180 2803 minister
3221 2749 3418 2804 Christi
3458 2749 3589 2804 Jesu

2015 2839 2273 2893 enutritus
2302 2839 2464 2894 verbis
2485 2840 2630 2910 ﬁdei,
2654 2849 2707 2895 et
2736 2842 2879 2897 bona
2906 2846 3176 2907 doctrinae,
3196 2860 3353 2910 quam
3379 2859 3591 2905 assecue

2018 2938 2102 2988 tus
2131 2946 2224 2986 es:
2271 2931 2473 2999 ineptas
2531 2943 2703 2987 autem
2780 2945 2828 2989 et
2884 2934 3050 2989 aniles
3103 2935 3314 3005 fabulas
3379 2935 3587 2997 devita;

2015 3038 2197 3077 exerce
2237 3033 2412 3078 autem
2461 3036 2511 3079 te
2538 3028 2704 3095 ipsum
2736 3026 2805 3081 ad
2835 3028 3104 3097 pietatem.
3160 3027 3229 3082 Et
3274 3029 3339 3081 ad
3404 3029 3586 3082 Titum

2016 3115 2131 3167 vult
2158 3116 2467 3186 episcopum
2501 3135 2611 3172 esse
2637 3118 3031 3188 amplectentem
3056 3135 3171 3173 eum
3196 3120 3286 3189 qui
3306 3122 3588 3175 secundum

2016 3207 2313 3262 doctrinam
2366 3218 2462 3275 est,
2517 3209 2721 3277 ﬁdelem
2749 3227 3060 3278 sermonem,
3093 3223 3147 3264 ut
3181 3220 3361 3279 potens
3395 3212 3463 3263 sit
3495 3225 3589 3263 ea:-

2016 3299 2220 3354 Iiortari
2271 3302 2324 3354 in
2371 3301 2610 3355 doctrina
2665 3319 2823 3366 sana,
2857 3313 2904 3356 et
2935 3318 3020 3356 eos
3071 3303 3162 3372 qui
3218 3302 3589 3356 contradicunt

2014 3408 2265 3461 arguere;
2294 3403 2346 3446 et
2371 3394 2583 3447 demum
2624 3392 2753 3448 illud
2785 3393 3023 3463 ejusdem
3054 3393 3226 3446 sancti
3270 3392 3420 3446 Pauli
3451 3409 3591 3462 prac-

2017 3494 2231 3554 ceptum
2288 3484 2468 3539 facere
2504 3486 2715 3542 videtur
2755 3485 3147 3553 Theophanes:
3192 3482 3439 3537 Prtedica
3472 3499 3589 3537 rer-

2018 3577 2178 3641 bum;
2224 3580 2364 3633 insta
2409 3588 2723 3646 opportune,
2768 3580 3096 3647 importune;
3131 3594 3313 3647 argue,
3351 3576 3585 3639 obsecra,

2018 3669 2233 3731 increpa
2259 3670 2311 3722 in
2350 3670 2491 3723 omni
2517 3669 2771 3738 patientia
2796 3678 2844 3723 et
2875 3670 3138 3723 doctrina.
3190 3668 3248 3723 Si
3282 3668 3401 3738 quis
3451 3670 3590 3722 bene

2018 3760 2376 3815 considerarit
2410 3770 2462 3813 et
2494 3761 2804 3829 supradicta
2847 3760 2986 3824 loca,
3019 3770 3073 3813 et
3102 3760 3205 3813 alia
3236 3761 3375 3814 dicta
3412 3759 3464 3812 in
3504 3758 3589 3811 his

2020 3862 2301 3919 perspersa
2339 3851 2701 3913 sermonibus,
2749 3866 2980 3911 mecum.
3034 3849 3220 3915 credo,
3273 3849 3501 3913 sentiet,
3536 3859 3593 3901 et

2019 3939 2144 3994 boni
2198 3942 2430 4009 pastoris
2475 3940 2732 3996 Ecclesiae
2752 3943 2979 3998 formam
3007 3956 3113 3996 non
3142 3942 3301 3995 modo
3331 3942 3414 3994 his
3437 3941 3592 3994 lineis

2023 4032 2421 4096 adumbratam,
2457 4034 2548 4087 sed
2593 4034 2751 4103 plane
2800 4049 3110 4102 expressam
3147 4035 3213 4087 ad
3254 4032 3431 4087 vivum
3462 4048 3591 4087 con-

2024 4123 2340 4191 spicabitur.
2385 4123 2488 4178 Sed
2548 4126 2614 4178 ad
2668 4124 2803 4179 alias
2861 4125 3109 4190 virtutes,
3145 4140 3263 4194 quae
3315 4124 3589 4179 hominem

2024 4215 2290 4285 privatum
2308 4217 2613 4285 perﬁciunt,
2643 4216 3065 4286 progrediamur.

2030 4333 2059 4407 §
2097 4335 2166 4391 Χ.
2213 4333 2445 4391 Virtutes
2506 4335 2648 4397 alite,
2692 4334 2921 4419 maxime
2958 4334 3292 4404 perfectionis
3331 4334 3590 4392 Christia—

2623 4422 2705 4460 na:
2741 4422 2989 4475 proprtw.

2096 4516 2335 4570 Aliarum
2367 4516 2645 4582 virtutum,
2677 4531 2795 4585 qua:
2816 4516 3079 4584 privatum
3110 4515 3393 4585 perﬁciunt
3420 4515 3594 4569 homi-

2028 4623 2170 4674 nem,
2208 4610 2372 4664 multa
2405 4624 2616 4680 quoque
2643 4619 2769 4665 sunt
2816 4610 2868 4663 in
2899 4609 2982 4663 his
3027 4609 3361 4663 sermonibus
3406 4608 3590 4660 relicta

2028 4701 2297 4771 vestigia:
2352 4708 2406 4755 et
2444 4715 2575 4755 sane
2604 4701 2647 4755 si
2694 4701 2759 4754 de
2818 4701 3043 4754 summis
3092 4698 3219 4751 viris
3279 4697 3590 4764 perscripta:

2029 4796 2262 4850 historia:
2284 4807 2407 4851 sunt
2424 4810 2710 4866 expresszc,
2739 4810 2845 4849 non
2864 4807 3151 4862 corporum
3172 4790 3263 4843 sed
3288 4790 3591 4841 animorum

2029 4886 2311 4958 imagines,
2342 4905 2407 4943 ex
2435 4889 2633 4958 quibus
2662 4887 2836 4957 qualis
2869 4886 3027 4938 fuerit
3071 4884 3280 4935 interna
3330 4880 3593 4949 cujusque

2029 4982 2258 5049 species,
2306 4995 2491 5050 qumve
2524 4979 2779 5035 virtutum
2820 4979 3141 5031 lineamenta
3184 4975 3588 5044 cognoscimus,

2028 5090 2091 5127 ac
2133 5073 2288 5126 iidem
2314 5074 2378 5126 iis
2422 5070 2702 5134 habemus,
2734 5072 2804 5124 ita
2849 5079 2905 5123 ιιι
2945 5068 3252 5137 ltujusmodi
3303 5068 3588 5136 imaginem

2026 5181 2056 5219 a
2089 5164 2437 5233 Xenophonte
2478 5164 2799 5233 descriptam
2839 5161 3088 5214 omnibus
3131 5161 3369 5214 omnium
3413 5160 3589 5227 pictis,

2028 5256 2168 5312 lictis
2192 5258 2517 5326 scnlptisque
2550 5254 2853 5309 simulacris
2911 5252 3187 5321 Agesilaus
3219 5252 3306 5306 ille
3338 5251 3587 5317 prmtule-

2028 5351 2120 5418 rit,
2154 5362 2298 5406 certe
2322 5351 2498 5405 oratio
2524 5352 2635 5418 ipsa
2667 5349 2847 5415 imago
2875 5347 3054 5400 verior
3079 5344 3243 5399 animi
3293 5352 3346 5397 et
3388 5342 3588 5396 clarior

2028 5441 2269 5496 habenda
2321 5449 2424 5505 est,
2478 5454 2597 5509 quae
2649 5452 2769 5490 cum
2801 5435 2865 5487 ad
2904 5434 3250 5504 exprimenda
3300 5432 3467 5487 animi
3520 5448 3586 5486 an

2030 5532 2225 5587 mentis
2269 5543 2465 5583 arcana
2515 5541 2669 5581 sensa
2722 5536 2913 5579 natura
2970 5526 3081 5595 ipsa
3131 5531 3441 5592 comparata
3493 5524 3585 5584 sit.

2027 5622 2318 5693 perfectius
2346 5626 2400 5672 et
2426 5616 2628 5672 certius
2657 5616 2816 5670 ctiam
2851 5615 3023 5685 qualis
3057 5613 3285 5682 quisque
3309 5612 3380 5666 sit
3402 5610 3587 5681 expri-

2029 5717 2125 5771 mit
2156 5723 2210 5767 et
2259 5718 2633 5779 repraesentat.
2681 5707 2868 5776 Itaque
2903 5721 3005 5759 non
3040 5703 3186 5759 solus
3227 5703 3315 5756 ille
3349 5702 3587 5772 philoso-

2028 5794 2164 5875 phus
2208 5801 2573 5875 pervulgatum
2626 5799 2752 5855 illud
2800 5811 2923 5853 vere
2956 5795 3107 5865 dixit,
3153 5794 3421 5865 Loquere,
3453 5805 3507 5847 ut
3538 5802 3586 5843 te
