4062 6214
468 311 570 379 115

461 430 664 484 uideam
704 448 722 486 :
757 431 847 486 sed
916 431 1075 484 etiam
1145 442 1344 485 aeterna
1399 432 1670 501 Sapientia
1726 433 2030 488 Pltat‘isa'os

469 523 890 591 reprehendens,
925 519 1197 584 Quomodo
1233 540 1319 576 vos
1380 526 1594 592 potestis
1652 527 1786 576 bona
1857 523 2026 589 loqui,

463 630 580 670 cum
610 616 722 667 sitis
745 614 918 667 ntali?
963 611 1134 669 Ilomo
1165 616 1228 670 de
1258 620 1390 671 bono
1434 617 1679 672 thesauro
1722 617 1896 672 cordis
1947 620 2030 673 sui

461 712 661 780 profert
693 710 850 773 bona,
882 719 931 763 et
969 710 1142 764 malus
1184 712 1336 764 homo
1371 712 1433 764 de
1468 711 1608 765 malo
1631 712 1876 766 thesauro
1908 729 2030 779 pro-

463 803 564 870 fert
607 801 796 867 mala;
845 817 910 855 ea:
946 802 1274 854 abundantia
1303 803 1439 855 enim
1477 804 1647 856 cordis
1679 818 1736 854 os
1776 803 2030 872 loquitur.

465 894 617 959 Quod
653 895 722 946 ita
757 909 786 947 a
821 893 1041 947 Christo
1073 894 1276 948 dictum
1308 895 1593 962 accipitur,
1623 905 1680 947 ut
1713 894 2032 963 plerumque

465 986 535 1036 ita
573 987 894 1050 nsnveniat;
929 998 981 1039 et
1017 986 1344 1053 experientia
1381 986 1590 1051 doceat,
1620 1001 1724 1040 non
1751 1000 1905 1054 posse
1923 994 2032 1039 tam

463 1081 552 1133 diu
586 1081 821 1148 aliquem
851 1079 920 1132 ita
945 1083 1148 1133 vultum
1181 1088 1233 1133 et
1260 1081 1563 1133 orationem
1599 1078 1822 1150 lingere,
1846 1087 1905 1132 ut
1927 1093 2032 1130 non

464 1174 519 1227 in
556 1173 738 1242 aliquo
781 1174 994 1226 oblecta
1060 1171 1262 1226 malitia
1319 1172 1776 1241 deprehendatur,
1827 1181 1885 1226 ut
1928 1185 2032 1224 non

463 1279 728 1318 venenum
768 1259 984 1318 tandem
1023 1262 1073 1315 in
1125 1264 1234 1315 imo
1265 1263 1510 1316 residens
1557 1269 1790 1316 evomat.
1843 1259 2032 1328 Itaque

464 1371 588 1410 cum
622 1356 676 1409 in
712 1355 796 1410 his
842 1354 1188 1410 sermonibus
1223 1353 1568 1424 Theophanis
1599 1353 1846 1410 Ceramei
1899 1353 2036 1408 nihil

465 1448 616 1502 illum
645 1463 806 1518 agere
846 1447 1016 1512 aliud,
1049 1447 1181 1500 nihil
1213 1447 1435 1501 studere
1471 1447 1702 1512 videam,
1736 1462 1898 1516 quam
1937 1460 2034 1500 au-

466 1538 678 1592 ditores
723 1552 850 1591 suos
879 1536 946 1591 ad
981 1537 1234 1590 virtutem
1285 1536 1581 1590 informare
1622 1545 1676 1591 et
1707 1536 2034 1600 incendere;

465 1644 589 1684 cum
643 1642 860 1682 omnem
903 1627 1322 1696 explicationem
1358 1627 1633 1695 Evangelii
1674 1626 1740 1680 ad
1781 1610 2038 1680 virtutum

467 1721 912 1775 exercitationem
968 1720 1366 1788 utilitatemque
1395 1719 1700 1773 auditorum
1758 1719 1826 1772 de
1872 1718 2034 1771 indu-

472 1819 609 1870 stria
639 1814 884 1870 conterat
905 1825 960 1869 et
991 1815 1379 1877 accommodet,
1413 1811 1652 1879 nihilque
1677 1812 1747 1865 sit
1781 1808 2039 1865 doctrinae

473 1907 694 1960 moralis
720 1906 861 1974 quod
899 1919 1002 1959 non
1047 1919 1344 1959 consonum
1390 1903 1650 1957 doctrinm
1690 1899 2038 1966 moribusque

465 2007 783 2052 sanctorum
815 1996 1056 2061 Patrum,
1089 1995 1222 2049 nihil
1246 1995 1388 2064 quod
1420 1996 1711 2048 nonsoium
1733 1991 1856 2044 vitia
1889 1992 2039 2044 dam-

465 2100 558 2144 net
582 2078 952 2156 virtutemque
1002 2087 1372 2150 commendet,
1423 2088 1516 2140 sed
1565 2085 1728 2138 etiam
1765 2097 2035 2137 summum

466 2182 722 2253 perfectae
748 2179 966 2234 virtutis
993 2180 1200 2248 apicem
1235 2186 1468 2248 spectet,
1503 2180 1666 2246 idque
1692 2189 1887 2244 magno
1913 2185 2034 2223 cum

470 2272 628 2325 animi
657 2271 854 2333 studio,
889 2283 1046 2322 sensu
1079 2277 1244 2337 atque
1271 2269 1461 2322 ardore
1484 2269 1681 2335 smpius
1710 2279 1765 2319 et
1802 2261 2038 2330 graviter

468 2361 790 2414 inculcatum
844 2360 1294 2424 animadvertam,
1345 2360 1567 2414 credere
1617 2357 1749 2412 mihi
1801 2353 2038 2424 proiecto

465 2449 612 2510 licet,
649 2464 743 2504 eas
766 2451 818 2503 in
848 2466 906 2504 se
928 2452 1238 2506 exercuisse
1281 2452 1532 2512 virtutes,
1583 2456 1639 2503 et
1666 2445 1858 2501 fecisse
1889 2445 2039 2514 prius

465 2557 629 2610 quam
679 2542 972 2609 docuisse;
1027 2553 1083 2597 et
1127 2558 1249 2597 cum
1284 2557 1474 2597 omnes
1517 2541 1749 2596 bomilite
1782 2540 2037 2609 pietatem

467 2631 930 2699 sanctitatemque
980 2630 1351 2686 Christianam
1379 2639 1433 2685 et
1462 2629 1767 2697 religiosam
1806 2628 2034 2696 spirent,

464 2721 611 2790 pium
646 2721 826 2775 itidem
863 2736 924 2777 ac
955 2721 1262 2790 religiosum
1296 2736 1417 2774 eum
1465 2719 1632 2774 fuisse
1668 2720 1868 2771 virum.
1927 2715 2035 2770 Sed

463 2823 586 2866 cum
636 2812 704 2865 de
753 2812 899 2866 omni
952 2810 1210 2866 virtutum
1248 2823 1443 2880 genere
1497 2809 1550 2862 id
1610 2807 1723 2860 ﬁeri
1774 2807 2036 2874 judicium

464 2902 645 2969 liceat,
679 2913 826 2957 certe
856 2902 921 2956 de
947 2901 1267 2965 humilitate,
1293 2914 1412 2969 qua:
1441 2900 1675 2952 maxime
1703 2906 1786 2951 est
1817 2912 2036 2965 χριστοο

468 2993 730 3063 μεμητος,
759 3003 816 3046 ut
843 2991 1082 3046 auctoris
1109 2991 1270 3045 etiam
1304 2991 1464 3044 verbo
1493 3001 1636 3050 utar,
1664 2990 1729 3041 de
1757 2995 2038 3053 contemp—

469 3084 612 3138 tione
640 3083 972 3152 voluptatum
1009 3083 1272 3151 corporis,
1307 3083 1477 3152 deque
1507 3095 1715 3134 summa
1753 3081 2036 3146 perturba-

467 3179 670 3229 tionum
700 3175 862 3230 animi
898 3175 1143 3241 victoria,
1174 3190 1332 3244 quam
1364 3172 1833 3228 mortiﬁcationem
1866 3172 2034 3224 sancti

465 3273 678 3330 Vocant,
709 3277 764 3322 et
800 3266 1157 3336 Theophanes
1201 3268 1276 3321 uti
1319 3266 1586 3322 Climacus
1631 3263 1895 3318 ἀπάθειαν
1929 3276 2034 3316 non

469 3375 575 3411 uno
603 3359 719 3414 loco
741 3360 995 3427 appellat,
1023 3360 1256 3412 maxima
1287 3367 1504 3414 exstant
1527 3357 1752 3423 judicia.
1787 3353 1943 3408 llont.
1973 3355 2036 3407 de

465 3448 691 3504 Ζαεήωο
728 3449 956 3519 (homil.
984 3454 1078 3519 xv)
1117 3451 1196 3504 sic
1239 3448 1582 3504 commendat
1623 3446 1978 3502 humilitatem
2017 3463 2029 3498 :

463 3542 714 3608 Zachoee,
764 3544 1020 3612 festinans
1066 3542 1334 3597 descende.
1383 3541 1680 3611 Anagogico
1735 3556 1888 3594 sensu
1941 3553 2033 3591 nos

464 3633 612 3683 docet
666 3629 910 3683 Christus
965 3631 1165 3682 nullum
1220 3629 1369 3682 aliud
1419 3631 1582 3697 magis
1635 3629 1874 3680 idoneum
1925 3642 2034 3679 esse

465 3723 745 3790 paenitendi
789 3721 1135 3790 principium,
1171 3738 1326 3790 quam
1368 3721 1690 3774 descensum.
1739 3719 1863 3773 lla'c
1906 3732 2034 3771 vero

463 3823 547 3870 est
587 3815 620 3883 ὴ
659 3814 906 3883 μακαρία
936 3812 1284 3876 ταπείνωσις,
1329 3813 1480 3865 beata
1522 3811 1616 3866 illa
1647 3812 1940 3872 humilitas,
1972 3825 2035 3862 ex

464 3913 681 3964 adverso
713 3909 910 3962 diaboli
939 3909 1197 3976 superbiae
1238 3908 1498 3974 opposita.
1556 3904 1642 3958 Vis
1680 3903 2032 3974 paenitentiam

463 4001 727 4067 auspicari
757 4015 777 4053 :
805 4001 1199 4070 fundamentum
1230 4010 1276 4052 et
1316 3998 1678 4050 inconcussam
1721 3996 2034 4062 paenitentia:

461 4096 627 4148 basim
665 4111 795 4160 parte
825 4094 1197 4147 humilitatem.
1231 4091 1513 4156 Descende,
1543 4099 1600 4142 ut
1630 4089 1892 4144 attollaris
1932 4088 2033 4140 vir-

463 4197 630 4239 tutum
656 4187 756 4240 alis
785 4187 1012 4242 levatus.
1037 4185 1290 4239 Eamdem
1330 4183 1648 4238 humilitatis
1686 4182 2026 4234 commenda-

463 4275 664 4327 tionem
696 4289 760 4328 ac
787 4274 1156 4328 celsitudinem
1199 4273 1362 4326 habes
1394 4272 1539 4324 hom.
1567 4273 1630 4324 de
1658 4268 1952 4323 Publicano
1977 4277 2026 4322 et

461 4363 737 4416 Pharisteo
795 4363 977 4431 (hom.
1032 4363 1176 4432 xvr).
1229 4363 1405 4431 Atque
1470 4362 1552 4416 his
1615 4359 1832 4429 quidem
1901 4359 2032 4413 locis

464 4454 700 4508 maxime
735 4454 875 4507 lianc
920 4453 1170 4507 virtutem
1216 4453 1440 4518 extollit,
1474 4453 1526 4506 in
1567 4453 1688 4506 aliis
1727 4467 1853 4505 vero
1881 4451 1946 4505 de
1973 4463 2032 4503 se

463 4547 576 4612 ipse
617 4543 1008 4598 demississime
1055 4542 1311 4612 loquitur.
1344 4543 1497 4597 llont.
1527 4547 1592 4596 de
1619 4541 2031 4612 Archisynagogi

461 4638 579 4706 [ilia
622 4646 673 4690 et
722 4634 1143 4688 llremorrhoissa
1191 4635 1398 4702 (homil.
1452 4636 1529 4702 x),
1575 4648 1695 4687 cum
1747 4633 2029 4687 historiam

462 4729 746 4798 allegorico
794 4742 954 4781 sensu
999 4725 1346 4796 explicaSSet,
1387 4727 1453 4780 ad
1503 4726 1848 4794 tropol03iam
1896 4740 2029 4780 con-

461 4832 677 4876 vertens
707 4819 1000 4872 orationem
1034 4837 1046 4872 :
1074 4817 1178 4873 Sed
1203 4819 1329 4887 quid
1372 4820 1520 4880 abeo,
1554 4817 1746 4886 inquit,
1766 4818 1834 4869 ad
1875 4832 2030 4870 voca-

462 4915 652 4969 tionem
696 4916 1019 4970 ethnicorum
1063 4925 1110 4967 et
1154 4914 1403 4983 reliquias
1443 4912 1683 4976 lsraelis,
1715 4923 1763 4966 et
1813 4922 2031 4967 externa

465 5009 902 5076 circumspiciens,
936 5024 1015 5060 me
1046 5011 1219 5077 ipsum
1257 5025 1358 5061 non
1404 5010 1548 5062 uideo
1587 5007 1686 5060 hac
1730 5008 2033 5061 narratione

463 5097 820 5164 descriptum?
848 5099 1076 5168 Agedum
1110 5105 1163 5154 in
1193 5100 1414 5153 historia
1449 5110 1696 5168 tanquam
1737 5100 1790 5151 in
1824 5100 2030 5168 speculo

463 5191 686 5260 figamus
714 5189 880 5242 aciem
911 5192 1116 5258 mentis,
1138 5200 1185 5243 et
1237 5191 1586 5260 unusquisque
1613 5201 1845 5244 nostrum
1879 5191 2031 5245 mise-

466 5297 580 5333 rant
626 5281 818 5333 aninta:
849 5295 958 5333 sua:
999 5282 1346 5334 conditionem
1389 5283 1784 5346 animadvertat,
1827 5289 1929 5334 etc.
1965 5283 2031 5335 Et

468 5369 688 5424 ltomilia
735 5371 798 5422 de
841 5385 899 5422 eo
939 5372 1028 5438 qui
1072 5371 1253 5424 incidit
1301 5373 1354 5423 in
1398 5372 1625 5424 latrones
1676 5371 1881 5441 (homil.
1930 5375 2024 5427 κήξ

468 5461 624 5517 Felix
656 5464 816 5533 igitur
847 5465 934 5517 ille
966 5463 1149 5515 doctor
1176 5465 1265 5532 qui
1299 5466 1547 5519 doctrina:
1587 5467 1831 5519 denarios
1862 5467 2032 5519 adau-

466 5554 624 5625 παθη,
653 5555 904 5610 nimirum
931 5569 1048 5610 cum
1077 5554 1228 5609 veluti
1253 5556 1314 5609 de
1341 5573 1392 5610 re
1413 5572 1507 5610 sua
1535 5557 1816 5611 domestica
1843 5572 2028 5611 sanum

1428 315 1826 380 FRANCISCI
1866 320 2130 383 SCORSl
2169 319 2604 386 PROOEMIUM
2642 323 2723 388 ΙΙ.

2052 5694 2126 5714 ιιι-ἠ

3601 330 3700 393 126

2136 439 2340 488 uerbum
2371 449 2418 490 et
2457 441 2614 493 vitam
2646 440 2796 494 verbo
2832 449 3229 495 consentaneum
3259 439 3585 506 impenderit,
3620 445 3708 496 in-

2133 527 2306 595 felices
2350 545 2470 582 vero
2517 542 2700 584 omnes
2738 548 2800 584 ac
2832 533 3178 597 miserabiles,
3215 533 3375 600 juxta
3421 544 3578 602 atque
3613 552 3710 605 ego

2134 635 2282 680 sum,
2333 623 2421 690 qui
2472 623 2701 678 inaniter
2745 626 2797 678 in
2847 641 2967 678 aere
3008 636 3384 695 perstrepentes
3433 628 3584 696 quasi
3633 643 3705 679 a's

2133 726 2326 764 sonans
2376 721 2469 765 aut
2519 716 2813 784 cymbalum
2863 718 3090 770 tinniens
3147 717 3420 770 dimidium
3469 717 3705 785 efﬁrinnt

2133 803 2298 866 operis
2344 801 2485 867 boni,
2526 817 2572 856 et
2615 805 2728 873 ejus
2769 807 2908 874 quod
2954 809 3306 875 prtestantius-
3335 816 3431 866 est,
3473 817 3707 875 expertes

2136 904 2364 950 manent.
2405 892 2610 949 Similia
2663 900 2821 952 habet
2870 899 3015 952 hom.
3052 901 3116 954 de
3167 900 3229 956 S.
3277 900 3522 969 Philippo
3569 901 3712 968 (lu:-

2135 983 2247 1040 mil.
2298 990 2500 1053 thx):
2548 987 2803 1058 Equidem
2848 1007 2939 1060 ego
2967 1007 3203 1058 cuperem
3261 992 3329 1043 ad
3386 991 3706 1044 hortandum

2134 1075 2291 1126 vitam
2338 1087 2458 1128 ante
2502 1094 2654 1143 quam
2705 1079 2854 1132 verba
2908 1095 3229 1146 proponere;
3275 1081 3356 1134 hic
3393 1081 3529 1132 enim
3573 1085 3710 1132 esset

2135 1169 2308 1234 aptior
2346 1170 2566 1222 docendi
2599 1174 2801 1234 modus,
2836 1175 2881 1225 si
2912 1177 3078 1227 verbis
3123 1175 3224 1226 vita
3253 1173 3582 1232 concineret;
3615 1172 3706 1224 sed

2135 1261 2377 1325 quoniam
2408 1261 2566 1314 vitam
2595 1262 2834 1315 ontnibus
2862 1274 3190 1331 peccatorum
3225 1267 3443 1316 maculis
3469 1272 3707 1314 notatam

2134 1350 2393 1418 pra'fero,
2439 1369 2502 1406 ne
2548 1355 2724 1407 videar
2775 1365 2944 1408 tamen
2995 1354 3115 1408 huic
3163 1354 3453 1409 celebritati
3499 1353 3709 1405 inutilis

2135 1442 2412 1509 exstitisse,
2438 1460 2532 1512 age
2549 1447 2664 1512 jam
2693 1446 2935 1512 .lpostolo
2961 1449 3293 1516 deprecatore
3321 1447 3568 1514 conﬁsus,
3597 1456 3704 1499 etc.

2141 1532 2213 1587 Ex
2251 1535 2334 1588 his
2364 1548 2495 1589 sane
2526 1537 2725 1602 verbis,
2754 1538 2916 1591 etiam
2964 1555 3070 1592 non
3107 1539 3562 1592 animadvertente
3599 1553 3710 1601 nte,

2141 1626 2504 1694 unusquisque
2547 1627 2735 1691 lcetor,
2785 1629 2886 1683 nisi
2933 1629 3330 1685 simulationem
3378 1629 3709 1684 venditatio-

2137 1731 2364 1786 nemqne
2398 1720 2632 1783 virtutis,
2665 1731 2725 1774 ut
2757 1722 2820 1774 de
2854 1721 3190 1790 philosophis
3227 1723 3417 1790 priscis
3451 1720 3708 1775 arbitrari

2135 1809 2284 1873 velit,
2332 1821 2534 1878 quanta
2584 1813 2810 1868 dicentis
2855 1815 2926 1868 sit
2969 1814 3161 1876 virtus,
3187 1826 3384 1882 quanta
3427 1814 3709 1868 humilitas

2137 1912 2424 1971 agnoscat;
2453 1912 2506 1956 et
2539 1903 2663 1958 illud
2703 1906 2994 1971 praesertim
3025 1922 3131 1975 quo
3161 1907 3228 1960 de
3258 1907 3484 1975 agimus.
3517 1906 3708 1960 docto-

2138 2011 2245 2047 rem
2273 1994 2468 2046 bonum
2493 2008 2613 2048 cum
2638 1998 2949 2051 sanoverbo
2971 1997 3134 2052 vitam
3159 1995 3483 2064 conjungere
3509 1995 3706 2048 bonam

2133 2094 2414 2151 Oportere;
2450 2085 2590 2154 quod
2623 2100 2744 2140 cum
2778 2087 2846 2139 ita
2877 2088 3064 2143 doceat
3095 2102 3158 2141 ac
3185 2087 3404 2149 sentiat,
3437 2085 3511 2139 ita
3541 2083 3708 2138 etiam

2136 2191 2194 2230 re
2236 2176 2350 2244 ipsa
2389 2191 2509 2230 eum
2538 2178 2855 2246 praestitisse
2885 2187 3303 2231 consentaneum
3333 2185 3415 2230 est
3439 2174 3709 2242 judicare.

2134 2263 2249 2319 Jam
2284 2266 2426 2319 hom.
2466 2267 2528 2319 de
2559 2263 2808 2321 Zacchazo
2843 2269 2915 2321 ita
2956 2268 3194 2336 loquitur
3226 2267 3398 2336 (hom.
3445 2267 3532 2333 xv)
3579 2285 3592 2320 :
3640 2261 3709 2318 Et

2137 2357 2376 2411 altiorem
2405 2374 2528 2411 sane
2555 2361 2901 2429 anagogicum
2936 2376 3140 2412 sensum
3177 2359 3497 2428 perscrutari
3527 2368 3712 2423 potue-

2137 2459 2258 2502 ruttt
2289 2450 2328 2502 ii
2360 2450 2452 2519 qui
2495 2452 2687 2504 mundo
2733 2462 2853 2504 sunt
2899 2454 3075 2516 corde,
3119 2452 3304 2520 quibus
3347 2451 3408 2503 ob
3458 2451 3711 2502 virtutum

2137 2542 2340 2607 capiam
2373 2559 2405 2594 a
2442 2542 2614 2595 divino
2649 2543 2854 2609 Spiritu
2900 2559 3041 2597 mens
3086 2543 3405 2595 illustratur.
3445 2539 3552 2594 Nos
3586 2557 3710 2596 vero

2137 2642 2462 2700 peccatorum
2515 2633 2626 2685 luto
2669 2635 3008 2699 inha'rentes,
3056 2650 3146 2702 per
3194 2633 3478 2687 ntediocres
3525 2648 3711 2685 sensus

2138 2724 2509 2793 ingrediemur.
2539 2726 2712 2793 Atque
2746 2725 2860 2778 haec
2895 2725 3210 2778 humilitatis
3243 2727 3565 2779 documenta
3599 2723 3711 2776 sint

2139 2815 2283 2870 satis.
2317 2815 2390 2870 De
2416 2817 2726 2885 passionum
2755 2832 2882 2869 vero
2907 2816 3313 2870 mortilicatione
3338 2817 3411 2870 uti
3441 2817 3710 2884 loqna'ur,

2143 2915 2351 2960 nonest
2387 2923 2522 2960 unus
2564 2907 2730 2960 locus.
2765 2904 2882 2960 Iluc
2923 2907 3126 2970 adesto,
3179 2908 3354 2976 inquit
3381 2907 3527 2958 hom.
3558 2908 3621 2958 de
3651 2921 3713 2958 eo

2137 2999 2225 3065 qui
2265 2998 2484 3050 habebat
2544 2998 2796 3067 legionem
2855 3001 3149 3052 daemonum
3190 2997 3400 3068 (homil.
3431 2997 3528 3066 Ix),
3555 3005 3714 3064 quot-

2136 3099 2258 3157 quot
2295 3099 2540 3158 tanquant
2572 3106 2604 3142 a
2634 3089 2952 3142 daemonibus
2983 3089 3059 3142 sic
3089 3106 3121 3142 a
3163 3089 3497 3158 passiouibus
3529 3099 3714 3156 tyran-

2139 3181 2254 3232 nica
2291 3182 2572 3246 premimur
2603 3180 2908 3241 dominatu;
2940 3189 2986 3232 et
3029 3179 3165 3231 hanc
3204 3179 3480 3232 historiam
3510 3178 3578 3229 ad
3614 3192 3712 3228 nos

2138 3271 2273 3337 ipsos
2301 3269 2745 3324 accommodemus
2775 3287 2793 3326 :
2823 3285 2933 3322 rere
2958 3270 3093 3322 enim
3123 3285 3153 3320 a
3184 3269 3383 3338 legione
3409 3268 3709 3319 dtrmonu-n

2135 3363 2447 3428 possidetur,
2479 3361 2566 3431 qui
2607 3371 2937 3430 peccatorum
2972 3361 3309 3414 multitudine
3351 3359 3626 3427 premitur,
3654 3365 3707 3410 et

2137 3463 2325 3508 caetera
2367 3453 2605 3522 lcgantur
2634 3452 2690 3507 in
2716 3453 2910 3522 quibus
2956 3453 3378 3521 uniuscujusque
3417 3449 3706 3519 passionis,

2137 3544 2434 3615 pnesertim
2463 3559 2588 3597 vero
2620 3543 2731 3606 irae,
2767 3544 3161 3597 deformitatem
3199 3543 3430 3596 maxime
3462 3539 3706 3608 depingit

2135 3649 2189 3691 et
2215 3638 2528 3691 detestatur.
2555 3635 2670 3688 Alia
2697 3636 2860 3688 etiam
2891 3635 3150 3688 virtutum
3181 3633 3404 3686 aliarum
3437 3632 3628 3686 indicia
3658 3631 3702 3684 si

2137 3745 2242 3784 non
2287 3743 2565 3796 expressa,
2611 3739 2757 3782 certe
2801 3727 3116 3780 adumbrata
3161 3725 3336 3793 quivis
3380 3723 3541 3776 etiam
3589 3723 3708 3776 sine

2137 3836 2252 3875 mea
2285 3821 2383 3873 hac
2424 3820 2826 3874 enumeratione
2861 3819 3273 3879 animadvertet,
3322 3832 3439 3886 quae
3486 3815 3703 3884 quidem

2136 3913 2202 3967 iis
2241 3911 2518 3978 praeditum
2555 3910 2717 3979 hujus
2751 3919 3025 3964 auctorem
3061 3910 3238 3978 operis
3275 3908 3532 3962 indicant.
3569 3906 3705 3960 illud

2137 4019 2263 4058 vero
2292 4004 2460 4058 solum
2490 4004 2555 4057 ad
2587 4004 2700 4057 haee
2730 4013 2912 4057 nostra
2947 4003 3297 4072 conjectanea
3333 4000 3700 4069 consignanda

2137 4096 2290 4148 nobis
2330 4095 2494 4157 deest,
2544 4110 2689 4149 mors
2732 4097 2852 4148 vitae
2896 4096 3260 4164 doctrinaeque
3305 4103 3700 4157 consentanea,

2139 4189 2204 4241 de
2232 4201 2335 4255 qua
2369 4187 2622 4253 quoniam
2659 4185 2710 4240 in
2750 4184 3057 4254 perturbata
3094 4185 3180 4238 illa
3217 4183 3402 4237 incidit
3439 4193 3702 4249 tempora,

2137 4279 2268 4332 certi
2304 4277 2571 4346 quidpiam
2607 4293 2670 4332 ex
2706 4277 2946 4331 historiis
2979 4277 3060 4331 vel
3097 4275 3471 4330 traditionibus
3505 4273 3704 4327 habere

2133 4383 2239 4420 non
2272 4367 2564 4435 potuimus.
2596 4367 2660 4421 Et
2689 4369 2812 4436 quid
2845 4368 3035 4421 mirum
3073 4367 3176 4422 hoc
3208 4366 3396 4420 deesse
3432 4366 3482 4419 in
3517 4376 3704 4418 nostro

2132 4458 2482 4526 Theophane,
2526 4475 2646 4514 cum
2697 4459 2811 4527 ejus
2859 4460 2980 4513 vitae
3028 4468 3352 4527 postremam
3403 4466 3610 4527 partem
3645 4467 3704 4509 et

2132 4562 2360 4606 mortem
2408 4553 2694 4606 obscurum
2745 4550 3016 4620 exceperit
3065 4552 3340 4613 saeculum,
3392 4557 3450 4601 ut
3490 4547 3598 4616 jam
3642 4548 3696 4599 in

2133 4643 2394 4711 prooemio
2423 4643 2488 4696 ad
2518 4644 2745 4698 lectores
2770 4642 3045 4707 admonui,
3075 4657 3181 4709 quo
3211 4640 3408 4695 smcnlo
3439 4653 3604 4708 usque
3628 4638 3698 4690 ad

2131 4731 2461 4786 Clementem
2497 4729 2538 4783 ll
2573 4742 2720 4799 pont.
2765 4732 2923 4784 etiam
2969 4739 3113 4800 gesta
3165 4728 3470 4798 pontiﬁcum
3517 4727 3566 4778 in
3597 4725 3701 4778 obo

2133 4839 2293 4878 scuro
2317 4823 2630 4892 incertoque
2655 4832 2800 4885 sunt,
2828 4837 2948 4876 eum
2981 4831 3292 4890 perpetuum
3325 4835 3428 4872 non
3465 4818 3700 4871 habeant

2133 4915 2474 4984 scriptorem,
2507 4924 2559 4968 et
2591 4913 2844 4980 majorem
2877 4927 3094 4966 suorum
3127 4912 3446 4978 scriptorum
3487 4917 3698 4977 partem

2133 5003 2432 5069 amiserint,
2459 5015 2697 5073 tempora
2721 5007 2853 5058 adeo
2877 5005 3106 5057 obscura
3130 5013 3181 5056 et
3209 5003 3410 5055 incerta
3443 4999 3698 5062 habeant,

2133 5109 2191 5153 ut
2225 5111 2396 5166 neque
2429 5113 2536 5166 quo
2576 5109 2836 5166 tempore,
2870 5111 3040 5164 neque
3073 5110 3180 5164 quo
3216 5093 3356 5157 loco,
3391 5106 3562 5161 neque
3593 5107 3700 5160 quo

2131 5192 2322 5245 ordine
2348 5192 2526 5256 aliqua
2557 5191 2919 5244 Romanorum
2953 5188 3262 5257 potititicum
3295 5187 3509 5240 nomina
3545 5199 3702 5253 repe-

2136 5283 2345 5336 riantur
2377 5283 2508 5337 satis
2553 5283 2754 5351 liqueat
2786 5300 2799 5336 :
2833 5281 2976 5351 quod
3023 5281 3265 5350 deplorat
3296 5277 3612 5333 Ciacconius
3645 5277 3698 5330 in

2143 5374 2276 5428 Vitis
2321 5375 2628 5442 pontificum
2689 5374 2938 5429 editionis
2995 5386 3277 5445 postremae
3326 5374 3377 5427 in
3429 5372 3546 5426 Vita
3599 5369 3698 5424 Ni-

2130 5465 2266 5520 colai
2296 5467 2335 5530 l,
2362 5467 2448 5532 qui
2475 5481 2538 5519 eo
2563 5475 2803 5536 tempore
2827 5464 3012 5522 Roma:
3041 5466 3179 5522 sedit
3205 5481 3312 5535 quo
3341 5463 3702 5533 Theophanes

2135 5566 2318 5612 noster
2357 5557 2585 5612 vivebat.
