4062 6214
332 205 437 268 Ili

1310 202 1715 284 ,FRANCISCI
1755 204 2021 267 SCORSI
2059 203 2494 268 PROOEMIUM
2531 204 2658 269 IIl.

1215 602 2002 718 PROOEMIUM
2090 601 2750 718 TERTIUM

1734 847 2208 914 ΕΙΣΑΓΩῘΊΚΟΝ,

322 1015 786 1080 CONTINENS
843 1016 947 1078 EA
1004 1013 1188 1090 QUAE
1228 1015 1338 1075 AD
1395 1012 1929 1076 SCRIPTIONEM
2008 1014 2399 1078 AUCTORIS
2440 1018 2546 1079 ET
2588 974 3117 1079 INTERPRETIS
3163 1017 3606 1081 SPECTANT.

1919 1176 1996 1188 α...

316 1312 351 1379 §
384 1308 424 1364 1.
466 1308 737 1363 Doctrina!
758 1308 998 1363 utilitas:
1020 1308 1288 1363 ntethodns
1313 1316 1359 1361 et
1386 1308 1659 1363 character
1681 1308 1912 1365 dicendi.

403 1399 460 1452 In
491 1399 687 1465 quavis
727 1399 973 1453 oratione
1014 1398 1122 1451 duo
1156 1400 1333 1451 inesse
1370 1407 1421 1451 et
1449 1399 1726 1451 observari
1765 1402 1923 1454 docet

310 1488 426 1574 μδ.
462 1487 602 1556 Περὶ
639 1487 751 1563 τῆς
784 1486 1105 1553 ποιητικῆς
1148 1489 1479 1548 ιῖτίειοηιτε,
1506 1490 1604 1559 τὴν
1638 1489 1903 1551 διάνοιαν,

327 1581 429 1630 καὶ
476 1580 537 1632 τὸ
567 1576 720 1650 ἦθος.
788 1580 848 1634 Et
879 1582 1090 1648 quidem
1119 1573 1249 1649 ἦθος
1278 1582 1346 1632 ita
1380 1580 1588 1643 definit,
1658 1583 1725 1634 Ὃ
1777 1582 1930 1652 δηλοῖ

323 1670 430 1739 τὴν
448 1671 773 1741 προαίρεσιν
800 1672 1054 1736 amicitia;
1087 1672 1143 1722 ὲν
1170 1663 1251 1734 οἷς
1277 1672 1377 1724 οὐκ
1399 1671 1514 1725 ἔστι
1543 1660 1700 1742 δῆῗον
1726 1673 1759 1744 ἢ
1791 1691 1924 1744 προ-

320 1763 595 1827 αιρεῖται,
619 1760 652 1830 ἢ
691 1758 883 1830 φεύγει
909 1763 935 1814 ὁ
961 1760 1155 1828 λέγων.
1190 1762 1389 1832 Διόπερ
1423 1763 1524 1816 οὐκ
1546 1764 1762 1832 ἔχουσιν
1784 1761 1919 1837 ἦθος

317 1850 461 1905 ἔνιοι
522 1851 633 1905 τῶν
694 1852 872 1920 λόγων
900 1869 913 1884 ’
959 1852 1075 1907 Mos
1105 1864 1201 1916 est,
1238 1854 1329 1922 qui
1352 1856 1584 1907 ostendit
1615 1856 1921 1912 electionem

322 1945 436 1996 sive
470 1944 723 2012 affectum
755 1944 924 1996 animi
952 1944 1124 2011 qualis
1153 1946 1241 2005 sit,
1268 1945 1322 1997 in
1362 1944 1430 1998 iis
1466 1944 1618 1999 rebus
1645 1946 1708 1999 de
1734 1948 1921 2015 quibus

323 2052 436 2088 non
477 2045 553 2088 est
600 2033 971 2104 manifestum,
1013 2051 1081 2087 an
1130 2052 1190 2088 ea
1240 2049 1610 2104 prosequatur,
1644 2052 1713 2089 an
1757 2037 1929 2108 fugin:

315 2133 418 2196 qui
462 2131 613 2185 dicit.
674 2128 826 2185 Unde
877 2132 1176 2201 aliquorum
1226 2134 1494 2187 orationes
1543 2144 1766 2189 morata:
1823 2153 1925 2191 non

320 2232 455 2275 sunt
488 2238 506 2287 ;
534 2222 782 2274 Ativotzv
824 2237 950 2275 tero
992 2222 1059 2275 ita
1092 2238 1105 2275 :
1159 2222 1247 2273 Ἐν
1288 2218 1372 2286 οἷς
1418 2224 1834 2279 ἀποδεικνύουσῖ
1873 2244 1928 2281 τι

319 2313 406 2377 ὡς
471 2314 649 2376 ἔστιν,
693 2315 836 2385 ἢὼς
891 2314 991 2368 οὐκ
1042 2314 1278 2385 ἔστιν,ἦ
1329 2318 1560 2370 καθόλου
1594 2336 1646 2370 τι
1685 2319 1925 2387 ἀπ’)φαί-

316 2420 565 2458 νονται·
610 2403 883 2459 Sententia
938 2422 1056 2459 rem
1106 2416 1217 2467 est,
1267 2407 1321 2460 in
1383 2406 1575 2477 quibus
1645 2410 1925 2462 ostendunt

325 2497 650 2566 quidpiam,
680 2498 817 2567 quod
841 2498 931 2563 sil,
966 2498 1047 2550 rei
1073 2514 1173 2550 non
1205 2498 1271 2551 si!
1295 2537 1309 2561 ,
1338 2498 1416 2552 vel
1448 2500 1687 2553 universe
1721 2500 1924 2571 aliquid

318 2588 626 2655 definiunt.
679 2588 809 2643 Cum
866 2590 1034 2660 igitur
1094 2590 1376 2657 superiore
1420 2589 1692 2645 Prommio
1743 2607 1924 2645 mores

322 2680 571 2735 dicentis
618 2696 681 2734 ex
753 2679 1038 2748 ipsiusmct
1096 2680 1341 2732 oratione
1403 2680 1660 2748 expiscati
1712 2681 1922 2746 simus,

330 2781 773 2825 Consentaneum
814 2777 931 2837 est,
969 2779 1031 2824 ut
1080 2772 1182 2825 hoc
1226 2771 1528 2840 praesertim
1580 2773 1921 2842 paragrapho

314 2865 459 2934 quid
508 2866 621 2932 ipse
652 2865 884 2927 sentiat,
917 2864 1019 2917 hoc
1050 2872 1133 2918 est
1174 2864 1473 2917 doctrinam
1494 2902 1510 2928 ,
1540 2863 1769 2933 quadam
1793 2878 1923 2933 syn-

319 2959 450 3023 opsi
517 2970 908 3025 proponamus.
944 2954 1023 3009 Ac
1072 2955 1307 3023 primum
1342 2955 1557 3022 quidem
1595 2954 1720 3008 illud
1753 2970 1918 3023 gene-

320 3048 499 3102 ratim
555 3048 778 3110 dicam,
813 3046 930 3115 ejus
966 3047 1267 3100 doctrinam
1326 3058 1487 3113 atque
1530 3047 1830 3100 sententias
1860 3056 1916 3102 ut

324 3140 393 3192 in
450 3138 703 3207 plurimis
751 3154 875 3192 cum
936 3147 1177 3190 veterum
1228 3136 1446 3191 [’atrum
1498 3147 1919 3207 sanctorumque

322 3228 505 3281 dictis
556 3228 915 3296 Sensibusqne
966 3242 1302 3296 congruere;
1336 3241 1540 3294 eosque
1582 3227 1697 3297 ipse
1740 3243 1798 3283 se
1828 3243 1918 3283 se-

330 3319 478 3373 ctari
521 3321 849 3389 profitetur;
878 3331 930 3374 et
966 3321 1287 3389 quandoque
1318 3321 1532 3390 quidem
1574 3322 1794 3391 proprio
1826 3337 1920 3376 eos

320 3410 569 3477 appellat
612 3414 851 3472 nomine,
873 3411 1161 3480 aliquando
1182 3412 1916 3472 describitantonomastice:

319 3502 469 3554 duos
518 3502 570 3555 in
625 3503 816 3571 primis
861 3501 1198 3573 Grcgorios.
1251 3503 1649 3558 Naziarzennm
1701 3513 1753 3557 et
1787 3504 1920 3573 Nys-

324 3608 528 3645 semtnt
553 3632 567 3655 ,
604 3604 713 3647 tum
747 3592 1027 3665 Cyrillum,
1050 3594 1327 3659 Basilium,
1356 3594 1414 3648 S.
1451 3593 1740 3648 Maximum
1774 3611 1920 3648 mar-

330 3695 554 3753 tyrem;
612 3700 843 3753 quorum
898 3703 1005 3739 non
1075 3688 1232 3741 nodo
1278 3686 1634 3756 Theophanes
1684 3688 1919 3741 auctori-

334 3774 545 3826 tatibus
595 3775 787 3837 utitur,
820 3774 915 3829 sed
958 3791 1148 3829 versus
1181 3778 1345 3830 etiam
1396 3786 1448 3830 et
1487 3776 1634 3831 locos
1680 3777 1921 3846 integros

326 3860 619 3927 decerpit;
666 3864 810 3931 quod
862 3871 916 3915 et
967 3862 1305 3932 antiquiores
1358 3864 1473 3929 ipso
1519 3865 1834 3935 scriptores,
1866 3877 1922 3921 et

323 3955 666 4020 posteriores
724 3952 1005 4007 factitasse
1034 3954 1418 4022 comperimus.
1461 3955 1520 4009 S.
1556 3954 1921 4013 Damascenus

331 4041 394 4095 in
429 4043 584 4096 liltris
642 4042 716 4097 De
765 4045 1062 4097 orthodoxa
1096 4046 1240 4113 fide,
1287 4055 1341 4100 ct
1392 4048 1614 4117 reliquis
1639 4086 1654 4110 ,
1698 4049 1863 4103 multa
1891 4065 1922 4105 a

332 4130 565 4197 Basilio,
605 4134 874 4205 Gregorio
920 4136 1265 4191 Nazianzeno
1309 4139 1539 4209 aliisque
1566 4141 1805 4209 ejusdem
1833 4157 1918 4196 or-

332 4225 481 4279 dinis
541 4225 794 4280 Patriltus
837 4228 1066 4283 libenter
1120 4240 1413 4297 corrogat,
1461 4239 1622 4299 atque
1680 4233 1922 4301 integros

345 4331 492 4384 sa‘pe
550 4328 729 4371 textus
792 4327 845 4373 et
901 4329 1041 4375 totas
1090 4321 1253 4375 etiam
1307 4323 1554 4391 periodos
1619 4333 1919 4379 mutuatur.

325 4411 470 4477 Quid
512 4414 579 4466 de
603 4412 1026 4485 Theophylacto,
1059 4414 1371 4488 Euthymiu,
1400 4418 1737 4474 OEcumenio
1766 4421 1919 4474 dixe-

329 4505 457 4569 rim,
504 4506 595 4573 qui
633 4504 692 4559 S.
728 4505 1101 4578 Chrysostomi
1158 4523 1262 4562 non
1312 4511 1471 4562 modo
1502 4518 1559 4563 ut
1594 4519 1918 4573 sectatores,

341 4598 438 4650 sed
470 4597 640 4650 etiam
691 4599 1075 4664 enitotnatores
1105 4600 1220 4653 noti
1255 4611 1417 4667 sunt;
1464 4616 1692 4670 quorum
1740 4611 1917 4657 tamen

334 4687 389 4741 iu
420 4688 478 4742 S.
516 4686 860 4758 Scripturam
890 4692 1280 4747 commentaria
1326 4695 1378 4746 in
1413 4697 1586 4762 pretio
1633 4695 1916 4751 habentur.

331 4778 571 4833 Sanctus
602 4781 945 4845 Ambrosius,
982 4792 1034 4836 Ill
1072 4783 1139 4838 de
1184 4781 1393 4837 Latinis
1439 4785 1645 4854 aliquid
1681 4796 1918 4868 tangam,

334 4878 399 4919 ut
444 4879 637 4922 auctor
683 4880 768 4924 est
804 4870 994 4925 Sixtus
1025 4869 1282 4925 Senensis
1307 4910 1322 4932 ,
1353 4886 1516 4938 Opera
1564 4888 1660 4926 sua
1700 4890 1766 4927 ex
1797 4874 1920 4929 Ori-

334 4974 510 5029 gene.
546 4959 752 5015 Basilio
795 4961 1026 5030 aliisque
1061 4960 1268 5016 Graecis
1296 4961 1552 5017 Patribus
1586 4964 1918 5032 compilavit.

335 5051 682 5108 Venerabilis
712 5055 855 5109 Beda
903 5069 969 5109 ex
1024 5052 1083 5108 S.
1114 5054 1398 5123 Augustini
1447 5055 1604 5110 dictis
1649 5055 1811 5110 etiam
1858 5057 1923 5111 li—

339 5144 472 5197 bros
524 5143 794 5213 implevit.
832 5146 1010 5212 Atque
1039 5144 1092 5198 Ιιί
1125 5145 1339 5212 quidem
1387 5146 1706 5213 posterioris
1736 5147 1917 5202 saeculi

333 5230 531 5288 Patres
581 5234 827 5304 priorum
871 5236 1175 5289 imitatores
1214 5235 1315 5290 hoc
1357 5235 1474 5304 ipso
1507 5238 1648 5307 quod
1684 5248 1917 5293 veterem

345 5325 657 5377 doctrinam
695 5325 974 5379 subsecuti
1021 5333 1169 5390 sunt,
1192 5325 1316 5394 jure
1350 5326 1662 5395 laudantur;
1712 5344 1835 5382 nam
1865 5339 1920 5383 et

346 5415 457 5470 illis
505 5416 858 5472 subscribere
887 5418 990 5486 ipsi
1020 5417 1119 5472 visi
1155 5428 1282 5472 sunt
1307 5458 1323 5481 ,
1370 5428 1425 5473 et
1455 5418 1695 5489 pluribus
1723 5418 1918 5475 sum-a-

340 5507 444 5579 giis
477 5509 785 5564 doctrinam
819 5509 1144 5565 catholicam
1189 5511 1509 5580 approbare.
1541 5512 1660 5579 Quo
1699 5513 1919 5570 nomine

342 5610 397 5653 et
432 5600 650 5669 quidem
684 5601 884 5657 merito
913 5600 1073 5658 etiam
1098 5599 1482 5673 Theophanem
1506 5613 1748 5659 nostrum
1780 5604 1919 5662 inter

2014 1324 2107 1365 eos
2136 1308 2322 1366 Patres
2363 1309 2499 1365 noni
2524 1309 2712 1364 saeculi
2741 1321 3059 1364 annmnerat
3096 1308 3413 1363 Dominicus
3444 1309 3590 1363 Gra-

2020 1404 2143 1456 vina
2174 1411 2307 1457 tom.
2327 1402 2396 1458 Ill
2420 1400 2821 1457 Catholicarum
2847 1400 3326 1469 Prwscriptionum
3357 1400 3608 1454 adversus

2024 1497 2192 1549 nostri
2222 1496 2468 1565 temporis
2497 1496 2791 1558 haereticos,
2829 1510 2887 1563 p.
2922 1495 2975 1555 l,
3006 1495 3096 1564 qui
3129 1509 3194 1548 ea:
3228 1510 3360 1548 auro
3394 1506 3609 1562 προεξο-

2028 1584 2250 1637 Iicorum
2284 1583 2507 1638 Patrum
2555 1594 2705 1637 scuta
2738 1599 2903 1636 aurea
2943 1583 3274 1648 fabricarum
3306 1591 3355 1636 ct
3399 1586 3451 1636 in
3481 1592 3611 1636 tent-

2028 1677 2172 1744 pium
2213 1677 2423 1731 Domini
2459 1676 2781 1738 intulerant,
2815 1684 2874 1728 ut
2918 1676 2971 1727 in
3010 1690 3071 1729 ea
3105 1676 3249 1728 mille
3281 1676 3450 1745 clynei
3479 1692 3609 1745 pen-

2029 1770 2209 1823 derent
2236 1811 2251 1835 ,
2300 1771 2471 1823 omnis
2503 1776 2780 1822 armatura
2829 1767 3071 1837 fortium.
3107 1767 3213 1821 Sed
3251 1779 3309 1821 nt
3353 1768 3527 1837 aliqua
3557 1768 3609 1820 in

2037 1874 2247 1911 sunnna
2286 1858 2675 1928 perstringam,
2727 1857 2867 1912 nulla
2920 1858 3032 1913 fere
3084 1868 3165 1913 est
3200 1875 3266 1913 ex
3322 1860 3604 1913 duodecim

2037 1949 2144 2004 illis
2195 1949 2478 2004 catholicis
2525 1948 2884 2013 veritatibus,
2934 1964 3071 2019 quas
3122 1952 3379 2004 adversus
3430 1948 3610 2004 Calvi-

2040 2041 2209 2095 nistas
2240 2057 2304 2095 ex
2354 2041 2637 2111 Scriptura
2670 2048 2725 2094 et
2777 2037 2878 2094 SS.
2927 2040 3219 2105 Patribus,
3270 2050 3324 2094 et
3374 2041 3611 2108 antiquis

2042 2132 2404 2201 scriptoribus
2435 2134 2718 2185 conllrmat
2745 2129 3078 2190 Gualterius,
3105 2130 3380 2184 soeietatis
3409 2140 3613 2184 nostrze

2040 2225 2277 2293 scriptor
2308 2222 2727 2287 eruditissimus,
2764 2221 2818 2275 in
2853 2237 2946 2277 sua
2975 2221 3355 2291 Chronologia,
3380 2236 3608 2289 quorum

2035 2312 2346 2367 testimonia
2380 2311 2448 2367 ab
2479 2312 2584 2366 hoc
2624 2309 2959 2381 TheOphane
2991 2311 3100 2379 peti
3148 2326 3252 2365 non
3287 2311 3526 2378 possint,
3558 2316 3615 2363 et

2035 2404 2089 2456 in
2142 2419 2299 2458 suum
2343 2405 2601 2459 saeculum
2635 2402 2855 2471 conjici.
2902 2400 2980 2458 De
3032 2412 3377 2467 sacrosancto
3433 2402 3611 2456 missa

2044 2494 2312 2547 sacrificio
2332 2534 2345 2557 ,
2380 2495 2447 2548 de
2473 2494 2678 2548 honore
2708 2503 2761 2548 et
2795 2494 3137 2547 invocatione
3167 2502 3478 2545 sanctorum
3500 2530 3516 2555 ,
3543 2492 3612 2544 de

2038 2584 2359 2638 adoratione
2386 2584 2683 2654 imaginum
2706 2625 2722 2647 ,
2754 2599 2817 2637 ac
2857 2584 3131 2653 prrecipue
3174 2594 3376 2637 sanctae
3408 2582 3610 2643 crucis,

2030 2676 2099 2729 de
2124 2676 2299 2730 libero
2322 2677 2577 2735 arbitrio.
2603 2678 2668 2729 de
2711 2676 2816 2730 [ide
2849 2688 2970 2728 eum
3017 2675 3173 2728 bonis
3196 2674 3453 2744 operibus
3482 2687 3614 2726 con-

2023 2766 2400 2838 jttttgenda,tle
2417 2767 2607 2821 iisdem
2632 2767 2909 2837 operibus,
2940 2782 3061 2836 qute
3090 2766 3262 2835 gratia
3280 2766 3456 2819 divina
3477 2767 3609 2821 sub-

2032 2859 2157 2913 nixa
2208 2860 2376 2913 vitam
2424 2868 2802 2929 promerentur
2847 2866 3105 2913 retentam
3132 2898 3147 2923 ,
3177 2858 3242 2911 de
3269 2856 3478 2927 jejunio
3512 2872 3605 2913 ec-

2026 2952 2358 3018 clesiastico,
2403 2952 2704 3022 praesertim
2750 2951 2809 3006 S.
2841 2950 3301 3020 Quadragesimaa,
3335 2952 3400 3005 de
3429 2951 3610 3020 poeni-

2027 3046 2209 3100 tentia:
2230 3054 2596 3107 sacramento,
2612 3053 2666 3098 et
2687 3041 3030 3099 confessione
3051 3040 3336 3096 auriculari
3360 3081 3375 3103 ,
3407 3041 3472 3096 de
3492 3040 3613 3094 Pri-

2024 3145 2168 3189 mam
2193 3135 2408 3190 S.Petri
2430 3144 2483 3190 et
2504 3135 2761 3188 Romanae
2782 3132 3056 3194 Ecclesiae.
3076 3133 3139 3186 de
3155 3131 3400 3200 ejusdem
3424 3143 3613 3186 aucto.

2023 3228 2186 3282 ritate
2231 3229 2283 3283 in
2331 3229 2444 3285 suis
2474 3228 2864 3291 decisionibus,
2896 3229 2962 3280 tle
3004 3226 3109 3289 his,
3139 3227 3375 3292 inquam,
3417 3226 3469 3278 in
3502 3225 3605 3279 hoc.

2020 3334 2187 3389 opere
2213 3320 2300 3372 vel
2356 3323 2596 3387 integras
2644 3318 2895 3373 homilias
2925 3318 3091 3373 habes
3116 3356 3131 3379 ,
3177 3327 3234 3369 nt
3264 3319 3327 3370 de
3354 3316 3408 3371 S.
3439 3316 3611 3371 Crura

2025 3412 2247 3483 (homil.
2303 3413 2402 3481 tv),
2456 3421 2514 3466 et
2574 3409 2679 3466 SS.
2734 3410 3060 3480 Imaginibus
3110 3410 3320 3478 (ltomiI.
3360 3411 3477 3480 xx),
3526 3416 3610 3469 vel

2022 3504 2247 3558 illustria
2276 3506 2392 3559 loca
2426 3520 2525 3574 pro
2553 3520 2611 3558 re
2647 3516 2808 3570 nata;
2840 3504 3176 3573 plurimaque
3208 3504 3274 3558 de
3304 3515 3602 3573 postremo,

2022 3594 2277 3647 nimirum
2310 3595 2377 3648 de
2410 3595 2644 3663 primatu
2676 3594 2735 3648 S.
2767 3593 2934 3655 Petri,
2984 3609 3047 3647 ac
3092 3596 3394 3660 prtesertim
3426 3594 3602 3647 homi-

2020 3684 2147 3738 liam
2188 3688 2253 3740 de
2298 3682 2396 3740 SS.
2435 3685 2593 3739 Petro
2634 3697 2677 3738 et
2705 3685 2876 3739 Paulo
2941 3686 3152 3753 (homil.
3189 3685 3307 3754 ιν),
3341 3699 3460 3752 qua:
3511 3698 3610 3738 nos

2021 3775 2330 3828 testimonia
2391 3775 2503 3830 suis
2549 3775 2682 3830 locis
2736 3774 2920 3828 omnia
2979 3775 3334 3828 observamus
3383 3784 3439 3827 et
3483 3772 3605 3826 illu-

2020 3878 2279 3922 stramus.
2316 3867 2578 3922 Praeterea
2612 3866 2867 3921 adversus
2914 3866 3253 3936 antiquiores
3296 3864 3605 3918 hmreticos.

2019 3958 2226 4020 Arium,
2258 3957 2649 4022 Macedoniam,
2679 3956 3027 4019 Eunomium,
3070 3956 3405 4021 Nestorium,
3434 3955 3606 4027 Euty-

2018 4050 2230 4104 chctem
2258 4049 2481 4118 ejusque
2507 4058 2806 4102 sectatores
2825 4047 3146 4115 Accphalos,
3176 4057 3230 4101 et
3278 4047 3564 4102 Armenios
3588 4067 3603 4108 ;

2020 4140 2323 4211 pratsertim
2390 4154 2520 4194 vero
2574 4139 2838 4193 adversus
2891 4138 3277 4208 impiissimum
3327 4136 3601 4193 Iulianum

2029 4233 2345 4304 Apostatarn
2399 4233 2561 4287 etiam
2639 4232 2961 4286 nominatim
3015 4246 3158 4301 saepe
3221 4232 3500 4287 invehitur
3549 4243 3601 4285 ct

2035 4326 2180 4380 acuit
2212 4324 2430 4395 stylnm,
2460 4337 2757 4392 eorumque
2786 4321 3027 4377 confodit
3060 4337 3297 4384 errores,
3323 4332 3378 4378 et
3405 4323 3611 4378 doctri-

2033 4431 2157 4469 nam
2190 4414 2518 4469 catholicam
2563 4420 2894 4469 contutatur.
2945 4413 3096 4479 Quod
3146 4424 3325 4469 autem
3369 4416 3433 4468 ad
3468 4415 3605 4471 duos

2027 4506 2336 4561 Graecorum
2409 4520 2622 4562 errores
2674 4506 2786 4577 jam
2867 4506 2918 4560 in
2993 4507 3229 4561 concilio
3292 4507 3606 4563 Florentino

2028 4599 2310 4653 damnatos
2356 4598 2424 4653 de
2475 4599 2821 4667 processione
2870 4597 3104 4666 Spiritus
3149 4599 3317 4653 sancti
3365 4615 3394 4652 a
3443 4599 3605 4653 Patre

2026 4699 2080 4743 et
2110 4689 2267 4754 Filio,
2311 4698 2366 4744 et
2397 4690 2465 4744 de
2498 4692 2800 4743 animorum
2835 4700 2958 4743 ante
2986 4691 3128 4752 diem
3150 4690 3339 4759 jndlcii
3367 4690 3595 4745 beatitu-

2030 4780 2179 4845 dine,
2216 4781 2346 4835 nihil
2392 4793 2475 4836 est
2523 4781 2575 4835 in
2624 4780 2711 4834 his
2762 4779 2998 4833 homilits
3056 4779 3401 4847 Theophanis
3459 4784 3601 4848 quod

2031 4874 2150 4928 illos
2192 4874 2480 4929 manifeste
2509 4874 2823 4936 contineat,
2856 4887 3029 4941 neque
3071 4872 3211 4939 quod
3264 4872 3329 4925 ad
3374 4873 3603 4930 tuendos

2028 4979 2244 5018 errores
2282 4964 2400 5018 illos
2423 4964 2614 5019 deduci
2649 4974 2835 5032 aperte
2877 4962 3083 5031 possit:
3115 4963 3245 5032 quin
3283 4964 3444 5019 etiam
3475 4977 3605 5021 sunt

2030 5056 2171 5109 dicta
2208 5055 2466 5108 nonnulla
2501 5070 2566 5109 ex
2605 5054 2799 5109 auibus
2841 5051 3105 5107 catholica
3129 5054 3376 5124 dogmata
3405 5055 3606 5110 conﬁr-

2031 5146 2166 5200 mari
2204 5147 2443 5214 possint,
2478 5145 2622 5214 quod
2667 5160 2768 5199 nos
2812 5142 3029 5212 longius
3083 5145 3514 5200 demonstremus
3548 5147 3601 5200 in

2032 5239 2176 5293 notis
2200 5238 2266 5293 ad
2295 5238 2384 5291 illa
2417 5238 2535 5292 loca
2586 5237 2639 5291 in
2685 5237 2882 5304 quibus
2931 5236 3145 5304 aliquod
3176 5238 3321 5291 circa
3360 5238 3473 5290 Ita-c
3506 5240 3604 5289 du-

2038 5331 2181 5384 hium
2208 5347 2276 5385 ex
2326 5331 2486 5385 modo
2530 5329 2779 5397 loquendi
2829 5328 3175 5398 Theophanis
3203 5343 3300 5397 pro
3325 5327 3431 5382 illis
3462 5336 3602 5384 tem-

2028 5422 2285 5491 poribus,
2325 5422 2521 5488 quibus
2568 5420 2746 5475 adhuc
2799 5422 3015 5476 deﬁnita
3064 5430 3118 5475 et
3166 5420 3431 5489 explicata
3490 5434 3603 5478 non

2027 5523 2203 5578 erant,
2227 5512 2393 5581 possit
2412 5528 2719 5567 occurrere.
2753 5513 2867 5569 Jam
2895 5513 3036 5583 quod
3065 5511 3130 5566 ad
3151 5512 3385 5580 privatos
3406 5527 3598 5568 sensus

2029 5607 2083 5660 in
2136 5604 2457 5674 cxltlicando
2488 5603 2782 5677 Evangelia
2820 5613 3067 5675 spectat,
3101 5611 3228 5658 sunt
3275 5601 3347 5656 illi
3376 5603 3593 5674 quidem
