4062 6214
454 290 559 356 119

453 421 561 460 non
589 420 717 461 raro
759 404 1053 472 litterales,
1100 407 1191 461 sed
1244 410 1563 478 plerumque
1608 412 1844 481 mystici,
1893 410 2018 462 alle-

454 498 660 564 ποι·ίεί,
714 496 1065 567 tropologici,
1118 500 1400 569 anagogici
1438 516 1468 555 a
1520 502 1698 558 verbis
1744 504 2021 573 Evangelii

453 597 756 647 eruuntur,
808 600 948 654 quos
996 588 1061 641 ad
1111 589 1479 645 informandos
1535 593 1872 660 p0tissimum
1924 593 2024 661 piis

460 678 701 733 moribus
727 686 781 731 et
806 675 1115 733 Christiana
1145 680 1474 748 perfectione
1509 683 1782 738 auditores
1812 698 2025 737 accom-

459 769 662 822 modat.
717 767 893 823 Erunt
942 770 1105 839 igitur
1142 771 1193 826 hi
1239 781 1293 827 et
1335 774 1507 828 sacris
1554 776 2024 829 concionatoribus

451 858 630 924 utiles,
665 874 803 928 quos
835 860 1061 916 εαξη-ειη
1092 866 1157 916 ad
1192 864 1466 933 populum,
1505 874 1557 917 et
1586 866 1805 934 privatae
1830 866 2024 935 cuique

451 951 720 1019 spirituali
750 952 943 1007 animae
974 956 1187 1009 utilitati
1224 958 1637 1012 accommodati.
1671 957 1727 1012 Si
1763 960 1853 1027 qui
1891 972 2021 1013 vero

453 1042 567 1111 (qui
601 1043 817 1111 quidem
855 1046 1139 1100 admodum
1171 1048 1321 1116 pauci
1354 1052 1502 1119 sunt)
1536 1050 1836 1119 singulares
1865 1051 2022 1119 hujus

455 1138 697 1191 auctoris
732 1153 925 1192 sensus
952 1139 1251 1195 admirandi
1302 1144 1477 1209 potius
1509 1158 1668 1211 quam
1702 1144 2019 1213 recipiendi,

450 1232 585 1285 etin
644 1230 915 1300 publicum
970 1249 1073 1286 non
1126 1234 1395 1289 referendi
1450 1236 1751 1303 videantur,
1802 1254 1831 1292 a
1868 1239 2023 1292 nobis

453 1322 506 1375 in
562 1323 705 1377 notis
759 1323 1283 1390 animadvertuntur,
1338 1336 1395 1380 ut
1444 1344 1511 1382 ne
1563 1337 1764 1385 temere
1809 1339 1861 1385 et
1908 1330 2023 1384 sine

452 1413 661 1468 delectu
696 1414 760 1467 iis
793 1416 1060 1484 quispiam
1099 1426 1302 1470 utatur.
1339 1416 1703 1474 Concionandi
1738 1421 2022 1476 methodus

452 1504 571 1558 haec
601 1514 683 1558 est
712 1504 783 1557 illi
820 1498 1485 1576 fatriiliarisiprommium
1524 1510 1686 1566 breve
1716 1514 2017 1581 praemittit,

448 1598 675 1663 petitu‘m
708 1598 791 1652 vel
827 1598 895 1651 ab
928 1598 1044 1667 ipso
1076 1613 1394 1670 argumento
1434 1614 1489 1659 et
1516 1607 1821 1675 evangelica
1850 1608 2022 1662 histo-

452 1688 567 1743 ria:
603 1688 681 1743 vel
717 1688 861 1759 quod
897 1704 1005 1744 non
1046 1707 1188 1753 raro.
1220 1710 1247 1746 a
1278 1692 1417 1759 loco,
1454 1704 1713 1764 tempore,
1746 1700 2027 1753 eventibus

450 1780 1041 1852 circumstantibusque
1091 1786 1290 1852 rebus;
1346 1798 1400 1841 et
1449 1804 1616 1857 usque
1662 1791 1795 1843 adeo
1841 1800 1923 1843 est
1953 1790 2027 1843 illi

451 1871 749 1940 legitimum
801 1874 877 1927 uti
918 1877 1181 1944 prommio
1209 1916 1224 1941 ,
1272 1888 1330 1932 ut
1379 1879 1431 1933 in
1480 1880 1697 1935 homilia
1731 1882 1795 1935 de
1841 1880 2030 1936 Sama-

456 1964 641 2019 ritana
695 1965 907 2036 (hetnil.
963 1974 1232 2037 xxxviii),
1281 1986 1402 2023 cum
1466 1985 1659 2039 praeter
1708 1989 1910 2028 morem
1961 1975 2028 2029 ab

460 2056 578 2124 ipsa
610 2071 667 2110 re
695 2064 750 2109 ct
778 2056 1003 2111 historia
1040 2058 1200 2113 vellet
1245 2060 1449 2126 ordiri,
1497 2074 1833 2132 przeoccupet
1876 2063 2028 2117 audi-

457 2158 636 2200 torum
688 2148 1147 2215 exspectationem
1201 2158 1254 2204 et
1315 2152 1762 2223 ἀπροοιμιάστως
1814 2165 2029 2209 moneat

452 2238 558 2293 sibi
595 2239 985 2308 incipiendum.
1028 2240 1230 2296 Deinde
1262 2243 1504 2299 recitatis
1546 2236 1805 2314 evangelii
1846 2260 1912 2299 eo
1943 2245 2030 2300 die

454 2332 692 2402 praelecti
746 2333 936 2402 primis
962 2335 1143 2389 verbis
1162 2373 1178 2399 ,
1211 2350 1372 2404 quam
1400 2350 1520 2390 cum
1564 2336 1726 2392 rebus
1756 2353 1784 2390 a
1814 2337 2031 2391 Christo

452 2434 582 2478 ante
624 2425 790 2493 gestis
817 2436 873 2480 et
923 2428 1192 2481 enarratis
1241 2429 1308 2483 ab
1339 2428 1684 2500 evangelistis
1725 2444 1788 2484 ea
1838 2444 2034 2485 conse-

452 2516 729 2571 cutionem
760 2499 1000 2573 habeant
1024 2558 1040 2583 ,
1074 2520 1260 2588 utique
1292 2499 1640 2587 cohaereant,
1674 2523 1830 2591 quasi
1858 2523 2031 2578 altero

455 2607 718 2673 exordio,
748 2609 830 2663 vel
860 2610 1037 2679 potius
1065 2612 1402 2681 expositione
1445 2614 1754 2669 summatim
1798 2629 1940 2684 saepe
1964 2615 2033 2671 ob

453 2700 645 2757 oculos
668 2704 819 2771 ponit
847 2720 865 2769 ;
898 2711 1011 2758 tum
1046 2704 1111 2757 ad
1149 2704 1264 2772 ipsa
1290 2704 1455 2760 verba
1502 2707 1833 2763 enucleanda
1878 2722 2032 2764 acce-

452 2792 568 2858 dit,
614 2793 846 2861 quibus,
884 2806 943 2848 ut
986 2796 1137 2861 dixi,
1190 2796 1415 2851 litterali
1464 2808 1519 2853 et
1566 2799 1822 2855 historico
1870 2814 2029 2855 sensu

464 2884 732 2953 explicato
761 2887 995 2941 libenter
1025 2888 1089 2942 ad
1126 2888 1382 2958 mysticos
1411 2898 1464 2944 et
1490 2891 1721 2945 morales
1748 2891 2025 2957 dilabitur,

456 2989 661 3044 eosque
688 2985 743 3031 et
790 2976 843 3029 in
875 2976 994 3044 ipso
1026 2977 1256 3032 decursu
1302 2979 1571 3033 sermonis
1605 2981 1940 3050 perspergit,
1974 2991 2030 3037 et

456 3067 763 3134 prmsertim
803 3067 858 3122 in
902 3069 1208 3136 perorando
1259 3078 1424 3124 totam
1471 3069 1753 3126 historiam
1795 3087 2030 3144 evange-

456 3159 619 3213 licam
657 3173 753 3213 seu
802 3158 969 3214 vitam
1006 3160 1151 3215 illius
1196 3163 1373 3217 sancti
1427 3164 1577 3230 cujus
1610 3162 1749 3219 festo
1775 3164 1861 3219 die
1889 3165 2034 3219 dicta

455 3250 705 3315 homilia,
746 3252 934 3322 paucis
963 3254 1087 3308 item
1122 3255 1469 3323 perstrictum
1503 3256 1571 3311 ad
1598 3257 1907 3328 allegoriam
1938 3272 2033 3313 seu

459 3344 816 3415 tropologiam
866 3345 1142 3401 subtiliter
1190 3362 1295 3401 non
1329 3348 1512 3404 minus
1535 3365 1696 3418 quam
1728 3349 1950 3416 utiliter,
1981 3359 2039 3405 et

458 3436 741 3506 pie‘juxta
795 3447 961 3508 atque
1008 3438 1288 3508 ingeniose
1338 3442 1637 3497 transfert:
1671 3441 1723 3497 in
1755 3457 1863 3512 quo
1907 3443 2041 3497 nihil

462 3527 608 3583 aliud
637 3531 973 3599 propositum
1004 3530 1204 3595 habet,
1235 3546 1397 3600 quam
1437 3534 1629 3601 juvare
1656 3544 1711 3590 et
1756 3535 2043 3590 instituere

465 3635 686 3675 suorum
741 3624 1051 3678 auditorum
1095 3624 1328 3681 animos.
1381 3626 1534 3692 Quod
1586 3629 1703 3698 ejus
1751 3631 2041 3686 consilium

463 3711 651 3767 minus
705 3714 1077 3771 consideranti
1128 3716 1322 3772 lectori
1376 3719 1558 3789 aliqua
1606 3720 1838 3777 fortasse
1889 3723 2046 3793 longe

460 3804 665 3870 petita,
713 3815 768 3858 et
820 3821 925 3860 non
962 3816 1072 3860 tam
1106 3819 1422 3865 emunctum
1460 3812 1721 3867 doctrinae
1762 3814 1847 3868 lac
1883 3830 2044 3883 quam

459 3896 685 3966 sanguis
721 3895 936 3953 elicitus
983 3898 1158 3954 videri
1207 3903 1428 3970 poterit.
1477 3901 1831 3975 Etymologiaa
1863 3906 2047 3961 itidem

459 3999 513 4043 et
539 3989 961 4060 supputationes
989 4008 1343 4049 numerorum
1374 3995 1602 4053 subtiles
1628 3997 1853 4053 nimium
1877 4039 1892 4063 ,
1926 4014 2054 4055 sen-

465 4097 637 4150 saqne
690 4083 861 4138 abiis
906 4085 956 4138 vi
1010 4094 1200 4139 exorta
1254 4088 1432 4156 potius
1487 4097 1541 4143 et
1590 4092 1837 4158 precario
1885 4094 2053 4160 petita

460 4187 622 4239 quam
675 4184 868 4243 sponte
920 4186 1045 4228 nata
1088 4179 1349 4231 censebit.
1404 4178 1512 4233 Sed
1567 4180 1831 4247 ejusmodi
1878 4182 2045 4238 multa

463 4275 682 4329 quoque
714 4261 767 4315 in
804 4261 926 4317 aliis
952 4260 1203 4320 Patribus
1253 4274 1364 4320 tum
1409 4266 1645 4333 Graecis,
1682 4280 1794 4326 tum
1836 4270 2045 4328 Latinis

464 4352 889 4421 deprehenderit
923 4356 1014 4423 qui
1044 4357 1271 4426 legerit;
1319 4374 1439 4429 quae
1465 4377 1595 4417 sane
1626 4377 1731 4418 non
1775 4380 1895 4419 cum
1933 4378 2045 4421 sto-

467 4444 664 4498 macho
699 4445 1017 4514 rejicicnda,
1049 4450 1145 4502 sed
1176 4465 1295 4504 cum
1344 4466 1409 4506 eo
1443 4454 1657 4521 pietatis
1690 4471 1852 4511 sensu
1904 4458 2046 4512 reci-

467 4535 662 4603 pienda
725 4552 852 4591 cum
898 4553 1005 4607 quo
1053 4540 1233 4605 dicta,
1286 4552 1342 4597 et
1391 4546 1467 4598 uti
1524 4561 1553 4599 a
1615 4548 1700 4615 pia
1756 4559 1935 4604 mente
1981 4565 2046 4605 ac

379 4650 390 4655 -
449 4619 691 4695 pectore
756 4630 967 4683 ca'lesti
1007 4632 1285 4701 sapientia:
1316 4634 1520 4690 imbuto
1550 4637 1789 4707 profecta
1815 4679 1830 4704 ,
1881 4655 2044 4697 vene-

473 4722 647 4775 randa
685 4730 831 4777 sunt.
875 4721 1071 4797 Neque.
1104 4739 1233 4779 vero
1275 4726 1502 4795 sapienti
1556 4744 1618 4784 ac
1658 4730 1806 4799 justo
1865 4747 2045 4787 rerum

472 4813 814 4878 cstimatori,
853 4829 974 4883 qua:
1008 4818 1075 4868 ab
1109 4817 1346 4887 antiquis
1379 4818 1631 4874 Patribus
1664 4821 1857 4876 tradita
1900 4833 2045 4887 sunt,

479 4918 607 4956 cum
646 4907 884 4961 nondum
919 4906 1227 4963 Christiana
1277 4911 1521 4966 doctrina
1569 4928 1633 4967 eo
1680 4913 2048 4983 amplitudinis

478 4994 859 5069 claritatisque
908 5012 1268 5069 processerat,
1295 5018 1359 5057 ea
1407 5020 1472 5059 ex
1518 5017 1701 5060 nostro
1740 5021 1855 5061 aevo
1883 5007 2051 5061 dime-

474 5089 655 5142 tientia
702 5108 716 5144 :
754 5106 859 5160 quo
889 5108 1056 5150 aureo
1082 5112 1212 5151 sane
1266 5099 1509 5153 videmus
1559 5100 1823 5167 explicata
1870 5103 2048 5156 omnia

473 5189 532 5234 et
563 5179 833 5236 illustrata
856 5222 872 5249 ,
904 5199 1026 5239 cum
1060 5195 1112 5241 et
1166 5188 1218 5241 in
1262 5190 1616 5245 scholasticas
1655 5191 2051 5261 disputatioiies

477 5274 710 5329 deducta
742 5314 757 5340 ,
809 5285 864 5330 et
905 5280 1210 5348 exagitata,
1248 5290 1302 5334 et
1355 5282 1405 5335 in
1458 5284 1631 5338 sacris
1674 5285 2049 5350 concionibus,

478 5379 706 5432 quarum
735 5366 1048 5422 Christiano
1080 5372 1272 5439 pepulo
1307 5375 1477 5429 multo
1519 5376 1690 5445 major
1724 5393 1867 5432 nunc
1894 5379 2051 5447 copia

480 5463 581 5518 est,
615 5457 930 5527 pervulgata
975 5467 1030 5512 ct
1053 5459 1335 5517 decantata
1366 5465 1510 5526 sint.
1558 5475 1686 5521 tunc
1730 5478 1886 5522 erant
1940 5469 2050 5538 ple-

480 5560 658 5615 rteque
683 5548 955 5618 inlinajore
981 5552 1151 5620 pretio
1178 5562 1230 5607 et
1259 5557 1408 5624 quasi
1428 5559 1724 5627 peregrina:
1752 5562 2051 5627 sententite,

485 5654 603 5705 qua:
648 5656 792 5695 nunc
824 5644 967 5697 domi
1001 5654 1301 5699 nascuntur
1323 5687 1337 5708 ,
1373 5659 1429 5701 et
1471 5651 1793 5705 assiduitate
1824 5653 1938 5721 ipsa
1969 5655 2053 5708 di-

482 5732 635 5787 cendi
677 5747 780 5790 non
813 5736 945 5793 tanti
993 5750 1137 5795 sunt.
1176 5738 1278 5796 Sed
1311 5739 1384 5795 illi
1433 5742 1584 5798 rudia
1618 5743 1969 5820 fundamenta
2001 5756 2055 5804 et

1437 299 1837 361 FRANCISCI
1880 300 2144 359 SCORSl
2184 298 2617 359 PRO(EM1UM
2657 295 2774 358 ΙΙΙ.

3616 298 3717 361 120

2134 410 2324 462 rudera
2354 408 2469 478 ipsa
2494 407 2763 480 iecerunt,
2800 422 2897 461 nos
2944 423 3106 477 super
3134 423 3197 463 ea
3225 408 3517 478 quadratos
3546 426 3712 478 expo-

2132 500 2369 569 litosque
2419 500 2665 568 lapides,
2720 500 3006 554 Corinthia
3063 500 3321 569 Ioniaque
3389 514 3710 556 ornamenta

2132 592 2528 661 coronidesque
2580 590 3062 645 extediticavimus.
3100 589 3155 645 Id
3203 590 3368 644 etiam
3423 605 3490 644 ex
3540 590 3711 644 forma

2129 692 2184 736 et
2210 683 2536 737 charactere
2564 682 2775 737 dicendi
2803 681 3038 750 judicari
3066 691 3263 749 potest,
3289 697 3451 750 quam
3484 682 3715 750 simplex

2128 775 2218 828 ille
2264 775 2557 844 nativoque
2594 774 2777 829 colore
2822 773 3073 841 cultuque
3126 772 3363 839 decens,
3396 789 3554 842 quam
3605 790 3715 827 non

2130 866 2340 921 fucatus
2408 874 2461 921 et
2514 865 2854 935 phaleratus.
2906 865 3015 921 Sed
3068 866 3220 919 illum
3275 867 3326 918 in
3367 865 3716 933 iTlreOphane

2130 972 2334 1011 morem
2384 959 2668 1026 antiquum
2716 957 2842 1011 licet
2895 956 3342 1011 animadvertere.
3396 954 3577 1012 Genus
3624 956 3709 1008 di—

2128 1048 2283 1102 cendi
2316 1046 2368 1101 in
2401 1046 2502 1101 hoc
2529 1055 2743 1101 oratore
2779 1046 3039 1116 liquidum
3071 1056 3152 1100 est
3188 1057 3241 1100 et
3266 1048 3471 1113 jsponte
3503 1046 3709 1109 fusum,

2136 1148 2191 1192 et
2224 1154 2344 1193 cum
2378 1137 2600 1192 lenitate
2625 1137 2855 1206 quadam
2890 1137 3139 1207 mquabili
3172 1137 3466 1205 profluens,
3491 1138 3717 1190 omnino

2127 1230 2284 1300 quale
2346 1230 2796 1299 ἀπροοιμιάστως
2827 1231 3000 1283 decet.
3058 1227 3197 1283 Sunt
3244 1229 3390 1283 enim
3440 1231 3519 1283 hae
3561 1230 3720 1283 dida-

2125 1328 2278 1381 cticm
2334 1340 2470 1394 quas
2500 1324 2567 1378 ad
2614 1324 2915 1378 docendum
2944 1333 2998 1377 et
3036 1324 3410 1378 instruendum
3457 1324 3717 1393 populum

2132 1415 2308 1469 bonus
2354 1428 2417 1467 ac
2478 1413 2597 1481 pius
2638 1414 2925 1482 episcOpus
2973 1413 3200 1479 habuit,
3249 1428 3355 1467 non
3404 1423 3581 1468 tamen
3620 1430 3719 1483 pe—

2127 1506 2341 1561 destres
2390 1513 2445 1559 et
2482 1503 2717 1558 indoctae
2740 1544 2755 1569 ,
2793 1519 2892 1558 nec
2923 1505 3234 1559 dissolutae:
3277 1519 3375 1558 nec
3407 1505 3549 1558 enim
3590 1521 3718 1573 gra-

2130 1599 2333 1659 vitate,
2398 1596 2765 1651 concinnitate
2816 1608 3194 1666 concentuque
3249 1612 3631 1661 numerorum,
3659 1608 3718 1651 et

2132 1689 2361 1745 modicis
2424 1688 2681 1744 oratoriis
2730 1688 3004 1743 coloribus
3071 1698 3295 1751 carent,
3344 1691 3439 1744 scd
3496 1698 3615 1757 qua:
3663 1689 3723 1743 in

2134 1796 2367 1851 corpore
2405 1783 2545 1836 bene
2573 1796 2603 1835 a
2645 1790 2838 1834 natura
2883 1780 3182 1834 constituto
3218 1778 3403 1833 innata
3430 1818 3445 1843 ,
3494 1794 3602 1833 non
3635 1781 3722 1833 in-

2132 1877 2329 1941 ducta,
2388 1888 2557 1929 succo
2609 1872 2979 1941 sanguineque
3041 1872 3156 1941 ipso
3218 1870 3578 1934 exsistentia,
3614 1888 3724 1924 non

2134 1968 2403 2023 accercita
2433 1975 2526 2021 aut
2567 1966 2863 2021 adventitia
2891 1980 3016 2019 esse
3050 1965 3356 2019 videantur.
3389 1962 3502 2017 Nec
3532 1964 3725 2032 (igitris

2132 2075 2225 2115 seu
2259 2058 2550 2113 luminibus
2572 2075 2751 2113 rerum
2780 2067 2948 2112 caret.
2976 2056 3148 2112 liabet
3177 2057 3466 2126 aliquando
3486 2058 3717 2127 σωροὺς,

2133 2151 2376 2206 cumulos
2406 2151 2695 2205 verborum
2742 2159 2796 2203 et
2835 2164 3041 2204 rerum.
3085 2148 3511 2219 Παρονομασίας
3550 2157 3723 2210 amat,

2132 2253 2184 2297 et
2226 2240 2496 2304 ἰσόκωλα,
2533 2250 2586 2294 et
2623 2238 3006 2310 ὁμοιοτέλευτα
3029 2279 3045 2305 ,
3084 2249 3139 2294 et.
3177 2239 3526 2310 ὁμοιόπτωτα
3548 2278 3563 2302 ,
3596 2254 3723 2305 qua:

2135 2350 2163 2387 a
2203 2333 2411 2387 Latinis
2467 2332 2652 2401 figurae
2705 2334 2999 2398 dicuntur,
3040 2332 3447 2395 alliterationes,
3493 2332 3727 2383 membra

2134 2424 2331 2491 paria,
2392 2420 2636 2474 similiter
2674 2420 2967 2474 desinentia
3032 2420 3378 2488 similiterque
3434 2418 3727 2481 cadentia;

2136 2514 2231 2567 sed
2277 2511 2421 2565 nulla
2472 2528 2547 2566 re
2576 2512 2748 2579 magis
2795 2510 3055 2565 delectari
3092 2511 3309 2565 videtur
3341 2526 3502 2579 quam
3532 2510 3729 2563 simili-

2137 2601 2321 2655 tudine
2342 2641 2359 2667 ,
2391 2599 2532 2670 quod
2574 2600 2883 2654 ornamenti
2916 2614 3088 2669 genus
3139 2600 3338 2668 ingenii
3386 2607 3504 2662 est,
3537 2608 3591 2653 et
3615 2598 3727 2675 puti-

2134 2690 2307 2746 litatis
2342 2690 2409 2746 ad
2459 2700 2676 2761 captum
2733 2691 2886 2747 rudis
2934 2690 3105 2761 plebis
3153 2691 3387 2746 eximite.
3422 2689 3728 2761 Perspergit

2135 2786 2300 2838 etiam
2328 2783 2493 2848 sales,
2536 2785 2631 2838 sed
2661 2799 2784 2837 cum
2812 2783 2922 2838 sale
2950 2799 3016 2838 ex
3053 2784 3297 2839 historiis
3332 2792 3573 2838 veterum
3599 2824 3613 2849 ,
3658 2798 3730 2838 ex

2137 2876 2337 2932 fabulis
2368 2886 2423 2931 et
2464 2878 2752 2932 sententiis
2798 2887 3084 2945 poetarum
3130 2890 3413 2933 sacrorum
3459 2887 3511 2931 et
3542 2875 3730 2945 profa-

2131 2982 2348 3033 norum,
2390 2982 2456 3022 ex
2505 2967 2787 3023 dialectico
2829 2970 2986 3036 item,
3013 2970 3439 3035 mathematica,
3489 2968 3733 3037 philoso-

2133 3061 2294 3131 phico
2332 3058 2742 3129 theologicoque
2790 3073 2930 3130 penu
2993 3075 3100 3115 non
3164 3076 3366 3130 paucas
3412 3061 3729 3124 doctrinas;

2139 3154 2212 3207 ita
2251 3161 2310 3205 ut
2336 3152 2420 3206 his
2447 3152 2700 3207 omnibus
2735 3153 2945 3209 artibus
2972 3162 3025 3208 et
3062 3154 3327 3208 doctrinis
3350 3194 3366 3219 ,
3395 3164 3449 3208 et
3498 3154 3733 3208 lecti0ne

2141 3248 2471 3313 scriptorum
2517 3254 2761 3300 veterum
2814 3245 3113 3300 instructus
3156 3247 3403 3315 apprime
3434 3246 3729 3301 videatur:

2140 3352 2202 3393 ea
2244 3348 2424 3392 tamen
2478 3352 2543 3393 ac
2575 3337 2872 3406 praesertim
2925 3338 3201 3392 doctrinas
3230 3347 3483 3393 externas
3505 3377 3520 3403 ,
3554 3349 3607 3392 et
3636 3354 3735 3392 co-

2155 3433 2296 3489 lores
2330 3436 2603 3490 oratorios
2630 3449 2729 3504 pro
2757 3449 2815 3488 re
2843 3448 2907 3487 ac
2942 3444 3187 3501 tempore
3219 3432 3460 3498 adhibet,
3493 3447 3591 3487 nec
3611 3434 3736 3487 sine

2144 3530 2591 3598 praemunitione,
2674 3529 2833 3599 idque
2880 3544 2978 3600 pro
3022 3536 3293 3599 potestate
3345 3529 3524 3597 potius
3568 3545 3734 3596 quam

2146 3635 2245 3688 pro
2293 3620 2571 3690 voluptate
2629 3636 2692 3676 ac
2740 3622 3019 3687 vanitate;
3059 3636 3158 3676 nec
3211 3636 3274 3676 ea
3333 3631 3443 3675 toto
3496 3621 3736 3691 tliylaco,

2150 3720 2208 3765 ut
2269 3712 2508 3777 dicitur,
2563 3711 2873 3777 eﬁ'undere,
2944 3713 3037 3767 sed
3104 3727 3265 3781 parca
3326 3728 3484 3767 manu
3542 3727 3737 3779 prose-

2154 3805 2363 3859 minare
2401 3805 2635 3859 videtur.
2680 3804 2797 3859 Non
2849 3816 3051 3860 temere
3087 3806 3253 3873 igitur
3298 3804 3607 3873 σοφώτατος
3636 3806 3735 3859 καὶ

2156 3895 2595 3965 ρητορικώτατος
2627 3910 2658 3950 a
2699 3897 2833 3961 suis,
2864 3897 2953 3964 qni
2978 3911 3260 3952 sermones
3293 3895 3435 3965 ejus,
3463 3907 3521 3950 ut
3554 3907 3734 3966 poste-

2160 3986 2310 4040 ritati
2381 3986 2693 4053 traderent,
2747 3988 3188 4057 descripserunt,
3239 4003 3446 4058 suoque
3491 3990 3734 4044 auctoris

2161 4076 2380 4131 nomine
2446 4077 2875 4146 inscripserunt,
2939 4077 3240 4147 appellatus
3308 4087 3413 4134 est.
3470 4079 3733 4134 Claudam

2154 4168 2411 4224 brevibus
2446 4178 2616 4222 totam
2667 4168 2809 4223 hanc
2852 4166 3290 4223 dissertationem
3316 4209 3333 4235 ,
3377 4178 3432 4224 et
3466 4170 3735 4240 judicium

2155 4278 2336 4319 meum
2391 4263 2565 4318 tribus
2619 4262 2804 4317 verbis
2867 4262 3175 4332 explicabo.
3229 4260 3372 4317 Visa:
3422 4271 3547 4317 sunt
3600 4264 3735 4317 mihi

2153 4356 2390 4411 homilize
2454 4354 2617 4424 hujus
2664 4353 2916 4411 Ceramei
2981 4352 3428 4409 Tauromenitani
3492 4355 3734 4425 episcopi

2152 4448 2255 4518 pite
2309 4486 2325 4512 ,
2394 4447 2567 4501 doctae
2625 4456 2681 4500 et
2748 4444 3068 4516 elegantes,
3134 4456 3298 4516 atque
3362 4448 3498 4501 adeo
3560 4446 3738 4516 digna:

2151 4557 2271 4613 quae
2308 4542 2375 4596 ad
2424 4554 2718 4596 commune
2771 4542 3120 4596 commodum
3178 4549 3231 4595 et
3281 4539 3633 4611 proferantur
3683 4550 3738 4596 et

2150 4635 2518 4705 perlegantur.

2155 4795 2183 4867 §
2218 4792 2284 4849 ll.
2316 4793 2478 4848 Ratio
2513 4812 2635 4849 mss.
2676 4797 2826 4849 codd.
2859 4813 2923 4850 ea:
2950 4798 3143 4863 quibus
3173 4808 3337 4853 erutte
3369 4799 3599 4853 homilia:
3630 4814 3649 4852 :
3683 4806 3735 4852 et

2377 4866 2616 4919 nonnulli
2648 4883 2830 4920 earum
2860 4870 3154 4937 superiores
3186 4870 3515 4939 interpretes.

2225 5003 2295 5059 Ut
2321 5019 2428 5073 qua
2457 5004 2643 5058 fideex
2675 5019 2807 5059 mss.
2846 5004 2945 5059 has
2976 5004 3230 5059 homilias
3253 5004 3482 5074 publica:
3509 5002 3736 5057 utilitati

2154 5096 2413 5166 legendas
2455 5095 2743 5160 ediderim,
2775 5105 3114 5165 compertum
3146 5098 3237 5160 sit,
3271 5106 3323 5153 et
3352 5111 3461 5165 quo
3489 5096 3741 5165 exemplo

2169 5188 2455 5244 doctorum
2506 5190 2783 5243 hominum
2818 5189 2868 5243 id
2904 5189 3243 5257 perfecerim,
3289 5188 3430 5259 quod
3480 5189 3553 5243 illi
3584 5189 3739 5243 ince-

2156 5291 2393 5352 ptarunt,
2445 5281 2723 5350 expediam
2756 5281 2991 5335 breviter
3014 5282 3116 5337 hoc
3161 5283 3425 5351 prommio
3458 5297 3473 5335 :
3507 5292 3619 5336 tum
3668 5283 3739 5336 de

2157 5391 2311 5437 mss.,
2345 5385 2455 5428 tum
2486 5373 2553 5427 de
2580 5373 2645 5427 iis
2670 5374 2759 5443 qui
2790 5384 2917 5427 ante
2946 5390 3031 5427 me
3059 5375 3273 5443 aliquas
3305 5389 3370 5428 ex
3405 5375 3487 5429 his
3522 5389 3736 5427 sermo-

2157 5467 2315 5521 nibus
2336 5466 2523 5520 Latine
2546 5465 2800 5534 preloque
2823 5480 3108 5534 expressas
3126 5466 3471 5536 evulgarunt.
3494 5467 3735 5520 Primam

2160 5560 2286 5615 huic
2319 5558 2633 5627 Theophani
2683 5558 2853 5613 lucem
2885 5559 3083 5622 attulit,
3114 5568 3373 5627 quantum
3404 5574 3503 5627 ego
3538 5560 3740 5626 putatis

2161 5648 2408 5703 onnribus
2462 5664 2789 5716 cognoscere
2835 5650 3001 5719 potui,
3057 5649 3384 5706 Franciscus
3432 5648 3736 5703 Turrianus

2160 5762 2188 5803 e
2210 5746 2467 5804 societate
2492 5743 2639 5803 Jcsu.
2664 5744 2762 5802 llic
2785 5746 2841 5803 in
2886 5759 2985 5803 sua
3024 5744 3343 5816 heplothcca
3371 5761 3474 5800 ms.
3497 5744 3740 5801 codicem
