4062 6214
369 309 471 378 121

369 430 570 484 harum
601 427 948 485 homiliarum
987 427 1331 501 Theophanis
1363 432 1608 487 Ceramei
1646 434 1853 500 habuit,
1885 449 1951 488 ex

369 535 482 590 qua
532 522 904 577 testimonium
957 523 1181 592 protulit
1231 534 1420 576 contra
1467 525 1952 595 Magdeburgenses

371 612 790 669 Centuriatores
815 614 881 668 de
909 613 1142 679 primatu
1176 615 1233 668 S.
1265 614 1406 669 Petri
1443 615 1784 685 Romanique
1823 634 1954 688 pon-

376 705 560 758 tillcis.
618 704 695 757 Ex
757 707 857 758 hac
911 705 1098 758 eadem
1169 706 1486 774 hoplotheca
1553 709 1830 763 homiliam
1890 712 1953 764 de

376 792 480 847 SS.
522 793 842 864 imaginibus
877 807 1154 863 acceptam
1194 806 1324 853 tom.
1370 795 1441 848 IX
1479 799 1767 854 Annalium
1811 800 1952 854 inse-

374 885 484 936 ruit
507 883 805 938 cardinalis
838 885 1118 950 Baronius,
1155 887 1222 940 ab
1257 887 1370 954 ipso
1406 885 1683 942 Turriano
1705 889 1949 944 Latinam

371 975 596 1041 factam,
624 987 677 1031 et
706 993 736 1031 a
762 976 963 1033 Jacobo
1005 978 1300 1034 Sirmundo
1344 981 1546 1051 aliquot
1589 983 1720 1038 locis
1777 983 1952 1054 perfe-

368 1076 516 1120 ctam
542 1085 558 1133 ;
589 1068 744 1135 cujus
775 1070 960 1124 itidem
981 1073 1342 1126 testimonium
1370 1074 1634 1140 integrum
1654 1075 1950 1132 referemus

367 1172 474 1212 suo
506 1159 648 1216 loco.
697 1158 870 1225 Quam
907 1162 1152 1215 eamdem
1203 1163 1477 1217 bomiliam
1510 1162 1744 1221 Iacobus
1788 1165 1949 1221 Gret-

367 1263 525 1302 serus
557 1260 690 1303 tom.
747 1248 789 1302 ll
821 1249 893 1303 De
923 1267 1076 1304 crure
1105 1253 1353 1307 secundae
1375 1253 1650 1317 editionis,
1679 1265 1736 1309 ιιι
1763 1267 1948 1311 aucta-

369 1343 514 1394 rium
543 1341 751 1395 addidit
782 1353 901 1409 post
934 1342 1210 1396 homiliam
1243 1343 1497 1398 Germani
1531 1348 1870 1414 patriarcha),
1895 1358 1949 1403 et

371 1433 516 1486 unde
561 1447 678 1486 eant
729 1433 1003 1497 habuerit,
1048 1444 1104 1488 et
1151 1450 1255 1505 qua
1303 1437 1628 1492 auctoritate
1673 1450 1947 1508 permotus

371 1523 626 1589 ediderit,
663 1524 748 1576 his
784 1524 965 1577 verbis
1003 1533 1231 1580 testatur
1254 1527 1320 1580 ad
1353 1543 1462 1581 rem
1503 1530 1738 1584 maxime
1777 1532 1946 1600 perti-

371 1616 627 1670 nentibus
656 1633 669 1667 :
697 1613 846 1670 Inter
874 1617 1009 1670 alias
1033 1618 1252 1672 schedas
1281 1621 1554 1674 litterariae
1581 1624 1948 1690 suppellectilis

371 1701 650 1758 Francisci
695 1703 968 1772 Turrinm‘,
1015 1724 1144 1774 quas
1175 1721 1298 1762 ante
1340 1711 1538 1780 aliquot
1570 1729 1736 1768 annos
1770 1717 1838 1768 ad
1867 1733 1948 1770 me

367 1797 511 1849 misit
537 1793 602 1848 R.
639 1795 703 1849 P.
733 1795 993 1850 Antonius
1038 1796 1372 1864 Possevinus,
1399 1801 1565 1868 reperi
1599 1805 1735 1856 hanc
1776 1805 1944 1858 [tanti-

365 1887 495 1939 liam
522 1904 554 1938 α
591 1885 852 1940 Turriuno
883 1903 1107 1948 versam.
1139 1899 1188 1942 et
1230 1891 1447 1958 propria
1478 1908 1637 1946 manu
1673 1897 1943 1964 scriptam,

363 1993 525 2046 quam
555 1979 754 2030 diutius
788 1977 949 2031 latere
999 1979 1164 2046 nolui,
1215 1991 1323 2034 tum
1367 1995 1576 2051 propter
1626 1982 1946 2039 Turrianum

364 2069 923 2147 virum-doctissimum
950 2080 1058 2124 tum
1076 2082 1287 2142 propter
1301 2086 1659 2142 argumentum
1674 2079 1810 2147 quod
1827 2093 1944 2130 cum

365 2145 585 2214 humilia
635 2157 886 2215 Germani
939 2179 1155 2230 prorsus
1203 2167 1479 2219 concinens
1539 2167 1727 2220 merito
1777 2169 1945 2222 eidem

367 2254 684 2307 annectitur.
718 2253 844 2308 Haec
873 2253 1192 2320 Gretserus;
1226 2271 1295 2311 ex
1336 2257 1534 2327 quibus
1577 2259 1726 2313 vides
1758 2260 1944 2326 quanti

369 2346 490 2398 hac
536 2346 761 2414 antiqua
812 2347 910 2401 SS.
952 2345 1170 2401 Patrum
1209 2357 1556 2403 monumenta
1605 2365 1635 2404 a
1663 2350 1944 2405 litteratis-

365 2437 525 2492 simis
559 2439 687 2492 viris
717 2438 1073 2493 aestimentur.
1118 2439 1264 2494 Idem
1315 2438 1601 2494 Gretserus
1631 2451 1761 2495 tom.
1794 2443 1836 2496 ll
1867 2441 1946 2496 De

365 2544 527 2581 cruce
573 2529 708 2582 duas
757 2528 1006 2583 humilius
1068 2528 1416 2599 TheOphanis
1465 2528 1707 2585 Ceramei
1756 2529 1943 2587 Graece

367 2618 540 2672 simul
569 2624 623 2671 et
651 2616 835 2674 Latine
860 2632 928 2672 ex
960 2635 1057 2674 sua
1093 2619 1540 2688 interpretatione
1572 2621 1759 2675 edidit.
1796 2621 1946 2691 [inde

365 2723 466 2763 eas
514 2709 766 2764 habuerit
811 2725 915 2765 non
967 2719 1218 2764 testatum
1271 2711 1482 2780 reliquit
1530 2713 1584 2766 in
1635 2712 1798 2778 notis,
1849 2715 1943 2769 sed

364 2799 622 2869 equidem
656 2815 722 2855 ex
755 2802 938 2858 codice
966 2799 1232 2872 Margunii
1262 2817 1478 2867 censeo,
1506 2802 1662 2872 cujus
1690 2803 1763 2857 ibi
1795 2819 1946 2859 men-

365 2895 571 2947 tionem
615 2892 747 2949 iaclt
775 2910 841 2948 ex
875 2895 1163 2950 occasione
1195 2895 1440 2950 locorum
1486 2906 1861 2965 corruptorum
1888 2908 1942 2952 et

364 2987 437 3038 ab
479 3000 548 3040 eo
591 2986 1022 3041 emendaturum.
1072 2986 1190 3041 Jam
1243 3000 1370 3042 vero
1403 3001 1470 3042 ex
1517 2988 1663 3044 notis
1702 2988 1940 3056 ejusdem

363 3072 608 3128 Gretseri
644 3074 911 3145 intelliges
945 3075 1044 3131 has
1077 3075 1325 3130 bomilias
1361 3091 1492 3132 mss.
1526 3079 1733 3133 servari
1765 3077 1942 3134 Vene-

363 3168 476 3223 tiis.
525 3167 618 3223 Sic
662 3167 806 3222 enim
869 3169 984 3238 ipse
1010 3185 1026 3222 :
1053 3167 1125 3222 De
1174 3167 1480 3237 Theophane
1537 3169 1786 3226 Cerameo
1835 3174 1946 3226 lucc

363 3257 613 3328 Epitome
657 3258 993 3314 Bibliotheca:
1041 3257 1382 3315 Gesneriame
1431 3276 1451 3315 :
1497 3263 1806 3331 Θεοφάνους
1849 3263 1944 3318 τοῦ

365 3350 677 3424 Κεραμέως
719 3351 926 3422 ὁμιλίαι
969 3352 1048 3414 εἰς
1096 3349 1409 3419 Εὐαγγέλια
1453 3351 1562 3406 τῶν
1608 3353 1942 3425 Κυριακῶν,

365 3446 464 3497 καὶ
495 3445 576 3506 εἰς
622 3443 775 3506 τινας
826 3443 1042 3512 ἑορτάς.
1082 3441 1474 3511 Manuscriptus
1512 3444 1642 3499 liber
1692 3445 1942 3502 Venetiis.

352 3532 515 3590 ‘ldetn
546 3534 776 3589 habetur
802 3535 854 3588 in
886 3533 1217 3589 Bibliotheca
1242 3533 1343 3588 SS.
1367 3534 1583 3588 Patrum
1615 3536 1812 3594 sacculo
1856 3552 1941 3603 ix;

361 3627 462 3681 sed
505 3641 628 3680 cum
666 3625 804 3695 apud
843 3640 928 3680 me
977 3625 1259 3696 Epitomen
1288 3626 1677 3682 Gesnerianam
1713 3643 1814 3682 non
1847 3629 1945 3683 ha-

363 3723 573 3785 berem,
600 3719 846 3774 consului
873 3733 991 3772 eam
1021 3733 1141 3788 quae
1170 3718 1401 3774 habetur
1425 3719 1477 3772 in
1507 3718 1754 3774 biblioth.
1785 3720 1939 3776 Dom.

361 3809 554 3864 Aloisii
596 3808 670 3862 La
707 3807 926 3875 Farina,
953 3809 1172 3862 baronis
1215 3809 1628 3878 Aspri-Montis,
1657 3819 1712 3863 et
1746 3825 1946 3880 genere

364 3910 423 3953 et
452 3901 632 3953 studio
657 3899 981 3953 eruditionis
1009 3900 1224 3967 nobilis,
1248 3901 1311 3955 de
1335 3901 1488 3970 cujus
1511 3900 1682 3956 fratre
1708 3901 1771 3955 D.
1800 3901 1943 3955 Mar-

364 3989 480 4043 tino
510 4005 672 4055 supra
711 3991 933 4045 memini
962 3992 1198 4047 Procem.
1227 3991 1273 4046 Ι.
1302 3990 1497 4061 Reperi
1548 4001 1730 4047 autem
1779 3993 1831 4047 in
1878 4009 1942 4047 ea

359 4081 604 4148 epitome
656 4099 764 4138 non
805 4086 980 4138 solum
1027 4085 1211 4140 Graeca
1267 4087 1428 4140 verba
1482 4100 1605 4154 quae
1654 4086 1942 4142 Gretserus

367 4173 602 4229 ﬁdeliter
648 4175 850 4242 retulit,
881 4177 976 4231 sed
1007 4186 1058 4231 et
1089 4176 1250 4230 aliam
1280 4185 1482 4243 notam,
1510 4193 1578 4232 ex
1603 4193 1706 4247 qua
1735 4176 1941 4234 Gesne-

364 4282 460 4322 rus
507 4268 697 4323 eodem
745 4283 929 4324 errore
977 4284 1084 4338 quo
1132 4269 1350 4334 elateri,
1412 4270 1480 4325 de
1531 4271 1727 4340 quibus
1777 4285 1939 4340 supra

363 4358 605 4415 Prouem.
629 4359 702 4426 ll,
725 4371 977 4431 tanquam
1009 4361 1250 4416 diversos
1279 4361 1429 4430 ponit
1465 4362 1848 4432 Theophanem
1891 4370 1948 4418 et

364 4449 718 4520 Gregorium,
756 4451 945 4506 ambos
992 4449 1306 4517 Cerameos,
1361 4453 1550 4508 ambos
1599 4451 1945 4510 Tauromenii

363 4541 836 4610 archiepiscopus;
867 4542 962 4597 sed
994 4542 1136 4596 hunc
1180 4555 1365 4598 eorum
1393 4543 1483 4612 qui
1532 4553 1658 4598 ante
1688 4559 1776 4600 me
1802 4547 1940 4600 scri-

362 4647 546 4703 psere,
578 4646 816 4688 errorem
861 4632 973 4702 jam
1019 4635 1196 4690 detexi
1227 4647 1455 4704 proastn.
1497 4634 1586 4690 illo
1609 4635 1676 4703 ll,
1711 4635 1738 4708 §
1767 4653 1822 4692 ιι.
1855 4637 1948 4694 Sic

365 4727 530 4793 igitur
564 4726 842 4781 Gesnerus
874 4744 888 4781 :
921 4726 1162 4797 Gregorii
1205 4726 1662 4784 Tauromenitana
1692 4729 1944 4786 Ecclesiae

365 4815 742 4884 archiepiscOpi
789 4815 1105 4882 Siciliensis,
1155 4816 1392 4874 Ceramei
1438 4821 1586 4888 dicti,
1627 4821 1859 4877 humilius
1886 4823 1942 4878 in

369 4905 680 4977 Evangelia,
711 4917 758 4962 et
789 4910 912 4963 alia:
940 4911 1320 4980 quinquaginta
1354 4921 1547 4979 septem
1577 4915 1946 4982 manuscriptte

365 5007 574 5052 eastant
625 5001 681 5054 in
720 5000 956 5055 biblioth.
996 5000 1195 5057 Italiae.
1245 5001 1352 5058 llas
1396 5003 1644 5058 homilias
1689 5001 1946 5075 Gregorio

366 5090 664 5160 inscriptas
691 5093 910 5148 easdem
940 5109 1060 5149 esse
1100 5103 1262 5164 atque
1304 5093 1403 5148 has
1443 5109 1580 5159 quas
1622 5109 1720 5150 nos
1755 5097 1944 5152 damus

365 5182 472 5237 sub
511 5184 729 5238 nomine
768 5183 1136 5254 Theophanis,
1181 5184 1293 5255 jam
1337 5194 1614 5242 ostensum
1656 5197 1741 5242 est
1780 5201 1944 5256 supra

364 5274 645 5330 Prouemio
692 5275 771 5343 ΙΙ,
824 5277 851 5349 §
905 5293 966 5332 ιι.
1021 5279 1196 5349 Atque
1247 5278 1441 5332 harum
1495 5278 1944 5334 bibliothecarum

366 5366 736 5436 cognitionem
785 5382 852 5422 ex
897 5368 1168 5436 impressis
1220 5372 1484 5423 hactenus
1529 5367 1683 5425 libris
1735 5370 1943 5439 accepi.

365 5461 486 5517 Jam
515 5477 648 5517 vero
675 5477 770 5519 eas
795 5463 958 5518 etiam
1004 5463 1272 5519 asservari
1302 5463 1353 5518 in
1386 5463 1559 5518 tribus
1599 5461 1785 5518 Galliae
1814 5464 1948 5519 insi-

366 5552 569 5622 gnibus
595 5551 957 5619 bibliothecis,
982 5553 1197 5622 scripsit
1224 5553 1290 5608 ad
1319 5567 1403 5608 me
1427 5553 1495 5608 de
1518 5552 1622 5607 hac
1647 5568 1705 5607 re
1726 5542 1946 5622 rogatus

1383 304 1780 380 F‘RANCISCI
1823 319 2084 380 SCORSI
2127 322 2556 387 PllOlEMlUM
2597 325 2708 390 IlI.

3529 329 3627 396 122

2055 437 2114 492 P.
2160 437 2393 497 Jacohus
2438 442 2786 505 Sirmundus,
2831 458 2942 499 suc.
2977 441 3127 507 Iesu,
3167 452 3223 499 et
3259 457 3324 498 ex
3373 447 3625 502 omnibus

2054 531 2318 586 indicnlos
2371 549 2530 587 manu
2566 549 2659 587 sua
2693 535 2924 602 scriptos
2963 535 3152 589 itidem
3191 538 3511 604 transmisit,
3559 556 3626 595 ex

2053 622 2250 690 quibus
2281 624 2630 696 intelligerent
2665 640 2913 693 quietiam
2964 625 3092 678 mihi
3141 626 3408 690 deessent,
3441 643 3506 682 ex
3540 629 3628 681 Bi-

2053 713 2318 768 bliOtheca
2353 714 2542 784 Regia,
2567 731 2634 770 ex
2674 733 2734 770 ea
2776 731 2893 785 quae
2937 714 3363 770 Folientinorum
3411 717 3467 771 S.
3499 717 3628 771 Ber-

2054 807 2203 860 nardi
2237 807 2648 871 monachorum,
2678 818 2731 863 et
2761 825 2826 863 ex
2862 824 2923 863 ea
2955 825 3072 878 qntc
3103 819 3184 863 est
3214 810 3422 878 collegii
3451 810 3628 864 socie-

2055 898 2179 951 tatis
2226 898 2353 952 Jcsu
2407 899 2765 965 Parisiensis,
2831 915 2951 969 qum
2997 899 3124 952 oliui
3189 899 3288 952 luit
3335 901 3626 954 cardinalis

2051 985 2263 1041 Joiosze.
2323 989 2590 1044 Praeterea
2647 991 2700 1043 in
2754 989 2915 1059 Regia
2976 990 3234 1044 Bibliotb.
3292 989 3516 1058 l‘lispan.
3572 992 3624 1044 iu

2053 1078 2382 1131 monasterio
2431 1075 2490 1132 S.
2527 1077 2801 1132 Laurentii
2848 1079 2992 1146 quod
3029 1077 3360 1131 Escurialetn
3415 1091 3624 1145 vocant,

2049 1167 2352 1238 Γρηγορίου
2387 1169 2690 1222 ἐπισκόπου
2723 1171 2824 1239 τῆς
2865 1169 3116 1230 Σικελίας
3146 1169 3357 1238 ὁμιλίαι
3391 1170 3498 1222 ἀπὸ
3530 1171 3624 1224 τοῦ

2051 1259 2451 1329 ἁρχιτελώνου,
2485 1271 2535 1314 et
2576 1263 2626 1314 in
2661 1261 2766 1315 alio
2801 1261 2986 1313 codice
3027 1277 3040 1312 :
3087 1259 3330 1328 Ὀμιλίαι
3366 1259 3460 1312 τοῦ
3502 1260 3624 1314 ὅλου

2049 1351 2322 1404 ἐνιαυτοῦ.
2355 1351 2592 1421 Gregorii
2635 1353 2791 1418 episc.
2839 1350 3034 1404 Sicilia:
3069 1351 3300 1404 homilia:
3331 1367 3363 1403 a
3392 1351 3626 1418 principe

2047 1442 2444 1512 publicanorum
2493 1442 2772 1504 inchoatw,
2816 1442 3044 1495 humilia:
3093 1442 3251 1494 totius
3284 1443 3431 1496 anni.
3478 1441 3624 1508 Quas

2049 1550 2182 1588 sane
2215 1537 2427 1588 easdem
2465 1548 2584 1588 esse
2619 1546 2777 1602 atquc
2813 1533 2912 1588 has
2943 1549 3078 1602 quas
3111 1533 3427 1600 evulgatnus
3462 1531 3622 1586 ﬁdem

2049 1625 2176 1680 fecit
2207 1625 2268 1679 D.
2314 1624 2588 1678 Marianos
2617 1624 3005 1693 Vulguornera,
3040 1622 3476 1687 Panormitanus,
3510 1638 3619 1678 non

2051 1715 2220 1785 magis
2247 1729 2442 1782 genere
2467 1729 2624 1783 quam
2653 1713 2951 1767 litterarum
2978 1710 3290 1766 Graecarum
3318 1711 3622 1765 eruditione

2048 1807 2262 1873 clarus;
2316 1805 2402 1859 cui
2453 1805 2662 1858 Madriti
2716 1804 2767 1857 in
2819 1805 2966 1872 regia
3014 1802 3244 1871 Philippi
3295 1799 3362 1854 IV
3406 1803 3620 1870 degenti

2050 1901 2320 1968 negotium
2357 1899 2410 1952 in
2448 1899 2550 1952 hac
2583 1911 2637 1950 re
2672 1895 2936 1948 litteraria
2968 1894 3113 1955 dedi,
3143 1902 3200 1946 ιιι
3229 1893 3296 1947 de
3336 1893 3421 1947 his
3451 1893 3622 1946 homi-

2051 1989 2138 2043 liis
2170 1989 2344 2056 deque
2375 1999 2596 2041 auctore
2639 1992 3012 2055 cognosceret,
3044 1995 3098 2038 et
3123 1997 3190 2038 ex
3229 1984 3403 2037 indice
3435 1998 3621 2036 earum

2047 2097 2181 2150 quas
2213 2080 2356 2150 apud
2391 2094 2474 2134 me
2507 2078 2797 2141 habebam,
2828 2079 2894 2130 ad
2931 2077 3102 2145 ipsum
3141 2073 3458 2126 transmisso
3485 2086 3619 2125 con-

2049 2175 2213 2229 ferret
2250 2181 2590 2241 argumenta,
2629 2168 3033 2236 inscriptiones,
3067 2176 3118 2219 et
3156 2165 3326 2234 prima
3360 2163 3622 2232 cujusque

2047 2268 2243 2330 verba;
2289 2265 2485 2335 quibus
2523 2262 2734 2317 collatis
2775 2261 2990 2315 easdem
3029 2274 3150 2313 esse
3185 2257 3449 2323 comperit
3487 2271 3624 2323 quas

2046 2361 2184 2428 apud
2231 2373 2316 2410 me
2351 2369 2471 2410 esse
2511 2354 2866 2425 intelligebat.
2917 2353 3092 2421 Atque
3121 2350 3305 2403 eadem
3342 2347 3396 2402 in
3430 2346 3625 2402 biblio-

2049 2452 2207 2504 theca
2260 2450 2328 2504 ad
2377 2448 2618 2504 codicem
2675 2446 2988 2516 adjunctum
3045 2441 3249 2512 reperit
3301 2439 3621 2508 upusculum

2045 2543 2321 2612 singulare
2349 2541 2641 2610 quoddam,
2673 2537 2815 2606 quod
2853 2540 2904 2588 in
2937 2535 3059 2589 aliis
3096 2533 3436 2588 bibliothecis
3469 2545 3620 2598 repe-

2046 2634 2142 2688 riri
2170 2632 2405 2687 nondum
2439 2630 2646 2698 accepi,
2679 2626 2906 2693 Λεξικὸν
2931 2626 3040 2679 τῶν
3067 2622 3301 2692 ὁμιλιῶν
3329 2625 3443 2676 slve
3467 2620 3625 2676 Glos-

2045 2726 2249 2781 sarium
2302 2736 2495 2777 vocum
2547 2718 2900 2790 Singularium
2940 2725 2996 2771 et
3037 2713 3330 2768 diﬂicilium
3382 2713 3622 2767 auctoris

2046 2832 2168 2873 cum
2213 2830 2399 2870 earum
2435 2811 2832 2880 explicatione;
2867 2808 3022 2875 cujus
3056 2819 3155 2876 ego
3196 2804 3351 2858 lexici
3397 2816 3624 2872 apogra-

2048 2905 2234 2973 phum,
2279 2915 2422 2964 cum,
2463 2897 2703 2952 adhibita
2738 2895 3025 2948 multorum
3075 2895 3374 2946 amicorum
3415 2900 3471 2944 et
3527 2890 3623 2944 lit-

2046 3001 2341 3047 teratorum
2388 2988 2670 3058 hominum
2723 2984 3102 3056 ope,tandem
3156 2981 3429 3051 diligentia
3483 2980 3626 3036 Lau-

2045 3085 2205 3140 rentii
2251 3083 2471 3147 Cocchi,
2502 3080 2605 3135 viri
2639 3078 2835 3134 eruditi
2864 3088 2920 3134 et
2959 3078 3013 3131 in
3059 3083 3322 3146 apparatu
3371 3073 3624 3129 Historia!

2046 3175 2105 3231 S.
2145 3173 2399 3229 Demetrii
2440 3172 2695 3241 martyris
2741 3168 3149 3234 studiosissimi,
3190 3176 3381 3221 nactus
3422 3179 3622 3228 essent,

2047 3268 2114 3322 ad
2149 3266 2354 3322 calcem
2393 3264 2555 3335 hujus
2586 3263 2764 3334 operis
2795 3261 3208 3332 imprimendum
3240 3259 3420 3313 curavi
3457 3257 3534 3330 (a)
3567 3263 3625 3310 ut

2045 3368 2288 3416 exstaret
2337 3360 2501 3413 etiam
2544 3358 2646 3412 hoc
2683 3357 3046 3412 testimonium
3078 3362 3134 3409 et
3159 3351 3442 3421 vestigium
3485 3350 3625 3404 anti-

2048 3453 2291 3522 quitatis.
2323 3450 2428 3507 Sed
2473 3450 2539 3505 de
2564 3464 2628 3504 eo
2655 3448 2804 3518 plura
2859 3447 2948 3501 illo
2999 3446 3051 3500 in
3095 3446 3236 3500 loco.
3270 3442 3326 3498 ln
3370 3441 3624 3497 Vaticana

2045 3542 2379 3597 Bibliotheca
2439 3540 2545 3594 duo
2591 3545 2717 3593 sunt
2767 3537 2983 3592 codices
3027 3536 3221 3590 harum
3275 3533 3623 3588 homiliarum

2045 3633 2242 3703 quibus
2291 3631 2496 3687 indices
2529 3629 2597 3684 ad
2641 3645 2726 3684 me
2765 3639 2875 3686 tres
2903 3644 3010 3698 qua
3045 3626 3251 3691 Graec,
3292 3641 3398 3698 qua
3433 3625 3625 3679 Latine

2045 3727 2366 3791 amicorum,
2400 3739 2463 3778 ac
2497 3723 2800 3794 praesertim
2837 3723 2981 3776 dom.
3017 3719 3357 3776 Constantini
3399 3718 3623 3774 Caetani

2046 3815 2280 3881 abbatis,
2305 3829 2468 3883 opera
2499 3814 2906 3884 diligentissime
2929 3812 3244 3882 perscripti,
3281 3821 3406 3866 sunt
3436 3809 3622 3876 missi;

2049 3902 2102 3956 in
2131 3902 2304 3956 altero
2327 3903 2512 3958 codice
2536 3903 2737 3957 eaedem
2768 3901 3006 3956 humilia:
3035 3902 3252 3955 nomine
3278 3898 3626 3965 Theophanis

2044 3995 2324 4057 Ceramei,
2369 3993 2420 4046 in
2469 3992 2637 4046 altero
2665 3991 2930 4062 .Gregorii
2991 3990 3365 4054 continentur;
3425 3987 3626 4043 inscri-

2044 4087 2257 4156 ptiones
2305 4096 2434 4139 sunt
2488 4084 2792 4153 hujusmodi
2830 4101 2844 4138 :
2890 4083 2942 4136 in
2992 4097 3100 4137 uno
3147 4081 3266 4135 cod.
3293 4080 3622 4149 Θεοφάνους,

2046 4177 2141 4232 τοῦ
2189 4165 2421 4247 ὲτέίκλην
2463 4176 2811 4248 Κεραμέως,
2858 4175 3291 4247 ἁρχιεπισκόπου
3340 4174 3626 4243 Ταυρομε-

2048 4271 2198 4334 νείας
2243 4271 2343 4339 τῆς
2379 4269 2651 4333 Σικελίας,
2703 4268 2911 4338 ὁμιλίαι
2957 4269 3011 4320 αἱ
3060 4268 3324 4336 κυριακαὶ
3363 4266 3459 4318 τοῦ
3501 4263 3626 4318 ὅλου

2048 4365 2280 4434 χρόνου;
2326 4362 2381 4416 in
2411 4363 2627 4417 altero:
2664 4360 2771 4414 Τοῦ
2818 4359 3263 4430 μακαριωτάτου,
3309 4357 3626 4427 σοφωτάτου

2045 4473 2106 4510 τε
2148 4455 2245 4509 καὶ
2309 4455 2750 4525 ῥητορικωτάτου
2789 4453 2981 4525 κυρίου
3023 4451 3330 4524 Γρηγορίου
3372 4453 3629 4521 ἀρχιεπι-

2049 4545 2251 4598 σκόπου
2305 4543 2711 4613 Ταυρομενείας
2752 4543 2852 4612 τῆς
2901 4541 3155 4606 Σικελίας
3185 4583 3198 4607 ,
3254 4540 3350 4594 τοῦ
3398 4541 3630 4610 ἐπίκλην

2049 4635 2379 4707 Κεραμέως.
2415 4632 2549 4700 Qua:
2583 4637 2688 4688 duo
2727 4634 2971 4698 nomina,
3017 4633 3311 4704 Gregorius
3352 4642 3406 4685 et
3445 4630 3628 4684 Theo-

2048 4729 2276 4801 phanes,
2309 4728 2470 4782 unius
2511 4742 2633 4784 esse
2663 4727 2902 4781 auctoris
2951 4737 3116 4795 patet.
3154 4725 3281 4778 lude
3322 4731 3629 4793 sequuntur

2049 4819 2286 4875 humilia:
2335 4819 2544 4885 ordine,
2609 4817 2665 4872 in
2724 4816 2878 4886 cujus
2943 4815 3091 4870 calce
3157 4813 3470 4882 designatus
3526 4824 3627 4862 an-

2050 4928 2152 4968 nus
2206 4911 2383 4978 1448,
2451 4911 2593 4966 unde
2651 4909 2947 4979 antiquitas
3015 4903 3221 4960 codicis
3288 4901 3626 4970 intelligitur.
3680 4975 3685 4980 Ι

2049 5003 2329 5059 Postremo
2365 5001 2424 5056 P.
2474 4999 2736 5057 Octavius
2781 4999 3075 5062 Caetanus,
3127 5009 3243 5051 soc.
3283 4991 3432 5056 Jesu,
3472 4991 3628 5061 cujus

2049 5097 2229 5151 studio
2273 5110 2336 5149 ac
2371 5093 2542 5150 labori
2590 5094 2696 5148 hoc
2743 5100 2985 5147 nostrum
3033 5101 3168 5156 opus
3215 5095 3494 5156 acceptum
3543 5093 3628 5138 est

2049 5169 2418 5250 reierendnm,
2439 5199 2560 5239 cum
2582 5197 2703 5253 qua:
2724 5182 2789 5235 ad
2816 5179 3148 5235 condendam
3171 5187 3229 5232 et
3251 5175 3622 5231 illustrandum

2049 5285 2364 5332 sanctorum
2399 5273 2706 5328 Siculorum
2742 5269 3022 5326 historiam
3051 5268 3294 5324 lacerent
3322 5262 3624 5334 diligentis-

2048 5369 2185 5422 sime
2232 5366 2567 5436 perquircret
2608 5372 2663 5418 et
2703 5371 3008 5432 appararet,
3041 5360 3234 5415 harum
3268 5355 3616 5412 homiliarum

2047 5459 2376 5527 exemplaria
2447 5457 2799 5512 describenda
2868 5455 3097 5510 curavit.
3165 5453 3233 5507 Et
3283 5449 3498 5519 quidem
3550 5459 3622 5501 ex

2049 5551 2257 5608 duobus
2287 5546 2585 5618 codicibus,
2622 5556 2680 5606 ut
2717 5547 2832 5620 ipse
2863 5548 2918 5605 in
2967 5543 3290 5603 adversariis
3323 5541 3624 5611 suis,'quas

428 5735 503 5798 κα)
539 5733 726 5786 Nullibi
749 5738 914 5785 tamen
935 5741 1200 5798 eoparet.
1226 5732 1296 5786 Cl.
1326 5747 1472 5798 supra
1501 5733 1598 5784 col.
1625 5732 1705 5784 ll.
1727 5730 1866 5782 Eutr.
1888 5731 2041 5782 Pera.
