4062 6214
479 286 583 353 m
1443 276 1847 340 FRANCISCI
1887 268 2157 335 sconsr
2197 268 2633 332 PROOEMIUM
2670 224 2805 332 In:

480 398 623 470 apud
668 411 758 452 me
801 407 1088 455 conservo,
1124 400 1379 448 testatum
1429 393 1668 459 reliquit,
1705 390 1877 445 altero
1911 387 2065 440 Vati-

481 506 642 556 cano,
674 489 841 543 altero
874 484 1069 539 Meletii
1104 482 1457 538 Atheniensis
1497 481 1750 537 monachi
1786 498 1852 534 ex
1885 487 2067 533 monte

488 583 711 645 Sancto,
740 575 943 633 fatnilia
975 574 1035 630 S.
1064 573 1272 640 Basilii,
1303 573 1392 644 qui
1422 589 1486 628 ex
1515 572 1735 626 Oriente
1764 571 2065 626 Messanam

2171 384 2441 451 scriptoris
2466 386 2694 440 nondum
2718 384 2977 454 evulgatis
3002 385 3295 453 accepimus
3317 401 3348 438 a
3373 382 3439 438 Β.
3462 382 3530 438 Ρ.
3552 383 3765 439 Iacobo

2170 472 2482 536 Sirmundo,
2528 477 2634 530 riro
2679 477 3003 545 pererudito,
3034 477 3125 547 qui
3153 477 3277 544 quia
3325 475 3508 530 crebra
3539 493 3573 529 a
3607 478 3765 530 nobis

2168 579 2352 617 eurum
2394 566 2671 617 editionem
2719 566 2950 634 ﬂagitat,
2980 574 3036 619 ut
3079 566 3126 619 ei
3158 565 3337 633 aliqua
3390 583 3457 620 ea:
3491 576 3643 633 parte
3672 583 3771 620 sa-

485 672 740 743 appnlsus
792 668 975 739 ibique
1025 666 1262 723 cmnobii
1315 665 1374 720 S.
1425 664 1734 720 Cathar’ttze
1786 662 2071 731 pra-fectus
2172 654 2361 723 tis/int,
2386 655 2519 708 relut
2544 658 2802 724 specimen
2826 658 3091 724 quoddam
3118 657 3466 710 indictionum
3488 660 3770 712 occasione

485 767 684 820 librum
721 762 913 816 harum
945 760 1289 816 humiliarnm
1327 773 1488 812 manu
1520 765 1805 812 exaratum
1839 755 1912 809 illi
1948 771 2071 824 per-
2170 746 2543 816 ρνωηιὶεἱηιαε.
2584 745 2711 801 HAEC
2752 747 3068 817 Dionysius.
3120 747 3231 818 Ego
3277 749 3445 818 igitur
3486 764 3629 818 opus
3666 765 3770 820 ag-

486 858 720 925 benignc
765 853 1224 917 communicavit;
1262 851 1314 904 in
1350 867 1415 905 eo
1447 866 1578 904 vero
1622 852 1801 919 plures
1835 848 2075 903 homilias
2174 853 2422 907 gressus».
2449 854 2571 893 Cum
2601 839 2766 894 υῐιῖοο
2793 839 2886 893 illo
2914 855 3035 894 ιιιεο
3063 840 3362 910 ειειιψιίηί
3401 856 3508 895 non
3543 856 3770 910 posse"!

491 959 602 1002 tum
633 944 1004 1016 Theophanis,
1036 953 1149 997 tum
1184 942 1418 1013 Philippi
1446 941 1736 995 Ccramitze
1767 939 2073 995 nominibus

494 1036 769 1107 inscripta:
824 1036 1261 1097 continebantur,
1309 1033 1374 1088 de
1425 1047 1530 1102 qua
1588 1042 1767 1087 tamen
1816 1031 2076 1085 varietate

493 1130 771 1183 nominum
801 1126 1157 1193 disceptatum
1180 1141 1210 1178 a
1236 1127 1389 1180 nobis
1412 1140 1476 1178 ac
1497 1124 1779 1178 deﬁnitum
1804 1131 1887 1178 est
1908 1136 2074 1192 supra

491 1218 732 1275 Promm.
760 1217 825 1279 ll,
852 1216 879 1288 ᾗ
906 1233 976 1286 tt;
1005 1227 1057 1271 ct
1078 1217 1295 1287 quidem
1335 1218 1532 1273 librum
1561 1217 1709 1271 illum
1734 1214 2075 1269 Meletianutn

493 1323 559 1362 ex
590 1305 927 1378 autographo
962 1306 1127 1360 fuisse
1159 1306 1490 1374 exscriptum
1515 1343 1530 1370 ,
1562 1304 1704 1375 quod
1736 1303 1863 1357 olim
1896 1316 2076 1357 asser-

493 1396 723 1450 Vabatur
767 1396 819 1448 in
853 1396 1185 1450 monasterio
1216 1395 1319 1449 SS.
1363 1396 1505 1449 Petri
1541 1406 1597 1450 et
1626 1393 1779 1448 Pauli
1813 1399 1879 1448 de
1912 1390 2077 1456 Itala;

495 1486 591 1541 sed
627 1496 806 1540 tamen
855 1487 905 1540 id
956 1485 1349 1558 antographnm
1400 1486 1562 1541 hodie
1602 1500 1709 1539 non
1760 1495 1995 1539 exstare.
2025 1482 2081 1536 ld

497 1577 888 1632 monasterium
936 1577 1334 1632 Basilianorutn
1380 1586 1465 1631 est
1506 1579 1647 1631 inter
1693 1574 1999 1630 Messanam
2029 1581 2084 1628 et

498 1667 919 1725 Tauromenium
970 1671 1136 1724 situm
1181 1688 1196 1724 :
1238 1671 1303 1723 ad
1352 1669 1498 1740 quod
1549 1680 1757 1725 certum
1809 1666 2081 1721 hominem

497 1762 647 1824 misi,
695 1764 786 1831 qui
834 1762 899 1816 de
936 1777 1002 1817 eo
1044 1762 1360 1832 diligentius
1413 1763 1665 1816 notitiam
1712 1761 1951 1829 aliquam
1986 1771 2083 1812 seu

502 1840 853 1908 traditionem
884 1855 1215 1923 exquireret,
1243 1870 1344 1909 nec
1376 1854 1670 1922 quidquam
1705 1867 1735 1905 a
1763 1850 1949 1921 puteis
1982 1848 2085 1902 illis

502 1944 788 2001 monachis
818 1945 908 2013 qui
946 1947 1018 1999 ibi
1057 1947 1239 2002 vivunt
1280 1947 1409 2001 sciri
1456 1946 1649 2014 potttit.
1689 1942 1952 1997 llontilias
1988 1956 2085 1993 au-

503 2046 610 2091 tem
642 2035 707 2090 de
756 2036 1173 2101 liesurrectione,
1209 2045 1263 2093 et
1294 2038 1428 2091 alias
1459 2038 1640 2107 plures
1668 2036 1734 2089 de
1777 2034 1978 2089 sanctis
2020 2048 2086 2087 ex

506 2124 766 2182 Vaticano
800 2126 989 2182 codice
1021 2127 1134 2197 jam
1175 2137 1303 2183 ante
1350 2127 1654 2198 descriptas
1706 2134 1759 2181 et
1803 2126 1853 2178 in
1896 2123 2086 2178 eodem
2124 2192 2132 2203 ‘

502 2218 672 2275 fuisse
707 2219 868 2285 libro,
903 2222 999 2277 sed
1041 2237 1146 2275 non
1185 2220 1307 2275 inde
1355 2220 1734 2288 transcriptas,
1784 2234 1850 2272 ne
1896 2230 2088 2282 snper-
2127 2212 2134 2221 ’

504 2324 801 2365 vacanemn
849 2326 1006 2381 opus,
1052 2321 1106 2366 et
1158 2313 1405 2380 impensa
1461 2312 1629 2366 ﬁeret.
1670 2306 1872 2363 Horum
1928 2307 2091 2377 igitur

2174 945 2295 987 esse
2324 939 2638 998 contentus,
2676 948 2779 988 nec
2820 932 2956 989 satis
2992 932 3288 988 lectoribus
3318 948 3429 988 uno
3472 934 3566 988 illo
3607 935 3776 990 testi-

2177 1024 2364 1080 monio
2416 1025 2539 1080 tidei
2607 1040 2705 1080 nec
2759 1025 3099 1080 auctoritatis
3156 1025 3311 1095 operi
3362 1024 3545 1081 facere
3605 1041 3776 1094 posse

2179 1117 2457 1181 viderem,
2508 1115 2577 1171 ad
2622 1126 2827 1171 certam
2877 1116 3326 1187 exploratamque
3370 1115 3441 1172 de
3489 1117 3556 1171 iis
3602 1117 3774 1172 tidem

2181 1208 2484 1263 habendam
2520 1207 2761 1263 animum
2791 1208 2991 1279 adjeci.
3022 1208 3090 1263 Et
3121 1210 3358 1279 primum
3394 1211 3614 1266 easdem
3648 1212 3720 1266 ill.
3745 1228 3778 1268 s

2179 1313 2303 1353 esse
2345 1297 2600 1352 homilias
2629 1312 2750 1366 qua:
2788 1297 3137 1368 Theophanis
3166 1299 3435 1365 Ceramei,
3470 1300 3779 1355 Taurome—

2182 1390 2351 1445 nitani
2386 1391 2668 1456 antistitis,
2697 1405 2726 1442 a
2758 1389 3057 1459 majoribus
3098 1399 3283 1446 essent
3311 1390 3477 1446 dicta:
3509 1404 3781 1461 receptre-

2181 1498 2319 1552 que,
2371 1484 2609 1552 comperi
2657 1497 2725 1537 ex
2776 1483 2893 1553 ipsa
2941 1483 3332 1549 inscriptione,
3382 1484 3643 1539 nimirum
3692 1486 3780 1549 εἰς

2181 1574 2249 1628 τὰ
2282 1573 2578 1644 εὐαγγέλια.
2613 1576 2890 1647 Κυριακὰ,
2927 1576 3023 1631 καὶ
3062 1576 3259 1647 ἑορτὰς
3296 1576 3391 1630 τοῦ
3430 1576 3554 1630 alea
3590 1578 3781 1631 évuu-

2183 1668 2295 1722 τοῦ.
2317 1668 2468 1736 Quod
2489 1684 2620 1725 sane
2638 1676 2853 1724 constat
2866 1685 2933 1724 ex
2950 1670 3200 1724 omnibus
3221 1671 3546 1726 testimoniis
3564 1686 3689 1741 qua:
3708 1671 3783 1727 de

2186 1759 2289 1815 huc
2316 1771 2539 1815 auctore
2567 1775 2853 1830 congeram
2889 1760 3052 1815 infra.
3090 1760 3293 1816 Deinde
3323 1776 3447 1816 cum
3488 1763 3781 1832 impressis

2188 1856 2329 1923 apud
2365 1854 2704 1917 Gretserum,
2745 1855 3062 1919 Baroninm,
3096 1855 3416 1927 Dionysium
3454 1873 3605 1911 meas
3637 1873 3777 1913 mss.

2187 1945 2412 2011 contuli,
2457 1956 2512 2000 et
2554 1946 2772 2016 quidem
2807 1957 3065 2001 constare
3097 1963 3294 2003 sensus
3323 1958 3378 2002 et
3410 1950 3580 2004 verba
3625 1950 3775 2015 vidi;

2189 2039 2439 2109 quamvis
2475 2038 2680 2108 aliquot
2728 2038 3032 2109 fragmenta
3080 2040 3164 2094 vel
3209 2043 3263 2095 in
3307 2055 3428 2095 meo
3467 2042 3777 2112 exemplari

2188 2129 2276 2183 vel
2328 2130 2381 2183 in
2430 2130 2716 2198 impressis
2767 2131 3057 2197 deessent,
3116 2134 3261 2204 quod
3312 2134 3637 2202 seriptormn
3693 2135 3779 2189 vel

2132 2298 2135 2299 ν
2189 2221 2346 2290 culpa
2375 2220 2459 2276 vel
2486 2237 2673 2277 errore
2707 2220 2908 2277 factum
2942 2237 3065 2279 esse
3101 2224 3342 2294 potuisse
3375 2226 3780 2280 animadverte-

2138 2366 2147 2371 -
2191 2314 2352 2379 bam;
2386 2322 2442 2368 et
2474 2329 2542 2368 ex
2574 2314 2787 2369 duabus
2828 2330 2992 2370 unam
3036 2316 3307 2387 integram
3344 2331 3505 2386 posse
3540 2318 3781 2386 restitui,

505 2404 899 2473 exemplarium
929 2404 1156 2459 alterum
1185 2404 1274 2459 hic
1304 2403 1555 2458 Panormi
1588 2402 1837 2457 relictum
1864 2409 1918 2454 et
1948 2400 2151 2481 inter};

2191 2405 2260 2460 de
2317 2404 2539 2475 reliquis
2584 2421 2711 2461 vero
2760 2407 3022 2463 continuo
3076 2409 3291 2465 litteras
3341 2411 3410 2466 ad
3461 2413 3675 2467 amicos
3724 2422 3783 2468 et

400 2565 409 2573 ο
505 2495 773 2565 reliquam
831 2495 1153 2549 litterariam
1208 2495 1633 2565 suppellectilem
1667 2495 1722 2547 in
1759 2505 1933 2547 morte
1985 2478 2146 2573 Ira-id

2192 2495 2441 2550 eruditos
2476 2495 2599 2551 misi
2634 2495 2885 2563 Romam,
2917 2499 2972 2552 in
3003 2498 3231 2561 Gallias.
3266 2501 3319 2555 in
3356 2500 3692 2570 Hispaniam,
3724 2503 3780 2557 in

2193 2585 2583 2655 Germaniam,
2642 2597 2740 2655 ut,
2796 2589 3094 2659 exploratis
3144 2592 3525 2658 bibliothecis,
3576 2596 3645 2647 de
3697 2592 3786 2647 his

2195 2662 2439 2734 homiliis
2464 2694 2552 2736 me
2572 2680 2858 2735 certiorem
2887 2681 3154 2736 lacerent.
3181 2681 3246 2735 Et
3272 2684 3491 2753 quidem
3519 2699 3580 2736 ex
3607 2684 3781 2738 Gallia

2196 2768 2257 2824 P.
2280 2769 2605 2826 Sirmundus
2624 2786 2733 2827 non
2756 2769 2917 2827 modo
2939 2773 3142 2830 indices
3158 2789 3223 2829 ex
3247 2777 3418 2830 tribus
3439 2776 3785 2831 bibliothecis

505 2587 675 2641 ditum
703 2587 806 2642 sibi
833 2585 893 2640 P.
921 2586 1175 2641 Alionsus
1202 2586 1475 2642 Cactanus
1500 2587 1615 2657 ejus
1646 2585 1813 2640 frater
1839 2569 2141 2664 speet-atati,

518 2679 798 2749 religionis
844 2680 946 2746 vir,
981 2690 1035 2735 et
1078 2682 1295 2748 pietatis
1325 2696 1391 2737 ac
1422 2680 1586 2736 studii
1618 2680 1670 2735 in
1702 2691 1920 2735 sanctos
1951 2677 2095 2732 viros
2122 2666 2149 2755 ξς,

508 2747 709 2829 Siciliae
757 2774 953 2835 haeres.
1003 2747 1088 2827 ad
1120 2787 1205 2827 me
1255 2773 1448 2828 detulit
1496 2791 1511 2827 :
1561 2773 1797 2828 viderent
1842 2787 1910 2826 an
1958 2747 2173 2853 loret‘

508 2881 687 2931 operte
723 2866 958 2934 pretium
985 2864 1277 2920 Latinitate
1309 2880 1374 2919 ac
1404 2864 1523 2920 luce
1551 2864 1786 2929 donare;
1820 2871 1874 2917 et
1907 2862 1953 2917 si
1978 2874 2097 2916 tan-

508 2967 623 3010 tum
643 2955 905 3016 laborem.
931 2964 1030 3010 etc
1057 2956 1270 3011 diurnis
1304 2956 1446 3012 meis
1461 2954 1910 3026 occupationibus
1933 2953 2096 3022 spatii

511 3060 725 3111 possem
779 3046 1116 3116 impendere,
1159 3045 1433 3117 negotium
1486 3046 1842 3115 susciperem.
1888 3043 2099 3099 Placuit

513 3138 856 3192 subscesivas
913 3137 1102 3193 saltem
1162 3137 1327 3194 horas
1380 3153 1446 3193 ex
1498 3138 1814 3208 qnotidiano
1868 3151 2139 3217 munere.

2198 2875 2336 2929 quas
2376 2860 2510 2928 disi,
2542 2862 2637 2918 sed
2662 2872 2718 2918 et
2745 2879 2910 2919 unam
2958 2880 3124 2919 manu
3162 2880 3260 2922 sua
3299 2868 3687 2936 transcriptum
3722 2871 3788 2923 de

2154 2948 2301 3028 ζδε.
2351 2952 2603 3021 apostolis
2650 2951 2808 3008 Petro
2838 2964 2887 3008 et
2921 2952 3120 3021 Paulo,
3164 2967 3219 3010 et
3265 2957 3471 3024 aliquot
3519 2959 3785 3025 protemia

2160 3118 2164 3127 ν
2200 3043 2413 3099 illarum
2448 3060 2566 3114 quas
2609 3045 2747 3101 mihi
2790 3054 2924 3102 tunc
2955 3050 3180 3104 deerant
3216 3048 3298 3103 vel
3345 3051 3555 3105 incerta
3587 3061 3786 3114 erant;

2177 3151 2266 3207 ,ac
2294 3148 2551 3207 praeterea
2579 3154 2703 3210 quae
2727 3140 3045 3197 humanitas
3069 3143 3124 3198 in
3151 3152 3301 3197 tanto
3334 3143 3451 3197 viro
3469 3153 3526 3198 ct
3547 3147 3791 3198 studium

512 3244 796 3299 pensaque
824 3229 1105 3286 sull'urari.
1148 3230 1390 3286 Alterum
1421 3246 1549 3286 vero
1580 3230 1720 3285 idem
1748 3229 1814 3285 ﬂ.
1845 3228 1905 3284 P.
1936 3228 2098 3282 Octa-
2121 3212 2159 3320 ξ

514 3323 659 3387 vius,
689 3331 747 3376 nt
776 3323 867 3393 qui
902 3323 1136 3377 maxime
1167 3332 1414 3391 cuperet,
1444 3331 1498 3378 et
1532 3338 1697 3377 unum
1736 3323 1839 3379 hoc
1871 3322 2101 3389 agitaret

512 3415 717 3479 animo,
768 3426 824 3468 ut
864 3415 949 3470 lite
998 3415 1237 3470 humilia:
1291 3418 1507 3471 tandem
1550 3415 1725 3471 lucem
1773 3416 2098 3485 aspicerent,
2128 3400 2147 3429 ⁵

512 3520 637 3570 quat
682 3508 783 3562 sibi
838 3508 958 3562 lnce
996 3508 1332 3577 dignissimae
1384 3508 1728 3573 videbantur,
1793 3507 1938 3561 umle
1991 3520 2101 3560 non
2130 3572 2153 3589 Ἰ

514 3616 740 3669 parvum
769 3601 1067 3658 Siciliensis
1093 3602 1335 3658 Ecclesia
1363 3601 1704 3670 Splendorem
1734 3610 1880 3656 esset
1908 3615 2100 3669 accep-
2138 3597 2157 3677 ξ

2201 3228 2517 3297 perﬁciendi
2548 3230 2729 3299 operis
2764 3230 2964 3297 inerat,
3007 3232 3192 3287 studio
3219 3248 3283 3287 ac
3314 3233 3594 3304 diligentia
3631 3250 3794 3288 recu-

2201 3320 2413 3390 peravit
2442 3321 2720 3391 exemplar
2745 3322 2876 3377 illud
2902 3324 3046 3392 quod
3073 3323 3186 3393 jam
3216 3324 3477 3379 amissum
3504 3326 3795 3380 existima-

2204 3410 2381 3476 batur,
2409 3418 2466 3465 et
2491 3410 2559 3466 ad
2592 3425 2679 3466 me
2714 3412 3020 3467 transmisit
3043 3428 3110 3469 ex
3138 3412 3313 3469 Gallia
3355 3414 3649 3468 incolume.
3681 3414 3797 3469 llue

2200 3502 2452 3571 quamvis
2480 3500 2682 3557 nullum
2713 3500 2992 3571 praeferret
3023 3505 3262 3559 auctoris
3289 3504 3531 3571 titulum,
3557 3506 3797 3562 fortasse

2201 3594 2332 3665 quia
2356 3594 2528 3664 prima
2554 3595 2761 3666 pagella
2783 3595 2841 3650 in
2865 3596 3065 3651 multas
3090 3611 3284 3652 manus
3306 3607 3359 3653 ct
3383 3598 3498 3654 loca
3528 3601 3798 3655 translata

518 3704 677 3752 tura,
728 3690 876 3747 misit
922 3692 975 3745 in
1023 3692 1227 3748 Gallias
1277 3692 1343 3748 ad
1396 3690 1655 3748 Jacobum
1712 3690 2099 3757 Sirmundum,
2144 3734 2149 3741 .

515 3799 631 3840 θος.
655 3781 807 3848 Jesu,
829 3785 986 3853 cujus
1007 3800 1172 3855 opera
1196 3785 1362 3840 multa
1384 3796 1545 3854 atque
1566 3786 1827 3853 praeclara
1852 3785 1904 3838 in
1929 3784 2099 3838 lucem
2137 3783 2148 3798 "

519 3872 748 3941 prolata,
784 3884 1020 3941 quantus
1054 3875 1135 3926 vir
1174 3876 1266 3938 sit,
1308 3875 1427 3928 sine
1470 3889 1582 3927 tttca
1619 3874 1871 3928 oratione
1913 3888 2009 3941 per
2042 3887 2101 3925 se

520 3966 776 4035 quamvis
820 3968 981 4020 tacita
1025 3966 1338 4035 ptvedicant,
1371 3981 1482 4036 quo
1525 3964 1708 4019 Retine
1739 3963 1801 4019 P.
1848 3963 2102 4021 Octavius

523 4062 702 4113 iuerat
746 4058 1086 4113 familiariter
1134 4075 1285 4121 usus.
1333 4068 1393 4112 ut
1441 4059 1520 4114 vel
1560 4058 1677 4128 ipse
1719 4064 1977 4118 Verteret,
2020 4056 2105 4109 vel

521 4151 777 4208 vertenda
809 4152 1001 4207 Latine
1023 4160 1261 4207 curaret.
1290 4151 1338 4206 Is
1365 4150 1611 4219 lampada
1642 4149 1868 4204 tradidit
1892 4148 1953 4203 P.
1980 4146 2106 4201 Dio-

521 4245 679 4314 nysio
722 4243 964 4308 Petavio,
999 4244 1279 4298 societatis
1303 4251 1521 4306 nostrae,
1542 4244 1635 4311 qtti
1663 4258 1774 4296 rem
1797 4256 2104 4311 aggressus,

522 4336 779 4403 primam,
805 4335 885 4397 si;
910 4334 1009 4403 τὴν
1034 4334 1208 4404 ἀρχὴν
1228 4335 1327 4403 τῆς
1368 4332 1646 4397 Ἰειδίκτου,
1672 4332 1916 4386 Latinam
1946 4332 2102 4397 fet-it;

524 4438 708 4497 postea
735 4428 896 4482 taedio
922 4427 1115 4491 victus,
1147 4437 1240 4480 aut
1267 4428 1471 4482 codicis
1499 4442 1660 4496 quem
1692 4425 1884 4480 habuit
1911 4427 2109 4482 obscu-

527 4515 707 4581 ritate,
737 4532 765 4566 ει
794 4524 976 4583 coepto
1020 4514 1247 4577 destitit,
1278 4522 1332 4568 et
1374 4514 1475 4569 sibi
1506 4526 1789 4568 externum
1832 4514 2107 4569 hominem

525 4608 841 4677 snhrOgavit
865 4606 958 4676 qni
987 4620 1093 4661 non
1123 4607 1280 4661 modo
1310 4619 1422 4659 rem
1447 4621 1555 4658 non
1584 4615 1669 4660 est
1690 4621 1868 4671 orsus,
1894 4607 1989 4661 sed
2016 4607 2106 4660 vix

526 4702 742 4757 tandem
791 4700 923 4756 illttd
959 4699 1237 4769 exemplar
1281 4699 1536 4755 restituit.
1570 4698 1677 4753 Sed
1722 4698 1784 4753 P.
1821 4698 2109 4771 Dionysius

526 4807 595 4847 ne
630 4792 935 4847 lucubratio
962 4806 1058 4844 sua
1104 4790 1192 4845 illa
1244 4792 1468 4859 periret,
1503 4789 1780 4843 homiliatn
1813 4789 1957 4843 illnn
2005 4792 2109 4844 sub

433 4932 440 4938 .
530 4885 750 4937 nomine
789 4882 1033 4952 Gregorii
1072 4881 1245 4937 edidit
1288 4880 1473 4937 (ἐνίετε
1506 4891 1560 4935 et
1605 4880 1795 4937 Latine
1843 4896 1948 4934 una
1984 4894 2108 4934 cum

530 4974 756 5028 historia
803 4974 1092 5043 Nicephori
1135 4972 1460 5044 patriarcha:
1489 4972 2107 5042 Constantinopolitani;

530 5081 654 5136 quae
691 5068 909 5134 quidem
957 5068 1028 5120 ita
1059 5084 1121 5124 se
1146 5067 1352 5122 habere
1393 5075 1506 5121 tum
1533 5069 1599 5120 ad
1627 5083 1712 5121 me
1750 5067 1969 5135 scripsit
1994 5065 2112 5134 epi-

534 5159 672 5214 stola
707 5174 804 5214 sua
842 5159 899 5213 Ρ.
935 5158 1280 5223 Sirmundus.
1317 5168 1432 5214 tum
1463 5159 1579 5230 ipse
1605 5160 1669 5217 P.
1705 5151 1989 5230 Dionysius
2020 5160 2112 5215 lit-

536 5256 672 5311 teris
699 5263 754 5309 et
791 5256 1061 5308 memoria:
1099 5256 1335 5325 prodidit
1366 5256 1416 5311 in
1446 5271 1545 5311 suo
1579 5255 1669 5309 illo
1705 5255 1903 5319 libello,
1938 5256 2025 5310 ulti
2059 5257 2111 5310 in

534 5349 678 5404 notis
698 5347 1095 5416 chronologicis
1116 5363 1237 5403 cum
1255 5350 1322 5403 de
1338 5349 1632 5404 indictione
1655 5350 1785 5420 agit.
1806 5350 1883 5402 sic
1902 5349 2112 5404 scribit;

535 5442 691 5508 Quod
730 5443 1011 5511 posterius,
1046 5449 1102 5493 ut
1131 5441 1267 5494 alios
1301 5443 1560 5508 omittam,
1603 5442 1887 5512 Gregorius
1932 5445 2114 5512 Κερα-

540 5536 698 5604 pain,
750 5532 1230 5588 Tauromenitauus
1277 5535 1720 5602 archiepiscopus.
1769 5534 1967 5605 iudicat
2019 5537 2117 5586 Ito-

539 5626 687 5678 milia
722 5629 803 5687 εἰς
850 5627 948 5696 τὴν
1004 5627 1180 5696 ἀρχὴν
1218 5624 1319 5693 τῆς
1365 5626 1645 5689 Ἰνδίκτου,
1687 5626 1807 5694 ἦτοι
1845 5624 1940 5676 τοῦ
1994 5623 2117 5676 νέου

542 5719 731 5787 ιτους,
760 5736 919 5791 quant
965 5738 1057 5778 nos
1109 5736 1213 5775 una
1261 5734 1378 5775 cum
1430 5719 1551 5772 aliis
1600 5718 1839 5787 pluribus
1888 5715 2121 5785 ejusdem

2204 3702 2271 3742 ac
2301 3688 2499 3742 detrita
2525 3687 2829 3752 interierat,
2859 3697 3040 3744 tamen
3070 3688 3276 3744 contuli
3303 3704 3430 3746 cum
3459 3705 3581 3745 meo
3601 3705 3796 3746 exetn-

2205 3779 2364 3849 plari,
2396 3788 2455 3833 ut
2486 3795 2608 3833 cum
2651 3781 2874 3836 easdem
2917 3795 3042 3836 esse
3077 3781 3330 3837 homilias
3375 3783 3793 3851 comperissem,

2204 3872 2560 3926 conﬁrmatus
2596 3872 2765 3941 magis
2795 3872 2847 3926 in
2892 3874 2995 3929 [ide
3033 3874 3424 3941 exemplarium
3457 3889 3577 3930 sum
3609 3890 3627 3927 :
3662 3876 3797 3943 quin

2204 3974 2259 4018 et
2285 3963 2528 4018 lucratus
2551 3979 2617 4019 ex
2643 3978 2709 4018 eo
2741 3964 2941 4020 multas
2970 3965 3220 4021 homilias
3247 3981 3367 4035 quae
3399 3965 3451 4019 in
3487 3982 3605 4021 meo
3629 3968 3798 4021 dees-

2205 4067 2350 4122 sent,
2394 4064 2450 4111 et
2488 4056 2603 4110 loca
2651 4056 2883 4125 plurima
2932 4073 3053 4127 quae
3102 4058 3155 4112 in
3208 4074 3330 4113 meo
3379 4059 3565 4115 itidem
3612 4071 3803 4115 essent

2207 4149 2500 4213 intercisa,
2557 4148 2896 4219 depravata,
2953 4151 3242 4206 obscurata
3306 4165 3464 4221 posse
3517 4151 3801 4220 suppleri,

2207 4240 2526 4306 emendari,
2584 4241 2847 4296 illustrari
2887 4241 2991 4296 vidi
3033 4251 3134 4297 :et
3184 4258 3307 4298 cum
3357 4242 3410 4297 in
3459 4242 3553 4298 illo
3602 4259 3804 4300 sensus

2207 4342 2392 4389 essent
2436 4332 2632 4403 integri
2674 4332 2845 4401 magis
2884 4341 2940 4387 et
2981 4333 3121 4402 pleni
3152 4348 3315 4401 quant
3347 4334 3400 4388 itt
3431 4349 3572 4398 meo,
3606 4334 3659 4387 in
3694 4335 3803 4388 hoc

2208 4435 2393 4481 autem
2430 4424 2703 4494 scriptura
2743 4424 2857 4494 ipsa
2887 4425 3003 4478 sive
3031 4424 3423 4494 orthographia
3456 4426 3808 4481 emendatior

2208 4523 2265 4569 et
2295 4512 2497 4567 clarior
2524 4526 2685 4581 quam
2718 4511 2772 4565 in
2804 4511 2920 4578 illo,
2949 4526 3014 4567 ex
3050 4521 3284 4581 utroque
3320 4513 3464 4583 quod
3501 4522 3619 4566 erat
3654 4514 3807 4570 Iace-

2210 4619 2328 4659 rum
2367 4602 2723 4671 mutilumque
2749 4601 2910 4657 refeci
2958 4612 3122 4673 atque
3152 4605 3376 4669 sanari,
3417 4605 3562 4674 quod
3605 4604 3806 4674 depra-

2211 4706 2394 4750 vatum
2441 4696 2678 4761 correxi,
2732 4696 2875 4761 quod
2929 4697 3224 4751 obscurum
3279 4696 3583 4759 illustravi;
3633 4706 3807 4766 atque

2211 4788 2284 4849 ita
2355 4789 2596 4856 integras
2663 4786 3040 4857 perfectasque
3098 4787 3354 4843 homilias
3410 4788 3806 4845 describendas

2210 4878 2555 4949 cdendasque
2584 4880 2795 4935 curavi.
2829 4879 3055 4934 Addidit
3089 4891 3348 4949 praeterea
3380 4879 3440 4934 P.
3473 4879 3803 4937 Strtnundus

2211 4973 2568 5040 exscripsisse
2589 4988 2648 5028 se
2671 4972 2855 5027 Romae
2875 4987 2942 5027 ex
2966 4974 3192 5041 antiquo
3217 4973 3513 5041 exemplari
3544 4973 3800 5029 undecim

2215 5066 2465 5120 homilias
2493 5065 2573 5128 εἰς
2601 5066 2671 5118 τὰ
2700 5064 2923 5128 suam.
2955 5080 3094 5133 quas
3124 5064 3345 5121 easdem
3389 5067 3552 5120 etiam
3597 5066 3803 5134 reperi,

2218 5158 2326 5213 Deo
2359 5162 2508 5227 operi
2561 5157 2862 5224 aspirante,
2901 5156 2954 5209 in
3006 5157 3375 5212 monumentis
3410 5172 3439 5210 a
3474 5157 3537 5212 Ρ.
3573 5157 3806 5213 Octavio
3862 5158 3867 5161 ’

2218 5252 2421 5306 relictis
2443 5258 2496 5305 et
2522 5250 2653 5304 tnihi
2687 5249 2921 5306 traditis.
2951 5247 3029 5303 Ex
3060 5250 3256 5317 quibus
3284 5249 3499 5305 collatis
3526 5266 3645 5305 eum
3677 5252 3806 5307 aliis

2218 5341 2442 5397 totidem
2493 5341 2600 5397 mei
2646 5340 2976 5410 exemplaris
3027 5355 3129 5395 non
3178 5355 3366 5409 parum
3415 5340 3550 5396 lucis
3577 5354 3642 5394 ac
3677 5342 3808 5397 ﬁdei

2219 5433 2426 5502 accepi.
2482 5432 2653 5487 Roma
2713 5447 2821 5487 non
2879 5431 3053 5486 solum
3113 5430 3502 5487 conferendum
3569 5431 3808 5487 indicem

2220 5518 2660 5598 argumentorum
2693 5538 2747 5581 et
2791 5526 3185 5596 principiorum
3231 5532 3444 5588 curavi,
3475 5527 3566 5580 sed
3595 5525 3812 5580 exscri-

2221 5621 2425 5673 bendas
2471 5618 2635 5673 etiam
2687 5617 2972 5686 plurimas,
3026 5627 3137 5671 tum
3188 5632 3326 5686 quas
3371 5632 3477 5672 non
3521 5617 3804 5679 haberem,

2229 5723 2344 5768 tum
2397 5727 2585 5769 earum
2646 5725 2784 5782 quas
2848 5710 3126 5769 haberem.
3178 5708 3245 5765 Et
3296 5709 3514 5780 quidem
3566 5709 3701 5765 duas
3749 5710 3829 5769 ρι’
