4062 6214
1225 245 1254 274 \

283 337 392 403 1‘25

280 454 473 524 viginti
509 454 756 522 integras
801 449 1018 520 accepi;
1069 447 1266 518 quibus
1310 448 1352 500 si
1400 446 1564 499 addas
1611 438 1863 494 undecim

277 556 364 616 εἰς
389 551 458 604 τὰ
489 548 690 602 ἑωθινιά
717 555 771 601 et
804 545 940 600 alius
968 559 1070 596 non
1102 555 1298 609 paucas
1327 540 1392 594 de
1418 536 1642 599 sanctis,
1671 533 1716 587 si
1751 546 1858 585 non

280 659 500 708 outues,
541 650 692 696 certe
726 638 1013 693 maximam
1056 642 1259 703 partem
1290 630 1635 685 bomiliarum
1657 641 1687 679 e
1717 621 1870 676 Vati-

284 755 422 794 cana
488 735 814 792 bibliotheca
878 731 1226 797 depromptas
1291 723 1466 793 possis
1525 731 1864 789 agnoscere;

287 835 490 904 quibus
525 846 646 884 cum
693 824 1022 883 conveniant
1060 836 1138 874 ea:
1169 831 1291 886 quae
1321 817 1370 868 in
1413 823 1643 880 utroque
1684 824 1872 863 exem-

287 927 424 994 plari
461 936 573 978 tum
608 918 1021 976 Panormitam,
1056 924 1164 966 tum
1201 908 1480 964 Gallicano
1511 904 1610 973 (sic
1641 916 1701 956 ea
1738 913 1868 952 vero

285 1015 657 1086 distinguendi
723 1011 940 1082 gratia),
1003 1009 1068 1060 de
1127 1003 1342 1059 caeteris
1406 1000 1549 1054 idem
1603 995 1866 1064 judicium

286 1113 531 1182 prudens
578 1109 759 1162 facere
807 1105 1018 1172 possis;
1059 1108 1113 1155 et
1151 1111 1343 1159 omnes
1387 1093 1608 1164 perinde
1645 1091 1869 1159 habere,

291 1220 355 1258 ac
379 1202 424 1256 si
455 1215 647 1255 omnes
671 1198 890 1251 omnino
917 1195 1127 1248 collatae
1154 1189 1400 1250 fuissent,
1430 1196 1482 1239 et
1505 1199 1570 1238 ex
1599 1181 1870 1235 Vaticana:

289 1295 642 1352 bibliothecae
681 1290 784 1342 lide
811 1302 839 1342 a
870 1303 955 1340 me
990 1286 1263 1338 traductas
1305 1260 1870 1350 publicatasquecen-

290 1401 438 1443 sere.
465 1383 601 1436 Illud
628 1380 790 1435 etiam
823 1376 1123 1432 utouuerim
1150 1373 1214 1426 ad
1243 1367 1670 1426 conﬁrmandam
1705 1363 1870 1430 hujus

289 1481 475 1549 operis
523 1477 706 1536 ﬁdem,
764 1487 871 1526 una
915 1479 1140 1538 excepta
1185 1464 1426 1527 bomilia,
1480 1461 1544 1513 de
1577 1456 1871 1527 iegisperizo

294 1577 654 1642 interrogante
695 1568 974 1622 Dominum
1009 1559 1218 1635 (homil.
1266 1558 1366 1626 χι),
1401 1555 1638 1624 reliquas
1679 1562 1870 1604 o:nnes

298 1681 367 1720 ex
399 1665 605 1720 duobus
643 1662 928 1728 tribusque
961 1651 1364 1722 exemplaribus
1401 1651 1542 1703 inter
1571 1662 1626 1701 se
1657 1644 1869 1699 collatis

294 1775 326 1813 a
359 1773 444 1812 me
476 1755 723 1827 proferri.
757 1753 907 1820 Quod
949 1752 1001 1805 in
1048 1747 1378 1816 singularum
1429 1744 1570 1796 notis
1617 1737 1871 1793 animad-

296 1862 550 1917 vertam;
587 1851 670 1904 ubi
706 1846 914 1902 etiamsi
948 1843 1074 1914 quid
1109 1841 1263 1896 lectio
1293 1837 1484 1897 variet,
1517 1836 1561 1889 si
1595 1834 1719 1902 quid
1751 1847 1866 1886 mea

293 1947 613 2017 eotnjectura
648 1950 954 1998 correctum
992 1939 1409 2000 restitutumque
1443 1931 1535 1995 sit,
1568 1929 1610 1982 si
1645 1927 1772 1996 quid
1804 1940 1870 1980 ex

296 2039 555 2094 omnibus
609 2033 932 2090 lectionibus
987 2031 1189 2082 rectius
1254 2025 1502 2077 videatur
1549 2029 1601 2074 et
1654 2017 1868 2082 verius,

296 2134 442 2204 quod
486 2141 665 2185 tamen
701 2127 774 2181 sit
805 2122 1036 2192 alicujus
1078 2117 1353 2181 momenti,
1395 2111 1713 2169 admonebo.

730 2240 758 2312 §
797 2240 880 2294 Ill.
917 2236 1060 2293 Ordo
1094 2231 1454 2290 Itomiliarum.

372 2363 492 2419 Non
523 2369 606 2416 est
637 2358 742 2412 alia
775 2355 944 2411 series
984 2353 1172 2406 barum
1212 2347 1578 2410 homiliarum,
1614 2355 1776 2412 quam
1808 2355 1872 2394 ea

300 2472 412 2524 qua
451 2463 582 2509 sunt
628 2448 904 2518 evangelia
946 2461 1042 2515 per
1079 2444 1196 2498 dies
1247 2439 1552 2495 Dominicos
1603 2436 1874 2499 festosque

298 2553 622 2601 sanctorum
647 2557 737 2608 per
759 2555 958 2592 annum
981 2535 1293 2592 Graecorum
1330 2533 1436 2584 ritu
1477 2529 1700 2595 digesta.
1730 2525 1876 2580 Con-

299 2646 421 2694 stat
451 2646 626 2690 autem
665 2648 764 2688 non
799 2632 971 2685 solum
1005 2631 1069 2682 ὲκ
1103 2627 1195 2679 τοῦ
1225 2617 1742 2690 Εὐαγγελισταρίου,
1773 2618 1876 2670 hoc

301 2742 410 2795 est,
445 2731 586 2785 libro
615 2743 721 2798 quo
759 2723 1028 2790 saangelia
1073 2719 1336 2787 descripta
1370 2723 1498 2770 sunt
1535 2715 1586 2766 in
1620 2710 1877 2774 Liturgiis

305 2823 612 2884 recitanda,
646 2836 742 2874 nec
777 2833 845 2871 ex
871 2814 1087 2870 Menu'is
1109 2812 1304 2872 solum,
1359 2808 1412 2862 in
1456 2805 1650 2875 quibus
1691 2815 1876 2871 preces

301 2924 361 2970 et
391 2911 571 2984 hymni
597 2917 906 2964 sanctorum
929 2918 1026 2974 per
1050 2914 1261 2955 menses
1290 2894 1556 2966 dispositi,
1595 2891 1688 2946 sed
1713 2889 1875 2942 etiam

304 3023 373 3060 ex
424 2983 614 3059 nostro
647 2998 977 3066 Theophane
1036 2995 1088 3048 in
1141 2989 1360 3046 homilia
1416 2986 1572 3053 cujus
1617 2983 1874 3037 initium:

316 3095 647 3163 Ἐπειδήπερ
699 3088 874 3159 ἀρχὴν
925 3085 1138 3155 εἰλήφει
1168 3084 1408 3151 σήμερον
1442 3075 1646 3146 (homil.
1673 3072 1750 3135 ν),
1770 3083 1878 3141 quo

301 3187 498 3242 ordine
532 3182 814 3251 evangelia
847 3177 1137 3234 distributa
1171 3174 1301 3228 sint.
1328 3169 1588 3224 lnchoant
1617 3165 1759 3220 enim
1784 3179 1880 3216 an-

307 3296 438 3334 num
469 3275 900 3334 ecclesiasticum
932 3287 959 3323 a
991 3265 1328 3338 Septembri;
1367 3271 1421 3316 et
1454 3259 1730 3316 Dominica
1761 3263 1880 3325 post

305 3371 707 3427 Exaltationetn
761 3375 962 3420 sanctae
993 3361 1171 3418 crucis
1217 3373 1282 3412 ex
1319 3358 1376 3411 S.
1411 3355 1549 3409 Luca
1583 3352 1759 3418 legere
1795 3350 1880 3402 in-

305 3465 541 3533 cipiunt,
580 3475 750 3527 usque
773 3458 838 3511 ad
867 3451 1380 3522 Quadragesimam:
1411 3461 1517 3516 quo
1549 3454 1787 3512 tempore
1809 3455 1873 3494 ex

306 3555 492 3613 Marco
515 3567 688 3624 usque
717 3551 782 3605 ad
808 3547 1048 3606 Pascha;
1076 3545 1201 3597 hinc
1223 3553 1392 3607 usque
1423 3539 1488 3592 ad
1522 3536 1877 3589 Pentecosten

307 3665 377 3704 ex
435 3647 682 3701 Joanne:
715 3640 910 3694 exinde
939 3651 1002 3691 ex
1037 3634 1092 3689 S.
1123 3631 1396 3695 Muttltteo,
1429 3641 1535 3696 quo
1561 3624 1747 3679 orbem
1782 3637 1882 3676 an-

305 3753 477 3794 nuum
530 3734 787 3790 claudunt
822 3731 873 3784 in
921 3728 1182 3796 Augusto.
1230 3722 1382 3787 Quod
1415 3719 1581 3774 etiam
1617 3717 1670 3769 in
1700 3715 1883 3769 codice

311 3836 578 3888 Vaticano
607 3839 732 3900 post
762 3826 1038 3882 bomiliam
1078 3822 1151 3875 De
1179 3828 1364 3872 sancto
1395 3815 1604 3869 Joanne
1637 3809 1881 3882 Baptista

315 3925 529 3997 (homil.
563 3923 674 3989 ut)
697 3935 816 3988 quae
837 3917 1044 3984 incipit,
1072 3911 1265 3972 Καλῶς
1300 3910 1613 3978 ἐφήρμοσεν
1645 3907 1678 3973 ἡ
1708 3903 1878 3968 τάξις,

316 4019 640 4072 adnotatum
675 4021 758 4066 est
795 4011 879 4064 bis
904 4008 1103 4068 verbis,
1127 4004 1328 4057 ’ἰστέον
1367 4003 1448 4054 ὃτι
1476 3999 1580 4061 ἕως
1608 3991 1710 4050 ὦδε
1746 3995 1885 4062 πλη-

309 4108 504 4181 ροῦται
518 4107 582 4161 τὸ
606 4104 922 4175 μηνολόγιον
950 4099 1056 4153 ἀπὸ
1071 4096 1164 4150 τοῦ
1185 4092 1562 4164 Σεπτεμϐρίου
1583 4089 1884 4161 ἀρχόμενον

305 4203 473 4255 οἱονεὶ
513 4200 609 4252 καὶ
655 4197 716 4250 τὸ
771 4195 923 4256 τέλος
967 4193 1059 4244 τοῦ
1112 4189 1423 4257 Αὐγούστου
1483 4183 1882 4252 τελειούμενον.

313 4293 626 4352 Sciendum,
657 4291 794 4356 quod
827 4289 912 4340 hic
933 4285 1122 4338 desinit
1162 4279 1509 4348 menologium
1537 4293 1568 4329 a
1596 4270 1886 4345 Septembri

307 4387 568 4453 incipiens
605 4392 654 4436 et
707 4382 762 4434 in
815 4381 918 4447 ﬁne
959 4376 1187 4446 Augusti
1225 4372 1556 4441 completum.
1587 4368 1765 4437 Atque
1800 4366 1886 4419 hic

309 4480 449 4533 ordo
483 4478 802 4542 plerumque
835 4477 1044 4525 constat
1074 4468 1125 4521 in
1150 4465 1400 4519 omnibus
1439 4461 1717 4516 codicibus
1751 4473 1882 4512 mss.

311 4573 405 4638 qui
452 4581 643 4623 omnes
677 4564 936 4632 incipiunt
983 4561 1048 4613 ab
1076 4557 1295 4612 homilia
1330 4556 1412 4617 εἰς
1460 4553 1560 4623 τὴν
1602 4552 1884 4614 ἰνδικτον,

313 4663 435 4731 ἦτοι
471 4657 648 4727 ἀρχὴν
679 4655 772 4708 τοῦ
796 4657 917 4708 νέου
957 4651 1136 4715 ἔτους,
1176 4663 1295 4718 qnte
1323 4657 1406 4702 est
1433 4647 1502 4701 de
1536 4658 1722 4699 mense
1750 4643 1886 4709 Sep-

319 4751 538 4814 tembri,
585 4759 641 4803 et
679 4747 950 4807 desinunt,
1009 4743 1152 4812 quod
1205 4741 1270 4793 ad
1318 4737 1595 4806 evangelia
1647 4734 1888 4806 κυριακά

320 4844 552 4905 attinet,
603 4841 655 4892 itt
690 4851 808 4891 eam
842 4848 964 4901 quae
995 4841 1077 4886 est
1103 4831 1168 4884 de
1192 4829 1350 4882 divite
1385 4829 1744 4894 interrogante
1779 4822 1886 4874 Do-

316 4935 519 4986 minum
559 4927 768 5000 (homil.
798 4924 959 4994 xcv);
991 4922 1136 4993 quod
1174 4935 1302 4975 vero
1342 4921 1408 4971 ad
1456 4919 1621 4981 festa,
1669 4916 1720 4968 in
1767 4928 1884 4968 eam

314 5041 440 5096 qua!
472 5031 558 5078 est
584 5026 647 5076 de
677 5020 736 5076 S.
767 5019 996 5074 Joannis
1025 5015 1280 5085 Baptista
1303 5009 1652 5066 decollatione
1675 5008 1884 5077 (homil.

317 5119 456 5185 ut),
491 5117 547 5170 in
585 5113 738 5182 cujus
771 5111 1034 5180 prooemio
1070 5110 1185 5178 ipse
1226 5105 1584 5172 Theophanes
1625 5100 1754 5154 illud
1788 5099 1888 5154 ad-

318 5210 506 5273 vertit,
544 5213 689 5260 recte
718 5205 773 5258 in
808 5205 926 5272 ipso
956 5201 1013 5256 S.
1044 5201 1384 5254 Prtecursore
1419 5194 1554 5248 finiri
1588 5208 1811 5256 annum,
1835 5198 1890 5244 et

315 5299 518 5355 exinde
565 5310 760 5350 novum
814 5291 1082 5358 inchoari,
1138 5290 1282 5358 quod
1328 5289 1441 5356 ipse
1485 5285 1650 5340 fuerit
1679 5285 1890 5337 medius

315 5394 460 5448 inter
513 5399 748 5444 veterem
795 5385 965 5454 legem
1000 5393 1055 5438 et
1098 5396 1315 5437 novam.
1355 5378 1506 5434 Hunc
1533 5379 1779 5433 ordinem
1808 5377 1886 5430 ri-

317 5497 547 5553 tumque
573 5481 975 5552 evangeliorum
1002 5479 1166 5532 etiam
1192 5477 1430 5531 retinere
1462 5475 1513 5526 in
1551 5480 1734 5526 nostro
1755 5471 1891 5522 libro

317 5581 499 5633 visum
548 5591 787 5645 aequum,
841 5573 1098 5628 nimirum
1155 5579 1216 5623 ut
1263 5567 1568 5637 antiquitati
1620 5564 1794 5618 Patris
1839 5571 1894 5616 et

314 5668 564 5722 codicum
602 5664 908 5718 auctoritati
946 5673 1002 5714 et
1033 5658 1224 5713 Grtceo
1250 5657 1414 5711 veteri
1451 5656 1578 5709 ritui
1612 5654 1762 5709 locus
1793 5655 1891 5707 da-

315 5770 468 5815 retur
491 5774 644 5814 suus.
669 5756 800 5812 Nam
823 5754 1036 5811 etiamsi
1071 5754 1137 5808 ad
1159 5751 1414 5807 Romana:
1435 5747 1689 5805 Ecclesiae
1723 5748 1882 5802 ritum

1268 326 1672 392 FRANCISCI
1709 321 1978 384 SCORSI
2016 323 2451 390 PROCEMIUM
2484 328 2596 392 III.

3441 326 3545 392 126

1971 442 2402 515 positionemque
2462 444 2866 516 evangeliorum
2913 445 2964 500 in
3023 459 3087 500 ea
3146 443 3400 499 usitatam
3447 460 3543 498 cas

1975 536 2230 590 ordinare
2266 538 2646 603 voluissemus,
2679 553 2776 594 nec
2795 552 2984 593 omnes
3013 550 3292 593 sermones
3317 537 3540 605 explere

1973 629 2282 683 Dominicos
2307 628 2580 698 festosque
2611 629 2908 697 potuissent
2938 629 3072 692 dies,
3099 638 3151 682 et
3175 627 3364 695 aliqua:
3387 633 3540 679 extra

1973 721 2279 774 Dominicas
2298 719 2574 788 festosque
2595 720 2778 790 vagari
2802 718 3134 772 debuissent.
3155 717 3226 772 Ut
3249 718 3390 771 enim
3416 733 3536 771 cum

1972 821 2158 865 nostro
2211 813 2316 864 ritu
2375 813 2701 864 conveniant
2755 809 2956 876 aliqua,
3017 808 3166 876 plura
3214 808 3540 872 discrepent,

1974 915 2153 958 tamen
2186 917 2361 972 neque
2403 903 2631 956 multum
2661 903 2928 955 interesse
2955 902 3021 952 ad
3049 899 3334 952 utilitatem
3372 898 3541 951 lecto-

1972 1013 2089 1051 l'llm
2119 997 2288 1050 visum
2341 1003 2427 1050 θεῖ
2476 1009 2643 1049 800118
2693 1008 2759 1046 an
2801 1002 2987 1047 11081.Γο
3024 991 3421 1044 collocarentur
3447 1003 3543 1040 or-

1972 1090 2116 1154 dine,
2178 1103 2300 1141 cunt
2368 1086 2504 1140 satis
2560 1086 2609 1139 ei
2665 1082 2974 1136 consultum
3022 1088 3163 1133 esset
3219 1079 3261 1133 si
3312 1079 3541 1131 iudicem

1971 1182 2298 1251 peculiarem
2326 1178 2726 1247 evangeliorum
2756 1175 3014 1228 [tornatur
3055 1171 3308 1225 Ecclesiae
3340 1169 3544 1222 dest-ri-

1973 1271 2246 1331 heremus,
2298 1272 2351 1321 iu
2403 1268 2598 1334 quibus
2644 1266 2801 1333 hujus
2846 1261 3020 1316 Patris
3066 1260 3335 1329 expositio
3377 1258 3545 1326 possit

1971 1361 2180 1414 haberi.
2238 1357 2615 1414 Verumtamen
2668 1357 2827 1410 etiam
2873 1353 3133 1420 optinmm
3180 1350 3325 1403 factu
3370 1349 3542 1401 visum

1969 1461 2072 1515 est,
2116 1460 2173 1504 ut
2203 1451 2455 1505 homilias
2481 1450 2534 1503 in
2566 1444 2840 1517 evangelia
2874 1440 3220 1497 Dominicalia
3263 1440 3544 1508 disjunge-

1971 1560 2150 1598 remus
2193 1543 2262 1598 ab
2313 1543 2378 1597 iis
2421 1556 2539 1610 quae
2576 1548 2703 1594 sunt
2782 1537 2832 1591 iu
2886 1534 3025 1590 festa
3113 1543 3448 1593 sanctorum,
3491 1539 3548 1583 ut

1973 1646 2323 1703 utrarumque
2388 1631 2680 1686 ἀκολουθία
2735 1627 3071 1682 commodior
3128 1635 3182 1678 et
3240 1621 3540 1678 evidentior

1971 1735 2136 1781 esset.
2195 1724 2512 1792 Quanquam
2550 1721 2694 1775 enim
2736 1717 2972 1772 homilite
3009 1717 3059 1768 in
3104 1713 3379 1782 evangelia
3411 1725 3540 1765 san-

1972 1829 2184 1876 ctorum
2225 1819 2334 1871 sint
2378 1812 2675 1880 interiecta:
2710 1808 3004 1864 Dominicis
3051 1804 3279 1870 diebus,
3330 1815 3544 1857 servato

1973 1914 2160 1968 eodem
2187 1909 2312 1964 anui
2346 1909 2601 1966 decursu,
2637 1913 2815 1956 tamen
2843 1899 3054 1954 variant
3081 1896 3308 1951 mirifice
3334 1895 3548 1948 codices

1975 2007 2028 2058 in
2062 2005 2146 2057 bis
2174 2003 2314 2056 inter
2340 2013 2397 2053 se
2423 1994 2763 2057 ordinaudis,
2789 2000 2848 2044 ut
2881 1991 2933 2044 in
2969 1989 3088 2042 aliis
3127 1986 3228 2040 alia
3256 1983 3543 2054 praecedat,

1975 2097 2084 2151 alia
2121 2095 2502 2161 subsequatur.
2536 2087 2718 2152 Quare
2747 2098 2867 2138 cum
2893 2095 3066 2148 neque
3094 2089 3276 2132 certus
3301 2092 3364 2130 ex
3398 2074 3548 2128 codi-

1975 2190 2128 2244 cibus
2163 2184 2324 2240 statui
2359 2181 2531 2250 possit
2564 2176 2718 2239 ordo,
2763 2189 2862 2229 nec
2905 2181 3053 2226 esset
3107 2168 3291 2235 religio
3333 2167 3545 2220 illorum

1973 2281 2223 2336 deserere
2253 2273 2596 2336 ἀκολουθίαν,
2632 2268 2788 2322 modo
2817 2263 3096 2319 commoda
3124 2261 3300 2327 aliqua
3329 2267 3383 2312 et
3407 2273 3542 2310 cou-

1973 2382 2234 2428 sentanea
2269 2367 2664 2426 institueretur,
2693 2361 2759 2412 ab
2791 2355 2977 2410 alteris
3006 2354 3208 2406 alteros
3237 2350 3550 2419 discerpere

1974 2463 2144 2518 satius
2192 2459 2475 2518 duximus,
2523 2463 2575 2507 et
2620 2450 2770 2520 quasi
2815 2445 3108 2500 secundum
3143 2452 3344 2494 tomum
3373 2448 3427 2493 et
3454 2453 3551 2493 no-

1976 2566 2099 2604 vum
2133 2548 2343 2602 initium
2379 2542 2557 2598 facere
2591 2543 2656 2592 ab
2699 2535 2918 2591 humilia
2965 2533 3028 2585 de
3065 2542 3250 2585 sancto
3287 2528 3552 2581 Demetrio

1976 2641 2187 2708 (homil.
2221 2638 2386 2705 xcvr).
2417 2634 2738 2700 Quanquam
2767 2627 2854 2680 illa
2889 2640 3008 2694 quae
3037 2633 3120 2678 est
3159 2625 3214 2676 in
3251 2622 3379 2674 anni
3401 2620 3551 2683 prin-

1975 2735 2192 2804 cipium,
2248 2745 2369 2784 cum
2423 2728 2493 2781 sit
2539 2734 2700 2793 caput
2747 2737 2851 2776 non
2897 2720 3071 2775 solum
3122 2715 3405 2774 festorum,
3455 2710 3549 2763 sed

1975 2827 2138 2881 etiam
2173 2821 2599 2880 Dominicarum,
2621 2814 2978 2880 stabilemque
3009 2811 3190 2863 sedem
3216 2807 3268 2859 in
3293 2803 3547 2859 oumibus

1975 2916 2254 2972 codicibus
2285 2913 2501 2975 habeat,
2542 2909 2718 2978 primo
2766 2905 2950 2958 itidem
2998 2902 3117 2956 loco
3154 2897 3457 2967 positimus.
3490 2901 3549 2946 ttt

1975 3012 2214 3067 omnium
2263 3008 2488 3061 chorum
2535 3004 2786 3064 duceret;
2831 3005 3093 3067 przeterca
3141 2989 3416 3044 homiliam
3453 3001 3549 3039 seu

1975 3106 2154 3173 potius
2176 3099 2475 3154 orationem
2495 3097 2548 3149 in
2579 3091 2963 3148 Exaltationem
2983 3094 3176 3140 sancite
3201 3079 3386 3135 Cruris
3435 3089 3554 3144 quae

1977 3208 2108 3249 sane
2133 3192 2198 3245 de
2220 3192 2360 3245 festo
2386 3197 2487 3250 est,
2507 3200 2627 3240 cum
2652 3192 2856 3236 certam
2890 3177 3069 3232 itidem
3091 3173 3331 3226 videatur
3357 3167 3556 3220 habere

1977 3284 2162 3340 sedem
2202 3283 2254 3336 in
2315 3278 2592 3334 codicibus
2626 3273 2877 3329 omnibus
2913 3278 3030 3338 post
3063 3263 3390 3318 Dominicam
3418 3272 3554 3326 pra:-

1980 3378 2258 3431 cedentem
2315 3374 2414 3424 hoc
2470 3369 2686 3430 l‘t-stmu,
2746 3374 2801 3418 et
2854 3377 2964 3430 quo
3008 3357 3179 3411 ambae
3211 3352 3443 3407 homilia:
3487 3350 3553 3400 ad

1984 3469 2040 3522 S.
2078 3479 2297 3521 crucem
2327 3461 2658 3531 pertinentes
2700 3469 2759 3509 se
2805 3453 3036 3505 invicem
3069 3449 3553 3511 consequerentur,

1983 3576 2099 3613 eam
2153 3571 2272 3624 qua:
2307 3557 2371 3608 de
2420 3552 2560 3606 festo
2605 3559 2690 3604 est
2719 3542 3078 3600 aduexuimus
3116 3539 3163 3591 ci
3205 3549 3326 3604 quae
3355 3539 3440 3586 est
3489 3529 3556 3581 de

1987 3650 2300 3713 Dotninica;
2358 3644 2596 3711 reliquas
2645 3651 2836 3692 omnes
2877 3630 3252 3703 seposuimus,
3317 3632 3374 3677 ιιι
3421 3619 3552 3673 dixi.

1983 3740 2230 3797 Humilia).
2263 3711 2343 3799 ei;
2363 3735 2431 3788 τὰ
2456 3731 2677 3794 suam,
2711 3729 2813 3782 hoc
2837 3731 2946 3786 est,
2993 3723 3046 3775 in
3067 3716 3308 3773 undecim
3334 3711 3556 3765 matuti-

1983 3832 2127 3886 nalia
2159 3827 2454 3898 evangelia,
2504 3820 2751 3891 quamvis
2800 3817 2942 3870 inter
2985 3807 3348 3866 Dominicales
3373 3816 3558 3858 reccn.

1983 3925 2087 3979 seri
2123 3922 2364 3991 possint,
2427 3925 2608 3970 tamen
2657 3919 2942 3981 postremae
2993 3903 3234 3958 omnium
3287 3899 3339 3951 iu
3397 3895 3555 3950 codd.

1984 4015 2381 4068 dcscribuntur.
2411 4007 2480 4061 lis
2515 4013 2737 4058 utuntur
2769 3996 2942 4053 Graeci
2973 4010 3076 4047 non
3118 3993 3168 4044 in
3202 3986 3462 4056 Lilurgia,
3495 3993 3555 4036 ut

1984 4104 2225 4169 caeteris,
2258 4102 2350 4156 sed
2389 4100 2442 4152 in
2485 4095 2674 4150 Olllcio
2720 4087 3025 4148 matutino,
3079 4085 3182 4137 hoc
3234 4080 3456 4139 ordine,
3499 4084 3558 4128 ut

1985 4195 2224 4263 singulas
2252 4187 2477 4259 singulis
2522 4180 2820 4238 Dominicis
2863 4178 3122 4239 recitent,
3174 4170 3496 4238 incipientes
3527 4180 3557 4217 a

1993 4571 2158 4640 igitur
2192 4563 2425 4621 homilia:
2461 4576 2584 4616 cum
2633 4570 2798 4611 unum
2835 4551 3150 4608 contineant
3185 4553 3562 4614 argumentum

1993 4634 2432 4717 PIesurret-tiouis
2468 4650 2694 4712 Christi,
2745 4655 2867 4716 post
2905 4643 3181 4698 homiliam
3213 4639 3277 4691 de
3304 4634 3569 4688 Passione

1993 4753 2263 4809 collocare
2305 4748 2475 4801 visum
2535 4752 2616 4796 est
2651 4748 2854 4793 rectum
2881 4776 2898 4801 ,
2953 4736 3054 4788 hac
3098 4733 3212 4799 ipsa
3251 4730 3316 4782 de
3362 4739 3566 4787 causa,

1994 4844 2118 4914 quia
2146 4842 2212 4896 de
2237 4835 2653 4893 Resurrectione
2684 4839 2846 4890 sunt;
2879 4838 3014 4893 quas
3047 4820 3240 4875 deimle
3281 4813 3566 4869 cdmmode

1993 4939 2406 5002 consequuntur
2435 4921 2669 4980 homilize
2699 4921 2762 4973 de
2795 4913 3119 4970 Ascensione
3173 4917 3228 4962 et
3274 4909 3337 4960 de
3374 4905 3565 4960 Ponte.

1994 4977 2394 5002 w...-.,_---_-_-

1993 5037 2155 5091 caste,
2187 5032 2495 5092 quanquam
2536 5016 2677 5068 inter
2705 5011 2804 5064 bas
2840 5016 2893 5062 et
2924 5018 3016 5060 eas
3063 5005 3126 5056 de
3169 4999 3573 5056 liesurrectione
3630 4977 3640 4992 ’

1994 5117 2327 5169 intercurrat
2382 5103 2602 5160 homilia
2654 5102 2719 5153 de
2769 5094 3148 5158 Samaritana,
3206 5106 3326 5160 qua:
3371 5098 3452 5143 est
3497 5101 3568 5140 ex

1994 5202 2281 5273 Evangelio
2339 5199 2401 5253 S.
2444 5193 2690 5252 Joannis,
2741 5197 2796 5243 et
2855 5184 3130 5240 Dominica
3185 5191 3307 5250 post
3355 5179 3568 5232 Pascha

1995 5269 2212 5365 legitur.
2273 5289 2353 5343 Ad
2407 5287 2540 5349 hanc,
2592 5279 2808 5336 homilia
2867 5279 2930 5330 de
2992 5276 3303 5330 Ascensione
3354 5269 3563 5322 Domini

1997 5361 2136 5439 idem
2191 5381 2353 5434 habet
2401 5372 2736 5442 evangelium
2786 5376 2947 5436 atque
2990 5379 3053 5418 ea
3099 5376 3218 5432 quze
3267 5361 3322 5412 in
3360 5365 3564 5410 sextum

1995 5470 2340 5530 matutinum,
2371 5479 2490 5531 qua:
2525 5473 2686 5512 causa
2722 5467 2804 5510 est
2844 5470 2941 5508 cur
2975 5471 3004 5507 a
3047 5464 3270 5504 numero
3311 5445 3561 5498 undecim

1997 5555 2473 5618 homiliarumbtec
2493 5550 2654 5612 absit,
2681 5555 2891 5601 servata
2919 5555 3098 5598 tamen
3132 5544 3182 5594 in
3207 5532 3566 5607 sequentibus

1997 5651 2204 5709 numeri
2239 5646 2476 5705 ratione;
2514 5651 2568 5694 at
2598 5639 2721 5708 quia
2753 5637 2841 5691 illa
2875 5633 3196 5704 prooemium
3221 5629 3465 5684 continet
3496 5629 3562 5678 de

2002 5745 2140 5799 festo
2167 5741 2252 5796 die
2281 5734 2648 5800 Ascensionis,
2682 5729 2870 5787 eodem
2908 5725 3094 5783 ordine
3129 5721 3440 5780 collocanda
3461 5719 3568 5774 fuit
