4062 6214
484 334 582 398 127

483 461 592 511 quo
618 439 876 497 Ascenslo
902 435 1162 506 praetedit
1191 434 1569 488 Pentecosten.
1618 434 1750 486 Illud
1780 442 2049 502 postremo

486 538 538 588 in
568 536 670 588 hoc
704 528 1037 599 paragrapho
1081 525 1414 579 admonitum
1452 525 1702 577 leuorem
1735 524 1914 584 velim,
1955 537 2053 574 ne-

484 640 586 692 quc
612 636 800 676 omnes
833 619 1080 672 homilias
1106 632 1242 684 quas
1279 617 1547 669 edidimus
1588 616 1736 682 (sunt
1764 627 1939 666 autem
1971 614 2051 665 lue

483 729 614 782 quas
646 726 744 779 pro
783 711 962 763 studio
1003 707 1388 775 diligentiaque
1424 718 1601 760 nOSIra
1637 715 1690 758 et
1741 703 2050 769 adiumento

483 805 780 861 amicorum
813 801 988 853 adhuc
1017 799 1282 859 adhibito,
1316 798 1549 865 reperire
1575 797 1840 862 potuimus
1877 797 1929 847 itt
1968 795 2047 846 bi-

485 895 803 953 bliothecis,
857 891 1138 958 sextaginta
1189 888 1322 957 dote)
1374 887 1785 942 Demiuiealium
1840 885 2047 938 dierum

485 999 767 1038 numerum
796 991 849 1036 et
871 982 1043 1034 locum
1068 981 1306 1047 explere,
1325 979 1481 1030 sicuti
1517 993 1687 1044 neque
1708 986 2046 1036 sanctorum;

483 1077 576 1131 sed
605 1075 802 1128 multas
834 1073 1023 1125 deesse
1065 1069 1406 1123 manifesutm
1451 1079 1551 1120 est.
1611 1067 1672 1120 Et
1706 1067 1919 1133 quidem
1951 1067 2047 1116 ho-

485 1169 646 1222 tltllltB
690 1168 740 1220 itt
785 1165 842 1219 S.
873 1164 1030 1218 Lucae
1069 1163 1345 1228 evangelia
1387 1163 1633 1213 videnlur
1673 1176 1793 1213 eSse
1838 1159 2050 1211 ca'teris

487 1260 689 1328 plures,
720 1269 1024 1324 quanquam
1059 1253 1278 1306 Itontilia
1312 1254 1363 1304 in
1396 1253 1681 1303 secundam
1720 1249 2046 1302 Dotninieam

484 1363 604 1416 qua:
648 1357 751 1407 est,
799 1343 990 1406 Καθὼς
1022 1342 1204 1395 θέλετε
1242 1343 1328 1395 La.
1357 1340 1582 1393 ποιῶπιν
1614 1343 1764 1409 ἡμῖν,
1802 1352 1930 1402 etc.,
1981 1355 2047 1391 ex

484 1457 603 1507 cap.
639 1455 688 1492 ιιι
727 1438 784 1491 8.
819 1435 977 1490 Lucw
1009 1444 1067 1488 ut
1102 1435 1317 1502 ponitur
1366 1434 1417 1488 in
1458 1433 1899 1500 Evangelistario,
1934 1432 2051 1484 sine

485 1534 644 1586 dubio
668 1534 835 1584 deest.
881 1529 942 1582 Et
973 1543 1041 1582 ne
1077 1530 1140 1582 de
1173 1528 1396 1595 singulis
1423 1542 1644 1580 examen
1675 1526 1934 1579 habeatur
1957 1525 2052 1579 ad-

485 1621 767 1684 amussim,
801 1619 942 1687 quod
981 1619 1199 1686 longum
1221 1627 1384 1679 esset,
1417 1631 1590 1685 neque
1622 1619 1752 1668 tattti
1777 1628 1883 1678 est,
1905 1626 2052 1670 certe

485 1714 535 1763 In
571 1711 808 1764 homiliis
839 1726 905 1763 ex
953 1708 1012 1762 S.
1053 1707 1283 1771 Joanne,
1315 1723 1432 1775 quae
1467 1719 1584 1775 post
1619 1706 1820 1761 Pascha
1863 1708 2050 1775 legun-

487 1815 592 1864 tur,
633 1802 807 1854 solum
843 1815 906 1852 ea
942 1808 1190 1866 superest
1225 1814 1345 1864 qua:
1392 1809 1474 1852 est
1514 1800 1575 1851 de
1602 1797 1967 1862 Samaritana,
1997 1807 2050 1851 et

483 1909 546 1945 ex
581 1891 816 1945 homiliis
841 1891 894 1944 in
928 1890 1207 1958 evangelia
1243 1889 1300 1943 S.
1330 1887 1588 1954 Mattluei,
1618 1905 1737 1958 qua:
1768 1901 1884 1959 post
1914 1889 2050 1944 Pen-

486 1995 725 2038 tecosten
778 1983 957 2052 plures
1009 1993 1168 2044 sunt,
1228 1997 1412 2051 pauca:
1479 1983 1764 2035 admodum
1815 1991 2046 2036 exstant.

485 2076 784 2130 Factumne
820 2075 871 2128 id
918 2075 989 2129 sit
1033 2077 1158 2143 quia
1199 2075 1360 2128 dicta:
1392 2088 1494 2126 non
1539 2081 1663 2126 sunt
1712 2073 1797 2126 vel
1836 2081 2051 2140 propter

489 2168 694 2222 a-statis
725 2167 951 2231 calores,
987 2167 1067 2218 vel
1099 2174 1316 2234 propter
1350 2165 1648 2218 absentiam
1683 2165 1950 2232 episcopi:
1982 2179 2049 2216 an

482 2258 610 2324 quia
665 2257 824 2309 dicta:
869 2255 1081 2323 quidem
1115 2291 1130 2316 ,
1201 2271 1306 2307 non
1387 2262 1563 2306 tamen
1621 2254 1932 2321 exscriptze,
1968 2253 2051 2306 vel

479 2347 769 2416 ,εχει-τίνω
817 2345 1095 2414 profecto,
1161 2345 1254 2399 sed
1306 2343 1645 2410 interierint,
1701 2343 1785 2397 vel
1851 2343 2052 2397 lateant

485 2440 661 2490 adhnr
694 2439 744 2489 in
779 2437 954 2505 aliqua
991 2435 1312 2490 bibliotheca
1349 2450 1524 2504 neque
1561 2435 1625 2488 ad
1657 2446 1896 2488 nostram
1929 2449 2052 2503 per-

485 2527 734 2580 venerint
765 2526 1034 2587 notitiam,
1075 2540 1177 2578 non
1225 2526 1395 2579 habeo
1445 2536 1651 2580 eertum
1682 2526 1821 2594 quod
1852 2527 2049 2580 dicam.

487 2619 752 2672 llotnilias
791 2621 842 2671 in
883 2619 964 2669 ιιι..
1006 2619 1185 2680 verba,
1221 2616 1454 2671 Lucerna
1487 2620 1720 2684 corporis
1746 2628 1823 2672 est
1870 2621 2051 2674 oculus

482 2722 539 2764 et
565 2712 619 2763 in
657 2710 858 2778 reliqua
904 2710 1135 2778 ejusdem
1165 2709 1440 2778 evangelii,
1489 2710 1542 2762 in
1580 2709 1885 2764 Dominicas
1929 2719 2050 2778 post

485 2801 840 2856 Pemecosten
876 2799 1150 2869 conjicere
1178 2801 1352 2853 visum
1384 2806 1466 2852 est
1505 2813 1624 2850 cum
1664 2797 1772 2852 sint
1799 2813 1862 2851 ex
1889 2813 2051 2852 evan-

484 2893 626 2962 gelio
666 2891 727 2945 8.
761 2891 1016 2954 Mattluei,
1057 2891 1157 2944 etsi
1193 2891 1247 2943 in
1289 2887 1468 2943 multis
1507 2886 1667 2943 codd.
1717 2888 2052 2955 reperiantur

487 2983 630 3036 inter
658 2995 754 3034 eas
784 2996 902 3050 quae
929 2991 1056 3035 sunt
1084 2980 1136 3034 in
1167 2978 1229 3034 Ι).
1259 2977 1483 3032 Lucam.
1517 2978 1646 3043 Sed,
1681 2987 1738 3030 ut
1764 2977 1895 3043 dixi,
1931 2991 2052 3031 cum

489 3081 703 3126 constet
728 3072 862 3125 ordo
907 3069 1032 3122 anni
1079 3084 1188 3137 quo
1232 3071 1591 3138 disponuntur
1616 3069 1914 3138 evangelia,
1949 3083 2054 3123 non

491 3173 671 3216 tamen
701 3160 1032 3232 singulormu
1062 3159 1302 3224 Εὑταξία
1329 3161 1382 3215 in
1418 3160 1576 3215 codd.
1602 3169 1822 3229 apparet
1849 3178 1862 3213 :
1893 3175 2058 3229 quare

489 3263 636 3308 recta
673 3253 881 3308 ratione
912 3252 1244 3320 arbitrioque
1274 3263 1459 3305 nostro
1489 3252 1569 3304 usi
1601 3265 1820 3317 sumus;
1858 3253 1958 3305 nisi
1984 3253 2054 3316 si,

487 3346 630 3413 quod
659 3357 833 3400 tatnen
861 3359 947 3398 me
983 3343 1130 3409 latet,
1177 3343 1319 3410 quod
1350 3343 1400 3396 in
1447 3343 1758 3398 Graecorum
1790 3343 1892 3396 ritu
1926 3359 2057 3396 usu-

485 3449 594 3505 que
641 3436 708 3490 sit
763 3435 995 3504 positum
1047 3431 1478 3503 μυστικώτερον.
1504 3432 1655 3498 Quod
1702 3440 1880 3488 tamen
1927 3433 2057 3488 mihi

491 3524 736 3595 religioni
767 3541 872 3578 nun
904 3523 1064 3588 duco,
1093 3537 1240 3586 cum,
1272 3532 1330 3576 ut
1360 3524 1496 3586 dixi,
1541 3525 1675 3578 ordo
1709 3524 1798 3580 hic
1847 3540 1952 3579 non
1987 3525 2060 3579 sit

490 3632 556 3670 ex
593 3616 751 3671 rebus
783 3617 959 3686 magni
994 3616 1270 3672 momenti.
1307 3615 1551 3670 doctrina
1599 3617 1770 3670 solum
1817 3625 1871 3671 et
1898 3631 2060 3670 evan-

493 3703 753 3771 gehornm
811 3704 1101 3773 explicatio
1157 3704 1275 3758 usui
1332 3703 1403 3758 sit
1452 3715 1506 3758 et
1559 3706 1734 3774 magni
1792 3705 2057 3760 facienda.

491 3794 774 3848 Ilumiliatn
825 3796 906 3860 εις
956 3795 1048 3848 τὸν
1103 3798 1406 3865 γενόμενον
1452 3797 1665 3866 αὐχμὸν
1709 3813 1831 3852 cum
1888 3811 2062 3865 neque

493 3889 659 3954 diem,
697 3904 872 3958 neque
900 3899 1110 3958 tempus
1133 3892 1260 3944 anni
1288 3899 1492 3944 certmn
1525 3891 1742 3952 habeat,
1774 3889 1826 3943 in
1851 3899 2061 3959 postre-

493 3995 642 4032 mum
691 3980 996 4045 redegimus
1049 3981 1246 4046 locum,
1289 3990 1342 4034 et
1386 3982 1564 4049 potius
1610 3990 1763 4034 extra
1814 3981 2058 4034 ordinem

487 4084 652 4137 quam
696 4070 747 4122 in
777 4070 967 4124 ordine
1019 4072 1379 4139 reposuimus.
1412 4071 1587 4140 Atque
1633 4071 1746 4126 haec
1790 4081 2062 4139 utcunque

493 4163 560 4212 de
593 4160 734 4214 serie
763 4161 1108 4215 homiliarum
1145 4161 1399 4229 prmdicta
1437 4161 1568 4224 sint,
1621 4176 1778 4229 quam
1809 4170 1968 4229 prout
2007 4160 2060 4213 in

495 4261 682 4305 nostro
706 4251 810 4306 hoc
835 4251 973 4306 libro
1001 4265 1060 4306 se
1096 4251 1314 4318 habeat,
1342 4251 1690 4322 subjiciemus
1716 4254 1784 4308 ob
1815 4250 2021 4308 oculos.

876 4385 904 4454 ς
945 4384 1034 4440 IV.
1073 4385 1231 4441 Ratio
1271 4388 1682 4457 interpretandi.

567 4517 739 4585 Quam
773 4516 989 4572 diﬂlcile
1018 4529 1074 4574 et
1109 4535 1395 4589 operosum
1433 4523 1702 4592 negotium
1735 4523 1808 4578 sit
1845 4539 1910 4578 ex
1957 4540 2084 4584 una.

494 4607 678 4679 lingua
709 4609 762 4662 in
795 4609 954 4663 aliam
991 4620 1233 4664 veterum
1285 4612 1486 4679 scripta
1529 4615 1825 4680 traducere,
1866 4616 1912 4671 is
1946 4631 2063 4669 om-

497 4701 648 4754 uiutn
685 4700 888 4770 oplime
919 4702 1068 4756 novit
1094 4703 1182 4770 qui
1218 4703 1520 4769 huiusmodi
1557 4707 1828 4774 negotium
1868 4715 2064 4762 tractat

492 4801 550 4846 et
583 4792 683 4847 hoc
711 4808 900 4848 saxum
942 4804 1138 4848 versat.
1174 4793 1249 4848 Ex
1291 4794 1488 4863 quibus
1533 4797 1778 4850 onmilms
1827 4796 2064 4852 luculen-

493 4883 740 4938 tissimus
779 4885 930 4938 testis
962 4885 1054 4947 sit,
1100 4894 1282 4952 utpote
1325 4885 1714 4942 scientissimus
1762 4888 2063 4957 linguarum

494 4976 769 5042 ontuium,
798 4975 1174 5046 Hieronymus,
1210 4979 1302 5046 qui
1331 4987 1383 5031 et
1413 4994 1477 5032 ex
1507 4977 1730 5032 llebra-o
1753 4993 1904 5034 sacra
1951 4995 2066 5032 mo-

500 5078 788 5130 mnuenta,
840 5075 893 5122 et
941 5083 1007 5122 ex
1059 5069 1246 5124 Graeco
1303 5070 1530 5123 aliorum
1586 5070 1748 5124 multa
1806 5069 2062 5125 traduxit.

504 5155 718 5225 Diﬂicile
767 5167 880 5221 est,
933 5158 1230 5225 inquitnille
1264 5160 1316 5212 in
1382 5158 1702 5214 Praefatione
1747 5161 1810 5213 ad
1845 5159 2062 5214 Eusebii

497 5248 832 5311 Chronicon,
863 5251 1062 5303 alienas
1093 5253 1298 5305 litteras
1327 5253 1700 5320 insequentem,
1746 5268 1846 5304 non
1872 5251 2068 5304 alicubi

499 5343 771 5405 excidere;
801 5354 848 5395 et
867 5345 1117 5408 arduum,
1138 5359 1188 5397 ut
1215 5363 1330 5412 qua'
1357 5348 1410 5398 in
1437 5348 1543 5399 alia
1571 5347 1752 5414 lingua
1779 5346 1902 5399 bene
1923 5346 2070 5398 dicta

500 5447 647 5498 sunt,
688 5436 927 5488 eumdem
976 5433 1211 5488 decorem
1256 5439 1307 5490 in
1353 5437 1702 5490 translatione
1743 5444 2066 5489 conservent.

505 5523 873 5594 S'gnificatum
903 5535 979 5578 est
1014 5526 1214 5592 aliquid
1245 5528 1399 5578 unius
1431 5528 1570 5580 verbi
1599 5529 1941 5596 proprietate,
1968 5544 2070 5582 non

502 5616 669 5668 habeo
707 5633 872 5669 meum
904 5620 1044 5686 quod
1074 5617 1127 5669 id
1159 5618 1380 5684 e/ferat;
1444 5627 1491 5670 et
1524 5622 1644 5671 dum
1667 5635 1844 5686 qurrro
1865 5619 2074 5686 explere

506 5710 839 5774 sententiam,
869 5709 1024 5780 longo
1056 5709 1256 5766 ambitu
1291 5712 1374 5764 vix
1413 5711 1577 5764 bt'et-is
1619 5712 1712 5765 ria:
1751 5713 1918 5778 spatia
1951 5728 2074 5766 con-

1441 319 1836 382 FRANClSCl
1877 316 2136 378 SCORSI
2171 314 2597 374 PROtEBllUM
2641 313 2749 374 Ιῐῐ.

3631 304 3735 366 128

2154 441 2324 476 snmo.
2352 428 2616 476 Accedunt
2655 422 3054 492 Ityperbatorum
3091 419 3396 487 anfractus.
3451 418 3737 470 dissimili-

2151 516 2360 566 tudines
2379 530 2616 575 casuum,
2637 517 2909 566 varietates
2927 514 3216 580 ﬁgurarum
3237 527 3254 574 ;
3274 511 3443 574 ipsum
3463 522 3735 576 pasttemo

2152 622 2325 666 snunt,
2370 615 2440 669 et,
2488 613 2542 656 ut
2591 605 2665 655 ita
2699 605 2892 667 dicant,
2937 602 3272 655 vernaculum
3306 601 3502 669 lingua:
3541 617 3732 668 genus.

2155 697 2214 750 Si
2242 698 2309 748 ad
2358 698 2563 749 verbum
2610 697 2942 760 interpretor,
2999 694 3222 744 absurde
3269 702 3518 752 resonat;
3565 691 3611 742 si
3663 691 3730 742 ob

2153 785 2508 838 necessitatem
2541 784 2739 850 aliquid
2775 785 2826 834 in
2857 783 3040 835 ordine
3068 782 3140 834 vel
3181 782 3234 832 in
3282 797 3522 833 sermone
3551 794 3736 832 mura—

2152 892 2291 937 uero,
2334 876 2398 927 ab
2449 875 2741 944 interpretis
2792 875 3003 926 videbor
3048 873 3212 940 ofﬁcio
3261 873 3553 924 recessisse.
3603 871 3734 924 [huc

2153 968 2210 1021 8.
2252 968 2634 1037 Hieronymus,
2666 969 2862 1035 quibus
2891 965 3022 1018 nihil
3055 975 3230 1033 potest
3259 964 3470 1030 planius
3500 963 3578 1016 vel
3612 963 3732 1028 ple-

2153 1059 2273 1111 nius
2300 1059 2366 1112 de
2395 1059 2780 1126 interpretandi
2819 1056 3217 1109 dilIicultatibns
3241 1055 3384 1118 dici;
3434 1054 3564 1122 quin
3607 1054 3731 1121 ipse

2153 1149 2360 1204 Tullius
2382 1150 2660 1217 eloquendi
2688 1149 3098 1208 disertissimus,
3123 1147 3208 1200 cui
3231 1147 3422 1198 mirum
3449 1155 3530 1198 est
3557 1149 3728 1198 verba

2152 1243 2338 1295 deesse
2386 1241 2624 1310 potuisse
2654 1258 2669 1292 :
2701 1255 2822 1292 cum
2856 1240 2969 1307 ipse
2997 1239 3038 1290 si
3075 1239 3198 1306 quis
3237 1238 3376 1291 alius
3410 1253 3728 1290 sermonem

2151 1335 2380 1402 patrium
2415 1335 2686 1396 ditaverit,
2733 1347 2909 1386 nonne
2938 1333 3094 1400 inops
3127 1346 3248 1384 esse
3281 1331 3384 1382 sibi
3417 1330 3632 1382 videtur
3670 1331 3727 1382 in

2150 1425 2500 1492 exprimenda
2537 1424 2584 1476 vi
2619 1433 2671 1476 et
2714 1426 2932 1491 energia
2975 1422 3285 1475 Graecarum
3318 1422 3550 1474 vocum?
3589 1421 3726 1474 Nam

2152 1530 2272 1584 quze
2308 1515 2474 1569 Stoici
2507 1515 2834 1584 προηγμένα
2866 1524 2918 1568 et
2961 1513 3427 1583 ἀποπροηγμένα,
3493 1514 3607 1566 Ιιειξρ
3639 1513 3730 1566 ille

2151 1607 2738 1674 aliquandopra‘gntata
2759 1614 2810 1658 et
2829 1615 3244 1674 apopra’gmata,
3269 1605 3563 1672 aliquando
3588 1619 3730 1670 pra:-

2151 1698 2321 1762 post’ta
2345 1697 2425 1748 vel
2448 1699 2716 1765 prtccipua
2739 1706 2792 1749 et
2829 1697 3038 1765 rejecla,
3073 1712 3459 1764 nonnunquam
3483 1709 3730 1764 promota

2151 1797 2203 1841 et
2234 1798 2430 1840 remota
2461 1789 2642 1854 vertit;
2677 1801 2735 1842 ut
2762 1789 2916 1842 initio
2944 1789 3037 1841 lib.
3071 1804 3128 1842 ιιι
3159 1788 3233 1841 De
3260 1788 3455 1856 [ini-bus
3488 1789 3590 1842 sub
3618 1791 3728 1843 Ca-

2157 1879 2301 1930 tonis
2325 1893 2550 1944 persona
2573 1895 2586 1931 :
2613 1878 2868 1946 Equidem
2888 1878 3027 1931 soleo
3049 1880 3226 1939 etiam,
3242 1878 3380 1947 quod
3406 1896 3508 1930 nuo
3529 1877 3726 1943 Gravi,

2151 1969 2196 2020 si
2229 1967 2386 2020 aliter
2412 1985 2512 2020 non
2539 1985 2770 2038 possunt,
2801 1971 2936 2022 idem
2968 1970 3205 2036 pluribus
3241 1971 3409 2022 verbis
3435 1985 3728 2037 exponere;

2152 2067 2198 2110 et
2231 2068 2401 2110 tamen
2423 2071 2547 2124 puto
2571 2058 2781 2112 concedi
2800 2062 2950 2112 nobis
2981 2070 3241 2127 oportere,
3271 2071 3324 2112 ut
3359 2058 3542 2113 Graeco
3575 2062 3730 2114 verbo

2153 2158 2386 2210 utamur,
2431 2151 2477 2202 si
2503 2151 2710 2219 quando
2737 2151 2909 2204 minus
2936 2161 3178 2204 occurrat
3219 2150 3487 2217 Latinum,
3533 2170 3597 2206 ne
3631 2155 3729 2206 hoc

2151 2239 2406 2306 ephippiis
2436 2249 2485 2292 et
2516 2240 2875 2307 acrampItoris
2914 2241 3091 2309 potius
3135 2258 3293 2310 quam
3333 2245 3646 2310 pra'gmenis
3677 2254 3727 2296 et

2151 2331 2558 2398 apopra'gmenis
2604 2331 2934 2395 concedatur,
2993 2348 3292 2400 quanquam
3345 2333 3453 2385 tunc
3504 2335 3718 2401 quidem

2153 2422 2437 2490 prmposita
2476 2429 2612 2474 recte
2639 2429 2689 2472 et
2733 2421 2928 2488 rejecta
2973 2420 3149 2473 dicere
3191 2420 3388 2475 licebit.
3449 2423 3513 2474 Et
3565 2424 3728 2490 paulo

2152 2521 2272 2582 post
2323 2513 2374 2565 in
2424 2512 2611 2566 eodem
2651 2511 2785 2563 libro
2820 2511 2887 2564 de
2939 2510 3129 2564 iisdem
3181 2511 3426 2580 loqm-ns,
3479 2511 3580 2572 Sed
3631 2530 3724 2577 ca,

2152 2607 2348 2676 inquit,
2389 2624 2505 2675 quw
2551 2608 2834 2658 secundum
2886 2607 3059 2660 locum
3091 2607 3325 2660 obtinent
3377 2609 3724 2678 προηγμένα,

2152 2700 2208 2752 id
2234 2709 2307 2752 est
2340 2699 2598 2766 producta
2631 2697 2991 2759 nominantur,
3022 2714 3138 2766 qua:
3166 2698 3243 2751 uel
3279 2700 3352 2752 ita
3386 2700 3726 2766 appellemus,

2155 2790 2208 2843 id
2233 2791 2331 2844 erit
2362 2790 2570 2843 uerbum
2597 2804 2625 2840 e
2661 2789 2836 2854 verbo,
2890 2788 2966 2842 vel
2997 2799 3244 2858 promota
3285 2800 3334 2843 et
3368 2801 3595 2855 remota,
3649 2794 3732 2845 uel

2155 2887 2211 2930 ut
2241 2877 2440 2930 dudum
2476 2877 2739 2941 diximus,
2782 2879 3091 2946 pra3p0sita,
3138 2878 3217 2931 vel
3245 2879 3513 2948 przecipua
3543 2891 3591 2933 et
3635 2882 3732 2934 illa

2157 2969 2377 3038 reiecta.
2438 2967 2564 3022 "me
2630 2967 2858 3023 Tullius.
2925 2969 3055 3034 Quae
3107 2969 3338 3023 duorum
3393 2985 3730 3023 summorum

2157 3061 2394 3115 virorum
2425 3063 2730 3115 testimonia
2767 3075 2832 3114 eo
2873 3063 3171 3130 producere
3212 3061 3380 3127 volui,
3426 3073 3485 3116 ut
3511 3064 3555 3116 si
3589 3063 3732 3118 idem

2159 3151 2290 3204 inihi
2346 3152 2399 3205 in
2455 3152 2557 3206 hac
2605 3153 3046 3220 interpretatione
3105 3155 3384 3208 condenda
3437 3156 3736 3224 contigisse

2159 3243 2355 3310 fatear,
2405 3245 2524 3298 sine
2565 3247 2764 3308 pudore
2811 3245 3055 3299 conﬁteri
3100 3261 3336 3314 possem.
3384 3248 3564 3313 Quare
3605 3263 3729 3302 cum

2159 3351 2330 3390 essem
2368 3336 2508 3389 inter
2543 3334 2661 3390 illos
2693 3337 2824 3390 duos
2861 3337 3054 3391 modos
3102 3353 3195 3391 seu
3228 3339 3405 3407 potius
3460 3339 3597 3393 lines
3635 3353 3734 3392 ex-

2162 3439 2363 3483 tremos
2399 3427 2741 3488 interclusus.
2780 3429 2833 3483 in
2880 3445 3106 3498 quorum
3133 3431 3453 3486 alterutrum
3487 3435 3531 3486 si
3561 3431 3732 3485 det-li-

2161 3535 2367 3586 narem,
2399 3522 2449 3574 in
2485 3521 2671 3574 vitium
2699 3520 3051 3590 impiugerem
3078 3537 3095 3575 :
3127 3522 3382 3576 nimirum
3415 3533 3472 3577 ut
3501 3523 3582 3576 vel
3612 3538 3738 3576 ver-

2161 3613 2286 3667 bum
2340 3627 2404 3666 ex
2445 3611 2607 3666 verbo
2665 3611 2943 3666 redderem
2979 3610 3191 3678 Graeca,
3242 3613 3418 3668 Latini
3466 3616 3736 3670 sermonis

2163 3701 2356 3755 decere
2393 3701 2734 3768 posthabito;
2801 3701 2884 3755 vel
2927 3717 3145 3757 sensum
3191 3703 3364 3758 solum
3407 3715 3729 3773 spectarem,

2163 3791 2302 3846 nulla
2338 3790 2650 3845 Graecarum
2705 3807 2899 3846 vocum
2958 3793 3134 3848 habita
3193 3795 3438 3858 ratione,
3499 3811 3734 3864 quarunt

2161 3882 2481 3938 alterutrum
2520 3883 2736 3939 facilius
2773 3894 2826 3939 et
2857 3885 3148 3952 proclivius
3188 3886 3427 3942 futurum
3460 3898 3602 3952 erat,
3640 3902 3735 3942 se-

2162 3987 2319 4031 cutus
2362 3992 2482 4033 sum
2533 3977 2639 4031 tale
2689 3985 3198 4046 temperamentum,
3234 3989 3294 4033 ut
3340 3995 3439 4035 nec
3485 3981 3626 4034 facta
3663 3983 3735 4036 ad

2163 4068 2386 4122 verbum
2437 4071 2693 4124 evaderet
2739 4070 2918 4138 inepta
2973 4071 3289 4136 translatio;
3324 4082 3377 4126 et
3425 4083 3602 4127 tamen
3658 4073 3737 4126 ita

2163 4173 2360 4215 sensus
2392 4157 2579 4212 Latina
2613 4159 2793 4227 phrasi
2822 4174 2914 4214 seu
2962 4159 3145 4228 potius
3191 4163 3562 4232 complexione
3595 4179 3736 4216 con-

2164 4263 2457 4316 verterem,
2490 4261 2545 4304 nt
2575 4251 2753 4305 verbis
2783 4252 2948 4305 etiam
2978 4252 3204 4319 singulis
3239 4253 3416 4321 quoad
3472 4254 3590 4323 ejus
3615 4256 3736 4309 ﬁeri

2165 4354 2370 4412 posset,
2398 4343 2561 4398 verba
2598 4344 3004 4410 responderent.
3044 4343 3102 4398 In
3136 4358 3242 4413 quo
3267 4346 3514 4414 equidem
3543 4345 3735 4400 elabo-

2165 4449 2316 4488 rasse
2352 4434 2480 4486 mihi
2512 4435 2732 4497 videor;
2777 4443 2956 4486 utrum
2988 4433 3089 4487 sim
3138 4448 3422 4488 assecutus
3465 4435 3553 4488 alii
3578 4435 3737 4503 judi-

2167 4534 2314 4580 cent.
2350 4525 2481 4578 lllud
2518 4523 2763 4592 proiecto
2794 4539 2975 4578 verum
3017 4525 3242 4578 dixerim
3281 4526 3565 4579 nonnullas
3604 4541 3740 4580 sen-

2170 4618 2388 4680 tentias,
2410 4619 2455 4670 si
2489 4631 2606 4670 tueo
2631 4617 2811 4679 modo,
2831 4627 2883 4668 et
2913 4632 3081 4680 more,
3101 4625 3155 4670 et
3179 4631 3244 4669 eo
3264 4618 3530 4671 sermoois
3558 4615 3738 4669 Latini

2169 4708 2329 4778 stylo,
2368 4707 2452 4760 cui
2483 4723 2601 4760 sum
2635 4717 2910 4769 assuetus,
2934 4708 3208 4776 explicare
3237 4707 3498 4770 licuisset,
3520 4707 3742 4775 elegm-

2168 4800 2276 4854 tius
2317 4809 2373 4853 et
2423 4799 2740 4853 concinuius
2793 4811 2886 4852 eas
2923 4797 3098 4852 efferri
3142 4799 3417 4868 potuisse;
3465 4799 3559 4852 sed
3608 4798 3743 4865 quia

2170 4888 2486 4957 interpretis
2515 4886 2690 4942 oﬂicio
2741 4887 2954 4956 ﬁdeque
2993 4887 3264 4955 obligatus
3311 4887 3442 4940 mihi
3489 4888 3739 4950 videbar,

2169 4995 2264 5035 eas
2299 4994 2405 5033 non
2456 4989 2517 5032 ut
2561 4977 2870 5040 voluissem,
2920 4978 3010 5032 sed
3059 4987 3118 5030 ut
3163 4978 3468 5030 debuissem
3513 4974 3741 5028 Latinas

2173 5071 2386 5126 fecisse.
2422 5069 2564 5136 Quin
2605 5070 2770 5124 etiam
2805 5069 2932 5122 illud
2965 5082 3187 5122 servare
3218 5067 3383 5130 volui,
3423 5077 3482 5120 ut
3517 5067 3630 5119 lucc
3659 5068 3743 5119 in-

2178 5163 2540 5229 terpretatio,
2596 5161 3031 5230 quandoquidem
3091 5175 3153 5214 ea
3216 5173 3410 5213 usuros
3458 5158 3744 5211 crederem

2175 5255 2341 5308 etiam
2381 5269 2478 5321 pro
2534 5261 2786 5323 suggestu
2827 5266 3016 5306 sacros
3068 5260 3350 5314 oratores,
3402 5263 3508 5302 non
3564 5248 3638 5300 ita
3683 5248 3743 5301 in

2175 5345 2453 5398 Ciceronis
2487 5354 2668 5414 partes
2725 5344 3001 5408 transiret,
3036 5352 3150 5397 uta
3186 5341 3446 5409 religione
3488 5340 3743 5393 discede-

2180 5445 2288 5496 ret;
2323 5445 2377 5488 et
2399 5437 2524 5489 dum
2557 5435 2718 5489 nimis
2746 5435 2913 5488 videri
2941 5435 3097 5504 cupio
3117 5433 3526 5494 Ciceronianus,
3560 5431 3747 5483 Ininus

2177 5528 2520 5582 Christianus
2540 5528 2774 5583 viderer.
2795 5527 2850 5582 Si
2877 5527 3042 5582 dictio
3067 5526 3281 5595 aliquod
3305 5522 3745 5579 ecclesiasticum

2180 5627 2414 5686 saperet,
2447 5618 2496 5671 id
2530 5619 2655 5671 mihi
2691 5619 2832 5672 laudi
2869 5619 3046 5688 potius
3085 5633 3244 5686 quam
3289 5618 3418 5671 vitio
3465 5614 3750 5670 aseriben-

2183 5711 2311 5766 dum
2347 5709 2497 5767 duxi.
2528 5709 2712 5780 Itaque
2739 5725 2859 5768 cum
2890 5709 3076 5766 multis
3100 5707 3199 5765 SS.
3230 5707 3480 5764 Panibus
3507 5705 3748 5769 Latinis,
