4062 6214
294 297 403 361 129

294 422 408 462 non
435 407 601 461 modo
628 403 859 468 Gracis,
885 419 1240 461 numerosam
1275 406 1546 476 placuisse
1577 409 1880 464 orationem

287 500 535 565 videam,
568 498 717 569 quod
750 511 812 552 ea
853 497 1046 552 nescio
1074 513 1183 567 quo
1234 498 1439 566 majore
1475 501 1677 570 impetu
1724 510 1778 556 et
1828 501 1881 555 vi

288 591 543 648 numeris
557 599 812 646 contorta
832 590 994 658 quasi
1015 592 1176 646 telum
1200 600 1418 648 amento
1439 601 1881 664 contorqueatur,

291 683 540 738 numeris
572 683 741 737 etiam
777 681 997 751 alligari
1026 682 1314 752 periodos;
1354 693 1609 739 crateram
1640 701 1670 738 a
1704 686 1882 739 nomi-

295 775 460 829 nibus
501 773 797 842 verbisque
851 774 1265 838 ecclesiasticis,
1304 783 1359 829 et
1410 790 1531 845 qua:
1574 774 1686 844 jam
1741 776 1880 832 Latii

284 863 411 930 jure
438 878 546 918 non
580 878 611 915 a
648 863 929 918 veteribus
959 866 1215 929 comitiis,
1262 866 1358 919 sed
1408 867 1474 919 ab
1501 864 1740 920 Ecclesia
1776 866 1882 923 Ro-

288 969 450 1007 mana
483 954 686 1008 donata
730 967 881 1019 sunt,
906 969 1012 1008 non
1044 955 1428 1022 abhorrerem;
1461 970 1770 1026 quanquam
1796 965 1881 1012 est

289 1042 455 1095 etiam
491 1042 718 1110 quando
756 1043 845 1096 illa
896 1045 1340 1099 circumscribam
1371 1055 1429 1098 ut
1470 1045 1573 1099 hoc
1609 1061 1770 1116 posse
1793 1060 1879 1101 me

290 1134 517 1201 facere,
584 1149 690 1188 non
752 1150 979 1190 censere
1042 1146 1218 1191 tamen
1277 1146 1533 1206 Oportere
1590 1146 1874 1207 perpetuo,

288 1227 665 1281 existimarer.
728 1225 938 1279 Etenim
995 1226 1435 1296 circumscriptio
1492 1236 1552 1281 ut
1606 1228 1874 1282 interdum

290 1331 398 1369 non
425 1318 714 1371 commoda
750 1316 950 1378 solum,
976 1317 1070 1371 sed
1096 1320 1258 1371 etiam
1295 1318 1601 1373 necessaria
1630 1317 1873 1383 videtur;

289 1409 372 1461 sic
405 1407 604 1461 iterata
634 1398 859 1477 saepius,
897 1419 951 1463 et
984 1408 1299 1476 dignitatem
1341 1409 1540 1463 amittit
1569 1418 1621 1464 et
1653 1410 1878 1463 satieta-

291 1511 402 1554 tem
459 1502 607 1571 parit
649 1518 663 1554 :
719 1500 926 1569 puerile
985 1502 1113 1556 mihi
1166 1502 1363 1567 visum,
1406 1503 1546 1570 quod
1597 1501 1872 1572 baptizare

993 297 1390 360 FRANCISCI
1433 297 1708 360 SCORSI
1747 299 2146 362 PREFATIO
2186 301 2415 364 NOTIS
2448 304 2868 370 PR/EMISSA.

3460 310 3563 379 130

1992 411 2460 481 pertinaciterque
2492 414 2709 483 dicere;
2758 416 2902 486 quod
2933 418 3003 475 de
3034 420 3306 477 similibus
3356 425 3563 489 multis,

1986 502 2317 568 spiritualis,
2361 504 2658 573 sensibilis,
2708 510 2994 576 passiones,
3046 520 3102 565 ct
3147 511 3269 566 aliis
3310 512 3362 567 id
3392 527 3563 581 genus

1985 592 2192 647 dictum
2228 596 2329 648 hoc
2360 610 2470 651 uno
2497 599 2746 666 exemplo
2785 599 3143 671 intelligatur.
3187 602 3412 658 Demum
3435 620 3559 661 cum

1986 685 2090 738 tria
2118 685 2209 738 illa
2241 696 2499 753 praestare
2532 688 2726 744 debeat
2769 690 2944 747 bonus
2984 695 3253 763 interpres
3276 737 3292 761 ,
3339 698 3559 763 religio-

1983 789 2129 839 nem,
2164 777 2346 844 Iidem,
2388 778 2623 833 indolem
2654 796 2669 834 :
2704 781 3017 853 religionem
3060 784 3109 838 in
3145 788 3341 854 verbis,
3397 788 3553 843 [idem

1982 865 2038 919 in
2070 866 2381 930 sententiis,
2411 867 2644 924 indolem
2682 871 2736 925 in
2780 872 3064 941 dignitate,
3100 875 3382 941 majestate
3424 876 3556 933 alie-

1982 965 2182 1025 ctuque
2221 958 2473 1025 dicendi;
2526 962 2776 1030 primam,
2827 974 3095 1033 quatenus
3134 982 3256 1020 cum
3308 983 3560 1025 sermone

1982 1047 2179 1103 Latino
2210 1060 2263 1103 et
2292 1050 2603 1107 Christiano
2636 1055 2981 1122 conveniret,
3012 1057 3322 1113 exhibuisse
3361 1074 3445 1113 me
3474 1059 3559 1113 la-

1981 1148 2133 1206 teor;
2175 1143 2467 1197 secundam
2499 1145 2915 1216 religiosissime
2952 1159 3244 1219 sancteque
3269 1164 3553 1219 servasse;

1982 1232 2196 1285 tertiam
2222 1232 2386 1286 etiam
2427 1235 2646 1303 assequi
2688 1250 2786 1305 pro
2822 1238 3040 1306 ingenio
3085 1253 3207 1294 meo
3239 1238 3552 1306 studuisse;

1976 1326 2030 1373 et
2059 1322 2282 1374 omnino
2312 1335 2474 1376 omne
2508 1335 2766 1393 punctum
2793 1323 2957 1391 ferre,
2994 1334 3050 1381 et
3080 1327 3209 1382 illud
3248 1330 3557 1399 interpretis

1976 1411 2208 1465 cilicium
2241 1410 2420 1466 facere
2450 1427 2547 1482 pro
2578 1415 2719 1468 virili
2754 1428 2905 1485 parte
2936 1432 3057 1472 esse
3099 1428 3397 1486 conatum;
3445 1436 3553 1475 non

1976 1510 2035 1556 ut
2072 1502 2187 1572 ipse
2213 1503 2451 1559 disertus
2479 1520 2833 1576 apparerem,
2880 1519 2936 1563 ut
2965 1509 3026 1563 S.
3074 1508 3438 1583 Hieronymus
3475 1513 3557 1567 lo--

1974 1592 2163 1662 quitur
2194 1594 2354 1663 epist.
2389 1595 2512 1663 133,
2537 1597 2631 1651 sed
2660 1610 2804 1665 eum,
2834 1600 2928 1669 qui
2956 1600 3192 1655 lecturus
3225 1601 3320 1667 sit,
3351 1601 3555 1656 intelli-

290 1592 507 1652 dicttut,
538 1602 595 1646 et
647 1592 966 1662 baptismum
997 1607 1106 1646 uno
1136 1608 1231 1648 ore
1263 1593 1438 1647 Latini
1478 1609 1599 1647 cum
1647 1593 1871 1660 Griecis,

289 1696 446 1734 sacro
470 1681 615 1748 [ante
647 1681 899 1746 lustrare,
926 1691 980 1737 et
1012 1680 1252 1737 lustralis
1293 1699 1434 1754 aqua
1467 1685 1629 1739 anxie
1653 1699 1870 1756 semper
1973 1696 2099 1753 gere
2122 1691 2179 1738 ut
2205 1683 2750 1755 lacerem,quomodo
2776 1688 2891 1760 ipse
2917 1690 3178 1747 intellexit
3200 1692 3549 1764 quiscripsit.

297 1900 3517 1929 mm

895 2068 1526 2186 EJUSDEM
1612 2071 2377 2188 FRANCISCI
2468 2072 2966 2191 SCORSI

1614 2327 2258 2423 PRZEFATIO

613 2545 785 2610 Notis
820 2543 953 2607 suis
988 2543 1337 2626 prtemissa,
1375 2559 1533 2623 quas
1565 2559 1644 2605 ex
1672 2541 2010 2605 voluminis
2050 2545 2226 2607 calce
2264 2551 2586 2609 revocatas
2615 2549 2812 2609 textui
2840 2549 3249 2629 subjecimus.

366 2878 622 2938 Tametsi.
687 2874 966 2950 defunctus
994 2878 1125 2933 satis
1147 2880 1307 2950 ofﬁcio
1336 2874 1633 2950 interpretis
1660 2874 1824 2930 videri
1860 2884 2133 2950 poteram;
2145 2872 2373 2950 satisque
2403 2890 2654 2945 magnum
2678 2891 2864 2943 capere
2913 2874 3144 2940 fructum
3171 2892 3343 2946 opera:
3380 2897 3537 2945 meat,

289 2955 336 3006 εί
373 2951 735 3015 Theophanem
756 2941 1067 3003 cei-amcam
1092 2966 1156 3004 επ
1178 2941 1370 3004 ’διείρεο
1390 2950 1440 2999 in
1477 2943 1725 3016 Latinum
1755 2941 2045 3000 sermonem
2097 2941 2323 3016 ﬁdeliter
2349 2941 2719 3016 perspicueque
2744 2941 3143 3011 'conrerterem;
3193 2941 3367 3003 tamen
3420 2941 3537 3003 cum

288 3025 352 3073 ab
382 3024 494 3088 ipso
513 3012 685 3083 operis
713 3018 942 3083 suscepti
968 3020 1231 3087 principio
1266 3020 1472 3088 animus
1508 3014 1800 3078 inclinarit,
1829 3028 1887 3088 ut
1910 3019 1977 3088 de
2013 3028 2124 3065 mea
2146 3012 2303 3088 etiam
2330 3012 2480 3068 notas
2500 3015 2607 3069 sive
2626 3012 3015 3088 explanationes
3037 3019 3105 3071 ad
3146 3017 3535 3085 interpretatio-

287 3083 409 3142 nem'
460 3088 800 3157 adjungerem
821 3126 856 3157 ._
903 3083 1166 3157 nunquam
1229 3088 1358 3141 mihi
1409 3087 1667 3157 imperare
1693 3086 1859 3157 potui.
1880 3083 2254 3157 utinterpretis
2290 3099 2520 3157 munere,
2544 3096 2592 3137 et
2635 3085 2843 3139 nomine
2863 3094 3135 3157 contraius
3162 3083 3350 3157 essent.
3382 3088 3535 3153 Quod

285 3160 454 3211 animi
476 3151 708 3210 studium
757 3155 880 3219 mei,
912 3166 968 3208 ut
1000 3151 1194 3211 rectum
1222 3156 1349 3210 ntihi
1385 3151 1512 3216 esse.
1563 3155 1711 3220 eique
1743 3156 1875 3207 adeo
1903 3151 2281 3220 obsequendum
2305 3153 2590 3215 videretur,
2638 3167 2937 3210 suaserunt.
2967 3153 3203 3209 Primum
3236 3156 3350 3219 ipsa
3404 3151 3535 3211 mss.

285 3230 521 3281 codicum
554 3224 785 3277 conditio
811 3238 958 3276 natas
986 3227 1253 3293 postulare
1305 3226 1514 3291 aliquas
1549 3224 1659 3275 visa
1681 3232 1789 3293 est.
1839 3225 1970 3289 Qum
2017 3219 2134 3293 cum
2190 3219 2453 3293 plerisque
2505 3233 2736 3293 veterum
2768 3235 3220 3279 monumentorum
3246 3227 3538 3279 editoribus

286 3298 553 3366 negotium
599 3308 802 3362 semper
856 3290 1168 3362 eahibuerit,
1212 3304 1320 3348 tant
1381 3290 1506 3366 mihi
1549 3291 1689 3343 haud
1720 3294 1988 3366 minimum
2051 3290 2307 3366 facessivit
2339 3308 2369 3366 ;_
2389 3293 2480 3360 qui
2507 3290 3058 3366 exemplariamactus
3082 3310 3202 3366 sum
3245 3310 3345 3348 non
3379 3311 3538 3361 usque

281 3359 490 3435 quaque
516 3359 817 3435 einemtiua,
859 3379 952 3417 nec
978 3359 1200 3430 integra,
1251 3366 1339 3418 sed
1366 3361 1658 3430 deformata
1704 3363 1883 3435 ppu/tis
1947 3362 2141 3435 passim
2182 3359 2234 3411 in
2268 3359 2369 3412 loci
2400 3359 2416 3424 ,
2457 3378 2549 3415 nec
2588 3360 2754 3414 verbis
2771 3362 2963 3423 solam,
3000 3364 3090 3415 sed
3114 3364 3270 3435 etiam
3298 3359 3536 3435 sensibus

282 3430 493 3493 luxata,
526 3447 590 3485 ac
640 3431 915 3496 mutilata;
952 3449 1069 3499 qua:
1119 3450 1237 3486 cum
1291 3441 1456 3485 essent
1487 3448 1518 3482 a
1555 3446 1635 3483 me
1680 3430 1924 3487 duorum.
1957 3431 2196 3489 triumve,
2249 3445 2625 3498 nonnunquam
2662 3441 2892 3499 quatuor
2921 3433 3271 3499 exemplorum
3296 3432 3534 3486 adhibita

283 3503 691 3562 consultatione,
729 3512 775 3553 et
840 3517 934 3567 ape
958 3511 1169 3563 sanata,
1192 3509 1506 3570 perpurgata
1531 3500 1751 3570 mendis.
1780 3512 1826 3554 et
1870 3500 1920 3551 in
1946 3501 2188 3570 nitorem,
2228 3500 2676 3570 integritatemque
2724 3500 2961 3552 restituta
3001 3517 3175 3565 suam,
3208 3518 3384 3555 earum
3417 3518 3528 3556 cas-

282 3576 603 3640 tigationum
654 3569 1034 3639 lectionumque
1078 3568 1345 3624 variarum
1391 3568 1714 3640 reddendam
1760 3586 1791 3620 a
1825 3585 1905 3621 me
1948 3569 2212 3640 rationem
2256 3568 2309 3640 in
2357 3569 2515 3629 notis,
2566 3584 2837 3637 meumque
2887 3572 3222 3637 ap'riendum
3268 3572 3533 3638 judicium
3600 3631 3606 3635 η

278 3636 618 3705 eiistimari;
640 3650 693 3693 ut
726 3655 830 3692 non
870 3636 1039 3692 solum
1068 3657 1170 3708 qua
1192 3642 1297 3709 ﬁde
1323 3648 1372 3693 et
1396 3637 1666 3709 diligentia
1694 3637 1789 3690 has
1812 3637 2068 3709 humilius
2086 3636 2334 3709 legendas
2374 3653 2711 3709 proponerem
2752 3636 2991 3692 omnibus
3033 3636 3347 3704 compertum
3376 3651 3533 3707 esset,

276 3715 372 3765 sed
399 3713 559 3766 etiam
579 3725 729 3761 suum
748 3711 932 3776 cuique
966 3705 1331 3778 relinquerem,
1368 3708 1527 3779 velini
1548 3705 1688 3759 datis
1707 3707 1931 3771 tabellis,
1961 3710 2025 3758 de
2052 3707 2118 3779 iis
2150 3705 2449 3779 arbitrium.
2472 3705 2591 3760 Nec
2616 3722 2733 3760 vero
2767 3711 2926 3779 ancip
2948 3718 3056 3762 tum
3093 3714 3323 3762 locorum
3354 3705 3530 3775 modo,

274 3798 396 3852 qua:
440 3780 733 3846 Scriptura:
776 3775 1045 3852 variantes
1084 3775 1347 3852 parerent,
1379 3777 1486 3852 sed
1526 3783 1574 3828 et
1608 3790 1734 3852 mete
1766 3775 2210 3852 interpretationis
2252 3776 2575 3852 adeundam
2616 3793 2718 3830 non
2746 3793 2867 3852 raro
2897 3775 3155 3852 rationem
3183 3780 3385 3852 putati
3414 3797 3530 3832 rum

274 3844 393 3903 eam
426 3844 748 3903 ercanica:
779 3849 917 3901 vocis
936 3844 1278 3917 ambiguitas,
1310 3846 1388 3917 vel
1417 3845 1728 3907 obscuritas,
1770 3844 1986 3917 dubiam
2015 3844 2233 3917 faceret,
2254 3846 2491 3917 adeoque
2509 3845 2621 3913 ejus
2643 3846 3022 3900 enucleandam
3041 3849 3137 3917 vim
3169 3860 3216 3900 et
3255 3850 3527 3914 originem,

274 3931 332 3972 ut
351 3935 515 3989 quare
574 3922 673 3970 hac
701 3917 894 3989 potius,
922 3913 1097 3989 quam
1124 3917 1232 3989 alia
1294 3916 1486 3971 Latina
1516 3930 1635 3967 voce
1669 3916 2025 3989 sententiaque
2050 3913 2405 3989 reddiderint,
2439 3914 2835 3989 planumesset.
2893 3916 3171 3989 Atque/ta:
3196 3913 3371 3969 caustc
3402 3918 3527 3989 mihi

273 3982 506 4057 fortasse
537 4003 654 4057 cum
685 3982 885 4039 cwteris
913 3982 1283 4057 interpretibus
1310 3989 1454 4053 fuere
1488 3998 1803 4057 communes,
1840 3999 1937 4057 cur
1960 3984 2015 4035 in
2059 3983 2192 4057 notis
2222 3984 2333 4057 haec
2360 3999 2590 4050 agerem.
2625 3982 2744 4057 Illae
2783 4000 2901 4038 vero
2956 3982 3270 4057 intrinsecus
3328 3988 3525 4057 petittc,

269 4050 413 4127 quod
446 4060 502 4110 in
535 4055 616 4109 his
643 4056 967 4127 sermonibus
993 4050 1160 4108 multa
1189 4050 1319 4108 sunt
1338 4069 1617 4127 perspersa
1630 4053 1693 4106 ab
1714 4053 2061 4127 ‘omnigenum
2101 4050 2465 4127 doctrinarum
2489 4069 2621 4119 penu
2649 4055 2952 4127 deprompta
2980 4050 3353 4127 condimenta;
3385 4056 3527 4107 allu-

269 4120 466 4188 siones,
515 4126 939 4190 allitterationes,
974 4127 1239 4178 schemata
1302 4120 1431 4185 alia,
1454 4120 1672 4191 adagia,
1702 4120 1919 4188 fabula},
1980 4120 2232 4193 historias,
2298 4136 2633 4193 numerorum
2674 4124 2910 4193 mystica:
2960 4124 3210 4190 rationes,
3243 4138 3362 4193 quae
3380 4127 3528 4193 etsi

267 4197 639 4266 πολυϊστορας
670 4198 806 4247 viros
830 4194 1043 4266 ntinime
1073 4196 1252 4264 forsan
1283 4194 1526 4266 laterent,
1552 4189 1667 4244 cum
1710 4201 1882 4266 tamen
1920 4189 2178 4252 omnibus,
2203 4206 2332 4266 quos
2360 4192 2517 4266 etiam
2559 4189 2951 4266 lectores‘hujus
2978 4195 3148 4266 operis
3177 4189 3340 4246 essent
3367 4191 3523 4266 habi-

269 4276 448 4330 turus,
480 4259 606 4317 no'ta
629 4280 739 4317 esse
765 4279 866 4315 non
892 4259 1173 4328 crederem,
1203 4279 1265 4316 ne
1299 4280 1359 4318 ea
1391 4263 1555 4315 lector
1584 4276 1686 4313 non
1717 4259 1990 4329 degustato
2043 4262 2357 4325 prieteriret,
2406 4261 2482 4330 vel
2514 4276 2615 4313 non
2664 4262 2927 4314 intellecta
2978 4263 3398 4327 parvipentleret,
3442 4261 3525 4315 Itis

266 4329 705 4387 adnotationibus
740 4333 1122 4399 providendum
1190 4335 1340 4398 duxi,
1381 4347 1445 4386 ea:
1484 4330 1671 4401 quibus
1706 4340 2030 4383 retrusarum
2062 4344 2239 4401 rerum
2264 4329 2560 4401 intellectus
2613 4340 2782 4401 posset
2814 4331 3037 4401 hauriri.
3065 4333 3247 4386 Multa
3271 4340 3525 4398 praeterea

264 4407 451 4457 insunt
481 4403 857 4471 explicationes
904 4401 979 4454 vel
1016 4401 1443 4470 Evangeliorum,
1484 4399 1714 4471 qua:_hic
1741 4404 2011 4464 episcopus
2053 4399 2210 4471 idem,
2239 4411 2286 4453 et
2338 4399 2668 4471 ecclesiasles
2710 4399 2776 4453 de
2798 4400 2956 4454 veteri
2995 4416 3138 4471 more
3166 4418 3257 4466 pro
3281 4403 3526 4471 concione

262 4466 614 4541 explanabat,
647 4472 720 4525 vel
757 4471 985 4524 aliorum
1018 4466 1253 4541 locorum
1289 4466 1556 4541 utriusque
1599 4466 1936 4535 Testameuti,
1963 4483 2079 4534 qua:
2097 4466 2164 4541 ad
2186 4483 2295 4541 rem
2314 4485 2462 4522 suam
2489 4468 2715 4541 inducit,
2738 4471 2852 4524 sive
2884 4471 2937 4522 in
2980 4468 3163 4524 Graeco
3188 4480 3331 4541 textu
3371 4468 3525 4524 LXX

262 4547 634 4609 interpretum,
666 4544 1001 4611 ipsorumque
1041 4540 1475 4611 evangelistaram
1504 4540 1626 4611 vim,
1658 4550 1705 4590 et
1735 4549 2051 4611 venustatem
2091 4540 2372 4611 obtinentes
2417 4554 2591 4602 suam,
2627 4540 2733 4611 sive
2760 4540 2921 4592 etiam
2958 4556 3021 4593 ea:
3044 4557 3098 4593 se
3128 4540 3442 4607 singulares.
3467 4550 3515 4592 et

261 4606 630 4674 admirabiles,
674 4606 833 4677 eoque
885 4606 1107 4676 fortasse
1136 4606 1455 4663 tturiusrultc
1489 4618 1535 4660 et
1558 4608 1728 4660 minus
1770 4608 2014 4678 cuiquam
2034 4606 2346 4678 probabiles,
2387 4624 2516 4678 quas
2549 4610 2675 4662 meis
2706 4611 2850 4663 hisce
2882 4611 3040 4671 notis,
3082 4626 3171 4663 seu
3199 4606 3522 4662 commenta-

261 4683 496 4734 tionibus
527 4676 858 4745 escutiendo,
888 4689 937 4733 et
960 4681 1277 4747 expediendo
1305 4678 1559 4740 emollire,
1582 4688 1631 4731 et
1659 4679 1882 4731 aliorum
1915 4676 2135 4728 Patrum
2173 4686 2221 4728 et
2246 4676 2610 4744 interpretum,
2644 4693 2732 4730 seu
2769 4689 3113 4747 veterumseu
3154 4679 3518 4734 recentiorum.

261 4754 306 4802 si
338 4752 428 4817 qui
458 4761 626 4804 essent
673 4749 970 4817 ὁμόψηφοι.
1014 4746 1264 4802 Consensu
1295 4752 1529 4815 ﬁrmare,
1563 4763 1768 4809 acquum
1795 4749 2010 4810 censui;
2048 4762 2110 4799 ne
2136 4748 2299 4815 gratis
2324 4746 2615 4815 quidpiam,
2658 4762 2719 4800 ac
2752 4757 2939 4801 temere
2982 4746 3178 4799 dictant
3202 4748 3264 4800 ab
3286 4751 3394 4817 hoc
3422 4762 3521 4797 au-

263 4813 403 4872 ctore
452 4813 896 4879 credereturfve‘l
960 4820 1259 4884 ambiguum
1296 4813 1480 4871 adhuc
1516 4819 1567 4871 in
1594 4817 1874 4885 legentium
1898 4818 2087 4869 animis
2122 4813 2223 4869 non
2252 4813 2530 4885 insideret.
2568 4817 2718 4870 Dicta
2759 4834 2875 4870 vero
2904 4816 3228 4880 superiorum
3275 4813 3518 4875 Patrum,

260 4892 537 4956 utriusque
560 4889 847 4956 prazsertim
874 4886 1134 4957 Gregorii,
1178 4888 1526 4946 Nazianzeni.
1562 4884 1612 4938 Ν
1617 4884 1891 4957 ῃίιςεηὶιῃιε
1914 4897 1957 4938 et
1988 4888 2174 4957 sancti
2211 4884 2432 4939 Maximi
2460 4887 2724 4957 martyris,
2759 4887 2945 4957 quibus
2977 4885 3306 4957 familiarius
3330 4885 3517 4947 utitur,

255 4968 311 5011 et
347 4952 687 5028 nonunquam
738 4962 945 5026 quidem
980 4952 1234 5026 vlongiore
1270 4958 1538 5028 orationis
1579 4952 1751 5007 tractu
1805 4952 2137 5028 Theophanes
2182 4959 2358 5028 refert,
2422 4952 2615 5028 stt-pius
2645 4952 3040 5028 vero'brepiter,
3086 4964 3135 5007 ct
3162 4955 3241 5007 vel
3253 4968 3506 5028 expresso

257 5032 498 5082 auctoris
524 5023 759 5091 nomine,
780 5030 854 5080 vel
873 5023 1168 5093 suppresso,
1199 5027 1276 5103 vel
1300 5026 1525 5103 eleganti
1544 5025 1934 5103 antonomasia
1973 5026 2365 5103 circumscripto
2414 5024 2693 5103 signiﬁcat,
2723 5042 2781 5077 ea
2817 5024 2903 5076 ubi
2933 5032 3198 5103 exstarent
3228 5023 3517 5103 designatis

255 5099 386 5163 ipsis
445 5099 574 5151 locis
636 5099 873 5150 indicare
902 5111 1167 5149 necessum
1204 5096 1385 5158 habui,
1426 5108 1471 5148 et
1500 5094 1589 5147 ubi
1617 5108 1699 5145 res
1752 5095 2036 5159 postularet
2076 5095 2613 5163 etiamAtranscribere
2652 5095 2706 5147 in
2737 5105 2906 5154 notas,
2939 5103 2995 5145 ut
3025 5101 3238 5163 etcerta
3273 5094 3513 5146 testantis

256 5160 411 5234 fides,
462 5180 510 5220 et
560 5167 748 5235 quibus
791 5167 954 5219 verbis
996 5166 1061 5217 ab
1095 5174 1318 5231 utroque
1346 5181 1408 5217 ea
1432 5174 1601 5235 essent
1632 5163 1840 5229 prolata
1893 5172 2178 5216 constaret.
2220 5160 2373 5228 Quod
2407 5165 2599 5235 siqua:
2628 5180 2692 5217 ea:
2718 5166 2797 5217 his
2837 5164 2966 5215 locis
2994 5162 3252 5235 insignem
3282 5163 3514 5235 aliquam

255 5232 580 5296 doctrinam,
607 5237 1048 5305 qutestiouemque
1105 5236 1453 5305 theologicam
1466 5234 1782 5287 continerent
1820 5247 1922 5284 non
1968 5243 2074 5284 tant
2107 5235 2162 5286 in
2206 5245 2409 5305 nostra,
2431 5232 2772 5305 Theophane,
2804 5248 2960 5305 quam
2996 5232 3196 5305 inipsis
3217 5232 3515 5305 fontibus,a

252 5308 444 5373 quibus
479 5302 646 5359 essent
671 5306 884 5368 hausta,
909 5302 1299 5363 obscuritatem.
1354 5304 1807 5373 diﬁicultatemquc
1837 5315 1903 5352 ea:
1923 5316 1977 5373 se
1997 5312 2261 5373 crearent,
2296 5304 2349 5356 in
2372 5304 2437 5356 iis
2462 5303 2619 5356 etiam
2658 5302 2942 5373 copiosius,
2979 5302 3327 5373 subtiliusque
3346 5302 3514 5373 disce-

251 5366 474 5443 ptandis
505 5375 744 5427 distineri
768 5366 1042 5428 consilium
1073 5374 1196 5442 fuit,
1238 5384 1392 5443 atque
1407 5366 1480 5426 ita
1519 5366 1729 5443 utrique
1752 5372 1955 5443 auctori
1988 5371 2165 5443 lumen
2188 5373 2378 5443 afferre
2404 5388 2466 5425 ac
2494 5374 2558 5423 de
2587 5366 2766 5426 eadem
2793 5371 2973 5438 ﬁdelia
3015 5369 3108 5422 δύο
3127 5366 3339 5438 colico;
3364 5366 3512 5443 ἁλςζ-

252 5436 399 5509 ἱρειν.
438 5445 595 5508 Quod
620 5460 677 5514 eo
698 5444 979 5514 impensius
1002 5436 1125 5512 feci,
1155 5436 1202 5497 et
1226 5436 1506 5506 elaboravi,
1548 5440 1593 5493 si
1624 5436 1741 5509 qua:
1761 5439 2002 5492 doctrina
2045 5444 2112 5492 ad
2132 5436 2255 5507 fidei
2283 5443 2531 5509 dogmata
2571 5436 2855 5514 attineret;
2888 5456 3110 5514 quorum
3136 5436 3263 5492 sane
3284 5453 3402 5514 cunt
3425 5436 3512 5491 hic

250 5505 537 5567 Ceramests
584 5513 650 5564 sit
673 5524 719 5566 et
750 5505 1227 5581 egregius'doctor,
1259 5524 1305 5565 et
1336 5505 2038 5581 acerrimuspropugnator,
2064 5505 2241 5581 eorum
2277 5505 2433 5581 certe,
2466 5526 2583 5579 qua:
2609 5511 2692 5581 in_
2712 5505 2972 5581 Ecclesia,
3014 5508 3110 5581 vel
3139 5522 3235 5560 suo
3272 5505 3362 5581 pel
3413 5522 3510 5581 su-

248 5585 552 5649 perioribus
578 5576 798 5635 stvcults'
811 5576 1040 5645 sancita,
1072 5599 1135 5635 ac
1159 5582 1377 5651 definita
1396 5582 1513 5649 jam
1541 5579 1747 5651 fuerant
1767 5594 1787 5641 ;
1805 5576 1867 5631 ne
1896 5594 2014 5651 vero
2055 5580 2122 5631 iis
2165 5582 2239 5651 de
2264 5580 2449 5647 quibus
2478 5576 2880 5651 inter_Graecos.
2900 5576 3338 5651 Latinosquediu
3368 5576 3510 5651 mul-

252 5645 469 5720 tumque
485 5653 830 5717 disceptatum
861 5651 997 5720 fuit;
1032 5662 1078 5706 et
1104 5645 1311 5705 tandem
1333 5645 1634 5703 iit—concilio
1682 5645 1987 5720 Florentino
2026 5656 2142 5720 post
2168 5645 2388 5717 aliquot,
2427 5666 2584 5719 quam
2611 5649 2946 5714 Theophanes
2994 5645 3283 5720 s‘cripseri',
3312 5646 3509 5700 stccula

250 5717 543 5785 decretum,
602 5737 662 5773 ac
697 5717 991 5792 definitum,
1031 5738 1092 5776 ne
1120 5723 1206 5787 iis,
1266 5722 1502 5790 inquam,
1538 5719 1820 5772 dissentire
1842 5717 2058 5772 Grtccus
2076 5718 2159 5772 hic
2188 5720 2411 5786 scriptor
2440 5717 2580 5788 quod
2617 5723 2811 5777 alicubi
2838 5736 2940 5774 uno
2975 5718 3203 5774 alterove
3227 5720 3378 5772 verbo
3402 5729 3504 5769 non
