4062 6214
308 319 413 383 133

297 431 457 503 pensi
509 427 800 499 imaginem
826 467 844 495 ,
896 427 979 482 vel
1033 426 1230 482 Christi
1303 437 1562 493 eatenus,
1618 441 1887 498 quatenus

301 523 423 590 ipse
452 529 674 588 peccata
701 528 887 570 nostra
941 516 1084 579 tulit,
1131 531 1302 585 eaque
1341 518 1486 589 ligno
1513 519 1703 585 aﬂisit,
1728 530 1891 588 atque

300 614 468 679 adeo,
494 620 550 665 ut
602 609 894 679 Apostolus
934 608 1031 671 ait,
1059 608 1200 664 Deus
1225 609 1375 664 illum
1413 613 1504 680 qni
1537 611 1736 666 nullum
1768 628 1892 680 pec-

303 712 488 757 eatum
547 709 799 763 noverat,
850 710 1134 768 peccatum
1188 716 1289 771 pro
1336 704 1490 758 nohis
1540 703 1689 758 fecit.
1740 703 1892 757 lianc

303 793 571 847 rationem
592 790 796 845 indicat
812 789 1170 860 Theophanes
1197 792 1488 847 Cerameus
1518 793 1892 861 archiepisco-

312 897 420 948 pus
466 881 851 936 Taurumeniae
884 880 940 935 in
970 880 1176 947 Sicilia,
1207 881 1290 936 his
1328 881 1505 938 verbis
1537 901 1551 937 :
1582 901 1602 935 t
1636 883 1755 937 Non
1783 895 1894 937 tur-

305 971 467 1023 betur
526 972 821 1040 quispiam,
873 990 893 1024 ι
955 983 1062 1027 etc.
1117 987 1240 1041 qua:
1276 972 1442 1029 habes
1467 974 1752 1029 hum.5in
1793 975 1894 1028 hoc

300 1069 496 1115 11081ΐο
520 1075 710 1130 opere.

816 1151 965 1208 Idem
1004 1155 1180 1207 eodem
1213 1155 1400 1222 capite.

382 1246 654 1300 Caeterum
683 1260 805 1299 cum
837 1261 936 1300 nos
969 1246 1021 1299 in
1073 1246 1227 1316 hujus
1257 1247 1381 1300 vine
1425 1261 1604 1302 crcn-u
1628 1246 1894 1302 morsibus

303 1346 629 1406 serpentum
654 1335 887 1405 expositi
914 1336 1103 1402 simus,
1135 1345 1369 1407 oportet,
1403 1348 1460 1391 ut
1509 1338 1645 1392 sicut
1682 1337 1933 1392 lsraeli--

306 1439 378 1483 tte
408 1431 460 1482 in
521 1440 766 1482 erectum
823 1440 1152 1496 serpentem,
1204 1430 1394 1484 salutis
1420 1430 1610 1499 gratia,
1641 1446 1894 1499 respexe-

310 1531 462 1588 runt,
492 1522 562 1574 ita
587 1532 644 1575 et
664 1537 761 1574 nos
777 1521 888 1588 jam
916 1521 1273 1590 respiciamus
1291 1523 1342 1576 in
1366 1524 1641 1578 Christum
1660 1537 1693 1578 e
1718 1523 1894 1577 crucis

311 1616 505 1668 arbore
535 1611 855 1679 pendentem
879 1627 892 1662 :
917 1630 936 1662 t
956 1609 1191 1666 Necdum
1213 1612 1433 1667 omnino
1460 1612 1731 1667 desierunt
1754 1625 1895 1666 mur-

314 1720 429 1766 sus,
460 1703 636 1771 inquit
666 1700 1044 1770 Theophanes.
1075 1699 1238 1756 Insita
1269 1704 1414 1757 enim
1455 1704 1605 1757 carni
1636 1705 1894 1756 adversus

310 1794 566 1865 spiritqu
620 1794 1060 1860 concupiscentia
1084 1794 1318 1848 nondum
1358 1794 1595 1863 perfecte
1636 1795 1891 1866 conquie-

308 1888 411 1948 vit,
437 1903 457 1936 ι
475 1893 530 1939 et
550 1895 742 1939 caetera
769 1900 887 1953 qua:
914 1884 1080 1938 habes
1114 1884 1301 1939 eadem
1336 1886 1576 1942 humilia.

309 1975 464 2031 Idem
510 1978 566 2030 in
614 1985 942 2044 syntagmate
969 1976 1032 2027 de
1058 1975 1370 2044 imaginibus
1427 1992 1527 2027 non
1552 1975 1892 2042 mann/actis,

383 2049 546 2113 deque
579 2048 699 2100 aliis
744 2063 775 2097 tt
803 2054 984 2097 sancto
1039 2044 1178 2096 Luca
1206 2045 1381 2108 pictis,
1428 2046 1611 2097 addito
1633 2047 1703 2097 ad
1733 2046 1895 2098 Codi-

388 2133 513 2170 mun
538 2116 917 2183 Curapalatam
947 2132 1064 2180 cap.
1097 2115 1129 2168 5
1168 2115 1230 2167 de
1286 2116 1585 2168 auctoribus
1619 2116 1709 2181 qui
1758 2119 1894 2169 ima-

385 2186 522 2256 ginis
551 2185 828 2256 Edessena:
857 2200 958 2236 non
992 2186 1329 2256 mannfactw,
1378 2186 1466 2238 sed
1491 2201 1521 2236 a
1556 2183 1765 2238 Christo
1791 2186 1895 2238 Do-

388 2254 529 2309 ntino
554 2256 716 2308 linteo
745 2255 1009 2322 impressa
1028 2254 1401 2309 meminerunt.

386 2364 527 2402 nn.
584 2345 943 2415 Theophanes
985 2345 1280 2400 Ct-ramens
1323 2345 1470 2401 hum.
1515 2348 1566 2400 in
1603 2345 1895 2400 restitutio-

309 2454 436 2494 nem
472 2436 767 2507 imaginum
798 2452 812 2488 :
861 2453 879 2486 t
916 2435 1028 2504 Ipse
1072 2435 1327 2488 Dominus
1355 2445 1538 2489 noster
1584 2437 1636 2488 in
1671 2437 1896 2488 sindone

311 2530 552 2600 speciem
611 2530 723 2583 sive
747 2529 976 2581 formam
1001 2542 1154 2581 suam
1182 2529 1446 2597 expressit
1475 2527 1592 2582 sine
1623 2543 1782 2581 manu
1807 2565 1822 2591 ,
1845 2536 1898 2579 et

309 2623 571 2691 Abagaro
621 2622 890 2690 luparcha:
934 2619 1112 2683 misit;
1186 2635 1455 2690 nunquam
1495 2635 1623 2675 vero
1681 2621 1781 2672 hoc
1822 2617 1899 2672 fc-

308 2715 507 2778 cisset,
531 2712 632 2766 nisi
652 2711 912 2781 imagines
936 2710 1039 2765 culi
1062 2708 1332 2765 voluissut.
1377 2730 1396 2763 ι

308 2805 465 2860 Idem
515 2822 633 2873 cap.
673 2804 741 2858 18
791 2805 855 2857 de
885 2804 1199 2874 imaginibus
1243 2804 1304 2859 ι).
1361 2802 1584 2874 Virginis
1633 2820 1665 2857 a
1714 2814 1896 2861 sancto

916 2873 1059 2926 Luca
1110 2875 1289 2941 pictis.

383 2967 518 3022 Vide
548 2967 933 3036 Theophanem
974 2966 1320 3030 Ceratneum,
1380 2965 1598 3019 humilia
1634 2966 1700 3021 de
1743 2966 1897 3021 resti-

312 3061 519 3116 tutione
549 3059 878 3129 lmagiuum,
917 3057 1157 3125 ejusdem
1189 3058 1472 3112 sententia:
1497 3072 1637 3121 esse,
1671 3059 1797 3112 dum
1826 3059 1897 3112 ita

307 3148 502 3202 scribit
526 3163 541 3198 :
577 3164 598 3198 ι
632 3145 745 3199 lmo
771 3153 824 3198 et
848 3143 1019 3197 Lucas
1044 3143 1278 3197 disertus
1302 3144 1388 3196 ille
1413 3145 1741 3214 evangelista
1765 3144 1901 3198 inta-

309 3241 493 3311 giuem
551 3238 792 3304 Deiparae
840 3249 963 3290 cera
1013 3244 1067 3289 et
1122 3234 1396 3290 coloribrs
1442 3233 1684 3304 depinxit
1727 3235 1896 3291 sacris

311 3329 554 3382 brachiis
585 3335 861 3380 tenentem
891 3325 1197 3379 Dominum.
1240 3342 1260 3375 ι

310 3417 380 3472 Ρ.
404 3418 637 3472 Iacobus
659 3417 812 3470 I’mto
840 3432 947 3469 soc.
976 3415 1104 3469 .Iesu
1133 3418 1184 3468 in
1210 3415 1342 3469 libro
1369 3431 1522 3486 quem
1569 3434 1588 3467 ι
1631 3415 1897 3473 Christum

380 3489 699 3555 crucifixum
736 3505 754 3537 ι
808 3488 1045 3539 inscribit
1077 3491 1159 3538 tit.
1194 3502 1233 3546 ι,
1278 3487 1391 3539 loco
1427 3488 1477 3555 i,
1510 3486 1593 3538 ubi
1625 3487 1898 3541 Christum

378 3554 694 3624 cruciﬁxum
742 3573 774 3609 a
808 3557 978 3623 capite
1016 3559 1082 3610 ad
1115 3556 1308 3609 calcem
1335 3557 1390 3609 in
1413 3554 1693 3623 Scriptura
1721 3557 1898 3625 signa-

379 3642 490 3681 tum
510 3629 753 3681 ostendit.

383 3718 529 3772 luem
587 3717 773 3770 videre
801 3723 888 3771 est
927 3715 1067 3782 apud
1103 3713 1325 3768 Patrum
1346 3713 1482 3769 alios
1518 3715 1717 3784 passim
1748 3713 1899 3770 Grai-

304 3823 406 3864 cos
454 3817 618 3875 atque
692 3804 1150 3860 Latinos:uuum
1209 3804 1500 3873 producam
1560 3819 1626 3858 ex
1694 3803 1897 3860 Graecis

306 3899 699 3967 Theophanem
728 3897 1070 3961 Cerameum,
1116 3896 1491 3950 Tauromenize
1527 3896 1895 3966 archiepisco-

307 4009 466 4062 pum.
525 3990 620 4044 Hic
670 3991 758 4045 ubi
795 3989 1024 4059 plurima
1072 3988 1245 4042 nostri
1276 3987 1516 4057 mysterii
1556 3996 1893 4057 argumenta,

304 4087 415 4139 hoc
469 4092 556 4138 est
594 4098 761 4137 sacrae
813 4080 1105 4148 Scriptura:
1143 4079 1388 4148 exempla
1453 4081 1745 4149 congessit,
1788 4078 1894 4133 iota

307 4179 564 4246 insuper,
587 4185 642 4229 et
667 4174 850 4243 apices
875 4173 1037 4226 etiam
1083 4172 1400 4241 mysterium
1428 4171 1569 4225 idem
1597 4170 1736 4240 quod
1767 4184 1898 4225 sane

309 4272 488 4336 magis
507 4276 611 4329 est,
640 4266 858 4334 signare
884 4264 1241 4316 demonstrat.
1269 4278 1288 4313 t
1320 4261 1454 4316 Cum
1487 4262 1669 4330 igitur,
1702 4262 1896 4329 inquit,

305 4359 493 4416 erucis
546 4355 885 4426 myderium,
949 4363 1002 4406 et
1054 4352 1251 4420 inlege
1300 4362 1356 4406 et
1405 4350 1458 4404 in
1491 4350 1764 4421 prophetis
1784 4352 1899 4406 elu-

309 4457 519 4511 cesrat,
555 4464 574 4495 ι
610 4456 718 4496 etc.
760 4460 880 4512 quze
921 4441 1088 4496 habes
1117 4441 1266 4496 hom.
1304 4441 1358 4495 4.

313 4534 379 4588 Ρ.
402 4535 665 4588 Antonius
695 4531 1008 4612 Posseuinus
1048 4548 1159 4585 soc.
1196 4531 1325 4612 Iesu
1352 4539 1479 4584 tom.
1518 4528 1618 4584 III
1654 4531 1896 4601 Appara-

965 4611 1048 4653 tus
1093 4611 1257 4657 sacri.

385 4690 749 4758 Theophanes
799 4686 1096 4743 Cerameus
1145 4687 1331 4743 Graece
1383 4686 1600 4758 scripsit
1638 4686 1901 4747 llumilias

310 4788 368 4839 in
440 4784 729 4853 Evangelia
789 4782 897 4834 τῶν
924 4780 1229 4853 κυριακῶν.
1266 4780 1368 4834 huc
1407 4790 1489 4835 est
1527 4780 1899 4845 Dominicalia,

314 4888 369 4931 et
391 4879 445 4931 in
485 4875 624 4931 alios
653 4874 818 4929 festos
855 4873 972 4927 dies

828 4966 975 5019 Idem
995 4969 1049 5020 in
1079 4966 1387 5034 appendice.

386 5062 581 5117 Exstat
603 5074 735 5115 vero
754 5058 992 5128 ejusdem
1025 5060 1081 5113 in
1116 5058 1477 5115 sanctissima:
1517 5056 1756 5123 Deiparte
1792 5058 1905 5112 An-

316 5155 711 5211 nuntiationem
748 5153 976 5223 hymnus
1013 5153 1066 5206 iu
1115 5163 1261 5207 tumo
1316 5150 1428 5207 Vlll
1480 5150 1733 5206 Biblioth.
1789 5149 1900 5205 ιιι).

315 5248 443 5300 edit.
473 5245 561 5300 2³.

313 5337 649 5393 Bibliotheca
688 5334 910 5389 Patrum
946 5350 1139 5402 magna
1214 5334 1331 5404 plus
1394 5343 1602 5388 centum
1651 5330 1901 5404 I_’a_tribus

386 5422 434 5461 et
457 5407 752 5529 [opusculis
799 5407 1152 5472 aucta,euita
1198 5402 1450 5468 Colonia,
1488 5418 1615 5458 tom.
1660 5402 1766 5470 IX,
1798 5422 1901 5458 ste-

387 5494 453 5532 cu
479 5496 509 5530 ο
535 5492 613 5530 ix.

386 5568 752 5638 Theophanes
812 5563 1127 5633 Cerameus,
1177 5563 1555 5619 'l‘auromenite
1616 5563 1670 5619 in
1719 5561 1901 5619 Sicilia

309 5673 630 5730 episcopus,
688 5657 907 5726 scripsit
957 5655 1218 5711 llomilias
1251 5657 1304 5710 in
1333 5655 1622 5726 Evangelia
1659 5655 1902 5711 Domini-

313 5752 481 5817 calta,
547 5760 604 5805 et
657 5749 860 5818 aliquot
913 5746 1048 5802 festa
1098 5748 1263 5803 tutius
1300 5746 1448 5813 anni,
1479 5761 1598 5816 quae
1620 5755 1902 5801 servantur

1402 315 1874 378 TESTIMONIA
1905 313 2003 378 DE
2029 303 2525 378 THEOPHANE.

3449 318 3553 383 134

1992 441 2096 481 ms.
2149 427 2426 487 Venetiis:
2489 436 2544 482 ct
2591 428 2694 483 alia
2744 429 2971 486 necdum
3018 430 3185 488 edita.
3217 431 3443 489 Exstant
3494 449 3561 489 cs

1990 515 2160 585 ipsius
2218 517 2436 585 scriptis
2497 515 2706 581 saltem,
2801 533 2920 586 quae
2992 521 3193 576 habere
3252 524 3563 592 potuimus,

1994 604 2183 661 Oratio
2229 606 2283 660 in
2346 605 2679 660 Dominicam
2729 620 2856 663 ante
2925 611 3319 668 Exaltatiunem
3364 625 3566 671 sancta

1990 695 2218 758 Crueis;
2270 705 2326 750 et
2374 696 2541 749 altera
2591 698 2643 749 in
2705 697 3041 753 Exaltatione
3069 712 3274 756 sanctae
3319 702 3564 758 Crucisa

1990 785 2192 843 laccho
2244 788 2504 842 Gretsero
2565 802 2682 845 sue.
2720 788 2845 844 Iesu
2879 792 3059 846 editae.
3090 792 3221 846 Item
3254 795 3488 866 hymnus
3510 797 3565 851 in

1992 879 2416 934 Annuntiatione
2460 880 2722 951 Deiparm,
2770 897 2926 951 quem
2984 882 3110 939 huic
3148 884 3460 953 TheOphani
3486 898 3568 942 at-

1995 974 2183 1030 tribuit
2205 971 2438 1029 Jodocus
2471 973 2664 1028 COCt'ill
2681 1005 2718 1026 ι.

1992 1064 2060 1122 Ρ.
2121 1065 2370 1138 Octavius
2398 1065 2662 1138 Caetanns
2706 1084 2829 1138 Asoc.
2896 1066 3023 1121 Iesu
3055 1068 3107 1121 in
3136 1067 3364 1138 Isagoga
3395 1071 3464 1124 ad
3483 1073 3566 1125 hi-

2065 1138 2285 1189 storiam
2337 1134 2400 1187 de
2430 1134 2531 1189 SS.
2587 1134 2803 1198 Sicilire,
2858 1153 2974 1204 qua:
3026 1134 3254 1192 nonduin
3298 1134 3567 1205 I'Ilellilﬂ,

2070 1217 2240 1259 tamen
2267 1222 2297 1256 a
2322 1220 2402 1273 nte
2431 1204 2696 1273 praelecta.
2722 1205 3081 1273 Theophanem
3112 1207 3414 1262 Cerameum
3435 1204 3572 1262 inter

2064 1273 2268 1329 Siculos
2328 1272 2554 1338 Patres,
2595 1286 2641 1328 et
2694 1272 2941 1328 Ecclesiae
2995 1289 3444 1345 prapugnawres,
3519 1290 3569 1332 et

2066 1346 2341 1412 scriptores
2385 1354 2583 1398 contra
2612 1345 2886 1399 haereticos
2953 1358 3247 1399 enumerat.
3307 1347 3452 1400 Idem
3512 1349 3567 1401 in

2064 1414 2604 1467 animaduersionibus
2669 1417 2739 1466 ad
2811 1413 3110 1469 Orationem
3156 1418 3221 1468 de
3278 1415 3573 1471 Indictianc

2066 1483 2242 1535 itidem
2272 1499 2368 1535 ms.

2064 1573 2409 1637 Theophanis
2462 1573 2704 1643 episcOpi
2751 1574 3094 1629 Tauromenii
3150 1575 3385 1631 homiliae
3430 1590 3573 1631 non-

1994 1663 2118 1718 dum
2152 1663 2310 1719 edita:
2337 1663 2390 1717 in
2426 1663 2621 1729 lucem,
2645 1664 2738 1719 sed
2788 1665 2908 1721 luce
2942 1666 3119 1735 dignae
3149 1684 3165 1732 ;
3209 1683 3398 1738 magna
3426 1684 3570 1723 enim

1995 1768 2117 1806 cum
2149 1753 2437 1822 sapientia,
2469 1764 2578 1807 tum
2618 1756 2923 1825 eloquentia
2956 1756 3287 1826 compositae.

1996 1841 2145 1901 Idem
2176 1846 2229 1899 in
2280 1844 2821 1968 attitttadversilqnibus
2865 1847 2946 1928 .ad
2991 1836 3365 1903 Homiliamde
3392 1859 3573 1903 sancto

2669 1927 2933 1968 ancralto.

2669 1927 2933 1972 ancratto.

1974 2046 1981 2049 .
2066 2002 2221 2059 Enim
2275 2019 2406 2060 vero
2460 2019 2612 2074 aeque
2669 2007 2905 2073 graviter
2953 2022 3016 2062 ac
3076 2009 3163 2075 pie
3217 2007 3574 2077 Theophanes

1994 2093 2333 2162 evangelium
2375 2094 2478 2149 hac
2511 2094 2760 2148 oratione
2819 2095 3225 2164 interpretatur,
3268 2098 3407 2166 quod
3435 2098 3573 2153 resto

1996 2186 2081 2239 die
2122 2184 2179 2239 S.
2218 2184 2487 2239 Pancratii
2540 2184 2848 2254 prtelectum
2907 2196 3046 2249 erat.
3076 2188 3269 2243 Sermo
3298 2187 3445 2243 utilis
3494 2202 3579 2243 est

1996 2278 2061 2331 ad
2118 2277 2489 2332 informandus
2556 2292 2753 2342 mores,
2803 2278 3144 2349 maximeque
3187 2280 3254 2334 iis
3302 2281 3577 2345 conducit,

1995 2369 2084 2437 qui
2141 2368 2194 2420 in
2244 2368 2423 2421 divina
2484 2366 2823 2438 philosophia
2871 2383 2931 2424 se
2965 2379 3243 2425 exercent.
3279 2369 3576 2427 Christiani

1997 2456 2411 2511 concinnaturcs
2458 2455 2583 2511 hinc
2629 2456 2881 2511 hauriant
2933 2460 3284 2515 cuncionandi
3333 2463 3577 2530 modum,

1998 2548 2371 2616 rationemque
2430 2546 2707 2618 Evangelii
2770 2550 3077 2619 explicandi
3115 2568 3214 2622 pro
3269 2555 3461 2610 rostris
3508 2557 3578 2610 ad

1998 2639 2281 2711 populum.

2246 2727 2395 2784 Idem
2435 2730 2488 2783 in
2525 2730 2644 2784 idea
2672 2732 2841 2800 operis
2890 2732 3024 2801 typis
3059 2732 3332 2802 impressa.

2071 2820 2415 2892 Theophanis
2448 2822 2836 2891 archiepiscOpi
2875 2824 3361 2878 Tanromeniorum
3392 2825 3576 2881 Oratio

1997 2909 2051 2965 in
2115 2912 2239 2965 novi
2290 2909 2419 2964 anui
2451 2911 2825 2978 lndictiunem,
2864 2912 3120 2981 praeclara
3171 2930 3293 2968 cum
3321 2915 3576 2972 Comme-

2002 3004 2305 3057 moratione
2335 3002 2398 3055 D.
2429 3001 2663 3073 Virginis
2703 3003 3200 3076 Tauromenitanae,
3234 3020 3285 3062 et
3311 3007 3412 3064 SS.
3448 3008 3575 3064 MM.

1997 3091 2267 3159 Callistes,
2294 3092 2474 3149 Evodii
2498 3106 2551 3150 et
2575 3094 2947 3166 Hermogenis.

1998 3183 2068 3239 F.
2101 3185 2405 3240 Dominicus
2430 3187 2661 3241 Grttrina
2699 3189 2899 3243 ordinis
2941 3188 3359 3245 Prmdicatorum
3396 3195 3577 3247 catho-

2068 3257 2291 3326 licarum
2331 3256 2791 3326 Prwsct'jptionum
2823 3263 3069 3312 adversus
3118 3262 3284 3314 nostri
3333 3266 3579 3326 temporis

2067 3325 2336 3397 htcreticos
2365 3338 2486 3378 tum.
2517 3324 2634 3388 Ill,
2662 3343 2716 3395 ρ.
2743 3344 2795 3392 p.
2838 3330 3327 3397 qutcstprincipali,
3362 3324 3575 3395 Quanta

2068 3397 2133 3449 sit
2189 3396 2330 3456 apud
2382 3400 2588 3448 eosdem
2645 3397 2928 3450 catholicos
2986 3396 3209 3453 Patrum
3255 3405 3569 3463 auctoritas,

2086 3467 2140 3516 in
2163 3481 2234 3538 Διε,
2260 3464 2415 3517 eciali
2449 3477 2671 3518 recenset
2709 3482 2884 3519 omnes
2924 3466 3115 3521 Patres
3141 3487 3234 3538 per
3267 3471 3463 3525 sa'culu
3493 3473 3580 3523 di-

2073 3532 2346 3596 stributus,
2374 3543 2422 3586 et
2451 3550 2586 3588 nono
2616 3540 2808 3589 sa'culo
2839 3539 2912 3590 sic
2940 3539 3014 3590 ait
3048 3552 3069 3591 :

2076 3642 2094 3675 t
2135 3622 2326 3679 Patres
2359 3625 2485 3678 noni
2516 3627 2721 3693 szeculi,
2749 3641 2815 3681 ex
2846 3643 2979 3683 auro
3022 3629 3437 3697 apostolicorum
3477 3632 3579 3687 Pa.

2000 3724 2140 3768 trum
2167 3725 2316 3769 scuta
2349 3732 2509 3771 aurea
2539 3716 2890 3784 {al.tricantes,
2914 3729 2968 3775 et
2996 3720 3049 3774 in
3075 3723 3335 3789 templum
3365 3721 3579 3780 Domini

1996 3807 2317 3883 inferentes,
2358 3819 2415 3861 nt
2465 3810 2518 3861 in
2573 3823 2638 3862 eu
2673 3810 2816 3864 mille
2869 3811 3040 3882 clypei
3088 3814 3373 3881 pendeant,
3405 3818 3582 3871 omnis

1998 3910 2270 3951 armatura
2331 3900 2568 3954 fortium.
2631 3918 2649 3950 ι
2725 3900 2927 3956 Deinde
2979 3903 3032 3957 in
3093 3904 3286 3958 horum
3325 3904 3579 3978 Catalogo

2009 4000 2360 4043 conuumerat
2387 3988 2770 4059 Theophanem
2805 3990 3150 4047 Cerameum.

2002 4100 2067 4155 Ρ.
2098 4100 2432 4156 Sebastianus
2466 4101 2749 4155 Carderius
2801 4105 2853 4158 in
2886 4102 3082 4159 Catena
3132 4104 3237 4160 SS.
3273 4104 3580 4166 Cra'corum

2072 4170 2298 4249 Patrum
2330 4174 2381 4224 in
2417 4171 2615 4227 Lucam
2654 4188 2820 4241 nuper
2856 4174 2996 4227 edita
3045 4175 3099 4227 in
3133 4174 3386 4248 Catalogo
3442 4182 3584 4249 ipso.

2070 4257 2188 4294 rum
2232 4240 2481 4297 Patrum.

2077 4354 2442 4425 Theophanes
2471 4356 2789 4420 Ceramcus.
2842 4368 2973 4425 etc.,
2998 4370 3053 4413 ut
3084 4361 3134 4415 in
3164 4362 3476 4420 testimonio
3512 4378 3579 4419 ex

2004 4446 2331 4501 Bibliotheca
2365 4445 2577 4516 Magna.

2012 4531 2306 4585 Vincentius
2328 4529 2649 4585 Ricrltardus
2671 4530 2733 4589 C.
2763 4531 2826 4585 li.
2850 4534 2906 4588 in
2920 4532 3209 4593 Comment.
3245 4538 3315 4591 ad
3343 4548 3482 4594 orat.
3517 4538 3585 4595 i8

2271 4600 2330 4655 S.
2385 4599 2563 4655 Procli
2600 4603 2911 4673 archiepisc.
2939 4603 3342 4676 Constantinop.

2072 4690 2298 4746 Videtur
2320 4703 2496 4747 autem
2529 4692 2709 4748 dicere
2755 4694 2957 4750 Christi
3011 4696 3293 4766 imaginem
3335 4712 3365 4750 a
3396 4706 3586 4753 sancto

2003 4784 2145 4838 Luca
2194 4784 2461 4855 depictam
2512 4785 2742 4840 fortasse
2801 4787 2854 4839 in
2914 4786 3052 4841 ulnis
3106 4787 3461 4841 sanctissinuc
3486 4787 3577 4842 Dei

2005 4874 2317 4941 Genitricis,
2387 4885 2443 4930 ut
2506 4874 2818 4945 depinxisse
2870 4886 3085 4932 constat
3124 4892 3187 4931 ex
3253 4876 3585 4948 Theophane

2005 4967 2286 5033 Cerameo,
2317 4967 2476 5025 Hom.
2501 4967 2568 5022 de
2589 4965 2883 5038 lmagiuum
2920 4969 3298 5024 restitutione:
3334 4989 3357 5025 ι
3411 4970 3583 5025 Lucas

2005 5058 2240 5114 disertus
2286 5058 2613 5127 evangelista
2689 5058 2977 5129 imaginem
3050 5057 3313 5129 Deiparte,
3359 5074 3482 5115 cera
3527 5067 3581 5118 et

2006 5149 2282 5204 Coloribtts
2309 5150 2551 5217 depinxit
2589 5150 2762 5205 sacris
2808 5148 3048 5205 brachiis
3096 5159 3366 5206 tenentem
3398 5151 3581 5206 DOtt|i~

2008 5257 2157 5296 num.
2199 5259 2220 5293 ι

2009 5333 2157 5386 Dom.
2188 5331 2418 5387 Bocchus
2451 5333 2593 5387 Pirri
2617 5331 2829 5388 Siculus
2863 5332 3109 5401 Netinns,
3140 5334 3300 5389 abbas
3331 5332 3390 5390 S.
3425 5332 3586 5397 Elite,

2078 5403 2355 5456 voluminis
2414 5403 2465 5469 I,
2520 5420 2572 5471 μ.
2636 5418 2697 5468 ll,
2750 5405 2844 5459 lib.
2895 5420 2956 5471 tt,
3013 5406 3200 5459 notitia
3243 5410 3291 5470 l,
3333 5404 3585 5457 Ecclesia:

2084 5471 2564 5527 Tauromenitanae.

2073 5561 2430 5632 Theophanes
2481 5576 2843 5636 cognomento
2898 5567 3213 5634 Cerameus,
3260 5580 3418 5636 quem
3444 5563 3587 5620 T..u-

2012 5658 2271 5713 romeniae
2332 5658 2796 5729 archiepiscopum
2876 5659 3097 5715 inscribi
3142 5660 3372 5729 reperio.
3433 5657 3589 5710 liniue

2011 5754 2134 5815 post
2189 5759 2393 5802 annum
2441 5747 2548 5804 842
2580 5749 2776 5805 vixisse
2811 5748 3091 5820 oportuit;
3129 5763 3251 5804 nam
3296 5749 3514 5819 :Cripsit
3544 5750 3591 5802 is
