3990 6202
257 273 366 339 161

1642 273 1977 334 HOMILIA
2014 276 2095 336 ll.

3408 280 3510 344 1622

241 383 694 456 πλασιασθείσης
721 384 822 455 τῆς
850 383 1036 452 ἑξάδος
1067 382 1179 437 τῶν
1211 380 1461 446 ἐντολῶν,
1486 380 1561 446 ὡς
1583 384 1831 451 γενέσθαι

1942 401 2059 440 rum
2088 386 2394 441 columnam
2432 387 2839 457 pervenerimus
2873 388 2938 445 “.
2967 387 3124 456 Quod
3182 390 3230 446 si
3281 391 3509 449 virtutes

237 477 314 530 τὰ
343 476 403 541 ἒξ
437 475 734 546 τριάκοντα
759 476 844 540 EE“
882 476 1108 528 κάκεῖσε
1130 474 1262 545 γὰρ,
1280 468 1456 541 οἶμαι,
1486 474 1536 525 εί
1565 473 1708 525 κατά
1735 474 1833 541 τὴν

240 569 493 637 ἱστορίαν
512 571 540 622 ὁ
568 567 662 621 τοῦ
698 568 943 639 μεγάλου
964 567 1188 638 Συμεὼν
1217 566 1430 629 στύλος,
1457 566 1623 635 μέχρι
1646 564 1834 617 τοσού⁹

239 675 346 713 του
372 658 647 729 amomo,
675 659 792 713 ἀλλ’
810 659 1002 731 ἐπειδὴ
1019 660 1048 714 ὁ
1078 657 1314 729 ἀριθμὸς
1334 651 1489 720 οὗτος
1514 655 1609 709 καὶ
1636 656 1834 719 κύκλος

240 752 389 817 ἐστὶ,
421 754 515 804 καὶ
546 751 840 822 τρίγωνος,
867 754 964 806 καὶ
989 752 1357 821 τετράγωνος,
1383 750 1477 803 κα)⁵
1502 751 1602 821 τῆς
1632 750 1835 821 ἀρετῆς

240 841 345 895 τοῦ
374 841 569 913 ἀνδρὸς
586 845 853 914 ἐσήμαινε
872 841 1102 909 τέλειον,
1128 842 1279 904 ὅπως
1303 858 1362 894 τε
1385 842 1583 911 πάγιος
1605 836 1672 912 ἦν
1697 842 1834 912 πρὸς

239 932 345 1002 τὴν
373 934 456 998 είς
483 933 585 1003 τὴν
612 934 807 1005 τριάδα
833 932 1143 998 εὐσέϐειαν,
1192 933 1288 985 καὶ
1324 932 1475 996 ὅπως
1519 931 1598 1002 τῷ
1646 931 1833 1002 κύκλῳ

239 1022 354 1074 τῶν
383 1024 601 1093 ἀρετῶν
631 1024 1004 1092 ἐστεφάνωτο.
1036 1023 1135 1075 Ἂν
1170 1016 1264 1075 οῦν
1292 1020 1578 1085 τοιαύταις
1626 1021 1833 1092 χρησά-

242 1129 400 1184 μενοι
439 1114 746 1168 ἀναϐάσεσι
780 1114 919 1186 πρὸς
947 1117 1008 1168 τὸ
1043 1113 1179 1185 ὕψος
1212 1113 1364 1167 τουτὶ
1398 1113 1830 1185 ἁναδράμωμεν,

241 1205 495 1269 καὶτοὺς
528 1206 855 1271 ἐπιϐούλους
904 1211 1002 1279 τῆς
1033 1208 1193 1279 ὴμῶν
1242 1206 1519 1277 σωτηρίας
1556 1203 1830 1274 φυγαδεύ-

241 1312 432 1368 σωμεν
468 1298 759 1369 δαίμονας,
816 1300 914 1354 καὶ
956 1299 1034 1365 ὡς
1059 1299 1373 1372 βαρϐάρους
1414 1300 1483 1352 τὰ
1510 1297 1831 1369 ἐνοχλοῦντα

239 1388 380 1457 ἡμῖν
404 1388 552 1460 πάθη
584 1390 945 1461 πραΰνωμεν,
976 1392 1074 1443 καὶ
1104 1390 1291 1460 σφίσιν
1337 1390 1545 1452 αὐτοῖς,
1577 1390 1672 1442 καὶ
1702 1388 1834 1441 πολ-

237 1482 356 1546 λοῖς
388 1483 574 1548 ἄλλοις
622 1486 871 1557 σωτῆρες
925 1485 1187 1555 ἐσόμεθα,
1244 1486 1341 1540 καὶ
1373 1485 1482 1540 τῶν
1508 1486 1827 1554 ἀκηράτων,

238 1576 345 1628 κα)⁵
367 1575 601 1630 αἰωνίων
623 1577 847 1647 ἀγαθῶν
878 1578 1264 1648 ἀπολαύωμεν
1311 1579 1369 1632 ἐν
1402 1576 1624 1648 Χριστῷ
1651 1575 1829 1648 Ἰησοῦ

239 1668 328 1739 τῷ
362 1670 549 1741 Κυρίῳ
579 1668 759 1740 ἡμῶν,
790 1662 834 1738 ᾧ
860 1671 893 1741 ἠ
919 1668 1046 1735 δόξι
1074 1671 1154 1733 είς
1187 1670 1413 1733 αίῶνας.
1440 1669 1637 1739 Ἀμην.

1940 489 2155 532 nostras
2182 478 2347 532 veluti
2374 479 2595 544 minam,
2628 489 2722 533 aut
2783 480 3040 535 talentum
3084 498 3179 549 per
3223 498 3388 552 opera
3432 486 3510 538 le-

1940 570 2181 623 ncraudo
2209 569 2623 635 cumulahimus,
2654 579 2784 626 tunc
2803 571 3019 627 demum
3050 588 3082 626 a
3130 575 3285 629 nobis
3343 576 3511 630 virtu-

1940 668 2051 712 ttun
2084 660 2231 716 orbis
2260 659 2352 714 ille
2380 661 2768 730 complebitur;
2793 677 2857 716 ae
2898 664 3145 720 senarius
3207 677 3509 735 praecepto-

1936 766 2058 804 rum
2082 766 2340 806 numerus
2371 752 2426 805 in
2450 765 2509 806 se
2539 754 2652 822 ipso
2680 752 3066 821 multiplicatus
3110 756 3177 809 ad
3204 771 3301 811 sex
3326 768 3381 813 et
3404 759 3508 813 tri-

1936 843 2087 914 ginta
2125 845 2468 913 perducetur.
2502 842 2758 898 Eauidem
2783 846 2928 898 enim
2989 847 3170 914 magni
3237 848 3509 905 Siuieouis

1942 934 2179 990 arbitror
2204 935 2374 990 fuisse
2403 935 2669 991 rationem
2701 952 2716 990 :
2751 937 2907 1004 cujus
2932 937 3209 1002 columna,
3276 942 3375 996 etsi
3420 956 3507 997 se-

1934 1027 2170 1083 cundum
2207 1028 2494 1083 historiam
2533 1044 2598 1083 eo
2663 1029 2897 1083 creverit
2944 1030 3266 1099 altitudinis,
3317 1044 3377 1087 ut
3423 1035 3505 1087 di-

1937 1130 2089 1176 ctum
2146 1130 2254 1188 cst,
2307 1130 2483 1176 tamen
2528 1122 2779 1192 quoniam
2837 1137 3095 1178 numerus
3127 1124 3213 1177 hic
3243 1134 3299 1180 et
3339 1126 3512 1181 circu-

1933 1213 2042 1266 lum
2077 1212 2210 1283 (55),
2238 1214 2607 1284 cttrigonnm,
2639 1224 2692 1268 et
2741 1224 3080 1285 tetragouum
3142 1214 3323 1282 ellicit,
3382 1232 3509 1285 per-

1934 1302 2130 1360 fectam
2163 1306 2328 1360 etiam
2368 1306 2503 1359 tanti
2557 1308 2653 1360 viri
2697 1307 2954 1361 virtutem
2997 1310 3288 1377 expressit,
3346 1317 3511 1378 atque

1934 1395 2134 1450 indicio
2186 1395 2283 1449 luit
2343 1411 2466 1451 eum
2514 1398 2565 1451 in
2621 1398 2989 1452 sanctissimae
3028 1397 3311 1454 Trinitatis
3364 1398 3508 1453 cultu

1932 1485 2101 1543 fuisse
2157 1497 2519 1553 constantem,
2569 1499 2626 1542 et
2682 1490 2943 1543 virtutum
2996 1493 3238 1544 omnium
3305 1490 3510 1545 circulo

1930 1579 2084 1648 quasi
2125 1594 2327 1634 corona
2359 1560 2690 1635 redimitum.
2717 1581 2772 1635 Si
2803 1582 2963 1652 igitur
2989 1592 3045 1637 et
3063 1598 3160 1635 nos
3185 1583 3371 1637 iisdem
3397 1583 3508 1636 uti-

1933 1686 2056 1726 mur
2083 1672 2337 1741 gradibus
2370 1687 2544 1742 eoque
2577 1674 2913 1728 celsitudinis
2949 1675 3119 1729 attolli
3146 1676 3506 1739 studebimus,

239 1762 290 1832 si
322 1761 598 1833 decuriones
637 1762 883 1819 infensos
956 1774 1159 1819 nostra:
1196 1764 1355 1817 saluti
1426 1764 1811 1835 lugavcrimus,
1860 1766 1909 1823 si
1941 1770 2376 1837 perturbationes
2418 1770 2580 1824 animi
2633 1772 2935 1826 molestiam
2986 1773 3140 1827 nobis
3189 1772 3508 1827 exhibentes

243 1863 505 1923 tanquam
543 1853 815 1910 Barbaros
867 1855 1201 1921 lenierinius,
1258 1872 1380 1912 cum
1442 1858 1566 1912 aliis
1610 1860 1814 1925 multis,
1858 1868 1971 1914 tum
2010 1862 2168 1918 nobis
2219 1863 2353 1932 ipsis
2410 1862 2568 1918 saluti
2631 1864 2884 1918 erimus:
2918 1873 3082 1934 atque
3140 1864 3210 1917 ita
3258 1864 3508 1918 incorru-

240 1946 350 2018 ptis
372 1947 483 2003 illis
529 1947 983 2018 sempiternisque
1002 1946 1348 2019 perfruentur
1384 1948 1544 2007 bonis
1586 1951 1637 2005 iu
1664 1951 1881 2008 Christo
1917 1952 2043 2011 Iesu
2081 1956 2305 2012 Domino
2330 1966 2539 2023 nostro,
2568 1955 2657 2012 cui
2692 1956 2861 2028 gloria
2923 1956 2978 2011 in
3025 1956 3219 2012 saecula
3273 1956 3509 2012 saeculo-

238 2055 390 2096 runt.
414 2045 617 2100 Anien.

848 2180 1093 2238 OMIAIA
1124 2179 1202 2237 θ’.

307 2295 451 2365 Περί
482 2295 597 2365 τῆς
623 2294 976 2367 παραϐολῆς
994 2295 1115 2351 τῶν
1151 2296 1383 2366 μυρίων
1413 2296 1751 2355 ταλάντων.

309 2411 377 2465 Οἱ
415 2410 791 2482 παιδοτρίϐαι,
840 2411 937 2466 κα)⁸
988 2412 1099 2465 τῶν
1154 2413 1293 2466 νέων
1325 2411 1661 2480 διδάσκαλοι,
1702 2413 1825 2467 τότε

235 2503 379 2572 πρὸς
406 2503 652 2556 ἐπίδοσιν
684 2504 795 2557 τῶν
827 2503 1173 2575 μαθημάτων
1221 2502 1402 2557 ἵεσθαι
1431 2504 1828 2575 τεκμαίρονται

230 2595 308 2649 τά
346 2596 642 2666 μειράκια,
671 2597 797 2650 ὅταν
824 2596 1023 2650 ἑκόντα
1060 2597 1197 2668 πρὸς
1233 2595 1295 2651 τὸ
1319 2594 1697 2650 διδασκαλεῖον
1728 2596 1828 2651 θα-

238 2691 476 2763 μίζωσι,
534 2691 670 2762 μήτε
712 2690 813 2763 τὴν
840 2690 1074 2762 ἀπειλὴν
1101 2689 1211 2745 τῶν
1241 2690 1645 2762 μυσταγωγῶν,
1687 2692 1827 2761 μήτε

232 2783 343 2844 τὰς
395 2782 669 2852 μάστιγας
722 2782 835 2836 τῶν
867 2781 1237 2852 παιδαγωγῶν
1291 2782 1658 2854 ἀναμένοντα,
1711 2781 1829 2836 ἀλλ’

234 2873 517 2945 ἐ.δελεχῇ.
548 2875 643 2927 καὶ
670 2873 791 2945 μετ’
817 2873 1079 2939 ἐπείξεως
1106 2874 1369 2929 ποιοῦντα
1394 2875 1619 2946 τὴντῶν
1648 2873 1827 2946 μαθη-

240 2967 434 3037 μάτων
458 2966 755 3038 ἀνάληψιν.
799 2964 988 3030 Οὕτως
1035 2965 1148 3035 ἐγὼ
1193 2967 1295 3038 τὴν
1340 2966 1485 3021 κατά
1509 2964 1646 3019 Θεὸν
1674 2964 1829 3036 ὑμῶν

238 3060 532 3128 προκοπὴν
557 3058 963 3129 τεκμαίρομαι,
993 3059 1152 3128 φίλον
1194 3059 1589 3129 ἀκροατήριον,
1624 3057 1706 3110 ὅτι
1759 3073 1828 3127 με

237 3156 339 3204 καὶ
357 3151 701 3221 ἀπειρηκότα
731 3151 996 3213 πολλάκις
1028 3150 1166 3221 πρὸς
1193 3152 1324 3214 τοὺς
1365 3151 1564 3214 πόνους
1591 3151 1687 3203 τοῦ
1720 3149 1830 3202 σώσ

241 3261 438 3313 ματος,
475 3244 727 3315 διανιστᾷ
763 3243 900 3314 πρὸς
944 3243 1045 3313 τὴν
1072 3242 1428 3297 διδασκαλίαν
1475 3243 1539 3296 τὸ
1563 3243 1830 3313 ὑμέτερον

237 3336 549 3407 πρόθυμον.
608 3334 750 3405 Φέρε
799 3330 895 3388 οὖν
950 3333 1052 3404 τῆς
1095 3332 1545 3404 ἀναγνωσθείσης
1589 3335 1831 3405 σήμερον

239 3427 397 3489 θείας
424 3426 751 3496 παραϐολῆς
774 3426 886 3479 τῶν
912 3425 1270 3497 προπυλαίων
1317 3425 1709 3496 ἐπιτυγχάνειν
1731 3427 1833 3495 ἀρ-

2522 2184 2813 2245 HOMlLlA
2849 2182 2913 2243 ll.

2135 2301 2209 2358 De
2243 2270 2505 2372 parabole
2525 2304 2699 2357 decem
2736 2302 2958 2357 millium
2984 2299 3326 2359 talentorum.

1998 2415 2313 2473 Pa-dotribas
2355 2431 2758 2488 puerorumque
2786 2419 3026 2490 magistri
3050 2428 3178 2475 tunc
3201 2434 3298 2477 eos
3342 2418 3396 2475 in
3427 2419 3511 2475 di-

1928 2508 2181 2579 sciplinis
2203 2509 2501 2579 profecisse
2529 2510 2856 2579 conjiciunt,
2885 2526 3008 2566 cum
3048 2513 3278 2567 libenter
3308 2513 3375 2567 ad
3430 2512 3510 2567 lu-

1929 2603 2057 2657 dum
2092 2601 2384 2664 ventitant.
2409 2612 2466 2658 et
2493 2617 2670 2673 neque
2712 2603 3086 2659 institutorum
3149 2605 3352 2670 minas,
3405 2619 3508 2659 nec

1929 2694 2157 2749 verbera
2182 2694 2594 2765 paedagogorum
2625 2702 2979 2763 exspectant;
3029 2694 3125 2749 sed
3155 2694 3277 2750 sine
3329 2696 3505 2751 inter-

1931 2787 2192 2843 missione
2235 2795 2396 2857 atque
2448 2787 2614 2841 etiam
2676 2801 2804 2842 cum
2857 2785 3211 2841 festinatione
3263 2788 3508 2842 recolunt

1930 2879 2266 2950 disciplinas.
2303 2878 2385 2934 lta
2422 2892 2555 2933 sane
2575 2886 2631 2933 et
2653 2892 2754 2948 ego
2788 2886 3031 2934 vestrum
3085 2876 3137 2931 in
3174 2879 3336 2934 rebus
3369 2878 3508 2932 divi-

1932 2969 2017 3024 nis
2044 2981 2392 3037 progressum
2418 2967 2672 3035 conjicio,
2708 2966 2859 3021 chari
2895 2966 3200 3031 auditores,
3240 2967 3382 3037 quod
3420 2982 3510 3023 me

1930 3060 1997 3113 ad
2048 3057 2262 3113 labores
2291 3058 2535 3127 corporis
2567 3056 2746 3112 minus
2814 3066 3025 3126 aptum,
3078 3071 3281 3126 eosque
3327 3057 3508 3112 detre-

1935 3160 2201 3219 ctantem,
2229 3160 2538 3220 prOInptutn
2568 3150 2735 3204 animi
2764 3151 2931 3205 vestri
2954 3150 3190 3205 studium
3214 3150 3417 3205 excitat
3438 3149 3506 3203 ad

1931 3241 2232 3296 docendum
2269 3237 2402 3312 (54).
2440 3241 2550 3308 Age
2582 3240 2745 3310 igitur
2774 3240 3040 3310 praelecta:
3101 3241 3262 3295 hodie
3311 3243 3509 3295 divina:

1931 3332 2204 3403 parabolae
2223 3331 2281 3401 8
2304 3331 2683 3401 aggrediamur
2707 3330 2869 3385 limen
2906 3331 3200 3401 attingere;
3260 3335 3507 3398 proposi-

1935 3430 2045 3477 tum
2071 3424 2215 3478 enim
2251 3421 2409 3476 nobis
2438 3428 2524 3474 est
2552 3420 2621 3475 ad
2641 3420 3022 3489 explicandum
3056 3422 3252 3475 divinae
3294 3422 3348 3475 in
3404 3422 3509 3475 ho-

242 3519 490 3588 ξώμεθα.
525 3519 823 3590 Πρόκειται
847 3517 958 3588 γάρ
987 3520 1119 3589 ἡμῖν
1150 3519 1230 3581 είς
1253 3517 1515 3589 ἐξήγησιν
1548 3520 1581 3588 η
1615 3519 1714 3586 τῆς
1733 3517 1829 3571 τοῦ

1936 3513 2108 3568 mines
2157 3511 2506 3581 benignitatis
2571 3511 3039 3567 evidentissimum
3100 3518 3503 3580 argumentum.

241 3609 384 3664 Θεοῦ
453 3608 870 3679 φιλανθρωπίας
921 3607 1301 3678 ἐναργεστάτη
1362 3607 1675 3673 ἀπόδειξιςο
1735 3611 1831 3661 καὶ

241 3699 571 3769 προτίθησιν
600 3701 732 3770 ἡμῖν
763 3700 796 3769 ἡ
830 3697 925 3751 τοῦ
957 3698 1092 3751 Θεοῦ
1125 3698 1287 3766 σοφία
1317 3697 1672 3761 διδασκαλίας
1696 3715 1835 3769 κρα-

238 3794 390 3862 τῆρα
418 3791 496 3861 τῷ
515 3792 643 3860 οἴνῳ
663 3790 763 3861 τῆς
797 3790 1027 3859 θεωρίας
1050 3831 1066 3852 ,
1111 3788 1173 3841 τὸ
1197 3789 1295 3857 τῆς
1334 3786 1652 3858 παραϐολῆς
1685 3786 1830 3859 ὕδωρ

238 3880 534 3952 κεράσασα
569 3880 658 3933 ἴνα
690 3882 829 3950 μήτε
877 3879 1026 3947 μόνῳ
1059 3875 1136 3946 τῷ
1158 3875 1442 3945 πλάσματι
1473 3874 1832 3943 προσέχοντες

240 3973 408 4027 οὐδέν
462 3989 515 4024 τι
553 3971 935 4042 κερδάνωμεν,
996 3969 1136 4039 μήτε
1162 3968 1347 4037 γυμνῇ
1393 3968 1461 4037 τῇ
1498 3965 1723 4038 θεωρίᾳ,
1754 3966 1832 4029 ὼς

238 4067 477 4137 ἀκράτῳ
498 4064 629 4136 οἴνῳ
660 4064 750 4118 τὸν
784 4063 910 4116 νοῦν
953 4058 1360 4132 μεθυσκὼμεθα
1381 4073 1396 4089 ’
1422 4057 1564 4115 ἀλλά
1580 4058 1662 4122 τίς
1685 4060 1712 4112 6
1730 4058 1833 4130 τῆς

242 4158 575 4227 παραϐολῆς
600 4157 784 4223 λόγος,
820 4152 1174 4222 ἀκούσωμεν.

315 4244 489 4300 Εἶπεν
503 4247 533 4298 ὁ
560 4242 765 4315 Κύριος
784 4245 885 4313 τὴν
908 4239 1227 4312 παραϐολὴν
1248 4238 1453 4312 ταύτην
1471 4253 1487 4271 ·
1517 4257 1537 4290 ι
1559 4236 1831 4309 Ὡμοιώθη

239 4343 278 4412 ἠ
312 4338 568 4411 βασιλεία
597 4337 709 4390 τῶν
740 4333 992 4406 οὐρανῶν
1042 4332 1316 4405 ἀνθρώπῳ
1348 4331 1578 4403 βασιλεῖ,
1611 4329 1671 4393 ὃς
1704 4328 1837 4399 ἠθὲ-

238 4433 381 4501 λησε
419 4430 657 4499 συνᾶραι
691 4426 850 4496 λόγον
895 4424 1033 4497 μετὰ
1056 4424 1165 4478 τῶν
1209 4423 1412 4477 δούλων
1440 4419 1628 4477 αὐτοῦ.
1667 4439 1687 4471 ι
1729 4421 1837 4491 Ζη-

239 4523 444 4589 τητὼν
503 4519 636 4588 ἡμῖν
690 4516 745 4569 τί
799 4515 1003 4586 δήποτε
1062 4514 1390 4585 βουλόμενος
1444 4515 1473 4567 ὁ
1507 4513 1701 4584 Σωτὴρ
1727 4512 1833 4565 οὐκ

239 4610 719 4684 ἀπαρακάλυπτον
748 4607 934 4680 τίθησι
964 4608 1067 4677 τῆς
1092 4606 1448 4672 διδασκαλίας
1471 4606 1533 4659 τὸ
1558 4605 1832 4676 βούλημα,

242 4704 387 4759 ἀλλὰ
423 4699 813 4772 παραϐολικῶς
857 4698 929 4752 τὰ
965 4696 1139 4752 πολλά
1180 4697 1515 4766 διαλέγεται.
1554 4697 1835 4768 Προσήκει

241 4796 434 4850 τοίνυν
466 4797 631 4863 νοεῖν,
656 4793 732 4858 ὡς
756 4796 870 4856 τοῖς
901 4793 1070 4862 ἱεροῖς
1122 4792 1405 4861 φοιτηταῖς
1444 4790 1694 4862 φανερῶς
1716 4790 1835 4844 δια-

242 4891 472 4957 λέγεται
527 4888 773 4951 σπανίως
829 4885 908 4956 τῷ
956 4882 1317 4956 παραϐολικῷ
1366 4883 1498 4936 εἴδει
1524 4880 1831 4951 χρώμενος.

257 4980 428 5035 Ἐπεὶ
456 4978 513 5032 δὲ
534 4980 628 5035 καὶ
658 4976 843 5032 σκαιοί
865 4992 1012 5040 τινες
1043 4976 1455 5046 συνηγείροντο,
1490 4974 1695 5044 ἥκιστα
1733 4975 1835 5043 μὲν

324 5119 371 5151 ⁸⁸
401 5115 597 5174 Matth.
634 5130 765 5181 xxv,
800 5116 889 5172 15.
968 5114 1011 5146 ⁸⁷
1042 5112 1236 5168 Matth.
1261 5127 1416 5181 avni,
1441 5112 1533 5168 2'5.

1932 3605 2169 3674 Appouit
2186 3607 2386 3673 quippe
2417 3602 2574 3658 nobis
2591 3602 2775 3657 divina
2804 3602 3072 3671 sapientia
3098 3603 3360 3657 doctrinae
3382 3616 3509 3656 era-

1935 3709 2129 3759 terem,
2157 3696 2211 3748 in
2244 3711 2353 3765 quo
2387 3708 2511 3749 cum
2533 3707 2672 3763 aqua
2702 3693 2973 3761 parabolae
2998 3695 3179 3746 vinum
3234 3692 3509 3761 allegoriae

1936 3797 2292 3856 temperatum
2315 3796 2402 3842 est
2436 3802 2453 3843 :
2486 3796 2544 3840 ut
2569 3800 2746 3855 neque
2783 3784 2829 3839 si
2859 3785 2915 3839 in
2964 3785 3141 3839 solum
3191 3784 3508 3853 ﬁgtnentum

1934 3890 2170 3934 tuentem
2209 3880 2584 3949 adjeceriiuus,
2617 3877 2755 3932 nihil
2811 3876 2938 3931 inde
2970 3876 3249 3944 capiamus
3295 3876 3505 3929 emolu-

1933 3972 2123 4035 menti,
2173 3984 2354 4042 neque
2407 3973 2547 4025 nuda
2625 3968 2999 4038 speculatione
3067 3968 3229 4019 veluti
3285 3980 3504 4020 meraco

1937 4063 2304 4118 inebriemur:
2336 4063 2433 4118 sed
2460 4075 2581 4130 quae
2608 4061 2878 4132 parabolae
2910 4063 3053 4115 ratio
3080 4062 3170 4127 sit,
3202 4061 3509 4115 audiamus.

2008 4239 2155 4294 Dixit
2175 4236 2333 4294 Iesus
2368 4237 2680 4309 parabo'um
2720 4238 2862 4292 hanc
2896 4254 2910 4291 :
2948 4255 2967 4289 ι
3018 4237 3392 4292 Assitnilatum
3423 4246 3511 4293 est

1936 4348 2162 4406 regnum
2193 4331 2451 4388 oculorum
2478 4330 2689 4387 homini
2711 4331 2843 4400 regi,
2877 4330 2966 4400 qui
3026 4329 3196 4385 voluit
3237 4331 3500 4386 rationem

1935 4437 2140 4495 ponere
2190 4436 2313 4476 cum
2340 4420 2512 4475 servis
2534 4420 2657 4475 suis
2687 4419 2730 4451 "
2763 4437 2785 4472 ι
2817 4419 3174 4486 Quaerendum
3206 4418 3362 4474 nobis
3405 4432 3513 4487 est,

1935 4513 2065 4582 quid
2115 4513 2207 4577 sit,
2247 4510 2391 4581 quod
2435 4508 2684 4564 Salvator
2735 4524 2844 4563 nou
2895 4509 3208 4564 enucleatos
3261 4511 3514 4579 propenit

1936 4616 2131 4657 sensus
2150 4601 2413 4655 doctrinm
2440 4613 2571 4660 suae.
2594 4599 2687 4654 sed
2715 4612 2813 4668 per
2850 4599 3139 4669 parabolas
3188 4600 3508 4670 plerumque

1938 4696 2214 4750 dissertat.
2251 4692 2479 4764 Oportet
2552 4691 2715 4760 igitur
2788 4691 3094 4759 intelligere
3153 4699 3338 4760 aperte
3382 4705 3509 4744 eum

1937 4803 2062 4842 cum
2083 4786 2364 4855 discipulis
2391 4784 2770 4849 sermocinari,
2804 4799 2907 4839 nec
2939 4786 3013 4837 uti
3045 4782 3316 4852 parabolae
3355 4782 3510 4836 simi-

1864 4863 1909 4917 D
1939 4878 2162 4933 litudiue
2190 4878 2426 4933 solitum.
2453 4877 2559 4930 Sed
2589 4877 2844 4943 quoniam
2868 4890 2988 4930 cum
3018 4874 3122 4928 illis
3149 4873 3300 4929 stulti
3346 4874 3510 4927 etiam

1902 5024 1909 5033 ,
1941 4973 2437 5044 congregabantur,
2471 4968 2562 5038 qui
2589 4967 2729 5024 nihil
2760 4980 2917 5023 erant
2949 4966 3199 5021 utilitatis
3225 4967 3352 5022 inde
3374 4967 3516 5022 rela-

1489 5227 1816 5291 Francisei
1846 5227 2057 5290 Scorsi
2086 5234 2275 5290 notas.

325 5354 441 5425 (‘53)
478 5349 774 5425 Circeium.
823 5349 1023 5425 Deliis
1061 5362 1437 5425 numerorum
1464 5347 1658 5425 ﬁguris
1689 5347 1832 5425 alius
1928 5348 2050 5403 cod.
2088 5347 2152 5400 Ρ.
2201 5345 2426 5425 πρὸςμτδ
2446 5341 2955 5425 διδασκαλεῖονηΔίι
2975 5319 3122 5424 enim
3156 5339 3514 5425 T‘heOphaues

242 5416 356 5479 erit
379 5416 593 5478 dicendi
617 5423 771 5477 locus
803 5425 868 5474 ad
899 5420 1048 5477 hom.
1081 5420 1171 5484 24,
1198 5434 1355 5489 quem
1388 5416 1535 5475 vide.
1566 5416 1750 5487 Neque
1774 5419 1829 5471 in
1927 5433 1989 5474 se
2025 5416 2273 5487 quantivis
2296 5420 2361 5470 ad
2401 5419 2613 5489 labores
2643 5416 3094 5489 corporisminus
3119 5420 3329 5489 aptum,
3360 5416 3513 5489 esci-

245 5498 397 5550 hanc
427 5493 610 5548 omnia
641 5490 980 5562 congerenda
1011 5499 1156 5544 sunt.

324 5563 440 5635 (54)
476 5556 915 5635 Λάγάοεειιῖιωηη
939 5560 1170 5635 Secutus
1211 5573 1333 5635 sum
1366 5557 1653 5635 lectionem
1693 5556 1830 5612 Cod.

240 5627 492 5702 6.3::pr
521 5632 625 5703 την
670 5630 1044 5703 διδασκαλίαν,
1086 5645 1204 5695 qua:
1258 5632 1369 5680 visa
1413 5637 1495 5682 est
1537 5627 1834 5703 aptior,»ut

241 5701 425 5760 cuivis
450 5701 815 5759 consideranti
837 5701 1122 5766 videbitur,
1150 5714 1311 5769 quain
1327 5715 1413 5764 ea,
1432 5713 1592 5768 quam
1613 5701 1831 5754 exhibet

1931 5481 2245 5543 tari-tamen
2276 5502 2305 5539 a
2330 5486 2510 5540 studio
2533 5498 2753 5539 suorum
2785 5486 3090 5537 auditorum
3115 5485 3180 5535 ad
3211 5481 3508 5534 habendam

1931 5558 2295 5612 hortationem
2337 5558 2454 5610 sive
2493 5556 2806 5609 tradendam
2843 5554 3179 5620 doctrinam;
3226 5560 3513 5620 utrumque

1931 5631 2077 5684 enim
2107 5630 2244 5682 valet
2275 5627 2307 5696 ἡ
2340 5624 2685 5680 διδασκαλία.
