3990 6202
463 302 559 368 l6?
1630 279 2064 345 ΤΗΕΟΡΗΑΝ]

2170 271 2531 339 CERAMEI.
2984 336 2991 341 ,
3615 253 3725 321 Ῑίἱ8

462 412 555 467 ubi
601 402 895 466 honestas?
956 398 1045 455 ubi
1109 391 1360 452 Ezechiel
1409 389 1691 447 clamans:
1742 407 1762 441 ι
1820 385 2037 449 Anima,

2170 398 2300 435 ιαιον
2321 396 2337 445 ;
2362 377 2465 431 ποῦ
2494 374 2557 428 τὸ
2592 371 2844 437 εύσεϐέ,;
2895 366 3000 423 ποῦ
3032 366 3295 430 τδ-ὄσιον,
3326 362 3435 419 ποῦ
3462 363 3733 435 ἰεζεκιηλ

462 516 583 573 qua:
630 493 954 569 peccaverit,
1007 491 1121 559 ipsa
1171 485 1472 548 morietur;
1530 493 1589 538 et
1647 494 1752 535 non
1808 476 2041 546 accipiet

2197 473 2358 544 βοῶν,
2382 472 2463 524 ὃτι
2505 488 2523 520 ι
2553 467 2716 537 Ψυχὴ
2749 462 3146 534 ἁμαρτάνουσα
3175 458 3316 530 αὐτὴ
3346 457 3730 519 ἀποθανεῖται,

2219 566 2230 573 -
2312 567 2326 573 -
2366 565 2380 573 -
2411 565 2422 573 -
2451 563 2462 573 ι
2659 560 2670 573 .
2835 559 2855 570 .
3044 555 3097 573 .,
3138 556 3157 573 .,
3219 552 3385 573 ,,__._U
3447 553 3464 573 ι
3507 549 3705 573 λειω,

462 549 604 650 illius
630 549 971 656 iniquitatem
998 577 1268 652 patris“?
1298 596 1316 630 ι
1353 575 1731 646 Conjeclemus
1754 572 1916 640 igitur
1973 583 2040 622 cx

2170 566 2240 619 Lai.
2273 567 2335 618 ού
2366 563 2598 634 λήψεται
2622 560 2722 630 τὴν
2764 559 2859 612 τοῦ
2893 555 3099 626 πατρὸς
3128 552 3407 624 ἁμαρτίαν
3440 553 3469 604 ὁ
3503 549 3565 614 ἐξ
3587 550 3739 602 ὲκείο

462 685 568 741 huc
598 643 1065 736 loco'altissimum
1085 672 1287 740 dogma
1308 667 1361 721 in
1388 643 1680 734 Evangelio
1711 660 1874 715 tradi.
1905 658 2039 713 Cum

2173 679 2234 714 ου
2266 661 2597 729 γενόμενος;
2642 674 2661 707 ι
2700 649 3105 721 Στοχαζὼμεθα
3143 647 3350 710 τοίνυν,
3380 645 3459 709 ὡς
3486 644 3581 698 διὰ
3604 643 3735 696 το)-

460 776 609 833 enim
645 770 813 838 aliqui
845 762 1270 822 abominabilem
1302 761 1489 823 vitam,
1534 766 1588 810 et
1643 755 1755 809 Deo
1808 754 2039 808 invisam

2170 774 2252 809 run
2283 755 2465 822 δόγμα
2489 749 2602 805 τῶν
2639 746 2989 818 ὑψηλοτέρων
3013 742 3260 795 διδάσκει
3280 739 3340 790 τὸ
3371 736 3737 804 Εὐαγγέλιον.

464 872 694 929 ducunt,
725 863 813 928 iis,
871 858 1025 928 quasi
1084 854 1293 926 ﬂagella
1344 848 1811 908 charissimorum,
1865 841 2042 898 morbi

2170 847 2412 913 ιδελυρδν
2446 843 2556 913 γὰρ
2591 842 2705 911 βίον
2746 838 3043 908 μετιόντων
3088 834 3253 887 τινῶν
3275 871 3290 895 ,
3323 832 3418 885 καὶ
3460 844 3741 883 κατεστυ-

465 967 785 1022 mortesque
814 948 1159 1017 inﬂiguntur.
1187 943 1372 1012 Neque
1401 943 1504 996 hoc
1527 940 1645 993 sine
1674 935 2040 1007 providentia,

464 1066 531 1106 ac
558 1050 676 1102 sine
703 1044 908 1113 judicio
948 1050 1097 1094 certo
1132 1035 1421 1105 contingit.
1470 1032 1578 1086 Sed
1640 1029 1894 1099 quoniam
1960 1025 2046 1080 [ιι-

468 1153 648 1196 turum
677 1145 815 1198 erat,
846 1144 903 1188 ut
943 1131 1037 1187 lilii
1081 1128 1472 1184 aemularentur
1505 1132 1792 1194 parentum
1840 1121 2047 1190 impro-

469 1235 719 1293 bitatem,
753 1229 854 1297 ipsi
885 1238 1098 1295 quoque
1126 1239 1220 1292 per
1255 1222 1470 1273 morbos
1526 1232 1589 1272 ac
1621 1222 1850 1270 mortem
1876 1228 1906 1267 a
1932 1226 2047 1265 ma-

471 1325 587 1378 litia
613 1327 954 1379 coercentur,
988 1328 1040 1370 et
1071 1325 1352 1384 parentum
1402 1310 1693 1364 obstinatio
1751 1305 2045 1361 emullitur.

475 1414 886 1474 Verumtamen,
918 1407 1060 1476 quod
1091 1420 1306 1459 servum
1334 1412 1444 1456 tota
1471 1416 1591 1453 cum
1639 1398 1801 1453 domo
1858 1395 2049 1449 venire

466 1507 651 1579 jussit,
692 1506 758 1557 ad
782 1514 1044 1555 terrorem
1079 1496 1450 1552 incutiendnm
1487 1494 1535 1546 id
1561 1492 1710 1556 fecit,
1737 1499 1792 1544 et
1853 1490 1928 1542 uti
1981 1487 2046 1541 ad

475 1603 740 1668 lacrymas
815 1591 1358 1655 obsecrationemque
1408 1587 1651 1639 traheret
1723 1580 2049 1636 debitorem.

475 1688 584 1743 Etsi
613 1687 755 1741 enim
806 1683 983 1752 ipsum
1025 1679 1257 1734 vendere
1288 1675 1572 1745 cogitavit,
1623 1688 1687 1727 ac
1725 1670 1834 1740 jam
1891 1669 2047 1740 quasi

473 1781 706 1835 traditus
738 1784 878 1837 erat,
902 1788 1008 1827 non
1053 1783 1233 1823 tamen
1289 1768 1402 1822 vult
1426 1776 1658 1820 mortem
1713 1762 2048 1832 peccatoris,

478 1870 576 1927 sed
600 1868 1009 1923 conversionem
1044 1863 1261 1932 quaerit,
1295 1870 1349 1912 et
1399 1858 1594 1925 recipit
1655 1853 2055 1926 pteniteutiam.

479 1964 544 2021 Et
575 1977 761 2016 arcum
791 1957 1006 2028 quidem
1058 1956 1331 2008 minarum
1396 1951 1659 2013 intendit;
1712 1949 1808 2002 sed
1848 1944 2060 1999 inhibet

479 2070 652 2124 pmua:
681 2054 931 2122 sagittam
961 2050 1026 2102 iis
1056 2048 1297 2116 quidem,
1326 2045 1413 2112 qui
1452 2059 1573 2097 cum
1629 2039 1944 2098 ceciderint,
2004 2043 2060 2091 et

483 2136 748 2200 vulnerati
791 2142 1016 2205 fuerint,
1056 2140 1124 2194 ad
1161 2137 1397 2193 remedia
1455 2143 1634 2189 tamen
1686 2130 2002 2202 confugiunt
2041 2146 2057 2185 :

479 2240 669 2297 vendit
708 2251 835 2292 vero
892 2249 1039 2300 eum,
1091 2231 1182 2300 qui
1210 2232 1439 2285 salutem
1471 2229 1744 2297 desperat,
1771 2235 1827 2279 et
1880 2222 2061 2276 renuit

480 2331 873 2391 correctionem
913 2343 929 2380 :
973 2322 1410 2396 quandoquidem
1467 2317 1638 2382 servi,
1680 2323 1737 2370 et
1793 2314 2062 2377 omnium,

482 2441 604 2495 qme
646 2423 876 2478 habebat
902 2416 1156 2479 venditio,
1189 2414 1481 2467 multorum
1520 2410 1784 2464 bonorum
1809 2403 2065 2475 privatio-

485 2533 609 2575 nem
632 2525 687 2571 et
713 2513 1055 2569 aversionem
1082 2524 1113 2562 a
1143 2506 1252 2561 Deo
1287 2503 1582 2574 signiﬁcat.

559 2628 580 2663 ι
621 2606 917 2662 Procidens
939 2610 1118 2656 autem
1156 2612 1349 2654 servus
1395 2596 1590 2650 orabat
1657 2606 1783 2646 eum
1829 2588 2065 2645 dicens:

489 2700 809 2757 Patientiam
862 2696 1001 2752 habe
1030 2695 1085 2749 in
1125 2707 1235 2757 tne,
1266 2699 1321 2746 et
1345 2687 1531 2743 omnia
1584 2685 1810 2742 reddam
1879 2683 1995 2738 tibi.
2040 2700 2060 2735 ι

489 2794 628 2861 Quid
659 2792 822 2862 igitur
842 2784 1070 2845 servus?
1103 2786 1210 2842 Pro
1229 2783 1475 2854 pecunia:
1496 2778 1768 2835 solutione
1797 2776 2068 2847 supplica~

491 2887 694 2937 tionem
717 2879 899 2943 oll‘ert,
936 2887 991 2932 et
1029 2876 1318 2929 Dominum
1355 2872 1630 2937 obsecrat,
1678 2876 1738 2924 ιιι
1791 2868 2070 2938 patienter

489 2976 651 3031 lerat.
707 2970 809 3027 Hic
848 2984 978 3026 vero
1024 2968 1115 3024 ubi
1167 2979 1382 3022 servum
1435 2964 1503 3019 ad
1544 2962 1709 3034 pedes
1765 2960 2067 3033 abiectum,

491 3077 550 3122 et
592 3066 777 3120 orulos
827 3062 1103 3117 madentes
1184 3057 1440 3128 lacrymis
1507 3056 1664 3121 vidit,
1718 3053 1960 3111 clemens
2010 3061 2069 3109 et

490 3159 652 3213 facile
695 3154 954 3226 placabile
1009 3152 1249 3208 ostendit
1296 3149 1604 3220 ingenium;
1645 3162 1745 3204 nec
1807 3159 2066 3218 quantam

497 3265 692 3306 servus
726 3247 975 3315 rogabat,
1004 3246 1101 3298 sed
1160 3252 1416 3312 quantam
1452 3241 1570 3311 ejus
1627 3240 1930 3310 benignitas
1972 3254 2069 3294 ca-

496 3343 697 3412 piebat,
739 3340 968 3410 gratiam
997 3337 1147 3392 fecit.
1180 3333 1353 3392 Omne
1394 3334 1539 3389 enim
1567 3333 1807 3389 obaerato
1830 3333 2069 3388 debitum

497 3434 668 3505 gratis
691 3434 891 3495 donat;
923 3437 979 3482 et
1001 3427 1162 3483 simul
1191 3440 1303 3480 sua:
1333 3423 1686 3494 benignitatis
1711 3423 1828 3494 ipse
1872 3424 2073 3477 innatae

497 3526 719 3595 pelagus
748 3523 1071 3575 immensum
1100 3518 1337 3573 ostendit
1367 3531 1383 3571 :
1412 3516 1575 3570 simul
1608 3516 1801 3571 edocet
1822 3529 2068 3579 servum,

498 3627 561 3670 ut
589 3611 936 3684 peccantibus
966 3611 1239 3665 condonet
1280 3623 1344 3663 ea
1394 3622 1514 3677 qua:
1540 3606 1642 3663 sibi
1679 3607 1896 3661 fuerant
1943 3620 2069 3660 con-

498 3709 717 3764 donata.
751 3704 899 3759 Adeo
928 3702 1128 3757 bonum
1159 3701 1420 3756 habemus
1448 3699 1759 3763 Dominum,
1785 3702 1918 3754 adeo
1945 3713 2071 3753 eum

495 3797 844 3869 supplicatio,
882 3803 935 3850 et
1002 3808 1109 3849 una
1154 3793 1392 3864 lacryma
1439 3791 1661 3847 ﬂectere
1720 3792 1880 3858 solet,
1939 3793 2074 3846 adeo

497 3908 625 3963 erga
655 3890 1009 3960 ptenitentem
1034 3903 1094 3943 se
1122 3869 1668 3957 munilicum'przebet
1695 3894 1756 3940 ut
1804 3884 2073 3955 postulata

495 3993 715 4056 superet
744 3982 922 4038 donis.
956 3980 1233 4037 Manasses
1264 3988 1344 4034 tot
1405 3978 1703 4034 sceleribus
1760 3987 2072 4047 coopertus,

495 4088 554 4135 et
590 4085 973 4149 praegravatus,
999 4074 1085 4128 vix
1114 4087 1411 4129 conversus
1468 4070 1842 4127 remissionem
1898 4070 2073 4125 solum

499 4187 531 4225 a
568 4169 676 4224 Deo
706 4168 880 4237 petiit,
908 4167 1095 4220 dicens
1125 4182 1140 4218 :
1197 4164 1311 4238 (59)
1339 4162 1602 4218 Miserere
1639 4162 1796 4227 mihi,
1822 4161 2074 4227 Domine,

498 4261 796 4321 miserere;
850 4268 909 4312 et
965 4258 1176 4311 veniam
1213 4258 1541 4326 impetravit,
1591 4266 1645 4309 et
1703 4255 1774 4310 ab
1832 4255 2077 4310 hostibus

500 4351 763 4404 liberatus
793 4357 898 4411 est,
930 4355 985 4402 et
1011 4360 1232 4416 regnum
1267 4359 1459 4400 rursus
1479 4344 1715 4399 obtinuit
1749 4345 1819 4397 “.
1855 4344 1954 4414 ιι
1983 4344 2075 4399 llle

2146 942 2401 1009 γημένων
2445 936 2566 1005 Θεῷ
2624 935 2922 1000 ἐπάγονται
2972 924 3061 982 οἷά
3086 943 3232 989 τινες
3287 927 3555 995 μάστιγες
3584 922 3745 974 νόσοι

2146 1036 2253 1089 τῶν
2283 1032 2582 1102 φιλτάτων,
2615 1030 2709 1080 καὶ
2751 1026 2995 1083 θάνατοι,
3026 1022 3129 1073 οὐκ
3183 1019 3567 1087 ἀπρονοήτως,
3606 1015 3743 1067 οὐδὲ

2151 1126 2258 1197 μὴν
2288 1123 2472 1195 ἁκριτί
2492 1138 2507 1154 ·
2534 1121 2650 1177 ἀλλ’
2673 1117 2864 1185 ἐπειδὴ
2887 1114 3115 1185 έμελλον
3138 1114 3233 1165 καὶ
3260 1110 3451 1172 παῖδες
3484 1107 3746 1177 ζηλῶσαι

2148 1218 2248 1288 τὴν
2274 1216 2388 1269 τῶν
2440 1214 2699 1283 πατέρων
2735 1208 3073 1280 φαυλότητα,
3132 1204 3291 1257 αὐτοί
3329 1219 3388 1255 τε
3412 1203 3501 1254 διὰ
3537 1200 3746 1257 νόσων.

2149 1312 2183 1376 ἢ
2215 1310 2460 1363 θανάτων
2515 1305 2617 1374 τῆς
2675 1302 2874 1364 κακίας
2907 1298 3378 1369 ἀναχαιτίζονται.
3435 1295 3533 1347 καὶ
3561 1295 3595 1363 ή
3632 1293 3750 1344 τῶν

2150 1404 2419 1456 τεκόντων
2445 1397 2753 1469 σκληρότης
2785 1392 3301 1462 καταμαλάσσεται.
3334 1387 3483 1457 Πλὴν
3516 1385 3657 1438 ἀλλὰ
3682 1385 3751 1437 τὸ

2155 1491 2413 1547 κελεῦσαι
2439 1488 2661 1542 πανοικὶ
2682 1486 2774 1538 τὸν
2798 1484 3022 1552 οἰκέτην
3053 1480 3333 1551 πραθῆναι
3364 1470 3647 1548 ξρόϐητρον
3677 1473 3749 1547 ἦν

2153 1583 2312 1636 ἕλκον
2342 1582 2433 1634 τὸν
2466 1577 2862 1647 ὑπόχρεωνείς
2891 1574 3125 1642 δάκρυα,
3161 1571 3258 1624 καὶ
3283 1570 3665 1639 παράκλησινυ
3695 1569 3747 1619 εἰ

2155 1678 2266 1746 γὰρ
2304 1673 2554 1743 διενοήθη
2599 1669 2876 1739 πιπρᾶσαι
2904 1666 3094 1732 αὐτὸν,
3128 1666 3220 1717 καὶ
3244 1663 3479 1716 ἀπέδοτο
3497 1660 3591 1718 ἂν.
3625 1660 3749 1715 ἀλλ’

2155 1770 2217 1822 οὐ
2251 1767 2503 1838 βούλεται
2524 1763 2615 1817 τὸν
2648 1762 2878 1816 θάνατον
2904 1758 3000 1812 τοῦ
3032 1754 3390 1826 ἁμαρτωλού,
3414 1754 3554 1807 ἀλλὰ
3587 1754 3753 1822 ζητεῖ

2155 1864 2256 1932 τὴν
2306 1856 2663 1926 ἐπιστροφὴν,
2702 1855 2796 1906 καὶ
2825 1850 3108 1920 ἐκδέχεται
3154 1848 3255 1916 τὴν
3285 1845 3601 1916 μετάνοιαν.
3636 1845 3752 1897 Καὶ

2156 1954 2325 2007 τείνει
2361 1950 2460 2022 μὲν
2494 1949 2555 2001 τὸ
2577 1946 2733 2012 τόξον
2760 1943 2861 2013 τῆς
2887 1942 3142 2011 ἀπειλῆς,
3177 1941 3368 2010 ἐπέχει
3406 1939 3463 1992 δὲ
3500 1939 3563 1991 τὸ
3589 1938 3752 2008 βέλος

2159 2047 2258 2114 τῆς
2287 2040 2560 2114 τιμωρίας
2600 2040 2714 2100 τοῖς
2742 2036 2818 2105 μὴ
2852 2036 3134 2104 ἀνήκεστα
3186 2032 3481 2083 πταίουσι·
3532 2029 3753 2097 πιπρά-

2163 2156 2283 2193 σκει
2303 2137 2361 2190 δὲ
2381 2137 2475 2188 τὸν
2502 2127 2948 2200 ἀπεγνωσμένον,
2973 2126 3070 2180 καὶ
3094 2122 3426 2195 ἀδιόρθωτον
3445 2137 3463 2153 ⁸
3494 2122 3528 2192 ή
3549 2120 3755 2190 γάρτοι

2162 2228 2431 2298 λεγομένη
2458 2223 2555 2278 τοῦ
2588 2223 2807 2276 οἰκέτου
2843 2218 2981 2291 μετὰ
3007 2215 3114 2269 τῶν
3139 2214 3307 2269 αὐτοῦ
3339 2213 3755 2284 ἁπεμπώλησις

2164 2325 2273 2377 τῶν
2305 2320 2518 2374 πολλῶν
2541 2315 2763 2384 ἀγαθῶν
2798 2310 3059 2383 σημαίνει
3086 2307 3187 2381 τὴν
3217 2307 3501 2378 στέρησιν,
3528 2306 3629 2360 καὶ
3647 2306 3756 2376 τὴν

2166 2413 2281 2472 άπὸ
2307 2411 2447 2466 Θεοῦ
2477 2405 2856 2478 ἀλλοτρίωσιν.

2240 2612 2263 2648 ι
2299 2593 2489 2648 Πεσὼν
2539 2584 2635 2644 οὖν
2684 2590 2713 2643 ὀ
2742 2586 2932 2648 δοῦλος
2962 2582 3298 2655 προσεκύνει
3353 2580 3504 2651 αὐτῷ
3528 2581 3755 2648 λέγων’

2169 2687 2615 2761 Μακροθύμησον
2646 2682 2735 2735 ἐπ’
2768 2682 2920 2752 ἐμοὶ,
2953 2680 3053 2734 καὶ
3080 2678 3266 2732 πάντα
3302 2693 3385 2731 σοι
3423 2673 3758 2729 ἀποδώσω.»

2170 2782 2235 2836 Τί
2254 2781 2348 2835 οὖν
2376 2780 2404 2833 ὁ
2424 2779 2677 2848 οἱκέτηςς
2724 2774 2871 2828 Ἀντί
2893 2773 2995 2842 τῆς
3022 2771 3133 2825 τῶν
3157 2787 3265 2841 χρη
3275 2770 3462 2839 μάτων
3486 2767 3764 2829 ἰκτίσεως

2168 2871 2269 2944 τὴν
2304 2870 2588 2941 ἱκετηρίαν
2636 2864 3007 2934 προϐάλλεται
3054 2861 3489 2933 μακῳθυμῆσαι
3528 2858 3626 2911 τὸν
3672 2856 3765 2909 δε-

2173 2964 2382 3032 σπότην
2433 2958 2752 3015 ἀντιϐολῶν.
2796 2956 2858 3010 '0
2911 2953 2968 3008 δὲ
2996 2952 3136 3023 όμοῦ
3183 2969 3245 3005 τε
3272 2946 3381 3005 οἶδε
3415 2950 3509 3003 τδν
3530 2949 3761 3018 οἰκέτην

2174 3054 2611 3126 προσπίπτοντα,
2666 3048 2762 3103 καὶ
2818 3048 2947 3112 τοὺς
3001 3044 3318 3115 ὀφθαλμοὺς
3363 3044 3476 3104 τοῖς
3516 3040 3762 3109 δάκρυσι

2174 3152 2462 3219 τέγγοντα,
2488 3145 2585 3199 καὶ
2612 3142 2712 3213 τὴν
2734 3141 2893 3195 ἵλεων
2917 3138 3083 3209 φύσιν
3108 3135 3465 3211 ἐνδείκνυται.
3490 3133 3606 3203 Οὐχ
3629 3134 3763 3184 ὅσον

2174 3244 2203 3296 ό
2241 3240 2529 3309 ὑπόχρεως
2556 3237 2791 3306 ἐζήτησε
2817 3230 3147 3302 παρασχὼν,
3172 3228 3293 3284 ἀλλ’
3322 3230 3448 3281 ὅσον
3467 3227 3669 3297 ἐχώρει
3702 3226 3763 3301 τδ

2175 3296 2402 3388 ἐκείνοι).
2427 3296 2836 3400 φιλάνθρωπον.
2864 3296 3048 3378 "Arta;
3071 3321 3183 3392 γὰρ
3211 3320 3272 3374 τὺ
3298 3320 3459 3390 χρέος
3488 3296 3568 3390 τῷ
3587 3296 3771 3371 ὑπευέ

2174 3429 2320 3498 θύνῳ
2351 3425 2664 3497 χαρίζεται,
2722 3420 2885 3484 αὐτός
2919 3436 2980 3471 τε
3018 3418 3241 3481 δεικνὺς
3267 3420 3366 3487 τῆς
3394 3414 3605 3476 οἰκείας
3633 3415 3763 3480 φιλ-

2174 3519 2492 3592 ανθρωπίας
2540 3517 2602 3571 τὸ
2664 3514 2897 3585 ἄπειρον
2943 3511 3217 3579 πέλαγος·
3278 3509 3375 3561 καὶ
3412 3508 3505 3560 τὸν
3532 3508 3760 3575 οἰκέτην

2173 3612 2462 3671 διδάσκων.
2511 3607 2580 3662 δι’
2605 3601 2681 3662 ὧν
2706 3603 3060 3678 συνεχωρήθη
3108 3604 3223 3664 τοῖς
3247 3601 3508 3653 πταίουσι
3537 3616 3761 3669 συγχω-

2178 3704 2293 3774 ρεῖν
2313 3717 2328 3732 ο
2357 3698 2602 3754 τοιοῦτον
2628 3696 2826 3766 ἔχομεν
2856 3692 3064 3762 ἀγαθὸν
3098 3690 3380 3762 Δεσπότην
3404 3704 3420 3718 ’
3453 3687 3631 3751 οὕτως
3658 3686 3764 3739 αύ-

2174 3794 2267 3848 τὸν
2314 3791 2548 3862 ὲπικλᾷν
2580 3785 2722 3842 οἶδεν
2753 3785 3029 3858 ἱκετηρία,
3058 3782 3153 3839 καὶ
3181 3783 3421 3854 δάκρυον
3442 3796 3457 3812 ο
3492 3779 3637 3834 οὕτω
3675 3778 3762 3851 τῷ

2182 3880 2544 3956 μετανοοῦντι
2578 3878 2862 3949 φιλότιμος
2899 3876 3132 3944 γίνεται,
3172 3873 3249 3937 ὼς
3277 3877 3344 3944 τῇ
3376 3872 3560 3942 δωρεᾷ
3589 3872 3763 3939 ὑπερ-

2179 3976 2387 4032 ϐαίνειν
2415 3975 2514 4044 τήν
2542 3973 2777 4042 αῐτησιν.
2825 3970 2886 4023 '0
2916 3967 3218 4037 Μανασσῆς
3243 3966 3522 4028 τοσούτοις
3548 3980 3763 4034 πεφορ-

2177 4068 2431 4139 τισμένος
2462 4065 2796 4134 ἐγκλήμασι,
2820 4062 2975 4133 μόλις
2998 4059 3352 4132 περισταθεὶς
3372 4060 3557 4113 ἄνεσιν
3587 4061 3762 4129 μόνην

2179 4160 2384 4234 ⁴ᾔτησεν
2404 4144 2468 4210 ἐκ
2482 4155 2642 4211 Θεοῦ.
2668 4156 2831 4215 ’Ᾱνες
2865 4168 2980 4222 μοι,
3016 4151 3214 4219 Κύριε,
3244 4149 3443 4218 λέγων,
3469 4146 3595 4208 ἄνες
3627 4162 3725 4215 μοι
3744 4161 3759 4177 ·

2181 4253 2278 4305 καὶ
2308 4248 2660 4320 συγχώρησιν
2691 4246 2925 4314 εἰλήφει,
2955 4244 3052 4296 καὶ
3079 4241 3191 4295 τῶν
3226 4240 3443 4311 ἐχθρῶν
3482 4239 3752 4310 ὲρῤύσθη,

2181 4344 2276 4397 καὶ
2332 4343 2426 4412 τῆς
2480 4337 2755 4411 βασιλείας
2812 4332 2969 4397 αὖθις
3005 4334 3229 4403 γέγονεν
3261 4330 3561 4401 ἐγκρατής.
3604 4328 3667 4379 '0
3699 4325 3757 4380 δὲ

501 4450 681 4494 autem
710 4447 939 4491 exactor
994 4436 1336 4506 vectigalium
1391 4436 1732 4503 publicanus,
1791 4450 1919 4491 cum
1971 4437 2064 4491 sibi

2179 4436 2477 4509 φορολόγος.
2503 4436 2711 4495 ἐκεῖνος
2743 4430 2984 4500 τελώνης
3013 4427 3243 4497 ἱλασμὸν
3264 4425 3519 4495 αἰτήσας,
3549 4423 3762 4475 δικαιο-

503 4532 795 4600 propitium
848 4529 1021 4584 Deum
1078 4536 1345 4600 rogasset,
1413 4529 1676 4597 justitiam
1750 4541 2075 4586 consecutus

498 4635 586 4680 est
614 4624 681 4678 “.
714 4623 804 4679 Ille
826 4632 1124 4677 nocturnus
1157 4622 1441 4677 insidiator
1490 4630 1546 4676 et
1574 4623 1737 4687 latro,
1761 4622 1870 4691 iam
1922 4631 2075 4677 actus

500 4717 556 4774 in
582 4731 797 4771 crucem
827 4724 883 4770 et
936 4724 1233 4768 extremam
1294 4730 1458 4783 agens
1510 4716 1769 4783 animam,
1819 4730 1941 4770 cum
1987 4717 2070 4771 sui

505 4809 820 4865 memoriam
849 4806 1020 4863 solum
1045 4817 1298 4874 precatus
1325 4815 1491 4874 esset,
1537 4806 1849 4876 paradisum
1902 4814 2074 4861 totum

507 4902 719 4972 accepit
740 4903 809 4957 “.
850 4902 916 4956 Et
962 4900 1386 4967 adolescentem,
1433 4900 1526 4970 qui
1566 4913 1596 4953 a
1644 4908 1865 4970 paterna
1916 4900 2078 4954 domo

504 4995 761 5049 recedens
783 5004 975 5064 sponte
1007 5009 1067 5050 se
1130 4993 1404 5064 abiecerat
1462 4994 1529 5047 ad
1583 4993 1843 5063 pecudum
1888 4992 2077 5060 vitam,

504 5094 781 5155 rogantem
827 5087 1194 5155 postmodum,
1254 5095 1312 5141 ut
1358 5085 1413 5140 in
1466 5084 1924 5140 mercenariorum
1973 5099 2076 5138 nu-

574 5215 617 5249 “
653 5215 853 5271 Ezech.
894 5230 1050 5283 xvnt,
1079 5214 1137 5282 4,
1162 5214 1256 5271 20.

2184 4529 2352 4598 σύνης
2409 4526 2712 4592 ἐπέτυχεν·
2738 4523 2768 4575 ό
2815 4519 3131 4588 νυκτιλόχος
3157 4517 3360 4588 λῃστὴς
3389 4511 3758 4567 ἀνασκολοπι-

2183 4622 2352 4687 σθέις,
2384 4617 2479 4672 καὶ
2504 4617 2604 4689 ήδη
2633 4615 2811 4669 πνέων
2835 4613 2904 4666 τὰ
2932 4611 3158 4681 ἔσχατα,
3183 4609 3406 4681 μνήμην
3439 4606 3610 4677 μόνην
3658 4605 3759 4674 ζη-

2182 4714 2375 4783 τήσας,
2413 4711 2538 4764 ὅλον
2567 4709 2780 4776 εἰλήφει
2809 4704 3162 4777 παράδεισον.
3199 4702 3309 4756 Καὶ
3343 4701 3529 4769 νεανίᾳ⁸
3554 4714 3758 4765 πατρι-

2185 4804 2289 4873 κῆς
2317 4802 2506 4864 ἑστίας
2561 4799 3065 4868 ἀποσκιρτήσαντι,
3092 4795 3190 4848 καὶ
3238 4792 3377 4863 προς
3402 4791 3494 4843 τὸν
3519 4788 3758 4860 χοιριίιδη

2182 4894 2299 4964 βίον
2334 4891 2772 4963 αὑτομολήσαντι
2805 4890 2863 4941 έν
2894 4888 3051 4959 μέρει
3084 4883 3374 4956 μισθωτῶν
3403 4880 3643 4946 ἀξιοῦντι
3675 4894 3759 4931 τε-

2180 4986 2402 5058 τάχθαι,
2443 4983 2735 5055 χαρίζεται
2791 4979 2891 5051 τὴν
2948 4978 3177 5049 πρώτην
3237 4976 3544 5043 εὐγένειαν,
3604 4971 3751 5025 καὶὸ

2183 5078 2376 5151 παρὼν
2429 5078 2649 5147 οἰκέτης
2708 5070 3094 5145 μακροθυμίαν
3154 5070 3324 5141 μόνην
3385 5069 3603 5140 ᾐτήκει,
3657 5064 3755 5118 καὶ

1349 5215 1395 5248 ⁸³
1423 5212 1471 5269 II
1497 5212 1676 5269 Paral.
1700 5230 1892 5281 χχχιιι,
1920 5215 2007 5280 18,
2040 5215 2062 5269 l

2204 5212 2250 5246 "
2284 5212 2416 5267 Luc.
2443 5224 2598 5279 xvnt,
2629 5209 2716 5265 li.
2793 5207 2841 5238 “
2873 5206 3012 5262 Luc.
3043 5220 3205 5269 xxiii,
3226 5205 3316 5259 ιδ.

1733 5331 2057 5394 Francisci
2093 5329 2301 5394 Scorsi
2335 5337 2522 5392 notae.

556 5432 1574 5506 (39)Miserereﬁuamvisptenitentia:
1591 5431 1855 5506 Manassis
1878 5435 2083 5489 mentio
2185 5448 2349 5506 quam
2388 5445 2561 5506 neque
2587 5442 2766 5506 _vc_r_na
2802 5426 2947 5506 lucc,
2979 5438 3098 5506 quae
3121 5424 3480 5506 Theophanes
3512 5421 3673 5505 adert.
3699 5422 3752 5475 in

506 5502 595 5561 ﬁat
617 5502 913 5575 caprxut
932 5502 1185 5575 Paralip.,
1200 5508 1375 5560 oratio
1389 5513 1567 5575 tanien
1593 5504 1700 5565 illa,
1715 5518 1834 5571 qua:
1846 5505 2080 5559 circurn-

504 5573 700 5637 [ει-ιον,
746 5592 852 5629 non
893 5588 977 5629 εει
1011 5589 1076 5629 ex
1110 5573 1403 5627 Canonicis
1449 5573 1638 5639 libris;
1674 5583 1854 5628 exstat
1897 5586 2076 5629 tamen

508 5649 705 5717 rejecta
744 5645 799 5699 in
830 5646 1031 5699 calcem
1077 5641 1397 5717 Bibliorum,
1436 5657 1502 5717 _e_o
1538 5644 1681 5717 quod
1718 5658 1755 5717 _a
1803 5645 2076 5700 nonnullis

507 5712 760 5772 Panibus
793 5731 860 5770 ex
897 5731 961 5771 ea
993 5712 1135 5772 sumi
1166 5714 1368 5769 dictum
1396 5712 1620 5793 aliquod
1649 5714 1824 5772 soleat
1850 5730 1865 5768 :
1897 5730 2073 5785 quan-

2184 5494 2438 5557 Miserere
2470 5494 2619 5563 mihi,
2660 5497 2900 5558 Domine,
2946 5494 3224 5558 miserere,
3271 5495 3366 5547 sed
3389 5506 3535 5547 certe
3554 5494 3751 5547 similia

2180 5582 2310 5627 sunt
2360 5571 2466 5635 iis,
2521 5584 2643 5639 qua:
2699 5569 2771 5621 ibi
2828 5567 3100 5639 dicuntur,
3153 5574 3213 5639 ut
3261 5574 3533 5639 non-tam
3589 5567 3753 5616 verba

2179 5645 2335 5768 ipsa,
2378 5633 2557 5711 quam-
2586 5653 2804 5695 sensum
2839 5652 2907 5692 ex
2950 5638 3037 5692 illa
3067 5638 3319 5704 esi-ipere
3349 5633 3440 5688 hic
3468 5634 3627 5689 Pater
3660 5650 3749 5688 vo-

2203 5725 2360 5768 uertt.

2203 5729 2360 5769 υσιιι.
