3990 6202
276 272 388 343 169

1673 274 1998 338 HOMILIA
2046 274 2130 336 II.

3455 273 3558 340 1το

272 392 485 455 παντὸς
507 391 601 446 τοῦ
628 391 829 463 χρέους
872 390 1089 463 δέχεται
1133 390 1234 463 τὴν
1279 389 1649 463 συγχώρησιν.
1705 389 1872 462 Ὁρᾷς

1981 398 2128 444 mero
2162 393 2501 452 censeretur,
2526 402 2579 441 .n
2611 385 2897 457 pristinam
2921 385 3092 459 gratis
3118 388 3356 447 restituit
3400 394 3560 449 nobi-

270 488 587 555 οίκτιρμων
632 488 865 555 ἄπειρον
889 485 1130 553 πέλαγος
1155 501 1168 514 ι
1205 500 1291 547 τις
1333 479 1475 535 οὕτω
1506 481 1870 548 νωθέστατος,

272 574 374 632 καὶ
410 576 560 645 πέρα
598 575 698 629 τοῦ
729 576 969 643 δέοντος,
1006 575 1082 641 ὡς
1115 575 1190 646 μὴ
1229 573 1369 647 πρὸς
1398 572 1644 627 τοιοῦτον
1669 573 1875 627 Δεσπό-

273 685 383 738 την
405 667 642 739 δραμεῖν
669 669 983 738 κραιπνοῖς,
1014 666 1042 719 δ
1064 664 1304 733 λέγεται,
1333 666 1449 727 τοῖς
1481 663 1747 729 ποσὶ,κᾶν
1769 680 1873 734 μυ-

277 760 431 832 ρίαις
483 759 706 830 κηλίσιν
752 759 1044 830 ἁμαρτιῶν
1078 757 1483 823 καταστίζοιτο,
1515 756 1620 809 κᾶν
1655 753 1873 816 πολλοῖς

275 851 571 913 ταλάντοις
600 849 893 921 ἁμαρτιῶν
918 849 1245 921 βαρύνοιτος
1275 849 1565 919 Θαρσεῖτε,
1601 849 1716 901 ὅσοι
1746 847 1872 900 κατ’

273 944 379 1015 ἐμὲ
412 943 667 1015 ῥᾴθυμον
698 942 848 1014 ζωὴν
900 941 1190 1000 ἐϐιώσατε.
1232 942 1412 996 Μόνον
1450 942 1525 1011 μὴ
1562 939 1652 993 τὸν
1677 938 1873 1010 ἀχάρι-

275 1053 406 1090 στον
428 1036 624 1090 τοῦτον
658 1036 939 1106 δραπέτην
973 1033 1339 1105 ζηλὼσωμεν,
1384 1033 1443 1096 ὃς
1475 1030 1654 1102 τυχὼν
1681 1030 1872 1085 τοσού-

274 1146 373 1182 του
425 1132 625 1201 χρέους
664 1130 913 1200 ἀφέσεως
948 1129 1006 1181 ὲν
1057 1127 1217 1191 ἰδίαις
1250 1127 1547 1198 ἀφραδίαις
1582 1125 1682 1197 τὴν
1711 1126 1873 1198 χάριν

275 1221 592 1279 ἀπώλεσεν.
1072 1234 1086 1248 ⁵

1974 478 2208 535 litatem.
2247 477 2315 532 Et
2351 477 2439 532 bic
2459 476 2645 533 itidem
2667 492 2857 535 servus
2874 481 3189 550 patientiam
3215 483 3375 539 modo
3401 499 3557 556 roga-

1972 577 2148 639 verat,
2188 578 2243 625 et
2269 571 2432 625 totius
2454 568 2619 624 debiti
2643 570 3020 628 remissionem
3080 574 3334 630 obtinuit.
3388 574 3555 633 Vides

1971 661 2386 717 miserationum
2417 660 2640 731 pelagus
2670 662 3053 719 inexhausmm
3084 682 3099 718 :
3131 667 3253 735 quis
3301 675 3409 721 tam
3464 683 3559 723 sc-

1971 755 2112 824 guis,
2141 763 2196 810 et
2224 753 2361 810 ultra
2393 769 2557 825 quam
2584 766 2835 826 oporteat
2875 758 3117 822 timidus,
3146 760 3236 830 qui
3278 761 3345 815 ad
3394 760 3558 817 talem

1974 846 2264 903 Dominum
2302 847 2581 905 velocibus
2627 848 2763 920 (ιο),
2800 858 2860 904 ut
2893 850 3115 918 dicitur,
3168 853 3394 923 pedibus
3440 868 3560 911 'non

1972 947 2243 1005 accurrat,
2286 939 2500 995 etiamsi
2531 944 2715 996 decem
2767 942 3005 998 millibus
3041 954 3385 1012 peccatorum
3419 947 3564 1001 notis

1980 1032 2218 1098 inustus,
2258 1042 2314 1087 et
2339 1032 2525 1087 multis
2578 1032 2740 1087 etiam
2798 1034 3063 1088 scelerum
3118 1034 3445 1104 ponderibus
3493 1038 3567 1092 sit

1976 1123 2312 1192 Oppressus?
2347 1121 2618 1178 Conﬁdite
2642 1131 2911 1193 quotquot
2934 1122 3095 1179 sicuti
3150 1133 3207 1178 et
3255 1138 3355 1195 ego
3391 1125 3568 1181 diso-

1973 1218 2141 1274 lutam
2182 1219 2351 1273 vitam
2387 1219 2596 1290 egistis.
2636 1217 2796 1273 Modo
2827 1216 3101 1289 ingratum
3139 1217 3287 1275 hunc
3342 1233 3561 1274 servum

274 1330 348 1368 ne
415 1315 713 1381 innituntur,
751 1315 844 1383 qui
913 1323 1022 1368 tam
1070 1313 1292 1384 grandis
1344 1313 1585 1383 pecunim
1645 1312 1837 1368 debita:
1878 1311 2196 1367 remissione
2262 1320 2502 1381 accepta,
2536 1313 2604 1365 ob
2674 1320 2944 1367 suammet
3006 1310 3293 1366 stultitiam
3333 1312 3565 1382 gratiam

313 1405 541 1460 crdidit.

273 1421 541 1476 perurunt.

357 1519 377 1553 ι
408 1498 683 1565 Ἐξελθὼν
728 1502 757 1554 6
784 1498 972 1563 δοῦλος
1003 1501 1211 1563 ἐκεῖνος
1274 1494 1434 1571 εὗρεν
1490 1498 1587 1552 ἕνα
1618 1498 1724 1550 τῶν
1753 1513 1877 1548 συν-

275 1593 486 1648 δούλων
534 1591 721 1657 αὑτοῦ,
783 1591 841 1655 ὃς
873 1590 1107 1661 ὤφειλεν
1147 1591 1300 1663 αὑτῷ
1353 1593 1552 1646 ἑκατὸν
1598 1590 1831 1662 δηνάρια
1858 1602 1874 1619 °

2020 1513 2078 1545 ,ι
2136 1495 2401 1566 Egressus
2449 1504 2627 1550 autem
2672 1511 2863 1549 servus
2905 1497 2991 1551 ille
3041 1497 3246 1553 invenit
3283 1513 3449 1553 unum
3497 1501 3566 1556 de

1980 1588 2257 1643 conservis
2291 1588 2438 1653 suis,
2468 1589 2558 1657 qui
2591 1588 2822 1644 debebat
2848 1589 2897 1643 ei
2928 1596 3146 1644 centum
3177 1589 3430 1645 denarios
3462 1607 3477 1644 :
3508 1602 3567 1646 et

277 1691 381 1741 καὶ
419 1686 703 1757 κρατήσας
738 1684 904 1738 αὐτὸν
944 1683 1139 1753 ἐπνιγε
1169 1684 1380 1754 λέγων’
1431 1683 1655 1747 Ἀπόδος
1681 1699 1773 1752 μοι
1824 1683 1872 1734 εἰ

1981 1686 2170 1732 tenens
2207 1677 2505 1734 suﬁcoabat
2538 1694 2659 1734 eum
2696 1681 2903 1744 dicens,
2934 1679 3120 1737 Redde
3151 1682 3505 1751 quoddebes.
3540 1703 3562 1737 ι
3610 1756 3616 1762 ί

272 1796 332 1831 τι
359 1778 617 1847 ὀφείλεις.
656 1795 675 1827 ι
712 1777 843 1831 Δέον
873 1778 1186 1848 παρασχεῖν
1214 1774 1296 1846 τῷ
1317 1773 1597 1845 ὁμοδούλῳ
1633 1772 1869 1845 μερικῆς

274 1873 524 1944 χάριτος,
551 1868 619 1945 ἧς
644 1873 856 1936 ἐκεῖνος
877 1871 957 1934 είς
988 1869 1151 1941 κόρον
1176 1869 1485 1941 ἀπήλαυσε,
1513 1869 1632 1922 δέον
1666 1868 1871 1936 εὐγνώ-

277 1970 423 2036 μονα
461 1964 719 2033 γενέσθαι
750 1962 885 2034 πρὸς
916 1962 1008 2015 τὸν
1054 1962 1364 2032 ὁμόδουλον,
1398 1960 1431 2033 ἢ
1478 1960 1749 2030 ὀμότυχον
1780 1975 1794 1989 ⁸
1842 1960 1870 2011 6

275 2057 358 2120 δὲ,
400 2056 545 2109 κατὰ
569 2055 968 2126 τὸλεγόμενον,
1002 2054 1099 2126 ἅμ’
1130 2053 1381 2124 ἡλέηται,
1415 2052 1508 2105 καὶ
1533 2051 1800 2123 τέθνηκεν
1833 2052 1866 2121 ἡ

276 2151 444 2220 χάρις
470 2166 485 2181 ·
516 2151 638 2204 κατ’
669 2128 842 2220 αὐτην
871 2149 980 2220 γὰρ
1015 2151 1115 2220 τὴν
1141 2146 1292 2221 ὤραν
1322 2149 1351 2202 6
1383 2146 1621 2210 δείλαιος
1643 2145 1736 2200 τὸν
1775 2146 1872 2199 αὺ-

276 2240 373 2293 τὸν
397 2235 574 2309 ἦγχεν
630 2239 921 2309 ὑπόχρεων
972 2239 1231 2309 οὐδεμίαν
1257 2239 1444 2294 ἄνεσιν
1471 2236 1867 2308 παρεχόμενος,

276 2330 464 2383 καίτοι
497 2330 593 2383 καὶ
638 2330 666 2382 6
701 2330 988 2394 σύνδουλος
1014 2333 1126 2392 τοῖς
1153 2331 1334 2391 αὐτοῖς
1360 2330 1637 2399 ἐχρήσατο
1664 2326 1867 2395 λόγοις,

274 2416 363 2485 οἷς
397 2422 565 2486 αὐτὸς
595 2421 731 2492 πρὸς
780 2423 872 2475 τὸν
906 2420 1131 2491 βασιλέα
1186 2422 1492 2492 έχρήσατδο
1521 2420 1636 2475 ἀλλ’
1678 2421 1739 2473 οὐ
1770 2421 1868 2491 τῆς

279 2513 408 2584 ἴσης
457 2511 654 2582 ἐκείνῳ
706 2509 975 2579 τετύχηκε
1011 2510 1260 2580 χάριτος,
1313 2510 1504 2581 ἐπειδὴ
1537 2510 1870 2579 οὐχ’όμοίων

274 2604 597 2674 ἀμφότεροι
623 2601 940 2658 δανειστῶν.
972 2601 1167 2666 Καλῶς
1204 2601 1262 2656 δὲ
1289 2602 1315 2655 6
1350 2602 1511 2671 λόγος
1560 2604 1869 2675 προσέθηκε

276 2696 474 2749 καὶτὸ
505 2694 786 2763 Ἐξελθὼν,
810 2697 1118 2768 ἐμφαίνων,
1143 2696 1219 2760 ὡς
1257 2695 1483 2767 ἐξῆλθεν
1515 2694 1622 2750 ἀπὸ
1655 2695 1868 2749 δικαίου

276 2784 384 2838 καὶ
427 2785 759 2856 πρέποντος.

363 2986 383 3019 ι
422 2965 652 3030 ’ἰδόντες
671 2965 726 3019 δὲ
754 2965 804 3019 οί
835 2965 1114 3020 σύνδουλοι
1142 2965 1308 3020 αὐτοῦ
1340 2967 1408 3021 τὰ
1440 2967 1710 3037 γενόμενα
1744 2967 1867 3021 ὲλυο

1974 1768 2214 1841 Equum
2240 1770 2441 1839 fuerat,
2465 1782 2522 1828 ut
2545 1787 2664 1828 eam
2691 1787 2952 1829 conservo
2979 1774 3209 1844 gratiam
3239 1776 3564 1846 impertiret,

1971 1878 2134 1933 quam
2164 1864 2278 1934 ipse
2311 1862 2524 1921 abunde
2552 1874 2900 1936 perceperat;
2937 1881 3148 1936 acquum
3183 1876 3239 1922 ut
3271 1866 3563 1939 benignum

1973 1971 2030 2009 se
2058 1970 2186 2025 erga
2215 1971 2337 2012 eum
2371 1958 2654 2026 prazberet,
2686 1958 2777 2027 qui
2809 1958 2863 2011 in
2893 1958 3078 2013 eadem
3120 1967 3264 2014 esset
3302 1960 3566 2015 servitute

1972 2057 2133 2117 atque
2159 2046 2403 2115 fortuna;
2437 2057 2676 2103 attamen
2706 2047 2867 2102 simul
2900 2063 2963 2103 ac
2989 2048 3417 2106 misericordiam
3446 2050 3563 2122 (Η)

1972 2146 2302 2192 consecutus
2332 2148 2436 2203 est,
2471 2137 2634 2207 periit
2671 2134 2745 2194 illi
2778 2138 2976 2209 gratia,
3012 2148 3071 2193 ut
3102 2137 3333 2208 dicitur;
3369 2143 3563 2197 eadem

1981 2232 2127 2286 enim
2159 2232 2290 2287 liora
2327 2230 2511 2287 infelix
2546 2231 2632 2287 ille
2659 2232 2954 2288 debitorem
2985 2235 3221 2305 angebat
3246 2250 3401 2292 suum
3430 2235 3566 2294 nihil

1974 2323 2197 2379 omnino
2225 2324 2506 2379 remittens
2538 2341 2550 2378 :
2587 2334 2641 2379 et
2666 2322 2908 2394 profecto
2938 2326 3123 2381 eadem
3154 2327 3400 2383 eratlone
3422 2331 3566 2400 apud

1975 2412 2124 2466 illum
2161 2426 2457 2469 conservus
2484 2429 2614 2469 usus
2645 2424 2748 2479 est,
2779 2429 2884 2485 qua
2922 2416 3012 2471 ille
3044 2418 3184 2487 apud
3234 2430 3439 2490 regem,
3467 2423 3564 2477 sed

1975 2517 2083 2557 non
2133 2504 2378 2557 eamdem
2427 2512 2643 2569 tamen,
2696 2514 2861 2574 atque
2915 2504 3004 2560 ille
3050 2507 3279 2576 gratiam
3331 2516 3560 2575 nactus;

1975 2594 2411 2664 quandoquidem
2440 2609 2546 2649 non
2575 2595 2782 2652 similes
2808 2596 2970 2650 ambo
2998 2596 3174 2652 sortiti
3202 2596 3419 2653 fuerant
3443 2613 3564 2655 cre-

1975 2686 2199 2741 ditores.
2238 2685 2304 2741 Et
2346 2694 2494 2743 recte
2534 2701 2666 2743 sane
2709 2700 2890 2744 sermo
2926 2687 3271 2759 evangelicus
3312 2692 3566 2760 apposuit

1971 2777 2124 2844 illud,
2151 2777 2436 2850 Egressus,
2463 2788 2521 2834 ut
2544 2780 2797 2834 nimirum
2822 2782 3135 2836 ostenderet
3181 2793 3305 2842 eum
3336 2781 3564 2853 justitia-

1972 2880 2025 2925 et
2056 2870 2327 2940 aequitatis
2356 2870 2490 2927 lines
2520 2886 2819 2942 egressum.
3472 2876 3477 2895 ⁷

2051 2978 2070 3011 ι
2109 2960 2368 3018 Videntes
2395 2972 2575 3017 autem
2605 2963 2748 3017 servi
2781 2963 2919 3035 ejus,
2950 2975 3070 3033 quae
3101 2965 3322 3033 ﬁebant,
3353 2968 3563 3023 contri‘

284 3058 569 3126 πήθῃσαν,
588 3058 685 3112 καὶ
718 3057 966 3121 ἐλθόντες
995 3058 1339 3131 διεσάφησαν
1373 3058 1449 3129 τῷ
1479 3058 1654 3130 κυρίῳ
1690 3059 1871 3113 αὐτῶν

1981 3048 2100 3101 εῑιιιί
2126 3057 2252 3103 sunt
2272 3047 2456 3116 valde;
2482 3058 2537 3103 et
2563 3060 2844 3116 venerunt,
2872 3061 2923 3105 et
2949 3064 3311 3110 narraveruut
3336 3054 3566 3111 Domino

281 3150 357 3201 τὰ
383 3149 681 3218 γενόμενα.
725 3168 744 3201 ι
783 3149 1166 3203 Μυσάττονται
1191 3147 1384 3203 τοῦτον
1413 3154 1514 3219 τῆς
1543 3149 1872 3222 ἀγριότητος

281 3243 336 3293 οἱ
383 3240 745 3310 μισοπόνηροι
824 3238 1119 3293 σύνδουλοι.
1180 3240 1475 3310 Ἀγγέλους
1530 3240 1588 3295 δὲ
1652 3242 1874 3306 τούτους

286 3334 563 3404 προσήκει
585 3334 727 3386 νοεῖν
757 3331 1076 3394 συνδούλους
1098 3333 1241 3386 κατὰ
1270 3333 1361 3386 τὸν
1384 3333 1482 3403 τῆς
1514 3332 1875 3404 δημιουργίας

284 3423 452 3493 λόγον
472 3424 844 3495 ὑπάρχοντας,
870 3425 965 3478 καὶ
998 3424 1108 3478 τῶν
1132 3422 1384 3497 πράξεων
1415 3424 1573 3496 ήμῶν
1606 3424 1873 3496 τηρητάς.

288 3518 511 3585 Ὠσπερ
534 3516 591 3570 δὲ
621 3517 765 3588 χαρὰ
792 3517 1001 3585 γίνεται
1036 3519 1092 3569 ὲν
1116 3517 1192 3588 τῷ
1213 3517 1427 3588 οὐρανῷ
1463 3519 1553 3570 ἐπὶ
1587 3517 1667 3569 ἐνὶ
1693 3518 1878 3589 ἁμαρ-

284 3608 454 3680 τωλῷ
507 3607 886 3680 μετανοοῦντι,
926 3608 1104 3672 οὕτως
1140 3609 1204 3661 ὲκ
1262 3607 1356 3661 τοῦ
1410 3606 1660 3661 ἐναντίου
1691 3607 1879 3660 λυπεῖ-

289 3701 423 3755 σθαι
459 3699 681 3768 λέγεται
710 3699 921 3770 σφόδρα
952 3699 1020 3753 τὰ
1060 3697 1427 3769 καθαρώτατα
1462 3697 1751 3768 πνεύματα
1789 3698 1877 3767 ἐφ’

287 3795 431 3863 ἡμῖν
462 3793 865 3864 ἁμαρτάνουσι.
902 3791 1016 3846 Καὶ
1041 3791 1105 3864 δὴ
1148 3794 1242 3845 καὶ
1282 3789 1360 3861 τῷ
1392 3791 1629 3862 δεσπότῃ
1658 3790 1757 3861 τὴν
1784 3790 1876 3844 τοῦ

291 3888 614 3957 ὰμνήμονος
636 3885 900 3956 ὠμότητα
921 3883 1323 3956 μεμηνύκασιν,
1346 3883 1443 3953 οὐχ
1471 3883 1546 3946 ὡς
1568 3882 1877 3950 ἀγνοοῦντι,

290 3972 437 4027 ἀλλὰ
466 3974 679 4028 ξικαίαν
718 3972 1162 4044 ἐπιδεικνύμενοι
1190 3973 1566 4043 ἀγανάκτησιν
1600 3972 1745 4026 κατὰ
1782 3970 1878 4025 τοῦ

294 4066 381 4136 μὴ
408 4070 752 4137 τηρήσαντας
789 4067 921 4138 πρὸς
950 4066 1043 4119 τὸν
1063 4066 1339 4136 ὁμόφυλον
1362 4067 1422 4118 τδ
1453 4065 1802 4136 φιλάλληλον.

376 4350 397 4383 ι
436 4331 571 4385 Τότε
623 4330 1147 4404 προσκαλεσάμενος
1184 4332 1349 4384 αὑτὸν
1400 4333 1428 4384 6
1474 4331 1660 4403 κύριος
1711 4330 1880 4385 αὐτοῦ

1980 3154 2081 3196 suo
2120 3141 2332 3206 omnia,
2362 3154 2484 3211 qua:
2522 3140 2664 3197 facta
2706 3141 2939 3200 fuerant.
2978 3161 2996 3194 ι
3038 3143 3377 3202 Aversantur
3422 3146 3568 3203 hunc

1979 3240 2200 3302 propter
2271 3247 2486 3289 morum
2557 3234 2904 3290 acerbitatem
2977 3238 3225 3293 conservi
3299 3240 3563 3296 malorum

1981 3334 2191 3380 osores.
2218 3323 2275 3378 in
2307 3326 2397 3379 his
2424 3340 2554 3380 vero
2584 3325 2803 3395 angelos
2852 3341 2948 3398 par
2992 3336 3075 3384 est
3121 3328 3440 3400 intelligere,
3471 3331 3562 3400 qui

1983 3414 2192 3471 ratione
2216 3416 2517 3471 creationis
2546 3417 2794 3472 conservi
2828 3428 2975 3484 sunt,
3004 3429 3060 3474 et
3090 3412 3232 3474 facta
3267 3423 3565 3477 observant

1982 3516 2163 3562 nostra
2195 3525 2209 3562 :
2246 3521 2309 3563 ac
2335 3507 2496 3563 sicuti
2538 3527 2556 3561 ι
2594 3510 2846 3580 gaudium
2881 3519 2962 3564 est
3013 3510 3066 3565 in
3100 3511 3241 3566 (mlo
3272 3525 3433 3582 super
3457 3527 3569 3566 uno

1982 3605 2267 3669 peccatore
2298 3602 2672 3670 paenitentiam
2705 3613 2898 3673 agente
2920 3604 2987 3669 ’⁵,
3022 3624 3039 3657 ι
3078 3605 3151 3659 ita
3183 3605 3346 3661 etiam
3372 3615 3566 3661 contra

1987 3691 2337 3759 peccantibus
2381 3692 2570 3760 nobis,
2620 3694 2781 3750 iidem
2832 3696 3110 3765 purissimi
3157 3696 3380 3767 spiritus
3425 3697 3565 3754 silici

1984 3794 2220 3838 maerore
2266 3783 2541 3843 dicuntur.
2576 3786 2718 3856 Quin
2762 3788 2923 3844 etiam
2976 3790 3243 3845 diritatem
3292 3790 3411 3861 ejus
3460 3790 3566 3861 12

1984 3875 2190 3944 accepti
2230 3875 2476 3934 beneﬁcii
2516 3881 2853 3937 immemoris
2888 3880 3113 3935 domino
3164 3883 3565 3948 renuntiarunt,

1984 3978 2089 4020 non
2130 3966 2274 4035 quod
2323 3967 2412 4022 ille
2461 3971 2677 4026 nescius
2725 3972 2843 4042 ejus
2890 3981 3064 4036 esset,
3098 3971 3193 4028 sed
3237 3973 3315 4027 uti
3360 3971 3564 4043 justam

1985 4056 2409 4128 indignationem
2444 4072 2759 4131 conceptam
2789 4064 3052 4119 adversus
3081 4078 3202 4119 eum
3238 4064 3567 4131 indicarent,

1987 4151 2079 4219 qui
2116 4150 2286 4205 mutui
2324 4152 2528 4209 amoris
2561 4153 2730 4223 legem
2768 4168 2891 4224 erga
2931 4155 3241 4224 popularem
3273 4170 3428 4211 suum
3460 4171 3566 4212 non

1986 4242 2348 4298 observassct.

2072 4354 2090 4387 ι
2134 4337 2288 4393 Tunc
2326 4339 2533 4393 vocavit
2568 4336 2713 4393 illum
2748 4338 3001 4395 dominus
3035 4355 3189 4407 suus,
3238 4349 3295 4396 et
3326 4340 3401 4396 ait
3434 4339 3510 4397 illi
3550 4360 3564 4397 :

290 4424 451 4494 λέγει
478 4423 646 4493 αὐτῷ’
665 4422 832 4477 Δοῦλε
855 4423 1081 4495 πονηρὲ,
1108 4425 1288 4478 πᾶσαν
1313 4423 1412 4494 τὴν
1428 4423 1651 4494 ὀφειλὴν
1671 4423 1872 4494 ὲκείνηι

1994 4428 2163 4484 Serve
2200 4443 2452 4498 nequam,
2489 4442 2651 4483 omne
2675 4428 2910 4484 debitum
2952 4428 3131 4486 dimisi
3176 4429 3287 4493 tibi,
3316 4431 3568 4501 quoniam

296 4517 497 4587 ἀφῆκά
551 4533 656 4581 σοι,
713 4517 836 4569 ἐπεὶ
884 4515 1263 4588 παρεκάλεσάς
1296 4534 1364 4588 με
1388 4533 1401 4546 ⁸
1432 4516 1533 4570 οὐκ
1562 4516 1672 4570 ἔδει
1698 4519 1793 4571 καὶ
1825 4518 1884 4571 σὲ
1988 4520 2189 4592 rogasti
2238 4534 2324 4575 me

295 4607 528 4676 ἐλεῆσαι
572 4605 664 4659 τὸν
701 4604 991 4660 σύνδουλόν
1046 4622 1142 4660 σου
1170 4605 1246 4670 ὼς
1281 4606 1436 4676 κάγώ
1483 4623 1541 4660 σε
1572 4605 1812 4678 meque;
1862 4627 1880 4658 ι

2368 4536 2383 4574 :
2436 4534 2615 4576 nonne
2662 4535 2790 4590 ergo
2833 4522 3070 4591 oportuit
3114 4533 3171 4578 et
3214 4531 3265 4577 te
3325 4522 3569 4579 misereri

1989 4611 2234 4666 conservi
2269 4609 2368 4677 tui,
2402 4620 2458 4685 ut
2485 4625 2584 4681 ego
2619 4610 2691 4664 tui
2727 4611 2984 4667 misertus
3018 4611 3175 4666 sum?
3210 4630 3228 4663 ι
3271 4610 3567 4667 Considera

296 4698 506 4752 Σκόπει
540 4715 632 4768 μοι
664 4696 898 4751 ἐνταῦθα
928 4696 1023 4750 τοῦ
1061 4697 1325 4768 βασιλέως
1360 4699 1772 4771 φιλανθρωπίας
1808 4699 1872 4753 δι·

1987 4702 2077 4758 hic
2131 4702 2261 4757 mihi
2323 4705 2465 4774 regis
2518 4701 2784 4772 justitiam
2845 4717 2910 4757 ex
2973 4718 3126 4773 inquo
3184 4703 3568 4758 misericordia:

298 4790 605 4861 καιοσύνην
643 4789 960 4860 ἰσόρροπον.
990 4790 1102 4844 Καὶ
1137 4789 1346 4860 ταύτην
1376 4791 1478 4843 οὐκ
1526 4793 1736 4862 ἀκριτὶ,
1766 4791 1883 4846 ἀλλ’

302 4882 531 4950 ἀγαγὼν
585 4881 682 4935 ἐπὶ
738 4881 984 4953 βήματος
1037 4881 1130 4934 τὸν
1168 4882 1490 4950 μαστιγίαν,
1543 4886 1636 4936 καὶ
1688 4884 1881 4938 τοῦτον

297 4974 554 5045 ἐλέγξας,
579 4976 677 5029 καὶ
705 4974 1116 5044 ἀναπολόγητον
1154 4972 1429 5046 δεδειχὼς,
1456 4953 1882 5041 καιδικαιωθεὶς

297 5071 362 5121 ἐν
387 5069 502 5131 τοῖς
549 5066 734 5136 λόγοις
769 5066 960 5130 αὐτοῦ,
992 5068 1089 5119 καὶ
1112 5064 1345 5135 νικήσας
1378 5066 1436 5117 ἐν
1456 5065 1533 5134 τῷ
1576 5066 1882 5136 κρίνεσθαι,

296 5156 337 5235 ᾖ
366 5176 534 5230 φησιν
574 5164 603 5211 ό
660 5157 843 5225 Δαὸὶδ,
878 5157 1133 5229 ἐπιφέρει
1192 5155 1288 5227 τὴν
1335 5156 1552 5210 δικαίαν
1583 5157 1882 5226 ἀπόφασιν.

372 5295 419 5327 ³³
443 5292 580 5349 Luc.
610 5262 699 5357 ἓν,
726 5291 814 5347 10.
871 5291 940 5324 ’²⁶
961 5291 1104 5347 Psal.
1131 5309 1183 5358 ι,
1208 5292 1264 5352 9,

1990 4797 2396 4866 respondentem
2433 4804 2594 4865 atque
2638 4796 2913 4851 libratam.
2962 4795 3111 4850 Hanc
3143 4796 3278 4849 adeo
3312 4809 3416 4849 non
3451 4794 3568 4849 sine

1987 4887 2193 4957 judicio
2222 4896 2460 4953 exercet,
2491 4888 2585 4942 sed
2618 4886 2968 4942 verberonem
3005 4884 3155 4939 illum
3190 4886 3243 4938 in
3272 4888 3360 4955 jus
3390 4896 3565 4951 vocat,

1993 4989 2047 5035 ct
2087 4981 2260 5049 ipsum
2306 4980 2505 5048 arguit,
2536 4987 2591 5036 et
2627 4979 2831 5035 nullam
2872 4979 3092 5035 obtendi
3140 4994 3297 5046 posse
3340 4994 3567 5035 excusa-

1962 5062 2192 5127 ‘tionem
2226 5074 2495 5139 ostendit;
2533 5084 2585 5128 et
2613 5074 2943 5143 justiticatus
2975 5072 3029 5128 in
3060 5073 3403 5128 sermonibus
3433 5075 3567 5137 suis,

1995 5172 2049 5216 et
2075 5164 2295 5219 vincens
2323 5164 2376 5219 in
2400 5163 2712 5233 iudicando,
2740 5173 2795 5216 ιιι
2826 5163 3064 5233 loquitur
3089 5162 3257 5218 David
3274 5166 3339 5230 "’,
3364 5164 3564 5235 justam

1544 5388 1862 5451 Francisci
1896 5391 2107 5452 Scorsi
2149 5398 2334 5454 notua.

374 5513 490 5583 (40)
532 5511 838 5587 Velocibtts.
857 5512 1062 5587 Alludit
1090 5515 1153 5587 ad
1194 5513 1319 5567 illud
1348 5512 1714 5581 Homericum,
1742 5517 1884 5587 quod

294 5587 355 5640 in
393 5584 772 5655 proverbiunr
797 5586 1006 5655 videtur
1032 5586 1249 5650 abiisse,
1279 5589 1591 5655 κραιπνοῖσι
1637 5584 1879 5641 πόδεσσι.

294 5652 467 5729 ιιιιιὶρ.-
490 5673 543 5725 χ.
581 5652 1235 5729 Πηλείδη-ς.δ”.ὲπόρουσε
1260 5652 1386 5707 ποσὶ
1434 5662 1746 5729 κραιπνοῖσι
1782 5674 1882 5710 πε-

299 5724 535 5793 ποιθώς,
565 5736 619 5780 et
652 5725 780 5776 alibi
816 5724 949 5777 ιιοσὶ
978 5728 1291 5795 κραιπνοῖσι
1320 5724 1629 5794 μετασπών.

630 5818 902 5882 ΡΑτιιοι..
951 5820 1068 5883 (in.
1123 5821 1406 5886 CXXXII.

2066 5520 2177 5589 (Η)
2215 5519 2268 5574 Μ
2275 5520 2459 5574 iserico
2469 5519 2658 5589 rdiam.

2067 5586 2197 5661 'ap'
2228 5589 2477 5661 ὴλέηται,
2497 5588 2615 5658 ἅμα
2646 5587 2908 5658 τέθνηκεν
2938 5589 2971 5659 ἡ
3000 5586 3181 5657 χάρις.

1990 5654 2487 5729 Ξειιιιέἰιιεὶηῐοεει·
2517 5654 2582 5714 ex
2612 5654 2808 5713 vetere'
2846 5654 3034 5727 poeta,
3055 5654 3163 5727 quo
3196 5669 3345 5729 quas:
3366 5654 3581 5729 Aadagio

1996 5733 2163 5785 utitur
2212 5725 2421 5799 auctor,
2469 5743 2589 5786 cum
2642 5725 2933 5801 praemittat
2967 5725 3113 5782 κατὰ
3151 5725 3578 5797 τὸλεγόμενον.

3138 5821 3176 5886 6
