3990 6202
340 274 444 339 175

1550 263 2039 326 THEOPHANIS
2079 263 2426 324 CERAMEI

3501 255 3615 322 176

343 385 760 455 abditarumque
783 378 1086 438 doctrinam
1115 375 1464 445 inspiciamus
1491 384 1720 439 attente,
1748 375 1938 431 distin-

2047 372 2152 446 πὴν
2182 372 2278 427 τοῦ
2325 369 2608 442 βασιλικοῦ
2647 370 2930 442 σκήπτρου
2981 369 3296 439 ποιούμενοι
3324 369 3424 434 τὰς
3456 372 3625 442 εύαγο

339 486 536 548 cteque
583 473 956 544 explicemus,
1003 481 1234 538 eamque
1286 467 1453 537 regali
1508 476 1724 538 sceptro
1770 470 1925 539 quasi

340 570 658 624 comitatum
699 576 1060 633 pompamque
1107 560 1519 630 praemittamus.
1554 560 1699 615 Dixit
1742 562 1927 616 Domi-

340 674 443 714 nus
476 675 491 713 :
531 676 549 709 ι
584 653 753 710 Nemo
783 653 1031 707 ascendit
1062 650 1115 703 in
1146 649 1369 715 coelum,
1395 648 1496 704 nisi
1525 650 1616 720 qui
1652 650 1931 706 descendit

341 748 410 802 de
464 744 636 809 coelo,
682 740 855 797 Filius
906 737 1177 803 bomiuis,
1221 737 1315 807 qui
1368 746 1456 794 eat
1508 737 1562 791 in
1622 736 1849 793 cisio“.
1907 756 1924 788 ι

341 836 619 907 Principio
654 831 1052 904 exquirendum
1087 839 1191 893 est,
1225 828 1352 899 quid
1389 827 1695 893 Dominum,
1728 840 1781 881 ut
1818 828 1932 883 lucc

342 930 685 1001 loqueretur,
744 926 1060 981 adduxerit.
1117 924 1359 980 Praesens
1425 923 1622 993 quippe
1686 922 1932 978 lectionis

340 1021 667 1091 evangelicae
699 1035 911 1077 smnma
951 1034 1141 1074 eorum
1182 1019 1342 1074 modo
1379 1015 1780 1078 commeminit,
1814 1028 1933 1081 quae

343 1116 415 1170 ad
443 1113 670 1185 hujusce
698 1112 806 1167 diei
842 1110 1117 1181 pertinent
1143 1108 1543 1173 celebritatem,
1570 1106 1930 1176 praecedentia

344 1218 476 1259 vero
538 1201 778 1258 reticuit.
829 1199 1059 1268 Quando
1114 1199 1280 1270 igitur
1335 1199 1407 1253 ad
1463 1196 1749 1252 Dominum
1807 1198 1939 1252 adiit

345 1306 646 1353 nocturnus
682 1296 772 1352 ille
811 1296 1110 1366 discipulus
1143 1293 1515 1365 (Nicodemum
1555 1292 1705 1347 illum
1739 1291 1935 1347 Phari-

345 1404 518 1448 smum
560 1388 720 1459 plane
747 1388 1052 1460 intelligis),
1081 1386 1490 1459 generationem
1534 1399 1653 1455 quat
1694 1386 1759 1440 de
1799 1383 1935 1440 coelo

344 1491 426 1536 est
448 1480 754 1550 explicante
783 1478 1032 1552 Domino,
1057 1477 1147 1534 ille
1168 1476 1405 1532 Judaicre
1430 1477 1595 1533 etiam
1626 1485 1738 1531 tum
1771 1477 1937 1532 hebe-

347 1572 547 1627 tmliuis
591 1575 863 1644 particeps
906 1574 958 1628 in
1006 1584 1312 1629 maternum
1359 1581 1569 1626 uterum
1611 1571 1938 1640 cogitatione

352 1665 701 1732 trahebatur,
737 1666 1123 1737 carnalemque
1162 1665 1571 1736 generationem
1614 1678 1774 1720 sensu
1816 1663 1938 1718 ani-

2037 465 2263 535 γελικὰς
2293 463 2663 534 ἐκφαντορίας
2722 464 3211 535 περιαθρήσωμεν.
3257 457 3425 517 Εἶπεν
3449 466 3478 518 ὁ
3511 465 3597 518 Κύ
3618 496 3629 505 -

2040 571 2184 629 ριοςο
2228 576 2247 609 r
2287 556 2479 619 Οὐδεὶς
2510 554 2853 625 ἀναϐέϐηκεν
2882 559 2960 619 εἰς
2990 558 3081 608 τὶν
3113 556 3363 626 οὐρανὸν,
3411 558 3459 609 εί
3486 557 3564 627 μὴ
3598 559 3629 611 ὁ

2036 634 2102 705 ἐκ
2134 650 2229 705 τοῦ
2259 650 2494 722 οὐρανοῦ
2522 648 2770 713 καταϐὰς
2801 651 2829 702 ό
2864 650 2990 711 Υἱὸς
3021 649 3115 701 τοῦ
3153 646 3470 719 ἀνθρώπου,
3493 654 3519 704 ὁ
3550 651 3627 703 ὣν

2038 746 2097 797 ὲν
2120 744 2198 815 τῷ
2228 742 2466 815 οὐρανῷ.
2512 761 2531 794 ι
2570 742 2848 813 Προσήκει
2911 739 3188 805 ἐξετάζειν
3243 743 3532 811 πρότερον,
3575 742 3631 794 τί

2037 835 2099 889 τὸ
2135 836 2572 905 παρασκευάσαν
2602 832 2697 887 τὸν
2730 832 2935 903 Κύριον
2966 833 3142 886 ταῦτα
3174 836 3372 888 εἰπεῖν.
3422 833 3485 887 ἹΙ
3516 834 3629 904 γάρ

2042 925 2296 996 παροῦσα
2366 925 2643 999 περικοπὴ
2701 925 2799 993 τῆς
2842 923 3207 995 εὐαγγελικῆς
3266 925 3633 992 ἀναγνώσεως

2046 1018 2208 1089 μόνον
2244 1019 2649 1090 ἔπιμνησθεῖσα
2675 1021 2785 1072 τῶν
2822 1019 3221 1073 συντεινόντων
3247 1019 3385 1088 πρὸς
3411 1018 3500 1071 τὸν
3528 1018 3633 1085 τῆς

2042 1109 2265 1183 ἡμέρας
2289 1111 2516 1177 σκοπὸν,
2548 1112 2610 1165 τὸ
2635 1111 2909 1180 προλαϐὸν
2941 1110 3311 1181 σεσιώπηκεν.
3358 1110 3634 1179 ὐττηνὲκα

2040 1204 2220 1258 τοίνυν
2253 1208 2481 1274 ἀφίκετο
2501 1207 2635 1276 πρὸς
2661 1208 2754 1259 τὸν
2779 1205 2983 1281 ιςύριον
3016 1207 3223 1267 ἐκεῖνος
3253 1206 3280 1256 ό
3313 1205 3633 1272 νυκτερινδς

2046 1296 2294 1369 μαθητὴς
2322 1298 2499 1369 (νοεῖς
2518 1298 2574 1352 δὲ
2608 1297 2826 1361 πάντως
2847 1299 2936 1351 τὸν
2961 1298 3257 1366 Φαρισαῖον
3293 1293 3631 1366 Νικόδημον)

2040 1387 2137 1441 τοῦ
2162 1376 2413 1459 Σωτῆρος
2438 1390 2785 1451 διδάσκοντος
2816 1388 2915 1459 τὴν
2945 1388 3155 1444 ἄνωθεν
3180 1388 3460 1456 γέννησιν,
3491 1389 3637 1439 ὲκεί-
3686 1377 3692 1381 ⁴

2049 1499 2163 1547 νος,
2198 1481 2278 1534 ἔτι
2311 1479 2610 1550 Ἰουδαϊκῆς
2633 1483 2878 1552 μετέχων
2918 1480 3256 1551 παχύτητος,
3282 1480 3415 1548 πρδς
3452 1478 3543 1530 τὸν
3574 1480 3635 1531 ὲν

2048 1577 2230 1645 μήτρα
2269 1574 2471 1627 κόλπον
2511 1577 2622 1637 τοῖς
2673 1574 2957 1643 λογισμοῖς
2991 1572 3328 1642 κατεσύρετο
3360 1570 3637 1641 σαρκιχὴν

2045 1664 2457 1736 φανταζόμενος
2490 1665 2770 1736 γέννησιν.
2823 1667 2914 1736 Τῷ
2942 1666 3052 1736 γὰρ
3080 1665 3272 1735 ὑψηλῷ
3304 1664 3397 1718 τοῦ
3429 1666 3641 1735 δόγμα-

350 1768 548 1825 meque
605 1755 863 1825 tingebat.
923 1755 1058 1812 Cum
1119 1756 1310 1826 itaque
1366 1771 1491 1811 eum
1553 1764 1661 1809 tam
1718 1753 1939 1808 sublimi

2047 1775 2138 1822 τος
2198 1760 2259 1812 οὐ
2312 1761 2453 1812 πάνυ
2511 1758 2837 1831 πειθόμενον
2869 1758 2992 1812 ἰδὼν
3020 1761 3046 1812 ὁ
3096 1760 3289 1830 Σωτήρ
3314 1775 3326 1787 ’
3366 1778 3384 1809 ι
3418 1760 3637 1823 Οὐδεὶς,

347 1845 608 1902 doctrina:
658 1861 761 1901 non
812 1845 1062 1902 assentiri
1113 1847 1376 1902 Dominus
1423 1844 1878 1900 animadverteret
1925 1863 1939 1900 :

354 1952 372 1985 ι
437 1935 641 2000 Nemo,
690 1935 899 2006 inquit,
956 1936 1199 2000 ascendit
1262 1935 1315 1990 in
1385 1934 1620 2001 caelum,
1678 1935 1780 1990 nisi
1845 1935 1939 2003 qui

349 2027 628 2084 descendit
670 2028 738 2082 de
802 2028 963 2083 cor-lo.
1006 2047 1026 2080 ι
1079 2026 1307 2083 Perinde
1353 2042 1418 2081 ac
1477 2028 1520 2082 si
1565 2029 1768 2081 diceret
1807 2043 1822 2081 :
1866 2024 1945 2081 Tu

346 2120 589 2191 quidem,
620 2119 938 2186 Nicodetne,
959 2121 1233 2177 cmlestem
1256 2120 1397 2176 hanc
1426 2137 1530 2176 non
1562 2121 1711 2190 capis
1744 2120 1946 2175 instru-

349 2211 614 2278 ctionem,
644 2228 704 2266 ac
736 2212 878 2267 forte
918 2213 1159 2268 humano
1193 2212 1503 2267 testimOuio
1539 2211 1779 2282 postulas
1806 2212 1945 2266 dicta

350 2302 663 2359 conﬁrmari
712 2321 727 2358 :
776 2306 868 2360 sed
925 2328 947 2355 ο
994 2319 1153 2358 nemo
1194 2305 1435 2359 ascendit
1475 2305 1525 2357 in
1568 2302 1782 2370 cmlmn,
1823 2323 1841 2355 ι
1890 2313 1947 2358 ιιι

350 2394 468 2449 haec
491 2395 749 2458 disceret,
788 2412 807 2446 ι
849 2395 950 2449 nisi
981 2395 1072 2465 qui
1103 2394 1379 2449 descendit
1412 2399 1475 2449 de
1503 2395 1662 2461 coelo,
1700 2414 1718 2446 ι
1759 2397 1852 2466 qui
1884 2410 1948 2450 ea

353 2500 472 2554 qua:
502 2486 575 2540 ibi
607 2499 729 2540 sum
751 2526 764 2547 .
823 2486 1105 2557 perSpicue
1150 2500 1214 2541 ac
1245 2496 1393 2541 certe
1430 2487 1725 2557 explanare
1758 2489 1940 2554 novit,

361 2596 380 2629 ι
417 2576 590 2634 Filius
619 2577 878 2640 hominis,
906 2578 999 2648 qui
1026 2588 1111 2633 est
1140 2578 1194 2632 in
1225 2577 1385 2634 casio.
1424 2596 1443 2631 ›

341 2674 351 2683 ”
427 2673 497 2724 At
531 2671 764 2727 fortasse
795 2670 919 2741 quis
952 2669 1190 2726 dixerit:
1225 2669 1474 2725 Nondum
1518 2685 1642 2726 cum
1668 2683 1944 2740 assumpta

359 2772 554 2819 natura
584 2778 839 2818 reversus
861 2762 914 2817 in
943 2761 1136 2819 emtum
1170 2761 1346 2817 fuerat
1366 2762 1651 2830 Dominus,
1671 2778 1797 2818 eum
1827 2764 1944 2818 haec

359 2851 591 2919 dicebat,
623 2867 793 2922 quare
837 2851 1000 2906 etiam
1044 2861 1328 2921 p05tquam
1376 2852 1569 2907 revixit
1611 2869 1641 2907 a
1691 2857 1944 2921 mortuis,

362 2943 600 2997 divinam
653 2941 1026 3012 Magdalenam
1083 2942 1377 3012 prohibens
1427 2957 1456 2996 a
1517 2943 1599 2997 sui
1653 2954 1941 3012 contactu,

362 3052 593 3107 eamque
627 3036 886 3107 apostolis
920 3037 1166 3091 nuntiam
1203 3036 1443 3105 allegans
1477 3037 1546 3092 ita
1579 3037 1655 3092 ait
1684 3055 1698 3093 :
1737 3056 1757 3090 ι
1795 3038 1942 3094 Nou-

356 3126 485 3181 dum
528 3124 674 3179 enim
716 3123 933 3179 aseendi
961 3127 1029 3179 ad
1070 3124 1279 3178 Patrem
1313 3142 1490 3180 meum
1513 3128 1615 3181 ³⁸.»
1658 3127 1944 3194 Quomodo

365 3218 525 3287 igitur
571 3214 659 3270 hic
703 3216 909 3270 nullum
952 3217 1267 3272 ascendisse
1314 3216 1443 3271 dicit
1484 3219 1534 3272 in
1582 3220 1805 3286 ccelum,
1843 3222 1944 3277 nisi

358 3308 505 3361 illum
545 3306 740 3376 ipsum,
769 3305 859 3377 qui
895 3308 946 3361 in
982 3317 1180 3361 terram
1214 3321 1245 3360 e
1278 3307 1416 3361 caelo
1450 3311 1707 3364 venerat?
1744 3310 1944 3382 Dogma

358 3398 601 3470 profecto
633 3397 720 3454 bic
749 3399 987 3454 insinuat
1018 3398 1305 3455 iuellabilis
1336 3400 1553 3456 unionis
1582 3403 1749 3458 divini
1778 3402 1944 3459 Verbi

357 3507 478 3546 cum
516 3501 702 3546 nostra
744 3500 960 3545 natura.
994 3488 1128 3547 Cum
1173 3492 1316 3546 enim
1358 3502 1544 3548 essent
1584 3493 1705 3549 dua:
1743 3504 1949 3552 natura:

359 3586 414 3638 iu
467 3599 629 3638 unam
684 3583 1017 3655 hypostasim
1066 3584 1349 3638 inconfuse
1400 3586 1731 3655 conjunctae,
1778 3588 1947 3645 altera

358 3685 482 3740 quae
532 3671 758 3726 alterius
806 3680 934 3726 sunt
980 3670 1355 3741 participavit,
1389 3681 1448 3726 ut
1487 3672 1589 3743 15
1637 3684 1946 3730 naturarum

361 3763 741 3832 proprietates.
776 3762 890 3834 (44)
947 3766 1013 3816 de
1069 3779 1173 3817 uno
1230 3764 1529 3834 eodemque
1582 3768 1948 3823 communiter

359 3853 463 3907 dici
505 3853 733 3922 possint.
763 3852 895 3907 Cum
941 3853 1106 3923 igitur
1151 3852 1308 3907 audis
1345 3854 1396 3907 in
1441 3854 1636 3910 coelum
1680 3858 1946 3913 neminem

358 3942 686 4008 ascendisse,
716 3941 817 3996 nisi
847 3956 969 3996 eum
998 3943 1088 4011 qui
1122 3942 1188 3997 de
1216 3942 1360 3998 caelo
1386 3943 1760 4013 descenderat,
1784 3945 1945 4003 Verbi

359 4030 692 4087 divinitatem
739 4032 1017 4104 intellige;
1066 4033 1185 4088 ideo
1230 4035 1373 4088 enim
1415 4038 1673 4095 continuo
1712 4039 1946 4108 addidit,

364 4143 383 4176 ι
422 4127 511 4196 qui
570 4134 655 4180 est
711 4126 763 4181 in
809 4126 949 4181 etelo
992 4142 1007 4180 :
1063 4143 1081 4178 ι
1129 4126 1348 4181 stultqu
1392 4129 1589 4197 quippe
1636 4139 1721 4185 est
1763 4132 1836 4186 ita
1881 4139 1948 4186 de

358 4232 522 4274 carne
554 4218 826 4288 cogitare,
852 4217 1007 4287 quasi
1037 4231 1098 4272 ea
1131 4218 1183 4271 in
1214 4218 1357 4272 coelo
1382 4221 1651 4274 exstiterit
1681 4220 1948 4290 simulque

359 4323 480 4363 eum
500 4308 797 4364 Nicodemo
813 4308 1150 4373 disseruerit,
1182 4323 1306 4364 eum
1334 4310 1529 4365 trinam
1557 4311 1946 4368 dimensionem

2052 1849 2241 1917 φησιν,
2273 1848 2619 1919 ἀναϐέϐηκεν
2648 1850 2727 1913 εἰς
2761 1849 2852 1902 τὸν
2882 1849 3137 1919 οὐρανὶν,
3183 1850 3229 1902 εἰ
3265 1850 3338 1920 μὴ
3369 1852 3397 1903 δ
3434 1851 3498 1902 ὲκ
3539 1848 3637 1903 τοῦ

2050 1940 2285 2010 ούρανοῦ
2347 1941 2617 2007 καταϐὰς,
2659 1960 2676 1994 ι
2710 1940 2911 1993 ὡσανεὶ
2966 1940 3142 2011 λέγων
3164 1958 3176 1970 ·
3207 1941 3278 1994 Σὺ
3317 1943 3437 2011 μὲν,
3470 1942 3641 1995 Νικό-

2046 2030 2209 2101 δημε,
2256 2031 2511 2101 οὐρανίου
2570 2032 2967 2102 μυσταγωγίας
3011 2032 3392 2105 ἀπαράδεκτος
3445 2027 3516 2094 εἴ,
3545 2034 3642 2086 ἀν·-

2049 2120 2326 2191 θρωπίνην
2357 2122 2665 2193 μαρτυρίαν
2712 2122 2823 2174 τῶν
2876 2121 3190 2191 λεγομένων
3246 2123 3380 2184 ἴσως
3410 2120 3594 2191 ζητῶν
3618 2139 3634 2152 θ

2048 2213 2162 2266 ἀλλ’
2202 2231 2221 2267 ι
2263 2214 2451 2275 Οὐδεὶς
2484 2213 2829 2286 ἀναϐέϐηκεν
2868 2215 2949 2278 εἰς
3006 2214 3099 2266 τὸν
3140 2214 3392 2288 οὐρανὸν,
3437 2234 3455 2265 ι
3492 2213 3637 2267 om

2045 2304 2222 2358 ταῦτα
2268 2304 2555 2376 μυηθῆναι
2611 2306 2795 2372 αὐτὸν,
2851 2323 2870 2358 t
2911 2308 2958 2360 εί
2991 2308 3066 2378 μὴ
3116 2309 3144 2360 ὁ
3174 2308 3237 2360 ὲκ
3268 2306 3361 2361 τοῦ
3400 2305 3636 2377 ούρανοῦ

2049 2402 2317 2468 καταϐὰς,
2355 2420 2373 2454 ι
2429 2401 2523 2455 καὶ
2573 2400 2918 2471 δογματίζων
2974 2399 3187 2453 τάκεῖθι
3251 2398 3499 2472 τρανῶς,
3558 2420 3576 2451 ι
3609 2403 3637 2454 ὁ

2051 2493 2178 2558 Υἱὸς
2208 2492 2301 2546 τοῦ
2337 2493 2653 2563 ἀνθρώπου,
2683 2495 2708 2546 ό
2738 2492 2815 2555 ῶν
2845 2495 2901 2547 ὲν
2934 2492 3012 2562 τῷ
3045 2491 3283 2564 οὐρανῷ.
3324 2511 3342 2544 ι

2124 2649 2319 2704 Καίτοι
2352 2650 2488 2720 φαίη
2527 2667 2612 2714 τις
2639 2650 2704 2705 ἄν
2726 2661 2741 2678 ⁶
2765 2647 2934 2703 Obrue
2966 2648 3101 2719 πρὸς
3120 2650 3386 2720 οὐρανοὺς
3414 2651 3639 2719 ἀναφοι-

2046 2742 2217 2813 τὴσας
2244 2737 2314 2812 ἦν
2344 2743 2484 2812 μετά
2517 2742 2609 2796 τοῦ
2640 2742 3075 2813 πῳσλήμματος
3105 2743 3193 2795 ὅτε
3235 2742 3410 2796 ταῦτα
3440 2742 3640 2812 ἐφθέγ-

2047 2850 2195 2903 γετο,
2257 2835 2392 2888 ὅπου
2445 2835 2540 2888 καὶ
2597 2834 2739 2903 μετὰ
2791 2838 2894 2903 τὴν
2947 2838 3012 2888 ὲκ
3068 2835 3281 2904 νεκρῶν
3336 2835 3640 2890 ἀναϐίωσιν

2046 2925 2326 2995 ἁπείργων
2356 2925 2739 2995 ἐπιθιγγάνειν
2771 2926 2921 2998 αὐτῷ
2974 2927 3074 2999 τὴν
3116 2926 3378 2997 θεοφόρον
3408 2927 3641 2994 Μαγδα-

2045 3017 2231 3088 ληνὴν,
2265 3019 2361 3072 καὶ
2392 3020 2631 3089 πέμπων
2655 3019 2828 3090 αὐτὴν
2876 3021 2991 3083 τοῖς
3036 3019 3356 3081 ἀποστόλοις
3398 3020 3639 3073 ἀπόστο-

1970 3089 2013 3147 c
2047 3109 2157 3174 λον,
2196 3107 2339 3162 οὕτω
2371 3110 2534 3178 φησίν
2558 3126 2570 3139 ·
2607 3130 2623 3161 ι
2667 3089 2837 3163 Οὗττω
2863 3109 2974 3179 γὰρ
3012 3109 3332 3180 ἀναϐέϐηκα
3380 3110 3513 3181 πρὸς
3539 3112 3635 3164 τὸν

2051 3201 2272 3273 Πατέρα
2298 3218 2453 3270 μου.»
2486 3201 2608 3265 Πῶς
2627 3200 2720 3255 οὖν
2748 3202 2983 3258 ἐνταῦθα
3008 3218 3163 3274 φησι,
3205 3202 3409 3271 μηδενά
3436 3203 3639 3255 ἀναϐε-

2049 3293 2275 3364 ϐηκέναι
2301 3295 2379 3356 εἰς
2415 3295 2505 3347 τὸν
2534 3295 2787 3365 οὐρανὸν,
2810 3296 2858 3347 εξ
2895 3293 2971 3365 μὴ
3011 3296 3218 3356 ἐκεῖνον
3244 3295 3411 3346 αὑτὸν
3446 3294 3541 3347 τὸν
3573 3296 3634 3347 ὲν

2049 3386 2115 3454 τῇ
2137 3388 2207 3455 γῇ
2234 3385 2532 3455 οὐρανόθεν
2555 3387 2892 3457 φοιτήσαντα
2915 3403 2930 3452 ;
2961 3386 3151 3454 Δόγμα
3182 3384 3411 3439 ἐνταῦθα
3437 3387 3641 3456 ἐμφαί-

2049 3495 2131 3531 νει
2158 3479 2257 3549 τῆς
2280 3480 2526 3550 ἀρρήτου
2557 3479 2693 3551 πρὸς
2717 3480 2864 3550 ἡμᾶς
2880 3478 2973 3532 τοῦ
3001 3479 3138 3532 Θεοῦ
3162 3480 3340 3546 Λόγου
3362 3479 3636 3545 ὲνώσεως,

2048 3576 2197 3638 ὅπως
2241 3575 2349 3628 τῶν
2395 3574 2489 3628 δύο
2519 3573 2735 3644 φύσεων
2770 3574 3030 3644 ἀφύρτως
3059 3572 3364 3627 ὲνωθεισῶν
3396 3576 3478 3637 εις
3503 3576 3637 3644 μίαν

2052 3665 2370 3728 ὑπόστασιν,
2406 3664 2616 3737 θατέρα
2644 3664 2880 3735 θατέρας
2906 3664 3254 3734 μετείληφεν,
3288 3664 3361 3726 ὡς
3391 3665 3637 3717 κοινολοο

2049 3756 2263 3825 γεῖαθαι
2282 3758 2349 3810 τὰ
2381 3757 2490 3810 τῶν
2519 3757 2737 3827 φύσεων
2770 3756 3057 3826 ἰδιώματα.
3088 3758 3258 3809 Ὅταν
3281 3752 3374 3810 οὖν
3404 3756 3633 3828 ἀκούῃς*

2055 3866 2072 3897 ι
2112 3848 2300 3908 Ούδεὶς
2328 3848 2670 3919 ἀναϐέϐηκεν
2696 3850 2774 3911 εἰς
2798 3848 2891 3900 τὸν
2920 3847 3167 3918 οὐρανὸν,
3195 3850 3246 3901 εἰ
3280 3849 3355 3919 μὴ
3389 3849 3419 3902 ὁ
3440 3849 3507 3901 ἐκ
3536 3846 3635 3902 τοῦ

2048 3938 2278 4011 ούρανοῦ
2304 3924 2569 4004 καταϐὰς,
2611 3958 2629 3991 ι
2670 3940 2770 4011 τὴν
2796 3940 2890 3993 τοῦ
2924 3941 3099 4009 Λόγου
3130 3940 3366 4011 θεότητα
3399 3940 3594 4011 νόησον
3616 3955 3631 3971 ·

2048 4031 2137 4084 διὰ
2165 4030 2323 4085 τοῦτο
2352 4031 2461 4102 γὰρ
2499 4033 2750 4104 ἐπήγαγε
2779 4032 2929 4103 μάλα
2948 4031 3188 4102 γοργῶς,
3236 4051 3254 4082 ι
3290 4034 3318 4083 δ
3346 4029 3422 4084 ὢν
3465 4034 3524 4084 ὲν
3555 4031 3636 4103 τῷ

2049 4125 2266 4195 οὐρανῷ
2289 4142 2301 4155 ·
2342 4144 2360 4176 ι
2398 4124 2595 4195 εὔηθες
2622 4125 2732 4195 γὰρ
2762 4128 2891 4196 περὶ
2918 4127 3019 4195 τῆς
3052 4126 3256 4196 σαρκὸς
3291 4124 3419 4195 τῇδε
3467 4128 3633 4190 νοεῖν,

2047 4217 2121 4279 ὡς
2182 4219 2239 4268 ὲν
2268 4216 2483 4286 οὐρανῷ
2514 4233 2572 4270 τε
2598 4212 2689 4286 ἦν,
2719 4217 2813 4269 καὶ
2864 4214 2942 4286 τῷ
2969 4216 3269 4285 Νικοδήμῳ
3305 4214 3632 4284 ἐφθέγγετο,

2048 4309 2212 4378 τριχῆ
2237 4307 2483 4376 φυσικῶς
2515 4306 2746 4377 ἐχούσης
2776 4306 3082 4368 διάστασιν,
3119 4303 3215 4356 καὶ
3245 4303 3344 4376 τὴν
3374 4304 3432 4355 ὲν
3480 4305 3635 4375 τόπῳ

360 4408 416 4454 et
442 4399 997 4468 circumscriptionem
1027 4400 1081 4453 in
1112 4401 1228 4454 loco
1247 4401 1565 4457 naturaliter
1615 4403 1832 4458 habeat.
1876 4404 1941 4457 At

2053 4401 2430 4469 περιγραφήν.
2486 4399 2561 4451 Τὸ
2606 4398 2663 4452 δὲ
2711 4397 2854 4468 ὑπὲρ
2879 4396 2978 4466 τῆς
3010 4396 3354 4467 ὑπεραρχίου
3379 4396 3635 4466 θεότητος

365 4502 496 4542 vero
529 4489 631 4542 hoc
660 4491 726 4543 de
754 4489 1034 4544 divinitate
1062 4490 1238 4545 omnis
1262 4502 1482 4561 experte
1512 4493 1800 4565 principii,
1827 4510 1941 4565 qua:

2049 4491 2149 4558 τῆς
2204 4491 2399 4555 ὑλικῶς
2452 4488 2622 4562 οὖσης
2674 4491 2733 4542 ὲν
2780 4488 2857 4561 τῷ
2913 4489 3078 4542 παντὶ
3111 4489 3208 4541 καὶ
3238 4488 3377 4560 ὑπὲρ
3405 4490 3467 4540 τὸ
3497 4490 3634 4555 πᾶν,

364 4587 473 4633 tota
506 4589 590 4634 est
617 4578 670 4633 in
698 4579 948 4636 omnibus
972 4589 1025 4634 et
1052 4596 1213 4651 super
1236 4584 1439 4651 omnia,
1472 4589 1692 4641 credere
1717 4603 1945 4643 consen-

364 4682 582 4727 taneum
627 4683 713 4727 est
759 4673 997 4728 maxime
1040 4675 1244 4744 pietati.
1278 4673 1419 4744 Ergo
1462 4679 1660 4732 dictum
1702 4679 1835 4734 illud
1875 4680 1945 4736 ad

364 4763 798 4835 unguentiferam
823 4762 1189 4835 Magdaleuam
1212 4785 1226 4821 :
1251 4786 1269 4819 ι
1298 4765 1542 4822 Nondum
1561 4769 1703 4824 enim
1723 4772 1943 4825 ascendi

362 4858 428 4911 ad
464 4856 675 4911 Patrem
713 4872 928 4925 meum,
965 4876 985 4911 ι
1023 4858 1355 4929 corporalem
1392 4860 1638 4929 signabat
1668 4861 1942 4916 ascensio-

365 4963 510 5002 nem.
544 4949 809 5019 Deinceps
839 4964 966 5021 ergo
998 4952 1246 5021 praedicit
1275 4966 1338 5005 ea
1370 4966 1489 5020 qua:
1518 4951 1584 5006 ad
1628 4951 1941 5007 Passionetn

364 5051 418 5094 et
467 5040 694 5094 Crucem
752 5053 1001 5110 spectant
1050 5061 1063 5097 :
1124 5062 1143 5095 ι
1196 5043 1693 5110 Quemadmodum,
1743 5044 1948 5113 inquit,

362 5130 575 5203 Mityses
610 5134 863 5188 exaltavit
910 5147 1216 5207 serpentem
1252 5138 1306 5190 in
1335 5136 1572 5201 deserto,
1606 5138 1682 5192 ita
1716 5137 1945 5193 exaltari

361 5237 576 5297 OpOIlel.
620 5225 816 5282 Filium
864 5229 1118 5286 hominis.
1158 5249 1177 5284 ι
1228 5230 1440 5286 Norunt
1485 5247 1705 5296 omnes,
1735 5233 1945 5300 opinor,

434 5341 474 5372 “
499 5342 762 5407 Juan.ttt,
791 5342 877 5398 15,
956 5343 1183 5400 "Joan:
1205 5361 1295 5411 xx,
1325 5346 1412 5401 l7.

2042 4583 2214 4645 οὕτως
2242 4581 2385 4652 ἔχειν
2419 4579 2699 4637 πιστεύειν
2731 4580 3015 4652 ἀραρότως
3043 4579 3317 4643 θεοσεϐὲς.
3343 4578 3415 4631 Τὸ
3444 4576 3633 4648 μέντοι

2044 4675 2182 4746 πρὸς
2204 4675 2301 4743 τὴν
2334 4673 2646 4744 μυροφόρον
2678 4673 2847 4744 ῥηθέν
2868 4688 2881 4702 ’
2916 4690 2933 4722 ι
2972 4669 3141 4725 Οὔπω
3169 4670 3278 4741 γὰρ
3305 4669 3633 4738 ἀναϐέϐηκα

2043 4766 2178 4836 πρὸς
2205 4765 2298 4817 τὸν
2324 4765 2542 4834 Πατέρα
2569 4781 2694 4833 μου,
2732 4781 2750 4816 ι
2786 4762 2887 4832 τὴν
2921 4763 3249 4833 σωματικὴν
3280 4761 3470 4832 ἐδήλου
3496 4763 3633 4814 ἀνά-

2043 4857 2225 4911 ϐλσιν.
2295 4854 2524 4926 Ἑφεξῆς
2572 4850 2667 4909 οὖν
2715 4855 2971 4925 προλέγει
2999 4854 3067 4907 τά
3109 4853 3240 4923 περὶ
3278 4851 3370 4905 τοῦ
3423 4851 3632 4915 παθους

2043 4950 2138 5003 καὶ
2166 4947 2258 5001 τοῦ
2287 4945 2546 5019 σταυροῦ.
2604 4964 2623 4997 ι
2667 4946 2904 5016 Ὥσπερ,
2953 4946 3110 5015 φησὶ,
3171 4943 3417 5014 Μωῡσῆς
3446 4942 3633 5013 ὓψωσε

2043 5045 2134 5097 τὸν
2165 5044 2285 5112 ὅφιν
2316 5046 2375 5096 ὲν
2398 5045 2462 5114 τῇ
2500 5043 2717 5113 ἔρημῳ,
2758 5039 2936 5101 οὕτως
2975 5038 3263 5108 ὑψωθῆναι
3282 5038 3363 5090 δεῖ
3386 5037 3483 5090 τὸν
3504 5037 3633 5090 Υἱδν

2047 5137 2141 5192 τοῦ
2173 5135 2491 5207 ἀνθρώπου.
2513 5154 2530 5185 ι
2567 5133 2753 5205 Σαφὴς
2794 5134 2892 5203 μὲν
2920 5134 3034 5195 τοῖς
3066 5132 3305 5196 πολλοῖς,
3341 5129 3418 5191 ὼς
3442 5124 3626 5199 οἶμαι,

2048 5233 2076 5284 ὁ
2114 5231 2212 5301 τῆς
2250 5227 2497 5299 ἱστορίας
2529 5226 2713 5295 λόγος,
2746 5226 2859 5278 ἀλλ’
2883 5225 2958 5289 ὼς
2987 5225 3053 5279 ἂν
3096 5222 3471 5294 εὐληπτοτέρα
3497 5221 3634 5291 ἡμῖν

1594 5448 1924 5510 Francisci
1953 5446 2164 5511 Scorsi
2197 5452 2385 5508 notua.
2704 5512 2707 5515 λ
2838 5492 2865 5513 .

426 5572 544 5643 (ιι)
590 5573 920 5630 Naturarum
979 5577 1344 5645 proprietates.
1383 5577 1940 5633 Commuuieationem

286 5644 291 5650 ’
361 5641 702 5725 idmmatum,
766 5641 1086 5725 secundum
1128 5664 1288 5725 quam
1352 5665 1474 5716 qua:
1535 5661 1664 5725 sunt
1720 5648 1939 5725 prepria

360 5718 523 5770 unius
586 5726 809 5782 naturae,
845 5720 910 5773 de
942 5721 1106 5773 altera
1162 5720 1263 5774 dici
1317 5729 1537 5786 possunt
1569 5722 1637 5776 ob
1678 5718 1939 5773 unitatem

2045 5574 2335 5645 suppositi,
2392 5575 2593 5629 diserte
2630 5571 2862 5643 explicat
2894 5570 2981 5624 hic
3010 5567 3205 5645 Pater;
3234 5563 3302 5618 de
3327 5575 3432 5633 quo
3461 5571 3637 5631 agunt

2046 5636 2639 5770 lltétilttglifcitulaSliCl
2672 5636 2793 5698 cum
2842 5649 3027 5696 sam-to
3092 5636 3323 5703 Tltoma,
3374 5649 3429 5688 ιιι
3484 5644 3631 5704 part.

2045 5728 2239 5770 tlllil’Sl.
2348 5754 2362 5770 .

2062 5728 2239 5787 luarst.
2277 5728 2362 5770 14.
