3990 6202
353 365 454 432 i3!

1744 375 2077 437 HOMILIA
2119 380 2214 440 III

3504 376 3607 439 18:2

339 480 410 532 ἓκ
448 477 560 532 τῶ)
593 477 818 549 σαρκῶν
853 478 965 533 τῶν
993 479 1175 550 ὄφεων
1206 482 1716 548 κατασκευάζουσιν
1766 487 1916 539 ἀντι-

2052 504 2153 545 ere.
2219 490 2428 546 Etenim
2484 490 2676 545 medici
2744 504 2807 544 ex
2857 504 3021 545 carne
3059 487 3367 559 scrpentina
3410 489 3603 543 veneni

341 570 663 642 ς-άρμακον.
695 568 887 633 Οὕτως
916 572 982 624 ὲκ
1012 573 1115 640 τῆς
1145 572 1351 645 θνητῆς
1391 578 1606 644 φύσεως
1638 576 1732 630 τοῦ
1751 577 1922 646 Ἀδὰμ

342 663 404 713 τὸ
461 660 593 714 ῐδιον
653 661 815 731 σῶμα
872 664 901 716 6
966 662 1064 717 τοῦ
1129 663 1266 718 Θεοῦ
1328 667 1697 740 συνεστήσατο
1753 667 1926 736 Λόγος

345 753 699 822 ἀναιρετικὸν
767 752 864 806 τοῦ
936 753 1171 811 θανάτου
1252 759 1566 829 γενόμενον.
1626 759 1686 813 Ὃ
1742 759 1925 830 μέντοι

344 842 597 910 θεολόγος
634 842 940 914 Γρηγόριος
971 846 1072 917 οὐχ
1100 847 1179 910 ὡς
1208 847 1385 902 τύπον
1426 849 1637 921 Κυρίου
1682 850 1774 904 τὸν
1801 850 1927 919 ὅφιν

341 935 620 1005 ληφθῆναι
659 952 845 1003 φησιν,
883 937 1001 989 ἀλλ’
1029 937 1106 1001 ὡς
1135 940 1449 1004 ἀντίτυπον,
1481 942 1651 995 εἰπὼν
1674 943 1925 996 ούτωσίν·

354 1027 422 1079 ὐ
449 1027 509 1079 δὲ
532 1026 774 1096 χαλκοῦς
804 1027 928 1096 ὃφις
958 1032 1233 1101 κρεμᾶται
1267 1032 1372 1103 μὲν
1393 1035 1535 1087 κατά
1567 1035 1678 1089 τῶν
1700 1035 1923 1089 δακνόν-

342 1136 453 1170 των
496 1118 702 1188 ὄφεων,
755 1118 855 1190 ούχ
905 1119 983 1184 ὡς
1016 1121 1191 1185 τύπος
1221 1122 1278 1176 δὲ
1309 1123 1406 1177 τοῦ
1443 1124 1585 1195 ὑπὲρ
1619 1125 1777 1195 ἡμῶν
1827 1142 1928 1178 πα.

344 1208 557 1273 οὖντος,
590 1209 706 1262 ἀλλ’
740 1209 817 1272 ὡς
855 1211 1169 1277 ἀντίτυπος.
1200 1213 1426 1286 Ἐπειδὴ
1479 1214 1581 1285 μὲν
1616 1214 1645 1266 6
1694 1214 1930 1286 χαλκοῦς

343 1300 477 1368 ὄφις
513 1301 729 1364 ἐκεῖνος
755 1302 865 1354 τῶν
888 1303 1154 1372 ὁμοειδῶν
1180 1304 1359 1374 ὄφεων
1386 1306 1685 1377 ἀμϐλύνων
1715 1308 1808 1361 τὸν
1847 1308 1928 1361 ίὸν

343 1391 480 1451 τοὺς
513 1390 933 1462 ἀλλοτριοειδεῖς
966 1392 1291 1465 ἀνθρώπους
1320 1396 1525 1461 ἔσωζεν
1552 1412 1568 1426 °
1604 1400 1632 1451 6
1659 1397 1717 1451 δὲ
1740 1398 1930 1468 Σωτὴρ

347 1482 510 1550 ἡμῶν
538 1482 597 1536 ὲν
622 1482 844 1554 σταυρῷ
889 1483 1132 1553 ὑψωθεὶς
1151 1530 1166 1553 ,
1198 1487 1308 1542 τῶν
1347 1487 1448 1558 μὲν
1484 1488 1782 1561 ἀλλοτρίων
1811 1490 1931 1542 δαι-

358 1573 543 1642 μόνων
567 1574 670 1643 τὴν
705 1575 861 1644 ἰσχὺν
906 1576 1239 1648 κατέρρηξε,
1269 1580 1398 1643 τοὺς
1430 1580 1488 1633 δὲ
1546 1580 1789 1643 οἰκείους
1838 1580 1934 1634 καὶ

352 1663 622 1732 ὁμοειδεῖς
646 1663 973 1734 ἀνθρώπους
1002 1664 1228 1732 ἔσωσεν,
1257 1668 1488 1733 εἰκότως
1513 1670 1676 1724 αὐτὸν
1693 1670 1931 1737 ὀΠατὴρ

347 1751 610 1820 εἰλῆφθαι
656 1769 824 1822 φησιν
859 1754 937 1819 ῶς
970 1757 1284 1811 ἀντίτυπον.
1323 1758 1479 1812 Κατά
1519 1758 1577 1812 δὲ
1626 1757 1721 1813 τὸν
1759 1758 1934 1828 σοφώ-

350 1861 519 1897 τατον
561 1843 839 1915 Μάξιμον,
882 1847 911 1899 6
952 1847 1296 1918 κρεμασθεὶς
1329 1848 1453 1917 ὄφις
1478 1849 1573 1903 τοῦ
1606 1849 1837 1905 θανάτου
1870 1846 1939 1922 ἦν
1971 1837 2015 1898 Β

352 1936 655 2006 σύμϐολον,
683 1931 745 1990 οὗ
778 1937 1034 2009 πρόξενος
1059 1941 1088 1993 6
1106 1939 1231 2009 ὄφις
1254 1940 1472 2010 ἐγένετο
1498 1956 1513 1972 ·
1538 1940 1600 1994 τὸ
1625 1941 1684 1995 δὲ
1711 1942 1937 2011 σημεῖον

363 2027 454 2097 ἐφ’
487 2021 645 2100 ᾧπερ
675 2029 951 2098 ἀνύψωτο,
987 2031 1223 2095 εἰκόνιζε
1255 2032 1347 2086 τὸν
1378 2032 1652 2104 σταυρύψ
1686 2033 1845 2103 ἡθέα
1880 2032 1938 2086 δὲ

351 2123 465 2174 τῶν
548 2120 901 2192 δακνομὲνων
961 2124 994 2192 ἡ
1063 2123 1331 2194 ὁμολογία
1386 2124 1496 2179 τῶν
1574 2126 1938 2180 πιστευόντων

357 2212 533 2265 ἐστίν.
572 2212 634 2267 '0
664 2213 854 2266 τοίνυν
881 2212 1164 2284 ὁμολογῶν
1207 2215 1531 2286 θεοπρεπῶς
1566 2218 1666 2271 τὸν
1707 2215 1938 2271 θάνατον

354 2302 452 2356 τοῦ
485 2304 749 2372 Χριστοῦ,
778 2304 893 2374 ἔχει
930 2305 1077 2378 ζωὴν
1115 2306 1362 2365 αἰώνιον.

435 2412 456 2445 ι
500 2394 692 2459 Οὖτως
716 2394 1003 2467 ὑψωθῆναι
1035 2398 1120 2451 δεῖ
1155 2401 1247 2454 τὸν
1279 2400 1412 2456 Υίδν
1438 2401 1537 2458 τοῦ
1560 2400 1878 2475 ἀνθρώπω.
1914 2419 1939 2457 ι

356 2486 460 2542 Th.
492 2487 774 2557 ὑψωθῆναι
801 2489 884 2543 δεῖ
905 2489 1000 2553 τὸν
1025 2491 1151 2547 Υἱδν
1169 2493 1265 2548 τοῦ
1294 2493 1605 2568 ἀνθρώπου,
1626 2496 1801 2550 διττὸν
1821 2496 1945 2551 ὠδί-

354 2593 447 2629 νει
477 2577 573 2630 τὸν
606 2576 730 2631 νοῦν
766 2596 780 2611 ·
811 2582 917 2652 τήν
958 2597 1017 2636 τε
1065 2585 1147 2645 είς
1189 2584 1325 2656 ὕψος
1376 2586 1825 2650 ἀνασκολόπισιν,
1875 2589 1946 2658 ἢν

354 2669 436 2720 δι’
468 2670 620 2738 ἡμᾶς
650 2673 976 2740 κατεδέξατο
998 2689 1013 2705 ο
1039 2677 1133 2729 καὶ
1157 2677 1266 2748 γὰρ
1288 2677 1418 2746 ἔδει,
1454 2679 1814 2749 ἁγιασθείσης
1845 2680 1945 2749 τῆς

359 2761 467 2831 γῆς
499 2764 608 2816 ὑπὸ
628 2765 739 2817 τῶν
764 2766 1054 2837 ἀχράντων
1080 2769 1246 2824 αὐτοῦ
1274 2770 1451 2825 ποδῶν
1472 2770 1561 2825 διὰ
1590 2771 1945 2842 βαδίσματος,

359 2852 458 2902 καὶ
481 2851 582 2922 τῆς
608 2850 889 2925 θαλάσσης
920 2856 1009 2910 διά
1044 2858 1146 2930 τῆς
1189 2860 1285 2914 ἐπὶ
1314 2860 1424 2914 τῶν
1453 2862 1716 2933 κυμάτων
1750 2862 1947 2926 πεζεύ-

363 2958 528 3008 σεως,
571 2945 911 3018 ἀγιασθῆναι
956 2951 1174 3007 καὶτὸν
1206 2953 1347 3026 ἀέρα
1368 2954 1459 3009 διὰ
1498 2958 1600 3027 τῆς
1628 2957 1684 3010 ὲν
1720 2956 1942 3029 σταυρῷ

360 3035 703 3107 ἀνυψώσεως
737 3056 752 3071 ’
791 3042 946 3114 δηλοῖ
983 3043 1041 3098 δὲ
1082 3042 1317 3117 καὶτὴν
1352 3046 1534 3117 δόξαν,
1583 3048 1651 3121 ἢν
1681 3049 1946 3119 ἐδοξάσθη

363 3126 455 3180 διὰ
498 3129 598 3185 τοῦ
649 3135 890 3206 σταυροῦ
939 3139 1080 3192 κατᾶ
1119 3138 1181 3192 τὸ
1218 3139 1581 3211 ἀνθρώπινον.
1625 3141 1715 3196 Ἐν
1752 3135 1797 3211 ᾧ
1836 3143 1945 3216 γὰρ

364 3219 511 3285 εδοξε
547 3226 977 3296 κατακριθῆναι,
1009 3231 1068 3282 ιν
1094 3230 1245 3303 αὐτῷ
1270 3234 1594 3306 κατακρίνει
1627 3234 1720 3287 τδν
1744 3251 1947 3304 κοσμο-

366 3316 637 3386 κράτορα,
668 3319 938 3390 κρείττων
965 3322 1155 3392 ὀφθεὶς
1183 3325 1294 3379 τῶν
1325 3325 1517 3380 παθῶν
1543 3326 1635 3396 ὑφ’
1669 3322 1744 3381 ὧν
1785 3327 1816 3380 6
1853 3325 1948 3380 ἄν-

369 3405 589 3515 θρωπος
637 3411 986 3515 ὲπεκράτητο
1018 3431 1032 3447 ο
1082 3416 1202 3470 τάδ’
1257 3412 1401 3487 ἦσαν
1438 3418 1585 3490 λύπη
1630 3419 1726 3472 καὶ
1761 3419 1946 3489 ἡδονή.

403 3500 478 3552 Ων
507 3502 610 3571 τὴν
646 3504 747 3573 μὲν
782 3505 976 3576 ἡδονὴν
1006 3508 1064 3561 ὲν
1093 3508 1172 3579 τῷ
1199 3507 1318 3579 ὄρει
1350 3510 1628 3581 νενίκηκε,
1659 3511 1797 3581 μήτε
1824 3512 1951 3574 τοὺς

369 3590 559 3656 λίθους
588 3596 988 3667 ἀρτοποιήσας,
1037 3600 1176 3669 μήτε
1220 3602 1281 3653 ὲν
1316 3603 1438 3665 ταῖς
1476 3601 1664 3664 ἄλλαις
1712 3602 1954 3672 συμϐου-

368 3682 518 3747 λίαις
550 3688 800 3752 πεισθεὶς
842 3690 922 3761 τῷ
970 3692 1287 3761 πειράζοντι
1315 3712 1329 3727 ο
1361 3692 1541 3764 λύπης
1594 3694 1651 3748 δὲ
1687 3697 1951 3765 κρείττων

370 3774 531 3847 ὤφθη
574 3778 779 3849 μᾶλλον
818 3780 961 3835 κατά
990 3783 1083 3838 τὸν
1106 3783 1203 3837 τοῦ
1234 3784 1443 3850 πάθους
1476 3785 1692 3857 καιρδν,
1722 3785 1818 3840 τοῦ
1857 3788 1954 3841 ἀν-

375 3868 609 3924 τιπάλου
640 3872 766 3926 κατ’
798 3872 965 3928 αὑτοῦ
996 3874 1209 3939 πάντας
1242 3877 1755 3948 ὲκπολεμώσαντος.
1813 3879 1953 3950 "po-

374 3963 539 4034 δύτης
580 3967 609 4019 6
656 3968 927 4038 μαθητὴς,
964 3969 1209 4039 φυγάδες
1258 3971 1310 4024 οἱ
1357 3972 1622 4043 μαθηταὶ,
1662 3972 1888 4044 ἔξαρνος
1925 3973 1954 4026 6

375 4055 613 4126 Πέτρος,
645 4057 916 4129 μάχαιρα,
946 4061 1041 4114 καὶ
1070 4060 1248 4132 δᾷδες,
1275 4065 1370 4115 καὶ
1397 4063 1676 4132 φάσγανα,
1704 4064 1956 4131 σιαγόνες

373 4147 772 4217 ραπιζόμεναι,
791 4152 1087 4219 πρόσωπον
1101 4154 1122 4204 ὲ
1134 4153 1502 4223 μπτυόμενον,
1519 4154 1689 4218 νῶτος
1716 4154 1956 4225 πληγαῖς

371 4238 743 4308 ἐκδιδόμενος,
789 4242 1070 4314 μάρτυρες
1116 4243 1360 4315 ψευδεῖς,
1407 4246 1693 4317 κριτήριον
1734 4245 1952 4311 ἀσεϐὲς,

374 4328 657 4398 ἀπόφασις
689 4332 927 4403 ἀπηνὴς,
960 4334 1297 4405 στρατιῶται
1343 4336 1805 4406 κατατρυφῶντες
1854 4336 1955 4404 τῆς

377 4425 713 4493 σκυθρωποῦ
739 4427 1068 4495 ἀποφάσεως
1085 4430 1142 4481 ἐν
1161 4429 1509 4499 χλευασμοῖς,
1536 4429 1631 4483 καὶ
1654 4430 1956 4499 είρωνίαις,

1976 3192 2025 3255 C

2033 581 2329 637 conficiunt
2360 581 2681 636 amulctum.
2713 577 2803 635 Sic
2836 594 2902 634 ex
2932 580 3119 634 Adauti
3161 579 3372 635 mortali
3407 588 3599 634 natura

2031 674 2310 744 proprium
2337 674 2439 728 sibi
2471 689 2670 743 corpus
2701 670 2938 727 Verbum
2986 672 3079 726 Dei
3121 672 3417 733 constituit.
3463 669 3606 740 quod

2034 767 2316 820 destruere
2372 774 2598 819 mortem
2640 764 2859 818 valeret.
2898 763 3189 834 Gregorius
3222 774 3398 817 tamen
3433 760 3614 817 Theo-

2034 856 2187 926 logus
2218 855 2329 926 (48)
2364 865 2671 925 serpentem
2712 871 2819 910 non
2855 869 2975 909 esse
3002 863 3184 924 typum
3226 851 3479 919 Domini,
3515 853 3610 908 sed

2034 951 2334 1021 autitypum
2361 948 2492 1005 dicit
2517 949 2619 1005 hoc
2648 958 2840 1019 pacto:
2870 946 3107 1014 Serpens
3134 960 3315 1000 aeneus
3342 946 3607 999 adversus

2035 1049 2346 1109 serpentum
2377 1053 2589 1093 morsus
2614 1038 2982 1106 suspenditur,
3018 1049 3125 1089 non
3153 1042 3333 1087 tamen
3366 1043 3425 1087 ut
3452 1033 3613 1087 Chri-

2038 1129 2105 1184 sti
2141 1126 2426 1198 pro.nobis
2459 1127 2603 1197 passi
2632 1136 2814 1197 typus,
2845 1138 3030 1178 verum
3062 1131 3121 1178 ut
3149 1121 3445 1191 antitypns.
3475 1120 3608 1175 Nam

2036 1218 2294 1289 quoniam
2330 1232 2515 1274 aeneus
2559 1218 2650 1274 ille
2683 1231 2909 1287 serpens
2942 1214 3201 1270 similium
3252 1213 3355 1268 sibi
3392 1227 3614 1281 sei-pen:

2038 1311 2170 1365 tium
2202 1324 2473 1365 venenum
2520 1310 2813 1364 retundens
2845 1306 3093 1361 homines
3132 1304 3360 1360 alterius
3405 1311 3614 1357 natura:

2037 1403 2275 1457 servavit
2298 1440 2313 1465 ,
2359 1401 2607 1456 Salvator
2637 1416 2768 1456 vero
2811 1410 2994 1456 noster
3028 1398 3271 1454 sublatus
3314 1398 3366 1451 in
3397 1409 3614 1451 crucem

2037 1493 2342 1549 daainonum
2372 1493 2473 1548 sibi
2516 1500 2706 1546 natura
2750 1490 3093 1547 dissimilium
3127 1498 3418 1546 conterens
3450 1486 3614 1547 vires,

2039 1585 2244 1640 similes
2291 1592 2346 1640 et
2367 1592 2626 1654 cognatos
2655 1599 2683 1636 a
2719 1590 2893 1638 morte
2944 1580 3275 1645 vindicavit,’
3304 1578 3500 1632 merito
3529 1574 3619 1630 ille

2039 1670 2204 1725 Pater
2249 1685 2374 1725 enm
2424 1679 2480 1724 ut
2535 1670 2837 1740 antitypum
2885 1668 3266 1739 accipiendum
3310 1672 3512 1721 censet.
3548 1664 3619 1716 At

2042 1776 2169 1818 vero
2200 1762 2309 1833 18
2351 1777 2419 1817 ex
2467 1765 2739 1818 sententia
2789 1759 3173 1832 sapientissimi
3212 1756 3427 1812 Maximi
3475 1754 3615 1827 (49),

2044 1867 2345 1924 suspensus
2391 1867 2618 1924 serpens
2662 1852 2858 1909 mortis
2902 1851 3205 1924 symbolum
3252 1857 3412 1914 erat,
3462 1846 3621 1918 cujus

2044 1955 2240 2002 auctor
2286 1956 2343 2002 et
2393 1954 2713 2016 procurator
2766 1944 2946 2000 fuerat
2995 1957 3254 2012 serpens;
3306 1950 3361 1994 at
3408 1938 3621 2006 signum

2045 2036 2199 2103 illud,
2239 2037 2291 2090 in
2330 2051 2439 2106 quo
2482 2043 2697 2090 erectus
2736 2040 2842 2099 est,
2872 2033 3119 2104 signabat
3163 2044 3414 2092 crucem;
3458 2039 3620 2095 porro

2046 2128 2284 2185 intuitus
2305 2141 2518 2190 eorum,
2551 2127 2643 2196 qui
2674 2124 2963 2180 commorsi
3000 2122 3234 2183 fuerant,
3281 2118 3621 2175 credentium

2046 2228 2135 2275 est
2165 2216 2461 2274 confessio.
2505 2214 2603 2283 Qui
2639 2214 2821 2284 igitur,
2856 2220 2914 2267 ut
2948 2211 3042 2267 Dei
3079 2209 3410 2279 maiestatem
3445 2206 3620 2266 decet,

2048 2319 2278 2369 mortem
2315 2307 2536 2379 “Christi
2585 2305 2896 2368 confitetur,
2947 2302 3109 2357 habet
3148 2299 3311 2353 vitam
3338 2304 3619 2351 aeternam.

2122 2419 2144 2456 ι
2176 2401 2272 2463 Sic
2291 2399 2519 2457 exaltari
2550 2405 2767 2469 oportet
2813 2394 3006 2449 Filium
3049 2391 3304 2448 hominis.
3327 2409 3346 2442 ι
3405 2387 3620 2444 Dictum

2050 2496 2155 2551 hoc
2198 2492 2463 2563 duplicem
2511 2490 2655 2560 parit
2693 2487 3042 2543 intellectum.
3074 2485 3204 2537 Nam
3232 2492 3344 2537 tum
3381 2482 3522 2535 illam
3566 2480 3622 2532 in

2051 2588 2221 2642 altum
2268 2581 2608 2641 sufﬂxionem
2656 2578 2967 2649 signiﬁcat,
3015 2589 3176 2645 quam
3231 2583 3415 2627 nostra
3458 2584 3623 2626 causa

2051 2676 2344 2744 sustinuit;
2375 2673 2661 2745 oportebat
2684 2671 2828 2727 enim
2860 2678 2942 2735 ut,
2991 2682 3112 2723 cum
3142 2675 3287 2722 esset
3317 2667 3386 2721 ab
3432 2666 3625 2718 imma-

2051 2771 2246 2828 culatis
2279 2769 2397 2841 ejus
2426 2767 2654 2839 pedibus
2682 2780 2776 2835 per
2798 2764 3072 2819 incessum
3095 2769 3239 2816 terra
3261 2756 3623 2820 sanctificata,

2052 2874 2107 2921 et
2136 2877 2286 2918 mare
2310 2861 2584 2924 similiter,
2611 2868 2726 2914 tum
2758 2870 2884 2913 cum
2911 2868 3076 2924 super
3103 2854 3278 2908 undas
3300 2848 3622 2911 ambulavit,

2054 2961 2457 3018 consecratum,
2507 2944 2611 3007 aer'
2642 2948 2807 3005 etiam
2852 2953 3077 3004 sanctus
3114 2959 3212 3016 per
3238 2940 3622 2998 exaltationem

2055 3048 2112 3104 in
2143 3059 2306 3104 cruce
2335 3043 2676 3100 redderetur.
2729 3038 2868 3095 Tum
2914 3036 3080 3093 etiam
3130 3035 3352 3105 gloriam
3403 3032 3626 3089 indicat.

2056 3152 2221 3207 quam
2281 3133 2584 3191 secundum
2627 3131 2925 3187 humanam
2973 3135 3222 3182 naturam
3274 3139 3369 3193 per
3409 3136 3626 3176 crucem

2054 3229 2309 3286 obtinuit.
2343 3226 2402 3282 In
2431 3241 2497 3282 eo
2528 3224 2674 3279 enim
2705 3223 2847 3293 ipso,
2870 3234 2981 3291 quo
3009 3218 3300 3272 damnatus
3325 3230 3448 3270 esse
3479 3213 3628 3269 vide-

2056 3325 2235 3389 batur,
2252 3320 2550 3392 principem
2585 3319 2747 3387 hujus
2796 3314 2982 3370 mundi
3027 3310 3426 3382 condemnavit;
3460 3322 3628 3376 seque

2056 3416 2316 3472 omnibus
2340 3414 2451 3469 illis
2500 3409 2910 3474 affectionibus,
2937 3406 3130 3476 quibus
3152 3402 3405 3457 subactus
3451 3399 3628 3453 fuerat

2058 3512 2269 3572 homo,
2331 3507 2664 3577 superiorem
2714 3499 2986 3563 ostendit,
3045 3512 3165 3568 qua!
3225 3509 3357 3550 sane
3417 3491 3629 3547 fuerant

2057 3602 2309 3673 voluptas
2404 3607 2460 3655 et
2546 3596 2703 3652 dolor
2766 3615 2779 3650 :
2848 3608 2913 3648 ex
3016 3591 3211 3661 quibus
3296 3587 3619 3657 voluptatem

2055 3694 2274 3765 quidem
2332 3690 2387 3747 in
2440 3699 2624 3745 monte
2670 3693 2971 3758 superarat,
3036 3698 3158 3739 cum
3205 3696 3380 3751 neque
3405 3678 3618 3748 lapides

2058 3787 2310 3842 vertisset
2346 3784 2404 3840 in
2461 3798 2653 3855 panes,
2702 3794 2806 3835 nec
2865 3778 2987 3834 aliis
3038 3776 3356 3833 tentationis
3412 3773 3630 3827 suasio.

2060 3876 2219 3930 nibus
2278 3882 2429 3929 esset
2492 3884 2787 3935 assensus;
2850 3866 3056 3922 doloris
3112 3880 3240 3920 vero
3275 3862 3507 3916 maxime
3550 3862 3632 3914 vi-

2060 3977 2178 4023 ctor
2205 3974 2483 4036 spectatus
2515 3973 2599 4019 est
2645 3972 2889 4032 tempore
2926 3957 3225 4017 Passionis,
3278 3970 3383 4024 qua
3427 3962 3630 4022 tempe-

2059 4069 2200 4116 state
2237 4060 2290 4113 in
2324 4058 2478 4112 illum
2507 4054 2853 4109 adversarius
2882 4065 3073 4106 omnes
3103 4048 3354 4104 armavit.
3381 4044 3632 4099 Proditor

2061 4153 2240 4209 evadit
2287 4148 2629 4221 discipulus;
2672 4143 2865 4200 caeteri
2898 4140 3145 4214 fugitivi;
3185 4147 3344 4207 negat
3382 4137 3577 4192 Petrus
3609 4154 3625 4201 ;

2063 4245 2251 4318 gladii,
2309 4242 2494 4304 faces,
2533 4240 2675 4305 ligna
2725 4244 2778 4291 et
2812 4250 2973 4292 enses
3018 4243 3313 4304 urgentur;
3363 4243 3632 4302 percussae

2067 4336 2309 4406 colaphis
2337 4347 2526 4404 gena;
2562 4330 2732 4385 facies
2762 4326 2938 4398 sputis
2968 4325 3136 4382 oblita
3162 4340 3177 4391 ;
3210 4325 3430 4380 dorsum
3455 4321 3630 4391 plagis

2069 4429 2365 4499 obiectum,
2403 4424 2525 4480 falsi
2550 4431 2736 4487 teStes,
2765 4421 3008 4488 iniquum
3035 4416 3341 4480 consilium,
3368 4412 3634 4470 sententia

376 4514 480 4567 καὶ
532 4506 747 4586 ὕϐρεσι.
800 4520 921 4581 ταῖς
971 4521 1035 4572 ἐκ
1084 4519 1334 4590 καλάμου
1375 4519 1642 4592 πληγαῖς,
1675 4516 1819 4595 ἧλοι,
1863 4519 1943 4573 ml

2067 4518 2324 4584 immitis;
2372 4515 2572 4571 milites
2600 4511 2942 4567 immanitate
2992 4506 3271 4564 sententi'e
3315 4504 3632 4577 gaudentes,

286 4681 293 4687 _
376 4606 556 4676 χολὴ,
595 4608 690 4661 καὶ
723 4607 865 4674 ὅξος,
923 4612 1017 4663 καὶ
1056 4610 1371 4667 τελευταῖον
1420 4610 1678 4683 σταυρός.
1724 4611 1824 4673 Τίς
1864 4609 1958 4663 οὖν

376 4699 528 4752 κατά
584 4697 693 4752 τῶν
755 4700 929 4755 ταῦτα
979 4702 1282 4756 ποιούντων
1329 4705 1364 4774 ἠ
1412 4704 1627 4773 άμυνας
1688 4722 1705 4755 ι
1752 4702 1955 4772 Πάτερ,

379 4789 743 4860 συγχώρησον
790 4793 994 4857 αὐτοῖς,
1035 4794 1098 4847 ού
1142 4794 1253 4865 γὰρ
1294 4795 1468 4848 οἴδασι
1507 4794 1565 4848 τί
1625 4795 1891 4849 ποιοῦσιν.
1934 4813 1953 4846 ι

383 4878 544 4932 Οὗτω
575 4882 673 4934 καὶ
723 4881 823 4953 τὴν
874 4883 1053 4954 λύπην
1105 4886 1462 4957 μακροθυμίᾳ
1502 4885 1735 4956 νικήσας
1783 4903 1957 4941 κατα·

383 4976 687 5043 στρατηγεῖ
712 4975 801 5028 τὸ»
832 4975 1150 5042 ἀντίπαλον,
1176 4980 1275 5048 τῆς
1317 4975 1440 5030 κατ’
1470 4975 1636 5029 αὐτοῦ
1670 4976 1829 5046 νίκης
1867 4978 1958 5030 τὸν

375 5063 587 5133 τρόπον
611 5065 937 5136 ὁδοποιήσας
966 5069 1113 5139 ἡμῖν
1152 5068 1231 5139 Τῇ
1258 5067 1368 5138 γὰρ
1389 5066 1497 5120 τῶν
1522 5066 1726 5138 ἡδονῶν
1755 5069 1957 5139 ἀποχῇ.

380 5161 477 5211 καὶ
511 5162 579 5231 τῇ
613 5163 751 5233 πρὸς
783 5164 911 5227 τοὺς
939 5165 1243 5228 λυποῦντας
1270 5164 1566 5236 πραΰτητι,
1613 5168 1703 5218 καὶ
1749 5185 1961 5240 μακρο-

451 5297 502 5328 ⁶⁶
533 5295 670 5351 Luc.
708 5312 865 5364 xxttl,
893 5295 984 5353 δι.

2066 4625 2132 4666 ac
2185 4605 2719 4670 subsannationibus,
2753 4600 3122 4660 irrisionibns,
3146 4595 3492 4652 contumeliis
3518 4594 3640 4646 icti-

2066 4704 2276 4774 busque
2303 4699 2585 4756 arundinis
2608 4711 2668 4752 se
2695 4694 3065 4758 oblectantes;
3098 4689 3255 4755 clavi,
3284 4687 3379 4750 fel,
3421 4694 3632 4739 acetum

2065 4806 2121 4851 et
2142 4795 2210 4850 ad
2232 4801 2536 4849 extremum
2566 4803 2720 4843 crux.
2744 4786 2876 4854 Quae
2898 4798 3025 4837 vero
3054 4789 3240 4836 contra
3276 4785 3356 4832 tot
3394 4774 3634 4830 facinora

2064 4903 2228 4946 ausos
2245 4886 2422 4941 ultio?
2450 4903 2469 4937 ι
2499 4883 2680 4947 Pater,
2704 4883 2925 4953 ignosce
2955 4877 3094 4938 illis;
3131 4889 3236 4929 non
3271 4870 3414 4928 enim
3457 4870 3639 4925 sciunt

2065 4983 2196 5053 quid
2227 4979 2433 5036 faciunt
2461 4977 2529 5032 “.
2569 4996 2587 5029 ι
2624 4976 2716 5030 Sic
2749 4982 2804 5028 et
2830 4971 3017 5025 dolore
3044 4981 3138 5038 per
3169 4963 3634 5036 longanimitatem

2046 5077 2211 5131 -victo
2231 5071 2461 5128 debellat
2477 5064 3016 5133 inimicum,ejusque
3039 5059 3284 5115 vincendi
3315 5058 3456 5112 viain
3482 5054 3637 5110 nobis

2067 5174 2474 5224 commonstrat.
2503 5163 2633 5217 Nam
2668 5172 2722 5217 et
2753 5158 3086 5225 voluptatum
3118 5153 3267 5227 fuga,
3287 5163 3342 5210 et
3384 5162 3637 5206 mansue-

1617 5390 1944 5454 Francisci
1980 5391 2197 5456 Scorsi
2222 5399 2406 5453 notm.

451 5514 568 5576 (18)
605 5511 885 5582 Gregorius
928 5510 971 5565 Τ
971 5509 1237 5582 heologu's.
1275 5511 1451 5566 Locus
1488 5511 1768 5580 Thcologi,
1795 5528 1953 5580 quem

377 5585 550 5637 refert
583 5581 963 5651 Tthpbanes.
1017 5581 1211 5650 legitur
1253 5591 1393 5636 orat.
1422 5581 1512 5645 4‘2,
1551 5598 1669 5651 qua:
1713 5593 1795 5635 est
1825 5583 1862 5636 2
1901 5585 1952 5637 in

379 5654 441 5708 S.
470 5654 677 5707 Pascha
708 5668 892 5720 quem,
921 5663 1076 5707 acute
1106 5652 1191 5705 hic
1215 5660 1397 5704 noster
1423 5653 1674 5721 explicat.
1701 5652 1834 5706 Vide
1864 5668 1953 5707 so-

375 5726 479 5804 des
504 5723 681 5804 etiarn.
701 5721 902 5778 Nicctm
926 5723 979 5802 in
1004 5724 1248 5775 eumdem
1274 5721 1459 5803 locum
1488 5724 1952 5786 commentarium,

377 5794 471 5848 ubi
528 5793 716 5850 multis
776 5796 1016 5858 exponit,
1057 5806 1161 5860 qua
1188 5792 1395 5846 ratione
1420 5806 1641 5862 serpens
1676 5806 1854 5847 aeneus
1903 5802 1957 5847 ct

2062 5515 2262 5571 Christi
2286 5523 2441 5585 typus
2482 5509 2585 5566 dici
2616 5508 2803 5581 possit,
2829 5516 2882 5564 et
2904 5508 3199 5577 antitypus,
3235 5511 3294 5558 ut
3331 5500 3634 5571 Theulogus
3672 5469 3680 5489 ι

2063 5594 2267 5726 “3223;.
2288 5650 2670 5726 Sapientissimi
2711 5647 2955 5707 Maximi.
2990 5646 3062 5703 Dc
3090 5646 3188 5701 hoc
3222 5644 3341 5699 vide
3390 5645 3535 5699 dicta
3568 5644 3632 5697 a.l

2066 5727 2214 5783 hom.
2246 5728 2295 5793 Ι,
2326 5732 2438 5780 ιιυι.
2469 5725 2524 5780 9.
