3990 6202
322 267 427 331 921

1685 292 1689 297 '
1721 280 2055 342 HOMILIA
2093 284 2197 344 VI.

3484 289 3605 352 222

321 371 507 429 τοίνυν
536 381 838 449 πατρικαῖς
862 380 1296 449 ἀκολουθοῦντες
1319 390 1551 454 φωναῖς,
1590 389 1669 453 ὡς
1700 391 1801 459 μὲν
1829 392 1903 443 οἱ·

2020 394 2260 452 Dieimus
2318 396 2502 467 igitur,
2548 398 2767 454 Patrum
2819 399 2963 456 dicta
3025 411 3337 470 sequentes,
3387 402 3489 457 hoc
3540 420 3606 461 ex

322 468 561 535 κονομία
594 468 689 521 τοῦ
723 470 862 524 Θεοῦ
897 475 993 528 καλ⁵
1040 475 1298 545 Σωτῆρος
1344 473 1433 547 ἦν,
1492 480 1674 548 ἔργοις
1714 480 1921 535 πιστώ-

326 560 531 613 σασθαι
593 561 693 633 τὴν
746 564 1069 628 ἀνάστασιν,
1127 566 1218 621 ἵνα
1272 569 1346 638 μὴ
1381 569 1471 623 διὰ
1498 569 1679 638 λόγων
1716 573 1918 642 μόνων,

321 651 591 705 ἀλλὰκαὶ
628 654 704 707 δι’
737 655 919 725 ἔργων
964 657 1272 729 ἑπιδειχθῇ.
1319 659 1476 713 Ἐπεὶ
1518 662 1578 714 δὲ
1627 662 1774 730 μέγα
1825 665 1921 717 καὶ

324 746 477 815 ὑπὲρ
507 747 697 800 πίστιν
726 744 797 819 ἦν
828 752 890 802 τὸ
920 749 1107 819 θαῦμα
1134 751 1236 821 τῆς
1269 753 1647 818 ἀναστάσεως,
1677 755 1767 808 διὰ
1808 756 1920 809 τῶν

321 838 659 908 κατωτέρων
688 839 999 910 ἀρξάμενος
1035 843 1225 912 ἠρέμα
1259 843 1398 909 πῶς,
1434 845 1536 915 τὴν
1575 847 1763 899 πίστιν
1809 848 1919 900 τῶν

322 929 640 1001 ἀνθρώπων
695 932 1088 1002 προσερεθίζει
1123 936 1239 997 τοῖς
1276 935 1514 1005 μείζοσι,
1575 936 1832 1008 καθάπερ
1869 939 1920 991 οἱ

321 1020 436 1075 τῶν
468 1023 783 1092 μειρακίων
821 1024 1137 1079 διδάσκαλοι
1193 1027 1552 1096 καταλλήλως
1596 1030 1724 1092 τοὺς
1771 1030 1918 1083 διδα-

324 1114 638 1181 σκομένους
668 1114 990 1181 ἀνάγοντες,
1034 1118 1176 1181 τέως
1211 1121 1310 1189 μὲν
1358 1120 1512 1174 ἁπλᾶ
1554 1119 1622 1174 τὰ
1678 1124 1920 1192 στοιχεῖα

320 1202 646 1257 διδάσκουσι
679 1220 695 1237 ·
733 1205 1132 1275 προεθισθὲντα
1161 1208 1219 1263 δὲ
1250 1211 1351 1274 τὰς
1392 1211 1665 1275 συλλαϐὰς
1723 1214 1918 1268 ἐκπαι-

321 1294 571 1360 δεύουσι,
620 1298 717 1350 καὶ
760 1297 906 1352 οὔτω
936 1300 1034 1353 ἐπὶ
1066 1300 1166 1362 τὰς
1194 1301 1394 1367 λέξεις,
1437 1305 1689 1368 καὶτοὺς
1724 1304 1919 1373 λόγους

321 1388 652 1454 ἀνάγουσιν.
699 1388 859 1444 Οὕτω
898 1393 997 1445 καὶ
1047 1393 1077 1444 ό
1138 1391 1345 1464 Κύριος
1386 1397 1655 1465 πρότερον
1689 1397 1789 1464 μὲν
1817 1397 1918 1460 τὰς

322 1481 516 1545 νόσους
546 1481 868 1552 Θεραπεύει,
901 1485 997 1536 καὶ
1030 1486 1329 1553 φυγαδεύει
1357 1487 1634 1557 δαιμόνια,
1669 1484 1792 1542 sita.
1816 1491 1917 1557 τὴν

324 1575 477 1626 ῐασιν
496 1573 684 1627 δίδωσι
715 1578 831 1638 τοῖς
858 1574 1266 1646 βεϐλαμμένοις
1301 1578 1369 1631 τὰ
1398 1580 1753 1651 αἰσθητήρια·
1777 1582 1917 1650 μετὰ

321 1660 501 1714 ταῦτα
530 1661 629 1735 τὴν
667 1662 861 1730 ὑγείαν
888 1664 1181 1734 χαρίζεται
1204 1668 1319 1730 τοῖς
1346 1666 1434 1720 διὰ
1461 1669 1635 1721 νόσων
1662 1671 1913 1738 ἀπεγνω-

322 1753 547 1823 σμένων
579 1755 659 1825 τῷ
688 1755 906 1827 θανάτῳ
936 1757 1334 1823 γειτνιάσασιν,
1358 1758 1434 1822 ὠς
1473 1762 1537 1829 τῇ
1566 1760 1661 1812 τοῦ
1697 1762 1802 1815 Πέτ
1813 1779 1908 1831 ρον

320 1841 593 1911 πενθερᾷ.
650 1844 745 1895 καὶ
790 1844 871 1915 τῷ
918 1844 1014 1898 τοῦ
1063 1846 1468 1916 ἑκατοντάρχου
1521 1850 1698 1903 παιδί.
1751 1851 1909 1904 Οὕτω

321 1931 763 2002 προοδοποιήσας
821 1934 923 2002 τῆς
967 1936 1327 1998 ἀναστάσεως
1368 1937 1430 1989 τὸ
1478 1940 1782 2010 μυστήριον
1820 1941 1909 1995 διὰ

318 2021 418 2074 τοῦ
453 2025 724 2095 παρόντος
755 2025 1036 2095 θαύματος
1066 2027 1444 2082 ἀνακαλύπτει
1481 2029 1643 2082 τοῦτο
1696 2033 1908 2102 τρανῶ-

321 2135 507 2189 τερον.

212 2226 231 2236 '
390 2208 502 2265 'llv
534 2229 623 2277 τις
647 2215 804 2279 πόλις
841 2216 983 2271 κατὰ
1021 2217 1120 2289 τὴν
1160 2218 1425 2272 Ἰουδαίαν
1456 2218 1596 2271 Ναΐν
1620 2236 1635 2250 ·
1668 2220 1800 2284 παῖς
1833 2215 1902 2291 ἦν

318 2303 381 2355 ἐν
404 2305 547 2376 αὑτῇ
586 2309 886 2377 μονογενὴς
916 2309 1066 2381 χήρᾳ
1105 2310 1214 2363 τινι
1240 2325 1255 2339 ⁸
1292 2312 1593 2381 μαινοίμην
1619 2312 1728 2384 γὰρ
1757 2312 1909 2366 ἄντι·

317 2410 464 2465 κρυς
529 2398 578 2448 εἰ
624 2400 727 2460 τὰς
765 2400 823 2451 ἐν
855 2401 1034 2469 τούτῳ
1063 2401 1247 2471 φωνὰς
1286 2403 1380 2457 τοῦ
1414 2404 1720 2467 Νυσσαέως
1742 2403 1906 2474 ἀμεί-

310 2486 519 2555 ψαιμι.
548 2484 658 2542 Ἦν
682 2489 776 2544 οὖν
806 2493 834 2543 ό
863 2495 992 2555 παῖς
1018 2494 1119 2547 οὐκ
1154 2494 1232 2548 ἔτι
1262 2496 1531 2560 τοιοῦτος,
1558 2492 1670 2558 οἷος
1692 2498 1750 2549 ὲν
1784 2513 1909 2565 pato

315 2580 546 2648 μαχεοις
573 2577 732 2643 εἶναι,
772 2583 891 2635 ἀλλ’
921 2584 1022 2655 ήδη
1058 2587 1122 2638 ὲκ
1155 2586 1361 2639 παίδων
1392 2588 1474 2649 εἰς
1499 2587 1674 2656 ἄνδρα
1694 2586 1868 2640 τελῶν
1887 2624 1905 2639 .

310 2670 562 2725 Νεανίαν
619 2674 783 2728 αὐτὸν
834 2674 1092 2745 ὀνομάζει
1121 2678 1181 2730 τὸ
1240 2679 1600 2747 Εὐαγγέλιον,
1639 2679 1810 2732 πολλὰ
1836 2679 1908 2733 δι’

310 2764 520 2830 ὀλίγων
542 2765 814 2837 διηγεῖται
846 2770 878 2838 ἡ
910 2771 1144 2840 ἱστορία.
1200 2771 1408 2842 Θρῆνος
1464 2771 1727 2843 ἄντικρύς
1766 2774 1905 2839 ἐστι,

309 2854 379 2907 τὸ
402 2856 673 2928 διήγημα.
694 2861 871 2931 Χήρα,
899 2862 1088 2933 φησὶν,
1138 2864 1172 2934 ἡ
1194 2864 1287 2917 τοῦ
1317 2865 1646 2938 τεθνηκότος
1677 2865 1868 2937 μήτηρ
1889 2882 1905 2897 ⁸

2026 489 2448 555 dispensatione,
2474 507 2539 544 ac
2561 502 2712 547 certo
2733 495 2958 549 consilio
2994 497 3083 549 Dei
3109 510 3172 550 ac
3203 494 3506 550 Salvatoris
3528 500 3606 568 (7)

2022 578 2251 645 factum,
2303 590 2364 635 ut
2412 584 2867 638 resurrectionem
2924 588 3178 654 operibus
3235 589 3609 652 conﬁrmaret,

2025 684 2123 725 nec
2153 687 2274 726 eam
2306 672 2478 727 solum
2518 675 2718 739 verbis,
2751 677 2845 731 sed
2878 680 3041 733 etiam
3077 678 3236 735 factis
3266 684 3608 737 ostenderet.

2022 762 2286 829 Quoniam
2350 766 2497 820 enim
2542 783 2796 836 magnum
2835 785 2897 823 ac
2940 787 3101 837 supra
3156 772 3312 826 [idem
3365 772 3612 827 res’nrre-

2023 852 2221 907 ctionis
2271 853 2594 909 miraculum
2648 867 2754 919 est,
2802 872 2833 912 a
2893 859 3196 914 minoribus
3245 876 3472 915 exorsus
3513 879 3609 931 per

2022 943 2231 1013 majora
2264 944 2469 1010 sensim
2504 947 2797 1003 humanam
2828 951 3016 1004 incitat
3045 951 3222 1005 ﬁdem.
3251 954 3612 1019 Quemadmo-

2021 1036 2146 1090 dum
2185 1037 2429 1107 magistri
2473 1054 2791 1107 puerorum,
2841 1043 2922 1095 via
2968 1044 3228 1112 quadam,
3280 1060 3345 1097 ac
3396 1047 3607 1100 ratione

2022 1139 2358 1194 congruente
2393 1131 2654 1186 ducentes
2694 1134 2944 1189 alumnos
2990 1150 3142 1197 suos,
3200 1135 3352 1189 initio
3385 1138 3605 1205 quidem

2021 1218 2287 1287 simplicia
2344 1222 2565 1275 tradunt
2611 1221 2915 1291 elementa,
2979 1224 3176 1292 quibus
3231 1224 3318 1278 ubi
3381 1226 3605 1279 excitati

2020 1308 2247 1373 fuerint,
2305 1310 2540 1381 syllabas
2592 1313 2820 1368 edocent
2864 1332 2878 1369 :
2925 1324 3086 1382 atque
3133 1316 3204 1368 ita
3247 1315 3508 1384 deinceps
3537 1316 3602 1370 ad

2020 1400 2293 1455 dictiones
2384 1401 2805 1473 orationemque
2860 1412 3200 1473 promovent.
3266 1402 3378 1457 lloc
3448 1414 3606 1471 pacto

2018 1492 2182 1547 etiam
2215 1491 2474 1548 Dominus
2501 1496 2651 1562 prius
2680 1496 2898 1564 quidem
2934 1496 3154 1550 morbos
3191 1504 3370 1557 curat,
3399 1511 3462 1547 ac
3497 1495 3609 1548 dte-

2019 1598 2211 1637 mones
2240 1583 2419 1654 fugat;
2450 1585 2645 1641 deinde
2678 1601 2902 1640 mancos
2950 1601 3015 1640 ac
3046 1586 3248 1641 debiles
3276 1586 3329 1639 in
3370 1588 3605 1655 integros

2020 1673 2261 1727 restituit
2284 1688 2482 1729 sensus
2515 1692 2529 1728 :
2563 1685 2675 1727 tum
2712 1674 3007 1745 deploratis
3035 1676 3261 1741 morbis,
3304 1677 3463 1729 morti
3491 1677 3602 1745 jam

2019 1764 2281 1833 proximis
2301 1764 2531 1835 benigne
2551 1767 2781 1820 salutem
2804 1766 2957 1820 ali'ert
2980 1784 2994 1821 :
3016 1769 3156 1835 quod
3181 1769 3233 1821 iu
3255 1767 3397 1822 Petri
3419 1783 3600 1834 socru,

2020 1865 2073 1908 et
2110 1872 2278 1923 puero
2294 1856 2399 1927 33
2432 1856 2780 1912 Centurionis
2811 1858 3082 1927 praestitit.
3119 1860 3294 1928 Atque
3322 1859 3390 1911 ita
3412 1859 3477 1911 ad
3514 1873 3601 1911 re-

2015 1950 2366 2003 surreCtionis
2389 1954 2702 2020 mysterium
2726 1952 2809 2005 via
2836 1953 2939 2007 sibi
2965 1952 3194 2020 munita,
3219 1953 3469 2023 praesenti
3502 1952 3603 2008 mi-

2021 2040 2204 2094 raculo
2228 2040 2280 2094 id
2310 2041 2550 2096 ostendit
2581 2043 2845 2111 apertius.

2090 2218 2218 2273 Erat
2250 2221 2301 2273 in
2327 2220 2515 2276 Judaza
2547 2222 2740 2276 civitas
2774 2220 2926 2276 Naim
2961 2223 3139 2289 dicta;
3195 2223 3246 2278 in
3280 2238 3452 2293 eaque
3480 2225 3597 2279 cni-

2016 2312 2140 2365 dam
2172 2312 2345 2366 vidum
2378 2313 2519 2368 illius
2549 2314 2740 2369 unicus
2778 2325 2917 2369 erat.
2943 2314 3085 2370 Sane
3114 2316 3157 2369 si
3191 2316 3290 2371 hoc
3321 2316 3436 2369 luco
3463 2314 3597 2387 Nys-

2014 2405 2129 2458 seni
2165 2404 2327 2458 verba
2382 2405 2461 2472 (8)
2495 2405 2793 2473 demutem,
2839 2424 3028 2463 amens
3075 2409 3233 2476 plane
3282 2409 3405 2463 sim.
3460 2410 3589 2463 Erat

2011 2499 2174 2565 igitur
2204 2498 2290 2549 ille
2321 2513 2425 2551 non
2449 2498 2561 2566 jam
2596 2513 2660 2551 ex
2691 2514 2982 2567 puerorum
3038 2515 3221 2568 grege.
3246 2500 3338 2553 sed
3372 2500 3460 2567 qui
3485 2499 3592 2565 iam

2011 2605 2074 2643 ex
2102 2589 2325 2657 ephebis
2354 2600 2685 2653 excesserat,
2720 2600 2880 2657 atque
2913 2592 2979 2643 ad
3015 2591 3220 2643 virilem
3255 2599 3468 2643 aetatem
3502 2604 3595 2643 ac-

2014 2685 2253 2736 cederet.
2290 2680 2700 2736 Adolescentem
2731 2696 2885 2735 sacra
2913 2697 3037 2736 eum
3070 2681 3301 2750 appellat
3329 2682 3592 2737 historia:

2015 2784 2069 2827 et
2108 2774 2291 2842 paucis
2318 2772 2483 2825 multa
2514 2771 2911 2837 complectitur,
2941 2787 3005 2828 ac
3040 2772 3201 2827 modo
3250 2788 3354 2828 non
3386 2774 3591 2827 lamen-

2018 2866 2171 2929 tatio,
2203 2865 2445 2920 narratio
2472 2874 2574 2919 est.
2610 2861 2811 2929 Vidua,
2844 2863 3038 2933 inquit,
3070 2874 3189 2919 erat
3214 2864 3372 2934 hujus
3392 2864 3592 2920 mortui

1555 3002 1884 3065 Francisci
1916 3003 2123 3066 Scorsi
2161 3010 2350 3064 notte.

392 3126 473 3194 (7)
519 3127 594 3180 At:
627 3126 950 3184 Saluatoris.
980 3130 1038 3183 lu
1090 3131 1363 3186 reddenda
1395 3132 1581 3187 Graeca
1610 3147 1746 3185 voce
1787 3132 1900 3184 Σωο
1933 3136 1978 3193 C
2012 3132 2256 3188 scribere
2299 3140 2441 3186 esset
2496 3147 2659 3200 opera
2698 3133 2868 3187 abuti.
2903 3131 3037 3186 illul
3072 3145 3200 3184 vero
3233 3128 3321 3183 hic
3355 3129 3587 3184 adnota-

308 3199 449 3268 τήρ,
475 3213 608 3251 usus
648 3213 908 3268 perpetuo
937 3218 1054 3254 sum
1101 3202 1290 3255 Latina
1336 3220 1439 3253 non
1477 3200 1770 3257 Servatoris
1802 3202 1895 3254 sed

309 3268 649 3332 Saluatoris,
701 3282 876 3323 motus
912 3272 1146 3325 maxime
1191 3272 1496 3325 hortatione
1545 3272 1603 3326 P.
1647 3269 1771 3324 Julii
1806 3270 1898 3323 Ni-

309 3336 497 3411 ,ποιιῆ
526 3352 639 3393 suc.
670 3338 821 3404 Jesu,
859 3342 949 3409 qui
979 3342 1030 3393 in
1063 3342 1265 3399 libello,
1299 3357 1407 3411 quo
1443 3342 1676 3408 Regulas
1715 3341 1897 3395 socie-

311 3409 454 3462 tatis
483 3417 684 3461 nostra:
713 3411 985 3478 explanat,
1028 3409 1467 3467 dissertationem
1505 3414 1665 3465 habet
1689 3411 1756 3465 de
1796 3412 1895 3465 hac

311 3494 381 3532 re
419 3477 864 3548 Ιιξειμιεηιηιη,“θι
905 3496 1012 3535 non
1046 3482 1222 3536 solum
1254 3482 1567 3548 scrupulum
1604 3480 1789 3535 eximit
1831 3483 1898 3534 iis

309 3547 411 3613 qui
444 3544 748 3601 Salvatoris
772 3552 986 3604 nomine
1014 3562 1071 3604 nt
1105 3554 1281 3604 minus
1318 3544 1533 3613 Latino,
1561 3567 1655 3604 sua
1693 3560 1896 3613 scripta

309 3616 620 3689 deformari
656 3627 865 3683 putant,
895 3620 986 3674 sed
1029 3622 1190 3675 etiam
1224 3622 1535 3689 religionem
1580 3622 1665 3674 his
1698 3620 1894 3689 iujicut,

307 3690 468 3759 quod
502 3688 554 3740 in
588 3687 927 3744 Saivatorem
959 3690 1133 3759 ipsum
1161 3687 1342 3745 minus
1391 3692 1463 3758 pii
1518 3700 1572 3745 et
1604 3687 1895 3759 grati'esse

311 3757 632 3829 videantur.
666 3759 901 3829 Primum
939 3757 1159 3829 praestat
1195 3757 1422 3815 dicendo
1470 3757 1771 3814 Salvatoris
1802 3776 1899 3812 vo-

311 3843 444 3881 cem
476 3828 545 3899 ab
589 3844 687 3881 usu
723 3826 1158 3899 Latium—linguae
1185 3846 1292 3883 non
1322 3831 1547 3884 omnino
1577 3830 1892 3893 abhorrere,

309 3897 545 3970 quando
575 3912 637 3951 ea
690 3899 741 3951 in
770 3901 1003 3970 antiquo
1031 3897 1264 3970 quodam
1300 3900 1473 3969 lapide
1502 3901 1712 3964 legatur
1744 3916 1760 3954 :
1809 3915 1897 3953 se-

309 3969 561 4037 cundum
594 3968 930 4023 ostendendo
950 3968 1159 4024 etiamsi
1197 3968 1374 4024 minus
1404 3970 1721 4025 latinitatem
1747 3984 1899 4037 sape-

310 4046 405 4091 ret
431 4036 487 4089 id
522 4039 868 4102 vocabulum,
903 4040 1269 4106 usurpandmu
1305 4050 1505 4105 tamen,
1538 4042 1663 4108 quia
1699 4038 1895 4093 Serva.

310 4108 689 4177 torisrnomcn
724 4111 900 4165 minus
929 4111 1187 4177 exprimit
1228 4112 1335 4164 vim
1372 4109 1619 4166 beneﬁcii
1656 4125 1683 4162 a
1734 4108 1895 4163 Chri-

311 4188 407 4231 sto
464 4176 697 4231 Domino
740 4181 969 4247 accepti.
1006 4176 1068 4234 ’ld
1118 4190 1314 4246 przrter
1364 4181 1605 4234 rationes
1657 4179 1725 4231 ab
1777 4180 1894 4248 ipso

313 4247 542 4308 allatas,
570 4262 708 4319 quas
729 4248 841 4319 hic,
879 4265 985 4303 non
1019 4265 1274 4319 congero,
1328 4251 1666 4318 perspicuum
1703 4249 1761 4303 tit
1797 4265 1898 4303 au-

313 4319 581 4372 ctoritate
608 4316 679 4371 Μ.
725 4317 908 4380 Tullii,
939 4322 1028 4387 qui
1075 4316 1279 4374 Latiare
1329 4316 1531 4384 linguas
1560 4333 1778 4387 parens,
1840 4328 1896 4373 et

312 4399 612 4456 patronus,
648 4399 789 4441 orat.
814 4387 870 4451 2,
899 4401 1006 4443 act.
1034 4389 1090 4449 2,
1123 4391 1177 4443 in
1234 4387 1464 4453 Verrem,
1497 4391 1574 4443 sic
1606 4390 1680 4440 ait
1707 4404 1722 4441 :
1758 4387 1895 4442 Eum

316 4472 428 4510 non
455 4458 631 4510 solum
656 4471 933 4524 patronum
973 4460 1123 4513 istius
1152 4461 1377 4525 insulae;
1405 4463 1496 4513 sed
1522 4461 1678 4512 etiam
1718 4467 1895 4512 sotera

316 4529 641 4599 inscriptum
672 4530 775 4582 vidi
801 4527 1101 4599 Syracusis.
1129 4530 1238 4583 Hoc
1257 4540 1509 4598 quantum
1538 4536 1611 4581 est
1630 4528 1657 4582 ἲ
1685 4530 1761 4582 ita
1785 4544 1901 4582 ma-

316 4612 485 4667 gnum
519 4611 574 4655 ut
604 4596 795 4651 Latino
826 4596 929 4653 tino
964 4600 1116 4654 verba
1145 4596 1366 4666 exprimi
1389 4616 1487 4653 non
1520 4600 1723 4667 possit:
1757 4600 1801 4650 is
1823 4606 1900 4653 est

319 4670 690 4739 _enim_sortatt.
722 4672 811 4739 qui
842 4671 1063 4739 salutent
1090 4670 1253 4722 dedit.
1287 4671 1344 4723 lu
1372 4686 1531 4739 quem
1558 4669 1734 4723 locum
1760 4670 1901 4722 Pau-

323 4736 415 4790 lus
439 4736 750 4791 Manutius:
786 4738 937 4794 Soler
984 4738 1228 4793 Gnecum
1267 4736 1452 4793 nomen
1496 4755 1626 4803 esse,
1684 4748 1729 4790 et
1780 4754 1898 4792 eum

325 4807 653 4878 signiﬁcare,
681 4810 769 4878 qui
796 4810 1017 4863 salutem
1054 4811 1197 4863 dedit
1243 4813 1357 4878 ipso
1387 4820 1590 4863 constat
1623 4811 1901 4878 interprete

327 4873 621 4947 Cicerone;
666 4873 768 4944 q'uo
800 4888 941 4944 patet
971 4873 1274 4934 communis
1299 4896 1446 4932 error
1478 4895 1656 4932 eorum
1685 4882 1770 4947 qui
1799 4877 1898 4932 Je-

324 4962 442 4998 sum
484 4946 780 5019 Christum,
817 4950 969 5019 cuius
1004 4950 1327 5004 immortalia
1366 4951 1553 5019 merita
1587 4946 1731 5000 nullo
1771 4950 1899 5019 satis

323 5030 431 5089 uno
451 5016 602 5089 verba
630 5020 854 5088 exprimi
878 5016 1081 5074 Latine
1104 5030 1320 5089 queunt.
1352 5017 1683 5089 servatorem
1718 5018 1900 5089 appel-

327 5086 478 5150 lant;
509 5088 658 5140 aliud
699 5086 843 5141 enim
892 5101 965 5142 est
1018 5086 1249 5149 seruare.
1288 5088 1436 5141 aliud
1469 5090 1696 5140 salutem
1747 5088 1896 5141 dare.

326 5153 514 5209 Servat
541 5158 605 5220 is,
628 5159 720 5229 qui
749 5175 810 5212 ne
838 5161 985 5213 salus
1009 5162 1307 5220 amittatur,
1332 5160 1510 5227 aliqua
1535 5157 1737 5229 ratione
1761 5174 1900 5220 prte-

326 5234 470 5291 stat;
513 5228 740 5282 salutent
763 5231 877 5292 dat,
911 5231 999 5296 qui
1028 5231 1274 5283 amissam
1303 5229 1553 5282 restituit.
1592 5228 1743 5281 lianc
1786 5244 1896 5280 uo—

329 5305 439 5347 tam
470 5298 525 5350 in
563 5301 797 5353 nominis
824 5298 971 5357 Jesu.
1006 5304 1105 5354 hoc
1151 5313 1233 5354 eSt
1265 5298 1560 5353 Salvatoris
1583 5297 1808 5359 cultum,
1842 5306 1896 5351 et

328 5377 831 5439 reetnni‘perzeque,
864 5380 917 5423 et
941 5370 1086 5439 pium
1113 5385 1264 5423 usum
1296 5368 1707 5436 impendendam
1744 5368 1895 5420 duxi.

399 5435 479 5505 (8)
524 5435 755 5508 Nyssen’i
785 5435 957 5493 verba}
992 5438 1115 5494 llaec
1140 5456 1260 5505 quae
1288 5440 1525 5494 mutuari
1554 5453 1651 5490 nec
1686 5449 1897 5508 mutare

329 5519 390 5558 se
420 5507 558 5559 Velle
586 5505 947 5572 Theophanes
1002 5514 1303 5577 prolitetur.
1346 5510 1490 5578 leges
1543 5509 1597 5561 in
1635 5507 1774 5578 li_bro
1824 5505 1896 5578 l_)e

332 5577 596 5648 creatione
622 5579 870 5644 hominis,
895 5572 1015 5648 cap;
1043 5581 1134 5645 26,
1168 5595 1232 5632 ett
1269 5580 1375 5634 illis
1399 5572 1584 5632 Verbis
1614 5594 1627 5629 :
1653 5572 1770 5648 ΔἿ-Ιν
1791 5576 1897 5648 οὖν

332 5646 361 5696 ὁ
398 5650 530 5719 sui;
565 5648 669 5701 οὐκ
700 5649 780 5701 ἔτι
820 5645 1093 5715 τοιοῦτος,
1140 5665 1312 5719 usque
1342 5649 1407 5703 ad
1437 5649 1524 5702 illa
1553 5666 1566 5701 :
1598 5645 1662 5698 Τί
1718 5646 1898 5700 τοίνυν

334 5716 515 5788 mitan
544 5736 601 5785 v;
637 5734 757 5790 qua:
788 5735 910 5776 cum
937 5723 1124 5777 eadem
1156 5716 1301 5790 legas
1328 5721 1382 5776 iu
1426 5719 1529 5775 hoc
1554 5726 1761 5783 nostro,
1810 5732 1896 5773 re-

2012 3203 2116 3257 rim
2166 3203 2584 3271 descriptionem
2634 3203 2997 3263 adolescentis
3049 3200 3267 3271 mortui,
3298 3212 3351 3271 et
3382 3215 3585 3254 aerum-

2007 3286 2152 3326 nosas
2182 3269 2371 3343 matris
2406 3286 2433 3323 a
2468 3271 2737 3343 Nysseno,
2784 3273 2933 3327 velut
2964 3270 3272 3343 inchoatam
3300 3269 3589 3343 Theopha-

2006 3357 2128 3396 nem
2175 3357 2240 3394 ex
2298 3341 2533 3409 ingenio
2569 3358 2669 3396 suo
2708 3342 2917 3410 longius
2974 3342 3231 3398 dilatare.
3273 3349 3326 3392 et
3379 3341 3582 3405 tragica

2003 3412 2164 3481 plane
2222 3412 2542 3481 hypotyposi
2574 3452 2590 3477 ,
2633 3413 2820 3467 multis
2889 3410 3105 3481 insertis
3160 3410 3584 3481 prosopopteiis,

2004 3479 2343 3537 auditoribus
2392 3479 2509 3536 suis
2544 3481 2719 3535 viduae
2754 3483 2943 3536 matris
2994 3480 3260 3547 subjicere
3298 3479 3584 3531 calamita-

2007 3562 2139 3605 tem.
2187 3550 2243 3603 ld
2293 3551 2435 3621 quod
2489 3567 2593 3605 non
2648 3552 2713 3604 ad
2765 3552 3186 3606 ostentatiOnem
3239 3549 3582 3621 eloquentiae.

2005 3619 2530 3683 delectationemque
2580 3622 2886 3675 auditorum
2940 3622 3099 3674 modo
3136 3619 3456 3687 captandam
3503 3619 3585 3671 la-

2005 3701 2149 3744 ctmu
2188 3707 2216 3741 a
2264 3691 2410 3759 gravi
2441 3690 2771 3747 Ecclesiaste
2805 3692 2965 3745 velim
3011 3691 3337 3753 existimari,
3375 3690 3468 3742 sed
3529 3702 3587 3740 ut

2003 3760 2403 3832 eayevidcnter
2457 3762 2732 3832 proposita
2787 3763 3139 3831 intelligatur,
3193 3773 3353 3825 quam
3391 3775 3585 3826 magna

2004 3830 2212 3883 ratione
2249 3829 2496 3885 Christus
2526 3833 2591 3885 ad
2636 3829 3067 3885 misericordiam
3105 3837 3282 3882 motus
3316 3837 3582 3879 mortuum

2003 3900 2403 3953 atlolesrentem
2439 3903 2600 3954 etiam
2649 3918 2754 3955 non
2805 3909 3020 3964 rogatus
3062 3899 3341 3952 suscitarit
3386 3912 3400 3949 :
3439 3898 3582 3964 quod

2002 3969 2166 4045 etiam
2196 3968 2370 4045 fuisse
2397 3971 2701 4045 _eonsilium
2736 3972 2823 4045 _S.
2869 3970 3038 4045 Lucas
3097 3968 3300 4045 Optime
3353 3968 3589 4045 advertit

2002 4037 2238 4093 Joannes
2269 4038 2605 4093 Maldonatus
2637 4041 2913 4093 societatis
2967 4035 3166 4092 nostra:
3215 4035 3590 4089 luculentissi—

2005 4123 2126 4161 mus
2156 4108 2571 4176 Evangeliorum
2609 4110 2910 4177 interpres;
2948 4125 3068 4160 nam
3106 4115 3160 4160 et
3188 4106 3589 4177 iipseevauge-

2004 4177 2128 4233 lista
2160 4175 2405 4233 eamdem
2437 4175 2800 4232 calamitatem
2847 4179 3064 4247 paucis,
3106 4176 3201 4231 sed
3233 4175 3399 4229 multa
3432 4190 3587 4228 com-

2005 4248 2473 4317 prehendentibus
2496 4251 2676 4303 verbis
2703 4251 2990 4315 descripsit
3018 4267 3029 4301 :
3064 4260 3117 4302 et
3144 4256 3380 4315 quatuor
3404 4248 3586 4314 attigit

2004 4319 2447 4388 circumstantias
2474 4318 2669 4385 quibus
2728 4320 2918 4388 ingens
2978 4318 3147 4371 videri
3198 4326 3382 4388 posset
3437 4318 3581 4383 quod

2005 4387 2363 4451 adolescens,
2424 4398 2583 4455 atque
2637 4386 3144 4442 adeo‘llnresceute
3176 4386 3373 4439 .adhuc
3427 4394 3588 4440 aetate

2006 4457 2355 4517 decessisset,
2380 4459 2521 4524 quod
2553 4459 2741 4512 unicus
2773 4466 2920 4513 esset
2961 4458 3154 4510 matris
3185 4470 3333 4519 suae;
3369 4472 3491 4509 nam
3539 4459 3586 4511 si

2007 4527 2145 4581 alios
2180 4529 2295 4593 haec
2324 4528 2605 4580 habuisset
2636 4529 2855 4592 liberos,
2887 4544 2993 4583 non
3025 4537 3232 4582 tantum
3270 4526 3347 4579 illi
3380 4527 3585 4582 doloris

2004 4598 2164 4650 unius
2197 4612 2343 4651 mors
2373 4598 2679 4668 attulisset:
2708 4600 2847 4668 quod
2883 4610 3055 4653 mater
3083 4608 3229 4652 esset
3259 4596 3439 4668 vidua,
3465 4613 3587 4664 quae

2002 4676 2058 4719 et
2086 4668 2221 4731 viro,
2269 4676 2323 4720 et
2354 4667 2560 4738 liberis
2590 4666 2745 4732 orba,
2776 4681 2940 4738 atque
2999 4674 3212 4721 deserta
3250 4666 3585 4732 relinquere-

2004 4746 2095 4791 tur
2128 4754 2141 4790 :
2176 4738 2323 4809 quod,
2353 4736 2592 4806 locuples
2646 4750 2703 4794 ct
2735 4736 2988 4809 primaria
3016 4738 3238 4809 femina,
3267 4750 3438 4809 quam
3467 4750 3580 4809 tua-

2003 4822 2109 4877 gna
2145 4804 2328 4879 populi
2362 4804 2518 4862 turba
2569 4804 2987 4879 prosequentur
3018 4809 3070 4860 in
3118 4805 3325 4879 funere
3351 4804 3582 4879 Iilii;_ita

2005 4874 2109 4949 non
2144 4874 2391 4943 habebat,
2422 4893 2581 4946 quem
2635 4874 2761 4949 post
2810 4891 3039 4932 mortem
3074 4890 3251 4949 “suam
3314 4874 3582 4949 haeredem

2005 4947 2331 5007 institueret,
2356 4945 2498 5017 quod
2524 4945 2714 5017 mag-na
2746 4965 2863 5003 esse
2891 4948 3029 5000 solet
3055 4947 3283 5017 divitqu
3316 4945 3367 4996 iu
3399 4956 3573 4996 morte

1999 5017 2320 5093 cuttsolntio.
2360 5016 2503 5093 "fec,
2532 5016 2708 5086 inquit
2740 5019 3192 5093 Maldonatnsxeo
3239 5016 3307 5067 ah
3341 5029 3576 5093 evange-

1996 5087 2121 5141 lista
2171 5097 2279 5140 tam
2345 5088 2550 5141 minute
2599 5097 2913 5148 narrantur,
2975 5098 3032 5139 nt
3093 5089 3322 5145 doceat,
3382 5087 3581 5151 quibus

1997 5157 2181 5212 causis
2228 5154 2484 5210 Christus
2532 5168 2722 5224 spoote
2787 5158 2853 5209 ad
2905 5171 3027 5210 enm
3064 5173 3129 5210 ex
3191 5164 3365 5207 morte
3426 5169 3580 5205 revu-

1999 5227 2234 5280 caudam
2290 5238 2577 5280 accesserit
2611 5245 2627 5282 :
2666 5243 2773 5295 quo
2827 5227 2987 5279 etiam
3032 5225 3277 5295 ccasilior
3329 5232 3576 5277 nostrum

1999 5295 2380 5364 Theophanem
2442 5298 2493 5349 iu
2550 5298 2651 5350 hac
2697 5298 2931 5351 oratoria
2969 5294 3392 5364 ampliﬁcatione
3423 5307 3577 5344 usum

2002 5368 2329 5432 interpretor
2374 5382 2391 5421 :
2437 5366 2972 5442 quodipsemetillis
3009 5366 3186 5420 verbis
3216 5364 3347 5442 satis
3386 5372 3572 5442 osten-

2000 5438 2099 5511 dit,
2131 5450 2251 5511 qua:
2283 5444 2403 5511 post
2426 5432 2810 5511 ;t_ttrplilic;rt_tttti
2841 5436 3080 5511 dolorem
3120 5435 3304 5511 matris
3332 5432 3531 5511 adjecit
3561 5447 3575 5483 :

2008 5505 2068 5575 Et
2102 5505 2192 5557 ubi
2257 5505 2384 5559 vidit
2419 5503 2617 5575 (λέξεως)
2673 5506 2882 5561 viduam
2921 5506 3272 5575 seminudam,
3322 5503 3579 5569 sanguine

1999 5573 2350 5651 lacrymisque
2378 5573 2665 5651 pet'fttsairt,
2698 5588 2956 5630 commota
2988 5583 3109 5629 sunt
3139 5574 3187 5625 ei
3232 5578 3456 5651 viscera,
3486 5583 3578 5651 ait:

2000 5641 2226 5718 poteram
2264 5641 2804 5718 naturamisericors,
2854 5663 2947 5718 pro
3002 5662 3062 5701 ea
3094 5659 3210 5715 qua:
3262 5644 3431 5697 inerat
3488 5641 3574 5696 illi

2002 5731 2125 5785 erga
2152 5713 2412 5771 hominem
2435 5713 2775 5787 benignitate.
