3990 6202
366 315 472 380 223

1565 308 2066 371 THEOPHANIS
2105 307 2454 368 CERAMEI

3536 298 3649 365 224

369 442 567 487 mater.
594 430 923 487 Gravitatem
957 425 1289 481 calamitatis
1325 425 1510 493 vides;
1542 434 1597 481 et
1622 441 1731 494 quo
1762 424 1956 479 verbo-

2068 422 2194 493 δρᾷς
2223 421 2284 475 τὸ
2323 421 2493 491 βάρος
2524 419 2625 489 τῆς
2656 419 2982 489 συμφορᾶςς
3018 416 3136 480 πῶς
3168 418 3228 470 ὲν
3261 415 3465 484 δλίγοις
3497 419 3527 470 ὁ
3559 418 3654 470 λό-

370 541 492 578 rum
530 521 849 591 compendio
882 535 993 573 rem
1019 518 1386 573 miserabilem
1417 517 1619 587 tragice
1655 529 1959 584 reprmsen-

379 617 537 668 tavit.
568 612 706 678 Quid
738 610 884 665 enim
916 609 1063 664 aliud
1099 609 1201 663 dici
1234 608 1535 669 existimas,
1567 621 1728 675 quam
1760 603 1957 658 nullam

371 705 829 775 procreandorum
863 704 1159 757 liberorum
1190 715 1340 769 spem
1377 702 1638 768 reliquam
1662 712 1805 759 esse,
1841 711 1960 765 qua:

371 786 560 852 amissi
582 796 674 849 lilii
704 795 1053 851 acerbitatem
1086 795 1337 864 mitigare
1360 792 1583 862 posset?
1611 790 1785 844 Vidua
1813 790 1957 844 enim

370 890 567 943 mulier
614 899 754 942 erat.
793 888 907 941 Non
964 886 1216 950 habebat,
1271 887 1323 939 in
1374 900 1535 953 quem
1586 883 1823 937 defuncti
1867 882 1958 935 lilii

371 982 491 1035 loco
513 990 854 1034 converteret
876 979 1099 1045 oculos;
1132 978 1360 1046 unigena
1390 976 1590 1045 quippe
1617 984 1755 1029 erat.
1781 972 1962 1038 Quan—

372 1084 485 1127 tum
522 1088 651 1127 vero
704 1074 755 1125 in
802 1072 905 1124 hoc
937 1071 1008 1125 sit
1060 1070 1207 1134 mali,
1251 1069 1511 1138 intelliget
1567 1066 1725 1120 facile
1767 1065 1859 1134 qui
1894 1065 1961 1118 ab

371 1166 609 1220 humana
642 1172 832 1215 natura
866 1178 970 1215 non
1002 1161 1402 1229 peregrinatur.
1443 1161 1495 1212 ltt
1521 1174 1586 1211 eo
1635 1158 1749 1213 solo
1776 1156 1960 1212 fuerat

373 1255 589 1309 dolores
620 1263 807 1321 partus
851 1263 1106 1321 experta;
1153 1252 1276 1305 huic
1312 1251 1409 1305 soli
1456 1251 1757 1321 praebuerat
1790 1267 1959 1304 mam-

374 1362 528 1411 mas;
575 1346 719 1401 solus
769 1361 1007 1399 mensam
1053 1345 1411 1406 exbilarabat,
1456 1346 1603 1398 solus
1652 1353 1771 1398 erat
1813 1342 1958 1396 domi

374 1438 574 1491 laetitia:
622 1452 815 1505 St'gt‘s;
864 1438 978 1491 sive
1030 1436 1256 1500 ludicra,
1306 1436 1418 1489 sive
1467 1434 1608 1489 seria
1654 1446 1859 1503 ageret,
1907 1443 1963 1488 et

376 1530 789 1597 quibuscunque
834 1527 1314 1581 exercitationibus
1362 1527 1512 1580 daret
1557 1541 1811 1594 operam;
1848 1527 1963 1580 sive

377 1622 431 1673 in
473 1620 617 1685 foro,
657 1622 771 1675 sive
803 1622 853 1673 in
893 1620 1307 1689 palaestra,sive
1356 1619 1406 1671 in
1446 1617 1730 1686 acqualimn
1764 1631 1961 1670 corona

374 1714 811 1779 con5piceretur;
839 1712 1099 1780 quidquid
1127 1710 1316 1763 matris
1333 1710 1502 1763 oculis
1524 1709 1682 1763 dulce
1704 1711 1962 1762 charum-

2060 528 2156 580 γος
2185 511 2248 563 τὸ
2285 510 2457 573 πάθος
2507 508 2942 578 ἔξετραγῴδησε.
2976 507 3044 560 Τί
3096 507 3206 576 γάρ
3246 506 3448 561 ὲστιτὸ
3494 507 3656 575 λεγό-

2063 620 2225 673 μενον
2249 618 2265 667 ;
2291 603 2407 656 Οὐκ
2437 597 2507 671 ἦν
2537 602 2709 671 αὐτῆς
2742 600 3088 662 παιδοποιίας
3123 599 3283 662 ἐλπὶς
3310 601 3410 670 τὴν
3442 602 3540 652 ὲπί
3573 601 3655 669 τῷ

2060 696 2368 749 ἑκλείποντι
2430 696 2720 763 συμφορὰν
2798 694 3392 763 θεραπεύουσα’χήρα
3457 696 3570 764 γὰρ
3622 696 3655 765 η

2062 786 2203 854 γυνή
2232 800 2246 814 °
2275 786 2377 838 οὐκ
2409 780 2522 854 εἶχε
2548 785 2684 854 πρὸς
2709 784 2899 851 ἕτερον
2928 785 3049 836 ἀντὶ
3069 782 3166 836 τοῦ
3214 772 3655 850 κατοιχουμένου

2063 874 2285 945 βλέπειν
2311 893 2324 907 ’
2360 878 2656 945 μονογενὴς
2712 876 2823 943 γὰρ
2870 876 2898 927 6
2955 875 3135 936 τόκος.
3173 876 3342 928 Ὅσον
3377 875 3436 928 δὲ
3465 877 3528 927 τὸ
3564 876 3660 928 ἐπὶ

2059 963 2250 1017 τούτου
2285 964 2477 1024 κακὸν,
2513 963 2696 1033 ῥᾴδιον
2751 963 2984 1015 συνιδεῖν
3024 962 3100 1033 τῷ
3147 964 3223 1034 μὴ
3266 965 3658 1036 ἀποξενομένῳ

2062 1054 2161 1121 τῆς
2192 1052 2431 1119 φύσεως.
2463 1053 2642 1105 Μόνον
2673 1055 2730 1105 ὲν
2750 1051 2939 1105 ὠδῖσιν
2971 1055 3179 1106 ἐκεῖνον
3232 1054 3521 1124 ἐγνώρισε,
3559 1056 3661 1124 μό-

2063 1164 2153 1199 νον
2173 1148 2298 1209 ταῖς
2322 1146 2515 1214 θηλαῖς
2546 1146 2740 1200 τοῦτον
2771 1146 3139 1218 ἑτιθηνίσατο,
3164 1149 3321 1214 μόνος
3358 1149 3495 1219 αὐτῇ
3524 1166 3660 1217 φαι-

2061 1236 2198 1303 δρὰν
2248 1236 2426 1289 ἐποίει
2468 1235 2567 1305 τὴν
2618 1237 2923 1305 τράπεζαν,
2971 1236 3134 1307 μόνος
3166 1232 3235 1300 ἦν
3264 1238 3365 1302 τῆς
3389 1240 3531 1293 κατά
3563 1240 3660 1292 τὸν

2061 1322 2211 1378 οἷκον
2245 1326 2607 1397 φαιδρότητος
2643 1328 2677 1396 ἡ
2713 1327 2992 1392 ὑπόθεσις,
3022 1326 3262 1390 παίζων,
3308 1330 3656 1392 σπουδάζων,

2061 1416 2428 1485 ἀσκούμενος,
2486 1416 2917 1488 φαιδρυνόμενος
2938 1420 2996 1470 ὲν
3039 1418 3313 1489 προόδοις,
3349 1420 3406 1472 ὲν
3453 1419 3663 1474 παλαί-

2066 1527 2280 1579 στραις,
2307 1510 2365 1562 ὲν
2393 1510 2677 1579 συλλόγοις
2708 1511 2978 1581 νεότητος.
3027 1512 3142 1564 Πᾶν
3184 1512 3269 1565 ὅτι
3313 1514 3520 1583 μητρὸς
3554 1515 3659 1583 όφ-

2064 1602 2290 1667 θαλμοῖς
2342 1602 2518 1669 γλυκύ
2579 1619 2661 1663 τε.
2721 1602 2817 1655 καὶ
2852 1603 3054 1672 τίμιον,
3104 1603 3269 1672 μόνος
3319 1605 3530 1667 ἐκεῖνος
3562 1601 3658 1659 ἦν.

2069 1697 2208 1765 Ἤδη
2233 1694 2329 1748 τοῦ
2353 1695 2536 1765 γάμου
2593 1695 2692 1763 τὴν
2726 1693 2878 1764 ὥραν
2914 1694 3082 1763 ἄγων,
3115 1697 3143 1749 6
3174 1695 3270 1749 τοῦ
3329 1696 3522 1763 γένους
3557 1698 3662 1767 δρ-

377 1818 483 1870 que
513 1815 693 1871 posset
738 1818 1046 1865 occurrere,
1079 1803 1131 1856 in
1163 1817 1225 1855 eo
1258 1803 1376 1855 solo
1405 1802 1639 1869 positum
1670 1811 1809 1854 erat.
1838 1798 1956 1853 Jam

2068 1788 2201 1858 πηξ,
2234 1790 2262 1841 6
2295 1788 2394 1857 τῆς
2419 1788 2671 1858 διαδοχῆς
2694 1788 2912 1850 κλάδος,
2948 1788 2981 1857 ἡ
3008 1786 3287 1857 βακτηρία
3318 1786 3414 1840 τοῦ
3442 1790 3659 1857 γήρως.

282 1916 287 1919 ·
377 1895 634 1948 ducendae
655 1895 839 1947 uxoris
870 1905 1135 1958 tnaturus,
1188 1895 1350 1948 totius
1373 1893 1584 1963 generis
1620 1894 1786 1960 stirps
1818 1892 1964 1961 ejus.

378 2001 483 2054 que
523 1985 850 2055 propagandi
890 2001 1092 2047 ramus,
1128 1997 1181 2037 et
1229 1984 1619 2037 adminiculum
1668 1982 1964 2037 senectutis

376 2087 516 2130 erat.
546 2076 651 2129 Sed
684 2077 859 2129 aetatis
891 2075 1322 2130 additamentum
1356 2076 1501 2130 aliud
1534 2076 1831 2129 lamentum
1857 2082 1961 2128 est.

376 2169 513 2222 Cum
546 2170 687 2222 enim
717 2169 1114 2222 adolescentem
1147 2168 1304 2231 dixit,
1342 2168 1528 2221 ﬂorem
1558 2169 1735 2220 aetatis
1782 2181 1963 2220 emar-

379 2260 558 2313 cuisse
585 2260 879 2315 denotavit.
917 2259 1017 2313 Cui
1063 2259 1278 2330 quidem
1315 2261 1487 2329 prima
1533 2259 1728 2327 lanugo
1771 2259 1964 2312 vestie-

377 2362 463 2405 rat
499 2366 686 2419 genas,
724 2354 959 2407 nondum
990 2354 1056 2406 ad
1084 2352 1284 2420 justam
1320 2352 1499 2406 barba!
1534 2353 1962 2422 magnitudinem

377 2457 558 2508 aucta,
595 2446 728 2497 etin
755 2446 907 2513 genis
942 2446 1105 2499 etiam
1154 2454 1281 2499 tunc
1310 2444 1713 2513 pulchritmline
1749 2445 1969 2498 interlu-

379 2547 559 2589 cente.
594 2534 653 2590 In
696 2552 882 2591 amore
937 2553 1000 2589 ac
1034 2536 1307 2589 desiderio
1353 2537 1594 2589 omnium
1647 2551 1780 2605 puer
1824 2544 1962 2588 erat.

377 2627 623 2696 lnnupta:
657 2626 780 2679 talis
815 2627 1001 2697 sponsi
1056 2626 1405 2694 coujugium;
1461 2624 1719 2694 conjuges
1768 2626 1961 2695 progi-

375 2731 541 2785 gnere
580 2715 715 2768 tales
746 2715 882 2770 illius
911 2716 1047 2769 votis
1074 2716 1366 2784 optabant;
1402 2729 1560 2768 senes
1592 2714 1717 2769 huic
1750 2715 1964 2768 adoles-

375 2808 543 2870 centi,
572 2818 627 2860 ut
661 2807 876 2875 proprio
908 2807 1037 2870 lilio,
1074 2806 1385 2861 studebant.
1420 2803 1593 2859 Vidua
1629 2821 1759 2859 vero
1790 2813 1967 2859 mater

376 2898 659 2966 complexu
691 2913 750 2953 se
778 2898 889 2950 lilio
919 2898 1205 2967 implicans
1247 2897 1540 2951 identidem
1571 2897 1881 2959 ltctabatur,
1912 2906 1964 2951 et

376 3004 441 3043 ex
472 2990 631 3043 labiis
661 2988 872 3054 ﬂorem,
919 2991 1171 3041 ruborem
1202 3004 1267 3041 ex
1298 2988 1469 3058 genis,
1518 2988 1725 3042 osculis
1774 2990 1965 3043 decer-

2078 1880 2242 1933 Ἀλλὰ
2269 1879 2363 1933 καὶ
2414 1880 2514 1948 τῆς
2547 1880 2767 1949 ἡλικίας
2803 1878 3095 1947 προσθήκη
3137 1877 3297 1941 ἄλλος
3331 1878 3555 1948 θρῆνος.
3595 1878 3661 1931 Ὀ

2064 1973 2174 2043 γάρ
2198 1972 2419 2024 νεανίαν
2451 1969 2646 2033 εἰπὼν,
2676 1970 2738 2022 τὸ
2766 1970 2926 2032 ἄνθος
2965 1965 3086 2022 εἷπε
3132 1970 3233 2039 τῆς
3277 1972 3663 2040 μαρανθείσης

2066 2064 2237 2133 ὥρας.
2274 2064 2436 2132 Ἀρτι
2489 2064 2603 2124 τοῖς
2658 2061 2854 2123 ἰούλοις
2885 2062 3314 2132 ὑποχλοάζοντα,
3354 2062 3510 2115 οῦπω
3559 2063 3661 2116 τοῦ

2069 2156 2331 2225 πώγωνος
2382 2157 2470 2209 διὰ
2510 2156 2709 2227 βάθους
2741 2156 3260 2223 ὑποπιμπλάμενον,
3294 2155 3372 2210 ἔτι
3416 2174 3495 2224 τε)
3522 2157 3664 2210 κάλ-

2066 2248 2149 2301 λει
2180 2248 2290 2303 τῶν
2339 2249 2585 2320 παρειῶν
2634 2248 3026 2303 ἀποστίϐοντα.
3070 2249 3370 2318 Ἐράσμιος
3426 2244 3518 2320 ἦν,
3559 2252 3659 2302 καὶ

2069 2340 2415 2410 ποθούμενος
2470 2342 2638 2395 πᾶσιν
2688 2341 2717 2393 6
2749 2342 2899 2403 παῖς.
2939 2342 3005 2393 At
3038 2339 3302 2411 παρθένοι
3349 2341 3661 2411 ὲπηύχοντο

2073 2431 2321 2485 τοιούτου
2347 2432 2586 2501 νυμφίου
2618 2431 2876 2500 γενέσθαι
2898 2432 3169 2500 ὀμόζυγες
3193 2447 3207 2462 ·
3245 2432 3301 2484 αί
3338 2432 3445 2484 ὑπὸ
3467 2433 3659 2501 ζυγὸν,

2072 2524 2354 2588 τοιούτους
2388 2524 2535 2594 ἔχειν
2568 2524 2740 2586 υἱούς.
2775 2525 2839 2578 Οἱ
2875 2525 3132 2593 γέροντες
3158 2523 3234 2591 τῷ
3269 2524 3455 2595 νεανίᾳ
3482 2540 3662 2593 προσ-

2068 2622 2233 2689 εῖχον,
2290 2618 2365 2679 ὡς
2413 2619 2601 2691 οἰκείῳ
2640 2620 2813 2674 παιδί.
2855 2618 2919 2672 Ἢ
2967 2620 3024 2673 δὲ
3057 2622 3206 2690 χήρα
3246 2621 3431 2691 μήτηρ
3464 2620 3659 2691 ἔχαιρε

2070 2711 2278 2781 θαμινὰ
2309 2712 2755 2783 περιπλεκομένη
2785 2712 2864 2782 τῷ
2898 2712 3022 2783 υἱῷ,
3054 2713 3150 2766 καὶ
3184 2712 3415 2782 φιλοῦσα
3459 2713 3539 2784 τῷ
3563 2714 3661 2767 ἐπὶ

2067 2804 2165 2857 τοῦ
2205 2804 2419 2875 χείλους
2450 2805 2611 2868 ἄνθος
2637 2806 2732 2857 καὶ
2760 2804 2861 2875 τῆς
2889 2807 3126 2875 παρειᾶς
3160 2806 3220 2859 τὸ
3248 2807 3528 2877 ἐρύθημα,
3560 2809 3661 2862 καὶ

2066 2898 2193 2959 τοὺς
2227 2896 2562 2966 βοστρύχους
2595 2897 2726 2949 ποτὲ
2755 2898 2855 2967 μὲν
2879 2896 3286 2963 ἀναπλέκουσα,
3321 2900 3452 2952 ποτὲ
3471 2898 3530 2951 δὲ
3551 2900 3653 2952 ἀν-

2071 2991 2196 3042 εῖσα
2225 2990 2348 3050 ταῖς
2369 2986 2572 3057 αὔραις
2622 2988 3024 3057 περισοδολείν.
3054 2989 3211 3059 Τάχα
3252 3006 3356 3043 που
3396 2991 3429 3061 ή
3464 2990 3657 3056 ἀθλία,

377 3080 558 3147 pebat.
603 3080 895 3133 Cincinnos
950 3079 1106 3132 modo
1142 3079 1403 3148 illigabat,
1440 3082 1597 3132 modo
1648 3079 1962 3148 quatiendos

2069 3083 2165 3135 καὶ
2220 3080 2442 3151 νύμφην
2494 3083 2725 3149 ἀγαγεῖν
2769 3081 3111 3151 ὲφαντάςετο
3139 3081 3218 3151 τῷ
3251 3082 3403 3151 καλῷ
3442 3082 3654 3154 νεανίᾳ,

380 3169 696 3223 remittebat
724 3169 893 3233 auris,
929 3181 980 3222 et
1016 3169 1265 3223 fortassis
1292 3168 1455 3223 etiam
1489 3169 1675 3224 infelix
1721 3168 1962 3224 formoso

370 3260 556 3328 juveni
598 3277 852 3330 sponsam
904 3264 1238 3332 despondere
1285 3264 1577 3332 cogitabat,
1644 3264 1961 3317 etcircum-

377 3352 644 3421 spiciebat
677 3354 914 3423 virgines
945 3370 1008 3408 ex
1044 3356 1237 3422 quibus
1276 3354 1780 3423 praestantissituam
1812 3355 1961 3426 lege—

377 3454 495 3498 ret:
521 3454 574 3499 et
597 3445 854 3498 corollam
885 3445 984 3514 (9),
1006 3456 1055 3499 et
1083 3446 1406 3512 thalamum,
1426 3454 1480 3499 et
1494 3444 1603 3517 34
1621 3448 1959 3515 hymenaeum

379 3538 705 3591 somniabat.
726 3535 868 3604 Quin
904 3539 1067 3592 etiam
1099 3538 1143 3592 si
1173 3539 1301 3608 quid
1328 3540 1377 3591 in
1412 3553 1663 3593 sermone
1688 3539 1960 3592 communi

380 3628 603 3681 dubium
636 3629 992 3698 jurejurando
1041 3630 1473 3685 confirmandum
1531 3630 1828 3693 accideret,
1867 3645 1964 3698 per

380 3729 547 3786 caput
576 3719 707 3773 illud
740 3720 977 3788 jurabat.
1011 3719 1089 3773 Ita
1124 3719 1274 3773 fruar
1324 3720 1484 3773 unico
1531 3730 1658 3773 nato
1696 3734 1839 3784 meo,
1885 3720 1963 3772 sic

379 3812 502 3880 ejus
531 3828 786 3868 coronam
818 3814 1051 3867 osculari
1092 3816 1270 3876 detur,
1304 3813 1383 3867 sic
1404 3813 1520 3881 ejus
1545 3812 1684 3867 ﬁlios
1712 3818 1959 3877 educem,

382 3906 455 3959 ita
497 3906 639 3960 inter
691 3905 808 3973 ejus
860 3922 1053 3960 manus
1083 3905 1195 3976 (l0)
1226 3904 1619 3975 iucundissime
1667 3905 1961 3974 exspirem.

379 4000 558 4068 Atque
585 3999 658 4052 ita
686 4009 856 4053 mater
878 3998 1049 4052 solum
1075 3998 1314 4066 spirabat
1345 3998 1550 4052 lilium:
1598 3997 1760 4066 idque
1790 3997 1961 4052 solum

382 4090 617 4144 habebat
648 4090 769 4144 vitae
809 4090 1085 4145 solatium.
1122 4090 1191 4144 At
1231 4104 1360 4143 vero
1398 4088 1667 4142 horrenda
1719 4103 1866 4142 mors
1902 4087 1967 4142 il-

381 4184 493 4237 lum
527 4182 807 4248 invadens,
852 4198 978 4250 spes
1015 4184 1266 4237 meliores
1294 4180 1562 4252 prrccidit,
1597 4181 1646 4233 in
1688 4181 1802 4250 ipsa
1827 4181 1964 4235 ado-

380 4278 637 4334 lescentia
658 4296 779 4333 cum
799 4295 830 4333 e
848 4279 958 4333 vita
984 4279 1319 4349 praeripiens.
1348 4276 1522 4333 Grave
1548 4291 1710 4346 porro
1733 4274 1963 4344 parenti,

379 4387 444 4424 ac
472 4373 632 4442 plane
677 4372 941 4441 tragicum
1002 4371 1359 4425 infortunium
1413 4369 1619 4424 illatum
1674 4377 1776 4422 est.
1839 4364 1963 4432 Quo

2066 3176 2160 3226 καὶ
2211 3172 2310 3237 τὰς
2370 3173 2679 3241 παρθένους
2737 3175 3100 3243 περιεσκόπει
3157 3172 3497 3243 ἐκλεγομένη
3556 3176 3659 3243 τὴν

2066 3266 2381 3335 κρείττονα,
2434 3264 2532 3317 καὶ
2586 3265 2679 3317 τὸν
2727 3265 2996 3333 στέφανον
3029 3265 3389 3335 ὀνειροπόλει,
3428 3266 3524 3319 καὶ
3553 3265 3659 3335 τὴν

2066 3357 2339 3421 παστάδα,
2390 3356 2487 3409 καὶ
2554 3355 2647 3409 τὸν
2697 3356 2980 3424 ὑμέναιον.
3012 3354 3209 3421 Ἦπουί
3239 3359 3333 3412 καὶ
3370 3357 3534 3428 ὅρκος
3586 3353 3659 3429 ἦν

2064 3451 2202 3520 αὐτῇ
2254 3451 2311 3501 ὲν
2362 3450 2475 3509 τοῖς
2505 3448 2615 3500 τῶν
2664 3447 2840 3516 λόγων
2868 3449 3198 3519 ἀμφιϐόλοις
3234 3452 3264 3504 ό
3292 3452 3445 3513 παῖς,
3481 3449 3659 3511 οὕτως

2063 3538 2301 3608 ὀναίμην
2331 3538 2425 3590 τοῦ
2460 3538 2786 3606 μονογενοῦς
2824 3557 2923 3608 μου
2974 3539 3114 3601 υἱοῦ,
3138 3540 3283 3594 οὕτω
3307 3541 3400 3593 τὸν
3436 3541 3655 3594 ἐκείνου

2068 3632 2365 3701 φιλήσαιμι
2405 3630 2697 3699 στέφανον,
2740 3630 2886 3684 οὕτω
2910 3632 3117 3685 παίδων
3147 3633 3356 3685 ἐκείνου
3392 3634 3659 3703 γενοίμην

2066 3724 2293 3794 τροφὸς,
2343 3721 2487 3775 οὕτω
2548 3725 2667 3785 ταῖς
2688 3723 2783 3775 τοῦ
2814 3722 2932 3776 υἱοῦ
2957 3727 3149 3795 χερσὶν
3181 3726 3352 3793 ἡδέως
3377 3726 3657 3797 ἐναποψύ-

2066 3813 2245 3880 ξαιμι.
2302 3811 2445 3864 Ἀλλ’
2477 3812 2511 3881 ἡ
2539 3812 2638 3881 μὲν
2678 3814 2864 3883 μήτηρ
2886 3812 3061 3875 οὕτως
3104 3814 3329 3867 ἀνέπνει
3374 3816 3535 3884 μόνον
3571 3833 3663 3885 μο-

2063 3903 2278 3973 νονουχὶ
2307 3902 2399 3956 τὸν
2429 3903 2621 3970 παῖδα,
2656 3905 2717 3956 τὸ
2753 3904 2926 3971 γλυκὺ
2963 3905 3100 3976 αὐτῇ
3130 3906 3499 3976 παραμύθιον.
3531 3907 3658 3961 Ὀδὲ

2065 3998 2227 4066 φόνος
2249 3995 2505 4066 ῥαγδαῖος
2534 3994 2837 4059 ἐπιπεσὼν,
2867 3995 3193 4050 ἐπισκόπτει
3220 3997 3321 4061 τὰς
3356 3998 3657 4068 χρηστοτέο

2070 4105 2172 4161 ρας
2202 4087 2429 4149 ἐλπίδας
2452 4087 2780 4157 ἀναρπάσας
2813 4088 2978 4141 αὐτὸν
3002 4089 3105 4157 τῆς
3143 4088 3291 4158 ζωῆς
3335 4091 3393 4142 ὲν
3425 4091 3565 4161 αὐτῇ
3592 4093 3659 4162 τῇ

2068 4182 2308 4252 νεότητι.
2356 4180 2509 4249 Βαρὺ
2562 4180 2619 4232 δέ
2673 4197 2726 4232 τι
2762 4180 2856 4233 καὶ
2898 4180 3166 4251 τραγικὸν
3192 4181 3367 4245 πάθος
3388 4185 3454 4253 τῇ
3488 4183 3660 4254 μητρὶ

2070 4273 2397 4344 συνηνέχθη.
2426 4272 2563 4326 Τίνα
2588 4273 2697 4341 γὰρ
2723 4271 2904 4342 ψυχὴν
2957 4273 3253 4342 ἐσχηκέναι
3278 4273 3533 4345 νομίζετε
3560 4276 3662 4344 τὴν

2067 4366 2311 4419 δειλαίαν
2336 4365 2558 4435 ἐκείνην
2589 4366 2826 4436 μητέρα,
2859 4366 2908 4419 εί
2945 4367 3087 4429 τέως
3114 4361 3229 4437 εἷχε
3279 4366 3480 4438 ψυχὴν,
3515 4368 3661 4435 δρῶ-

379 4460 522 4513 enim
567 4462 751 4514 animo
803 4459 970 4514 fuisse
1019 4460 1348 4515 existimatis
1398 4474 1758 4514 aerumnosam
1816 4457 1959 4511 illam

2072 4476 2171 4511 σαν
2214 4458 2680 4531 ψυχορραγοῦντα
2735 4456 2825 4510 τὸν
2884 4457 3163 4527 φίλτατον,
3196 4460 3393 4513 καὶτὰ
3450 4462 3661 4529 ἔσχατα

380 4559 633 4613 matrem,
663 4552 708 4605 si
742 4560 920 4604 tamen
953 4551 1131 4604 anima
1165 4552 1217 4603 in
1249 4566 1311 4605 ea
1341 4551 1632 4616 residebat,
1669 4566 1789 4605 cum
1813 4550 1962 4603 vide-

384 4649 463 4695 ret
498 4644 880 4697 cltarissitnum
925 4652 1110 4697 natttm
1150 4644 1259 4713 jam
1295 4643 1654 4703 deiicientem,
1686 4653 1742 4697 et
1777 4651 1962 4697 extre-

382 4751 497 4788 mos
525 4736 753 4790 cientem
780 4736 1025 4803 spiritus,
1056 4745 1109 4791 et
1145 4735 1229 4789 \ix
1253 4750 1505 4803 suprema
1530 4735 1690 4789 matri
1715 4736 1964 4789 mandata

380 4826 493 4898 (ll)
532 4827 1006 4883 committentem?
1052 4828 1167 4894 Qua
1199 4828 1449 4884 oratione
1498 4827 1821 4893 describam,
1858 4841 1965 4897 quo

2072 4549 2330 4611 πνέοντα,
2393 4548 2491 4601 καὶ
2524 4547 2679 4618 μόλις
2722 4547 3141 4619 ὲπισκήπτοντα
3170 4550 3236 4619 τῇ
3268 4550 3441 4619 μητρὶ
3470 4551 3541 4603 τὰ
3567 4567 3660 4602 τε-

2071 4641 2321 4702 λευταῖα,
2373 4641 2469 4693 καὶ
2532 4640 2911 4709 συντακτήρια
2940 4657 2956 4705 ;
2986 4639 3110 4703 Πῶς
3175 4643 3523 4711 παραστήσω
3581 4641 3663 4713 τῷ

2070 4735 2215 4806 λόγῳ
2244 4733 2392 4797 ὅπως
2413 4735 2441 4787 6
2476 4734 2574 4803 μὲν
2612 4734 2734 4797 νέος
2761 4732 2841 4803 τῷ
2872 4733 3092 4803 σφοδρῷ
3111 4733 3335 4806 πυρετῷ
3359 4735 3501 4787 κατὰ
3521 4734 3658 4804 βρα-

2072 4829 2140 4898 χὺ
2177 4825 2530 4897 ἐμαραίνετο,
2564 4826 2597 4897 ἡ
2631 4824 2689 4879 δὲ
2720 4823 2903 4896 μήτηρ
2926 4825 3236 4896 παρίστατο
3265 4825 3544 4897 περιδεὴς,
3561 4827 3663 4879 καὶ

1619 4980 1939 5042 Francisci
1975 4982 2185 5045 Scorsi
2224 4988 2412 5043 notae.

456 5108 534 5179 (9)
564 5106 631 5160 Et
663 5108 935 5162 corollam.
957 5109 1184 5162 Corollze
1212 5106 1542 5179 mentionem
1565 5106 1741 5179 injicit
1770 5115 1961 5160 auctor

380 5196 446 5234 ex
468 5177 631 5232 more
671 5179 885 5243 rituque
927 5179 1234 5232 Grmcorum
1268 5178 1362 5246 qui
1424 5177 1831 5230 matrimonium
1871 5192 1960 5228 so-

384 5254 564 5304 lemne
590 5264 712 5302 cum
765 5248 975 5312 ineunt,
1012 5250 1260 5301 coronari
1310 5247 1506 5301 solent.
1542 5247 1596 5300 In
1633 5246 1960 5314 Encholngio

383 5323 622 5389 ipsorum
648 5320 801 5384 longa
831 5328 914 5389 est
935 5318 1229 5371 ἀκολουθία
1254 5317 1353 5389 τοῦ
1377 5318 1825 5389 στεφανώματοε,
1860 5319 1963 5369 hoc

383 5388 460 5447 est
505 5392 656 5453 ordo,
708 5404 798 5442 seu
838 5388 973 5441 ritus
1026 5388 1384 5441 coronatiouis
1428 5388 1607 5457 sponsi
1653 5398 1700 5440 et
1733 5402 1960 5456 sponsm.

457 5484 566 5551 (10)
612 5481 696 5536 lla
732 5482 870 5534 inter
910 5480 1024 5551 ejus
1057 5498 1283 5551 manus,
1322 5474 1671 5535 Notissimqu
1726 5490 1957 5551 mat_runt

383 5548 585 5605 votum.
620 5553 813 5606 Senec.
841 5548 1113 5605 Consolat.
1144 5551 1210 5601 ad
1238 5550 1493 5613 Helviam,
1526 5566 1646 5618 cap.
1680 5552 1745 5605 16
1774 5568 1787 5603 :
1820 5548 1957 5604 Deos

386 5640 499 5680 ore.
530 5624 798 5687 conlingat
824 5625 962 5675 hunc
1015 5622 1161 5673 nobis
1198 5623 1387 5675 habere
1412 5622 1767 5686 superstitem.
1807 5621 1958 5673 Alter

388 5694 583 5745 Senec.
610 5691 795 5746 Contr.
823 5708 850 5742 ν
880 5708 892 5744 :
921 5691 1008 5745 Ita
1034 5691 1160 5742 mihi
1188 5693 1464 5754 superstite
1486 5691 1597 5757 ﬁlio
1622 5690 1754 5743 mori
1776 5689 1954 5745 licent.
1988 5736 1991 5739 .

390 5763 513 5818 Inde
539 5763 755 5828 querela
791 5763 841 5817 in
873 5762 1042 5818 veleri
1071 5762 1429 5831 inscriptione
1459 5761 1719 5817 solemnis
1761 5777 1775 5815 :

2176 5107 2357 5174 Quod!
2378 5106 2552 5160 decuit
2595 5113 2774 5157 natum
2825 5105 2967 5169 putri
3007 5115 3261 5157 uraastare
3315 5104 3546 5174 sepulto,

2288 5177 2399 5230 Hoc
2432 5185 2618 5230 contra
2643 5184 2785 5245 nato.
2808 5176 3054 5243 prwslitil
3082 5176 3191 5244 ipse
3222 5190 3440 5241 parens.

2142 5269 2254 5339 (ll)
2291 5266 2550 5333 Suprema
2598 5266 2760 5339 matri
2805 5264 3082 5339 mandem.
3140 5264 3215 5318 Ita
3247 5266 3657 5339 interpretatus

2071 5334 2191 5393 sum
2230 5334 2414 5393 vocem
2449 5336 2867 5405 συντακτήριον,
2903 5336 3137 5403 primum
3170 5334 3391 5405 quidem
3426 5350 3489 5389 ex
3516 5351 3655 5389 con-

2068 5410 2303 5477 jectura,
2354 5408 2550 5461 deinde
2589 5403 2719 5459 cum
2752 5406 2819 5458 ad
2869 5416 3024 5477 notas
3075 5405 3238 5458 hasce
3290 5403 3658 5459 elaborandas

2073 5475 2293 5533 Patrum
2332 5478 2560 5532 aliorum
2592 5476 2819 5540 scripta,
2865 5482 2921 5529 et
2950 5475 3309 5543 iuterpretmn
3343 5484 3497 5528 notas
3531 5491 3659 5540 per-

2068 5550 2407 5611 volutarem,
2478 5545 2791 5601 continuari
2851 5545 3358 5611 interpretationem
3431 5558 3656 5605 meam,

2067 5633 2296 5685 eamque
2329 5631 2517 5671 vocem
2554 5628 2716 5671 sensu
2742 5630 2770 5667 a
2801 5631 2887 5669 me
2916 5614 3131 5668 reddito
3156 5629 3199 5685 Aa
3234 5613 3440 5685 Graecis
3474 5612 3656 5685 Patri-

2070 5691 2169 5743 bus
2202 5681 2514 5755 usurpatam
2546 5686 2819 5751 comperi;
2871 5701 2995 5740 nam
3031 5682 3183 5755 apud,
3221 5681 3477 5755 profanos
3514 5682 3656 5738 scri-

2066 5768 2250 5829 ptorcs
2291 5753 2448 5828 hujus
2487 5756 2731 5813 vocabuli
2759 5757 3064 5827 exemplum
3099 5753 3322 5809 nullum.
3364 5754 3421 5809 ιιι
3452 5754 3649 5810 obser-
