3990 6202
313 306 427 371 225

1712 305 2045 368 HOMILIA
2083 307 2188 372 VI.

3489 311 3596 374 2‘26

320 417 663 489 ὑπότρομος,
727 417 1215 491 ἀπηνθρακωμὲνη
1240 420 1310 473 τὰ
1352 418 1661 488 σπλάγχνα,
1711 434 1908 487 πεφρι-

2020 423 2180 485 pacto
2226 415 2365 470 ﬁlius
2413 414 2630 485 quidem
2669 417 2969 473 vehementi
3025 419 3160 475 febri
3201 421 3404 477 sensim
3444 425 3610 480 absu-

316 511 503 582 γμένη
564 511 637 564 τὰ
663 511 843 581 χείλη,
891 513 1215 584 κεκαρμένη
1258 512 1357 582 τὴν
1392 512 1595 583 κόμην,
1627 510 1815 582 γυμνὴ
1843 509 1913 562 τὰ

317 606 550 676 στέρνα,
583 605 1058 676 ἀπαρακαλυπτος
1094 606 1197 676 τὴν
1245 604 1514 676 κεφαλὴν,
1558 605 1763 668 ἑλπίδι,
1817 604 1915 658 καὶ

319 698 474 768 φόὖῳ
504 697 866 769 μεριζομένη.
896 695 1282 759 ὲνατενίξουσα
1316 698 1393 767 τῷ
1421 697 1575 751 παιδὶ
1616 696 1904 767 ἀσκαρδα-

322 790 520 862 μύκτφ
556 790 653 842 καὶ
685 789 943 860 κεχηνότι
966 789 1045 859 τῷ
1085 789 1384 860 βλέμματι,
1417 789 1513 842 καὶ
1543 788 1695 842 ὥσπε
1706 807 1737 859 ρ
1763 789 1912 877 αξτῷ

322 880 760 946 ωνεκπνὲουσα,
794 879 900 944 ἕως
935 880 1074 934 κατὰ
1118 880 1290 951 βραχὺ
1325 880 1705 953 ὑποῤῥεούσης
1746 880 1914 935 αὐτοῦ

315 975 418 1044 τῆς
452 972 552 1028 τοῦ
607 972 863 1044 σώματος
914 972 1103 1038 ἕξεως,
1139 975 1234 1027 καὶ
1299 973 1408 1026 τῶν
1443 975 1692 1043 φυσικῶν
1735 974 1907 1028 τόνων

318 1067 763 1136 ἐλαττουμένων,
793 1066 890 1120 καὶ
939 1066 1351 1135 ξαπανουμένου
1398 1066 1492 1120 τοῦ
1549 1066 1861 1136 πνεύματος
1888 1070 1916 1120 ὁ

316 1160 451 1220 παῖς
496 1156 848 1227 ἑναπέψυξες
881 1157 1010 1217 Πῶς
1045 1152 1187 1223 εἶδες
1224 1159 1340 1221 πῶς
1364 1158 1629 1229 ὑπέμεινε
1656 1176 1671 1225 ;
1702 1159 1823 1221 πῶς
1852 1158 1914 1211 οὐ

317 1248 648 1315 συναπῆλθε
710 1248 791 1318 τῷ
836 1248 1269 1318 τελευτήσαντις
1316 1247 1450 1318 Ἐμὲ
1483 1249 1616 1317 γοῦν
1661 1248 1916 1303 τοσοῦτον

316 1340 644 1409 ἐπτέρωσεν
675 1339 709 1406 ἡ
740 1337 1069 1407 ἀνάμνησις,
1111 1336 1184 1400 ὡς
1208 1338 1389 1392 δοκεῖν
1415 1340 1681 1408 παρεῖναι
1715 1338 1795 1407 τῷ
1828 1340 1916 1391 τό·

321 1452 439 1504 πῳ,
471 1434 565 1486 καὶ
589 1433 726 1504 ὁρᾷν
762 1431 835 1484 τὰ
885 1430 981 1485 τοῦ
1047 1430 1352 1500 δράματος.
1396 1431 1461 1484 Ἦ
1510 1433 1610 1501 μὲν
1639 1430 1732 1486 οὖν
1760 1431 1916 1495 πόλις

320 1524 467 1578 Ναῖν
501 1524 658 1577 πᾶσα
690 1523 945 1595 συνέῤῥει
977 1521 1072 1576 ἐπὶ
1095 1525 1161 1593 τῇ
1193 1522 1481 1593 εἰσκομιδῇ
1510 1523 1603 1576 τοῦ
1634 1524 1782 1587 νέου,
1820 1525 1917 1578 καὶ

325 1618 496 1689 θροῦς
537 1616 783 1686 ἐγεγόνει
846 1614 1038 1681 πολὺς,
1085 1615 1182 1668 καὶ
1238 1615 1437 1686 θρῆνος
1488 1610 1555 1685 ἦν
1608 1616 1912 1686 συμμιγὴς,

321 1710 538 1780 ἀνδρῶν
564 1708 779 1777 οἰμωγὴ
804 1707 1086 1777 γυναικῶν
1111 1706 1369 1776 ὀλολυγὴ,
1404 1708 1696 1776 παρθένων
1732 1725 1914 1761 κωκυ-

318 1805 441 1869 τὸς,
472 1802 681 1855 παίδων
735 1798 1213 1871 κλαυθμυρισμὸς,
1253 1799 1428 1851 πάντα
1478 1799 1734 1869 δακρύων
1778 1801 1911 1853 ἀνά-

323 1910 528 1963 μεστα.
576 1894 636 1946 '0
662 1891 722 1946 δὲ
751 1892 916 1953 νέκυς
950 1890 1130 1943 ἔκειτο
1159 1889 1414 1952 ἐκταθεὶς
1437 1889 1529 1941 ἐπὶ
1547 1890 1642 1944 τοῦ
1669 1890 1907 1962 σκίμπο-

324 1987 419 2049 δος
453 1986 668 2049 ὕπτιος,
700 1978 789 2037 οἷα
822 1982 1004 2052 πεύκη
1043 1999 1127 2045 τις
1170 1982 1460 2052 ὑψίκομος,
1493 1983 1524 2053 ἢ
1570 1984 1911 2051 κυπάρισσος

321 2080 391 2148 ἦν
449 2080 672 2149 ἀνέμων
727 2077 958 2132 διέσεισε
1016 2075 1318 2147 προσϐολὴ,
1347 2077 1438 2128 καὶ
1486 2076 1678 2138 αὐταῖς
1730 2074 1909 2144 ῥίζαις

2018 518 2285 573 meretur;
2315 515 2489 563 mater
2522 522 2650 563 vero
2677 518 2882 563 astaret
2922 512 3259 581 exanimata,
3303 522 3360 569 et
3396 517 3609 586 trepida

2019 601 2229 655 exustis
2268 601 2587 665 visceribus,
2628 602 2906 657 arentibus
2950 603 3131 669 labiis,
3166 606 3392 661 discissa
3428 622 3608 672 coma,

2020 694 2162 747 nudo
2188 705 2410 762 pectore
2441 693 2793 763 (l2),capitis
2824 695 3304 764 rejectovelamiue
3335 697 3604 767 ﬂuctuans

2021 800 2174 855 spem
2224 788 2367 839 inter
2401 798 2456 840 et
2510 796 2756 854 metum;
2806 787 2858 841 in
2910 789 3020 843 ﬁlio
3065 789 3287 845 immoto
3314 802 3476 860 atque
3522 793 3605 847 in-

2019 878 2203 933 hiante
2241 880 2429 934 obtutu
2463 879 2660 945 deﬁxa,
2696 888 2752 932 et
2780 895 2884 933 una
2913 895 3036 935 cum
3071 881 3186 949 ipso
3211 884 3602 951 propemodum

2018 972 2255 1025 animam
2289 970 2513 1028 etllans:
2565 972 2737 1025 donec
2768 971 3042 1027 dilabente
3072 974 3333 1043 paulatim
3362 978 3607 1047 corporis

2019 1063 2357 1128 habitudine,
2399 1075 2455 1118 et
2484 1075 2695 1118 naturae
2731 1062 2988 1120 ﬁrmitate
3019 1067 3274 1132 contrita,
3309 1069 3609 1123 exhausto-

2018 1170 2125 1223 que
2167 1156 2278 1224 jam
2334 1157 2526 1226 Spiritu
2566 1157 2706 1212 ﬁlius
2741 1158 3059 1227 exspiravit.
3110 1159 3210 1225 Qui
3272 1160 3451 1214 vidit?
3513 1164 3606 1232 qui

2017 1248 2327 1303 sustinuit?
2352 1249 2441 1318 qui
2472 1264 2594 1302 cum
2624 1259 2887 1318 pereunte
2920 1250 3031 1304 ﬁlio
3073 1266 3177 1305 non
3209 1252 3488 1307 decessit?
3539 1269 3607 1309 ac

2020 1355 2108 1396 me
2154 1356 2286 1395 sane
2319 1343 2389 1394 ita
2420 1342 2643 1410 hujusce
2673 1341 2748 1395 rei
2779 1345 3228 1399 commemoratio
3267 1345 3434 1399 veluti
3484 1349 3607 1415 qui-

2019 1432 2247 1486 busdam
2284 1431 2387 1485 alis
2411 1431 2604 1495 erexit,
2641 1444 2697 1486 nt
2731 1431 2859 1486 inibi
2890 1446 3131 1499 praesens
3157 1448 3301 1497 esse,
3330 1445 3383 1488 et
3414 1435 3603 1489 drama

2018 1530 2267 1592 spectare
2300 1522 2431 1577 mihi
2489 1522 2695 1578 videar.
2750 1522 2886 1577 Nam
2932 1524 3129 1579 civitas
3170 1523 3323 1580 Naim
3363 1527 3430 1578 ad
3483 1526 3603 1596 ejus

2018 1615 2383 1670 adolescentis
2438 1613 2603 1669 funus
2664 1624 2773 1670 tota
2829 1630 2888 1670 se
2935 1615 3218 1682 elluderat,
3267 1617 3607 1686 multumque

2020 1708 2340 1762 turbabatur
2363 1707 2788 1775 comploratione
2812 1707 3077 1785 confusa;
3107 1709 3343 1764 virorum
3366 1711 3596 1781 gemitu,

2019 1798 2311 1852 mulierum
2333 1798 2557 1864 ululatu,
2587 1799 2855 1866 virginum
2884 1800 3036 1865 ﬁetu,
3057 1816 3343 1871 puerorum
3375 1802 3602 1871 ejnlatn,

2017 1890 2198 1943 omnia
2219 1889 2376 1957 plena
2394 1888 2644 1957 lacrymis
2666 1898 2842 1942 erant.
2861 1888 3106 1943 Mortuus
3130 1904 3257 1944 vero
3269 1888 3507 1956 jacebat(
3516 1890 3604 1957 15)

2016 1981 2353 2050 iugrahbato
2370 1980 2855 2049 porrectus,velnti
2884 1995 3105 2051 procera
3146 1982 3392 2050 quaedam
3448 1981 3608 2049 pinus

2016 2082 2109 2127 aut
2138 2088 2433 2141 cupresms
2472 2087 2739 2126 concussa
2771 2083 3058 2127 ventorum
3099 2072 3325 2142 impetu,
3372 2082 3427 2127 et
3455 2073 3604 2126 radi-

1564 2194 1890 2257 Francisci
1926 2192 2133 2255 Scorsi
2178 2198 2366 2253 uotae.

325 2327 470 2380 vavit
501 2325 738 2378 Jacohus
771 2324 984 2386 Dillius,
1014 2322 1108 2375 lib.
1142 2336 1158 2373 ι
1193 2322 1409 2377 Observ.
1461 2336 1510 2374 c.
1538 2321 1628 2378 2|.
1659 2322 1747 2373 tibi
1784 2337 1911 2372 sov-

318 2399 499 2462 τακτή
511 2412 625 2462 ριον
645 2395 823 2463 λόγον,
849 2395 987 2447 idem
1024 2408 1144 2446 esse
1173 2392 1314 2461 quod
1346 2392 1782 2463 ἀποτακτήριον,
1808 2389 1912 2444 hoc

320 2478 407 2523 est
440 2467 747 2520 oratinnem
792 2476 1113 2528 extremam,
1153 2477 1255 2529 qua
1303 2462 1425 2529 quis
1471 2463 1654 2514 valere
1698 2463 1911 2524 aliquos

314 2538 512 2604 jubet;
550 2546 711 2604 atque
742 2536 844 2588 hor.
873 2548 1033 2587 sensu
1079 2538 1385 2604 orationem
1428 2546 1544 2604 eam
1580 2547 1737 2604 quam
1770 2530 1909 2604 Gre-

324 2600 523 2670 eorius
578 2600 830 2657 Naziauz.
893 2612 1108 2661 centum
1178 2602 1565 2669 quinquaginta
1637 2600 1910 2670 episcopis

319 2667 687 2741 praesentibus
731 2672 944 2732 habuit.
995 2667 1254 2740 appellari
1310 2667 1731 2741 duvraxrﬁpiov.
1769 2667 1904 2722 Nam

320 2739 469 2808 quod
522 2745 921 2813 συντακτήριον
974 2739 1045 2795 ibi
1101 2743 1240 2796 idem
1274 2739 1750 2813 atqueeipqvtud;
1804 2756 1907 2791 non

321 2814 622 2883 signiﬁcet,
659 2811 932 2881 colligitur
976 2826 1140 2883 exeo
1172 2813 1315 2883 quod
1367 2811 1510 2863 nulla
1547 2812 1618 2862 ibi
1649 2812 1715 2863 de
1752 2824 1907 2863 com-

320 2882 593 2954 ponendis
611 2882 989 2954 episcomrum
1017 2882 1258 2954 dissitliis
1282 2883 1516 2944 mentio,
1545 2888 1599 2954 at
1625 2896 1755 2933 vero
1780 2896 1908 2932 συν-

320 2950 659 3023 τακτήριον’
696 2952 1041 3023 appellatam,
1098 2951 1239 3020 quod
1293 2966 1430 3023 eam
1478 2950 1651 3023 primo
1694 2964 1910 3020 quoque

326 3021 575 3093 tempore
610 3021 951 3077 disceSsurns
995 3021 1372 3093 Nazianzenus
1420 3021 1692 3087 habuerit,
1737 3034 1910 3087 eaque

322 3092 616 3163 episcopos
637 3102 940 3163 extrentum
966 3093 1198 3163 salutem
1230 3092 1380 3163 justo
1405 3101 1752 3163 sacramento
1779 3105 1911 3163 ron-

325 3158 560 3219 tendere
601 3178 660 3217 se
712 3160 896 3215 Billius
936 3163 1031 3215 ait.
1090 3158 1419 3229 Comprobat
1453 3158 1503 3213 id
1541 3160 1748 3214 duobus
1778 3158 1911 3215 locis

322 3234 432 3289 SS.
472 3232 722 3297 Patrum,
752 3246 888 3301 quos
920 3232 1041 3286 vide
1086 3233 1225 3299 apud
1268 3232 1441 3301 ipsmu
1490 3230 1607 3283 loco
1628 3231 1829 3296 citato;
1858 3241 1912 3285 et

323 3317 597 3369 praeterea
651 3303 706 3356 in
753 3300 907 3356 Notis
956 3304 1023 3354 ad
1068 3303 1374 3354 orationem
1404 3300 1515 3369 jam
1553 3309 1907 3369 memoratam

321 3368 600 3443 Gregorii,
637 3382 690 3426 et
735 3374 789 3425 in
840 3382 1088 3443 sanctum
1137 3368 1532 3443 Dantascetttitti
1593 3368 1714 3443 loco
1772 3370 1908 3443 infra

319 3459 349 3495 a
405 3439 495 3498 me
536 3443 843 3497 referendo.
893 3441 1260 3495 Cuntlrmatnr
1303 3441 1466 3493 etiam
1507 3456 1569 3492 ex
1624 3439 1809 3494 Niceta
1854 3441 1907 3493 in

318 3513 776 3577 Commentariis,
812 3513 907 3580 qtti
943 3513 996 3564 in
1033 3512 1282 3565 oratione
1313 3508 1642 3580 Nazianzeni
1705 3526 1908 3562 συντα-

319 3585 559 3654 κτήριον
586 3583 765 3654 λόγον,
803 3579 1686 3654 ἱιιιθτρτειιιιιιῖνσυγχλαιρετικὸν,Α
1712 3580 1912 3654 ualedi-

322 3649 581 3708 ctorium.
601 3649 857 3723 Equidem
881 3649 981 3721 ego
1012 3666 1116 3705 non
1142 3652 1319 3723 minus
1344 3651 1401 3723 in
1437 3651 1550 3723 hinc
1580 3652 1740 3723 verba
1762 3649 1911 3723 jura-

319 3741 463 3784 reni,
488 3724 581 3793 qui
607 3719 793 3777 multis
810 3719 1132 3793 locisuostri
1150 3719 1500 3793 Theophanis
1522 3719 1905 3793 consideratis,

322 3794 460 3847 nihil
510 3792 666 3846 aliud
723 3793 782 3845 τὸ
833 3792 1228 3860 πντακτήριον
1288 3792 1489 3852 dicere,
1547 3804 1708 3858 quam
1762 3792 1909 3858 quod

319 3865 534 3918 dictum
589 3873 673 3916 est
726 3878 822 3928 pro
880 3871 1158 3927 comperto
1209 3861 1403 3925 habui;
1454 3861 1547 3914 sed
1598 3875 1703 3914 non
1752 3860 1909 3913 modo

321 3945 634 3987 extremam
664 3934 1049 3987 salutationem
1084 3934 1225 3985 inter
1260 3933 1430 3993 vivos,
1462 3931 1556 3984 sed
1582 3940 1635 3983 et
1669 3930 1908 3983 morien-

322 4007 464 4057 tium
491 4003 785 4056 novissima
823 4003 1007 4064 verba,
1042 4015 1106 4053 ac
1138 4002 1386 4053 mandata
1418 4015 1511 4069 per
1533 4002 1670 4053 hanc
1699 4014 1904 4063 vocem,

323 4084 385 4125 ut
441 4074 564 4133 hoc,
616 4072 948 4141 signiﬁcari;
998 4087 1122 4124 nam
1160 4078 1214 4122 rt
1248 4084 1465 4139 etymon
1509 4085 1572 4121 eo
1618 4070 1905 4137 conducit;

322 4143 617 4194 συντακτω
649 4146 815 4206 enim,
842 4147 981 4195 unde
1034 4142 1341 4207 συντακτης
1363 4150 1525 4208 atque
1556 4142 1678 4193 inde
1709 4154 1907 4190 συντα-

318 4216 555 4282 κτήριον
590 4223 934 4281 propagatur,
969 4225 1051 4265 est
1085 4211 1349 4272 ordinare,
1384 4212 1675 4282 disponere,
1703 4220 1755 4261 et
1785 4226 1909 4282 συν-

318 4280 632 4351 τακτήριος
676 4280 830 4348 λόγος
861 4293 943 4336 est
972 4296 1177 4345 sermo,
1208 4296 1302 4351 seu
1350 4280 1525 4333 oratio
1582 4281 1904 4351 composita,

320 4348 766 4420 conscriptaque.
804 4352 1098 4422 llesychius
1131 4367 1167 4422 ςΔ
1190 4349 1520 4422 Σύνταγμα,
1540 4348 1904 4419 σύγγραμμα,

324 4423 358 4492 ἦ
396 4425 463 4475 ἐκ
494 4422 670 4490 λόγων
691 4424 879 4491 τάγμα
906 4420 1324 4490 συντακτήριον.
1349 4423 1483 4475 Cum
1512 4420 1675 4487 igitur
1703 4422 1907 4474 disces-

321 4494 468 4555 suti,
503 4506 570 4545 ac
602 4492 899 4560 praesertim
946 4493 1002 4545 in
1055 4504 1226 4546 morte
1277 4506 1363 4544 res
1400 4503 1526 4544 suas
1553 4500 1907 4558 componunt,

325 4565 499 4617 multa
571 4563 863 4625 mandant,
926 4573 1088 4629 atque
1140 4561 1455 4615 describunt
1518 4574 1613 4627 per
1669 4573 1762 4613 eos
1813 4567 1905 4628 qui

325 4644 619 4686 remanent
656 4645 709 4684 et
743 4634 1066 4694 superstites
1098 4642 1223 4685 sunt
1254 4636 1592 4699 peragenda;
1624 4629 1744 4699 inde
1767 4629 1905 4688 bene

324 4704 731 4773 συντακτήριον
765 4717 874 4773 pro_
896 4705 1175 4773 extremis
1193 4700 1397 4773 verbis.
1427 4698 1822 4773 seu__titandatis
1852 4705 1905 4757 iit

328 4779 509 4825 tiint'te
538 4766 799 4841 accipias.
836 4769 1135 4824 Continuat
1168 4770 1491 4841 idtmaxitue
1519 4766 1904 4841 DatuaScenus,

327 4845 447 4895 sive
480 4843 604 4908 quis
634 4839 824 4893 auctor
857 4843 973 4909 ers
1006 4840 1126 4893 libri
1160 4856 1174 4892 :
1210 4839 1361 4904 Quod
1399 4839 1595 4891 mortui
1629 4840 1904 4896 viventium

323 4912 596 4978 beneﬁciis
638 4910 911 4979 juventur,
966 4910 1055 4965 ubi
1107 4912 1171 4963 de
1217 4910 1396 4977 impiis
1432 4910 1680 4976 loquens,
1725 4912 1904 4976 quiin

322 4993 575 5034 extremo
615 4981 818 5049 judicio
863 4984 1122 5048 qnesdatn
1172 4994 1203 5033 e
1245 4980 1606 5031 latitiliartbus
1674 4984 1790 5035 suis
1837 4985 1905 5036 ab

324 5056 633 5105 electorum
666 5062 819 5120 parte
851 5062 997 5104 stare
1032 5051 1310 5120 videbunt,
1350 5050 1433 5120 his
1468 5056 1638 5103 utitur
1681 5053 1901 5106 verbis:

324 5123 440 5175 Καὶ
469 5122 553 5174 ὅτι
584 5118 733 5185 τινὰς
771 5120 830 5184 ἐξ
862 5120 1041 5174 αὐτῶν
1068 5121 1124 5171 ὲν
1149 5119 1342 5183 δεξιοῖς
1369 5118 1906 5190 ἷδωσικαταταχθέν-

320 5207 426 5253 τας
469 5195 668 5263 μέρεσι
711 5191 1179 5263 ἀποχωριζόμενοι
1221 5189 1576 5263 θρηνοῦσιτδ
1600 5189 1904 5263 συντακτή-

325 5278 465 5329 ριον,
506 5262 622 5315 lloc
650 5272 735 5316 est
765 5281 779 5315 :
814 5266 882 5316 Et
916 5278 1032 5314 cum
1071 5262 1276 5327 aliquos
1302 5277 1367 5313 ex
1408 5262 1536 5330 ipsis
1588 5262 1902 5316 constitutos

320 5351 355 5383 α
388 5338 591 5386 dextris
633 5335 874 5396 viderint,
905 5332 969 5384 ab
999 5333 1064 5385 iis
1103 5333 1324 5400 digressi
1352 5344 1672 5399 postremum
1705 5334 1907 5386 lamen-

324 5410 535 5457 tantur.
556 5404 631 5455 ltix
656 5404 756 5455 hac
779 5406 998 5457 notione
1024 5405 1180 5468 hujus
1203 5403 1445 5456 vocabuli
1476 5405 1647 5456 lucem
1673 5402 1922 5469 accipiet’

324 5474 485 5526 lacus
514 5474 654 5525 alter
680 5471 906 5527 JOauuis
937 5472 1277 5540 (luropalata:
1308 5474 1359 5525 in
1395 5471 1538 5525 Hist.
1578 5474 1702 5542 (nisi
1733 5474 1903 5527 mavis

322 5544 523 5595 abillo
569 5545 746 5596 lucent
799 5544 983 5597 afferri
1034 5544 1158 5596 huic
1195 5554 1411 5607 nostro;
1472 5553 1711 5595 mutuam
1758 5555 1905 5598 certe

323 5613 430 5665 sibi
457 5629 615 5681 Opem
662 5612 994 5681 conferunt).
1027 5614 1117 5665 Ait
1150 5615 1310 5681 igitur
1342 5614 1661 5680 Curopalata
1702 5612 1754 5666 in
1799 5614 1900 5665 Mi-

323 5684 521 5737 cltaele
566 5684 916 5750 imperatore,
963 5682 1194 5735 Bardatn
1233 5684 1500 5735 Caesarem
1542 5694 1729 5737 contra
1770 5685 1903 5736 Gre-

322 5764 513 5809 tenscs
543 5769 669 5809 cum
700 5756 953 5810 omnibus
979 5753 1150 5821 copiis
1178 5753 1636 5822 proﬁciscentem,
1678 5768 1804 5809 cunt
1835 5757 1901 5811 ad

2027 2314 2118 2385 Dei
2156 2313 2449 2385 Genitrieis
2472 2315 2728 2383 templum
2753 2314 3033 2371 Viatorum
3067 2315 3330 2385 (Virginis
3369 2314 3607 2385 Ὀδηγη-

2026 2384 2210 2455 τρίας,
2259 2384 2593 2454 Ηοάρρρινῑω
2636 2386 2892 2455 templum
2940 2386 3202 2453 signiﬁcat
3233 2424 3249 2455 ,
3296 2400 3413 2450 quae
3450 2384 3608 2452 vulgo

2021 2454 2177 2507 hodie
2211 2456 2275 2507 de
2310 2456 2435 2509 llria
2470 2457 2688 2518 dicitur,
2721 2471 2750 2508 a
2783 2454 3064 2509 Pulclteria
3108 2457 3172 2507 ad
3219 2454 3609 2509 Constantian-

2019 2524 2182 2591 politn
2224 2524 2578 2593 trdilicatunt,
2634 2526 3056 2593 adjunctntnque
3106 2528 3435 2577 monasterio
3479 2525 3607 2591 ὁδη-

2056 2594 2175 2661 είῳ,
2215 2592 2469 2661 llmlegio,
2503 2594 2567 2645 de
2602 2590 2712 2662 quo
2741 2590 3037 2660 ride-plura
3095 2595 3144 2646 in
3190 2590 3608 2647 Commentariis

2050 2664 2203 2715 acolti
2263 2662 2501 2717 Gretseri
2562 2664 2611 2715 itt
2671 2662 3125 2730 Codinutu)cum
3172 2665 3336 2729 igitur
3375 2663 3441 2730 ad
3502 2663 3605 2717 hoc

2018 2733 2275 2798 templum
2313 2734 2669 2798 pervenisset,
2709 2733 3010 2801 ingressum
3040 2748 3163 2786 esse
3202 2749 3321 2785 cum
3366 2729 3603 2795 facibus,

2016 2811 2074 2854 ut
2100 2804 2493 2873 syntacterium
2535 2802 2870 2873 absolveret;
2907 2801 2990 2873 ad
3035 2803 3336 2871 marginem
3369 2813 3605 2873 nutatur

2015 2870 2398 2942 synt'acterium
2432 2872 2533 2940 (sic
2564 2873 2707 2925 enim
2741 2870 2950 2925 Latinis
2982 2870 3188 2925 tantum
3217 2871 3412 2924 litteris
3441 2876 3603 2924 vertit

2014 2941 2283 3005 interpres
2323 2957 2509 2996 vorem
2542 2941 2958 3011 συντακτήριον)
2981 2956 3106 2995 esse
3136 2957 3306 3010 genus
3330 2942 3602 3011 quoddam

2015 3026 2238 3079 precum
2272 3014 2336 3065 ad
2371 3011 2622 3080 templum
2658 3009 2896 3080 Virginis
2920 3009 3199 3063 Viatornui
3228 3010 3601 3080 tieritsolitnm.

2014 3078 2128 3153 cur
2189 3078 2576 3153 syntacterijntu
2614 3084 2715 3153 hoc
2762 3078 2982 3150 precum
3011 3078 3355 3153 genuslnisi
3386 3081 3510 3149 quia
3547 3080 3602 3133 in

2024 3150 2265 3206 discessu
2282 3150 2493 3221 Virgini
2515 3151 2852 3210 ferebantur,
2872 3161 3135 3219 erantque
3161 3151 3302 3204 velut
3327 3159 3599 3221 postrema

2024 3221 2327 3285 valedictio,
2376 3220 2431 3273 et
2482 3220 2903 3283 commendatio,
2943 3236 3047 3289 qua
3114 3235 3340 3289 peregre
3386 3220 3604 3289 proﬁci-

2024 3301 2240 3346 scentes
2302 3294 2569 3344 viatorum
2634 3288 2909 3359 Virginem
2962 3288 3309 3353 salutabant,
3375 3301 3426 3342 rt
3484 3288 3602 3354 ejus

2020 3361 2281 3414 auxilium
2328 3361 2705 3428 implorabant.
2754 3359 2878 3414 Haec
2915 3363 2980 3414 de
3026 3375 3155 3414 voce
3201 3359 3600 3427 συντακτήριος

2018 3430 2175 3497 cujus
2198 3432 2389 3486 creber
2417 3432 2469 3484 in
2504 3429 2835 3496 Theophane
2861 3446 3013 3494 usus,
3048 3430 3262 3483 fuerunt
3293 3430 3601 3482 necessario

2019 3499 2379 3570 explananda,
2412 3501 2611 3570 quippe
2643 3501 2712 3555 de
2738 3514 2869 3555 voce
2903 3516 3008 3552 non
3054 3502 3211 3553 obvia
3253 3497 3489 3570 maxime
3534 3512 3602 3550 eo

2018 3568 2354 3638 signiﬁcatu,
2389 3581 2443 3623 et
2471 3567 2591 3639 qitie
2637 3572 2822 3625 multis
2872 3570 2994 3624 aliis
3043 3570 3175 3624 locis
3202 3567 3361 3639 hujus
3409 3577 3599 3622 auctov

2018 3642 2095 3692 ris
2127 3638 2347 3694 aﬂerent
2382 3638 2585 3695 lumen.

2097 3733 2208 3802 (12)
2246 3732 2404 3787 Nudo
2425 3745 2651 3803 pectore.
2680 3732 2908 3788 Habitus
2936 3733 3184 3787 mulieris
3212 3732 3398 3803 dolore
3425 3743 3604 3786 exter-

2021 3810 2164 3855 natze
2196 3802 2509 3860 consuetus.
2530 3805 2673 3859 Petr.
2694 3804 2937 3866 Arbiter,
2967 3807 3033 3857 de
3057 3815 3303 3856 matrona
3330 3802 3557 3870 Ephesia
3584 3819 3599 3855 :

2017 3871 2143 3925 Haec
2177 3889 2297 3942 ergo
2326 3891 2443 3927 cum
2474 3875 2642 3928 virum
2676 3874 2968 3934 extulisset,
2996 3888 3098 3925 non
3129 3883 3372 3925 contenta
3395 3873 3600 3939 vulgari

2018 3957 2161 3993 more
2190 3944 2351 4010 [unus
2394 3945 2565 4011 passis
2613 3944 2859 4012 prosequi
2909 3944 3162 4012 crinibus,
3211 3953 3299 3994 aut
3343 3945 3599 3994 nudatum

2017 4020 2196 4082 pectus
2226 4014 2280 4065 in
2313 4025 2590 4078 conspectu
2629 4011 2934 4082 frequentia:
2956 4011 3222 4079 plangere.
3264 4012 3318 4064 in
3357 4012 3597 4063 condito-

2017 4081 2152 4154 rium
2184 4084 2347 4133 etiam
2407 4081 2682 4154 prosecuta
2743 4094 2815 4135 est
2872 4083 3181 4146 deuinctum
3212 4083 3597 4154 {positumque

2016 4150 2069 4201 in
2100 4148 2348 4221 Hypogeo
2404 4148 2590 4206 Επεεο
2645 4167 2787 4205 more
2830 4166 3015 4218 corpus
3050 4150 3344 4221 custodire,
3378 4165 3440 4202 ac
3469 4153 3599 4221 [tere

2019 4217 2272 4291 noctibus
2300 4225 2449 4286 totis,
2502 4224 2783 4291 diebusque
2830 4217 3002 4290 coepit.
3048 4219 3172 4272 [late
3214 4222 3452 4291 Arbiter.
3490 4217 3596 4291 Sed

2020 4290 2181 4343 ritum
2215 4307 2428 4344 omnem
2468 4289 2703 4346 faciendi
2734 4289 2928 4355 lessus,
2959 4300 3211 4343 exactum
3263 4289 3431 4344 babes
3454 4290 3596 4353 apud

2019 4357 2279 4414 Senecam
2304 4363 2355 4414 in
2384 4361 2678 4416 Troadibus
2696 4361 2791 4423 (ita
2810 4363 2950 4415 hanc
2973 4361 3292 4427 tragtediam
3321 4375 3438 4412 cum
3467 4361 3597 4412 viris

2017 4428 2191 4482 doctis
2222 4432 2508 4494 insetibas,
2536 4450 2641 4486 non
2678 4430 2970 4497 Troadatn)
3000 4433 3087 4484 ubi
3115 4430 3329 4483 Hecuba
3357 4433 3598 4498 captivas

1942 4494 1987 4548 D
2016 4498 2268 4553 mulieres
2298 4504 2361 4554 ad
2399 4502 2684 4572 lugendum
2736 4494 3016 4572 Hectorem
3072 4512 3127 4554 et
3162 4494 3567 4572 Priamunibor

2015 4577 2180 4641 tatur,
2214 4582 2263 4641 et
2302 4586 2409 4637 qun
2454 4567 2635 4626 habitu
2674 4572 2937 4641 principii.
2973 4569 3104 4624 Vide
3134 4575 3304 4638 ipsum
3326 4610 3342 4633 ,
3371 4579 3421 4622 et
3451 4567 3596 4621 Mar-

2016 4638 2184 4691 tinum
2214 4640 2449 4694 Deli-ium
2475 4657 2590 4696 soc.
2619 4638 2852 4706 nostra,
2867 4642 3023 4711 plura
3050 4642 3119 4693 ibi
3154 4644 3221 4694 de
3280 4642 3383 4693 hoc
3446 4654 3595 4692 more

2011 4710 2218 4761 erudite
2250 4712 2628 4766 disserentem.

2083 4778 2196 4852 (l5)
2225 4778 2472 4852 Mortuus
2501 4799 2619 4835 vero
2638 4782 2876 4852 jacebat.
2918 4781 2972 4834 In
3006 4777 3361 4852 unotnomine
3385 4776 3596 4829 variant

2011 4845 2403 4904 admirabiliter
2428 4845 2661 4907 codices.
2700 4851 2820 4907 Vat.
2877 4854 3036 4905 habet
3083 4849 3301 4915 νέηλυς,
3336 4861 3594 4914 cumquo

2011 4924 2356 4991 consentiunt
2387 4920 2527 4974 Gali.
2556 4923 2701 4988 duo;
2730 4924 2862 4991 quin
2888 4933 2941 4974 et
2969 4918 3089 4991 Esc.
3124 4921 3246 4991 cod.
3274 4927 3325 4969 et
3350 4932 3380 4970 e
3410 4916 3582 4991 Gallia

2011 4987 2210 5042 missus
2232 4992 2422 5044 scribit
2446 4992 2587 5055 νέος.
2608 4987 2859 5047 omnium
2882 4990 3162 5042 verissima
3190 4990 3300 5039 visa
3324 4998 3403 5039 est
3435 4988 3592 5040 lectio

2010 5055 2071 5109 P.
2097 5056 2161 5111 C.
2190 5060 2218 5110 ὁ
2238 5061 2303 5132 δὲ,
2324 5064 2507 5124 νέκυς,
2542 5080 2607 5116 ex
2644 5078 2746 5132 qua
2781 5077 2875 5128 per
2895 5075 3134 5132 errorem
3158 5059 3587 5132 exscrilwntium

2009 5142 2199 5198 milites
2254 5130 2356 5184 illa:
2408 5126 2726 5198 proﬂuxisse
2770 5126 2941 5184 videri
2990 5141 3235 5197 possunt.
3293 5128 3457 5181 Porro
3501 5126 3591 5179 hic

2010 5193 2367 5264 Theophanes
2394 5193 2663 5268 poeticum
2693 5202 2850 5270 plane
2879 5193 3074 5268 stylum
3108 5199 3337 5251 assumit
3378 5202 3441 5270 ad
3492 5212 3588 5270 an-

2011 5272 2240 5334 gentiam
2284 5264 2582 5325 oralionem
2619 5289 2633 5323 :
2665 5264 2827 5324 simili
2879 5264 2994 5323 fere
3041 5270 3200 5323 modo
3245 5266 3482 5321 Catullus
3532 5264 3587 5317 iit

2008 5336 2189 5408 Epitlt.
2222 5339 2288 5393 de
2320 5343 2519 5408 nuptiis
2552 5338 2693 5393 Pelei
2727 5339 3085 5393 etThetidis:

2086 5404 2228 5460 Num
2259 5404 2407 5462 velut
2428 5414 2480 5463 in
2508 5426 2711 5463 summo
2736 5411 3054 5478 quatientem
3079 5407 3291 5462 brachia
3308 5404 3495 5478 _Tauro

2080 5478 2362 5542 Quercum,
2395 5489 2486 5531 aut
2516 5475 2814 5547 conigeram
2844 5481 3059 5532 sttdunli
3082 5481 3271 5532 cortice
3298 5475 3494 5528 Ptnum

2084 5550 2378 5620 indomitus
2411 5552 2561 5603 turbo
2594 5565 2938 5619 contorquens
2977 5552 3188 5620 ﬂamine
3218 5553 3379 5599 robur

2082 5617 2258 5688 (trait,
2295 5620 2388 5670 illa
2417 5620 2604 5688 procul
2632 5617 2897 5673 radicibus
2924 5617 3201 5672 exturbata

2082 5685 2256 5760 Erotio
2283 5685 2448 5760 cadit,
2477 5692 2686 5760 lateque
2710 5701 2757 5743 et
2786 5692 3022 5743 cominus
3054 5688 3200 5740 obviu
3230 5686 3455 5760 frangit,

2078 5754 2169 5811 Sic
2198 5758 2399 5815 domito
2436 5754 2634 5817 sterant
2662 5761 2942 5831 prostravit
2978 5774 3194 5828 corpore
3226 5754 3477 5812 Theseus.
