3990 6202
459 334 568 397 2η
656 390 663 399 ι

1664 310 2158 378 THEOI’HANIS
2196 309 2387 368 CERA
2399 306 2536 365 MEI

3619 291 3729 354 Ξ·ξὲ

465 444 610 497 citus
637 435 941 493 exturbata.
971 429 1334 484 Miserandum
1375 427 1768 499 spectaculum,
1822 436 1879 481 et
1928 439 2080 485 man

2185 417 2483 488 Ξήπλωσεν.
2534 412 2802 467 Ἐλεεινὸν
2834 410 3035 480 θέαμα,
3066 408 3166 465 καὶ
3193 406 3449 477 δακρύων
3475 406 3741 471 ὑπόθεσις

468 534 638 592 teries
693 531 1055 597 Iacrymarum
1091 530 1206 578 erat
1234 523 1300 586 is,
1323 523 1413 590 qui
1469 535 1729 590 genarum
1787 532 1939 572 rosas
1990 517 2044 569 in

469 625 736 695 pallorem
793 617 952 687 paulo
998 623 1479 669 antetnutaverat:
1515 610 1608 664 sed
1644 612 1715 664 ita
1752 620 1933 662 tamen
1988 616 2048 660 ut

467 714 713 783 reliquiae
767 706 1190 780 pulchritudinis
1247 716 1595 774 apparerent.
1658 701 1852 756 Infelix
1921 714 2049 752 vero

469 814 644 857 mater
697 801 764 853 iis
797 802 923 868 quae
957 797 1212 860 faciebat,
1264 809 1493 864 qumque
1542 793 1755 847 dicebat
1790 791 2048 859 majorem

469 891 838 960 lacrymarnm
876 891 982 941 vim
1022 904 1143 941 eam
1173 887 1510 940 intuentibus
1548 884 1895 938 excutiebat:
1948 896 2051 933 non

472 1000 633 1042 secus
665 994 830 1050 atque
863 981 980 1034 avis
1015 980 1148 1049 (Η),
1192 993 1312 1047 qua:
1350 978 1591 1045 direptos
1646 974 1746 1027 sibi
1804 972 1978 1042 pullos
2024 986 2053 1022 a

474 1082 752 1144 serpente.
786 1071 875 1139 qui
913 1071 1225 1138 irrepserat,
1280 1068 1616 1136 conspicata,
1650 1064 1835 1118 nidum
1869 1076 2056 1129 geme-

474 1166 655 1220 bunda
693 1161 1072 1223 circumvolat,
1124 1174 1227 1212 nec
1258 1154 1551 1211 ulciscendi
1593 1156 1794 1222 reperit
1825 1152 2058 1206 faculta-

477 1269 609 1312 tem.
643 1254 707 1308 Et
736 1254 968 1309 fortasse
1016 1252 1249 1306 Mieha-re
1304 1251 1448 1304 dit-ta
1491 1248 1569 1303 illi
1623 1246 2056 1302 conveniebant:

484 1368 502 1400 ι
535 1349 781 1414 l‘langct,
825 1344 1317 1407 etlamentabitur;
1360 1342 1458 1396 ibit
1502 1340 1829 1394 disealecata
1877 1337 1983 1408 35
2008 1347 2063 1390 et

479 1443 661 1501 nuda;
706 1436 867 1491 faciet
894 1437 1172 1504 planctum
1198 1432 1352 1502 quasi
1396 1433 1718 1493 draconum,
1755 1439 1809 1482 et
1852 1429 2054 1481 luctum

482 1532 641 1598 quasi
672 1528 902 1582 liliarunt
949 1528 1189 1580 sirenum
1234 1524 1305 1577 "°.
1348 1544 1367 1574 ι
1413 1522 1634 1576 Scilicet
1654 1522 1771 1590 ejus
1810 1534 2063 1574 aerumnae

482 1633 643 1671 causa
666 1631 696 1671 e
722 1616 920 1669 mentis
944 1624 1086 1668 statu
1109 1615 1336 1677 dimota,
1357 1621 1409 1666 et
1429 1612 1707 1680 inopinato
1730 1609 1873 1663 malo
1896 1607 2064 1662 veluti

483 1708 813 1762 dcbacchata
853 1706 1088 1773 compita
1121 1702 1464 1766 circumibat,
1520 1701 1814 1755 dilaniabat
1877 1714 2064 1763 canos,

486 1798 824 1851 dilacerabat
857 1811 1044 1865 genas,
1075 1796 1127 1848 in
1179 1795 1386 1863 lapides
1420 1794 1747 1861 impingebat
1782 1802 1970 1861 pectus
2012 1799 2067 1844 et
2103 1772 2142 1825 Β

486 1896 668 1953 caput,
703 1888 870 1939 tthera
909 1902 1028 1954 qua:
1051 1886 1202 1939 illum
1238 1884 1484 1936 aluerant
1530 1883 1867 1959 ostendebat,
1903 1891 2066 1950 atque

486 1978 553 2031 ad
602 1979 811 2031 turbant
863 1977 1042 2046 populi
1097 1991 1357 2030 conversa
1417 1975 1629 2029 miseris
1656 1974 1851 2038 modis,
1900 1972 2064 2033 Num,

488 2071 692 2131 aiebat,
722 2085 755 2122 ο
784 2084 877 2122 vos
927 2068 1016 2136 qtti
1074 2068 1295 2130 adestis,
1343 2067 1436 2119 lilii
1475 2067 1575 2120 mei
1615 2068 1834 2133 nuptias
1869 2064 2062 2126 visuri,

492 2171 543 2215 et
582 2163 919 2231 hymenmum
969 2161 1185 2214 choreis
1239 2159 1564 2213 celebraturi
1616 2158 1969 2222 convenistis,
2016 2164 2072 2210 et

493 2255 750 2323 gaudium
796 2268 1009 2306 mecum
1043 2252 1445 2305 communicare
1472 2249 1775 2317 cogitatis?
1809 2248 2067 2314 Equidem

491 2359 589 2413 pro
616 2356 796 2398 vestro
826 2345 876 2395 in
917 2359 1001 2395 me
1032 2343 1211 2395 studio
1266 2343 1437 2396 habeo
1469 2341 1736 2409 gratiam;
1791 2340 1883 2393 sed
1916 2354 2075 2406 spon-

491 2448 607 2495 sus,
635 2433 932 2502 repudiatis
955 2432 1183 2501 nuptiis,
1212 2447 1462 2488 somnum
1492 2433 1655 2499 capit.
1682 2431 1806 2485 ιιωο
1838 2431 2072 2491 dicebat,

494 2531 551 2576 ct
585 2524 903 2592 discerpens
938 2523 1205 2591 unguibus
1240 2536 1432 2591 genas,
1467 2524 1747 2589 sanguinis
1780 2535 1955 2588 teque,
2012 2536 2076 2573 ac

497 2617 861 2686 lacrymarum
892 2614 1133 2668 fontibus
1160 2613 1467 2676 extillabat,
1490 2625 1543 2667 et
1568 2612 1805 2681 jacentis
1828 2612 2075 2666 ambiens

495 2705 716 2768 lectum,
756 2706 910 2775 quasi
949 2707 1218 2758 viventem
1251 2704 1328 2758 sic
1356 2716 1625 2757 mortuum
1661 2704 2073 2772 alloquebatur:

498 2790 674 2862 Quam
733 2796 970 2860 tandem,
1016 2794 1217 2860 filiuni,
1275 2810 1436 2863 quam
1494 2794 1711 2847 tandem
1773 2793 2077 2862 ingrederis

497 2891 642 2940 viam
668 2886 1016 2954 longinquam
1054 2885 1238 2949 nimis,
1269 2896 1323 2937 et
1353 2885 1749 2937 irremeabiletn
1773 2885 1794 2937 ’ἐ
1819 2885 1954 2950 Quid
1976 2883 2080 2937 sibi

499 2976 618 3029 vult
653 2974 767 3027 ha:c
798 2974 851 3025 in
903 2966 1163 3026 solvendo
1215 2981 1322 3025 tam
1370 2988 1711 3042 prapropera
1760 2972 2083 3029 festinatio?

503 3067 735 3131 Decepta
764 3078 885 3117 sum
930 3063 1137 3131 utique,
1193 3063 1289 3127 lili,
1320 3078 1443 3117 cum
1493 3065 1588 3117 tibi
1624 3080 1869 3133 pararent
1902 3068 2084 3121 animo

504 3172 611 3210 non
644 3153 965 3215 thalamum,
1015 3152 1112 3207 sed
1153 3151 1412 3207 feretrum
1440 3154 1588 3223 (15),
1626 3131 1688 3209 et
1755 3157 1924 3209 facem
1979 3173 2084 3211 non
2109 3131 2154 3194 Ο

508 3256 827 3327 nuptialem,
872 3257 957 3310 hei
1009 3255 1142 3310 mihi
1175 3257 1189 3308 ι
1228 3258 1324 3311 sed
1387 3257 1743 3324 sepulcralctu
1792 3260 2088 3314 accendere

506 3353 800 3423 cogitarent
828 3362 843 3408 :
880 3351 1244 3419 nequidquam
1271 3349 1529 3403 corollaut
1562 3350 1696 3420 (lli),
1729 3362 1783 3405 et
1810 3368 2085 3419 sponsam,

507 3453 562 3498 et
602 3441 810 3513 prolem
844 3441 1250 3509 quamprimum
1293 3454 1361 3493 ex
1410 3448 1461 3492 te
1503 3442 1687 3494 videre
1714 3442 2088 3497 somniabam:

508 3543 564 3588 et
587 3546 706 3601 qua:
744 3546 963 3585 socrum
1005 3546 1092 3585 me
1122 3530 1240 3583 fore
1269 3531 1583 3600 sperabam,
1637 3546 1735 3585 nec
1784 3543 1958 3585 mater
1991 3548 2088 3601 ap-

510 3625 703 3695 peller.
736 3622 856 3689 Hei,
889 3624 977 3677 hei
1013 3624 1141 3677 mihi
1177 3638 1298 3691 quae
1343 3633 1395 3678 te
1443 3624 1764 3678 morientem
1802 3624 1931 3687 vidi,
1968 3641 2088 3678 cum

512 3717 654 3770 inter
687 3729 879 3768 manus
911 3724 1031 3767 tuas
1080 3714 1192 3785 (i7)
1240 3714 1477 3768 animam
1518 3713 1701 3768 efﬂare
1751 3715 2087 3780 debuissem;

511 3814 567 3860 et
605 3804 767 3873 jusus
798 3819 828 3855 a
867 3814 918 3857 te
964 3804 1099 3857 mihi
1129 3803 1291 3859 factis
1337 3815 1464 3859 ante
1494 3807 1841 3860 coboncstari
1872 3808 1885 3860 ι
1918 3807 2089 3872 Quam

511 3896 701 3952 felices
738 3896 841 3949 illa:
874 3895 1153 3960 mulieres,
1199 3899 1397 3967 quibus
1428 3897 1524 3952 filii
1564 3901 1894 3968 superstites
1925 3901 2087 3954 sunt!

510 3989 637 4059 quid
675 4003 774 4057 ego
799 3989 865 4041 ad
905 3990 1008 4042 hoc
1037 3989 1404 4058 spectaculum
1440 4000 1651 4046 servata
1689 4007 1810 4045 sum
1832 3992 1856 4046 7
1876 3994 2094 4062 quando

514 4081 583 4136 ad
616 4095 704 4135 me
744 4080 976 4134 reditum
1036 4077 1230 4145 facies,
1259 4096 1292 4136 ο
1327 4082 1540 4137 viscera
1594 4083 1759 4136 mea?
1782 4086 1999 4151 quando
2042 4093 2095 4138 te

515 4197 579 4235 ru
592 4196 739 4233 rsum
768 4179 1034 4249 aspiciam
1057 4179 1080 4233 ?
1105 4178 1229 4234 Haec
1251 4195 1373 4234 cum
1395 4180 1625 4244 diceret,
1644 4195 1833 4234 omnes
1858 4180 2097 4248 complo-

517 4274 712 4326 rabant
740 4281 964 4333 matres.
1001 4283 1296 4343 patresque
1322 4271 1800 4342 collacrymabaut.
1831 4270 1935 4326 Ubi
1965 4287 2095 4329 vero

516 4372 673 4415 extra
720 4371 905 4429 portas
949 4363 1191 4418 civitatis
1223 4378 1538 4432 processum
1568 4374 1673 4429 est,
1721 4374 1778 4419 et
1820 4364 1888 4418 ad
1933 4364 2094 4419 funus

2155 968 2331 1035 δφεως
2378 961 2865 1033 προσερπύσαντος
2892 1001 2907 1025 ,

2149 510 2277 579 άρτι
2315 507 2412 576 μὲν
2438 507 2498 559 τὶ)
2530 505 2633 574 τῆς
2665 505 2901 573 παρειᾶς
2921 500 3075 571 ῥόδον
3102 497 3428 569 μεταϐαλὼν
3454 500 3537 561 εἰς
3559 497 3743 569 6:196-

2150 619 2305 672 τητα,
2349 598 2563 661 δεικνὺς
2593 598 2649 651 δέ
2684 596 2777 650 καὶ
2800 594 2944 648 οὕτω
2981 591 3077 646 τοῦ
3099 591 3335 652 κάλλους
3365 591 3436 644 τὰ
3475 590 3735 658 λείψανα.

2161 693 2223 744 ἹΙ
2256 690 2314 745 δὲ
2373 689 2536 742 ἀθλία
2572 688 2758 758 μήτηρ
2781 681 2862 748 οἷς
2895 684 3094 745 ἐποίει,
3127 683 3224 736 καὶ
3280 676 3360 744 οἷς
3406 680 3739 749 ἐφθέγγετο,

2156 782 2317 835 πλέον
2334 779 2440 832 τῶν
2471 781 2552 841 είς
2573 777 2745 848 αὐτὴν
2781 776 3090 847 βλεπόντων
3107 774 3390 826 ἐπεσπᾶτο
3406 773 3476 824 τά
3496 772 3741 841 δάκρυα.

2158 850 2367 944 ’ἶὶσπερ
2401 888 2485 935 τις
2511 870 2662 941 ὅρνις
2688 867 3101 938 πορθουμένους
3140 864 3464 935 δρῶσατοὺς
3481 862 3747 923 νεοσσοὺς

2972 958 3309 1030 περιπτᾶται
3382 955 3484 1025 τὴν
3540 953 3747 1008 καλιὰν

2161 1056 2589 1129 περιτρύζουσα,
2612 1055 2708 1107 καὶ
2731 1052 2966 1122 ἀμύνειν
2995 1052 3096 1104 οὐκ
3121 1051 3345 1119 ἔχουσα.
3371 1048 3482 1100 Καὶ
3506 1047 3653 1116 τάχα
3676 1044 3753 1097 τὰ

2164 1148 2261 1202 τοῦ
2320 1148 2559 1215 Μιχαίου
2594 1147 2652 1197 ἐν
2684 1146 2822 1214 αὐτῇ
2855 1143 3281 1213 ἐπεπλήρωντοο
3311 1161 3330 1193 ι
3368 1140 3616 1208 Κόψεται
3651 1139 3756 1189 καὶ

2161 1241 2459 1310 θρηνήσει,
2512 1239 2881 1305 περιπατήσει
2960 1234 3335 1303 ἀνυπόδητος,
3405 1232 3505 1284 καὶ
3558 1228 3756 1298 γυμνὴ

2164 1335 2452 1402 ποιήσεται
2508 1330 2743 1383 κοπετὸν
2777 1330 2853 1392 ὡς
2910 1329 3257 1398 δρακόντων,
3303 1326 3397 1378 καὶ
3440 1322 3638 1384 πένθος
3675 1321 3757 1380 ὡς

2163 1423 2486 1491 θυγατέρων
2510 1422 2806 1491 Σειρήνων.
2840 1439 2860 1471 ι
2892 1420 3167 1489 Γενομένη
3220 1421 3329 1487 γὰρ
3375 1418 3481 1470 ὑπὸ
3509 1415 3608 1468 τοῦ
3642 1413 3759 1466 πά-

2165 1516 2294 1578 θους
2314 1515 2661 1585 παράφορος,
2678 1514 2775 1566 καὶ
2798 1507 2913 1565 οἷον
2939 1511 3375 1579 ἐκϐακχευθείσα
3396 1509 3478 1577 τῷ
3506 1507 3642 1576 παρ’
3665 1505 3758 1557 ἐλ-

2166 1606 2295 1659 πίδα
2336 1606 2490 1674 κακῷ
2529 1605 2869 1675 περιενόστει
2913 1604 3014 1665 τὰς
3088 1602 3310 1664 ἀγυιάς,
3335 1600 3624 1664 κατέξαινε
3654 1595 3757 1658 τὰς

2171 1704 2384 1767 πολιὰς,
2428 1703 2752 1770 ἐσπάρασσε
2805 1702 2906 1763 τάς
2960 1701 3220 1772 παρειὰς,
3258 1698 3430 1759 λίθοις
3488 1695 3757 1757 παίουσα,

2168 1799 2264 1848 καὶ
2324 1797 2547 1866 στέρνα,
2582 1796 2678 1848 καὶ
2727 1793 2992 1863 κεφαλὴν,
3032 1793 3274 1862 μαστοὺς
3302 1789 3596 1843 ύπεδείκνυ
3621 1788 3759 1848 τοὺς

2169 1889 2500 1959 θρέψαντας,
2547 1890 2640 1941 καὶ
2683 1887 2820 1958 πρὸς
2868 1887 2929 1939 τὸ
2975 1886 3183 1954 πλῆθος
3224 1883 3761 1952 άνθυποστρέφουτα

2170 1983 2337 2053 ἦπου,
2370 1982 2558 2051 φησὶν,
2584 1981 2712 2042 τοὺς
2738 1979 2835 2034 τοῦ
2862 1978 2981 2032 υἱοῦ
3018 1996 3120 2048 μου
3141 1976 3351 2047 γάμους
3376 1976 3524 2038 ἰδεῖν,
3544 1968 3762 2040 ὧπαρ-

2169 2078 2345 2140 όντες,
2409 2074 2838 2145 συνεληλύθατε,
2888 2074 2985 2128 καὶ
3019 2072 3377 2143 χορεύσοντες
3430 2071 3605 2139 ἥκατε
3664 2067 3763 2117 τὸν

2174 2169 2456 2239 ὑμέναιον,
2491 2168 2587 2221 καὶ
2613 2167 2712 2237 τῆς
2746 2169 2919 2237 χαρᾶς
2950 2183 3040 2234 μοι
3072 2164 3405 2231 κοινωνῆσαι
3429 2160 3765 2230 προεθυμή-

2177 2262 2346 2328 οητε;
2378 2260 2556 2328 Χάρις
2597 2262 2696 2329 μὲν
2724 2260 2824 2327 τῆς
2856 2258 3167 2326 προθυμίας
3218 2257 3348 2324 ὑμῖν
3368 2270 3382 2284 ’
3413 2253 3529 2305 ἀλλ’
3562 2255 3591 2305 ὁ
3616 2269 3759 2320 νυμ-

2177 2354 2298 2420 φίος
2352 2352 2605 2404 καθεύδει
2667 2350 2761 2404 τὸν
2833 2351 3011 2419 γάμον
3060 2347 3517 2415 ἁπαναινόμενοςι.
3565 2342 3763 2397 Ταῦτα

2176 2447 2355 2512 ἔλεγε,
2386 2446 2481 2498 καὶ
2536 2447 2651 2507 τοῖς
2704 2443 2858 2508 ὄνυξι
2903 2442 3001 2505 τὰς
3047 2444 3282 2511 παρειὰς
3322 2438 3761 2508 περιδρύφουσα,

2178 2538 2431 2606 αἱμάτων
2483 2536 2645 2605 ὁμοῦ,
2698 2537 2797 2588 καὶ
2841 2534 3097 2604 δακρύων
3159 2532 3437 2595 ἀπέσταζε
3496 2531 3705 2581 πίδακα
3749 2567 3765 2591 ,

2179 2632 2275 2683 καὶ
2303 2629 2731 2699 περιστείχουσα
2773 2626 2867 2679 τοῦ
2908 2624 3162 2695 κειμένου
3193 2625 3284 2676 τὸν
3321 2622 3650 2692 κράὸὅατον,
3686 2620 3770 2680 ὡς

2181 2724 2350 2788 ζῶντι
2407 2723 2485 2790 τῷ
2531 2721 2712 2791 νεκρῷ
2737 2720 3030 2788 διελέγετο.
3058 2719 3193 2770 Τίνα
3224 2718 3453 2786 ταύτην,
3494 2716 3575 2766 υἱέ
3608 2731 3767 2782 pou”

2180 2814 2301 2866 τίνα
2330 2814 2538 2883 ταύτην
2590 2812 2834 2881 βαδίζεις
2859 2811 2976 2864 ὁδὸν
3005 2812 3106 2878 τὴν
3154 2810 3371 2879 μακράν
3424 2824 3485 2858 τε
3518 2806 3617 2857 καὶ
3666 2806 3770 2855 άνο

2184 2904 2552 2974 επίστροφον;
2594 2903 2676 2965 τίς
2707 2904 2740 2972 ή
2778 2900 3018 2970 τοσαύτη
3040 2899 3277 2970 ταχυτὴς
3315 2899 3443 2968 περὶ
3480 2898 3581 2963 τὴν
3632 2896 3769 2947 dvi-

2184 2993 2339 3048 λυσιν
2365 3012 2380 3061 ;
2430 2994 2758 3054 Ἐλάνθανον
2785 2993 2892 3063 ἄρα
2917 2991 3302 3061 φανταζομένη
3328 3007 3433 3054 σοι,
3454 2989 3668 3048 τέκνον,
3703 2985 3766 3037 ού

2188 3088 2455 3158 θάλαμον,
2504 3089 2642 3141 ἀλλά
2711 3089 2964 3152 θάνατον,
3009 3091 3103 3140 καὶ
3152 3084 3412 3154 λαμπάδα
3461 3083 3674 3151 ὑφάψαι
3707 3080 3770 3132 οὐ

2189 3181 2485 3252 γαμήλιον,
2538 3182 2708 3251 οἶμοι,
2761 3178 2879 3233 ἀλλ’
2908 3180 3220 3246 ἐπιτάφιον.
3251 3176 3447 3244 Μάτην
3470 3173 3775 3242 ὠνειροπό-

2188 3274 2317 3328 λουν
2355 3275 2674 3343 στεφάνους,
2709 3276 2803 3326 καὶ
2837 3276 3078 3344 νύμφην,
3110 3275 3205 3326 καὶ
3251 3271 3465 3323 παιδίον
3505 3268 3580 3330 ὡς
3606 3268 3775 3334 τάχος

2195 3366 2324 3419 ίδεῖν
2357 3381 2369 3395 ⁸
2402 3366 2434 3436 ἡ
2464 3365 2522 3418 δὲ
2570 3367 2825 3433 γενέσθαι
2857 3364 3098 3434 πενθερὰ
3144 3362 3591 3434 προσδοκήσασα,
3652 3359 3776 3411 οὐδὲ

2196 3457 2382 3527 μήτηρ
2448 3458 2919 3527 κατονομάζομαι.
2955 3457 3162 3525 Οἷμοιοῑ
3213 3455 3398 3524 οἵμοιῑ
3427 3453 3508 3506 ὄτι
3554 3452 3650 3504 τον
3683 3452 3775 3503 σὺν

2195 3546 2425 3602 θάνατον
2452 3543 2592 3601 εἶδον
2620 3546 2752 3614 ἐγὼ,
2774 3548 2894 3618 ήτις
2918 3546 3128 3615 ὤφελον
3174 3548 3232 3598 ἐν
3270 3546 3393 3608 ταῖς
3422 3546 3542 3606 σαῖς
3574 3544 3776 3595 ἐναπο-

2191 3638 2360 3710 ψύξαι
2414 3641 2597 3711 χερσὶ,
2634 3641 2731 3693 καὶ
2766 3641 2889 3701 ταῖς
2933 3640 3053 3700 σαῖς
3092 3637 3440 3707 ἐπικηδείαις
3465 3635 3775 3705 τιμηθῆναι

2193 3731 2464 3802 προόδοις.
2502 3732 2596 3793 Ὠς
2625 3731 2900 3802 μακάριαι
2925 3732 3208 3799 γυναῖκες,
3233 3730 3390 3792 ὅσαις
3409 3727 3777 3788 τελευτώσαις

2196 3823 2585 3894 περιίστανται
2634 3824 2845 3886 παῖδες.
2879 3823 2997 3876 Ἵνα
3024 3823 3077 3874 τί
3112 3822 3277 3892 μέχρι
3323 3821 3529 3891 ταύτης
3578 3819 3778 3888 ἐτηρή-

2197 3911 2298 3978 θην
2339 3913 2441 3978 τῆς
2497 3912 2667 3977 θέας;
2700 3912 2835 3964 Πότε
2891 3927 2981 3980 μοι
3016 3910 3329 3978 ἐπανήξεις,
3373 3902 3420 3961 ὦ
3462 3906 3776 3974 σπλάγχνον

2197 4006 2514 4073 ἐμόν;τότε
2571 4022 2631 4056 σε
2692 4004 2856 4057 πάλιν
2906 4002 3223 4073 Eneti/opm;
3263 4000 3453 4054 Ταῦτα
3506 3998 3778 4067 λεγούσης

2198 4099 2347 4150 πᾶσα
2384 4096 2570 4167 μήτηρ
2594 4094 2838 4166 ἐθρήνει,
2886 4094 2981 4147 καὶ
3007 4096 3054 4145 οἱ
3087 4093 3324 4163 πατέρες
3348 4090 3645 4157 ὠδύροντο.
3689 4089 3779 4150 Ὠς

2195 4189 2252 4242 δέ
2284 4192 2384 4260 τῆς
2410 4189 2586 4259 πύλης
2616 4189 2715 4257 τῆς
2742 4188 2950 4251 πόλεως
2982 4187 3091 4254 ἔξω
3125 4186 3395 4254 ἐγένοντο,
3418 4183 3515 4237 τοῦ
3539 4181 3779 4252 πλήθους

2199 4285 2600 4355 ἐπιφερομένου
2625 4286 2690 4354 τῇ
2722 4283 2949 4353 ἐκφορᾷ,
2982 4281 3258 4353 μακρόθεν
3290 4279 3475 4333 ἰδοῦσα
3519 4277 3653 4339 τοὺς
3689 4277 3779 4329 τὸν

2198 4376 2371 4445 τάφον
2403 4374 2754 4445 όρύττοντας,
2803 4375 3061 4443 ἐμμανὴς
3094 4374 3188 4425 ἐπὶ
3234 4372 3324 4425 τὸν
3356 4369 3676 4441 κράϐὄατον
3709 4369 3783 4421 ῐε-

521 4451 694 4518 maior
727 4453 1021 4507 multitudo
1072 4466 1452 4521 concurreret,
1484 4471 1580 4511 eos
1637 4456 1728 4526 qui
1783 4456 2080 4527 sepulcruu

2201 4482 2297 4519 ται
2319 4480 2332 4493 ·
2366 4468 2465 4519 καὶ
2490 4466 2851 4538 περιχυθεῖσα
2873 4465 2951 4537 τῷ
2984 4465 3265 4534 πτώματι,
3301 4465 3397 4519 καὶ
3423 4461 3615 4532 μέλεσι
3641 4461 3783 4532 μέλη

593 4579 642 4612 '°
666 4578 825 4634 Mich.
876 4594 916 4644 ι,
957 4580 1013 4635 8.

1764 4675 2090 4739 Francisci
2126 4676 2332 4737 Scorsi
2369 4684 2557 4736 notae.

597 4770 864 4846 (“Hilari
895 4791 1043 4831 secus
1081 4786 1236 4845 atque
1260 4777 1392 4830 avis.
1425 4776 1491 4830 Et
1531 4777 1648 4832 haec
1690 4793 1716 4830 a
1751 4778 1923 4844 poetis
1953 4781 2105 4834 simi-

521 4843 689 4898 litudo
723 4843 1086 4917 frequentata,
1118 4843 1168 4899 in
1194 4863 1297 4916 qua
1344 4847 1477 4900 ludit
1526 4849 1689 4901 etiam
1719 4843 2098 4917 Theophanes,

524 4926 585 4967 ut
612 4930 803 4988 omnes
853 4915 1023 4988 [erute
1072 4918 1146 4969 illi
1180 4915 1357 4972 lasere
1386 4933 1401 4971 :
1429 4920 1521 4970 sed
1570 4918 1822 4985 princeps
1851 4915 2102 4988 Virgilius

522 4997 578 5034 et
610 4983 835 5048 palmaut
886 4986 1050 5060 fert,_
1080 4989 1168 5060 ubi
1219 4988 1285 5041 de
1314 4988 1529 5056 Orpheo
1575 4983 1775 5041 amissa
1833 4983 2101 5060 Eurydice

530 5066 915 5131 uxore,.qttattt
944 5072 1007 5131 ex
1041 5057 1254 5110 inferna
1285 5061 1451 5131 do_n_to_
1485 5069 1800 5125 receperat:

605 5122 790 5185 Qualis
818 5126 1038 5191 populea
1078 5144 1293 5180 maerens
1328 5122 1622 5181 Philomela
1654 5129 1747 5180 sub
1783 5127 1969 5181 umbra

602 5193 837 5266 A_r_vtiss_0_s
872 5210 1107 5261 qnernur
1140 5197 1317 5266 fmus,
1341 5207 1447 5250 etc.

604 5261 714 5327 (15)
764 5260 885 5336 Non
965 5260 1312 5332 thalamum,
1343 5270 1431 5320 sed
1482 5267 1754 5336 feretrum.
1810 5269 1866 5321 In
1913 5267 2103 5322 Graec

525 5341 612 5414 est
658 5335 767 5384 hau:
807 5333 1196 5414 [Ιαρονομασία
1246 5333 1627 5406 φανταζομένη
1674 5354 1757 5390 σοι
1805 5342 1995 5391 τέκνον
2039 5339 2099 5391 οὐ

528 5402 792 5475 θάλαμον,
845 5402 981 5456 αλλὰ
1025 5402 1272 5475 θάνατον,
1322 5411 1414 5460 καὶ
1471 5402 1733 5474 λάμτέάεα
1783 5408 1992 5475 ὑφάψαι
2037 5409 2097 5461 οὐ

527 5472 821 5541 γαμήλιον,
848 5476 1016 5541 οἶμοι,
1063 5474 1177 5527 ἀλλ’
1215 5480 1522 5543 ἐπιτάφιον.
1547 5472 1727 5542 Quam
1758 5472 1859 5546 ego
1903 5490 1960 5531 ut
2003 5494 2101 5532 ex-

529 5556 815 5616 primerent
846 5560 1158 5616 utramque,
1208 5561 1307 5613 pro
1361 5548 1593 5600 θάνατον
1635 5549 1786 5616 postti
1830 5549 2103 5616 feretrum,

530 5615 669 5689 quod
718 5614 892 5682 lepide
943 5617 1135 5669 alludit
1175 5631 1296 5689 tum
1341 5618 1572 5670 thalamo
1606 5614 1699 5671 {si
1743 5614 1959 5684 mortem
2012 5632 2109 5687 po-

532 5688 783 5761 suissetn,
828 5696 1182 5761 ventistatenr
1214 5688 1549 5761 ilgtll‘tlldttlitl
1600 5689 1995 5752 reddidissem;
2047 5689 2106 5761 _in

533 5756 689 5821 cujus
735 5756 963 5820 gratiam
1016 5756 1324 5824 permiserit
1366 5756 1495 5811 milti
1543 5759 1720 5825 quivis
1766 5756 2110 5827 metonymia:

2208 4793 2390 4841 usum,
2410 4787 2470 4831 ut
2490 4777 2743 4832 feretrum
2775 4777 2979 4832 funeris
3000 4777 3441 4835 instrumentum,
3466 4774 3548 4829 vel
3566 4773 3784 4843 signum

2207 4864 2306 4917 pro
2348 4861 2522 4902 morte
2558 4863 2834 4916 ponerem.
2870 4847 2924 4900 In
2972 4857 3225 4917 seqneut.
3262 4847 3453 4917 Latina
3487 4854 3785 4917 potuerunt

2206 4914 2271 4971 ad
2300 4918 2534 4970 litteram
2561 4914 2752 4972 ludere
2781 4919 2975 4971 melius
3007 4932 3165 4983 quam
3196 4916 3383 4971 Cra-ca
3401 4915 3463 4968 ού
3487 4914 3781 4981 γαμήλιον.

2205 4987 2324 5041 ἀλλ’
2353 4989 2678 5057 ἐπιτάφιον*
2723 4985 2846 5041 Νοη
2901 4988 3223 5057 nuptialem,
3281 4988 3372 5057 sed
3435 4983 3783 5051 sepulcralem

2204 5059 2396 5128 facem.
2427 5055 2558 5111 Illud
2597 5063 2818 5111 adverto
2854 5058 2903 5109 in
2940 5055 3005 5119 V,
3038 5057 3310 5128 inductam
3337 5056 3423 5108 hic
3448 5070 3571 5128 esse
3596 5069 3783 5128 vocent

2202 5120 2554 5182 ἐπιθάνατιον
2575 5128 2655 5181 sic
2676 5129 2816 5181 enim
2852 5128 3010 5180 habet
3038 5127 3111 5178 Οὐ
3145 5125 3433 5197 γαμήλιον,
3466 5126 3634 5194 οἶμοι,
3668 5120 3789 5197 ἀλλ’

2204 5199 2551 5251 ἐπιθάνατιόν
2584 5215 2642 5251 τε
2677 5200 2771 5250 καὶ
2801 5198 3110 5265 ἐπιτάφιον,
3137 5212 3257 5266 qua:
3284 5195 3291 5197 ⁷
3321 5211 3444 5247 cum
3478 5196 3529 5247 in
3572 5195 3790 5246 caeteris

2205 5270 2611 5337 exemplaribus
2641 5284 2745 5322 non
2779 5277 3037 5332 exstaret,
3083 5278 3135 5320 et
3182 5278 3610 5337 supervacanea,
3657 5266 3791 5331 quia

2206 5349 2261 5391 et
2313 5342 2649 5391 venustatem
2702 5340 2961 5406 impedire
3019 5337 3415 5406 paranomasia:
3465 5336 3789 5406 videretur,

2201 5422 2375 5489 ante
2427 5411 2518 5462 est'
2581 5403 3201 5475 uterito'prmterntissa,
3258 5414 3315 5458 ut
3369 5403 3621 5463 insititia,
3680 5418 3790 5455 non

2202 5488 2414 5532 lunata.

2275 5547 2388 5628 (ιο)
2418 5544 2791 5628 Nequidquam
2813 5547 3090 5603 corollam.
3117 5546 3249 5603 Vide
3274 5562 3438 5616 supra
3463 5545 3565 5598 hac
3593 5542 3793 5596 eadem

2206 5619 2451 5681 ltontilia,
2492 5628 2605 5674 not.
2641 5620 2694 5673 9.

2281 5688 2395 5757 (l7)
2447 5687 2577 5742 Cum
2623 5688 2761 5743 inter
2818 5704 3004 5743 manus
3053 5697 3195 5742 luas.
3244 5687 3377 5743 Vide
3429 5686 3629 5740 ibidem
3687 5682 3795 5737 hac

2211 5759 2455 5825 homilia,
2479 5768 2591 5814 not.
2630 5759 2718 5813 10.
3422 5764 3427 5769 ’
