3990 6202
508 359 618 422 235

1701 347 2192 412 ΤΙΙΕΟΡΠΑΝΙΞ
2227 347 2572 410 CERAMEI

3661 348 3766 412 23G

515 479 681 532 tilimn
725 473 1120 529 adolescentem
1175 469 1405 539 appellnt
1454 467 1821 538 Evangelium,
1869 479 1921 522 et
1954 467 2086 520 Jairi

2202 468 2416 537 καετής.
2449 469 2514 520 Τί
2540 463 2633 521 οὖν
2661 468 2725 521 ἐκ
2757 469 2962 522 τούτων
3002 467 3334 539 ὑψηλότερον
3361 465 3765 540 διδασκόμεθας

516 573 622 624 lilia
663 567 834 636 puella
879 563 1246 619 duodecennis
1285 568 1404 615 erat
1431 562 1499 613 ⁷⁸.
1528 559 1665 625 Quid
1701 559 1864 630 igitur
1889 574 1955 613 ex
1987 559 2090 615 hoc

513 660 718 714 altioris
741 655 1106 725 intelligentize
1127 652 1457 723 accipimus?
1481 652 1862 721 Propheticum
1883 653 2090 706 scilicet

513 766 816 808 sermonem
862 751 927 803 ad
1003 748 1348 817 imperfectos
1397 760 1460 800 ac
1495 755 1708 816 tyroues
1745 747 1796 799 in
1831 745 2088 801 discendo

509 842 792 903 traditum,
833 838 1036 907 quique
1070 835 1364 890 secundum
1411 835 1580 902 legem
1625 833 1876 888 vivebant
1909 833 2086 887 infau-
2131 864 2140 874 -

511 935 646 991 tium
676 932 838 985 vitam
870 947 883 984 :
913 935 1074 997 atque
1105 926 1190 982 his
1216 926 1466 995 legalium
1502 931 1890 994 praeceptorum
1921 925 2090 978 viola-

511 1027 659 1079 tione
694 1020 920 1076 mortuis
949 1021 1111 1072 vitam
1145 1017 1482 1072 restituebat.
1504 1019 1572 1070 At
1590 1032 1717 1071 vero
1745 1016 1994 1070 Christus
2023 1016 2088 1070 nd

511 1131 596 1186 pet
613 1115 860 1169 l'ectivam
882 1127 976 1180 per
992 1109 1336 1180 Evangeliuttt
1356 1110 1479 1162 vitae
1500 1109 1760 1161 rationem
1783 1107 2087 1170 instituens,

513 1205 808 1276 perfectam
852 1204 1064 1274 attingit
1110 1203 1382 1265 animam,
1426 1199 1590 1253 vitam
1635 1199 1710 1252 illi
1759 1197 2088 1267 spiritualem

513 1295 788 1361 prmhens,
838 1305 954 1358 quae
1003 1288 1306 1343 infantilem
1359 1297 1698 1358 transgressa
1749 1295 1988 1352 statum,
2037 1297 2090 1341 et

512 1383 776 1451 spirituali
831 1389 987 1435 aetate
1049 1381 1328 1448 vigescens
1379 1394 1484 1434 non
1549 1380 1695 1448 rugis
1745 1389 2089 1449 peccatorum

513 1477 742 1529 obducta
796 1473 1118 1528 inveteravit
1211 1483 1372 1542 atque
1422 1472 1726 1527 c0nsenuit.
1771 1473 1946 1539 Atque
1988 1472 2091 1526 hoc

515 1567 819 1622 Salomonis
846 1567 1127 1621 Canticum
1156 1565 1327 1619 innuit
1358 1581 1372 1619 :
1408 1582 1425 1616 t
1459 1564 1747 1633 Propterea
1779 1563 2091 1618 adolescen-

516 1659 637 1713 tulae
666 1659 968 1710 dilexerunt
999 1665 1051 1710 te
1075 1658 1142 1710 ".
1182 1673 1200 1706 ι
1235 1656 1291 1709 Si
1326 1655 1491 1724 igitur
1520 1655 1697 1708 anima
1729 1664 1908 1707 nostra
1935 1653 2091 1720 juve-

516 1749 716 1812 ueseit,
759 1764 934 1817 neque
963 1748 1141 1802 adhuc
1187 1747 1408 1800 infantis
1448 1761 1596 1800 more
1635 1745 1746 1816 (24)
1777 1744 1842 1798 ad
1872 1759 2088 1799 sensqu

2205 558 2293 621 Ὠς
2320 560 2348 610 6
2380 561 2722 630 προφητικδς
2760 563 2920 630 λόγος
2953 562 3084 632 πρὸς
3118 562 3331 626 ἀτελεῖς
3377 559 3467 633 ἦν,
3525 565 3623 616 καὶ
3659 567 3768 617 είς-

2194 654 2507 718 αγωγικοὺς
2551 657 2652 725 τὴν
2688 655 2832 707 κατὰ
2877 655 3042 720 νόμον
3075 655 3282 720 ζῶντας
3309 655 3556 727 νηπιώδη
3602 657 3769 730 ζωὴν,

2189 739 2284 804 οὓς
2311 740 2595 804 ὲζωοποίει
2630 744 2964 813 θνήσκοντας
3002 747 3068 814 τῇ
3114 744 3428 814 παραϐάσει
3465 747 3576 799 τῶν
3615 765 3770 817 νομιο

2191 832 2304 884 κῶν
2353 833 2604 888 ἐντολῶν,
2652 834 2712 886 '0
2754 835 2812 888 δὲ
2860 836 3093 904 Χριστὸς
3144 836 3241 906 τὴν
3277 837 3640 908 τελειωτικὴν
3687 840 3774 892 διά

2189 923 2286 975 τοῦ
2313 923 2647 992 Εὑαγγελῖου
2676 927 2929 996 παρέχων
2961 927 3126 995 ζωὴν,
3162 927 3262 996 τῆς
3291 927 3505 990 τελείας
3533 929 3773 997 ἐφάπτεο

2191 1031 2280 1067 ται
2329 1016 2531 1086 ψυχῆς,
2579 1016 2726 1088 ζωὴν
2779 1020 2975 1088 νοερὰν
3023 1021 3159 1089 αὐτῇ
3209 1021 3606 1090 παρεχόμενος,
3653 1023 3777 1092 ἣτις

2189 1105 2425 1158 διαϐᾶσα
2452 1107 2550 1176 τὴν
2577 1107 2823 1177 νηπιώδη
2857 1111 3216 1173 κατάστασιν,
3249 1112 3342 1164 καὶ
3369 1112 3457 1164 διὰ
3485 1114 3587 1180 τῆς
3609 1131 3778 1165 πνευο

2195 1198 2431 1266 ματικῆς
2462 1198 2679 1268 ἡλικίας
2705 1200 3025 1268 ἀκμάσασα,
3071 1203 3172 1254 οὒκ
3210 1202 3527 1274 ἐπαλαιὼοη
3559 1207 3628 1275 τῇ
3679 1207 3776 1274 ῥυ-

2191 1289 2295 1341 τίδι
2330 1289 2428 1358 τῆς
2457 1291 2732 1360 ἁμαρτίας
2773 1295 3233 1363 καταγήρασασα.
3263 1297 3370 1348 Καὶ
3402 1297 3561 1348 τοῦτο
3600 1300 3780 1350 αῖ-ιίτ-

2189 1397 2340 1434 τεται
2368 1383 2525 1449 λέγον
2561 1384 2623 1436 τὸ
2655 1376 2848 1454 Τᾼσμα
2871 1384 2932 1436 τὸ
2956 1384 3352 1455 Σολομώντειον
3377 1400 3393 1416 ⁶
3434 1406 3452 1437 ι
3487 1389 3584 1440 Διὰ
3615 1388 3717 1440 τοῦ
3754 1407 3782 1441 ο

2191 1476 2433 1539 νεάνιδες
2491 1479 2792 1548 ἠγάπησαν
2847 1495 2928 1533 σε.
2966 1498 2985 1532 ι
3044 1480 3218 1550 Εἴπερ
3272 1479 3366 1533 οῦν
3413 1481 3508 1534 καὶ
3550 1481 3776 1551 ἡμῶνή

2189 1567 2337 1638 ψυχὴ
2362 1569 2567 1635 νεάζει,
2616 1571 2753 1641 μήτε
2790 1571 2898 1624 ὑπὸ
2938 1571 3191 1641 νεότητος
3240 1572 3642 1643 ἀναισθητοῦσα
3686 1576 3780 1626 καὶ

2190 1659 2555 1728 νηπιάζουσα,
2605 1665 2741 1731 μήτε
2778 1663 2883 1715 ὑπὸ
2929 1668 3114 1732 γήρως
3147 1663 3457 1732 άδρανοῦσα
3502 1669 3639 1730 πρὸς
3679 1666 3776 1735 τὴν

2190 1749 2285 1803 τοῦ
2324 1751 2492 1805 καλοῦ
2538 1753 2890 1824 κατανόησιν,
2935 1754 3206 1824 ἐφάψεται
3244 1756 3414 1825 αὐτῆς
3457 1757 3485 1808 6
3515 1756 3782 1810 διδασκα-

514 1836 638 1890 boni
672 1836 1078 1906 percipiendum
1111 1836 1288 1903 inepta
1316 1845 1415 1899 est,
1451 1848 1623 1903 neque
1646 1835 1711 1888 ad
1740 1832 1860 1906 ejus
1891 1834 2090 1888 intelli-

2202 1843 2343 1906 λικδς
2370 1843 2549 1911 λόγος,
2576 1844 2672 1897 καὶ
2702 1823 3001 1915 ἀναστήσει
3027 1846 3118 1898 τοῦ
3151 1823 3447 1916 σκίμποδος
3467 1848 3566 1917 τῆς
3596 1849 3782 1918 ἀμαρ-

514 1929 744 1997 gentiam
773 1928 1065 1983 senectutis
1093 1928 1220 1982 vitio
1247 1928 1412 1982 hebes
1437 1937 1489 1981 et
1519 1927 1764 1997 languida
1788 1967 1804 1994 ,
1841 1928 2093 1996 pervadet

515 2034 634 2073 eam
662 2034 840 2074 sermo
865 2019 1144 2084 doctrinm,
1169 2018 1310 2072 etab
1335 2018 1633 2087 iniquitatis
1658 2016 1796 2071 lceto
1817 2017 2091 2081 excitabit,

516 2121 571 2165 et
593 2112 658 2164 ad
687 2121 886 2164 aeterna
917 2112 1054 2165 bona
1091 2111 1424 2179 assequeuda
1452 2109 1702 2178 disponet
1727 2125 1740 2161 :
1769 2109 1964 2178 quibus
1995 2124 2093 2164 nos

517 2216 704 2258 omnes
733 2202 890 2271 potiri
920 2201 1194 2272 contingat
1222 2203 1395 2271 gratia
1436 2199 1649 2254 Domini
1696 2199 1787 2276 Dei
1823 2208 1878 2254 et
1909 2198 2095 2254 Salva-

517 2295 652 2348 toris
694 2293 863 2348 nostri
894 2292 1020 2349 Jesu
1067 2293 1266 2348 Christi
1299 2293 1534 2348 auctoris
1577 2293 1719 2354 vitae,
1750 2293 1836 2346 cui
1867 2293 2096 2346 debetur

516 2388 693 2441 onmis
724 2386 896 2441 honor
929 2396 984 2442 et
1011 2385 1177 2458 gloria
1219 2401 1339 2441 eum
1375 2384 1534 2440 Patre
1567 2383 1816 2454 principii
1848 2393 2091 2452 experte,

518 2489 571 2532 et
602 2479 904 2535 vivilieante
931 2475 1136 2549 Spiritu
1155 2515 1171 2540 ,
1205 2491 1347 2532 nunc
1372 2487 1425 2532 et
1451 2477 1503 2531 in
1532 2474 1728 2532 smcula
1752 2473 2092 2532 saeculorum.

518 2573 714 2625 Amen.

1050 2681 1160 2752 39
1198 2679 1477 2735 nonum
1518 2680 1625 2736 vn.

981 2793 1049 2846 De
1091 2794 1342 2860 parabole
1375 2793 1638 2846 sementis.

587 2907 686 2972 Qui
722 2913 1042 2957 mercaturae
1074 2900 1340 2954 faciunda:
1375 2916 1537 2954 causa
1575 2900 1748 2969 longis
1785 2903 2098 2972 pcregrina-

520 2997 758 3054 tiuu'bus
780 3011 896 3049 sese
934 2995 1242 3062 accingunt,
1273 3007 1394 3046 cum
1419 2993 1531 3061 jam
1566 2993 1770 3062 ingredi
1814 2994 1953 3050 viam
2004 3012 2097 3050 vo-

523 3092 674 3152 lunt,
725 3103 910 3158 preces
965 3086 1173 3140 initiqu
1239 3084 1450 3139 itineris
1501 3083 1751 3149 faciunt,
1817 3085 2095 3158 Deumque

2193 1933 2352 1997 τίας,
2404 1936 2501 1988 καὶ⁵
2557 1940 2848 2006 μετασχεῖν
2906 1939 3323 2008 παρασκευάσει
3377 1938 3486 1994 τῶν
3539 1942 3782 1994 αἰωνίων

2193 2025 2433 2094 ἀγαθῶν,
2465 2020 2541 2079 ὧν
2584 2026 2796 2094 γένοιτο
2836 2029 3044 2092 πάντας
3095 2032 3242 2100 ἡμᾶς
3282 2031 3559 2100 ἐπιτυχεῖν
3588 2033 3782 2103 χάριτι

2192 2121 2287 2172 τοῦ
2317 2119 2710 2188 ζωογονοῦντος
2759 2124 2911 2192 ἡμᾶς
2965 2125 3166 2195 Κυρίου
3201 2126 3297 2178 καὶ
3352 2125 3486 2177 Θεοῦ
3521 2126 3614 2178 καὶ
3660 2127 3779 2178 Σωο

2193 2213 2360 2281 τῆρος
2393 2213 2550 2282 ἡμῶν
2585 2213 2760 2284 Ἰησοῦ
2797 2215 3034 2284 Χριστοῦ
3065 2233 3075 2245 ·
3113 2213 3155 2284 ᾧ
3191 2217 3390 2287 πρέπει
3435 2221 3586 2271 πᾶσα
3649 2219 3778 2285 δὸξα

2197 2304 2288 2356 καὶ⁵
2316 2306 2448 2374 τιμὴ
2481 2304 2578 2357 σὺν
2625 2306 2704 2377 τῷ
2751 2308 2974 2378 ἁνάρχῳ
3033 2309 3204 2378 Πατρὶ
3254 2312 3345 2363 καὶ
3396 2310 3474 2378 τῷ
3523 2311 3779 2380 ζωοποιῷ

2198 2395 2498 2466 ῐινεύματι,
2543 2396 2640 2449 νῦν
2685 2399 2780 2452 καὶ
2822 2400 2932 2464 ἀεὶ,
2983 2401 3078 2452 καὶ
3125 2402 3204 2463 είς
3240 2402 3365 2466 τοὺς
3409 2403 3616 2466 αἰῶνας
3666 2401 3779 2455 τῶν

2199 2489 2431 2544 αἰώνων.
2472 2490 2530 2545 Ἀ
2541 2491 2672 2562 μήν.

2809 2674 3051 2727 ΟΜῙΛΙΑ
3081 2675 3152 2727 Ζ⁹.

2435 2788 2574 2854 Περὶ
2616 2787 2726 2854 τῆς
2764 2788 3111 2856 παραϐολῆς
3146 2788 3253 2843 τοῦ
3279 2790 3536 2858 σπόρου.

2270 2902 2332 2952 Οἱ
2368 2901 2468 2962 τὰς
2496 2901 2716 2971 μακράς
2748 2901 3058 2970 ἀποδημίας
3087 2901 3206 2954 κατ’
3237 2902 3509 2970 ἐμπορίαν
3542 2901 3782 2955 πλούτου

2201 2992 2570 3062 στελλόμενοι,
2617 2993 2840 3046 ἐπειδὰν
2880 2995 2980 3062 τῆς
3023 2993 3140 3046 ὁδοῦ
3193 2993 3525 3063 βουληθῶσιν
3559 2995 3787 3064 ἐφάψαι-

2201 3085 2360 3148 σθαι,
2414 3085 2579 3156 εὐχὴν
2627 3085 2907 3138 ποιοῦνται
2956 3087 3054 3154 τῆς
3107 3088 3416 3157 ὁδοιπορίας
3463 3090 3779 3164 προοίμιον,

520 3191 681 3235 orant
711 3189 764 3231 ut
797 3183 900 3231 dux
935 3186 988 3230 ct
1017 3190 1196 3230 comes
1222 3175 1322 3230 sibi
1352 3177 1422 3230 sit
1457 3176 1600 3229 vitae.
1637 3174 1904 3242 Quoniam
1931 3179 2095 3247 igitur

2202 3176 2332 3230 θεὸν
2365 3177 2548 3240 αὐτοῖς
2580 3177 2832 3244 γενέσθαι
2892 3177 3238 3247 καθηγεμόνα
3276 3156 3370 3232 καὶ
3398 3156 3785 3249 συνοδοιπόρον

519 3280 574 3326 ct
625 3285 722 3325 nos
770 3270 834 3322 ad
894 3277 1161 3336 quaestum
1251 3265 1551 3321 cmlestium
1629 3282 1692 3320 ac
1742 3268 2097 3338 spiritualium

520 3363 829 3418 divitiarum
862 3401 878 3422 ,
955 3356 1229 3427 Evangelii
1291 3356 1596 3426 explicandi
1650 3357 1790 3412 viam
1846 3361 2045 3414 inimus
2081 3401 2097 3422 ,

522 3467 824 3524 precemur.
859 3462 915 3504 ut
967 3450 1018 3502 in
1070 3465 1168 3503 nos
1198 3463 1387 3503 omnes
1424 3449 1599 3518 gratia
1655 3449 1893 3520 Spiritus
1923 3454 2097 3507 sancti

525 3547 734 3600 abunde
754 3544 1084 3608 conferatur,
1103 3556 1221 3611 qua:
1243 3548 1297 3596 et
1319 3543 1550 3611 linguam
1572 3551 1807 3597 nostram
1827 3545 2096 3612 expediat,

524 3646 577 3689 et
600 3633 869 3689 sermonis
901 3633 1097 3700 dirigat
1135 3644 1393 3693 cursum,
1424 3637 1634 3684 vestras
1671 3645 1802 3684 vero
1839 3645 1999 3685 aures
2030 3631 2099 3686 ad

525 3726 849 3781 audiendum
882 3723 1229 3777 vehementer
1246 3721 1466 3787 excitet,
1514 3728 1573 3774 ut
1603 3721 1726 3776 hinc
1759 3721 2100 3779 discedamus

522 3815 820 3889 spiritualis
864 3813 1123 3868 sementis
1167 3811 1343 3866 fructu
1383 3821 1661 3882 percepto,
1725 3811 1842 3880 ejus
1879 3811 2098 3881 inquam

521 3908 802 3973 sementis,
841 3907 904 3962 de
929 3920 1033 3976 qua
1072 3904 1231 3962 hodie
1263 3903 1526 3961 Parabola
1554 3903 1863 3974 evangelica
1894 3907 1962 3938 ⁷³⁶
1985 3907 2099 3964 dis-
2149 3891 2158 3899 ’

521 4017 708 4059 serens
738 4003 814 4056 ait
844 4017 858 4052 :

599 4202 617 4235 ι
649 4181 792 4236 Dixit
823 4181 978 4236 vaus
1008 4180 1320 4249 paraliulam
1351 4180 1487 4234 hanc
1521 4198 1534 4233 :
1566 4177 1710 4232 Exiit
1750 4179 1841 4247 qui
1874 4179 2103 4232 seminat

523 4277 793 4330 seminare
817 4289 998 4329 semen
1033 4289 1212 4329 suum.
1243 4291 1260 4323 ι
1291 4271 1774 4326 Prwdeﬁnitumab
1801 4272 2102 4325 arteruitnte

524 4363 802 4416 consilium
851 4363 967 4426 Dei,
1015 4373 1068 4417 et
1112 4376 1282 4432 usque
1328 4364 1393 4416 ad
1439 4360 1678 4415 inﬁmam
1711 4361 1825 4431 (25)
1860 4371 2100 4416 nostram

2201 3267 2532 3336 αἰτούμενοι.
2578 3267 2727 3320 Ἐπεὶ
2765 3263 2858 3320 οὖν
2892 3270 2985 3321 καὶ
3029 3271 3187 3339 ἡμεῖς
3220 3271 3339 3322 κατ’
3375 3274 3652 3341 ἐμπορίαν
3685 3271 3782 3326 τοῦ

2199 3356 2520 3410 δεσποτικοῦ
2565 3357 2798 3410 πλούτού
2833 3376 2892 3411 τε
2961 3360 3054 3414 καί¹
3091 3362 3485 3430 πνευματικοῦ,
3517 3364 3624 3431 τῆς
3659 3364 3783 3418 ὀδοῦ

2198 3450 2308 3502 τῶν
2337 3449 2710 3518 εὐαγγελικῶν
2735 3451 3050 3519 ἐξηγήσεων
3082 3454 3462 3522 ἐφαπτόμεθα,
3493 3453 3786 3522 δεηθῶμεν

2201 3541 2672 3612 ἐπιχορηγηθῆναι
2719 3543 2854 3595 πᾶσι
2905 3542 3004 3612 τὴν
3063 3545 3225 3612 χάριν
3273 3543 3368 3598 τοῦ
3418 3543 3788 3614 Πνεῦματος,

2201 3631 2355 3701 ἡμῶν
2380 3632 2475 3700 μὶν
2501 3631 2897 3703 διατρινοῦσαν
2923 3634 3024 3701 τὴν
3064 3632 3332 3700 γλῶτταν,
3367 3635 3461 3688 καὶ
3491 3636 3585 3688 τὸν
3620 3635 3788 3703 λόγον

2200 3719 2544 3783 εὑθύνουσαι,
2571 3721 2724 3790 ὑμῶν
2753 3721 2810 3774 δὲ
2833 3720 2932 3784 τὰς
2954 3723 3122 3786 ἀκοὰς
3144 3722 3520 3794 διεγείρουσαν
3544 3724 3608 3778 εὖ
3630 3727 3788 3794 μάλα

2201 3812 2337 3880 πρὸς
2359 3812 2456 3882 τὴν
2482 3812 2770 3882 ἀκρόασιν,
2795 3811 2860 3865 ἵν’
2892 3812 3217 3884 ἀπέλθωμεν
3231 3815 3484 3869 ἐντεῦθεν
3498 3815 3595 3869 τοῦ
3618 3834 3789 3871 πνευ-

2205 3902 2433 3974 ματικοῦ
2472 3901 2672 3972 σπόρου
2707 3902 3136 3973 καρπωσάμενοι
3168 3903 3231 3958 τὸ
3269 3903 3567 3975 γεώργιον,
3632 3906 3787 3959 ἐκεῖ·

2201 4013 2294 4050 νου
2313 3994 2406 4048 τοῦ
2430 3995 2654 4064 σπόρου,
2678 4012 2744 4047 πε
2754 3996 2811 4066 ρὶ
2838 3991 2899 4049 οὗ
2924 3996 3162 4066 σήμερον
3191 3997 3225 4068 ἡ
3248 3996 3582 4069 εὐαγγελικὴ
3599 4015 3790 4068 παρα-

2203 4088 2332 4158 ϐολὴ
2361 4087 2667 4157 διηγήσασα
2698 4087 2843 4141 οὕτω
2874 4088 3028 4154 λέγει
3054 4104 3069 4120 ·

2281 4200 2300 4232 ι
2341 4177 2508 4234 Εἶπεν
2537 4182 2565 4234 6
2593 4180 2797 4250 Κύριος
2825 4182 2922 4260 τὴν
2954 4183 3273 4254 παραϐολὴν
3306 4183 3544 4254 ταύτην
3587 4187 3789 4257 Ἐξῆλ-

2203 4271 2296 4324 θεν
2326 4272 2353 4323 6
2385 4271 2624 4342 σπείρων
2651 4270 2746 4324 τοῦ
2776 4274 2996 4342 σπεῖραι
3024 4274 3116 4326 τὸν
3147 4275 3351 4345 σπόρον
3380 4276 3571 4331 αὐτοῦ.
3607 4297 3628 4330 ι
3673 4281 3787 4350 Τὴν

2205 4360 2623 4432 προορισθεῖσαν
2653 4360 2718 4412 ὲκ
2755 4359 2892 4413 Θεοῦ
2935 4360 3200 4415 ἀνέκαθεν
3235 4362 3515 4435 βούλησιν,
3553 4368 3646 4419 καὶ
3683 4369 3787 4437 τὴν

525 4454 891 4508 Conditionem
942 4455 1106 4508 divini
1160 4452 1321 4508 Verbi
1361 4453 1812 4521 exinanitionem,
1846 4464 1899 4508 et
1947 4457 2096 4508 inex-

2208 4453 2370 4522 μέχρι
2403 4453 2503 4520 τῆς
2547 4451 2822 4520 ἡμετέρας
2869 4453 3127 4522 ἐσχατιᾶς
3155 4453 3248 4506 τοῦ
3287 4454 3424 4508 θεοῦ
3469 4456 3645 4525 Λόγου
3688 4459 3787 4510 κέ-

527 4545 828 4616 ριίωιιὶιοιιι
890 4545 1034 4600 illam
1093 4561 1214 4600 cum
1287 4546 1516 4599 humana
1587 4555 1772 4598 natura
1842 4547 2095 4600 unionem

523 4640 910 4711 grandiloquus
970 4638 1244 4708 Evangelii
1307 4651 1484 4693 sermo
1531 4637 1733 4692 exitum
1781 4647 1956 4694 vocat.
2005 4639 2096 4695 Sic

522 4734 739 4786 enimet
765 4731 886 4786 aliis
920 4732 971 4785 iu
1005 4731 1134 4784 locis
1161 4729 1396 4799 loquitur
1430 4746 1444 4782 ς
1480 4747 1498 4781 ι
1538 4729 1732 4784 Videris
1759 4730 1940 4794 Jcsus,
1969 4732 2098 4800 quia

524 4825 706 4878 omnia
737 4822 880 4877 dedit
913 4823 960 4876 ci
996 4820 1238 4874 Pater'in
1275 4835 1494 4881 manus,
1529 4830 1577 4874 et
1620 4821 1743 4890 quia
1785 4835 1813 4874 a
1843 4820 1951 4875 Deo
1978 4822 2101 4876 cxi-

529 4912 624 4984 νίι,
657 4925 710 4970 et
740 4917 806 4970 ad
836 4916 999 4968 Deum
1034 4911 1176 4966 vadit
1211 4912 1291 4980 7°;
1325 4930 1343 4962 ι
1392 4919 1445 4965 ct
1481 4911 1620 4964 ineo
1677 4926 1928 4966 sermone
1962 4912 2099 4982 (‘26),

602 5051 646 5079 ’⁸
670 5048 799 5102 Luc.
823 5063 941 5111 vni,
964 5047 1061 5112 ὀὴ
1095 5046 1258 5100 Marc.
1287 5062 1338 5110 v,
1361 5045 1450 5099 42.
1534 5045 1576 5077 ⁷⁸
1601 5045 1757 5100 Cant.
1800 5061 1856 5110 v,
1891 5045 1944 5100 2.

2205 4561 2388 4608 νωσιν,
2417 4544 2512 4596 καὶ
2551 4543 2647 4612 τὴν
2683 4541 2818 4614 πρὸς
2849 4543 2940 4596 τὸν
2980 4543 3267 4614 ἄνθρωπον
3305 4547 3546 4617 άρρητον
3585 4548 3786 4603 ἕνωσιν

2205 4639 2238 4708 ἠ
2285 4636 2498 4706 μεγάλη
2518 4635 2610 4688 τοῦ
2645 4635 2976 4702 Εὐαγγελίου
3007 4638 3156 4705 φωνὴ
3185 4638 3439 4707 ὀνομάζει
3467 4639 3790 4706 ἑξέλευσιν·

2202 4727 2346 4780 οὕτω
2376 4727 2483 4796 γὰρ
2532 4726 2626 4777 καὶ
2664 4726 2719 4776 ὲν
2752 4725 2931 4788 ἄλλοις
2975 4727 3172 4794 φησίν·
3227 4745 3246 4778 ι
3286 4728 3454 4792 Εἰδὼς
3502 4731 3529 4781 ὁ
3574 4730 3787 4801 Ἰησοῦς

2202 4821 2285 4871 ὃτι
2315 4820 2491 4872 πάντα
2521 4816 2749 4869 δέδωκεν
2776 4817 2923 4886 αὑτῴ
2948 4818 2975 4869 ὀ
3011 4818 3199 4888 Πατὴρ
3219 4821 3299 4882 εἰς
3320 4822 3420 4885 τὰς
3451 4824 3662 4891 χεῖρας,
3688 4824 3789 4876 καὶ

2202 4915 2284 4966 ὅτι
2311 4912 2418 4964 άπὸ
2447 4907 2582 4962 Θεοῦ
2619 4907 2834 4976 ἐξῆλθε,
2878 4909 2974 4963 καὶ
3011 4911 3150 4979 πρὸς
3193 4913 3287 4965 τὸν
3331 4914 3464 4967 Θεὸν
3496 4915 3716 4984 ὑπάγει.
3757 4933 3782 4968 ι

2023 5048 2090 5079 ’δ’
2123 5047 2255 5101 Luc.
2285 5045 2452 5108 vui,5
2485 5060 2638 5115 seqq.
2710 5045 2755 5077 ⁷⁸
2781 5043 2936 5100 Joau.
2966 5061 3122 5116 χχιιι,
3155 5048 3209 5105 5.

1759 5165 2080 5228 Francisci
2118 5165 2330 5228 Scorsi
2359 5174 2544 5227 uotae.

600 5290 714 5361 (ει)
755 5289 988 5359 Infantis
1035 5307 1197 5345 more.
1247 5288 1392 5354 Haec,
1420 5289 1524 5342 ὑπὸ
1545 5287 1795 5357 νεότητος
1831 5289 2095 5358 ἀναισθη-

527 5363 716 5428 τοῦσα,
748 5365 842 5414 καὶ
869 5361 1231 5429 νηπιάζουσα,
1265 5362 1528 5430 supplevi,
1554 5361 1853 5413 necessaria
1879 5375 2010 5413 sane
2027 5361 2093 5414 ad

529 5432 822 5503 perfectum
851 5447 1090 5503 sensum,
1123 5447 1186 5503 ex
1221 5448 1271 5483 e.
1298 5431 1349 5482 5.

600 5502 715 5572 (25)
757 5499 1015 5572 Usqueud
1055 5501 1312 5568 inﬁmam.
1354 5499 1442 5553 Sic
1477 5501 1686 5572 locutus
1802 5497 2090 5572 Dionysius

530 5569 730 5642 areop.
789 5569 862 5627 De
895 5571 1087 5642 divinis
1123 5574 1319 5642 namin.
1358 5585 1476 5642 cap.
1511 5571 1565 5642 1,
1594 5575 1680 5621 ubi
1714 5569 2090 5642 Deunrappel-

533 5639 600 5711 lat
616 5637 896 5711 Φιλάνθρω
910 5659 1000 5694 πον
1023 5640 1385 5711 διαφερόντως
1406 5641 1461 5691 ὅτ
1471 5657 1490 5711 ι
1509 5641 1608 5709 τῆς
1636 5637 1763 5711 καθ’,
1779 5639 1925 5706 ἡμᾶς
1945 5641 2088 5711 ,πρὸς

527 5709 783 5778 ἀλήθειαν
813 5708 1008 5774 ὀλικῶς
1038 5714 1096 5763 ἐν
1125 5708 1229 5781 μιᾷ
1253 5710 1356 5762 τῶν
1373 5710 1541 5781 αὐτῆς
1565 5708 1921 5781 ὑποστάσεων,
1939 5709 2086 5761 ἐκοι-

528 5782 764 5848 νιὶιιησεν
822 5778 1271 5852 ἀνακαλουμένὴν
1330 5780 1466 5850 πρὸς
1514 5780 1736 5849 ἑαυτὴν,
1761 5778 1856 5832 καὶ
1900 5779 2087 5833 ἀνατι-

2205 5290 2358 5343 θεῖσα
2381 5291 2481 5369 τὴν
2503 5288 2848 5369 ἀνθρωπίνην
2881 5293 3162 5369 ἐσχατιάν.
3195 5295 3308 5369 Hoc
3353 5308 3455 5364 est,
3487 5315 3551 5356 ex
3613 5305 3790 5358 inter-

2205 5363 2507 5429 pretatioue
2566 5362 2829 5441 .loachimi
2880 5362 3144 5441 l’ermnii;
3207 5362 3486 5438 Singulari
3545 5377 3783 5441 quodam

2205 5445 2574 5510 amoregemts
2625 5431 2922 5510 .Immmumi
2973 5431 3414 5505 cmnplectem'rm,
3471 5431 3612 5510 quod
3670 5461 3789 5498 vere

2200 5513 2354 5567 (atque
2389 5501 2588 5570 integre
2620 5503 2672 5552 iu
2697 5518 2798 5553 una
2833 5520 3054 5570 persona
3089 5501 3370 5561 nobiscum
3403 5501 3786 5567 commercium

2195 5571 2406 5634 habuit,
2459 5585 2504 5622 et
2544 5587 2729 5624 vocans
2763 5578 2826 5625 ad
2855 5590 2928 5639 se,
2955 5587 3002 5628 et
3048 5577 3272 5645 jungrus
3299 5594 3536 5634 nostram
3559 5583 3785 5638 Immiti-

2197 5650 2378 5693 talem.

2269 5711 2379 5780 (ἐϋ)
2426 5709 2490 5763 1η
2524 5727 2888 5790 eo_sermo_ne.
2928 5715 3341 5790 Circumscrtpsi
3383 5720 3634 5790 pluribus
3682 5737 3788 5778 vo-

2194 5795 2310 5834 cem
2354 5783 2747 5853 συντακτήριον
2781 5785 2844 5838 de
2875 5801 2979 5854 qua
3025 5788 3144 5843 vide
3182 5783 3293 5845 not.
3336 5783 3477 5847 9'ad
3509 5797 3659 5846 hom.
3718 5795 3781 5848 6.
