3990 6202
243 326 344 390 237

1620 337 1949 399 IIOMILIA
1990 340 2126 402 VII.

3404 357 3509 420 23‘!

249 443 335 494 ἐἰν
378 440 434 494 δὲ
471 441 587 503 τοῖς
635 441 771 511 πρὸς
808 444 934 506 τοῦς
981 444 1227 514 μαθητὰς
1282 449 1699 520 συντακτηρίοις
1738 450 1799 503 λό

1930 468 2036 521 quo
2063 452 2357 522 discipulos
2384 455 2638 513 Dominus
2660 464 2991 525 postremum
3017 459 3298 520 instruxit:
3327 485 3347 518 Ι
3375 466 3510 539 Ego,

236 551 370 599 τοις,
421 535 590 602 φησὶν
643 535 672 585 ὁ
714 535 953 604 Σωτήρ·
996 554 1016 587 ι
1064 535 1205 603 Ἐγὼ
1236 538 1344 591 ἀπὸ
1394 539 1530 592 Θεοῦ
1575 540 1824 611 ἐξῆλθον·

237 621 462 690 ἐξῆλθον
505 622 656 692 παρὰ
688 621 785 674 τοῦ
823 623 1060 692 Πατρδς,
1094 625 1188 677 καὶ
1233 625 1538 697 πορεύομαι
1570 628 1705 698 πρὸς
1739 629 1828 683 τὸν

236 713 480 782 Πατέρα.
516 731 534 764 ι
570 712 950 782 Ἐντυγχάνων
994 714 1053 767 δὲ
1101 715 1180 786 τῷ
1237 719 1413 788 Πατρὶ
1448 719 1522 782 ὡς
1575 720 1826 790 ὁμοτίμῳ

236 806 450 876 εἰρήκει
480 806 610 875 περὶ
643 807 754 859 τῶν
773 806 1066 877 φοιτητῶν,
1096 826 1115 858 ι
1149 811 1256 863 Καὶ
1272 811 1424 864 αὐτοὶ
1453 811 1699 880 ἔγνωσαν
1729 814 1811 865 ὅτι

235 897 386 966 παρὰ
417 897 513 949 σοῦ
536 897 782 966 ἐξῆλθον.
809 917 828 950 ι
853 900 962 952 Καὶ
974 900 1070 954 νῦν
1088 901 1146 954 δὲ
1172 904 1300 974 περ)⁵
1320 904 1512 957 ἑαυτοῦ
1533 905 1631 976 τὴν
1651 922 1826 975 παρα·

235 989 398 1056 δολὴν
443 989 738 1055 συντιθεὶς,
774 1008 792 1042 ι
838 991 1085 1060 Ἐξῆλθε,
1135 996 1322 1062 φησὶν,
1362 997 1392 1049 ὁ
1442 995 1684 1067 σπείρων
1723 996 1819 1050 τοῦ

235 1084 455 1151 σπεῖραι
477 1080 572 1134 τὸν
606 1082 808 1154 σπόρον
842 1084 1038 1139 αὑτοῦ.
1077 1104 1096 1136 ι
1145 1086 1202 1139 Ὀ
1231 1087 1491 1162 θεηγόρος
1520 1089 1578 1142 δὲ
1610 1089 1821 1152 Παῦλος

230 1175 283 1226 ὲν
314 1174 384 1243 τῇ
435 1172 577 1244 πρὸς
622 1173 911 1244 Ἐϐραίους
960 1177 1250 1248 Ἐπιστολῇ
1305 1180 1406 1250 τὴν
1447 1182 1593 1233 κατὰ
1641 1182 1821 1251 σάρκα

230 1263 473 1332 Χριστοῦ
524 1266 849 1334 παρουσίαν,
907 1267 1207 1322 είσέλευσιν
1259 1269 1518 1340 ὀνομάζει
1574 1272 1821 1340 φάμενος

228 1354 432 1406 οὑτωσί
449 1371 466 1384 ο
507 1373 527 1406 ι
559 1355 728 1407 Ὅταν
761 1355 817 1408 δὲ
853 1358 1018 1410 πάλιν
1050 1359 1245 1429 είσάγῃ
1276 1360 1366 1412 τὸν
1395 1361 1760 1432 Πρωτὸτοκον.
1793 1381 1812 1414 ι

227 1441 360 1516 Ἆρ’
397 1443 496 1499 οῦν
531 1447 898 1501 ἐναντιοῦνται
934 1449 1188 1520 ἀλλήλαις
1224 1452 1280 1504 αἱ
1311 1451 1451 1505 θεῖαι
1477 1456 1691 1521 φωναίς
1725 1457 1819 1508 καὶ

223 1538 309 1597 τίς
344 1537 415 1589 ἂν
451 1540 532 1600 είς
580 1536 742 1591 τοῦτο
790 1539 1089 1610 προαχθείη
1140 1541 1490 1613 χυδαιότητος
1543 1543 1818 1614 λογισμῶν

223 1629 444 1696 νοῆσαι,
484 1629 518 1700 ἢ
559 1633 768 1699 φράσαι
815 1633 906 1684 τὸν
963 1633 1284 1687 Ἀπόστολον
1329 1635 1544 1688 ἐναντία
1587 1638 1817 1705 φάσκειν

225 1722 322 1790 τῆς
371 1720 742 1792 εῦαγγελικῆς
795 1723 1158 1791 ἀποφάσεως
1217 1725 1360 1778 Ἀλλ’
1399 1725 1589 1799 ὥσπερ
1642 1730 1701 1782 ἑν
1746 1733 1812 1802 τῇ

1932 545 2027 606 ait,
2081 562 2111 598 a
2167 543 2276 600 Deo
2325 546 2467 601 exivi
2509 564 2522 601 :
2571 548 2713 603 exivi
2757 566 2786 603 a
2821 549 2996 616 Patre,
3028 563 3080 608 et
3101 555 3223 609 veni
3254 557 3308 610 in
3346 575 3503 613 mun-

1930 635 2090 701 dum;
2121 637 2312 689 iterum
2342 637 2478 689 vado
2505 637 2570 690 ad
2600 637 2811 692 Patrem
2835 641 2902 693 ⁷⁷.
2937 659 2956 691 ι
3003 643 3139 698 Cum
3181 644 3345 702 Patre
3379 663 3507 704 vero

1930 735 1987 777 ut
2019 725 2206 793 aequali
2239 726 2552 796 colloquens
2588 729 2652 783 de
2686 729 2966 799 discipulis
3012 733 3148 788 dixit
3177 751 3192 789 :
3244 754 3264 788 ι
3304 737 3368 792 Ει
3402 739 3503 808 ipsi

1927 826 2294 884 cognoverunt
2334 819 2459 886 quia
2509 833 2539 870 a
2587 827 2636 872 te
2660 820 2800 873 exivi
2830 819 2897 876 ⁷⁸.
2936 843 2957 874 ι
3007 821 3159 879 Nunc
3185 841 3311 882 vero
3339 832 3501 884 etiam

1927 907 2234 974 parabolam
2269 909 2335 962 de
2371 910 2548 978 seipso
2571 926 2938 980 componens:
2964 933 2984 966 ι
3013 915 3173 982 Exiit,
3203 918 3504 991 inquit,qni
3564 927 3568 933 '

1925 997 2155 1050 seminat
2188 999 2457 1054 seminare
2479 1016 2663 1055 semen
2694 1019 2871 1057 suurn.
2899 1024 2920 1057 ι
2976 1006 3176 1062 Paulus
3210 1023 3336 1063 vero
3371 1012 3506 1064 divi-

1924 1087 2071 1140 nitus
2104 1087 2330 1156 loquens
2379 1090 2431 1143 in
2465 1105 2527 1144 ea
2567 1105 2687 1159 quze
2713 1103 2796 1148 est
2840 1095 2904 1146 ad
2943 1094 3194 1152 Hebraeos
3239 1097 3501 1167 Epistula,

1923 1174 2136 1250 Christi
2163 1178 2461 1231 secundum
2496 1195 2712 1234 carnem
2745 1183 3031 1238 adventum
3079 1187 3358 1241 introitum
3403 1205 3505 1256 ap-

1921 1267 2084 1335 pellat
2111 1269 2189 1324 sic
2210 1269 2443 1325 dicens:
2479 1291 2498 1322 ι
2536 1271 2600 1325 Et
2627 1274 2778 1342 cujus
2825 1276 3016 1330 iterum
3061 1279 3350 1335 introducit
3385 1281 3501 1336 Pri-
3545 1293 3556 1302 '

1923 1361 2252 1430 mogenituut
2303 1363 2354 1416 in
2406 1366 2592 1418 orbem
2641 1374 2800 1420 terra:
2832 1369 2898 1420 τ’.
2928 1387 2948 1420 ι
2981 1372 3062 1423 An
3095 1370 3262 1442 igitur
3305 1375 3502 1430 divina:

1919 1465 2084 1506 voces
2115 1453 2216 1506 sibi
2253 1441 2909 1514 invicent'adversantur?
2939 1461 3071 1529 Quis
3116 1479 3245 1520 vero
3283 1467 3334 1520 in
3385 1477 3496 1522 tam

1921 1544 2179 1600 humilem
2247 1546 2359 1616 (27)
2421 1547 2791 1618 abjectamque
2851 1553 3232 1622 cogitationem
3303 1557 3496 1613 adduci

1919 1643 2098 1704 potest
2126 1645 2184 1688 ut
2218 1645 2370 1704 putet
2412 1647 2506 1691 aut
2532 1638 2674 1693 dicat
2695 1640 3009 1708 Apostolum
3032 1648 3301 1701 contraria
3331 1663 3497 1703 evanw

1919 1729 2105 1798 gelicm
2152 1730 2438 1784 sententiae
2485 1728 2677 1797 loqui?
2721 1731 2917 1788 Verum
2971 1736 3114 1791 sicut
3157 1739 3212 1792 in
3268 1741 3493 1808 mystica

227 1813 514 1883 μυστικῶς
539 1813 800 1886 ὁραθείσῃ
822 1815 901 1886 τῷ
930 1816 1128 1870 Ἰακώϐ
1150 1834 1282 1871 ποτε
1306 1818 1558 1888 κλίμακι,
1581 1821 1629 1872 oi
1660 1821 1799 1874 abaci

1915 1819 2083 1884 scala,
2110 1835 2270 1890 quam
2307 1821 2438 1875 vidit
2466 1820 2658 1889 Jacob,
2693 1823 2857 1879 iidem
2901 1829 3076 1898 angeli
3126 1832 3496 1886 ascendebant

219 1906 448 1973 ἄγγελοι
478 1906 764 1960 ἀνέϐαινον
811 1909 907 1960 καὶ
949 1909 1294 1977 κατέϐαινον,
1331 1901 1447 1975 ἑνὸς
1469 1912 1561 1965 τοῦ
1592 1913 1812 1966 ὑποκει-

221 2001 386 2069 μένου
445 2001 834 2069 τυγχάνοντος,
888 2001 1065 2066 οὖτως
1112 2004 1140 2056 ὁ
1190 2005 1488 2076 μονογενὴς
1535 2007 1632 2059 τοῦ
1669 2005 1807 2059 Θεοῦ

218 2093 356 2155 Παῖς
396 2092 523 2145 κατ’
554 2093 682 2148 ἄλλο
722 2095 819 2147 καὶ
863 2094 992 2148 ἄλλο
1044 2098 1445 2168 σημαινόμενον
1505 2097 1702 2167 λέγοιτ’
1729 2099 1796 2153 ἂν

215 2185 486 2238 εἰσελθεῖν
541 2203 603 2238 τε
677 2187 774 2239 καὶ
821 2186 1059 2253 ἐξελθεῖν
1107 2190 1223 2252 τοῖς
1280 2189 1658 2260 ἐκδεχομένοις
1697 2191 1796 2255 τὰς

213 2275 369 2340 θείας
423 2279 794 2348 ἐκφαντορίας
855 2278 1199 2349 θεοπρεπῶς.
1249 2280 1422 2334 Ὅταν
1467 2282 1576 2352 γὰρ
1629 2299 1810 2353 παρα-

212 2371 402 2440 τραπῇ
431 2370 466 2440 ἠ
498 2369 591 2422 τοῦ
626 2368 917 2440 ἀνθρώπου
950 2371 1136 2441 φύσις,
1163 2372 1464 2439 διώλισθεν,
1489 2373 1594 2441 ἔξω
1619 2375 1810 2444 γέγονε

211 2460 296 2514 τοῦ
329 2460 503 2515 Θεοῦ.
539 2461 801 2532 Ἐξῆλθεν
839 2459 931 2517 οὖν
963 2465 1059 2516 καὶ
1087 2464 1252 2528 αὐτὸς
1282 2466 1358 2529 ὼς
1385 2465 1414 2516 ὁ
1447 2466 1707 2537 πρέσσυς,
1737 2468 1805 2521 ἵν’

211 2555 420 2627 εἰσάγῃ
474 2557 646 2626 ἡμᾶς,
692 2555 752 2622 ἐξ
796 2551 857 2611 οὗ
909 2557 1096 2621 κακῶς
1149 2560 1613 2631 ἐκπεπτώκαμεν.
1653 2561 1713 2614 Ὀ
1749 2561 1806 2614 δὲ

209 2646 350 2710 Θεῖος
410 2647 736 2714 Ἀπόστολος
767 2648 868 2721 τὴν
911 2650 993 2708 είς
1035 2650 1136 2720 τὴν
1187 2650 1560 2723 κληρονομίαν
1600 2651 1807 2706 εἴσοδον

208 2734 414 2802 λέγων,
450 2737 575 2789 καθ’
610 2738 675 2808 ἣν
714 2738 824 2790 τῶν
861 2740 1032 2793 ἐθνῶν
1080 2740 1418 2813 κληρονόμος
1466 2743 1801 2813 εἰσήνεκται,

208 2829 274 2888 ὡς
336 2830 667 2899 προέφησεν
714 2833 743 2884 ὁ
791 2830 934 2895 θεῖος
987 2826 1278 2903 χρησμός·
1327 2852 1346 2885 ι
1391 2833 1624 2905 Αἵτησαι
1671 2835 1804 2906 παρ’

209 2922 368 2990 ἐμοῦ,
409 2925 505 2974 καὶ
545 2924 686 2976 δόσις»
728 2941 810 2976 σοι
833 2925 960 2994 ἕθνη
1001 2926 1101 2996 τὴν
1145 2926 1510 2998 κληρονομίαν
1543 2944 1661 2990 σου,
1706 2929 1803 2980 καὶ

209 3011 304 3080 τὴν
343 3013 687 3084 κατάσχεσιν
724 3031 817 3068 σου
845 3016 915 3067 τὰ
959 3017 1173 3085 πέρατα
1197 3015 1298 3086 τῆς
1327 3017 1462 3087 γῆς’
1503 3037 1521 3068 ι
1559 3018 1665 3089 πρὸ
1694 3017 1802 3088 γὰρ

207 3109 296 3174 τῆς
329 3105 659 3173 οἰκονομίας
687 3106 841 3159 οὐδὲν
894 3101 961 3177 ἦν
992 3105 1112 3178 Θεῷ
1154 3109 1247 3160 καὶ
1272 3111 1338 3177 τῇ
1372 3109 1548 3162 κτίσει
1581 3111 1760 3163 κοινόν
1784 3127 1798 3142 ο

1913 1921 1967 1966 et
2001 1910 2422 1977 descendebant,
2449 1927 2570 1967 cum
2595 1929 2700 1968 una
2723 1915 2936 1984 utrique
2962 1917 3105 1973 dicto
3126 1919 3237 1989 (28)
3255 1921 3495 1986 subiecta

1915 2015 2002 2056 res
2066 2013 2250 2068 esset,
2304 2003 2377 2056 ita
2429 2004 2736 2072 unigenitus
2791 2007 2884 2060 Dei
2940 2005 3109 2063 Filius
3176 2009 3280 2064 alia
3331 2019 3495 2080 atque

1911 2093 2016 2147 alia
2057 2094 2450 2164 signiﬁcatione
2515 2097 2743 2151 introire
2783 2098 3002 2164 dicitur,
3052 2111 3107 2155 et
3158 2103 3308 2156 exire
3354 2104 3494 2170 apud

1909 2200 2006 2242 eos
2034 2188 2124 2256 qni
2164 2187 2236 2240 ita
2269 2189 2550 2257 mysticam
2579 2187 2689 2259 40
2715 2189 3017 2244 doctrinam
3047 2191 3160 2260 (29)
3187 2193 3490 2261 accipiunt,

1915 2279 1989 2332 ttti
2025 2292 2122 2347 par
2145 2288 2227 2333 est
2273 2281 2474 2334 sentire
2519 2279 2587 2335 de
2637 2280 2764 2335 Deo.
2801 2281 3028 2347 Quando
3063 2283 3208 2337 enim
3253 2282 3490 2340 humana

1913 2378 2105 2423 natura
2141 2370 2404 2424 aberrans
2434 2384 2464 2424 a
2500 2371 2607 2435 via,
2649 2371 2799 2439 lapsa
2841 2381 2942 2436 est,
2987 2374 3226 2428 excessit
3257 2388 3288 2427 a
3320 2375 3431 2431 Deo
3472 2394 3488 2432 :

1909 2462 2078 2517 exivit
2106 2475 2236 2530 ergo
2266 2470 2321 2514 et
2347 2461 2464 2528 ipse
2494 2463 2648 2531 quasi
2679 2462 2887 2531 legatus
2919 2463 3160 2534 quidam,
3199 2476 3257 2520 ut
3291 2482 3356 2522 eo
3391 2483 3490 2523 nos

1909 2553 2299 2616 introduceret,
2337 2554 2480 2606 unde
2521 2553 2659 2606 male
2700 2555 3100 2609 cxcideramus.
3141 2559 3211 2611 At
3249 2573 3376 2613 vero
3407 2560 3490 2612 di-

1909 2641 2064 2695 vinus
2092 2641 2374 2710 Apostolus
2407 2642 2474 2696 de
2513 2641 2736 2698 introitu
2772 2646 2888 2699 sive
2928 2647 3073 2700 aditu
3107 2648 3173 2701 ad
3209 2648 3490 2703 haeredita-

1912 2743 2016 2788 lelll
2040 2735 2302 2802 loquitur,
2330 2734 2487 2789 sicuti
2518 2736 2844 2802 praadixerat
2888 2738 3125 2791 divinum
3157 2743 3436 2794 oraculum
3468 2758 3484 2796 :

1915 2846 1934 2879 ι
1951 2827 2168 2883 Postula
2197 2843 2222 2880 a
2247 2843 2357 2895 me,
2381 2836 2434 2884 et
2461 2829 2598 2882 dabo
2627 2828 2720 2882 tibi
2743 2835 2930 2898 gentes
2949 2829 3315 2886 haereditatem
3339 2841 3484 2888 tuam

1907 2930 1961 2977 et
2001 2923 2392 2992 possessionem
2449 2931 2591 2973 tuam
2647 2921 2908 2975 terminos
2973 2929 3130 2976 terra:
3173 2923 3256 2989 ⁸⁹;
3291 2943 3309 2976 ι
3359 2941 3481 2980 nam

1907 3023 2034 3067 ante
2069 3010 2491 3066 lucaruationem
2550 3009 2661 3080 (50)
2693 3010 2826 3064 nihil
2857 3011 2964 3065 Deo
2995 3027 3118 3065 cum
3148 3014 3306 3067 rebus
3334 3028 3488 3068 creo-

1911 3106 1979 3159 tis
2025 3118 2348 3160 commune:
2399 3118 2522 3156 nam
2567 3117 2686 3170 quae
2717 3103 3028 3157 communio
3075 3118 3196 3160 cum
3242 3107 3488 3163 sensibili

203 3198 281 3260 τίς
317 3198 440 3268 γὰρ
481 3197 739 3250 κοινωνία
766 3199 902 3268 πρὸς
929 3197 1030 3270 τὴν
1058 3201 1325 3268 αἰσθητὴν
1368 3203 1542 3256 κτίσιν
1573 3201 1649 3270 τῷ
1673 3219 1799 3255 παν·

1909 3210 2159 3254 creatnra
2218 3195 2286 3250 sit
2345 3196 2390 3251 ei
2423 3194 2512 3264 qui
2568 3196 2636 3248 ab
2688 3195 2834 3248 omni
2891 3197 3114 3249 materia
3174 3210 3344 3264 purus
3428 3207 3485 3252 et

207 3289 383 3358 σΰλῳ,
436 3290 534 3342 καὶ
585 3289 848 3359 άκτίστῳ,
899 3290 994 3342 καὶ
1046 3292 1282 3362 άναφεϊ;
1337 3294 1677 3363 κοινωνήσας
1747 3292 1805 3345 δὲ

207 3381 334 3450 ἡμῖν
371 3381 468 3434 διὰ
539 3380 634 3433 τοῦ
679 3381 1136 3454 προσλήμματος,
1180 3385 1502 3456 εἰσαχθῆναι
1543 3387 1680 3457 πρὸς
1705 3385 1805 3458 τὴν

202 3475 383 3526 κτίσιν
439 3473 597 3541 παρὰ
651 3473 754 3543 τῆς
833 3475 1202 3547 ἁποστολικῆς
1257 3478 1511 3545 φαίνεται
1567 3479 1802 3549 ρήσεως,

1909 3292 2184 3346 increatns
2222 3299 2328 3350 est,
2372 3299 2426 3342 et
2464 3292 2794 3342 contrectari
2852 3302 2957 3341 non
3009 3289 3221 3356 potest?
3267 3299 3322 3342 at
3353 3305 3482 3345 vero

1909 3399 2030 3438 cum
2064 3396 2157 3450 per
2203 3387 2533 3446 assuntptam
2578 3387 2826 3431 naturam
2862 3378 3143 3433 nobiscum
3176 3379 3480 3432 conminui-

1909 3476 2055 3532 cavit
2085 3475 2426 3526 introductus
2456 3471 2507 3524 in
2546 3484 2633 3524 res
2667 3478 2899 3534 creatas,
2926 3485 3023 3540 per
3045 3471 3286 3539 Apostoli
3317 3473 3481 3527 verba

265 3614 311 3645 "
357 3580 531 3665 .loau.
571 3627 684 3677 xvr,
716 3610 804 3666 28.
883 3611 929 3644 ’⁸
955 3608 1112 3668 Joan.
1147 3628 1285 3680 xvn,
1316 3613 1372 3668 8.
1446 3613 1492 3646 "
1525 3611 1692 3670 Hebr.
1727 3630 1765 3681 ι,
1797 3612 1889 3667 ιϐ.
1962 3613 2008 3645 ⁶⁰
2041 3611 2185 3667 Psal.
2225 3627 2289 3675 ll,
2325 3610 2379 3665 8.

1449 3730 1767 3791 Francisci
1809 3729 2017 3794 Scorsi
2053 3733 2239 3790 notua.

267 3857 392 3926 (27)
436 3854 506 3908 In
543 3864 650 3926 tam
695 3853 962 3926 humilem.
1020 3853 1086 3910 V.
1144 3855 1205 3911 C.
1271 3855 1436 3910 habet
1492 3857 1574 3919 εἰς
1620 3855 1783 3910 τοῦτο

202 3925 487 3998 πραχθείη
521 3925 848 3998 χυδαιότῃτα
889 3925 1207 3998 λογισμῶνς
1250 3930 1344 3980 sed
1373 3938 1425 3980 et
1465 3942 1655 3980 sensus
1683 3943 1782 3980 an-

197 3995 375 4052 ct'oris
445 4007 501 4049 et
541 3995 1117 4065 syntaxismposutlant
1144 3995 1456 4063 lectionem,
1515 4011 1676 4065 quant
1717 4011 1783 4050 ex

202 4083 322 4123 meo
361 4066 428 4120 Ρ.
461 4063 662 4134 protuli
715 4079 731 4117 :
793 4063 888 4126 Εἰς
939 4064 1097 4118 τοῦτο
1145 4065 1447 4138 προαχθείη
1500 4063 1786 4136 χυδαιότη-

197 4155 390 4277 τοῖὲθ)
436 4203 568 4258 Cum
620 4221 724 4257 una
756 4207 967 4277 utrique
991 4204 1152 4258 dicto.
1222 4204 1376 4268 Ἐνδς
1429 4205 1800 4277 τοῦ-λῦποκει-

199 4274 376 4346 μένου
433 4277 798 4342 τυγχάνοντος
846 4274 912 4331 ad
941 4277 1167 4346 verbqu
1190 4277 1499 4338 rediderim,
1524 4274 1638 4330 Uno
1661 4278 1800 4330 exsi-

197 4344 374 4400 stante
417 4345 698 4412 subjecto;
756 4363 918 4400 unum
959 4344 1060 4398 hoc
1089 4345 1390 4413 subjectum
1441 4348 1616 4411 angeli
1649 4356 1796 4410 sunt,

200 4421 265 4470 de
327 4416 538 4484 quibus
602 4417 963 4482 predicantur
1018 4418 1305 4482 Opposita,
1373 4416 1668 4470 ascendere
1739 4427 1793 4471 et

201 4485 582 4548 descendere;
622 4485 714 4538 sed
792 4488 890 4538 alia
927 4524 942 4549 ,
980 4495 1141 4552 atque
1205 4485 1309 4538 alia
1373 4487 1602 4538 ratione.
1674 4485 1792 4551 Quo

199 4554 458 4622 exemplo
491 4556 664 4605 utitur
698 4564 887 4608 auctor
923 4564 982 4608 ut
1031 4557 1282 4608 ostendat
1329 4569 1434 4607 non
1497 4569 1795 4622 repugnare

201 4627 353 4678 dicta
419 4623 733 4689 Scriptura,
766 4641 916 4693 qua:
957 4626 1021 4677 de
1058 4626 1244 4677 eodem
1304 4623 1526 4678 Christo
1569 4625 1792 4689 exiisse,

196 4709 244 4746 et
301 4694 588 4748 introiisse
621 4695 823 4748 dlClllll.
874 4694 984 4748 lloc
1023 4693 1168 4746 enim
1206 4709 1396 4747 verum
1435 4703 1517 4747 est
1571 4693 1788 4748 diversa

199 4765 672 4824 consideratione.
716 4780 874 4831 quam
919 4762 1082 4817 habes
1115 4763 1181 4816 ab
1213 4763 1330 4831 ipso
1378 4771 1596 4816 auctore
1620 4765 1792 4830 expli-

197 4845 416 4887 catam.
447 4831 504 4885 S.
534 4832 818 4904 Chrysost.
858 4834 1004 4886 hom.
1047 4832 1102 4894 3,
1137 4834 1191 4885 in
1225 4834 1382 4900 epist.
1413 4834 1482 4904 ad
1516 4831 1788 4897 Hebraeos,

198 4905 463 4956 canitiem
496 4903 845 4970 quaestionem
899 4912 1100 4966 movet,
1153 4911 1316 4970 atque
1343 4903 1547 4955 exitum
1573 4905 1788 4970 quidem

199 4975 448 5038 explicat
503 4979 568 5023 de
635 4973 1074 5027 reconciliatione
1107 4986 1134 5022 a
1188 4972 1405 5024 Christo
1467 4971 1606 5023 facta
1650 4974 1792 5026 inter

198 5040 376 5094 Deum
424 5051 480 5093 et
521 5043 801 5094 homines:
855 5041 1125 5106 Quomodo
1148 5041 1308 5100 enim,
1337 5040 1532 5107 inquit,
1565 5041 1614 5094 in
1645 5043 1790 5110 regia

195 5111 289 5177 qui
353 5121 481 5162 sunt
527 5111 604 5181 in
641 5111 872 5181 cincnlis
924 5123 969 5164 et
1018 5127 1191 5181 regem
1235 5111 1586 5179 o/fenderunt,
1645 5122 1787 5164 stant

197 5181 392 5246 foris;
442 5179 671 5247 quivult
715 5194 886 5234 autent
940 5197 1029 5234 eos
1078 5179 1437 5246 reconciliare,
1495 5197 1599 5235 non
1645 5182 1786 5248 ipsos

196 5251 526 5313 introducit,
563 5253 653 5302 sed
687 5251 795 5317 ipse
839 5252 984 5318 {oras
1033 5251 1306 5319 egrediens
1345 5266 1430 5305 eos
1455 5252 1784 5319 alloquitur;

193 5319 368 5371 donec
399 5321 524 5390 ipsis
563 5321 736 5387 dignis
784 5321 983 5387 e/Iectis
1013 5329 1291 5388 coitspectu
1345 5322 1478 5390 regis
1505 5337 1593 5375 eos
1620 5323 1786 5375 intro—

196 5391 361 5440 ducat
385 5403 404 5439 :
431 5389 509 5439 ita
534 5390 694 5440 etiam
723 5389 842 5458 fecit
868 5391 1130 5454 Christus,
1161 5402 1257 5459 etc.
1284 5390 1580 5459 Ingressutn
1604 5400 1781 5445 autem

195 5461 440 5525 explicat
472 5475 538 5512 eo
579 5462 755 5521 modo,
790 5475 896 5528 quo
926 5461 1156 5514 Noster:
1205 5458 1425 5521 Paulus,
1452 5461 1643 5527 inquit,
1663 5477 1781 5513 eum

198 5529 450 5598 nominat
507 5528 796 5594 ingressum
849 5547 883 5582 a
934 5531 1235 5596 metaphora
1284 5545 1465 5582 eorum
1517 5532 1604 5598 qui
1660 5541 1779 5582 sunt

197 5597 461 5659 heredes,
497 5606 547 5648 et
586 5602 818 5666 aliquam
869 5600 1130 5667 accipiunt
1155 5597 1568 5667 possessionem;
1605 5599 1780 5654 dicere

198 5667 338 5717 enim
366 5683 385 5719 :
433 5684 452 5716 ι
494 5667 625 5719 Cum
657 5679 829 5720 autem
877 5670 1221 5723 introduxerit
1277 5668 1694 5737 Primogenitum
1723 5671 1778 5723 in

206 5738 385 5790 urbem
439 5748 620 5804 terra',
660 5755 679 5789 ι
721 5738 818 5791 hoc
861 5748 936 5791 est
989 5754 1105 5792 cum
1158 5741 1204 5793 ei
1259 5737 1542 5792 tradiderit
1573 5757 1773 5806 posses-

1890 3857 2092 3912 sionem
2115 3873 2132 3920 ;
2157 3864 2278 3907 tunc
2297 3852 2434 3907 enim
2474 3869 2591 3906 eam
2627 3860 2797 3907 totam
2835 3851 3099 3922 possedit,
3131 3852 3342 3922 quando
3371 3854 3478 3922 fuit

1892 3927 2151 3996 cognitus.
2209 3926 2286 3996 ita
2340 3924 2623 3996 Chrysost.
2701 3923 2866 3996 Porro
2919 3921 3026 3996 huc
3080 3920 3205 3996 iacit
3243 3920 3476 3996 formula

1891 3991 1980 4050 illa
1999 3995 2248 4064 loquendi
2268 3991 2473 4047 Latinis
2490 3994 2706 4057 usitata,
2720 3993 2880 4064 finire,
2909 3992 3055 4045 adire
3078 3991 3434 4047 ltwreditatem
3454 4011 3476 4060 ;

1895 4076 1950 4122 et
1989 4063 2154 4117 altera
2185 4063 2410 4116 alteram
2449 4077 2562 4115 rem
2589 4063 2843 4128 explicat.

1975 4134 2087 4205 (29)
2122 4133 2399 4205 Mysticam
2457 4131 2782 4205 doctrinam._
2823 4130 2975 4205 Quid
3011 4129 3080 4205 sit
3120 4131 3472 4205 ἐκφανεορία,

1906 4199 2012 4276 qua
2049 4199 2317 4258 voce'boc
2343 4203 2482 4276 loco,
2521 4201 2718 4276 et_a|ii_s
2752 4200 3003 4276 deinceps
3031 4199 3476 4276 pluribus_Theo-

1906 4269 2131 4344 [inanes
2168 4276 2356 4344 utitur,
2379 4272 2539 4344 docet
2577 4269 2887 4344 Budacusin
2900 4269 3204 4344 Comment.
3241 4271 3474 4344 Ἐκφάνέ

1902 4337 2085 4414 τορες,
2122 4343 2319 4414 inquit,
2344 4337 2416 4395 ret
2452 4341 2834 4414 ἐκφαντορικοὶ
2852 4337 3474 4414 άίειιηιᾼιιν-ῦποφητὶκαὶ

1902 4409 2107 4479 τάξεις,
2149 4409 2324 4475 idest,
2357 4411 2660 4478 angelorum
2698 4409 2928 4475 Ordines,
2955 4412 3044 4479 qui
3095 4410 3275 4463 diuina
3302 4409 3472 4466 inter-

1822 4473 1870 4532 D
1895 4473 2138 4552 pretandi
2183 4473 2394 4552 munere
2415 4473 2728 4552 funguntur,
2755 4487 2804 4532 et
2834 4473 2951 4549 qua:
2967 4473 3229 4534 divinitus
3259 4496 3472 4548 accepe-

1896 4550 2040 4620 runt,
2059 4563 2151 4605 aut
2168 4571 2198 4604 a
2221 4551 2578 4618 superioribus
2595 4550 2866 4603 ordinibus
2892 4553 3203 4614 hauserunt,
3228 4553 3469 4617 deinceps

1895 4624 2092 4692 inlimis
2109 4622 2378 4675 ordinibus
2398 4621 2552 4691 quasi
2571 4637 2659 4687 per
2676 4635 2862 4673 manus
2893 4621 3108 4692 tradunt
3134 4635 3154 4692 ;
3175 4631 3226 4692 at
3249 4620 3330 4672 illi
3349 4637 3469 4673 rur-

1893 4690 1983 4748 sus
2011 4695 2134 4747 viris
2165 4693 2362 4745 sanctis
2384 4690 2683 4754 enuntiant,
2701 4700 2747 4741 et
2765 4691 2989 4756 produnt
3013 4705 3031 4744 :
3061 4690 3182 4741 inde
3199 4691 3464 4756 ἐκφαντο-

1899 4762 1991 4834 ρία
2013 4765 2257 4816 doctrina
2289 4763 2814 4834 rerumeonditarum
2837 4761 3260 4834 et__ntysticarutn
3286 4759 3466 4834 .inter—

1891 4827 2008 4901 pres
2031 4843 2080 4886 et
2099 4833 2425 4886 enarratrix.
2453 4830 2582 4885 Haec
2607 4830 2854 4901 Budaeus.
2878 4827 3027 4882 Hanc
3047 4827 3464 4901 appellationem

1893 4896 2082 4957 tribuit
2106 4905 2267 4956 etiam
2301 4901 2522 4970 Spiritui
2551 4909 2740 4954 sancto
2776 4897 3164 4970 Dantaseenus,
3193 4896 3282 4950 lib.
3322 4911 3360 4959 ι,
3390 4897 3465 4951 De

1889 4973 2014 5041 ﬁde,
2061 4987 2183 5041 cap.
2220 4971 2307 5034 15,
2343 4967 2541 5041 utpote
2575 4968 2877 5041 enarratori
2905 4967 3210 5041 divinorum
3233 4982 3463 5041 arcano-

1891 5036 2031 5106 rum,
2058 5036 2212 5110 juxta
2261 5043 2389 5094 illud
2420 5038 2578 5092 Joa'n.
2625 5052 2747 5090 xtv:
2775 5036 2871 5089 Ille
2903 5053 2990 5090 vos
3028 5037 3232 5110 docebit
3260 5038 3462 5110 omnia,
3561 5087 3568 5093 _

1887 5125 1933 5167 et
1957 5106 2194 5182 sugqeret
2226 5111 2910 5182 vobisomniaiquwcunque‘
2930 5106 3175 5182 mandaui
3198 5107 3362 5182 vobis.
3391 5107 3464 5182 Τὸ

1885 5183 1941 5235 δὲ
1971 5175 2192 5251 Πνεῦμα
2242 5181 2303 5234 τὸ
2342 5182 2498 5251 ἅγιον
2559 5175 2928 5251 ὲκφαντορικὴ
2957 5177 3051 5251 τοῦ
3078 5175 3311 5251 κρυφίου
3361 5176 3464 5244 τῆς

1886 5246 2150 5321 Θεότητος
2177 5246 2425 5320 δύναμις.
2455 5249 2566 5321 Hoc
2587 5256 2670 5321 est
2699 5263 2762 5298 ex
2803 5247 2946 5321 Bilhi
2973 5246 3456 5321 iuterptletatioue:

1886 5324 1960 5375 Ac
1999 5316 2218 5390 spiritus
2248 5316 2461 5374 sanctus
2504 5317 2691 5390 l’atris
2746 5318 2979 5385 potentia
3015 5330 3114 5382 est,
3152 5316 3459 5390 Dit'initutis

1886 5387 2145 5446 latebram
2177 5391 2472 5446 declarans.
2501 5387 2669 5441 Paulo
2707 5390 2871 5441 etiam
2893 5403 3056 5458 supra
3081 5389 3454 5456 explanantem

1884 5464 2131 5532 spiritum
2163 5463 2400 5532 exponit.

1975 5532 2087 5601 (50)
2150 5524 2795 5606 Anie_lncarnationent.
2849 5526 3258 5606 Dejocabulo.
3312 5524 3464 5578 οἰκο-

1873 5599 2248 5671 -νομίκζιιιιοιι
2311 5601 2411 5654 Ιιοο
2469 5602 2586 5654 loco
2639 5601 2886 5662 habetur,
2913 5599 3032 5652 vide
3079 5599 3350 5651 homiliam
3407 5611 3460 5663 ν,

1880 5685 2000 5735 not,
2025 5672 2114 5726 98.
