3990 6202
444 206 551 269 213
1619 208 2111 268 THEOPHANlS
2148 208 2492 269 ΕΕΒᾹΜιΕῙ
3620 207 3742 268 Ξὶίι

454 321 558 387 sol,
589 320 683 390 qni
727 316 1096 390 spiritualihus
1133 315 1296 370 officit
1317 317 1534 386 plantis,
1570 333 1691 373 cum
1731 321 1929 373 habeas
1957 334 2019 371 ex

2147 325 2235 378 τῶν
2267 323 2623 377 ἀναϐάσεων·
2665 341 2685 374 ι
2727 323 2977 392 Ἡμέρας
3029 325 3059 376 6
3114 323 3270 394 ἥλιος
3315 323 3378 376 ού
3426 325 3745 390 συγκαύσει

457 411 672 464 cantiro
696 409 992 480 graduum:
1029 423 1047 456 ι
1079 403 1185 460 Per
1212 407 1349 462 diem
1383 408 1463 462 sol
1494 423 1595 462 non
1622 419 1740 462 uret
1773 418 1824 464 te
1845 409 1942 472 “,t
1975 417 2029 462 et

2147 435 2192 470 τε
2214 433 2229 451 ο
2267 435 2285 468 ι
2334 417 2430 470 καὶ
2465 417 2528 469 ἐκ
2549 415 2648 486 τῆς
2683 417 2910 486 νύμφης
2934 415 3030 470 τοῦ
3067 415 3356 485 ’ᾼσματος
3378 433 3392 446 ·
3425 434 3446 468 ι
3480 418 3577 487 Μὴ
3612 417 3744 487 βλέ-

458 516 521 556 ex
561 501 768 570 Sponsa
795 499 1130 552 canticorum
1163 513 1182 552 :
1222 517 1238 548 ι
1275 499 1452 554 Nolite
1479 500 1730 568 aspicere
1762 515 1865 565 me,
1903 500 2027 568 quia

2147 508 2269 580 μητέ
2293 525 2382 579 με,
2413 509 2498 560 ὅτι
2535 506 2974 577 μεμελανωμένη
3011 507 3151 576 εἰμὶ,
3187 509 3271 560 ὅτι
3311 507 3634 578 παρὲὅλεψέ
3665 527 3740 579 με

458 605 557 659 ego
585 589 864 658 denigrata
900 603 1055 652 sum,
1085 588 1213 656 quia
1243 588 1493 658 despexit
1542 605 1625 642 me
1671 589 1751 643 sol
1797 589 1864 644 ⁸⁸.
1896 608 1916 641 ›
1955 589 2030 643 lta

2147 603 2158 653 ἰ
2186 599 2355 670 ἥλιος.
2393 617 2411 649 ι
2447 597 2634 659 Οὕτως
2659 597 2687 648 6
2717 594 2982 648 τάναντία
3023 595 3119 648 τοῦ
3149 597 3507 667 δικαιοσύνης
3543 596 3737 652 Ἠλίου

458 681 547 750 qui
573 681 877 736 contrarios
925 695 988 736 ac
1031 681 1112 736 sol
1150 679 1373 752 justitia:
1405 679 1532 734 facit
1561 678 1806 742 allectus.
1838 680 2034 736 illumi-

2147 689 2600 761 Ξιαπραττόμενος
2651 687 2906 756 ἄμοιρος
2942 687 3042 756 μὲν
3092 686 3188 740 τοῦ
3242 684 3503 752 φωτίζειν
3557 687 3738 752 ἐστὶν,

457 772 619 827 nandi
657 775 874 845 quidem
906 774 1110 830 virtute
1144 782 1317 837 caret,
1355 789 1528 842 neque
1556 788 1687 829 sane
1718 773 1897 828 vitalis
1923 781 2029 839 est,

462 865 556 917 sed
583 875 720 920 acatu
746 866 952 934 peccati
991 864 1239 920 immisso
1264 863 1514 934 denigrat
1548 873 1601 920 et
1624 865 1881 920 exsiccat.
1910 861 2034 918 Ideo

456 970 684 1026 magnus
717 954 885 1010 Isaias
919 953 1153 1009 fidelium
1183 955 1357 1023 capita
1391 953 1725 1010 umbraculis
1750 953 1930 1023 operit
1955 953 2026 1019 ⁸⁸,

457 1056 516 1101 ιιι
557 1061 620 1102 ea
673 1050 740 1102 ab
774 1047 969 1103 ardore
1010 1046 1139 1102 solis
1184 1044 1409 1115 hujusce
1443 1045 1710 1116 nigrorem
1745 1045 2035 1100 inducente

455 1140 732 1195 defendat.

511 1254 556 1287 -ι
597 1235 662 1290 Ει
695 1235 840 1290 aliud
903 1235 1102 1292 cecidit
1142 1235 1281 1291 inter
1305 1235 1525 1305 spinas;
1552 1243 1606 1289 et
1643 1233 1803 1290 simul
1835 1243 2037 1290 exorta:

463 1326 633 1397 spina:
696 1326 1098 1384 sulfocaverunt
1153 1327 1302 1383 illud.
1353 1345 1372 1379 ι
1405 1326 1672 1382 Fortassis
1727 1327 2034 1397 Itujusmodi

460 1420 642 1488 spinas
667 1431 787 1487 ροει
815 1419 977 1488 primi
1009 1419 1250 1489 parentis
1279 1418 1530 1473 delictum
1566 1429 1712 1472 terra
1759 1412 2034 1485 produxit,

460 1510 637 1563 divina
671 1508 746 1563 illi
788 1524 922 1564 voce
975 1510 1368 1564 denuntiante:
1411 1527 1430 1560 ι
1470 1508 1668 1578 Spinas
1709 1517 1764 1562 et
1807 1507 2038 1562 tribulos

460 1602 787 1668 germinabit
840 1603 959 1656 tibi.
997 1621 1015 1654 ι
1074 1603 1150 1656 Ibi
1181 1603 1324 1656 enim
1380 1601 1572 1655 Adami
1623 1616 1844 1656 carnem
1883 1601 2032 1656 Scri-

462 1700 616 1760 ptura
654 1701 850 1748 terram
891 1692 1144 1762 appellat,
1187 1693 1477 1747 multarum
1529 1692 1806 1762 Spinarum
1853 1705 1883 1744 a
1915 1691 2038 1760 qui-

461 1783 563 1836 bus
597 1783 888 1844 laceratur,
926 1783 1129 1837 aculeis
1161 1783 1415 1838 obsitam.
1463 1783 1608 1850 Quas
1660 1783 1813 1836 nobis
1857 1784 2040 1853 spinas

465 1877 692 1939 invexit,
720 1877 804 1932 hei
838 1875 996 1942 mihi,
1041 1876 1152 1943 ille,
1187 1877 1276 1946 qui
1320 1875 1478 1931 bonis
1513 1875 1756 1947 frugibus
1789 1891 2044 1946 superse-

465 1966 691 2021 minavit
719 1967 1018 2023 adulterina
1068 1967 1301 2030 zizania,
1344 1966 1501 2021 sicuti
1546 1966 1600 2020 in
1634 1966 1737 2021 alia
1785 1966 2040 2036 parabola

463 2055 794 2112 declaratum
823 2055 1076 2126 est.,Nam
1108 2057 1182 2112 ibi
1209 2057 1370 2112 etiam
1399 2056 1598 2111 bonum
1633 2072 1817 2112 semen
1844 2056 2040 2111 Pater-

466 2145 708 2205 familias
734 2150 1046 2218 seminavit,
1075 2159 1131 2205 at
1163 2165 1291 2205 vero
1319 2150 1576 2206 inimicus
1614 2160 1823 2220 tempus
1855 2150 2045 2205 obser-

461 2257 597 2298 vans
625 2258 730 2313 quo
776 2245 1027 2300 homines
1065 2259 1257 2300 somno
1289 2253 1628 2310 tenerentur,
1681 2246 1822 2298 bono
1854 2242 2045 2297 semini

466 2334 728 2404 lnspersit
756 2336 964 2402 inutile,
993 2344 1155 2406 atque
1187 2340 1238 2390 in
1267 2337 1504 2392 medium
1552 2335 1790 2390 triticum
1840 2333 2046 2388 zizania

467 2425 674 2493 injecit,
704 2442 821 2495 quae
846 2427 934 2482 hic
959 2428 1144 2497 spinas
1174 2430 1404 2482 vocavit.
1426 2427 1708 2483 Cohaerent
1741 2427 1880 2480 enim
1908 2425 2048 2478 inter

467 2528 528 2568 se
578 2529 747 2570 sacra:
789 2515 1071 2585 Sripturaa,
1103 2527 1158 2571 et
1203 2517 1450 2572 sensibus
1497 2516 1684 2570 iisdem
1712 2525 2043 2585 cengruunt,

465 2607 712 2676 quamvis
742 2606 1052 2678 discrepent
1082 2607 1294 2675 verbis;
1327 2621 1425 2676 per
1461 2606 1645 2676 spinas
1678 2605 1861 2673 itaque
1883 2645 1898 2666 ,
1930 2619 2050 2672 qua:

465 2711 648 2767 semen
678 2697 959 2766 spiriluale
997 2696 1284 2762 suffocant,
1319 2695 1644 2767 intelligatur
1673 2704 2049 2751 sexcentarum

466 2777 730 2856 malorum
763 2784 960 2840 referta
1013 2786 1248 2854 farrago,
1290 2801 1410 2856 qua:
1442 2787 1509 2841 ab
1563 2787 1642 2840 ira
1679 2795 1734 2839 et
1788 2784 2050 2854 concupi-

469 2879 676 2931 scentia
702 2877 1001 2947 pullulant;
1028 2878 1442 2941 sollicitudines,
1467 2878 1812 2948 cupiditates,
1848 2876 2046 2940 luctus,

2132 776 2334 846 ἥκιστα
2365 775 2420 828 δὲ
2445 769 2554 827 οἶδε
2587 775 2903 842 ζωογονεῖν,
2939 774 3186 845 μελαίνει
3240 774 3297 828 δὲ
3357 775 3453 828 καὶ
3481 775 3740 845 ξηραίνει

2132 869 2232 937 τῆς
2294 865 2572 937 ἁμαρτίας
2631 867 2860 934 ἐπάγων
2928 867 3024 919 τὸν
3075 866 3362 920 καύσωνα.
3423 867 3526 920 Διὰ
3572 869 3744 922 τοῦτο

2143 959 2374 1020 Ἡσαΐας
2402 963 2430 1012 ό
2463 957 2638 1027 μέγας
2666 957 2934 1020 σκιαδίοις
2956 957 3323 1010 ἐπικαλύπτει
3366 957 3466 1021 τὰς
3491 958 3605 1011 τῶν
3643 976 3745 1011 πι-

2137 1053 2278 1107 στῶν
2305 1052 2550 1120 κεφαλὰς
2573 1051 3028 1122 ἀποκρουομένας
3062 1051 3158 1106 τοῦ
3185 1050 3434 1105 τοιούτου
3454 1051 3614 1123 ἡλίου
3638 1052 3747 1124 τὴν

2139 1141 2481 1213 μελανοῦσαν
2515 1159 2588 1194 πυ
2598 1141 2895 1212 ράκτωσιν.

2216 1254 2233 1287 ι
2267 1234 2434 1288 ’Δλλο
2451 1233 2508 1286 δὲ
2541 1232 2738 1287 ἔπεσεν
2767 1234 2860 1286 ἐπὶ
2897 1233 2999 1296 τὰς
3035 1232 3302 1297 ἀκάνθας,
3330 1234 3429 1287 καὶ
3462 1235 3748 1302 συμφυεῖ-

2139 1346 2229 1381 σαι
2287 1329 2340 1380 αί
2397 1324 2635 1382 ἄκανθαι
2671 1325 2982 1390 ἀπέπνιξαν
3034 1324 3191 1378 αὐτό.
3233 1343 3252 1376 ι
3288 1322 3445 1393 Τάχα
3471 1324 3747 1387 τοιαύτας

2138 1418 2382 1480 ἀκάνθας
2416 1416 2753 1486 ἐϐλάστησεν
2777 1415 2810 1484 ἡ
2835 1414 2931 1484 γῆ,
2965 1414 3106 1484 μετὰ
3134 1415 3236 1484 τὴν
3273 1413 3368 1468 τοῦ
3394 1415 3659 1484 πρωτοπ)
3672 1416 3740 1469 ἁ-

2142 1530 2271 1566 στου
2327 1508 2666 1580 παράὁασιν,
2713 1506 3152 1579 ἀποφηναμένης
3187 1507 3292 1575 τῆς
3323 1505 3475 1570 θείας
3509 1509 3741 1577 φωνῆς’

2147 1623 2166 1657 ι
2209 1601 2476 1665 Ἀκάνθας
2507 1600 2602 1654 καὶ
2642 1598 2927 1669 τριϐόλους
2957 1599 3213 1652 ἀνατελεῖ
3244 1615 3327 1652 σοι
3357 1601 3391 1670 ὴ
3417 1601 3514 1668 γῆ.
3556 1620 3575 1652 ι
3615 1602 3741 1654 Κά-

2141 1699 2291 1750 κεῖσε
2323 1693 2433 1765 γὰρ
2483 1693 2586 1762 γῆν
2623 1691 2723 1761 μὲν
2773 1692 2875 1762 τὴν
2933 1691 3113 1761 σάρκα
3164 1691 3342 1762 ’Δδὰμ
3378 1691 3674 1762 ὠνόμασεν
3706 1695 3742 1762 ἡ

2140 1788 2332 1858 Γραφὴ
2379 1785 2588 1839 πολλῶν
2637 1783 2895 1838 ἀκανθῶν
2928 1785 3372 1854 περισπαρεῖσαν
3405 1787 3530 1846 ταῖς
3586 1785 3744 1854 ἀμυ-

2141 1881 2284 1950 χαῖς,
2345 1877 2411 1942 ἃς
2446 1878 2579 1947 ἡμῖν
2627 1876 3023 1947 προεξένησεν,
3059 1875 3231 1944 οἴμοι,
3285 1877 3313 1928 6
3348 1875 3417 1929 τὰ
3459 1875 3596 1930 νόθα
3622 1879 3745 1942 τοῖς

2142 1970 2432 2041 τροφίμοις
2452 1968 2785 2037 ὲπισπείρας
2817 1965 3056 2032 ζιζάνια,
3097 1965 3280 2030 καθὼς
3331 1967 3497 2039 ἑτέρα
3549 1985 3745 2038 παρα-

2144 2061 2276 2131 ϐολὴ
2294 2059 2615 2129 διεσάφησε.
2637 2059 2880 2112 Κάκείσε
2906 2058 3016 2127 γὰρ
3043 2057 3267 2129 ἔσπειρε
3291 2059 3353 2112 τὸ
3376 2058 3542 2112 καλὸν
3566 2059 3748 2130 σπέρ-

2148 2170 2226 2223 μα
2251 2155 2278 2205 6
2315 2151 2706 2220 οἰκοδεσπότης
2727 2164 2740 2178 ⁸
2777 2149 3144 2213 καθεύδοντας
3163 2149 3222 2203 δὲ
3242 2151 3370 2214 τοὺς
3402 2152 3500 2204 ἀνθ
3512 2150 3741 2223 ρώπους

2145 2245 2174 2296 6
2227 2242 2421 2312 ἐχθρὸς
2471 2241 2838 2308 ὲπιφυλάξας,
2893 2240 3181 2310 ὲνέσπειρε
3241 2241 3320 2312 τῷ
3368 2242 3625 2312 τροφίμῳ
3678 2243 3744 2296 τὸ

2146 2336 2442 2404 ἄχρηστον,
2497 2332 2648 2402 αύτῷ
2695 2332 2774 2402 τῷ
2810 2332 2943 2402 σίτῳ
2989 2333 3134 2385 κατὰ
3165 2332 3226 2385 τὸ
3271 2332 3435 2402 μέσον
3460 2334 3642 2398 ἐνθεὶς
3675 2334 3742 2388 τὸ

2150 2423 2411 2488 ζιζάνιον,
2437 2423 2575 2492 ὅπερ
2605 2422 2838 2476 ἐνταῦθα
2871 2422 3114 2485 ἀκάνθας
3161 2423 3444 2478 ἐκάλεσεν.
3483 2424 3745 2495 Ἑξέχον-

2151 2534 2242 2569 ται
2273 2516 2376 2587 γὰρ
2409 2515 2668 2584 ἀλλήλαις
2698 2516 2754 2568 αί
2797 2513 2934 2568 θεῖαι
2989 2516 3191 2583 φωναὶ,
3243 2516 3337 2570 καὶ
3385 2518 3501 2579 ταῖς
3537 2517 3744 2582 αὐταῖς

2151 2607 2385 2671 ἐννοίαις
2414 2607 2778 2678 συνείρονται,
2813 2607 2915 2660 κᾶν
2941 2611 3051 2670 τοῖς
3079 2609 3290 2678 ῥήμασι
3313 2609 3745 2667 διαλλάσσωσιν.

2152 2696 2279 2756 Εἶεν
2313 2700 2358 2753 δ’
2401 2701 2467 2755 ἂν
2518 2700 2614 2755 καὶ
2643 2699 2878 2755 ἄκανθαι
2927 2702 2984 2754 αί
3013 2700 3105 2754 τὸν
3129 2701 3316 2770 νοητὸν
3350 2703 3553 2772 σπόρον
3591 2721 3746 2773 συμ-

2153 2791 2445 2860 πνίγουσαι
2493 2793 2521 2845 6
2563 2789 2670 2844 ἀπὸ
2701 2789 2796 2843 τοῦ
2833 2789 3008 2860 θυμοῦ
3065 2790 3162 2844 καὶ
3193 2793 3294 2862 τῆς
3327 2791 3626 2861 ἐπιθυμίας
3654 2812 3746 2848 τιο

2155 2883 2420 2951 κτόμενος
2464 2881 2841 2955 μυριοπληθὺς
2866 2880 2977 2934 τῶν
3020 2881 3206 2933 κακῶν
3244 2881 3535 2951 συρφετὸς,
3571 2901 3746 2952 φρονο

469 2967 826 3035 calamitates,
881 2969 991 3041 43
1029 2983 1257 3038 quaeque
1297 2985 1360 3023 ex
1395 2969 1479 3023 his
1529 2969 1692 3022 multa
1737 2970 2045 3036 passionum

2151 2977 2316 3040 τίδες,
2362 2976 2646 3046 μέριμναι,
2701 2973 2891 3040 λύπαι,
2930 2973 3245 3043 ἐπιθυμίαι,
3279 2973 3476 3044 πένθη,
3513 2992 3746 3044 συμφο-

472 3073 667 3128 genera
706 3061 976 3124 oriuntur,
1011 3075 1107 3130 per
1134 3075 1270 3130 quas
1311 3060 1464 3115 bonae
1502 3062 1779 3126 actiones,
1831 3061 2038 3115 etiamsi

2147 3070 2259 3139 ραὶ,
2302 3069 2395 3121 καὶ
2445 3069 2514 3122 τὰ
2563 3068 2628 3120 ὲκ
2665 3065 2870 3119 τούτων
2900 3065 3218 3136 πολύτροπα
3249 3066 3421 3136 πάθη,
3471 3067 3540 3119 δι’
3572 3061 3652 3120 ὧν
3685 3069 3749 3121 αί

473 3151 622 3205 nasci
657 3156 710 3205 in
747 3153 930 3207 anima
966 3153 1264 3219 emperint,
1303 3154 1661 3207 maturitatem
1713 3163 1889 3207 tamen
1937 3168 2040 3206 non

2147 3158 2347 3225 ἀγαθαὶ
2387 3156 2634 3227 πράξεις,
2670 3155 2773 3208 κᾶν
2823 3153 3096 3225 ἄρξωνται
3123 3153 3354 3222 φύεσθαι
3387 3156 3444 3206 ὲν
3469 3158 3532 3226 τῇ
3564 3156 3747 3228 ψυχῇ,

475 3255 857 3312 assequuntur,
893 3261 1068 3314 neque
1117 3245 1182 3299 ad
1232 3245 1504 3313 profectus
1545 3245 1879 3299 altitudinem
1917 3259 2042 3314 per-

2148 3250 2576 3319 ἀτελεσφόρητοι
2609 3247 2854 3318 μένουσι,
2910 3245 3005 3299 καὶ
3042 3247 3118 3307 εἰς
3151 3243 3286 3315 ὕψος
3340 3247 3628 3316 προκοπῆς
3674 3248 3743 3300 οὐ

473 3337 718 3392 Veniunt.

2147 3341 2532 3413 προϐαίνουσι.

552 3448 572 3482 ι
621 3431 688 3485 Ει
728 3431 869 3487 aliud
917 3432 1113 3488 cecidit
1153 3434 1204 3488 in
1257 3443 1456 3490 terram
1505 3433 1736 3498 bonam,
1769 3443 1823 3488 et
1865 3442 2044 3488 ortum

2223 3451 2241 3484 ι
2275 3434 2387 3486 Καὶ
2416 3431 2606 3504 ἕτερον
2633 3430 2829 3484 ἔπεσεν
2858 3431 2952 3484 ἐπὶ
2990 3430 3092 3501 τὴν
3121 3431 3227 3500 γῆν
3254 3430 3352 3499 τὴν
3381 3427 3616 3500 ἀγαθὴν,
3643 3430 3750 3484 καὶ

476 3523 606 3578 fecit
649 3523 882 3580 fructum
931 3526 1261 3596 centuplum.
1300 3546 1318 3577 ι
1366 3527 1554 3591 Vides,
1586 3535 1642 3580 ut
1681 3525 1820 3581 idem
1863 3539 2047 3581 semen

2151 3529 2284 3598 φυὲν
2331 3524 2555 3592 ἐποίησε
2589 3523 2832 3593 ,καρπὸν
2885 3522 3448 3576 ἑκατονταπλασίονα.
3501 3541 3521 3572 ι
3571 3522 3750 3592 Ὁρᾷς

479 3615 549 3668 ab
598 3616 782 3670 eodem
835 3631 1082 3686 sparsum
1131 3618 1365 3690 agricola
1413 3634 1516 3674 non
1565 3617 1810 3673 eumdem
1861 3616 2047 3671 afferat

2149 3619 2244 3674 τὸν
2279 3617 2445 3671 αὐτὸν
2471 3615 2670 3684 σπόρον
2695 3613 2804 3668 ὑπὸ
2841 3614 2934 3666 τοῦ
2965 3612 3130 3666 αὑτοῦ
3169 3613 3528 3682 σκιδνάμενον
3557 3629 3748 3684 γεωρ-

484 3706 755 3762 fructum?
789 3707 931 3775 Quid
969 3711 1166 3780 igitur?
1200 3711 1356 3782 culpa
1397 3713 1497 3766 hoc
1531 3711 1733 3765 factum
1771 3709 2047 3780 agricolae?

2153 3712 2276 3782 γοῦ,
2309 3711 2403 3763 καὶ
2438 3710 2511 3778 μὴ
2536 3709 2634 3777 τὴν
2659 3705 2829 3773 αὐτὴν
2856 3704 3240 3776 καρποφορίαν
3282 3705 3703 3758 ὲπιδεικνύοντα
3728 3721 3746 3769 ;

483 3799 605 3866 quis
635 3813 764 3853 vero
789 3815 860 3858 eo.
879 3801 1244 3872 perversitatis
1279 3802 1625 3873 procedet,ut
1650 3802 1746 3856 has
1765 3802 2047 3874 cegitatio-

2155 3804 2220 3857 Τί
2266 3797 2360 3856 οὖν
2387 3817 2403 3866 ;
2436 3799 2591 3868 παρὰ
2623 3797 2721 3866 τὴν
2771 3796 2956 3849 αἰτίαν
2983 3795 3161 3850 ταῦτα
3197 3795 3292 3848 τοῦ
3325 3795 3614 3865 γεωργοῦ;
3645 3797 3749 3849 καὶ

487 3907 582 3947 nes
611 3893 888 3959 admittat,
916 3904 1076 3964 atque
1110 3895 1223 3950 haec
1253 3895 1608 3966 blateret(5)?
1637 3893 1740 3949 Sed
1765 3895 1839 3948 uti
1870 3895 2047 3949 eadem

2154 3898 2237 3958 τίς
2265 3894 2330 3948 ἂν
2369 3894 2450 3955 είς
2478 3890 2638 3943 τοῦτο
2686 3888 2925 3957 προήκει
2976 3888 3299 3955 σκαιότητος
3345 3886 3748 3959 λογισμῶν,ὼς

488 4000 624 4053 aqua
663 3985 714 4039 in
755 4001 918 4039 unum
986 3986 1233 4056 idemque
1267 3996 1478 4057 pratum
1520 3985 1698 4041 infusa
1733 3986 1829 4041 alit
1862 3999 2047 4054 genera

2157 3985 2414 4054 τοιαύτην
2438 3981 2709 4052 φλυαρίαν
2745 3977 2926 4048 ἑαυτῷ
2960 3979 3404 4051 παραδέξασθαις
3451 3978 3594 4032 Ἀλλ’
3632 3978 3752 4032 ὣσ-

486 4078 700 4133 diversa
747 4079 1089 4147 plantarum,
1132 4087 1187 4134 et
1234 4079 1314 4133 vis
1360 4079 1575 4148 quidem
1624 4093 1730 4133 una
1784 4086 1897 4143 est,
1943 4092 2047 4145 qua

2160 4097 2267 4151 περ
2295 4077 2356 4130 τὸ
2405 4075 2536 4130 αὐτὸ
2564 4072 2708 4142 ὕδωρ
2749 4073 2807 4125 ὲν
2841 4071 2923 4125 ἑνὶ
2971 4070 3205 4140 χειμῶνι
3232 4069 3518 4139 χεόμενον,
3551 4068 3751 4139 διαφό-

488 4169 700 4238 singula
751 4169 923 4241 rigat,
970 4181 1026 4226 at
1074 4185 1293 4236 eorum,
1337 4185 1456 4240 qua:
1505 4169 1804 4239 irrigantur
1845 4168 2047 4238 propri:

2165 4187 2292 4242 ρους
2323 4169 2466 4230 ἰδέας
2486 4163 2597 4220 τῶν
2624 4163 2916 4234 φυομένων
2948 4162 3138 4234 τρέφει
3160 4178 3174 4192 ’
3221 4162 3317 4214 καὶ
3347 4162 3381 4232 ἡ
3417 4162 3516 4230 μὲν
3544 4161 3749 4215 ὑπονο.

494 4261 756 4330 cujusque
789 4263 1056 4329 conditio,
1091 4263 1143 4317 in
1175 4264 1416 4319 diversas
1448 4262 1737 4333 qualitates
1771 4272 2038 4316 commutn

2163 4265 2388 4327 τίζουσα
2409 4259 2470 4312 τὸ
2496 4258 2618 4316 καθ’
2649 4257 2883 4309 ἕκαστον
2903 4253 3130 4322 δύναμις
3164 4253 3262 4323 μία
3293 4252 3463 4318 ἐστὶν,
3497 4253 3611 4322 ἠδὲ
3632 4252 3750 4306 τῶν

489 4352 771 4406 humorem
797 4370 812 4408 :
840 4355 1024 4409 eadem
1049 4354 1192 4410 enim
1217 4369 1354 4424 aqua
1379 4357 1438 4409 in
1459 4354 1726 4409 absinthio
1751 4353 2047 4408 amareseit.

2165 4353 2468 4426 δεχομένων
2500 4350 2698 4418 ίδιότης
2728 4349 2807 4409 εἰς
2833 4343 3126 4415 διαφόρους
3155 4344 3216 4396 τὸ
3266 4345 3434 4415 ὑγρὸν
3470 4344 3752 4413 μεταϐάλ-

473 4448 547 4516 ,οι
585 4441 635 4493 in
673 4442 925 4496 vitiosum
963 4458 1182 4498 succum
1221 4444 1273 4498 in
1310 4444 1430 4498 faba
1467 4443 1804 4499 convertitur
1839 4442 1981 4514 (⁵55),
2010 4453 2047 4494 e1

2167 4444 2248 4496 λει
2277 4440 2570 4510 ποιότητας
2591 4456 2604 4470 ι
2637 4436 2699 4490 τὸ
2735 4436 2844 4506 γὰρ
2879 4433 3011 4488 αὐτὸ
3039 4433 3184 4504 ὕδωρ
3215 4435 3272 4486 ὲν
3309 4433 3408 4504 μὲν
3434 4437 3500 4503 τῇ
3532 4434 3750 4506 ἁψίνθῳ

494 4531 733 4586 rubescit
762 4534 976 4600 quidem
1006 4534 1058 4588 in
1092 4551 1243 4598 rosa,
1275 4537 1326 4589 in
1359 4535 1470 4589 lilio
1497 4550 1626 4590 vero
1658 4534 1954 4598 candescit,
2009 4548 2047 4588 c‘

2173 4533 2546 4602 πικραίνεται,
2579 4529 2659 4589 είς
2695 4523 3022 4596 φθοροποιὸν
3049 4522 3104 4576 δὲ
3135 4524 3310 4594 χυμὸν
3352 4525 3409 4576 ὲν
3433 4524 3510 4592 τῷ
3548 4523 3752 4594 κυάμῳ

493 4623 584 4678 hic
611 4626 825 4693 quidem
859 4627 1056 4694 caleﬁt,
1085 4628 1156 4682 ibi
1189 4642 1316 4682 vero
1344 4627 1567 4698 frigefit;
1597 4636 1650 4681 et
1677 4635 1807 4696 quot
1838 4625 1889 4679 in
1923 4635 2047 4679 terr:

2177 4626 2522 4698 μεθίσταται,
2556 4623 2652 4676 καὶ
2680 4619 3059 4693 ἐρυθραίνεται
3097 4617 3196 4688 μὲν
3228 4619 3286 4670 ὲν
3309 4617 3387 4687 τῷ
3419 4617 3578 4687 ῥόδῳ,
3609 4619 3667 4669 ὲν
3692 4617 3752 4669 δὲ

492 4716 676 4772 videre
717 4727 802 4774 est
841 4719 908 4774 ab
948 4735 1055 4776 uno
1097 4721 1396 4790 eodemque
1439 4721 1666 4774 humore
1708 4719 2047 4789 germinanti:

2173 4715 2250 4786 τῷ
2280 4713 2452 4785 κρίνῳ
2482 4710 2850 4778 λευκαίνεται,
2884 4709 2980 4763 καὶ
3006 4705 3066 4760 τὸ
3101 4705 3200 4778 μὲν
3223 4705 3663 4777 ὲνθερμαίνεται,
3692 4705 3756 4760 τὸ

565 4849 611 4882 ⁸⁸
638 4850 781 4907 Psal.
810 4869 936 4920 cxx,
972 4852 1026 4908 6.
1103 4853 1150 4886 ⁸⁸
1177 4853 1335 4908 Cant.
1368 4870 1404 4916 ι,
1438 4854 1491 4908 6.
1573 4854 1618 4886 ⁸⁸
1648 4852 1753 4909 lsa.
1789 4869 1864 4917 tv,
1893 4853 1956 4919 6;
1987 4867 2116 4916 xxv,
2148 4851 2205 4906 Δ.

1741 4967 2062 5030 Francisci
2095 4967 2304 5030 Seorsi
2337 4971 2525 5028 notua.

571 5067 686 5140 (54)
727 5068 894 5140 Atque
928 5071 1034 5124 [uec
1085 5071 1326 5125 blateret.
1372 5072 1462 5134 Ὠς
1515 5068 1781 5140 τοιαύτης
1803 5067 2040 5138 φλυαρία

2187 5068 2252 5140 ad
2283 5068 2510 5140 alteram
2546 5073 2751 5140 partem
2783 5061 3138 5140 oppositionis
3163 5061 3676 5140 signand_arn,_sieut
3699 5064 3755 5120 in

502 5131 686 5211 ἑαυτῷ
708 5131 1141 5211 παραδέξασθαι,
1174 5141 1267 5194 has
1302 5131 1466 5210 nugas
1499 5141 1554 5211 in
1587 5157 1657 5211 se,
1681 5131 1918 5211 recipiat,
1947 5131 2046 5211 sim

2186 5137 2399 5211 duabus
2439 5131 3104 5211 sequentibusnexemplis
3147 5145 3340 5211 auctor
3373 5133 3482 5211 duo
3516 5134 3655 5211 inter
3698 5149 3761 5211 se

504 5201 716 5279 pliciter
739 5201 1041 5272 Vertissem,
1061 5201 1155 5266 sed
1189 5201 1433 5279 pluribus
1463 5209 1683 5264 indulsi.
1713 5201 1870 5264 CCV.
1903 5201 2073 5262 habet
2185 5205 2480 5279 committit
2507 5201 2784 5279 ἀντίθετα.
2811 5201 2981 5279 Porro
3021 5204 3159 5279 quod
3191 5201 3315 5279 faba
3343 5202 3472 5279 mali
3491 5203 3561 5256 sit
3586 5205 3759 5271 succi,

479 5271 816 5352 τερθρείαν,
839 5280 980 5352 quod
1001 5271 1217 5352 idemac
1240 5279 1497 5352 φλυαρία,
1532 5281 1724 5334 usitata
1758 5294 1860 5334 vox
1891 5279 2047 5352 πρῖε

2184 5276 2402 5352 hebetet
2427 5289 2646 5352 sensus,
2667 5283 2721 5325 et
2743 5273 3007 5326 insomnia
3039 5271 3344 5352 turbulenta
3383 5272 3626 5336 inducat,
3655 5290 3760 5352 una

502 5342 656 5416 goria
699 5342 869 5419 Nyss.
901 5347 997 5403 lib.
1035 5350 1111 5404 De
1141 5342 1322 5405 anima
1355 5342 1404 5404 εὶ
1441 5342 1685 5416 Restim,
1750 5359 1806 5404 et
1839 5371 1869 5401 a
1906 5349 2080 5418 Chry-
2179 5356 2281 5419 est,
2322 5345 2494 5398 Plinio
2533 5344 2588 5419 id
2617 5350 2914 5419 asserente.
2967 5351 3020 5395 et
3073 5342 3279 5411 φυσικὴ
3315 5355 3655 5419 ραιιεεη-ειιι·
3692 5347 3761 5397 ab

503 5411 767 5479 sostomo:
1671 5411 1681 5416 ’
2022 5411 2038 5418 ⁷
2180 5415 2485 5487 Pythagora
2541 5413 2661 5487 ejus
2694 5413 3154 5487 ususdamnatus
3203 5426 3268 5487 e9
3309 5411 3489 5487 edicto
3515 5414 3765 5487 κυάμων

575 5493 689 5563 (55)
734 5493 796 5547 In
827 5491 952 5561 faba
1001 5493 1338 5548 convertitur.
1398 5489 1521 5546 Haec
1551 5491 1711 5563 verba
1756 5490 1836 5563 είς
1886 5488 2047 5563 φθορο

2180 5479 2481 5563 ἀπέχεσθαι
2507 5499 2520 5513 ·
2627 5481 3187 5563 [αὑ-ξεῄᾳὸειίιιεηιιιιηι.
3223 5479 3329 5535 Sed
3365 5491 3419 5534 et
3441 5484 3625 5550 plures
3648 5479 3766 5536 alia:

479 5593 482 5600 ι
508 5550 751 5636 ποίίίίδὲ
778 5550 956 5636 χύμὸν
983 5564 1043 5636 ἐν
1071 5563 1148 5636 τῷ
1198 5564 1395 5636 κυόιμφ
1437 5561 1756 5631 μεθίσταται
1798 5550 2040 5636 ᾶεεὶιιιίὶ

2183 5550 2479 5636 afferuntur
2514 5550 2818 5636 ejusdic‘ti
2846 5551 3132 5636 rationes...
3173 5565 3307 5636 quas
3365 5563 3763 5609 commemora.

511 5631 570 5687 l’.
599 5633 663 5688 C.
689 5651 704 5701 ς
757 5620 1131 5706 δ’ὲιιέιιρριενῖ
1156 5648 1221 5690 ex
1268 5620 1448 5698 νῖ,ὀι’
1471 5647 1601 5688 sane
1623 5630 1928 5686 necessaria
1955 5636 2083 5683 sunt
2184 5625 2352 5681 Lilius
2379 5621 2632 5679 Giraldus
2662 5621 2712 5676 in
2743 5620 2967 5692 Pythag.
2999 5620 3277 5690 symbolis.
