3990 6202
348 178 467 240 245

1721 187 2050 248 llOMlLlA
2091 191 2228 253 Vll.

3513 202 3621 269 2‘6

352 289 423 343 δὲ
454 288 854 361 καταψύχεται,
894 292 1170 348 καὶπάνθ’
1200 296 1300 350 ὅσα
1329 297 1472 351 κατά
1509 296 1607 371 τὴν
1654 299 1760 369 γῆν
1792 298 1941 353 ἔστιν

2046 309 2123 354 tot
2163 316 2227 357 ac
2271 309 2384 358 tam
2431 304 2595 360 variis
2650 305 2885 363 discerni
2933 307 3294 366 diﬂerentiisl
3342 323 3462 364 cum
3522 327 3623 381 pro

354 379 513 445 ἰδεῖν,
549 382 618 434 ὲκ
672 384 805 452 μιᾶς
838 384 935 437 καὶ
978 386 1079 455 τῆς
1134 388 1306 460 αὐτῆς
1339 391 1566 461 ἰκμάδος
1596 393 1942 449 ἀναϐλαστά-

348 489 520 528 νοντα
570 476 654 538 είς
682 476 957 540 τοσαύτας
1006 477 1275 551 διαφορὰς
1311 481 1648 553 διακρίνεται
1678 484 1816 554 πρὸς
1841 485 1940 557 τὴν

344 566 465 619 τῶν
518 567 829 638 δεχομένων
863 570 1033 639 φύσιν
1065 576 1532 646 μεταποιουμένου
1580 576 1675 632 τοῦ
1725 577 1937 645 ὓδατος⁹

344 655 530 719 οὕτως
559 659 588 711 ό
610 657 773 723 αὐτὸς
797 659 895 714 τοῦ
923 659 1059 716 Θεοῦ
1086 662 1244 732 λόγος
1272 666 1331 717 ὲν
1349 670 1471 731 ταῖς
1497 667 1605 722 τῶν
1633 668 1938 742 ἀνθρώπων

345 744 558 814 ψυχαῖς
603 742 717 802 οἶόν
742 766 798 803 τι
862 750 1090 824 σπέρμα
1120 754 1623 827 καταδαλλόμενος,
1672 760 1809 831 πρὸς
1838 762 1938 834 τὴν

349 838 467 890 τῶν
485 838 799 911 δεχομένων
820 841 937 908 ἕξιν
968 845 1296 916 προέκοψεν,
1343 848 1376 919 ἢ
1417 854 1869 924 καρποφορήσαςο
1903 855 1937 928 ἢ

349 928 552 999 μείνας
600 933 1064 1008 ἀτελεσφόρητος.
1128 939 1290 994 Ἐπεὶ
1312 943 1370 998 δὲ
1397 943 1425 996 ό
1456 944 1601 1011 ίερδς
1651 947 1939 1013 Ματθαῖος

346 1022 453 1112 καὶ
479 1021 583 1094 τὴν
608 1028 989 1097 καρποφορίαν
1038 1028 1139 1100 τῆς
1177 1034 1390 1104 ἀγαθῆς
1418 1035 1522 1105 γῆς
1546 1038 1940 1112 ἀκριϐέστερον

345 1111 623 1182 ἔγραψεν,
656 1116 734 1178 ὡς
764 1121 1010 1189 προῆκεν
1032 1126 1113 1186 εἰς
1148 1125 1365 1184 ἑκατὸν.
1399 1131 1495 1182 καὶ
1523 1131 1815 1202 ἐξήκοντα,
1843 1111 1940 1189 καὶ

342 1204 679 1273 τριάκοντα,
713 1213 984 1280 προσήκει
1020 1213 1228 1284 ζητεῖν,
1253 1219 1338 1281 τίς
1365 1220 1398 1290 ἡ
1432 1221 1595 1293 τρίτη
1624 1224 1725 1294 τῆς
1757 1242 1936 1296 γεωρ-

343 1296 483 1364 γίας
514 1299 773 1372 διαφορά.
815 1304 972 1358 Ὅσοι
1005 1307 1106 1377 μὲν
1133 1305 1230 1363 οὖν
1259 1311 1387 1375 τοὺς
1438 1315 1764 1386 ἀθλητικοὺς
1793 1319 1940 1374 διελο

345 1388 545 1482 θόντες
574 1392 795 1458 ἀγῶνας
825 1396 884 1450 ἐν
917 1401 983 1469 τῇ
1036 1399 1147 1454 τῶν
1174 1401 1450 1458 κολάσεων
1472 1409 1675 1480 χωνείᾳ
1707 1411 1935 1482 χρυσίου

341 1479 513 1553 δίκην
565 1485 1028 1561 ἐδοκιμάσθησαν,
1067 1493 1099 1565 ἢ
1138 1496 1291 1566 παρά
1337 1497 1432 1552 τοῦ
1463 1479 1756 1570 τυράννου-
1781 1502 1937 1557 τοῦτο

343 1572 647 1640 παθόντες,
683 1578 943 1652 καθάπερ
970 1582 1022 1636 oi
1052 1584 1354 1642 καλλίνικοι
1399 1590 1697 1663 μάρτυρες,
1747 1594 1780 1665 ἢ
1811 1614 1933 1650 πει-

2049 391 2309 463 majusque
2339 394 2649 466 recipientis
2672 406 2867 453 natura
2900 409 3316 456 transmutatum
3344 403 3415 457 sit
3444 402 3624 457 humi-

2048 484 2174 540 dum
2223 485 2536 544 alimentum
2577 488 2693 544 :ita
2738 500 2793 544 et
2833 490 2971 546 idem
3016 494 3258 549 divinant
3296 494 3518 549 verbum
3565 494 3620 550 in

2048 574 2326 632 hominum
2362 580 2571 637 animos
2607 580 2777 636 instar
2809 583 3034 639 seminis
3066 584 3296 650 iactum,
3330 600 3428 654 pro
3469 587 3623 642 erci-

2047 667 2310 737 pientium
2369 670 2591 736 habitu,
2644 681 2699 726 et
2753 673 3061 729 conditione
3121 675 3380 743 profecit,
3433 686 3489 731 et
3534 675 3621 731 vel

2048 758 2282 816 fructum
2339 762 2488 828 tulit,
2535 763 2619 819 vel
2671 763 2929 834 perlicere
2979 766 3214 822 fructum
3266 782 3372 823 non
3425 771 3621 837 potuit.

2046 851 2311 921 Quoniam
2344 871 2472 912 vero
2503 858 2659 913 divus
2694 854 2976 913 Mattlxtens
3011 866 3169 914 terrae
3202 860 3353 915 bona:
3387 862 3620 916 fructum

2048 945 2383 1003 enucleatius
2429 948 2683 1020 scripsit.
2720 950 2973 1004 nimirum
3017 950 3082 1004 ad
3126 951 3515 1017 centesimum,
3552 951 3623 1007 ad

2047 1038 2482 1110 sexagesimum,
2515 1051 2570 1097 et
2620 1040 2954 1095 tricesimum
3007 1040 3344 1109 provenisse,
3381 1057 3625 1111 qurerere

2055 1145 2235 1198 opera:
2290 1133 2521 1201 pretium
2578 1143 2690 1199 est,
2740 1133 2866 1203 quid
2921 1133 3023 1187 sibi
3080 1133 3208 1187 relit
3263 1133 3377 1188 haec
3429 1133 3625 1203 triplex

2046 1222 2387 1292 agricultura:
2425 1223 2748 1279 diﬂ'erentia.
2791 1224 3067 1294 Quotquot
3102 1226 3266 1292 igitur
3299 1227 3623 1282 athletarum

2045 1314 2338 1368 certamina
2373 1314 2688 1380 subeuntes,
2720 1325 2974 1385 tanquam
3010 1331 3199 1370 aurum
3235 1317 3287 1370 in
3325 1326 3627 1372 tormento»

2047 1417 2165 1456 rum
2198 1402 2419 1459 fornace
2452 1406 2661 1476 probati
2698 1407 2909 1472 sunt",
2938 1408 3052 1462 sive
3082 1423 3146 1463 ea
3182 1407 3422 1479 perpessi
3454 1410 3565 1465 sint
3595 1423 3626 1462 a

2049 1491 2326 1559 tyrannis,
2359 1492 2517 1546 sicuti
2555 1504 2871 1563 praestantes
2906 1496 3132 1551 victoria
3170 1506 3472 1568 martyres;
3509 1480 3628 1553 sive

2052 1584 2220 1639 rariis
2254 1586 2638 1642 tentationibus
2668 1587 2928 1657 fatigandi
2960 1588 3011 1641 in
3045 1597 3361 1656 potestatem
3397 1589 3625 1655 inimici,

340 1667 590 1761 ρασμοῖς
641 1668 919 1761 διαφόροις
975 1654 1494 1745 παραδοθέντες-ὲκ
1539 1654 1829 1742 τοῦΓΘεοῠ
1859 1688 1940 1761 τῷ

2045 1684 2102 1732 et
2154 1676 2347 1733 ultoris
2398 1678 2578 1732 traditi
2627 1694 2655 1732 a
2710 1654 2855 1743 Deo,
2902 1694 3009 1749 quo
3046 1654 3406 1750 Vspectaretur
3453 1654 3625 1736 virtus

570 1758 663 1810 καὶ
699 1760 986 1835 ὲκδικητῇ,
1022 1767 1099 1830 ῶς
1151 1766 1217 1821 ἂν
1254 1768 1470 1838 ὀφθεῖεν
1524 1774 1762 1846 δόκιμοι,
1787 1778 1864 1845 ὡς

349 1842 487 1899 Ἰὼϐ
544 1849 846 1916 πολύαθλος
866 1870 881 1885 ⁸
934 1854 968 1927 ἢ
1026 1860 1167 1928 σφᾶς
1198 1860 1381 1916 αὐτῶν
1412 1861 1615 1936 ψυχὰς,
1646 1842 1940 1939 φαλμικῶς

336 1940 557 2031 εἰπεῖν,
585 1959 604 1992 ι
639 1941 715 2003 ὡς
734 1944 983 2018 ἀράχνην
1012 1950 1360 2022 ὲκτήξαντες,
1389 1973 1409 2008 ι
1446 1957 1545 2012 καὶ
1571 1956 1649 2029 τῷ
1679 1960 1830 2031 φόϐῳ
1845 1961 1959 2016 τοῦ.

336 2025 485 2081 Θεοῦ
508 2030 611 2101 τὴν
645 2031 823 2105 σάρκα
846 2035 935 2090 διά
964 2039 1167 2105 παντὸς
1192 2025 1632 2116 καθηλώσαντες,
1658 2025 1940 2123 ἢ-τῷνθεῷ

338 2122 665 2213 ἀμέμπτως
706 2128 1147 2197 ίερατεύσαντες,
1179 2134 1275 2188 καὶ
1298 2140 1365 2208 τῇ
1387 2137 1686 2212 άγιαστικῇ
1724 2122 1938 2213 σωφρο-

338 2212 490 2286 σύνῃ
530 2216 1065 2292 ἐλλαμπρυνόμενοι,
1097 2216 1244 2280 οὗτοι
1275 2227 1340 2298 δὴ
1399 2231 1603 2296 πάντες
1639 2232 1700 2286 τὸ
1724 2212 1939 2304 πρῶτον

337 2307 445 2399 καὶ
475 2307 687 2376 ἀγαθὸν
719 2311 991 2381 γεώργιον
1017 2315 1083 2369 τὰ
1111 2317 1305 2372 ἑκατὸν
1328 2319 1705 2394 ἐγεώργησαν.
1745 2326 1808 2382 ’0
1830 2328 1939 2399 γάρ

337 2398 650 2463 ἑκατοστδς
697 2403 937 2475 ἀριθμὸς
969 2406 1107 2479 ἔχων
1138 2409 1237 2481 τὴν
1275 2411 1492 2477 τελείαν
1518 2414 1721 2471 δεκάδα
1775 2398 1940 2472 πολυέ

338 2489 805 2566 πλασιαζομὲνην
833 2497 914 2562 είς
939 2499 1137 2573 ἑαυτὴν
1169 2504 1489 2570 παντέλειος
1517 2506 1731 2575 γίνεται
1758 2509 1818 2564 τὸ
1838 2511 1939 2582 τῆς

338 2584 565 2654 ἀρετῆς
595 2585 769 2656 δηλῶν
800 2588 1166 2646 τελειότατον.
1213 2595 1369 2650 Ὅσοι
1400 2597 1459 2651 δὲ
1486 2598 1588 2662 τάς
1619 2600 1720 2672 μὲν
1767 2603 1939 2672 εὐμα-

342 2676 593 2745 ράντους
612 2679 810 2751 ἡδονὰς
835 2683 1292 2758 ἀπεστράφησαν,
1317 2690 1519 2761 ἥττους
1534 2708 1599 2761 γε
1624 2694 1731 2765 μὴν
1754 2694 1939 2768 ὤφθη-

341 2784 457 2820 σαν
486 2769 599 2822 τῶν
628 2771 972 2843 ἀκροτάτων,
1030 2770 1179 2833 οὗτοι
1208 2782 1637 2854 καρποφορῆσαι
1690 2786 1939 2856 λέγονται

338 2860 421 2910 τὰ
456 2859 746 2930 ἐξήκοντα,
781 2862 857 2926 ὡς
884 2864 986 2937 τὴν
1016 2865 1182 2932 ἑξάδα
1206 2870 1314 2923 τῶν
1338 2870 1497 2927 θείων
1528 2874 1758 2930 ἐντολῶν
1786 2877 1942 2932 δεκα-

2042 1783 2255 1834 eorum,
2287 1769 2449 1825 sicuti
2491 1769 2580 1826 ille
2619 1768 2719 1825 Job
2767 1771 2952 1826 multis
2995 1771 3384 1826 certaminibus
3424 1771 3625 1834 clarus,

2045 1860 2138 1930 qui
2171 1876 2300 1917 suas
2326 1861 2563 1930 ipsorum
2596 1863 2804 1917 animas
2839 1880 2859 1915 t
2899 1862 3178 1917 tabescere
3209 1860 3455 1916 fecerunt
3485 1861 3630 1916 sicut

2042 1966 2303 2018 araneas,
2339 1970 2360 2005 ι
2397 1963 2455 2008 ιιι
2487 1968 2608 2007 cum
2653 1952 2870 2007 Psalmo
2913 1952 3183 2022 loquar”,
3216 1945 3390 2006 et'Dei
3435 1952 3627 2005 timore

2041 2060 2257 2099 carnem
2280 2060 2429 2099 suam
2452 2055 2711 2115 perpetuo
2733 2047 3068 2101 confixerunt
3085 2044 3151 2111 θ’,
3167 2042 3246 2099 vel
3269 2047 3356 2115 qui
3381 2043 3490 2100 Deo
3511 2043 3625 2116 (36)

2042 2139 2110 2190 ab
2153 2138 2301 2193 omni
2351 2137 2507 2208 culpa
2562 2138 2757 2209 integri
2805 2138 3129 2203 servierunt,
3157 2145 3212 2192 et
3254 2136 3344 2208 qui
3393 2136 3626 2206 puritate

2043 2230 2379 2285 castimoniae
2421 2230 2753 2296 claruerunt,
2792 2233 2843 2285 lti
2889 2247 3016 2286 sane
3056 2244 3245 2285 Omnes
3287 2229 3519 2300 primum
3570 2237 3630 2283 et

2043 2305 2306 2388 optimum
2350 2319 2583 2373 fructum
2632 2320 2986 2374 centesimum
3034 2318 3392 2387 protulerunt.
3423 2316 3625 2373 Cente-

2042 2411 2229 2467 narius
2255 2411 2403 2467 enim
2432 2426 2693 2466 numerus
2730 2410 2840 2481 (37)
2877 2410 3132 2465 tlecadem
3154 2448 3170 2473 ,
3201 2424 3320 2480 qute
3354 2396 3626 2481 perfectus

2039 2517 2125 2562 est
2160 2519 2420 2561 numerus
2454 2504 2508 2559 iu
2532 2506 2606 2559 ‘se
2641 2503 3053 2572 multiplicatam
3088 2502 3400 2566 continens,
3428 2511 3480 2556 et
3509 2499 3633 2568 ipso

2040 2605 2125 2651 est
2150 2596 2297 2650 omni
2326 2610 2393 2651 ex
2428 2603 2577 2664 parte
2608 2592 2914 2663 perfectus,
2942 2592 3052 2664 44
3078 2592 3296 2646 virtutis
3330 2590 3624 2660 perfectio-

2041 2685 2428 2741 nemostendit.
2453 2682 2729 2752 Quotquot
2754 2679 3112 2734 autemtlnxas
3129 2678 3342 2746 citoqne
3372 2691 3622 2731 marces-

2038 2788 2224 2837 centes
2254 2776 2556 2847 voluptates
2575 2772 2805 2830 aversati
2833 2782 2979 2834 sunt,
3002 2769 3054 2825 1ιί
3075 2784 3205 2824 sane
3219 2768 3621 2839 sexagesimum

2038 2860 2193 2925 ferre
2254 2869 2540 2936 dicuntur,
2594 2876 2652 2921 ut
2710 2864 2801 2935 qui
2862 2863 3165 2919 divinorum
3227 2870 3621 2931 praceptorum

340 2949 788 3056 πλασιάσαντες,
849 2958 944 3011 καὶ
989 2961 1229 3032 τηρηταὶ
1280 2962 1487 3018 τοὺτων
1514 2966 1771 3038 ὀφθέντες
1799 2973 1941 3026 κατά

2045 2962 2313 3017 senarium
2359 2958 2473 3032 (38)
2516 2957 2695 3013 decies
2732 2954 3176 3026 multiplicantes,
3215 2952 3443 3007 interius
3470 2958 3624 3004 exte-

337 3060 413 3095 τε
442 3043 506 3095 τὸ
538 3045 868 3116 φαινόμενον
907 3050 1005 3102 καὶ
1029 3050 1345 3123 νοούμενον.
1394 3057 1457 3110 Ol
1487 3056 1553 3111 δὲ.
1570 3059 1733 3132 γάμῳ
1767 3079 1941 3133 προσ-

2046 3055 2266 3124 τίιιειιιιο
2310 3056 2688 3107 servaverunt.
2727 3046 2829 3115 Qui
2874 3046 3006 3101 vero
3049 3043 3391 3099 matrimonio
3428 3039 3632 3110 juncti,

336 3134 750 3204 ομιλήσαντες,
782 3140 876 3192 καὶ
920 3145 1210 3209 κοσμικοῖς
1240 3146 1647 3219 ἀναφυρθέντες
1679 3153 1941 3224 πράγμα-

340 3242 466 3288 σιν,
500 3226 763 3296 ἐναρέτου
792 3244 855 3297 γε
888 3230 997 3300 μὴν
1022 3232 1288 3303 ἐργασίας
1307 3236 1409 3289 οὐκ
1446 3238 1842 3311 ἀμελήσαντες,
1864 3244 1942 3307 ὡς

339 3316 457 3385 τὴν
516 3316 684 3382 ἑξάδα
738 3320 1018 3392 αἰσθητῶς
1078 3323 1188 3378 τῶν
1240 3325 1473 3380 ἐντολῶν
1531 3333 1938 3404 τετηρηκότες,

340 3408 719 3480 ὲγεώργησαν
785 3409 856 3466 τά
910 3414 1228 3485 τριάκοντα.
1322 3417 1380 3473 Ὀ
1456 3421 1563 3493 γάρ
1620 3427 1942 3495 τριακοστὸς

342 3498 600 3569 ἀριθμὸς
636 3500 902 3566 πεντάκις
940 3502 1081 3574 ἔχων
1110 3507 1179 3559 τά
1207 3505 1288 3573 ἐξ,
1313 3507 1401 3562 διὰ
1428 3510 1526 3579 μὲν
1548 3512 1649 3582 τῆς
1681 3515 1942 3580 πεντάδος

341 3592 600 3646 δεικνύει
637 3595 737 3665 τὴν
771 3595 1046 3667 αἴσθησιν,
1083 3597 1170 3652 διὰ
1208 3599 1266 3652 δὲ
1296 3601 1397 3672 τῆς
1428 3601 1616 3669 ἑξάδος
1663 3606 1763 3670 τάς
1795 3610 1944 3663 ἐντο-

346 3684 488 3748 λὰς,
516 3685 585 3739 δι’
604 3680 680 3739 ὧν
706 3686 1040 3758 κληρονόμοι
1088 3689 1187 3769 τῆς
1216 3691 1325 3744 τῶν
1382 3693 1629 3763 οὐρανῶν
1664 3696 1944 3768 βασιλείας

348 3778 414 3830 οἱ
444 3777 643 3831 δίκαιοι
670 3778 930 3846 γίνονται,
959 3779 1140 3845 καθὼς
1173 3783 1202 3836 ὁ
1229 3782 1322 3837 ἐπὶ
1354 3783 1547 3854 θρόνου
1591 3789 1786 3859 κριτὴς
1809 3789 1943 3845 ταύ-

348 3887 467 3933 τας
496 3870 828 3943 ἠρίθμησεν.
887 3871 946 3926 '0
996 3872 1131 3943 γοῦν
1174 3875 1267 3928 τδν
1291 3877 1563 3932 πεινῶντα
1589 3880 1816 3953 θρέψας,
1851 3884 1945 3938 καὶ

349 3960 445 4031 τῷ
464 3960 691 4029 διψῶντι
725 3960 973 4033 παρέξεις
1005 3963 1190 4030 ποτὸν,
1229 3965 1326 4021 καὶ
1356 3967 1669 4035 περιὸαλὼν
1701 3973 1794 4025 τὸν
1847 3990 1945 4043 γυ-

357 4050 527 4122 μνον,
558 4052 656 4104 καὶ
683 4052 791 4106 ὑπὸ
822 4054 1024 4124 στέγην
1073 4054 1300 4126 ἀγαγὼν
1327 4058 1421 4112 τὸν
1453 4058 1819 4128 ξενιτεύοντα,
1851 4066 1945 4120 καὶ

356 4143 440 4209 τῷ
474 4142 694 4225 ἀσθενεῖ
746 4144 842 4199 καὶ
869 4144 948 4215 τῷ
966 4145 1026 4201 ὲν
1049 4147 1243 4218 εἱρκτῇ
1268 4147 1369 4217 τὴν
1407 4152 1795 4221 προσήκουσαν
1821 4154 1945 4209 ἐπί-

361 4235 569 4304 σκεψιν
624 4236 1024 4306 ἐνδειξάμενος,
1081 4240 1130 4293 εί
1180 4239 1281 4309 μὲν
1340 4241 1482 4295 κατά
1527 4242 1591 4296 τὸ
1624 4245 1945 4316 φαινόμενον

2041 3161 2096 3206 et
2124 3146 2411 3207 nnmdanis
2438 3145 2668 3217 negotiis
2701 3141 2967 3212 impliciti,
2998 3130 3215 3194 virtutis
3245 3146 3422 3193 tamen
3452 3136 3625 3191 actio-

2044 3256 2139 3296 nes
2185 3254 2291 3294 non
2328 3228 2729 3309 "neglexerunt,
2765 3232 2918 3305 quasi
2971 3231 3186 3287 senario
3234 3238 3623 3300 praeceptorum

2044 3346 2211 3397 opere
2254 3329 2527 3385 exteriore
2567 3322 3185 3392 servato,'tricesimum
3231 3323 3622 3390 produxerunt.

2043 3419 2376 3475 Tricesimus
2418 3418 2621 3489 quippe
2663 3430 2941 3478 numerus,
2973 3429 3095 3468 cum
3136 3410 3420 3481 quinquies
3460 3423 3625 3463 sena-

2043 3510 2183 3565 rium
2220 3510 2529 3573 contineat,
2564 3524 2659 3579 per
2689 3507 2997 3577 quinarium
3036 3518 3166 3558 sane
3197 3502 3466 3573 significat
3494 3516 3625 3554 seu-

2044 3618 2159 3666 sus,
2215 3615 2312 3672 per
2334 3601 2607 3655 senarium
2642 3612 2771 3653 vero
2803 3614 2864 3653 ea
2902 3605 3187 3666 praecepta,
3216 3608 3313 3665 per
3342 3605 3462 3662 quae
3490 3589 3625 3662 justi

2047 3690 2195 3762 regni
2225 3689 2462 3748 coelestia
2492 3689 2716 3760 capiunt
2748 3687 3117 3743 haereditatem
3136 3727 3152 3751 ,
3186 3692 3345 3754 prout
3372 3696 3435 3737 ea
3457 3682 3630 3753 jutlex.

2024 3780 2099 3840 ’ἰιι
2170 3783 2427 3839 tribunali
2496 3784 2783 3839 considens
2849 3778 3232 3835 dinumerabit.
3294 3776 3397 3842 Qui
3463 3775 3633 3845 igitur

2046 3874 2252 3945 paverit
2295 3872 2646 3936 esurientem,
2682 3881 2738 3926 et
2776 3870 3024 3941 poculum
3066 3865 3267 3922 sitienti
3311 3863 3622 3936 praebuerit,

2047 3979 2095 4025 el
2146 3970 2347 4023 nudum
2388 3965 2654 4028 vestierit,
2686 3975 2739 4019 et
2784 3964 3049 4033 hospitem
3098 3962 3315 4015 domum
3360 3953 3627 4021 receperit

2046 4075 2222 4127 suam,
2247 4069 2299 4114 et
2326 4058 2539 4113 infirma
2569 4056 2871 4111 valetudine
2915 4062 2969 4107 et
2999 4053 3051 4106 in
3083 4064 3301 4107 carcere
3325 4049 3622 4108 detentum,

2049 4165 2226 4222 utpar
2255 4160 2368 4216 est,
2398 4149 2672 4215 inviserit,
2702 4148 2747 4202 si
2780 4152 3043 4214 quantum
3074 4144 3138 4196 ad
3172 4140 3469 4201 exteriora,
3502 4151 3624 4206 quae

2048 4245 2299 4299 sensibus
2354 4249 2570 4312 patent,
2618 4239 2734 4295 haec
2788 4235 3052 4302 ell'ecerit,
3088 4231 3425 4288 tricesimum
3479 4227 3624 4283 ferre

361 4327 652 4399 αίσθητῶς
688 4329 864 4384 ταῦτα
916 4332 1084 4396 ποιεῖ,
1119 4330 1332 4401 λέγεται
1379 4334 1642 4404 γεωργῶν
1691 4336 1760 4391 τὰ
1790 4338 1941 4408 τριά·

2049 4335 2249 4390 dicitur
2274 4326 2504 4388 fructum
2537 4351 2551 4388 :
2578 4331 2625 4386 si
2652 4347 2782 4386 vero
2809 4344 2915 4384 non
2945 4328 3104 4383 modo
3133 4322 3504 4395 corporaliter,
3531 4320 3625 4374 sed

361 4436 575 4475 κονταο
611 4421 662 4475 εί
708 4420 767 4474 δὲ
817 4421 956 4492 πρὸς
979 4421 1058 4493 τῷ
1093 4423 1412 4494 φαινομένῳ·
1438 4426 1532 4480 καὶ
1558 4429 1948 4498 πνευματικῶς

363 4515 515 4568 αὖτά
563 4512 930 4584 κατορθώσειε
952 4555 970 4580 ,
1004 4515 1219 4586 τρέφων
1249 4516 1327 4588 τῷ
1376 4520 1478 4588 τῆς
1525 4519 1748 4591 ἀγάπης
1774 4522 1946 4592 ἄρτῳ,

367 4607 469 4658 καὶ
517 4604 598 4676 τῷ
650 4604 796 4678 λόγῳ
825 4606 927 4677 τῆς
953 4606 1306 4671 διδασκαλίας
1359 4607 1595 4671 ποτίζων
1651 4611 1743 4664 τὸν
1772 4612 1949 4685 ἐνδεῆ,

369 4698 746 4770 περιστέλλων
773 4699 832 4753 δὲ
856 4699 1025 4771 ήθικῇ
1058 4699 1446 4773 εὐσχημοσύνῃ
1468 4700 1561 4754 τὸν
1593 4702 1803 4773 γυμνὸν
1823 4704 1950 4775 ἀρε-

2051 4428 2215 4482 etiam
2259 4424 2611 4495 spiritualiter
2652 4438 2715 4479 ea
2762 4421 3039 4493 perficiat,
3070 4430 3126 4475 et
3169 4432 3304 4490 pane
3346 4412 3628 4471 charitatis

2053 4520 2332 4580 nutriens,
2362 4529 2414 4573 et
2439 4517 2706 4573 doctrina:
2736 4514 2900 4570 verbo
2927 4523 3109 4584 potutn
3143 4511 3456 4566 ministrans
3484 4507 3625 4562 indi-

2049 4611 2229 4684 genti,
2273 4620 2329 4665 et
2375 4624 2497 4664 eum
2546 4609 2636 4678 qui
2696 4609 2875 4664 nullus
2928 4613 3008 4660 est
3065 4621 3094 4658 a
3138 4604 3369 4664 virtute,
3415 4612 3623 4653 morum

2052 4705 2335 4760 honestate
2359 4709 2628 4771 contegat,
2648 4709 2702 4754 et
2726 4714 2755 4754 a
2778 4698 2981 4755 scelesti
3008 4695 3177 4767 patria
3193 4693 3526 4751 exsulantem
3559 4692 3647 4746 ad.

443 4834 494 4867 ⁸⁷
515 4833 646 4908 Sap.
673 4851 760 4901 ιιι,
787 4836 840 4893 6.
919 4836 967 4870 ⁸⁸
989 4837 1132 4893 Psal.
1155 4854 1385 4904 xxxvm,
1405 4839 1462 4894 ‘2.
1538 4839 1584 4872 ”
1617 4840 1759 4895 Psal.
1783 4856 1975 4911 cxvttt,
2001 4842 2129 4898 HO.

1606 4956 1932 5021 Francisci
1964 4960 2170 5024 Scorsi
2207 4965 2391 5021 nolm.

445 5062 561 5125 ('56)
609 5059 701 5113 Vel
722 5060 811 5129 qui
841 5060 968 5114 Deo.
996 5058 1055 5115 In
1086 5058 1151 5115 C.
1178 5061 1241 5115 P.
1276 5068 1360 5114 est
1395 5059 1654 5128 scriptum
1712 5061 1945 5131 λατρεύ,-

374 5148 573 5195 σαντες
622 5132 766 5199 quod
823 5146 1130 5200 quanquam
1185 5131 1561 5200 ministerium.
1615 5140 1670 5186 et
1738 5136 1942 5187 cultum

378 5200 471 5254 Dei
542 5203 739 5269 signet,
795 5210 974 5272 tamen
1024 5199 1347 5272 per_al_iam-
1404 5200 1528 5272 lect.
1574 5200 1636 5255 Ο.
1687 5201 1749 5257 ν.
1796 5202 1945 5272 ἱερα-

376 5268 673 5340 τεύσαντες
722 5268 1040 5340 οχςιιίςιιιιιιτ
1066 5269 1155 5340 qui
1191 5269 1271 5340 sit
1299 5268 1385 5324 hie
1425 5269 1603 5324 cultus
1637 5284 1700 5340 ex
1760 5268 1944 5332 mente

377 5339 765 5408 Theophanis;
798 5338 910 5410 agit
954 5338 1095 5394 enim
1129 5340 1194 5393 de
1226 5339 1333 5410 alio
1362 5340 1553 5394 ordine
1580 5339 1944 5409 perfectoruru

380 5411 684 5473 lmminnm,
739 5408 928 5464 eorum
969 5423 1121 5473 sane,
1178 5408 1271 5478 ιιιιί
1305 5411 1478 5464 sacris
1510 5408 1706 5464 initiati
1754 5410 1863 5465 Deo
1891 5412 1946 5466 in

378 5479 627 5536 oratione
660 5488 714 5535 et
747 5495 806 5534 re
843 5480 1024 5534 divina
1059 5478 1382 5533 ministrant.

449 5549 565 5619 (57)
607 5548 949 5621 Qentenarius
996 5549 1134 5602 enim
1184 5563 1465 5621 numerus.
1499 5547 1691 5603 Petrus
1712 5549 1949 5621 Bongus,

382 5618 473 5691 lib.
508 5617 569 5688 ιι,
610 5617 688 5676 De
722 5630 934 5689 ntyster.
994 5633 1331 5675 numerorum
1369 5619 1558 5676 eodem
1608 5621 1788 5690 modo,
1831 5617 1950 5693 quo

2055 5062 2255 5138 Noster
2287 5064 2339 5117 in
2372 5057 2700 5138 centenario_
2723 5071 2953 5138 ιιιιιιιθιδο
2989 5054 3400 5138 perfectionem.
3435 5063 3483 5112 et
3508 5071 3626 5128 my»

2052 5134 2278 5188 sterium
2336 5131 2602 5199 agnoscit.
2657 5128 2941 5199 Dentri-ius.
2990 5127 3186 5199 inquit,
3228 5127 3627 5199 nume_rus__per

2053 5194 2782 5268 sentetipsttrtrntultiplicatus
2802 5198 2855 5249 in
2875 5198 3235 5268 centenarium
3256 5196 3443 5268 surgit.
3475 5194 3636 5268 Unde.

2044 5282 2183 5326 recte
2210 5265 2300 5339 per
2327 5265 2681 5326 centenarium
2696 5283 2887 5339 magna
2915 5268 3163 5339 perfectio
3197 5266 3523 5339 designatur.
3555 5265 3624 5339 Et

2043 5334 2218 5409 paulo
2251 5353 2369 5408 post
2396 5360 2409 5395 :
2450 5339 2691 5393 Christus
2743 5334 3317 5409 etiaut'inEt-qngelt'o
3347 5334 3623 5409 fertilissia

2047 5403 2191 5465 totum
2247 5403 2429 5477 egrum
2461 5422 2665 5462 centum
2694 5405 2961 5460 asserebat
3018 5403 3416 5477 producturum,
3466 5403 3623 5477 ferti-

2048 5481 2216 5535 litatis
2272 5474 2508 5547 ῥνοὺαηε
2549 5480 2740 5530 anima:
2793 5477 3171 5546 plenitudinem
3222 5474 3617 5529 subostendem.

2047 5549 2193 5616 Lege
2226 5550 2381 5620 plura
2415 5548 2552 5615 apud
2583 5549 2779 5616 ipsum.

2122 5612 2242 5692 (38f
2276 5612 2665 5688 Pra'ceptortim
2696 5616 2984 5671 antarium.
3024 5612 3155 5670 Vide
3184 5612 3329 5669 hom.
3372 5613 3460 5673 l8.
