3990 6202
374 205 438 266 Ξῖί
451 207 481 266 Ἰ

1551 200 2046 263 THEOPHANIS
2079 200 2422 259 CERAMEI

3533 198 3640 260 2&8

370 318 609 371 divinam
645 316 1025 386 cognationem
1065 316 1286 370 reducat
1322 332 1335 369 :
1375 313 1651 368 infirmum
1689 323 1867 369 autem
1904 311 1956 365 in

2077 311 2190 371 τῶν,
2217 311 2311 362 καὶ
2337 309 2426 361 τὸν
2443 308 2858 373 άποξενωθέντα
2880 308 2979 379 τῆς
3003 310 3117 362 ἄνω
3140 309 3399 377 πατρίδος
3422 308 3645 378 ἐπάγον)

373 410 477 462 ﬁde
506 417 769 472 assumat,
797 417 849 462 et
877 408 929 460 in
964 407 1168 476 peccati
1202 407 1478 476 ergastulo
1505 405 1770 459 inclusum
1800 404 1959 469 visat,

375 515 506 558 tunc
558 517 688 556 sane
739 500 1138 570 sexagesimum
1193 499 1390 553 dicitur
1443 497 1680 552 fructum
1742 494 1956 549 εὕει-ιθ.

374 593 660 647 Admirare
710 591 878 659 igitur
915 590 1262 660 agricultoris
1306 587 1514 643 Domini
1561 597 1616 641 et
1662 597 1819 641 terrae
1866 599 1962 640 (o-

380 686 551 739 lendm
587 683 876 747 rationem,
901 694 955 738 et
986 684 1397 752 benignitatem,
1424 692 1477 736 et
1505 683 1829 751 obstupesce
1855 695 1962 749 quo

377 784 534 846 pacto
565 789 672 830 non
703 774 950 829 eamdem
981 774 1050 828 ab
1075 774 1326 828 omnibus
1353 787 1663 826 mensuram
1692 771 1960 825 fructuum

378 869 593 938 exigat;
637 866 732 921 sed
775 876 828 921 et
864 881 985 919 eum
1029 867 1119 934 qui
1162 867 1384 919 multum
1426 863 1683 925 reddidit,
1713 872 1960 926 coronat,

379 968 435 1013 ct
463 974 584 1013 cum
615 959 707 1028 qui
736 973 951 1026 parum,
983 974 1089 1013 non
1121 969 1423 1012 aversatur.
1438 957 1492 1012 ld
1519 966 1697 1010 autem
1726 955 1966 1010 ostendit

379 1049 626 1117 apertius
678 1048 734 1102 in
785 1047 965 1102 divina
1009 1047 1264 1116 parabola
1311 1047 1713 1117 operariorum,
1757 1046 1810 1098 in
1859 1058 1963 1112 qua

381 1141 559 1208 primo
584 1139 782 1210 itidem:
805 1154 868 1195 ac
897 1139 1189 1195 novissimo
1214 1152 1422 1194 merces
1449 1137 1653 1193 denarii
1680 1137 1857 1191 datur.

463 1455 482 1488 ι
534 1435 943 1506 interrogabant
983 1443 1164 1490 autem
1207 1449 1330 1491 eum
1372 1433 1623 1505 discipuli
1666 1435 1814 1505 ejus.
1848 1449 1967 1500 quae

384 1538 532 1585 esset
578 1530 692 1583 haec
740 1525 1017 1597 parabola.
1059 1545 1078 1577 ι
1137 1526 1390 1594 Discipuli
1439 1541 1561 1581 cum
1609 1527 1969 1581 multitudinis

2067 404 2203 473 πρὶς
2236 402 2335 472 τὴν
2379 402 2530 454 θείαν
2565 402 2911 468 συγγένειαν,
2972 401 3065 455 τὸν
3095 402 3154 454 δὲ
3200 401 3538 455 ἀσθενοῦντα
3578 407 3643 475 τῇ

2065 496 2249 548 πίστει
2287 495 2872 565 προσλαμϐανόμενος,
2904 494 3000 547 καὶ
3043 494 3138 546 τὸν
3167 493 3560 548 κατάκλειστον
3590 499 3648 548 ἐν

2065 587 2361 659 ἁμαρτίαις
2420 585 2911 655 ἐπισκεπτόμενος,
2962 585 3083 637 τότε
3122 586 3338 654 λέγεται
3379 589 3651 656 γεωργεῖν

2062 685 2133 737 τὰ
2164 683 2449 752 ἑξήκοντα.
2507 680 2809 747 ’Ᾱγάσοητι
2839 673 2898 731 οὗ
2911 697 2937 729 ν
2967 677 3062 730 τοῦ
3091 677 3343 747 γεωργοῦ
3375 679 3650 732 Δεσπότου

2062 773 2161 842 τὴν
2198 771 2476 841 γεωργίαν
2530 786 2591 822 τε
2642 768 2739 820 καὶ
2766 767 3206 836 φιλανθρωπίαν,
3243 768 3338 820 καὶ
3365 769 3656 821 καταπλάρ

2064 863 2216 933 γηθι,
2251 863 2370 925 πῶς
2424 863 2486 914 οὐ
2537 861 2615 930 τῷ
2662 860 2812 930 αὐτῷ
2857 861 3042 930 μέτρῳ
3089 861 3340 924 ἅπαντας
3403 863 3653 928 ἀπαιτεῖ,

2066 956 2203 1009 ἀλλά
2241 953 2334 1007 καὶ
2370 954 2463 1005 τὸν
2486 951 2656 1006 πολλὰ
2689 953 3199 1020 καρποφορήσαντα
3247 956 3528 1020 στεφανοῖ,
3557 957 3657 1006 καὶ

2064 1047 2156 1099 τὸν
2185 1046 2343 1114 ὀλίγα
2380 1045 2480 1098 οὐκ
2518 1041 2945 1112 ἀποστρέφεται.
2989 1042 3366 1096 Διαλευκαίνει
3411 1043 3468 1095 δὲ
3495 1045 3662 1096 τοῦτο

2066 1138 2408 1208 τρανώτερον
2438 1137 2495 1189 ὲν
2528 1137 2594 1204 τῇ
2629 1134 2738 1187 τῶν
2765 1133 3011 1202 ἐργατῶν
3037 1132 3304 1204 θεολέκτῳ
3335 1135 3655 1204 παραϐολῇ,

2068 1227 2161 1281 καὶ
2189 1227 2269 1297 τῷ
2310 1228 2511 1295 πρώτῳ
2563 1225 2659 1279 καὶ
2718 1225 2798 1296 τῷ
2830 1224 3043 1296 ἐσχάτῳ
3095 1224 3401 1296 παρασχὼν
3429 1225 3525 1280 τοῦ
3568 1244 3666 1296 μι-

2071 1320 2201 1374 σθοῦ
2227 1320 2287 1373 τὸ
2312 1319 2590 1391 δηνάριον.

2145 1447 2164 1478 ι
2217 1426 2550 1495 Ἐπηρώτων
2571 1426 2626 1479 δὲ
2658 1425 2824 1480 αὐτὸν
2850 1426 2899 1478 οἱ
2937 1423 3202 1496 μαθηταὶ,
3239 1425 3323 1486 τίς
3348 1426 3436 1494 εἴη
3474 1425 3508 1494 ἡ
3545 1441 3661 1477 παι-

2073 1519 2271 1588 ραϐολὴ
2299 1517 2460 1588 αὕτη.
2491 1536 2510 1570 ι
2548 1517 2930 1588 Φιλοστόργως
2955 1516 3173 1586 ἔχοντες
3199 1514 3335 1585 πρὸς
3358 1514 3421 1569 τό
3443 1515 3663 1585 πλῆθος

387 1618 774 1676 benevolentes
808 1627 1020 1684 essent,
1052 1627 1106 1672 et
1137 1619 1406 1673 dictorum
1441 1620 1688 1674 viderent
1717 1619 1966 1673 obscuri-

2077 1613 2119 1663 οί
2153 1610 2419 1680 μαθηταὶ,
2453 1609 2547 1661 καὶ
2582 1609 2820 1678 δρῶντες
2879 1609 2976 1678 τὴν
3006 1607 3116 1660 τῶν
3163 1607 3467 1677 λεχθέντων
3515 1609 3664 1660 ἀσά-

387 1719 584 1773 tatem,
619 1723 681 1763 ea
735 1708 1068 1762 sciscitando
1113 1708 1322 1762 discere
1359 1709 1666 1769 studebant,
1703 1715 1763 1761 ut
1803 1708 1966 1761 etiam

390 1799 563 1852 turbae
595 1811 779 1851 eorum
816 1797 1232 1865 explicationem
1270 1797 1597 1866 acciperent.
1633 1796 1772 1863 Quid
1807 1796 1972 1866 igitur

389 1889 676 1943 Salvator?
721 1906 741 1940 ι
789 1886 956 1943 Vobis
999 1891 1182 1943 datum
1228 1897 1309 1944 est
1352 1904 1512 1943 nosse
1559 1889 1812 1958 mysteria
1854 1889 1970 1952 Dei,

390 1980 606 2034 caeteris
627 1989 804 2033 autem
832 1978 888 2034 itt
911 1979 1202 2047 parabolis.
1247 1998 1266 2030 ι
1321 1979 1452 2034 Cum
1486 1999 1506 2032 ι
1539 1980 1720 2033 datum
1766 1997 1785 2031 ι
1819 1980 1970 2045 dicit,

393 2072 590 2124 donum
623 2085 743 2125 esse
775 2085 887 2124 rem
921 2085 1039 2124 eam
1078 2069 1347 2134 ostendit;
1384 2071 1486 2125 hoc
1516 2079 1697 2124 autem
1731 2069 1969 2124 divinum

395 2163 593 2214 donum
654 2176 761 2215 non
819 2175 1009 2216 omnes
1069 2160 1317 2231 accipere
1371 2171 1617 2230 possunt.
1667 2160 1769 2214 Alii
1829 2159 1970 2214 enim

395 2253 573 2307 adhuc
622 2253 855 2309 infantes
903 2254 958 2307 in
1004 2253 1106 2308 [ide
1151 2263 1310 2321 sunt;
1361 2253 1450 2307 alii
1495 2269 1622 2309 vero
1670 2253 1972 2307 hebetiores

396 2344 560 2399 animi
588 2359 778 2398 sensus
808 2345 1034 2411 habent;
1067 2361 1168 2400 nec
1192 2346 1324 2400 satis
1350 2345 1529 2400 idonei
1559 2346 1625 2399 ad
1656 2346 1972 2401 obscuriora

399 2435 655 2506 mysteria
717 2436 984 2490 audienda
1040 2435 1147 2508 45
1208 2437 1404 2506 quibus
1465 2437 1616 2509 quasi
1676 2435 1973 2491 infantibus

395 2526 744 2595 parabolicus
797 2531 1236 2583 accommodatus
1285 2536 1364 2582 est
1412 2543 1622 2594 sermo,
1661 2528 1764 2582 Vas
1814 2542 1970 2594 vero,

397 2619 608 2688 inquit,
638 2619 728 2688 qui
770 2617 947 2674 studio
983 2619 1135 2673 valde
1171 2619 1426 2674 laudabili
1463 2621 1655 2691 dignos
1689 2619 1972 2675 altioribus

397 2727 496 2768 vos
527 2711 838 2766 reddidistis
866 2751 882 2776 ,
919 2726 1036 2780 quae
1060 2715 1230 2782 magis
1271 2712 1545 2767 recondita
1577 2721 1731 2779 sunt,
1767 2715 1974 2768 discere

397 2804 647 2874 potestis.
693 2801 886 2857 Subdit
916 2818 1076 2872 porro
1115 2803 1488 2873 propheticum
1537 2803 1668 2858 illttd
1706 2805 1907 2859 dictum
1955 2823 1970 2861 :

409 2913 428 2944 ι
463 2893 536 2950 Ut
568 2895 809 2948 videntes
837 2911 943 2948 non
972 2894 1210 2960 videant,
1240 2903 1291 2949 et
1323 2895 1603 2950 audientes
1630 2911 1737 2951 non
1771 2897 1972 2953 intelli-

2075 1716 2253 1767 φειαν,
2309 1697 2730 1766 φιλοπευστοῦσι
2784 1699 2852 1751 τὰ
2885 1698 3191 1767 λαληθέντα
3247 1697 3461 1767 μαθεῖν,
3487 1698 3564 1760 ὡς
3592 1698 3664 1751 ἂν

2075 1791 2172 1843 καὶ
2196 1791 2245 1843 οἱ
2279 1789 2426 1860 ὄχλοι
2458 1789 2672 1859 μάθωσι
2699 1789 2796 1860 τὴν
2825 1790 3006 1844 αὐτῶν
3034 1790 3387 1859 διασάφησιν.
3416 1789 3481 1842 Τί
3509 1787 3604 1843 οὖν
3635 1793 3667 1843 6
3711 1813 3716 1816 ·

2079 1880 2308 1950 Σωτήρς
2378 1899 2396 1931 ι
2444 1880 2606 1950 Ὑμῖν
2657 1881 2868 1934 δέδοται
2924 1883 3222 1949 γνῶναιτὰ
3257 1884 3534 1952 μυστήρια
3562 1883 3666 1936 τοῦ

2074 1972 2234 2036 Θεοῦ,
2291 1973 2405 2036 τοῖς
2444 1972 2502 2025 δὲ
2559 1972 2771 2037 λοιποῖς
2823 1975 2881 2027 ὲν
2939 1973 3302 2045 παραϐολαῖς.
3362 1993 3379 2026 ι
3448 1975 3665 2041 Εἰπὼν,

2080 2083 2098 2114 ι
2131 2061 2372 2129 Δέδοται,
2415 2083 2434 2115 ι
2463 2063 2740 2117 δείκνυσιν
2771 2066 2856 2118 ὅτι
2881 2065 3063 2135 δωρεᾶ
3106 2065 3168 2118 τδ
3202 2067 3436 2136 πρᾶγμά
3469 2067 3627 2120 ἐστιν
3648 2083 3666 2098 ο

2075 2155 2210 2209 ἀλλὰ
2233 2155 2439 2226 ταύτην
2466 2158 2565 2225 τὴν
2591 2155 2744 2210 θείαν
2765 2157 2908 2211 δόσιν
2941 2158 3002 2210 οὐ
3035 2159 3236 2221 πάντες
3276 2158 3534 2211 δύνανται
3561 2158 3666 2210 λα-

2076 2249 2212 2304 ϐεῖν.
2245 2251 2308 2303 Οί
2344 2250 2443 2319 μὲν
2475 2253 2584 2322 γὰρ
2611 2254 2674 2322 τῇ
2721 2250 2906 2303 πίστει
2971 2251 3052 2304 ἔτι
3095 2251 3449 2321 νηπιάζουσιν
3473 2268 3493 2284 ο
3519 2253 3567 2303 οἱ
3600 2251 3666 2303 δὲ

2075 2341 2361 2413 παχύτερα
2395 2341 2621 2411 φέρουσι
2658 2343 2726 2397 τά
2786 2343 2885 2412 τῆς
2933 2342 3113 2414 ψυχῆς
3168 2342 3521 2414 αἰσθητήρια,
3555 2344 3668 2396 οὐκ

2075 2432 2394 2503 ἐπιτηδείως
2455 2433 2672 2503 ἔχοντες
2735 2434 2871 2505 πρὸς
2926 2434 3025 2505 τὴν
3073 2435 3181 2488 τῶν
3235 2436 3668 2505 μυπικωτέρων

2077 2525 2363 2595 ἀκρόασιν,
2385 2518 2467 2588 οἷς
2507 2524 2760 2598 καθάπερ
2785 2527 3003 2596 νηπίοις
3023 2527 3051 2579 ό
3071 2527 3438 2596 παραδολικδς
3478 2527 3670 2597 ἁρμόο

2078 2635 2162 2670 σει
2187 2618 2363 2685 λόγος.
2404 2617 2602 2688 ’Υμεῖς
2640 2617 2718 2683 δὲ,
2746 2619 2934 2688 φησὶν,
2966 2619 3016 2672 οί
3059 2619 3265 2690 σπουδῇ
3300 2619 3444 2689 μάλα
3472 2620 3701 2677 καλλί-⁸

2077 2727 2180 2783 στῃ
2233 2711 2421 2774 ἀξίους
2476 2711 2707 2774 ἑαυτοὺς
2742 2706 2852 2764 τῶν
2901 2711 3253 2782 ὑψηλοτέρων
3305 2713 3668 2782 ποιήσαντες,

2075 2802 2303 2854 δύνασθε
2337 2801 2401 2855 ἂν
2427 2801 2620 2870 μαθεῖν
2651 2802 2746 2856 καὶ
2800 2802 2868 2854 τά
2896 2801 3307 2873 μυστικώτερα.
3352 2803 3582 2870 Ἐπάγει
3601 2803 3670 2856 δὲ

2078 2893 2137 2945 τὸ
2170 2894 2507 2963 προφητικὸν
2557 2895 2736 2946 ἐκεῖνο
2795 2893 2992 2965 ῥητόν*
3048 2913 3066 2945 ι
3104 2894 3221 2946 Ἵνα
3255 2893 3547 2964 βλέποντες
3582 2896 3669 2964 μὴ

401 2986 615 3055 gant”.
651 3003 670 3037 ι
713 2987 846 3040 Cum
887 2985 1027 3039 enim
1072 3001 1101 3039 a
1142 2985 1252 3040 Deo
1295 2987 1520 3042 facultas
1558 2988 1664 3044 illis
1705 2991 1971 3060 impertita

2079 2984 2341 3055 βλέπωσι,
2373 2985 2466 3038 καὶ
2495 2985 2792 3049 ἀκούοντες
2831 2986 2905 3055 μὴ
2941 2985 3188 3040 συνιῶσι.
3227 3004 3246 3036 ›
3272 2986 3674 3056 Δοοείσηςγὰρ

402 3074 493 3135 sit,
524 3089 627 3144 qua
662 3083 884 3144 possent
913 3076 1114 3143 optima
1146 3091 1370 3146 quaeque
1401 3078 1645 3149 seligere,
1676 3081 1816 3150 quod
1851 3097 1978 3150 pra-

404 3163 484 3217 vis
519 3165 713 3219 studiis
747 3176 953 3220 mentes
990 3181 1174 3220 eorum
1220 3169 1486 3224 hebetata:
1529 3173 1670 3232 sint.
1702 3172 1978 3228 audientes

401 3271 587 3323 sensu,
617 3256 795 3310 animo
829 3273 933 3312 non
971 3259 1294 3330 intelligunt,
1319 3272 1373 3316 et
1405 3264 1678 3333 corporeis
1708 3263 1970 3331 videntes,

403 3348 595 3402 animae
625 3350 814 3404 oculos
841 3351 1120 3407 claudunt.
1152 3353 1418 3408 Particula
1447 3371 1595 3422 vero,
1623 3368 1679 3410 ut
1711 3357 1847 3429 (39),
1875 3360 1979 3414 hoc

402 3439 522 3493 loco
555 3456 657 3494 non
688 3455 908 3495 causam
939 3442 1230 3513 significat,
1260 3445 1354 3500 sed
1384 3456 1657 3502 eventum.
1683 3447 1797 3503 Non
1833 3451 1974 3505 enim

403 3533 524 3586 ideo
565 3531 617 3584 in
666 3534 936 3600 parabolis
973 3536 1316 3604 loquebatur,
1349 3547 1407 3592 ut
1443 3554 1510 3594 ne
1546 3541 1810 3604 viderent,
1844 3556 1978 3597 neve

404 3623 682 3688 audirent;
716 3625 809 3677 sed
843 3625 966 3693 quia
994 3627 1062 3680 ob
1090 3642 1274 3681 eorum
1309 3631 1601 3697 nequitiam
1634 3631 1706 3684 ita
1738 3630 1977 3687 futurum

402 3721 543 3779 erat,
572 3721 630 3766 ut
661 3715 944 3773 eveniret:
980 3725 1036 3770 ut
1069 3718 1114 3772 si
1157 3720 1276 3786 quis
1315 3719 1488 3775 oculis
1525 3722 1662 3776 male
1701 3722 1974 3790 affectum,

401 3813 456 3860 et
489 3805 896 3871 cmcucientem,
925 3809 1124 3878 diuque
1156 3824 1221 3864 eo
1258 3811 1445 3866 morbo
1482 3812 1818 3868 laborantem
1858 3815 1978 3870 ideo

402 3898 456 3950 in
485 3897 614 3952 solis
645 3897 985 3968 splendorem
1018 3901 1267 3954 obturum
1296 3901 1550 3958 detixisse
1583 3906 1743 3967 dicat,
1774 3917 1831 3960 ut
1859 3907 1978 3976 plus

401 3990 675 4057 acciperet
715 3991 1049 4047 detrimenti.
1095 3992 1285 4049 Postea
1335 4005 1389 4050 ul
1437 3997 1653 4052 doceret
1700 4015 1806 4053 non
1857 4015 1977 4055 esse

401 4078 723 4148 simpliciter
756 4082 1099 4151 accipienda,
1131 4098 1250 4150 qum
1285 4085 1628 4152 dicebantur,
1660 4090 1752 4142 sed
1786 4104 1884 4157 per
1914 4105 1977 4144 ea

401 4171 469 4226 ad
500 4171 806 4228 subtiliores
839 4189 1032 4228 sensus
1061 4175 1372 4246 erigendam
1408 4188 1663 4244 mentem,
1685 4180 1934 4249 adjunin
1960 4199 1974 4235 :

406 4281 425 4312 ι
462 4262 562 4329 Qui
601 4265 763 4319 habet
791 4281 948 4320 aures
975 4269 1225 4321 audiendi
1261 4269 1464 4323 audiat.
1505 4289 1524 4320 ι
1565 4269 1676 4326 lloe
1707 4281 1792 4327 est
1826 4290 1839 4326 :
1875 4272 1974 4339 Qui

2080 3077 2261 3138 αὐτοῖς
2288 3076 2571 3145 δυνάμεως
2597 3077 2661 3129 ὲκ
2687 3075 2822 3130 Θεοῦ
2882 3077 2963 3140 εἰς
2986 3077 3047 3130 τὸ
3079 3076 3340 3130 δύνασθαι
3373 3078 3440 3130 τὰ
3475 3078 3674 3147 λῷστα

2080 3166 2428 3230 ἐκλέξασθαι,
2457 3166 2548 3220 διὰ
2578 3168 2640 3220 τὸ
2687 3168 3029 3238 παχυνθῆναι
3065 3168 3248 3222 αὐτῶν
3288 3171 3383 3232 τὰς
3415 3169 3672 3235 διανοίας

2077 3261 2191 3320 τοῖς
2228 3258 2451 3328 φαύλοις
2477 3261 2902 3330 ἐπιτηδεύμασιν
2948 3261 3236 3324 ἀκούοντες
3265 3262 3561 3332 αἰσθητῶς,
3592 3263 3666 3315 οὐ

2081 3351 2324 3404 συνιοῦσι
2361 3353 2416 3406 δὲ
2480 3354 2711 3424 νοητῶς,
2765 3355 2859 3408 καὶ
2911 3355 3148 3425 ὁρῶντες
3181 3357 3293 3418 τοῖς
3325 3357 3673 3425 σωματικοῖς

2078 3443 2377 3512 ὀφθαλμοῖς
2432 3445 2560 3507 τοὺς
2626 3446 2727 3512 τῆς
2756 3445 2937 3516 ψυχῆς
2993 3445 3292 3515 ὲπιμύωσι.
3324 3448 3397 3500 Τὸ
3422 3448 3498 3508 δὲ,
3533 3448 3671 3514 ἵνα,

2079 3535 2317 3589 ἐνταῦθα
2370 3535 2470 3588 οὐκ
2502 3535 2881 3604 αίτιολογικῶς
2913 3539 3153 3609 εἴρηται,
3201 3539 3316 3593 ἀλλ’
3340 3542 3402 3593 ὲκ
3433 3541 3530 3607 τῆς
3565 3543 3660 3594 ὲκ-

2079 3625 2311 3689 6άσεως.
2338 3628 2412 3680 Οὐ
2455 3628 2564 3695 γάρ
2593 3629 2680 3681 διά
2706 3629 2864 3682 τοῦτο
2893 3631 2953 3682 ὲν
2978 3632 3313 3702 παραδολαῖς
3343 3633 3544 3696 ἐλάλει,
3573 3633 3669 3686 ἵνα

2083 3718 2221 3788 μήτε
2289 3717 2553 3787 βλέπωσι,
2617 3720 2759 3790 μήτε
2820 3720 3118 3783 ἀκούωσιν,
3182 3721 3298 3774 ἀλλ’
3334 3723 3416 3776 ὅτι
3483 3723 3667 3788 οὕτως

2080 3809 2258 3880 ἀπέὄη
2293 3811 2546 3878 γενέσθαι
2575 3811 2664 3864 διὰ
2687 3813 2785 3881 τὴν
2817 3813 3044 3866 ἐκείνων
3080 3803 3396 3868 κακόνοιαν.
3446 3816 3667 3887 Ὠσπερ

2081 3901 2147 3954 ἂν
2182 3901 2237 3954 εἴ
2265 3920 2348 3965 τις
2379 3904 2469 3956 τὸν
2504 3903 2600 3965 τάς
2639 3904 2789 3973 ὄψεις
2831 3904 3231 3975 βεϐλαμμένον,
3254 3905 3351 3959 καὶ
3379 3905 3669 3976 ἀμϐλυώτ-

2080 4011 2267 4058 τοντα,
2305 3995 2400 4049 καὶ
2429 3995 2589 4048 πλέον
2621 3997 2716 4050 τοῦ
2751 3987 2960 4059 πάθους
2989 3999 3356 4068 ἐπιστάμενον
3384 3999 3548 4068 ἐρεῖς,
3575 4000 3666 4052 ὅτι

2079 4086 2168 4139 διὰ
2199 4085 2360 4140 τοῦτο
2411 4087 2689 4154 ὲνητένισε
2738 4087 2875 4157 πρὸς
2913 4090 2980 4141 τά
3017 4090 3219 4159 ήλιακὰ
3253 4090 3668 4160 σελαγίσματα,

2080 4178 2168 4230 ἵνα
2195 4178 2418 4231 πλείονα
2451 4178 2550 4248 τὴν
2575 4179 2820 4232 κάκωσιν
2840 4178 3084 4250 δέξηται.
3120 4177 3253 4232 Εἶτα
3283 4181 3554 4234 διδάσκων
3583 4182 3665 4252 μὴ

2082 4271 2270 4334 ἁπλῶς
2325 4271 2395 4324 τὰ
2446 4271 2716 4341 λεγόμενα
2763 4272 3041 4339 δέξασθαι,
3092 4273 3230 4326 ἀλλὰ
3268 4273 3542 4326 διἀὐτῶν
3582 4276 3664 4338 είς

401 4354 760 4423 spiritualiter
791 4358 1162 4411 ratiocinando
1196 4359 1298 4413 scit
1329 4360 1518 4416 altiora
1553 4362 1824 4432 colligere,
1860 4375 1913 4420 et
1944 4380 1971 4418 a

2084 4363 2397 4433 ἰσχνοτέροις
2454 4362 2666 4425 ἐννοίας
2711 4363 3033 4432 ἀνάγεσθαι,
3075 4365 3302 4432 ἐπάγει·
3338 4384 3356 4416 ι
3404 4365 3465 4418 'O
3519 4365 3666 4437 ἔχων

403 4445 755 4500 sensibilibus
789 4450 1169 4503 transcendere
1205 4451 1268 4504 ad
1305 4467 1388 4514 ea,
1420 4468 1536 4521 quae
1570 4469 1664 4522 per
1694 4455 1975 4522 parabolas

405 4536 549 4589 dicta
611 4545 754 4590 sunt.
812 4533 926 4589 Non
984 4538 1126 4592 enim
1183 4538 1376 4594 sumcit
1430 4542 1495 4594 ad
1547 4542 1776 4598 salutem
1834 4549 1976 4599 nuda

405 4626 729 4681 auscultatio
772 4627 1135 4695 monitorum,
1170 4628 1271 4682 nisi
1316 4629 1766 4685 auscultationem
1811 4647 1974 4701 opera

403 4719 750 4774 comitentur.
809 4718 929 4774 llzcc
990 4720 1153 4789 igitur
1207 4722 1469 4787 scientes,
1514 4722 1851 4790 charissimi,
1903 4741 1977 4780 ne

403 4811 718 4879 simpliciter
745 4819 800 4866 et
847 4819 1054 4866 temere
1085 4812 1340 4865 domina:
1368 4815 1711 4868 sermonibus
1738 4817 1980 4884 praebea-

408 4918 527 4956 mus
560 4919 734 4965 aures,
766 4912 822 4958 ut
853 4905 1018 4958 verba
1057 4905 1271 4971 quidem
1307 4906 1655 4976 accipiamus,
1683 4908 1816 4962 nihil
1846 4923 1976 4963 vero

365 5071 370 5074 _
403 5009 472 5047 ex
502 4995 698 5048 auditis
726 4994 1023 5050 referamus
1054 4995 1288 5064 fructus;
1324 4999 1457 5054 adeo
1491 5008 1545 5054 nt
1604 5009 1742 5055 terra
1777 5001 1977 5056 sterilis

481 5151 525 5184 °°
551 5150 655 5206 lsa.
682 5164 759 5216 vt,
783 5150 836 5205 9.

2087 4452 2202 4508 ὦτα
2255 4454 2495 4518 ἀκούειν,
2531 4454 2800 4518 ἀκουέτω,
2841 4474 2860 4506 ι
2895 4457 3197 4522 τουτέστιν,
3237 4459 3266 4509 6
3295 4457 3452 4519 εἰδὼς
3489 4452 3660 4510 πνευ-

2091 4545 2339 4616 ματικῶς
2366 4547 2434 4600 τά
2456 4546 2768 4617 ὑψηλότερα
2803 4547 3242 4616 συλλογίζεσθαι,
3284 4547 3379 4601 καὶ
3407 4547 3664 4618 ἀποθρώ-

2084 4656 2233 4693 σκειν
2285 4638 2395 4692 ἀπὸ
2443 4640 2552 4691 τῶν
2580 4639 2923 4708 φαινομένων
2978 4640 3114 4710 πρὸς
3144 4641 3213 4694 τά
3273 4639 3661 4709 παραδολικῶς

2080 4730 2368 4798 λεγόμενα.
2425 4729 2500 4780 Οὐ
2555 4729 2665 4798 γὰρ
2710 4729 2873 4796 ἀρκεῖ
2904 4728 3044 4799 πρὸς
3073 4727 3134 4779 τὸ
3187 4726 3435 4794 σωθῆναι
3469 4727 3655 4794 γυμνὴ

2081 4818 2186 4871 τῶν
2217 4817 2592 4887 παραινέσεων
2631 4818 2663 4888 ἡ
2696 4817 2984 4887 ἀκρόασις,
3021 4818 3096 4888 μὴ
3141 4818 3338 4888 ἔχουσα
3371 4817 3548 4871 όπαδὰ
3589 4817 3660 4871 τά

2080 4911 2217 4982 ἔργα
2242 4911 2340 4980 τῆς
2369 4911 2708 4980 ἀκροάσεως.
2733 4909 2901 4964 Ταῦτ’
2934 4910 3026 4964 οὖν
3061 4912 3284 4973 εἰδότες,
3314 4909 3553 4978 ἀδελφοὶ,
3581 4909 3654 4980 μὴ

2079 5005 2191 5065 τοῖς
2229 5001 2408 5070 λόγοις
2456 5001 2556 5068 τῆς
2592 4999 2939 5066 διδασκαλίας
2990 5001 3181 5064 ἁπλῶς
3233 5000 3331 5054 καὶ
3397 5001 3519 5072 εἰκῆ
3559 4995 3655 5061 τὰς

1648 5246 1972 5308 Francisei
1998 5246 2208 5308 Seorsi
2233 5253 2419 5310 notaa.

477 5377 590 5446 (59)
637 5374 913 5431 Particula
945 5391 1084 5439 vero,
1124 5384 1198 5429 ut.
1260 5373 1372 5426 Non
1402 5390 1619 5446 causam
1645 5379 1974 5431 anteceden-

409 5445 538 5509 tem,
567 5453 658 5502 sed
685 5460 960 5506 eventum,
991 5455 1046 5500 et
1070 5445 1508 5512 consequentiam
1541 5447 1838 5512 signiﬁcari
1880 5463 1974 5513 per

411 5517 752 5584 particulam,
773 5528 828 5570 tit
859 5517 1102 5586 pluribus
1136 5518 1185 5567 itt
1207 5516 1334 5568 locis
1359 5513 1769 5583 Evangeliorum
1802 5516 1972 5570 adno-

413 5596 490 5639 tat
525 5585 866 5644 doctissimus
901 5585 1258 5646 MalJonatus,
1290 5594 1341 5636 et
1367 5598 1484 5653 post
1516 5601 1638 5639 eum
1668 5587 1970 5641 scientissi-

411 5670 529 5712 mus
581 5673 857 5714 sacrarum
908 5657 1231 5713 Litterarum
1280 5653 1565 5712 Cornelius
1597 5671 1624 5710 ει
1663 5655 1864 5725 Lapide
1913 5659 1967 5712 iu

2082 5380 2270 5453 ,(ianon
2304 5379 2370 5432 ad
2426 5378 2699 5453 Evangelii
2745 5379 3173 5453 Commmttaria.
3235 5377 3372 5432 Vide
3407 5390 3566 5444 porro
3599 5382 3656 5453 ut

2079 5451 2382 5503 libertatem
2418 5447 2630 5502 arbitrii
2685 5460 2900 5502 tueatur
2945 5447 3303 5515 Theophanes
3357 5456 3539 5500 noswr
3601 5447 3651 5495 itt

2079 5520 2412 5587 explicandis
2447 5519 2598 5572 Isaiae
2635 5519 2811 5572 verbis
2834 5534 2853 5590 :7
2891 5516 2959 5571 Ut
3007 5518 3237 5590 videntes
3275 5534 3375 5571 non
3426 5515 3655 5577 rideant,

2077 5601 2206 5660 etc.,
2232 5598 2416 5646 contra
2461 5599 2740 5657 novantcs,
2765 5589 2855 5659 qui
2884 5603 3002 5645 eam
3031 5589 3299 5644 evertunt.
