3990 6202
432 229 533 293 251

1602 230 2098 291 THEOPHANIS
2136 232 2477 294 CERAMEI

3589 238 3697 303 259

433 358 666 412 fidenter
691 353 1042 424 comparavit.
1067 351 1144 407 De
1162 351 1420 422 improbis
1451 369 1575 409 vero
1605 370 1724 409 eum
1745 356 2002 422 loquitur,

2128 353 2379 424 ῢνήσατο.
2397 354 2521 407 Ἐπὶ
2537 353 2593 407 δέ
2618 371 2680 422 γε
2699 354 2807 408 τῶν
2825 353 3064 424 φαύλων,
3087 350 3201 408 οἷόν
3217 371 3275 407 τε
3297 352 3586 425 γνώρισμα
3602 359 3697 426 τῆς

437 448 582 502 velut
612 446 878 516 quoddam
903 457 1088 497 eorum
1127 446 1379 511 nequitia:
1419 453 1794 512 argumentum
1831 446 2011 501 divitis

440 556 633 594 nomen
664 537 900 606 apponit.
922 534 1057 589 Nam
1089 546 1144 591 et
1170 537 1621 606 Psalmographns
1646 538 1746 593 hoc
1776 539 2010 593 maxime

439 632 694 693 ostendit,
730 645 853 683 cum
897 630 1150 682 admonet
1186 627 1418 694 justum,
1459 644 1523 683 ne
1571 630 1753 683 timeat
1799 647 1812 681 :
1863 647 1882 681 ι
1933 628 2010 683 Ne

438 725 680 780 timueris
700 739 822 778 cum
857 724 1008 777 dives
1043 724 1218 777 factus
1257 721 1414 774 fuerit
1447 723 1659 775 homo.»
1689 723 1745 776 Et
1775 738 1829 774 τι
1864 721 2010 776 Divi-

441 819 525 870 tite
552 817 596 870 si
641 814 1061 878 allluant,nolite
1095 829 1189 868 cor
1221 827 1493 883 apponere
1509 814 1607 865 ".t
1641 815 1705 866 Et
1727 830 1741 868 :
1763 832 1782 864 ι
1811 814 2010 869 Divites

439 920 701 980 eguerunt
726 927 743 961 ι
790 909 1005 962 virtutis
1049 907 1270 976 opibus,
1305 925 1323 958 ι
1353 917 1406 960 et
1449 907 1862 961 esurierunt“:
1901 924 2008 964 non

443 1001 703 1054 habentes
758 1015 950 1067 panem
1001 1002 1148 1052 vitm.
1199 997 1264 1052 Et
1320 1017 1333 1053 :
1400 1018 1419 1051 ι
1479 1001 1613 1066 Quia
1671 1001 1909 1069 speravit
1956 1004 2007 1054 in

440 1091 782 1145 multitudine
817 1091 1122 1146 divitiarum
1163 1094 1467 1146 suarum”.
1507 1111 1525 1144 ι
1566 1093 1628 1147 Ει
1665 1093 1914 1149 Salvator
1944 1095 2011 1151 de

442 1181 606 1236 Stulto
637 1182 867 1249 quodam
903 1195 1068 1250 agens
1105 1199 1118 1235 :
1158 1199 1176 1232 ι
1217 1180 1459 1234 llominis
1492 1181 1772 1250 cujusdam
1805 1183 2007 1246 divitis,

441 1273 650 1338 inquit,
709 1274 903 1327 uberes
962 1274 1170 1327 fructus
1235 1289 1363 1343 ager
1421 1273 1628 1330 tulit”.
1687 1293 1706 1327 ι
1765 1276 2012 1330 Aﬂirmat

438 1365 600 1418 etiam
630 1366 843 1419 diﬂicile
875 1381 1012 1430 esse,
1045 1374 1100 1419 ut
1132 1366 1283 1421 dives
1315 1367 1478 1422 intret
1504 1369 1556 1420 in
1588 1382 1808 1436 regnum
1843 1368 2009 1422 caelo-

440 1458 652 1517 rum":
695 1468 748 1512 et
787 1473 933 1523 eum,
963 1459 1053 1527 qui
1089 1459 1156 1514 de
1195 1471 1394 1513 aeterna
1427 1460 1536 1512 vita
1574 1459 1845 1514 dominmu
1887 1475 2008 1530 per-

445 1558 754 1615 cunctatus,
785 1560 834 1604 et
869 1549 1082 1604 divitias
1116 1566 1303 1606 onmes
1334 1550 1642 1616 divendere,
1673 1560 1730 1605 et
1760 1551 2012 1622 pauperi-

441 1641 540 1696 lms
579 1658 804 1710 erogare
840 1641 1134 1710 jussus,ob
1177 1644 1228 1696 id
1271 1643 1468 1696 dictum
1511 1658 1746 1698 maerore
1787 1643 2014 1699 allectus

441 1743 557 1795 est,
603 1741 886 1800 propterea
939 1741 1188 1786 maestum
1241 1731 1407 1786 fuisse
1453 1732 1800 1800 Evangelimn
1852 1733 2012 1798 dicit,

441 1823 566 1892 quia
619 1843 634 1872 t
681 1824 833 1876 dives
879 1832 998 1877 erat
1043 1824 1220 1878 Valde.
1263 1842 1281 1875 ν
1334 1824 1542 1877 Etenim
1587 1823 1854 1879 dillicilius
1897 1839 2018 1880 esse

442 1915 576 1968 dicit
633 1923 690 1966 ut
727 1915 874 1968 dives
914 1915 1172 1969 t-tnlorum
1223 1931 1442 1986 regnum
1485 1915 1592 1987 47
1633 1925 2014 1985 consequatur,

441 2020 603 2073 quam
656 2015 713 2057 ut
759 2005 997 2060 camelos
1048 2021 1142 2075 per
1185 2004 1428 2060 foramen
1475 2022 1603 2062 acus
1654 2015 1914 2062 transeat.
1956 2007 2021 2063 Et

444 2097 581 2151 alias
634 2096 894 2152 divitibus
953 2100 1180 2168 loquens
1233 2118 1248 2154 :
1309 2117 1328 2151 t
1383 2098 1476 2154 νω
1526 2099 1680 2154 vobis
1730 2099 2016 2169 divitibus,

443 2189 649 2259 inquit,
699 2190 824 2258 quia
881 2191 1092 2246 habetis
1141 2192 1565 2247 consolationem
1611 2205 1849 2248 vestram
1873 2194 1942 2249 ’⁸.
1993 2214 2014 2248 ι

443 2279 609 2334 Isaias
655 2298 782 2337 vero
830 2283 1070 2352 quodam
1113 2283 1238 2340 loco
1277 2283 1410 2341 dicit
1457 2300 1471 2337 ς
1528 2301 1546 2335 ι
1605 2266 2024 2340 luhonoraliitur

445 2374 612 2439 gloria
666 2373 820 2429 Moab
871 2375 923 2428 in
973 2375 1224 2429 omnibus
1272 2374 1474 2429 divitiis
1521 2375 1728 2444 ejus".
1766 2393 1784 2425 ι
1839 2373 2024 2444 Itaque

446 2465 770 2532 prommium
806 2466 1166 2536 improbitatis
1193 2467 1290 2520 viri
1322 2467 1605 2536 praeponit,
1641 2481 1762 2521 cum
1797 2467 2020 2522 divitem

445 2557 592 2610 il'um
626 2559 875 2626 appellat.
907 2559 1367 2624 Quemadmodum
1399 2560 1541 2614 enim
1576 2559 1861 2627 Scriptura
1891 2559 2024 2614 bea-

444 2658 555 2702 tum
584 2646 705 2716 Job,
731 2649 976 2718 quamvis
1002 2659 1146 2704 esset
1172 2649 1637 2718 opulentissimus,
1664 2650 1884 2705 divitem
1917 2665 2022 2704 non

444 2737 704 2806 appellat,
741 2739 833 2791 sed
869 2737 1024 2806 quasi
1056 2739 1308 2792 virtutem
1351 2738 1496 2794 illius
1529 2739 1789 2794 deﬁniens
1819 2741 2022 2810 justum

445 2844 567 2882 eum
613 2829 879 2892 nominat,
908 2840 958 2882 et
991 2829 1345 2896 inculpatum,
1371 2845 1434 2884 ac
1465 2830 1740 2886 timentem
1776 2831 1941 2885 Deum
1972 2842 2027 2886 et

449 2923 812 2976 abstinentem
849 2937 907 2976 se
943 2923 1008 2976 ab
1046 2924 1190 2977 omni
1232 2923 1432 2985 maln‘,
1466 2925 1774 2979 describens
1811 2927 2023 2996 qualem

2113 445 2292 497 αὐτῶν
2320 446 2541 509 κακίας,
2559 445 2654 498 τοῦ
2676 447 2933 500 πλουσίου
2957 448 3056 516 τὴν
3084 447 3280 518 κλῆσιν
3293 446 3531 514 τίθησιν.
3554 449 3625 500 Ὀ
3637 465 3698 500 τε

2110 536 2220 605 γὰρ
2240 536 2651 607 Ψαλμογράφος
2677 537 2880 606 σφόδρα
2891 536 3049 589 τοῦτο
3089 539 3390 606 κατηγορεῖ
3411 538 3699 606 παραινῶν

2109 629 2188 700 τῷ
2208 629 2402 699 δικαίῳ
2421 630 2495 700 μὴ
2521 628 2854 682 δεδίττεσθαι
2873 646 2890 661 ο
2928 649 2946 678 ι
2987 629 3077 699 Μὴ
3109 627 3277 697 φοϐοῦ
3306 630 3435 682 ὅταν
3467 629 3696 700 πλουτή-

2111 738 2178 792 σῃ
2199 721 2535 791 ἄνθρωπος.»
2569 721 2676 774 Καί
2707 737 2719 749 ·
2747 721 2980 782 Πλοῦτος
3005 721 3100 771 ἐὰν
3136 719 3257 789 ῥέῃ,
3308 719 3382 788 μὴ
3410 720 3691 788 προστίθε.

2111 813 2205 865 σθε
2240 813 2492 882 καρδίαν.
2514 831 2611 864 ι-
2640 832 2656 865 ι
2695 814 2763 866 Οἵ
2791 830 2850 866 τε
2880 813 3128 866 πλούσιοι
3158 812 3510 881 ὲπτώχευσαν
3545 831 3566 863 ι
3604 812 3695 865 τοῦ

2110 904 2234 957 κατ’
2285 907 2488 976 ἀρετὴν
2540 905 2799 968 πλούτου,
2847 924 2864 954 ι
2901 906 2998 958 καὶ
3027 904 3328 958 ἐπείνασαν
3358 924 3376 955 ι
3420 902 3524 973 τῆς
3551 904 3698 972 ζωῆς

2108 999 2199 1051 τὸν
2230 997 2393 1068 ἄρτον
2425 998 2527 1050 οὐκ
2552 997 2789 1068 ἔχοντες.
2816 997 2941 1050 Καίο
2973 1015 2992 1048 ι
3020 998 3144 1049 Ὀτι
3167 996 3472 1066 ὲπήλπισεν
3502 998 3598 1049 ἐπὶ
3617 994 3697 1066 τῷ

2110 1090 2307 1160 πλήθει
2341 1089 2435 1143 τοῦ
2469 1090 2726 1143 πλούτου.
2763 1108 2781 1142 ι
2819 1090 2930 1142 Καὶ
2956 1091 2983 1141 ό
3027 1089 3222 1158 Σωτὴρ
3253 1090 3383 1158 περί
3402 1105 3549 1151 τινος
3579 1089 3699 1141 διαο

2109 1179 2402 1250 λεγόμενος
2451 1181 2718 1252 ἄφρονοςο
2776 1198 2796 1232 ι
2842 1177 3162 1250 Ἀνθρώπου
3217 1180 3360 1242 τινὸς
3409 1179 3694 1242 πλουσίου,

2111 1271 2299 1339 φησὶν,
2363 1271 2672 1341 εὐφόρησεν
2725 1273 2758 1341 ὴ
2805 1271 2987 1342 χώρα.
3019 1289 3036 1320 ι
3083 1271 3471 1338 Ἀποφαίνεται
3505 1271 3564 1322 δὲ
3601 1270 3697 1322 καὶ

2110 1361 2370 1416 δύσκολον
2425 1363 2515 1415 τὸν
2546 1362 2802 1418 πλούσιον
2839 1363 3104 1417 εἰσελθεῖν
3161 1366 3242 1427 εἰς
3274 1363 3372 1434 τὴν
3412 1365 3697 1435 βασιλείαν

2111 1457 2218 1508 τῶν
2251 1456 2518 1526 οὐρανῶν.
2577 1456 2688 1509 Καὶ
2723 1458 2973 1528 περὶτῆς
3011 1459 3232 1512 αίωνίου
3281 1457 3428 1527 ζωῆς
3477 1460 3695 1528 ἐρωτή-

2115 1564 2305 1613 σαντα,
2345 1548 2440 1602 καὶ
2471 1548 2722 1618 πωλῆσαι
2757 1551 3171 1620 προσταχθέντα
3196 1550 3374 1604 πάντα
3419 1551 3488 1603 τὰ
3509 1552 3696 1620 ὑπάρ·

2113 1654 2308 1706 χοντα,
2388 1638 2485 1690 καὶ
2543 1638 2730 1692 δοῦναι
2777 1643 3055 1710 πτωχοῖς,
3111 1641 3210 1694 καὶ
3257 1638 3571 1710 λυπηθέντα
3616 1638 3696 1710 τῷ

2118 1730 2348 1798 ῥήματι,
2379 1730 2467 1784 διὰ
2512 1730 2670 1783 τοῦτο
2703 1730 3040 1800 λελυπῆσθαι
3068 1731 3217 1799 λέγει
3249 1732 3309 1784 τὸ
3336 1732 3697 1799 Εὑαγγέλιον,

2114 1817 2183 1892 ἦν
2204 1823 2313 1891 γὰρ
2344 1821 2600 1885 πλούσιος
2648 1822 2877 1893 σφόδρα.
2943 1821 3163 1892 Ἀμέλει
3219 1823 3316 1876 καὶ
3363 1823 3702 1891 ἐργωδέστε-

2117 1932 2212 1985 ρον
2262 1909 2401 1968 εῐναι
2439 1915 2588 1983 λέγει
2648 1913 2906 1968 πλούσιον
2965 1915 3065 1982 τῆς
3121 1914 3374 1984 οὐρανίου
3413 1913 3702 1982 βασιλείας

2115 2010 2304 2078 τυχεῖν
2324 2049 2340 2074 ,
2372 2007 2469 2060 τοῦ
2514 2007 2761 2078 κάμηλον
2787 2007 2875 2060 διὰ
2904 2006 3296 2077 τρυπημαλιᾶς
3335 2006 3562 2077 ῥαφίδος
3578 2007 3703 2058 εἱσο

2119 2100 2314 2154 ελθεῖν.
2363 2101 2474 2153 Καί
2511 2116 2642 2152 ποτε
2713 2097 2996 2160 πλουσίοις
3029 2096 3418 2166 διαλεγόμενος
3449 2113 3462 2126 °
3503 2115 3523 2148 ι
3557 2097 3704 2150 οὐαὶ

2119 2192 2249 2263 ὑμῖν
2276 2193 2388 2254 τοῖς
2427 2191 2727 2257 πλουσίοις,
2765 2189 2935 2260 φησὶν
2957 2231 2972 2254 ,
3005 2189 3088 2242 ὅτι
3118 2188 3352 2258 ἀπέχετε
3381 2187 3477 2258 τὴν
3515 2189 3706 2258 παρά-

2120 2284 2316 2356 κλησιν
2345 2282 2522 2354 ὑμῶν.
2563 2302 2582 2335 ι
2623 2283 2788 2351 Λέγει
2816 2281 2872 2335 δέ
2905 2298 3008 2335 που
3041 2283 3135 2334 καὶ
3176 2280 3410 2342 Ἡσαΐας
3446 2296 3460 2309 ⁸
3501 2298 3521 2331 ι
3546 2282 3701 2332 ’Δτι-

2126 2378 2471 2448 μασθήσεται
2498 2379 2530 2448 ἡ
2559 2376 2688 2441 δόξα
2722 2375 2893 2429 Mrem
2933 2376 2994 2428 ὲν
3024 2373 3190 2427 παντὶ
3219 2374 3436 2444 πλούτῳ
3468 2373 3696 2429 αὑτοῦ.»

2127 2467 2423 2537 Προοίμιον
2463 2466 2644 2519 τοίνυν
2673 2469 2772 2536 τῆς
2810 2465 2905 2518 τοῦ
2948 2464 3143 2534 ἀνδρὸς
3191 2465 3514 2533 σκαιότητος
3562 2482 3704 2534 προ-

2122 2559 2308 2613 τάττει
2329 2559 2389 2611 τὸ
2443 2557 2722 2612 πλούσιον.
2759 2558 2972 2628 Ὠσπερ
3002 2557 3110 2626 γάρ
3143 2556 3236 2608 τὸν
3265 2556 3537 2627 μακάριον
3554 2556 3702 2618 Ἰὼϐ,

2123 2651 2303 2705 καίτοι
2349 2650 2698 2720 τυγχάνοντα
2748 2648 3278 2703 πολυκτεανὼτατον
3335 2649 3435 2702 οὐκ
3469 2648 3706 2701 ἐκάλεσε

2126 2743 2380 2795 πλούσιον
2429 2745 2461 2813 ἡ
2517 2742 2707 2812 Γραφὴ
2755 2742 2871 2795 ἀλλ’
2910 2737 3020 2794 οἷον
3055 2741 3348 2812 ὁριζομένη
3382 2741 3478 2812 τὴν
3532 2741 3721 2793 αὐτοῦ’

2125 2835 2354 2905 ἀρετὴν,
2391 2835 2598 2888 δίκαιον
2627 2835 2791 2887 αὐτὸν
2819 2833 3100 2904 ὀνομάζει,
3136 2836 3230 2887 καὶ
3259 2833 3574 2904 ἄμεμπτον,
3604 2834 3707 2887 καὶ

2128 2926 2381 2996 θεοσεϐῆ,
2405 2927 2748 2996 ἀπεχόμενον
2781 2927 2891 2979 ἀπὸ
2925 2926 3126 2988 παντὸς
3163 2926 3333 2980 κακοῦ
3379 2925 3472 2978 καὶ
3530 2944 3704 2994 πονηο

447 3027 568 3066 esse
603 3019 853 3078 oporteat
889 3028 1049 3076 eum,
1082 3014 1174 3082 qui
1214 3028 1338 3067 vere
1373 3024 1455 3068 est
1497 3014 1657 3068 homo
1700 3033 1712 3069 :
1751 3016 1822 3069 ita
1862 3017 2020 3069 etiam

2130 3017 2247 3086 ροῦ,
2296 3019 2479 3070 ὁποῖον
2525 3012 2666 3070 εἶναι
2707 3017 2791 3070 δεῖ
2823 3018 2916 3070 τὸν
2968 3017 3185 3088 άληθῶς
3230 3018 3515 3087 ἄνθρωπον
3565 3017 3709 3069 ὑπο·

451 3104 754 3172 imprnbum
797 3118 892 3171 pro
929 3106 1077 3159 omni
1121 3104 1237 3172 ejus
1281 3107 1515 3174 nequitia
1557 3107 1774 3160 divitem
1815 3109 2023 3174 deﬁnit,

450 3204 505 3250 et
553 3196 763 3260 merito,
797 3196 919 3264 quia
967 3195 1010 3249 si
1057 3211 1121 3250 ex
1164 3195 1372 3250 Domini
1413 3198 1681 3252 sententia
1721 3198 1860 3253 beati
1903 3210 2028 3254 sunt

448 3285 774 3355 pauperi-5‘,
823 3285 942 3339 miri
1011 3287 1251 3356 profecto
1305 3289 1497 3344 divites
1557 3301 1736 3345 erunt.
1801 3291 2028 3346 Verum-

450 3388 630 3430 tamen
666 3377 865 3432 leiliil'
901 3389 954 3432 et
990 3390 1275 3449 paupertas
1313 3398 1416 3435 non
1455 3398 1516 3438 ex
1555 3385 1801 3454 pecunia,
1831 3387 1924 3441 sed
1960 3402 2026 3442 ex

447 3469 743 3526 voluntatis
770 3471 961 3526 affectu
991 3473 1377 3542 dijudicantur.

528 3667 545 3698 ι
581 3648 642 3700 Et
673 3649 990 3704 induebatur
1017 3668 1253 3722 purpura
1286 3665 1340 3709 et
1395 3654 1573 3725 bysso.
1611 3675 1629 3710 ι
1666 3656 2032 3715 Vestimenlo-

451 3755 568 3794 rmn
603 3742 885 3798 diversitas
909 3761 1366 3814 supervacaneam
1395 3757 1449 3800 et
1473 3749 1717 3802 inutilem
1746 3751 2027 3806 mollitiem

412 3837 418 3841 ’
450 3846 623 3899 nutat,
661 3853 818 3906 quam
855 3838 1030 3892 anima
1067 3839 1272 3894 deliciis
1335 3840 1512 3894 dedita
1557 3851 1612 3895 et
1657 3844 1896 3899 colorum
1937 3861 2028 3899 va-

454 3927 645 4006 rietate
692 3930 1010 3993 superbicns
1052 3931 1361 4000 excogitare
1407 3934 1713 3989 consuevit.
1756 3935 2030 4006 Multipch

451 4003 612 4073 etiam
631 4031 684 4074 et
708 4022 971 4077 illiberale
995 4023 1264 4092 ingenium
1282 4023 1395 4094 (43)
1410 4027 1871 4098 arguit.‘Anquu:e
1888 4003 2032 4085 enim

452 4113 789 4175 sanctiones,
841 4129 1048 4167 morum
1074 4117 1364 4169 versutiam
1418 4117 1627 4172 scilicet
1679 4130 2016 4189 aversantes,

453 4216 559 4254 nun
595 4202 911 4270 permittunt
941 4220 1262 4275 quemquam
1307 4208 1684 4263 vestimentum
1729 4228 1795 4266 ex
1824 4213 2034 4269 duobus

453 4303 763 4345 contextum
809 4294 1028 4348 induere
1061 4295 1101 4349 ³.
1134 4293 1230 4350 llic
1267 4311 1393 4352 vero
1436 4309 1635 4368 prteter
1679 4300 2033 4372 Sardanapali

530 4444 578 4474 ”
598 4443 742 4498 Psal.
770 4460 959 4507 sum,
983 4447 1070 4501 17.
1145 4449 1190 4481 ’⁵
1215 4448 1354 4503 Psal.
1383 4467 1491 4515 Litt,
1519 4453 1605 4508 ll.

457 4512 503 4546 ⁸⁵
528 4515 631 4568 lsa.
658 4530 763 4577 xvi.
793 4515 878 4569 14.
956 4517 973 4547 ί
995 4517 1114 4570 Job.
1138 4532 1177 4581 ι,
1202 4521 1252 4574 1.
1327 4523 1349 4552 ³
1371 4512 1560 4578 Matth.
1587 4541 1638 4590 v,
1661 4527 1715 4581 5.

1682 4455 1730 4489 ’⁵
1751 4453 1892 4528 Psal.
1920 4471 1992 4520 LI,
2016 4457 2070 4512 9.
2145 4461 2192 4492 "
2219 4469 2348 4516 Luc.
2375 4475 2474 4528 xu,
2505 4462 2588 4518 l6.
2664 4463 2709 4495 "
2734 4462 2866 4519 Luc.
2890 4479 3043 4528 tvm,
3078 4463 3170 4517 21.

1793 4526 1814 4557 ³
1843 4527 1996 4584 Deut.
2025 4545 2158 4596 XXII,
2177 4530 2234 4584 9..

2127 3111 2419 3178 γράφουσα
2461 3123 2476 3138 ⁸
2511 3108 2656 3162 οὕτω
2679 3109 2888 3162 καὶτὸν
2917 3108 3124 3178 φαῦλον
3157 3107 3280 3161 ἀντὶ
3313 3108 3494 3176 πάσης
3533 3106 3706 3160 αὐτοῦ

2127 3203 2227 3270 τῆς
2253 3203 2455 3265 κακίας
2488 3201 2737 3274 ὁρίζεται
2773 3201 3056 3266 πλούσιον,
3083 3200 3176 3253 καὶ
3203 3200 3344 3276 μάλα
3371 3200 3617 3260 εἰκότως.
3640 3196 3710 3252 Et

2127 3295 2236 3362 γὰρ
2273 3293 2535 3365 μακάριοι
2561 3296 2609 3346 oi
2641 3295 2872 3363 πτωχοὶ,
2921 3293 3066 3346 κατὰ
3096 3293 3194 3363 τὴν
3213 3293 3308 3346 τοῦ
3342 3292 3546 3360 Κυρίου
3591 3309 3711 3360 φω-

2129 3387 2248 3456 νὴν,
2283 3387 2457 3441 ἄθλιοι
2490 3385 2732 3457 δηλονότι
2761 3387 2812 3439 οἱ
2841 3386 3113 3440 πλούσιοι.
3147 3386 3292 3455 [Ιλὴν
3325 3385 3575 3447 πλοῦτος,
3607 3389 3712 3437 καὶ

2131 3479 2292 3533 πενία
2325 3479 2426 3534 οὐκ
2461 3480 2518 3533 ὲν
2556 3480 2860 3551 χρήμασιν,
2902 3479 3020 3534 ἀλλ’
3055 3479 3113 3532 ὲν
3155 3478 3478 3549 προαιρέσει
3509 3477 3714 3548 γνωρί-

2131 3574 2306 3637 (erat.

2213 3681 2231 3713 ι
2278 3659 2390 3715 Καὶ
2425 3662 2801 3717 ἐνεδιδύσκετο
2831 3661 3122 3735 πορφύραν
3152 3662 3246 3716 καὶ
3295 3661 3518 3732 βύσσον.
3557 3681 3577 3714 ›
3634 3659 3714 3714 Τὸ

2132 3753 2242 3806 τῶν
2276 3755 2597 3826 ἐνδυμάτων
2623 3756 2882 3826 διάφορον
2916 3757 3176 3828 σημαίνει
3225 3757 3324 3826 μὲν
3366 3756 3460 3809 καὶ
3498 3755 3559 3808 τὸ
3608 3756 3715 3823 τῆς

2135 3846 2394 3917 βλακείας
2418 3851 2699 3918 περιττὸν,
2727 3849 2821 3901 καὶ
2847 3850 3130 3920 ἀνόνητον,
3161 3849 3302 3918 ὅπερ
3329 3848 3518 3900 εἴωθεν
3550 3850 3717 3916 ἐφευ-

2136 3939 2350 4008 ρίσκειν
2377 3940 2641 4008 τρυφῶσα
2671 3940 2819 4011 ψυχὴ
2847 3982 2860 4003 ,
2894 3941 2987 3994 καὶ
3017 3940 3295 4004 ποικίλαις
3331 3939 3710 4010 βρενθυομένη

2139 4029 2361 4099 βαφαῖς.
2408 4032 2574 4100 Δηλοῖ
2612 4032 2668 4084 δὲ
2721 4034 2814 4084 καὶ
2851 4033 2913 4084 τὸ
2942 4032 3036 4084 τοῦ
3077 4032 3281 4104 τρόπου
3312 4032 3558 4084 ποικίλον
3615 4032 3718 4084 καὶ

2137 4122 2516 4191 ἀνελεύθερον.
2575 4122 2655 4176 Τά
2702 4125 2802 4194 μὲν
2837 4125 2946 4194 γὰρ
2981 4124 3191 4178 παλαιὰ
3223 4124 3574 4192 διατάγματα
3609 4124 3722 4177 οὐκ

2135 4213 2523 4284 ἐπιτρέπουσιν
2563 4216 2778 4284 ἱμάτιον
2807 4218 2870 4270 ὲκ
2920 4217 3065 4268 δυοῖν
3111 4215 3427 4286 ὑφασμένον
3468 4215 3724 4284 ἀμπέχε-

2139 4306 2296 4374 σθαι,
2331 4307 2429 4378 τὴν
2459 4307 2552 4360 τοῦ
2584 4308 2787 4378 τρόπου
2818 4308 3044 4378 διπλόην
3072 4307 3514 4377 άποτρεπόμενα.
3536 4299 3720 4370 Οὗτος

3276 4463 3324 4496 ⁸⁸⁸
3345 4464 3478 4518 an.
3504 4478 3581 4527 vi,
3607 4462 3708 4517 14.

1694 4662 2009 4724 Francisci
2044 4663 2248 4726 Seorsi
2284 4675 2470 4730 notae.

460 4781 787 4845 evangelista
849 4780 1172 4848 appellatum
1203 4779 1556 4847 -Josephum,
1585 4783 1668 4836 ὅτι
1716 4784 1809 4836 τὸν
1853 4785 2033 4851 τίμιον
2063 4789 2112 4847 D

465 4854 813 4926 μαργαρίτην
870 4852 958 4905 διὰ
992 4851 1304 4926 παρρησίας
1341 4851 1615 4920 ὠνήσατο.
1651 4856 1751 4908 hoc
1778 4857 2028 4926 esl,rqt_tt'a

463 4923 748 4995 pretiosam
792 4923 1139 4991 margaritam
1169 4923 1391 4991 ﬁdenter
1420 4926 1740 4995 comparavit
1764 4937 1784 4977 :
1813 4925 1902 4977 ubi
1940 4924 2030 4978 διὰ

468 4993 806 5064 παρρησίας,
863 4995 1074 5048 videtur
1139 4995 1462 5062 respomlere
1519 4993 1596 5064 τῷ
1643 4994 1922 5064 τολμήσας
1971 4995 2030 5048 S.

469 5062 661 5120 Marci.
718 5062 930 5130 integra
976 5078 1106 5132 ergo
1144 5064 1382 5117 auctoris
1438 5062 1704 5118 sententia
1747 5062 1861 5118 lucc
1909 5073 2030 5119 est:

469 5135 603 5190 Cum
651 5133 832 5188 divitis
878 5149 1070 5185 nomen
1105 5134 1155 5185 in
1184 5132 1379 5202 malam
1419 5134 1856 5202 partemsaapius
1887 5135 2036 5188 acci-

467 5207 673 5275 piatur,
698 5203 994 5272 appellatus
1023 5202 1122 5256 fuit
1145 5205 1213 5255 ab
1242 5200 1582 5275 Evangeli‘sta
1602 5200 1824 5275 hJoseph
1853 5203 2027 5275 dives,

470 5271 577 5330 non
604 5275 756 5343 quasi
776 5271 878 5326 hoc
901 5288 1148 5343 magnum
1175 5281 1321 5326 esset
1341 5271 1457 5343 ejus
1495 5271 1666 5325 laudis
1704 5271 2032 5343 encomium,

470 5341 947 5412 quml'abundaret
987 5341 1199 5412 opibus,
1233 5343 1326 5395 sed
1365 5341 1490 5410 quia
1522 5343 1590 5397 iis
1614 5357 1744 5396 usus
1762 5352 1845 5412 est
1875 5342 2036 5406 bene,

472 5411 858 5468 conﬁdentiam
912 5426 976 5465 ex
1042 5411 1148 5464 illis
1203 5425 1425 5465 sumens
1503 5413 1568 5465 ad
1619 5411 1932 5479 petendum,
1986 5423 2042 5467 et

475 5484 868 5551 recipiendum,
907 5494 960 5535 et
989 5482 1149 5534 veluti
1169 5480 1364 5533 Christi
1398 5495 1598 5550 corpus
1617 5497 1712 5549 per
1740 5497 1832 5537 eas
1855 5497 2043 5538 emen-

475 5555 627 5605 dum.
679 5553 740 5606 Et
775 5566 906 5606 sane
954 5551 1167 5606 divitias
1193 5558 1245 5602 et
1275 5559 1648 5618 paupertatem
1699 5568 1804 5606 non
1841 5568 1907 5607 ex
1963 5569 2043 5616 se,

479 5623 575 5675 sed
616 5637 679 5676 ex
725 5621 920 5677 all'eetu
952 5633 1009 5675 et
1055 5619 1331 5673 voluntate
1379 5620 1579 5673 utentis
1625 5621 1678 5674 in
1742 5623 1899 5678 laudo
1962 5622 2044 5678 vel

443 5745 450 5754 _
482 5690 615 5746 vitio
655 5695 928 5762 ponendas
977 5694 1117 5750 idem
1141 5698 1328 5767 auctor
1357 5687 1496 5744 inira
1517 5688 1765 5747 allirmat.

2207 4790 2318 4860 (45)
2362 4792 2951 4865 Illiberaleiugenium.
3014 4793 3290 4865 Multiplex
3322 4795 3616 4865 ingenium,
3648 4802 3716 4853 et

2137 4873 2408 4937 versutum
2465 4863 2835 4937 ἀνελεύθερον,
2879 4865 3134 4937 illiberale
3161 4863 3357 4937 Noster
3386 4863 3473 4920 hic
3517 4870 3710 4937 appel-

2140 4931 2237 4994 lat,
2270 4943 2346 5004 __et
2381 4943 2573 5004 recte;
2633 4931 2762 5004 quia
2807 4934 3096 5000 duphcitas
3127 4936 3319 4998 animi,
3367 4949 3420 4990 et
3468 4931 3715 4992 vafrities

2139 5002 2333 5074 servile
2348 5003 2543 5074 vitium
2577 5001 2681 5060 est.
2712 5001 2848 5057 Nota
2884 5019 2970 5056 res
3007 5014 3094 5058 est
3123 5020 3187 5058 ex
3236 5006 3486 5068 comicis,
3529 5023 3556 5059 a
3591 5009 3717 5074 qni-

2142 5071 2246 5126 bus
2293 5072 2434 5144 servi
2489 5073 2818 5144 plerumque
2874 5074 3203 5128 inducuntur
3266 5071 3620 5144 versipelles,
3657 5084 3718 5130 et

2144 5143 2390 5212 pseudoli
2420 5161 2434 5196 :
2488 5143 2776 5198 Terentius
2804 5144 2853 5196 in
2887 5145 3112 5212 Adelph.
3155 5144 3274 5198 Act.
3304 5161 3387 5209 ιιι,
3418 5143 3586 5199 scen.
3625 5161 3719 5200 Iv:

2144 5209 2246 5281 llic
2285 5210 2414 5265 Geta
2445 5224 2695 5280 praeterea
2725 5229 2783 5267 ut
2843 5209 3034 5281 captus
3075 5225 3148 5267 est
3185 5231 3451 5268 servorum
3477 5232 3578 5269 non
3602 5233 3722 5268 nia-

2142 5280 2244 5334 lus.
2264 5281 2332 5334 At
2353 5297 2513 5348 quem
2537 5283 2714 5338 locmn
2751 5280 2990 5338 Donatus
3025 5301 3042 5336 :
3062 5283 3279 5338 Servum
3301 5287 3501 5339 evenire
3523 5285 3722 5337 bonum

2145 5366 2250 5402 non
2304 5352 2442 5404 ratio
2479 5361 2580 5414 est,
2643 5363 2734 5405 aut
2781 5363 2996 5415 natura,
3036 5355 3124 5406 sed
3171 5370 3350 5418 casus,
3384 5363 3560 5421 utpote
3588 5356 3644 5408 in
3668 5371 3726 5408 re

2141 5421 2438 5492 rarissima.
2470 5421 2668 5492 Contra
2713 5437 2840 5475 vero
2869 5424 3115 5476 sincerus
3147 5424 3393 5485 animus,
3455 5425 3728 5492 ingenuus

2139 5499 2194 5542 et
2237 5491 2456 5563 _nohilis.
2490 5491 2560 5545 M.
2619 5491 2852 5555 Tullius,
2881 5493 2952 5544 De
2987 5494 3187 5563 arnicit.
3245 5507 3490 5560 apertum
3522 5491 3720 5563 pectus

2143 5560 2300 5640 amici
2327 5565 2713 5619 commendans
2744 5563 2926 5619 subdit
2953 5579 2968 5616 :
3007 5560 3098 5617 Vel
3128 5573 3306 5632 aperte
3333 5560 3727 5632 ottisse’tnagis

2144 5645 2425 5698 ingenuum
2457 5643 2552 5685 881.
