3990 6202
378 281 486 342 253

1768 297 2099 360 HOMlLiA
2143 303 2303 364 VIII.

3540 315 3649 383 254

375 399 437 450 δὲ
473 397 608 468 πρὸς
629 401 694 504 τῇ
725 399 1139 473 Σαρδαναπάλῳ
1169 409 1372 477 τρυφῇ,
1481 408 1759 479 ὁσημέραι
1788 430 1960 482 προσ-

2075 422 2270 488 luxum,
2305 425 2354 478 iu
2383 441 2489 493 qtto
2515 428 2754 493 quotidie
2785 431 3148 498 volutabatur,
3185 433 3341 504 quasi
3389 435 3646 490 amictum

375 493 584 554 ἐκειτο,
620 485 734 544 οἷόν
770 509 824 544 τι
851 494 1167 566 περίϐλημα
1216 493 1330 568 εἶχε
1372 503 1432 552 τὸ
1461 501 1841 573 ἀνελεύθερον,
1872 505 1963 557 καί

373 599 459 635 τοι
491 581 654 653 ἀνδρὶ
708 582 808 652 μὲν
853 586 1048 654 πένητι
1095 590 1448 655 συγγνωστὸν
1499 593 1630 655 ἴσως
1695 595 1847 647 τουτὶ
1903 595 1964 649 τὸ

377 673 555 727 κακόν
593 693 610 708 ·
645 675 866 728 πλούτω
932 677 989 729 δὲ
1049 677 1290 746 βρίθοντι
1351 681 1414 734 τὸ
1465 683 1762 753 κρυψίνουν
1820 682 1963 739 εἶναι

375 762 569 834 αἶσχος
601 767 882 821 ἀπαίσιον.
935 787 953 818 ι
985 771 1096 822 Καὶ
1121 771 1496 826 ἐνεδιδύσκετο
1525 776 1818 848 ποριρύραν
1864 779 1962 831 καὶ

375 858 601 926 βύσσον.
641 879 660 911 ι
738 860 876 924 Τοὺς
927 860 1137 931 κώμοις
1197 866 1292 918 καὶ
1345 867 1544 934 μέθαις
1595 870 1964 940 προσέχοντας

372 953 594 1022 ἀνάγκη
629 955 780 1006 πᾶσα
823 955 1120 1025 ἐπιθυμίας
1185 959 1282 1010 καὶ
1327 958 1502 1029 θυμοῦ
1534 961 1773 1030 ἥττονας
1812 964 1966 1029 γίνε-

376 1049 530 1104 σθαι,
571 1049 638 1100 Ὀ
671 1047 737 1117 δὴ
771 1050 896 1101 κατ’
925 1050 1094 1119 ἄμφω
1125 1050 1366 1105 δείκνυσι
1402 1053 1462 1106 τὸ
1501 1054 1614 1107 τῶν
1646 1055 1964 1124 ἐνδυμάτων

373 1137 664 1209 διάφορον.
705 1140 816 1193 Καὶ
842 1139 932 1194 διὰ
968 1142 1068 1211 μὲν
1099 1143 1199 1211 τῆς
1232 1144 1522 1213 πορφύρας
1551 1143 1651 1216 τὴν
1684 1144 1835 1210 ζέσιν
1861 1164 1964 1200 πε-

377 1229 674 1300 ρικαρδίου
712 1231 946 1300 αἵματος
984 1233 1275 1302 ἐδήλωσεν,
1306 1234 1334 1286 ὃ
1362 1236 1426 1305 δὴ
1461 1237 1633 1306 θυμὸν
1691 1237 1966 1302 ὁρίζουσιν

372 1323 426 1373 nl
467 1323 603 1391 περὶ
644 1323 712 1375 τὰ
743 1325 973 1377 τοιαῦτα
1007 1325 1196 1391 δεινοὶ,
1261 1327 1348 1382 διὰ
1394 1327 1451 1380 δὲ
1505 1330 1603 1400 τῆς
1645 1329 1845 1399 βύσσου
1904 1331 1967 1382 τὸ

373 1413 525 1466 λεῖον
548 1414 649 1482 τῆς
679 1415 895 1485 ἡδονῆς.
953 1416 1022 1467 Ἢ
1073 1417 1260 1488 ἐπειδὴ
1309 1419 1598 1489 προσέχων
1645 1416 1714 1490 ἦν
1785 1423 1964 1492 τρυφῇ

373 1506 472 1557 καὶ
527 1503 706 1574 χλιδῇ,
774 1506 902 1576 περὶ
926 1505 1023 1576 τὴν
1052 1507 1296 1577 λιχνείαν
1329 1511 1669 1579 ἐπτοημένος
1718 1511 1828 1564 τῶν
1867 1513 1967 1580 τὴν

377 1584 648 1665 ὑπερῴαν
681 1597 1094 1667 εύφραινόντων
1115 1638 1130 1660 ,
1159 1601 1253 1652 καὶ
1285 1600 1377 1653 τὸν
1408 1600 1604 1671 λαιμόν
1635 1618 1650 1634 ·
1698 1601 1872 1656 ταῦτα
1909 1603 1966 1656 δὲ

375 1688 654 1758 acamas
685 1690 919 1758 αἵματός
945 1708 1026 1755 τε,
1057 1693 1151 1743 καὶ
1176 1691 1416 1762 πιμελῆς
1436 1734 1450 1757 ,
1481 1693 1722 1764 ἐδήλωσε
1746 1695 1836 1748 διὰ
1863 1693 1966 1764 τῆς

377 1780 587 1846 βύσσου
629 1781 856 1851 καὶτῆς
895 1781 1185 1856 πορφύρας
1227 1784 1534 1856 ἀμφότερα.

452 1893 474 1926 ι
526 1877 752 1946 Πτωχὸς
791 1877 848 1931 δέ
877 1894 962 1940 τις
996 1879 1225 1949 ὀνόματι
1259 1881 1511 1951 Λάζαρος
1535 1923 1549 1948 ,
1597 1881 1657 1945 ὃς
1697 1882 1962 1954 ἐϐέϐλητο

375 1970 524 2039 πρὸς
571 1971 663 2022 τὸν
709 1970 936 2026 πυλῶνα
983 1973 1151 2026 αὐτοῦ
1205 1973 1550 2046 ὴλκωμένος.
1588 1994 1606 2027 ι
1658 1977 1724 2030 Τί
1755 1977 1960 2046 δήποτε

372 2061 489 2114 οὐδ’
522 2063 582 2114 ὲν
615 2065 714 2134 μιᾷ
737 2064 844 2116 τῶν
877 2065 1207 2136 παραϐολῶν
1245 2067 1416 2137 ὄνομα
1447 2069 1638 2140 κύριον
1669 2071 1958 2136 τεθεικὼς,

382 2154 630 2208 ἐνταῦθα
681 2153 934 2227 Λάζαρον
974 2158 1132 2210 καλεῖ
1165 2159 1258 2211 τὸν
1305 2161 1571 2229 πτωχόν;
1617 2161 1840 2231 Ἐπειδὴ
1889 2159 1962 2232 ἦν

372 2262 464 2310 τις
515 2252 732 2321 πτωχὸς
775 2255 870 2306 καὶ
909 2252 1156 2323 ἀγύρτης
1194 2255 1250 2306 ὲν
1329 2255 1690 2326 Ἰερουσαλὴμ
1725 2257 1802 2327 τῷ
1839 2258 1962 2312 τότε

374 2340 566 2410 καιρῷ
615 2343 678 2393 ὲκ
727 2345 1147 2413 προσαιτήσεως
1189 2344 1290 2414 τὴν
1338 2347 1621 2418 ἐφήμερον
1673 2349 1962 2418 μαστεύων

374 2433 614 2500 τροφὴν,
667 2434 1074 2502 ὀνομαζόμενος
1101 2436 1373 2506 Λάζαρος,
1415 2440 1509 2507 ἀφ’
1559 2419 1619 2491 ob
1662 2440 1964 2511 λαϐόμενος

375 2525 642 2594 ἀφορμῆς
682 2525 711 2577 ὸ
754 2525 946 2596 Σωτὴρ
995 2527 1096 2596 τὴν
1145 2527 1432 2598 παροῦσαν
1462 2531 1786 2602 παραϐολὴν
1837 2551 1964 2586 συν-

374 2619 573 2670 τάττει
606 2618 678 2687 τῷ
699 2619 993 2688 ίστορικῶς
1023 2621 1326 2689 γενομένῳ,
1357 2621 1697 2692 δραματικὸν
1716 2625 1964 2694 συμπλέ-

381 2709 479 2774 ξας
501 2709 772 2780 διήγημα.
805 2711 960 2780 Τάχα
991 2711 1048 2763 δὲ
1076 2712 1170 2764 καὶ
1208 2714 1313 2773 πᾶς
1343 2715 1559 2782 πτωχὸς
1585 2716 1681 2768 ἆτε
1713 2715 1964 2784 βοηθείας

382 2801 488 2853 ὑπὸ
531 2801 642 2852 τῶν
693 2801 929 2871 ἐχόντων
972 2803 1228 2871 δεόμενος
1271 2804 1520 2876 Λάζαρος
1560 2807 1676 2859 ἐστι
1712 2823 1726 2838 ·
1755 2809 1815 2860 τὸ
1855 2809 1965 2878 γὰρ

379 2893 411 2945 ὅ
443 2910 558 2958 ομα
587 2892 749 2945 τοῦτο
792 2893 1306 2962 προσϐοηθούμενος
1351 2897 1739 2966 ἑρμηνεύεται.
1806 2918 1824 2951 ι
1869 2901 1965 2963 Ὃς

382 2986 646 3058 ἐϐέϐλητο
676 2987 817 3056 πρὸς
851 2987 940 3039 τὸν
970 2987 1197 3040 πυλῶνα
1222 2988 1385 3040 αὐτοῦ
1413 2990 1754 3060 ἡλκωμένος.
1798 3009 1816 3042 t
1857 2993 1967 3046 Καὶ

2069 513 2354 582 quemdam
2418 514 2834 570 illiberalitatem
2908 521 3169 589 habebat;
3221 531 3275 576 et
3337 539 3646 590 quanquam

2071 607 2271 660 homini
2326 621 2495 676 egeno
2544 609 2704 662 venia
2774 609 3008 664 fortasse
3071 613 3288 681 dignum
3348 625 3493 667 esset
3549 615 3651 668 hoc

2070 698 2279 763 vitium,
2312 698 2364 751 in
2413 698 2633 752 homine
2681 715 2808 752 vero
2859 702 3265 756 circumﬁueute
3298 704 3499 757 divitiis
3534 721 3655 759 vcr-

2067 799 2243 845 sutum
2277 805 2417 855 esse,
2451 790 2784 846 detestabilis
2814 792 3028 846 [αςειῑιιιε
3059 805 3160 849 εει.
3228 815 3246 846 ι
3286 797 3352 849 Et
3386 795 3648 849 indueba-

2069 892 2153 935 tur
2199 897 2430 951 purpura
2477 893 2531 936 et
2591 883 2774 953 bysso.
2811 899 2829 932 ι
2881 881 3111 937 Necesse
3153 885 3375 937 omnino
3422 898 3522 946 est,
3556 901 3652 940 eos

2066 975 2155 1044 qui
2203 974 2492 1028 luxuriosis
2539 977 2801 1030 conviviis
2841 983 2895 1030 et
2948 975 3196 1028 ebrietati
3249 977 3553 1046 indulgent,
3616 995 3646 1032 ιι

2068 1068 2287 1121 libidine
2319 1075 2372 1122 et
2408 1069 2475 1123 ab
2524 1069 2600 1123 ira
2648 1070 2916 1139 superari.
2977 1069 3129 1136 Quod
3184 1081 3472 1141 utrumque
3516 1090 3650 1129 sane

2070 1160 2356 1215 diversitas
2393 1164 2837 1216 vestimentorum
2874 1163 3130 1218 ostendit.
3163 1164 3227 1216 Et
3259 1179 3492 1234 purpura
3530 1167 3650 1235 qui-

2070 1250 2188 1304 dem
2224 1249 2489 1305 fervorem
2523 1253 2800 1322 sanguinis
2829 1253 2971 1308 circa
3001 1268 3096 1308 cor
3126 1254 3402 1321 indicavit,
3427 1272 3544 1326 qum
3568 1264 3650 1310 cst

2072 1343 2311 1397 deliuitio
2361 1344 2454 1397 ira:
2507 1345 2701 1398 tradita
2749 1346 2816 1399 ab
2865 1344 3167 1411 huiusmodi
3206 1361 3383 1400 rerum
3433 1347 3648 1414 peritis;

2071 1431 2234 1499 bysso
2295 1447 2422 1486 vero
2488 1434 2760 1488 mollitiem
2821 1435 3133 1504 voluptatis.
3199 1435 3324 1500 Sive
3394 1439 3650 1506 quoniam

2070 1521 2216 1576 luxui
2296 1533 2460 1593 atque
2506 1525 2716 1581 deliciis
2769 1527 3017 1582 addictus
3052 1537 3189 1591 erat,
3239 1539 3293 1582 et
3346 1528 3652 1598 liguritione

2069 1631 2258 1668 eorum
2289 1631 2407 1684 quae
2435 1618 2670 1686 palatum
2695 1628 2748 1672 et
2777 1621 2952 1687 gulam
2980 1620 3270 1684 oblectant,
3296 1622 3648 1676 vehementer

2072 1714 2283 1774 captus,
2327 1706 2410 1761 his
2447 1719 2624 1762 autem
2655 1711 2872 1780 sanguis
2901 1721 2953 1764 et
2988 1712 3152 1780 adeps
3184 1721 3466 1781 augentur,
3493 1713 3650 1782 bysso

2069 1810 2122 1854 et
2155 1815 2390 1869 purpura
2427 1810 2715 1871 utrumque
2742 1803 3050 1859 denotatur.

2145 1911 2164 1944 ι
2210 1892 2271 1946 Et
2304 1901 2422 1946 erat
2451 1894 2667 1962 quidam
2706 1895 2982 1951 mendicus
3016 1895 3230 1950 nomine
3272 1896 3531 1962 Lazarus,
3557 1896 3649 1965 qui

2063 1984 2276 2054 jacebat
2310 1985 2374 2037 ad
2404 1984 2624 2054 januam
2681 1985 2796 2054 ejus
2849 1986 3118 2040 ulceribus
3171 1987 3382 2054 plenus.
3438 2005 3457 2038 ι
3510 1987 3648 2054 Quid

2071 2077 2284 2131 tandem
2317 2088 2422 2140 est,
2465 2077 2606 2145 quod
2638 2093 2759 2130 cum
2787 2079 2838 2130 in
2869 2077 3012 2132 nulla
3045 2078 3294 2148 parabola
3329 2077 3648 2145 cujusquam

2069 2168 2376 2237 apposuerit
2399 2183 2616 2231 nomen,
2648 2167 2761 2240 48
2783 2169 3082 2222 mendicum
3112 2169 3199 2222 hic
3221 2170 3457 2223 nominet
3481 2169 3651 2223 Laza-

2069 2260 2225 2315 rum?
2253 2259 2520 2314 Nimirum
2548 2261 2672 2329 quia
2700 2277 2795 2330 per
2821 2262 2872 2315 id
2899 2271 3106 2328 tempus
3132 2272 3246 2317 erat
3268 2262 3651 2332 Hierosolymis

2071 2370 2274 2424 pauper
2315 2353 2426 2425 (Η)
2475 2370 2536 2408 ac
2561 2355 2839 2409 mendicus
2859 2356 3099 2424 quidam,
3125 2355 3213 2424 qui
3245 2355 3384 2424 stipe
3410 2355 3649 2426 cogenda

2071 2448 2269 2500 victmn
2309 2449 2358 2500 in
2412 2447 2554 2500 diem
2609 2446 2709 2501 sibi
2760 2449 3057 2518 quaerebat,
3115 2448 3198 2502 cui
3251 2447 3488 2502 Lazarus
3535 2457 3652 2503 erat

2074 2555 2290 2593 nomen.
2317 2539 2471 2594 Unde
2495 2552 2709 2606 sumpta
2740 2540 3028 2594 occasione
3057 2539 3305 2594 Salvator
3327 2549 3646 2609 praiseutcm

2071 2631 2349 2698 componit
2398 2628 2706 2698 paraboltm
2762 2643 2884 2680 cum
2937 2642 3001 2681 eo
3038 2627 3180 2692 quod
3237 2643 3294 2680 re
3350 2641 3471 2679 vera
3529 2625 3648 2690 fuit,

2074 2721 2332 2789 poeticam
2363 2721 2724 2774 narrationem
2755 2720 3023 2774 intexens.
3074 2718 3322 2772 Forsitan
3347 2716 3508 2770 etiam
3533 2715 3654 2784 qni-

2072 2816 2202 2869 libet
2245 2827 2451 2882 pauper
2483 2820 2668 2880 utpote
2713 2814 2935 2866 divitum
2983 2811 3168 2865 auxilii
3231 2810 3448 2876 indigus
3479 2807 3649 2862 Laza-

2062 2896 2163 2958 rus
2194 2913 2296 2957 est.
2352 2905 2465 2956 Hoc
2506 2904 2648 2956 enim
2694 2917 2889 2956 nomen
2935 2904 3221 2970 exponitur
3251 2901 3466 2967 adjutus
3514 2899 3649 2970 ('45).

2079 3015 2097 3046 ι
2138 2995 2239 3063 Qui
2270 2995 2484 3064 jacebat
2529 2996 2594 3048 ad
2635 2993 2855 3061 januam
2901 2995 3036 3060 ejus,
3084 2993 3354 3047 ulceribus
3386 2994 3591 3062 plenus.
3628 3010 3648 3042 ι

380 3078 543 3131 τοῦτο
578 3077 785 3147 μείζων
825 3080 1153 3155 κατάκρισις
1169 3080 1270 3147 τῆς
1299 3080 1561 3152 βδελυρᾶς
1584 3082 1677 3135 τοῦ
1710 3083 1965 3136 πλουσίου

2077 3088 2140 3141 Et
2166 3089 2267 3140 Itoc
2289 3085 2506 3156 gravius
2527 3084 2904 3139 detestabilem
2929 3085 3110 3139 divitis
3137 3083 3375 3137 animum
3401 3083 3649 3146 damnat,

380 3167 596 3237 ψυχῆς,
647 3169 708 3220 τὸ
738 3168 860 3221 καθ’
891 3169 1129 3240 ἑκάστην
1163 3172 1296 3240 ὁρᾷν
1330 3173 1387 3223 ἐν
1417 3172 1494 3243 τῷ
1527 3175 1734 3228 πυλῶνι
1771 3175 1965 3245 βεϐλη-

2071 3179 2210 3248 quod
2245 3178 2449 3232 scilicet
2478 3177 2683 3231 videret
2718 3176 2958 3244 quotidie
2978 3175 3286 3230 mendicum
3321 3191 3420 3244 pro
3451 3173 3655 3228 foribus

388 3258 551 3328 μένον
574 3259 668 3311 τὸν
697 3258 906 3327 πένητα
937 3259 1150 3330 τροφῆς
1213 3263 1308 3314 καὶ
1353 3264 1744 3331 σκεπάσματος
1788 3266 1964 3335 ἐνδεῆ,

2075 3272 2353 3337 iacentem,
2381 3271 2484 3326 cibi
2528 3271 2946 3338 vestimentique
2995 3269 3345 3338 indigentem,
3367 3268 3454 3337 qui
3487 3269 3649 3322 etiam

383 3350 498 3402 τῶν
551 3352 615 3402 ἐκ
665 3351 764 3419 τῆς
818 3351 1223 3421 πολυχλιωδοῦς
1254 3353 1536 3422 τραπέζης
1565 3356 1764 3425 ψιχίων
1803 3376 1967 3427 μεταο

387 3431 541 3512 σχεῖῦ
573 3445 926 3514 ὀρεγόμενον.
959 3447 1032 3499 Τὸ
1056 3448 1112 3500 δὲ
1145 3451 1238 3501 καὶ
1266 3451 1591 3519 ἡλκωμένον
1623 3452 1761 3507 εἶναι
1799 3455 1968 3525 ἄλλης

387 3538 680 3605 συμφορᾶς
711 3538 960 3607 μείζονος
1005 3539 1320 3610 πρόσθεσις.
1360 3543 1426 3595 Τί
1473 3546 1578 3615 γάρ
1610 3549 1730 3599 ὲστι
1764 3549 1825 3598 τὸ
1869 3547 1961 3599 λε-

385 3628 665 3698 γόμινον;
709 3632 824 3684 Οὐκ
872 3627 941 3703 ἦν
973 3632 1124 3704 αύτῷ
1173 3632 1406 3701 δύναμις
1456 3634 1628 3706 θύραν
1675 3639 1741 3692 ἐκ
1798 3638 1968 3710 θύρας

2065 3364 2315 3432 cupiebat
2359 3364 2628 3431 particeps
2681 3376 2799 3415 esse
2829 3363 3085 3415 micarum
3112 3376 3230 3430 qum
3259 3375 3323 3414 ex
3358 3374 3538 3413 mensa
3568 3358 3654 3412 illa

2065 3457 2254 3511 multis
2299 3454 2499 3509 referta
2543 3455 2756 3509 deliciis
2785 3453 2898 3524 (46)
2937 3454 3274 3508 decidebant.
3318 3452 3471 3518 Quod
3519 3463 3651 3504 vero

2065 3548 2257 3618 plenus
2288 3555 2432 3601 esset
2459 3546 2751 3610 ulceribus,
2795 3545 3020 3598 alterius
3066 3543 3285 3612 majoris
3327 3540 3651 3594 calamitatis

2066 3640 2491 3694 additamentum
2523 3649 2626 3695 est.
2657 3639 2795 3706 Quid
2831 3638 2974 3693 enim
3009 3647 3092 3693 est
3134 3637 3212 3704 id,
3244 3635 3386 3706 quod
3418 3632 3659 3689 dicitur?

1617 3791 1938 3853 Francisci
1973 3793 2184 3856 Scorsi
2227 3800 2417 3858 nota).

462 3914 577 3984 (Η)
643 3911 775 3985 Erat
837 3911 1230 3985 Hierosolymis
1269 3930 1491 3984 pauper.
1545 3915 1739 3984 Opinio
1807 3917 1969 3985 hujus

388 3983 594 4048 Patris,
633 3983 777 4052 quod
813 3983 1056 4037 narratio
1083 3985 1149 4037 de
1184 3984 1352 4039 divite
1381 3983 1454 4040 et
1499 3985 1702 4040 Lazaro
1756 3983 1970 4043 non-sit

392 4058 516 4108 licta
547 4056 697 4107 omni
735 4069 800 4106 ex
845 4063 997 4121 parte
1041 4054 1321 4121 parabola,
1375 4071 1476 4110 nec
1527 4066 1636 4110 tota
1680 4057 1967 4118 historica,

391 4126 490 4179 sed
516 4124 673 4193 quasi
706 4123 908 4192 tragica
936 4123 1114 4176 fabula
1147 4137 1210 4176 ex
1238 4140 1364 4179 vero
1391 4141 1455 4178 ac
1482 4126 1606 4180 ﬁcto
1639 4128 1970 4194 composita,

391 4209 498 4256 εει,
563 4197 803 4260 inquam,
845 4195 1031 4261 Opinio
1077 4195 1370 4248 multorum
1429 4206 1667 4250 veterum
1721 4195 1966 4261 Patrum,

391 4280 532 4334 quos
588 4263 766 4317 innuit
825 4275 904 4334 iet
945 4261 1198 4334 sequitur
1253 4264 1524 4328 Suarius,
1579 4267 1672 4321 lib.
1736 4281 1828 4321 vltt
1894 4265 1970 4320 De

391 4332 635 4406 @ngelis,
669 4333 905 4406 ςορχιὲ.
943 4333 1008 4386 Et
1033 4346 1098 4385 ex
1130 4332 1518 4406 interpretibus
1555 4337 1965 4406 Evangeliorum

390 4402 635 4458 Joannes
671 4402 1032 4464 Maldonatus,
1086 4402 1176 4468 qui
1216 4402 1334 4456 eam
1375 4402 1967 4462 sententiam'maxime

393 4476 699 4546 probat,_et
729 4487 848 4546 eam
886 4486 1010 4546 esse
1041 4486 1352 4546 germanam
1397 4471 1596 4529 Justini
1639 4478 1965 4546 sententiam

392 4540 550 4599 dicit.
605 4544 675 4597 At
730 4542 1021 4596 Cornelius
1087 4556 1116 4594 a
1170 4540 1392 4608 Lapide,
1441 4546 1688 4612 quamvis
1721 4545 1968 4600 videatur

391 4615 558 4668 initio
583 4628 718 4686 eam
744 4613 1023 4686 historiam
1057 4612 1349 4681 appellare,
1384 4624 1562 4667 tamen
1612 4617 1664 4669 in
1713 4617 1849 4686 hanc
1884 4617 1967 4686 ip-

393 4699 512 4738 sam
551 4681 748 4754 recidit
798 4682 1134 4754 opinionem,
1169 4695 1301 4754 _cum
1345 4692 1549 4752 postea,
1603 4701 1722 4754 qua;
1752 4684 1820 4739 de
1855 4681 1971 4741 ser-

395 4769 560 4808 moue
589 4752 775 4806 divitis
803 4763 857 4806 et
884 4750 1185 4822 Abrahami
1223 4750 1366 4806 ultro
1394 4750 1638 4822 citroque
1677 4757 1885 4816 habito.
1914 4766 1972 4811 et

395 4824 468 4878 de
517 4823 713 4885 oculis,
772 4822 977 4892 lingua,
1030 4827 1107 4893 et_
1138 4821 1304 4889 digito
1352 4821 1628 4893 dicuntur,
1667 4826 1972 4893 parabolice

397 4893 547 4947 dicta
580 4907 702 4947 esse
729 4889 1242 4960 conﬁtetur._Recte
1291 4893 1470 4960 itaque
1509 4889 1730 4956 Noster,
1760 4906 1814 4952 et
1844 4910 1972 4952 vere

355 4964 588 5018 scribit
647 4962 954 5016 mendicum
1011 4958 1160 5013 illum
1230 4958 1448 5014 nomine
1518 4962 1784 5018 Lazarum
1839 4981 1974 5022 vere

399 5034 572 5106 [uisse
603 5031 1037 5106 Hierosolymis;
1082 5027 1201 5098 Ἀφ’
1233 5023 1296 5106 οὗ
1328 5031 1626 5106 λαϐόμενος
1659 5037 1915 5106 ἀφορμῆς
1943 5037 1972 5089 ὁ

395 5103 592 5172 Σωτὴρ
624 5099 905 5175 ῳντᾴττέι
927 5100 1004 5169 τῷ
1025 5099 1313 5175 ἱστορικῶς
1335 5099 1614 5175 γενομένῳ
1637 5099 1972 5175 δραματικὸν

397 5169 730 5259 σνμτέλῄεςις
761 5171 1163 5259 Mnasias
1189 5169 1554 5259 e?_t_=_,E¢,9“°
1585 5169 1794 5259 λιιῇιελέα
1823 5191 1974 5230 σεση-

394 5244 548 5295 sione
588 5243 840 5297 Salvator
874 5243 1166 5312 ρι’ωεενιῆηι
1203 5243 1464 5306 componit
1497 5245 1810 5312 parabolam
1853 5262 1975 5299 cum

394 5328 482 5374 eo,
517 5313 658 5381 qttod
689 5307 883 5381 revera
923 5311 1047 5381 fuit,
1083 5307 1431 5364 dramaticum
1485 5307 1846 5368 narrationem
1885 5318 1970 5368 itt-

398 5380 603 5454 tgxeits.
659 5380 771 5437 Hoc
805 5380 990 5454 drama
1039 5381 1195 5449 quasi
1243 5383 1690 5454 lragicomwdt’am
1743 5385 1975 5454 appellat

399 5451 764 5522 Maldonatus.
793 5451 1089 5522 Opiniones
1116 5451 1563 5522 gravissimorum
1603 5451 1847 5510 virorum
1883 5472 1970 5510 re-

398 5525 522 5588 tuli,
556 5533 616 5575 ιιι
647 5521 714 5576 iis
759 5536 1082 5576 accenscres
1109 5521 1454 5588 TheOphauis
1500 5526 1670 5578 nostri
1727 5540 1971 5580 sensum.

398 5589 536 5660 Nam
563 5595 824 5657 rationes,
863 5592 1060 5660 quibus
1098 5606 1176 5645 ea:
1204 5589 1619 5658 conﬁrmantur,
1652 5611 1756 5649 non
1781 5597 1976 5649 attinet

401 5659 472 5733 ad
520 5678 607 5716 me
645 5659 920 5731 prosequi.
961 5659 1075 5714 Una
1102 5675 1230 5733 vero
1259 5675 1322 5713 ex
1361 5664 1575 5733 ctuti-ris
1603 5679 1666 5717 ea
1691 5675 1795 5730 est,
1830 5665 1972 5733 quod

387 5731 460 5784 .in
496 5733 598 5788 hac
632 5723 942 5788 narratione
980 5747 1174 5786 nomen
1201 5729 1388 5785 [κλωνί
1413 5723 1661 5789 Christus
1685 5723 1971 5806 exprimat,

1995 4437 2049 4500 D

2075 3919 2217 3984 quod
2248 3920 2299 3972 in
2350 3918 2623 3987 parabolis
2668 3920 2891 3974 minime
2911 3918 3219 3975 consuescit
3255 3936 3271 3972 :
3306 3927 3362 3970 at
3395 3932 3493 3972 cur
3539 3933 3648 3972 non

2075 3989 2241 4058 etiam
2289 3988 2498 4049 divitis,
2567 4004 2730 4058 quem
2779 3988 3000 4042 Nineusi
3056 3988 3382 4056 appellatum
3433 4004 3497 4040 ex
3546 3987 3654 4041 He-

2077 4057 2344 4128 braeorum
2397 4057 2687 4113 traditione
2745 4061 2817 4112 ait
2876 4059 3230 4128 Euthymius,
3285 4064 3338 4128 et
3391 4061 3656 4126 approbat

2078 4126 2369 4181 Cornelius
2395 4128 2619 4182 noster?
2647 4128 2718 4195 lld
2749 4143 2880 4182 sane
2913 4125 3035 4181 fuit'
3059 4125 3358 4194 prudentiae
3383 4137 3435 4178 et
3465 4125 3650 4180 mode-

2074 4197 2302 4252 rationis
2367 4197 2602 4266 CbriSti,
2656 4210 2712 4250 ιιι
2762 4213 3095 4266 pauperem,
3161 4211 3320 4262 quem
3379 4195 3650 4262 laudabat,

2074 4266 2402 4334 nominaret;
2429 4265 2674 4327 divitem.
2703 4282 2860 4335 quem
2878 4265 3243 4336 'vituperabat,
3280 4281 3383 4318 non
3409 4267 3652 4336 nomina-

2075 4345 2180 4400 ret,
2231 4352 2298 4391 ne
2329 4349 2384 4391 et
2434 4338 2508 4391 illi
2550 4335 2803 4406 injuriam
2861 4335 3059 4402 facere,
3119 4347 3176 4391 et
3229 4336 3331 4392 sibi
3389 4335 3650 4391 invidiam

2074 4406 2314 4461 conﬂare
2339 4407 2636 4462 videretur.

2145 4477 2260 4545 (55)
2318 4475 2620 4546 Expont'tar
2689 4478 2929 4542 adiutus.
2986 4479 3257 4547 lntegrum
3311 4489 3505 4530 nomen
3569 4484 3653 4530 est

2072 4545 2410 4610 Eleazarus,
2441 4549 2583 4603 unde
2629 4549 2968 4604 decurtatum
3020 4545 3260 4602 Lazarus
3291 4564 3305 4600 :
3341 4547 3393 4600 in
3440 4547 3652 4614 integro

2071 4617 2442 4690 vgqnomjne
2461 4627 2687 4687 apparet
2707 4627 2923 4690 etymon
2951 4627 3120 4672 totum
3147 4615 3648 4690 nominisEleazari

2073 4687 2166 4757 ab,
2208 4670 2283 4744 “is:
2335 4670 2582 4757 Deus,'et
2611 4670 3192 4757 adjuvitaatque
3215 4688 3287 4741 ita
3317 4685 3649 4754 adjutorium

2074 4753 2192 4820 Dei,
2228 4756 2583 4826 veliadjutum
2616 4773 2645 4811 a
2679 4761 2786 4814 Deo
2811 4753 3098 4826 signiﬁcat.

2145 4826 2258 4896 (46)
2304 4822 2486 4880 Multis
2515 4828 2709 4896 referta
2742 4822 2965 4881 deliciis.
3005 4827 3100 4880 Ἐκ
3122 4828 3220 4895 τῆς
3252 4822 3653 4896 πολυχλιώδους

2072 4895 2612 4968 τραπέζης-ψιχίων
2660 4900 2950 4968 μετασχεῖν
2987 4896 3333 4968 ὀρεγόμενος.
3390 4895 3524 4968 Haec
3567 4905 3653 4948 est

2074 4962 2357 5038 emendata
2386 4962 2567 5029 lectio,
2595 4962 2756 5038 quam
2791 4962 2965 5035 reperi
2993 4962 3046 5020 in
3075 4962 3194 5038 cod.
3226 4965 3292 5020 G.
3323 4975 3378 5020 et
3402 4967 3454 5019 in
3484 4962 3652 5038 Esca.

2075 5035 2256 5106 riali;
2301 5041 2544 5106 eamdem
2593 5035 2714 5094 esse
2773 5039 2965 5106 colligo
3019 5049 3083 5089 ex
3135 5036 3452 5101 Glossario,
3500 5037 3646 5103 qnod

2076 5103 2472 5178 πολυχλιώδους
2535 5103 2923 5178 interpretatur
2963 5107 3360 5178 πολυτροφοῦς,
3389 5122 3498 5176 quo
3525 5120 3650 5178 ego

2075 5175 2239 5228 modo
2270 5176 2657 5244 interpretatus
2680 5175 2839 5232 sum.
2866 5179 2933 5231 At
2975 5178 3031 5230 P.
3069 5175 3223 5233 ειν,
3251 5175 3422 5232 codd.
3455 5177 3651 5229 habent

2077 5244 2426 5318 πολλυλιδούς
2455 5263 2574 5318 qua:
2616 5250 2882 5318 scriptura
2909 5249 3203 5318 depravata
3244 5257 3362 5318 est,
3395 5247 3482 5301 illa
3519 5258 3649 5297 vera

2076 5313 2482 5389 πολυχλιὼδους
2505 5316 2648 5370 facto
2670 5318 2698 5370 λ
2725 5313 2791 5372 ex
2821 5337 2873 5389 χ,
2905 5329 2958 5373 ει
2980 5313 3188 5374 omisso
3216 5337 3280 5373 ω.
3333 5317 3649 5383 Quanquam

2078 5392 2258 5438 autem
2289 5400 2388 5438 vox
2414 5387 2524 5440 hare
2553 5387 2912 5456 germanas".
2951 5393 3208 5455 auctoris,
3231 5389 3444 5442 videtur
3469 5397 3652 5437 tamen

2077 5456 2284 5527 altipso
2308 5463 2526 5527 oratore
2555 5468 2752 5512 nov;ita
2794 5475 2886 5527 per
2917 5461 3365 5526 compositionem
3399 5471 3461 5509 ex
3513 5466 3651 5527 voce

2076 5523 2229 5594 χλίδη
2267 5526 2527 5592 voluptas,
2573 5523 2807 5594 deliciis,
2862 5541 2917 5585 et
2966 5523 3098 5584 πολὺ
3149 5528 3403 5592 multum;
3446 5523 3653 5578 nullum

2077 5598 2218 5673 enim
2269 5595 2422 5673 illius
2463 5597 2608 5665 apud
2647 5609 2858 5673 veteres
2884 5600 3186 5673 exemplum
3231 5599 3370 5673 lego.
3398 5594 3473 5673 plu
3521 5605 3653 5673 vove

2079 5663 2261 5733 itidem
2302 5662 2608 5733 ψιχίωνέει
2639 5672 2893 5725 mcndttm
2942 5671 2994 5723 in
3029 5662 3135 5724 tino
3158 5662 3410 5726 codfubi
3451 5662 3647 5723 δειὶὺὶ-

2081 5742 2165 5787 tur
2199 5732 2412 5805 ψηχίων
2449 5751 2545 5806 per
2573 5754 2630 5809 η.
