3990 6202
382 305 489 367 957

1768 314 2096 375 ΗΟΜΙΙᾸΛ
2138 314 2309 375 VIII.

3550 329 3659 394 259

374 423 517 477 ά).λά
544 421 647 493 τὴν
678 421 893 495 ἀγαθὴν
929 422 1265 479 κατάστασιν
1301 425 1399 498 τῆς
1436 425 1641 498 ψυχῆς,
1685 430 1744 482 ἐν
1785 422 1947 503 ᾖτοίμ

2074 442 2234 496 quan.
2273 442 2558 497 speramus
2596 427 2986 498 ha-reditatem,
3022 442 3145 503 post
3199 436 3397 492 multos
3444 436 3662 494 labores

370 514 625 578 δικαίους
679 516 956 570 ἀναπαύει
1005 519 1035 570 6
1082 518 1277 586 Λόγος,
1333 520 1536 572 κόλπον
1609 519 1970 590 Ἀϐραμιαῖον

370 606 661 676 ὠνόμασε.
701 609 929 678 Πρῶτος
959 611 1070 680 γὰρ
1109 607 1261 673 οὗτος
1310 613 1338 665 6
1368 612 1719 682 πατριάρχης
1759 612 1848 665 διὰ
1876 614 1940 666 πί
1954 646 1969 656 -

371 714 550 762 στεως
576 698 681 768 τῆς
705 699 1075 769 ἐλπιζομένης
1115 701 1420 773 εὐκληρίας
1456 703 1599 772 μετὰ
1626 702 1727 773 τὴν
1765 703 1968 775 πολλὴν

369 792 752 845 κακοπάθειαν
780 794 961 865 ἔτυχε.
1004 794 1116 864 Τὴν
1150 794 1283 862 γοῦν
1314 795 1423 848 τῶν
1460 797 1791 866 ἀμετρήτων
1826 799 1968 867 ἀγα-

369 883 484 935 θῶν
512 883 744 951 ἔνδειξιν
772 885 853 957 τῷ
876 885 972 939 τοῦ
996 886 1205 939 κόλπου
1229 887 1587 957 διασημαίνει
1615 889 1847 957 ὀνόματι
1872 930 1886 953 ,
1919 881 1966 957 ᾧ

369 974 580 1038 πάντες
625 976 696 1029 δι’
743 978 947 1046 ἀρετῆς
996 978 1092 1032 τὸν
1136 980 1388 1049 παρόντα
1427 979 1775 1043 διαπλέοντες
1824 980 1960 1051 βίον,

365 1068 503 1121 ὅταν
545 1069 801 1123 ἐντεῦθεν
839 1071 1165 1142 ἀπάρωσιν,
1193 1072 1270 1135 ὠς
1303 1074 1361 1124 ἐν
1389 1072 1646 1143 ἀκλύστῳ
1664 1073 1842 1143 λιμένι
1863 1074 1964 1136 τὰς

364 1162 552 1230 ψυχάς
587 1162 997 1233 ἐνορμίζονται.
1029 1163 1248 1216 Γένοιτο
1285 1164 1331 1216 δ’
1379 1165 1449 1219 ἂν
1490 1167 1623 1234 ἡμῖν
1666 1167 1963 1221 ἀκόλουθον

365 1255 604 1306 κάκεῖνο
627 1256 1005 1324 ἐπαπορῆσαι,
1029 1256 1221 1326 ἐπειδὴ
1248 1255 1403 1310 οὐδὲν
1436 1257 1548 1309 τῶν
1574 1259 1961 1329 ἀπροαιρέτων

366 1346 613 1414 ὑπάρχει
647 1348 1020 1418 μακαριστὸν,
1055 1347 1175 1410 πῶς
1211 1352 1239 1402 6
1268 1348 1521 1422 Λάζαρος
1553 1350 1825 1413 ἀκουσίως
1857 1368 1958 1404 πε-

365 1441 602 1505 νόμενος
640 1437 744 1506 τῆς
800 1440 1082 1510 μακαρίας
1138 1440 1333 1510 ἔτυχεν
1371 1442 1769 1509 ἀπολαύσεως;
1818 1441 1957 1495 Οὔτε

368 1531 482 1599 γάρ
517 1530 586 1583 ἂν
614 1532 713 1584 καὶ
742 1530 945 1594 πάντες
970 1532 1021 1585 οἱ
1045 1532 1335 1603 πενόμενοι
1367 1534 1477 1587 τῶν
1508 1534 1638 1588 ῐσων
1661 1534 1813 1603 αὐτῷ
1836 1535 1958 1588 τεύ-

367 1622 555 1686 ξονται
602 1623 873 1693 ἀμοισῶν.
923 1626 1112 1695 Φαμὲν
1172 1621 1287 1692 οὖν,
1331 1626 1408 1689 ὡς
1453 1627 1824 1699 ἐπαινουμένη
1857 1628 1956 1697 μὲν

365 1713 521 1765 ἔστιν
585 1713 766 1768 ἔνδεια
822 1716 857 1785 ἡ
908 1716 1181 1781 ἑκούσιος,
1216 1718 1283 1786 ἢν
1324 1716 1624 1788 μακαρίζει
1656 1719 1685 1770 6
1726 1717 1953 1788 Κύριος·

2076 529 2410 576 consecutus
2443 532 2546 576 est.
2584 522 2768 591 itaque
2811 523 3202 582 immensorum
3250 527 3515 585 bonorum
3560 534 3658 585 de-

2073 611 2394 666 monstratio
2420 612 2590 668 .‘sinus
2636 612 2993 682 appellatione
3021 618 3356 686 continetur,
3385 621 3452 674 ad
3495 638 3655 690 quem

2070 718 2283 766 omnes,
2317 704 2407 772 qui
2461 704 2584 758 vita:
2634 703 2794 773 hujus
2844 706 3239 775 navigationem
3289 727 3410 766 cum
3458 714 3665 771 virtute

2069 792 2385 861 coniiciunt,
2420 804 2704 864 postquam
2740 795 2864 850 hinc
2891 797 3190 862 solverunt,
3227 802 3373 856 velut
3399 804 3466 858 ad
3500 817 3656 861 tran-

2067 887 2293 957 quilltttn
2335 896 2548 956 portum
2600 889 2811 942 animas
2861 890 3158 959 appellunt.
3215 892 3653 952 Consentaneum

2068 995 2196 1033 vero
2228 980 2381 1032 nobis
2410 989 2489 1033 est
2526 979 2649 1031 illud
2679 981 2842 1033 etiam
2876 996 3142 1047 qumrere,
3179 998 3302 1036 cum
3335 985 3464 1039 nihil
3498 988 3654 1043 iuro-

2066 1068 2356 1121 luntarium
2406 1068 2738 1122 beatitudine
2788 1068 3007 1137 dignum
3039 1070 3131 1135 sit,
3184 1070 3278 1139 qui
3314 1072 3510 1128 factum
3545 1087 3655 1145 est,

2066 1172 2122 1216 ut
2151 1160 2410 1225 Lazarus,
2438 1162 2531 1230 qui
2571 1162 2773 1217 invitus
2818 1172 3133 1230 paupertate
3169 1166 3492 1234 angebatur,
3525 1170 3655 1222 ben-

2066 1253 2349 1307 titndinetn
2392 1263 2818 1319 consequeretur
2850 1253 3005 1323 (5i)?
3029 1251 3217 1323 Neque
3251 1258 3397 1311 enim
3438 1272 3651 1326 omnes,

2060 1343 2150 1412 qui
2183 1352 2426 1412 egestate
2460 1343 2730 1404 laborant,
2769 1357 2950 1410 parem
2984 1357 3107 1396 cum
3142 1343 3229 1398 illo
3257 1348 3651 1401 remuneratio-

2061 1450 2182 1490 nem
2237 1435 2514 1503 accepturi
2570 1445 2713 1489 sunt.
2770 1434 2955 1504 Itaque
3007 1435 3239 1491 dicimus
3292 1438 3649 1494 voluntariam

2059 1527 2277 1596 quidem
2318 1536 2688 1597 paupertatem
2734 1543 2853 1580 esse
2887 1528 3043 1581 laude
3074 1528 3317 1597 dignam,
3348 1545 3511 1598 quam
3540 1532 3651 1586 [λι-
3749 1526 3761 1533 ”

2061 1619 2240 1674 minus
2273 1619 2485 1674 beatam
2515 1618 2803 1688 praedicat;
2835 1627 3011 1673 tamen
3041 1622 3278 1689 prudens
3313 1622 3451 1675 ratio
3479 1624 3643 1677 etiam

2059 1715 2288 1768 invitum
2323 1714 2519 1767 bonum
2552 1713 2619 1766 ad
2651 1713 2899 1767 virtutem
2939 1715 3233 1769 transferre
3267 1727 3461 1785 potest,
3493 1735 3649 1774 com-

362 1805 510 1876 πλὴν
535 1804 652 1858 ἀλλ’
683 1808 711 1859 ό
738 1806 985 1877 ἐχέφρων
1022 1808 1279 1877 λογισμὸς
1300 1806 1508 1862 δύναιτ’
1530 1809 1597 1862 ἀν
1624 1811 1947 1878 μεταγαγεῖν

2061 1805 2338 1861 miscendo
2383 1806 2745 1859 voluntariam
2799 1805 3141 1860 tolerantiam
3206 1822 3329 1861 enm
3376 1825 3502 1864 casu
3545 1812 3641 1880 qui

362 1901 450 1958 εἰς
480 1898 689 1970 ἀρετὴν
729 1899 826 1952 καὶ⁹
876 1900 936 1951 τὸ
987 1899 1247 1954 ἀκούσιον
1292 1899 1523 1968 ἀγαθὸν,
1560 1901 1660 1972 τὴν
1699 1902 1952 1955 ἑκούσιον

363 1991 657 2061 ὑπομονὴν
708 1990 789 2061 τῷ
837 1991 1115 2061 συμϐάντι
1152 1991 1398 2061 ἀκουσίῳ
1437 1994 1949 2062 συγκερασάμενος.

360 2082 564 2135 Πολλοὶ
598 2084 698 2151 μὲν
720 2083 831 2153 γὰρ
861 2084 1069 2153 πτωχοὶ
1095 2086 1163 2154 τῇ
1190 2083 1503 2154 περιουσίᾳ,
1546 2084 1948 2138 πλεονεκτικώο

360 2189 522 2226 τατοι
572 2172 631 2225 δὲ
682 2176 751 2244 τῇ
806 2174 1131 2246 προαιρέσει
1186 2174 1575 2246 τυγχάνουσιν,
1627 2169 1710 2239 οἷς
1774 2175 1952 2239 οὐδεὶς

360 2265 561 2320 ἔπεστι
607 2266 708 2335 τῆς
756 2264 968 2328 ἐνδείας
1014 2265 1205 2336 μισθός
1236 2281 1249 2296 ⁸
1290 2267 1386 2320 καὶ
1436 2266 1605 2321 πόθεν
1641 2269 1733 2332 ἂν,
1788 2268 1989 2352 φησὶ,ς

356 2358 648 2429 γνώριμος
677 2358 890 2427 γένοιτο
910 2361 943 2428 ἡ
979 2357 1073 2411 τοῦ
1105 2359 1363 2430 Λαζάρου
1387 2361 1747 2431 προαίρεσιςς
1794 2361 1950 2415 οὐδὲν

356 2452 479 2521 γάρ
520 2451 649 2521 περὶ
681 2452 889 2505 τούτων
919 2454 947 2505 6
980 2451 1138 2520 λόγος
1174 2453 1309 2522 ἡμῖν
1353 2453 1603 2523 ἐσήμανε
1636 2470 1650 2484 ’
1690 2454 1785 2507 καὶ
1843 2453 1952 2524 μὴν

358 2544 432 2607 ἐξ
457 2543 638 2597 αὐτῶν
674 2544 786 2598 τῶν
820 2544 1218 2613 Εὐαγγελικῶν
1266 2543 1533 2616 ῥημάτων
1573 2544 1737 2598 τοῦτο
1767 2544 1951 2615 ῥᾴδιον

360 2633 627 2691 συνιδεῖν.
653 2633 883 2688 Ἕλκεσι
912 2634 1023 2706 γὰρ
1058 2635 1157 2688 καὶ
1188 2635 1520 2706 γυμνητείᾳ,
1551 2635 1647 2687 καὶ
1674 2633 1819 2703 λιμῷ
1867 2651 1949 2687 τε·

358 2725 743 2795 τρυχωμένος,
774 2728 867 2779 κα)⁵
896 2726 994 2781 τοῦ
1022 2727 1282 2780 πλουσίου
1308 2726 1410 2797 τὴν
1436 2725 1649 2797 τρυφὴν
1672 2724 1945 2796 ὁσημέραι

359 2817 531 2885 δρῶν,
553 2817 681 2872 οὔτε
713 2819 809 2889 τῆς
836 2819 1036 2889 βύσσου
1091 2821 1186 2874 καὶ
1215 2820 1313 2890 τῆς
1346 2819 1633 2890 πορφύρας
1668 2820 1726 2872 ἐν
1754 2820 1946 2871 smoo-

2056 1908 2242 1952 contra
2266 1895 2597 1950 voluntatem
2630 1895 2855 1963 accidit;
2895 1896 3043 1950 multi
3075 1896 3220 1950 enim
3252 1907 3377 1951 sunt
3413 1898 3642 1956 fortunis

2056 2003 2341 2058 pauperes,
2374 1989 2463 2056 qui
2498 1987 2661 2043 iidem
2692 1988 2963 2044 voluntate
3005 1989 3234 2043 habendi
3276 1998 3404 2045 sunt
3432 1993 3638 2049 avidis-

2052 2081 2197 2145 simi,
2222 2094 2357 2150 quos
2385 2079 2528 2133 nulla
2554 2088 2731 2134 manet
2757 2080 3087 2149 paupertatis
3113 2095 3342 2137 merces.
3377 2083 3441 2136 Et
3469 2084 3644 2138 unde-

2053 2188 2211 2239 nam,
2259 2173 2435 2241 inquit
2486 2172 2594 2238 ille,
2647 2181 2862 2227 constat
2922 2170 3113 2227 Lazari
3160 2173 3444 2228 voluntas?
3492 2174 3637 2230 Nihil

2048 2265 2193 2320 enim
2227 2263 2294 2319 de
2323 2265 2426 2318 hac
2458 2263 2612 2318 nobis
2633 2262 2975 2333 evangelicus
3003 2278 3181 2318 sermo
3208 2264 3498 2333 significat.
3526 2265 3635 2320 Sed

2052 2367 2230 2412 tamen
2254 2372 2319 2410 ex
2350 2356 2481 2425 ipsis
2507 2354 2783 2425 Evangelii
2813 2355 2991 2411 verbis
3021 2354 3181 2411 facile
3208 2354 3260 2409 id
3294 2355 3639 2426 intelligitur,

2051 2451 2175 2519 quia
2206 2463 2329 2504 cum
2372 2447 2661 2509 ulceribus,
2699 2446 2965 2511 nuditate,
2993 2461 3058 2501 ac
3090 2447 3229 2502 fame
3262 2446 3636 2514 atilictaretur,

2051 2547 2107 2594 et
2135 2539 2315 2593 divitis
2363 2537 2545 2590 luxum
2578 2536 2817 2605 quotidie
2853 2536 3081 2601 videret,
3115 2552 3287 2605 neque
3321 2539 3544 2606 hyssnm
3576 2546 3633 2592 et

2054 2643 2342 2698 purpuram
2367 2628 2695 2696 concupivit,
2721 2640 2895 2696 neque
2917 2627 3157 2681 ciborum
3188 2628 3434 2681 varietati
3461 2628 3637 2683 inhia-

2055 2723 2197 2775 visse
2248 2720 2483 2782 videtur,
2529 2721 2622 2773 sed
2656 2719 2722 2772 de
2758 2719 2911 2771 micis
2956 2718 3215 2772 duntaxat
3262 2720 3631 2775 necessarium

2056 2825 2265 2869 natura:
2296 2814 2533 2866 debitum
2566 2809 2775 2865 solvere
2805 2810 3074 2878 cupiebat.

363 2917 470 2985 μία
496 2916 738 2981 ἐγένετο,
765 2915 888 2968 οὔτε
930 2916 1059 2987 περὶ
1081 2918 1179 2986 τὴν
1207 2916 1480 2970 ποικιλίαν
1534 2916 1643 2968 τῶν
1672 2914 1987 2984 ἐδεσμάτων
2027 2912 2279 2981 φαίνεται
2313 2908 2760 2979 λιχνευσάμενος,
2826 2906 2942 2961 ἀλλ’
2973 2910 3039 2962 ἐκ
3081 2908 3194 2965 τῶν
3226 2908 3425 2980 ψιχίων
3462 2911 3633 2981 μόνον

360 3004 636 3073 ἐπεθύμει
662 3005 846 3059 δοῦναι
869 3007 930 3059 τὸ
960 3007 1263 3075 ἀναγκαῖον
1294 3006 1390 3076 τῆς
1441 3004 1655 3075 φύσεως
1692 3004 1936 3073 ὄφλημα.

441 3116 462 3148 ι
522 3098 788 3151 Ἀπέθανε
834 3100 892 3153 δὲ
946 3102 1042 3153 καὶ
1099 3103 1127 3154 6
1182 3098 1463 3164 πλούσιος,
1516 3100 1612 3153 καὶ
1659 3097 1857 3166 ἐτάφη.
1916 3115 1935 3148 ι
1971 3102 2014 3161 C

366 3191 570 3260 ’ῼχετο
598 3192 693 3243 καὶ
719 3191 973 3245 διόλωλεν
1001 3194 1031 3245 6
1060 3192 1314 3263 λαμπρός
1343 3208 1403 3244 τε
1434 3192 1530 3244 καὶ
1574 3190 1936 3260 ἁϐροδίαιτος,

360 3282 395 3333 6
443 3282 504 3331 ἐν
547 3279 735 3350 βύσσῳ
787 3282 883 3335 καὶ
937 3281 1199 3354 πορφύρᾳ
1247 3280 1643 3352 ὼραῖζόμενος,
1687 3282 1716 3334 6
1744 3279 1941 3333 ἐσθίων

357 3372 589 3442 ἐρίφους
637 3373 701 3426 ἐκ
753 3374 1049 3443 ποιμνίων,
1080 3378 1173 3428 καὶ
1208 3373 1482 3444 μοσχάρεα
1514 3374 1579 3426 ἐκ
1616 3374 1787 3442 μέσου
1816 3370 1942 3442 βου-

356 3463 563 3517 κολίων
617 3465 920 3535 γαλαθηνά.
962 3465 1148 3519 Ταῦτα
1193 3465 1251 3518 δὲ
1302 3466 1373 3518 τὰ
1420 3465 1737 3536 προφητικά
1766 3481 1781 3496 ο
1811 3482 1830 3515 ι
1881 3463 1940 3517 '0

357 3557 541 3610 πίνων
586 3556 677 3611 τὸν
723 3556 1069 3627 διῡλισμένον
1115 3552 1281 3621 οῐνον,
1333 3557 1428 3610 καὶ
1464 3558 1533 3610 τὰ
1568 3555 1759 3628 πρῶτα
1792 3556 1939 3629 μύρα

357 3647 674 3718 χριόμενος.
728 3666 747 3699 ι
801 3649 1005 3702 Σκόπει
1034 3649 1127 3714 δὲ,
1168 3647 1244 3712 ὡς
1278 3648 1373 3701 ἐπὶ
1411 3646 1513 3719 μὲν
1542 3647 1634 3701 τοῦ
1671 3647 1938 3719 πένητος,

357 3742 465 3792 οὐκ
488 3740 735 3812 ἐμνήσθη
754 3740 956 3811 ταφῆς,
983 3743 1073 3793 ἐπὶ
1108 3741 1166 3795 δὲ
1193 3740 1287 3794 τοῦ
1314 3739 1572 3793 πλουσίου
1604 3739 1702 3794 καὶ
1733 3740 1938 3811 ταύτην

361 3832 713 3905 συντετάχεν,
770 3832 1082 3897 ἀκολούθως
1126 3832 1287 3885 τοῦτο
1338 3830 1532 3886 ποιῶν.
1581 3833 1654 3885 Τὸ
1696 3831 1794 3903 μὲν
1828 3833 1936 3904 γὰρ

354 3923 614 3995 ΛάζαρΝ
648 3925 797 3986 εἰκὸς
823 3924 1135 3994 ἀκηδέστως
1172 3922 1401 3993 ῥιφῆναί
1442 3941 1544 3977 που
1574 3923 1803 3992 ἄταφον.
1835 3924 1931 3987 Τίς

352 4018 473 4086 γάρ
494 4017 561 4068 ἂν
591 4016 988 4087 προσηκούσης
1021 4016 1176 4078 ὁσίας
1209 4015 1433 4085 ἠξίωσε,
1455 4015 1547 4068 τὸν
1577 4015 1713 4086 μηδὲ
1738 4015 1936 4084 ψιχίων

353 4108 510 4172 ἄξιον
536 4108 938 4179 νομιζόμενονς
979 4106 1068 4176 Τῷ
1096 4106 1339 4177 πλουσίῳ
1372 4106 1559 4159 πολλοὶ
1610 4106 1709 4177 μὲν
1751 4107 1800 4159 οἱ
1842 4108 1935 4159 ἐπὶ

352 4203 423 4269 τῇ
459 4201 667 4269 ἐκφορᾷ
697 4197 1207 4270 προπομπεύοντες,
1239 4198 1432 4257 πολλαὶ
1460 4197 1517 4252 δὲ
1549 4197 1814 4269 θρηνῳδοὶ
1836 4199 1935 4261 τάς

348 4293 607 4359 οὲμωγάς
643 4292 1020 4345 ἐπιτείνουσαι
1052 4306 1066 4319 ’
1090 4289 1296 4360 λάρναξ
1336 4291 1394 4343 δὲ
1441 4289 1535 4343 τὸν
1580 4290 1774 4358 νεκρὸν
1810 4291 1935 4342 ἐπι-

352 4383 705 4453 κρύπτουσα,
732 4384 826 4436 xui
858 4387 891 4453 ἡ
919 4382 1113 4451 κηδεία
1146 4381 1399 4453 λαμπρά,
1433 4383 1528 4434 καὶ
1558 4381 1620 4433 τὸ
1648 4381 1743 4433 τοῦ
1767 4380 1933 4433 Δαϐὶδ

2123 3110 2143 3145 ι
2181 3090 2426 3145 Mortuus
2457 3096 2538 3142 est
2575 3097 2753 3142 autem
2802 3094 2856 3141 et
2889 3084 3064 3150 dives,
3094 3094 3151 3140 et
3187 3083 3430 3155 sepultus
3464 3101 3568 3146 est.
3604 3109 3627 3144 ι

2047 3178 2293 3233 Excessit
2310 3192 2340 3231 e
2360 3177 2488 3239 vita,
2504 3188 2553 3230 et
2584 3175 2786 3229 interiit
2806 3173 3118 3242 splendidus
3143 3174 3250 3242 ille,
3268 3185 3323 3229 et
3340 3177 3630 3248 delicatus,

2044 3278 2098 3325 et
2128 3270 2287 3339 bysso
2317 3277 2371 3322 et
2392 3282 2626 3337 purpura
2649 3266 3087 3334 conspiciendus,
3112 3266 3202 3336 qui
3256 3286 3276 3319 ι
3304 3271 3628 3328 comedebat

2044 3362 2227 3415 hamos
2270 3358 2337 3413 de
2380 3373 2564 3429 grege,
2598 3370 2653 3412 et
2686 3359 2949 3412 lactentes
2999 3358 3192 3413 vitulas
3236 3361 3300 3414 de
3332 3362 3450 3415 med
3472 3378 3505 3416 o
3534 3380 3625 3417 ar-

2044 3461 2372 3505 mentorum.
2425 3469 2443 3502 o
2492 3450 2618 3506 llaec
2672 3459 2848 3505 autem
2904 3452 3064 3505 verba
3115 3453 3390 3521 prophetae
3441 3465 3622 3511 sunt:

2002 3552 2013 3573 '
2050 3560 2068 3595 ι
2099 3542 2200 3610 Qui
2229 3542 2445 3598 bibebat
2468 3545 2649 3599 vinum
2676 3543 3015 3607 defmcatum,
3037 3553 3091 3598 et
3124 3548 3411 3615 unguentis
3437 3549 3626 3613 primis

2042 3636 2343 3707 ungebatur
2372 3635 2416 3692 ⁸.
2456 3654 2477 3689 ι
2529 3636 2821 3693 Considera
2873 3646 3078 3704 autem,
3108 3652 3230 3693 cum
3265 3638 3331 3693 de
3376 3641 3625 3695 inerudito

2042 3725 2372 3796 loqueretur,
2423 3726 2625 3781 nullam
2679 3725 2971 3796 sepultura:
3024 3727 3216 3782 fecisse
3268 3729 3625 3796 mentionem,

2040 3833 2161 3874 cum
2194 3833 2321 3873 vero
2354 3818 2419 3871 de
2464 3818 2652 3883 divite,
2700 3831 2819 3871 eam
2853 3817 3035 3872 statim
3082 3819 3414 3888 adjnnxisse.
3464 3820 3618 3884 Quo]

2040 3920 2402 3981 congruenter
2450 3910 2575 3966 fecit
2623 3927 2638 3964 :
2691 3910 2981 3965 verisimile
3033 3910 3178 3964 enim
3224 3919 3308 3963 est
3354 3909 3615 3964 Lazarum

2033 4007 2193 4074 jnstis
2215 4004 2421 4059 funeris
2442 4006 2704 4065 caruisse,
2722 4015 2883 4071 atque
2906 4001 3225 4070 insepultum
3248 4002 3425 4068 aliquo
3443 4000 3619 4057 fuisse

2037 4096 2333 4165 projectum
2356 4111 2373 4148 :
2397 4095 2519 4162 quis
2554 4094 2697 4149 enim
2740 4109 2862 4145 eum
2905 4093 3173 4159 supremis
3210 4094 3503 4147 honoribus
3529 4095 3618 4149 di-

2036 4197 2291 4260 gnaretur
2309 4185 2418 4257 50
2457 4187 2549 4256 qui
2574 4201 2640 4239 ne
2658 4185 2815 4240 micis
2838 4186 3052 4253 quidem
3072 4187 3258 4254 dignus
3285 4186 3618 4241 habebatur?

2038 4276 2230 4332 Divitis
2281 4292 2408 4331 vero
2459 4273 2622 4329 funus
2669 4274 2823 4328 multi
2873 4276 3394 4343 prosequebantur:
3432 4276 3616 4331 multa:

2043 4376 2205 4428 etiam
2238 4377 2463 4428 aderant
2492 4370 2720 4442 praefica:
2751 4387 2870 4435 quae
2901 4372 3106 4425 luctum
3144 4373 3334 4427 neniis
3360 4374 3612 4429 intende-

350 4474 802 4547 ἐκπληρούμενιν
835 4489 849 4503 ·
899 4491 919 4525 ι
960 4474 1025 4526 Οί
1066 4472 1225 4541 τάφοι
1286 4472 1467 4525 αὐτῶν
1535 4472 1706 4525 οἰκίαι
1748 4472 1931 4524 αὐτῶν

2049 4474 2187 4522 bant.
2224 4465 2456 4521 Loculns
2492 4480 2639 4528 vero,
2669 4478 2776 4533 quo
2809 4464 3085 4518 conditum
3122 4464 3351 4519 cadaver
3393 4472 3530 4526 erat,
3561 4473 3616 4517 et

350 4569 436 4630 εἰς
462 4568 555 4620 τὸν
579 4566 775 4621 αἰῶνα.
810 4583 833 4618 ι

588 4662 613 4699 \

433 4765 453 4799 ι
492 4748 603 4800 Καὶ
643 4748 701 4799 ἐν
743 4745 819 4815 τῷ
851 4745 954 4820 ᾄδῃ
1002 4745 1216 4817 ἐπάρας
1245 4746 1372 4809 τοὺς
1411 4743 1724 4816 ὀφθαλμοὺς
1764 4743 1929 4798 αὐτοῦ

353 4837 620 4906 ὑπάρχων
655 4837 714 4887 ἐν
748 4836 1027 4905 βασάνοις,
1057 4836 1160 4905 ὁρᾷ
1188 4836 1280 4888 τὸν
1310 4836 1562 4905 Ἀϐραὰμ
1587 4835 1696 4888 ἀπὸ
1724 4835 1934 4905 μακρό-

354 4929 467 4995 θεν,
519 4930 617 4982 καὶ
674 4930 926 4998 Λάζαρον
984 4931 1044 4980 ἐν
1099 4930 1213 4990 τοῖς
1264 4928 1485 4988 κόλποις
1514 4927 1800 4997 Ἀϐραάμ,
1842 4928 1934 4980 καὶ

420 5063 446 5093 ⁸
465 5060 636 5115 Amos
661 5074 736 5125 vt,
755 5057 811 5111 4.
886 5058 907 5088 ⁸
930 5054 1075 5111 Psal.
1108 5072 1297 5120 vant,
1325 5055 1411 5110 12.

2036 4573 2228 4629 pompa
2256 4557 2460 4612 funeris
2486 4555 2786 4625 splendida,
2807 4566 2862 4609 et
2888 4555 3016 4609 illud
3048 4553 3215 4611 David
3247 4554 3612 4624 inlplcbatttl':

2039 4671 2060 4703 ι
2094 4650 2353 4715 Sepulcra
2401 4663 2590 4702 eorum
2635 4647 2828 4702 domus
2861 4648 3072 4701 illorum
3124 4647 3176 4700 in
3218 4656 3477 4700 aeternum
3509 4647 3551 4698 ⁵.
3585 4661 3609 4697 ι

2113 4759 2131 4791 ι
2158 4741 2225 4796 Ει
2263 4741 2314 4794 in
2352 4737 2563 4793 inferno
2588 4737 2804 4792 elevans
2835 4737 3021 4792 oculos
3043 4750 3189 4801 suos,
3217 4749 3340 4789 cum
3377 4743 3522 4788 esset
3557 4733 3609 4787 iu

2041 4834 2347 4896 tormentis,
2379 4830 2512 4886 vidit
2543 4832 2816 4886 Abraham
2869 4847 2897 4884 a
2943 4829 3119 4898 longe,
3166 4838 3220 4880 et
3252 4826 3514 4881 Lazarum
3557 4825 3610 4880 in

2039 4927 2159 4980 sinu
2185 4926 2319 4996 ejus,
2337 4933 2391 4978 et
2420 4923 2662 4979 clamans
2675 4922 2844 4991 dixit:
2865 4919 3164 4986 Abraham,
3203 4921 3460 4975 miserere
3483 4920 3610 4983 mei,

1586 5145 1911 5209 Francisci
1944 5144 2159 5209 Scorsi
2196 5151 2383 5207 netia.

350 5252 515 5323 tingit
538 5249 897 5323 Theophanes
921 5260 1125 5314 noster,
1149 5264 1269 5303 cum
1300 5248 1375 5303 ait
1400 5249 1930 5323 huncpatriareham

350 5319 593 5392 priinum
648 5319 773 5374 ﬁdei
827 5336 939 5374 suae
982 5324 1185 5392 inerito
1233 5333 1507 5392 speratam
1535 5319 1928 5392 haereditatem

349 5389 523 5448 inisse
557 5401 935 5445 consecutum.
982 5389 1296 5445 Uberiorem
1336 5390 1496 5458 hujus
1534 5390 1634 5442 loci
1668 5392 1929 5457 explana-

350 5468 558 5517 tionem
608 5463 655 5514 si
692 5461 989 5524 desideras,
1035 5462 1118 5512 adi
1165 5459 1482 5528 Gregorium
1531 5459 1828 5529 Nyssenum
1875 5462 1927 5514 in

348 5535 589 5600 dialogo,
621 5547 718 5586 seu
762 5530 900 5584 libro
938 5530 1014 5583 De
1052 5531 1229 5582 anima
1264 5541 1309 5581 et
1353 5534 1746 5600 resurrectione.

424 5598 540 5671 (at)
584 5601 969 5655 Bentitudt‘nent
1018 5608 1440 5671 consequeretur.
1488 5599 1643 5671 Quod
1682 5598 1923 5656 Lazarus

347 5667 443 5726 hic
474 5667 756 5725 mendicus
777 5671 911 5724 alius
935 5671 1030 5732 sit,
1062 5681 1223 5737 atque
1276 5667 1371 5721 ille.
1406 5685 1566 5738 quem
1605 5668 1855 5725 Christus
1893 5687 1923 5725 e

348 5745 581 5797 mortuis
615 5751 891 5798 revocavit
928 5749 1183 5796 constans
1227 5748 1308 5795 est
1347 5740 1588 5796 oumium
1640 5750 1917 5795 auctorum

2041 5251 2223 5316 Opinio
2250 5266 2261 5301 :
2302 5250 2408 5303 imo
2429 5259 2480 5303 et
2504 5264 2619 5303 eam
2650 5248 2815 5303 totius
2854 5248 3107 5304 Ecclesia:
3143 5251 3463 5306 sententiam
3488 5266 3609 5306 esse

2036 5318 2377 5373 Mahlnnatus
2407 5333 2587 5372 numer
2612 5318 2863 5384 aﬂirmat,
2904 5322 3100 5389 qnipne
3126 5336 3244 5390 qua:
3271 5322 3406 5375 duos
3440 5322 3606 5375 faciat

2036 5390 2291 5451 Lazarus,
2335 5398 2387 5441 et
2439 5394 2653 5456 utrique
2705 5389 2906 5443 cultum
2960 5392 3237 5455 exhibeat,
3280 5400 3336 5447 et
3392 5391 3607 5445 ιΙιιιιὶοιτι

2035 5461 2230 5528 templa
2270 5478 2282 5511 :
2316 5458 2456 5528 quod
2508 5474 2667 5510 unum
2699 5468 2784 5513 est
2816 5476 2880 5514 ex
2917 5468 3270 5528 argumentis,
3325 5477 3431 5528 quo
3478 5477 3604 5529 pro-

2033 5529 2192 5582 batnr
2216 5539 2355 5597 quod
2388 5542 2551 5594 supra
2578 5528 2835 5594 diximus,
2872 5546 2928 5586 n.
2963 5533 3015 5592 6,
3054 5530 3330 5583 historiam
3369 5528 3503 5583 hanc
3535 5546 3603 5585 ex

2028 5610 2182 5670 parte
2213 5600 2558 5670 censendam.
2592 5615 2697 5651 nou
2720 5600 3027 5670 parabolatn
3056 5607 3246 5670 totam.
3273 5599 3401 5654 Vide
3424 5601 3600 5670 ipsum

2027 5668 2391 5722 Maldottatttut
2431 5667 2484 5720 iu
2532 5683 2655 5736 cap.
2706 5685 2797 5726 xu
2856 5667 3038 5726 Lucan
3078 5667 3224 5724 ldent
3266 5667 3597 5728 habet—Cor-

2026 5739 2202 5794 nelius
2233 5753 2262 5792 a
2289 5737 2487 5808 Lapidc
2509 5740 2617 5794 hic.
3320 5804 3325 5808 Α
3678 5746 3685 5751 ‘
