3990 6202
353 335 457 397 253
1559 328 2058 391 THEOPHANIS
2098 325 2443 386 CERAMEI

3510 324 3620 388 2C0

352 457 411 498 et
442 446 599 499 mitte
629 442 918 502 Lazarum.
967 452 1026 495 ut
1052 442 1284 514 intingat
1327 451 1628 498 extremum
1663 445 1810 514 digiti
1857 443 1940 497 sui

2069 439 2312 508 ρωνήσας
2352 432 2475 490 εἷπε
2513 449 2528 464 ’
2566 436 2745 507 Πάτερ
2788 435 2992 507 Ἀϐραά
3006 455 3044 506 μ
3069 476 3086 502 ,
3122 434 3344 504 ἐλέησόν
3389 452 3490 505 με,
3525 440 3623 490 κιιῦ⁸

356 537 415 589 in
444 551 665 605 aqvam,
697 545 755 588 ut
780 532 1056 602 refrigeret
1085 534 1325 604 linguam
1354 551 1550 600 meam,
1574 536 1702 604 quia
1730 535 1942 588 crucior

353 629 410 682 in
446 630 544 682 hac
575 628 809 682 llamnta.
847 644 866 677 ι
900 625 955 678 In
989 627 1131 680 hunc
1158 627 1268 695 jam
1297 626 1510 680 dela.us
1540 627 1652 696 (52)
1681 627 1943 682 orationis

357 721 532 774 locum
590 718 746 773 video
797 727 1056 786 tanquam
1110 733 1174 772 es
1224 719 1365 772 edita
1417 720 1650 788 quadam
1703 721 1940 788 specula,

357 809 678 864 altissimum
731 809 1104 864 doctrinarum
1172 809 1394 879 pelagus
1443 811 1587 879 quod
1656 811 1946 882 enavigare

357 903 708 972 pertimesco,
759 904 964 956 veritus
1011 918 1076 956 ne
1131 902 1498 958 immensitate
1550 905 1945 959 sententiarum

361 992 629 1048 imbecilla
667 1007 818 1046 mens
866 1002 1048 1046 nostra
1084 996 1486 1062 sulmiergatur.
1523 995 1646 1051 llzec
1675 996 1795 1051 dico
1825 1012 1944 1050 cum

361 1085 452 1140 illa
511 1085 836 1138 considero:
888 1085 1138 1154 quisnam
1183 1085 1254 1140 sit
1295 1086 1383 1141 hic
1433 1086 1697 1153 infernus,
1746 1088 1949 1143 divinis

359 1157 713 1246 profanisque
751 1177 948 1230 litteris
994 1177 1350 1232 decantatus?
1381 1179 1449 1233 Et
1491 1179 1764 1248 quomodo
1795 1180 1948 1234 dives

363 1278 492 1324 ante
522 1284 862 1323 communem
913 1269 1188 1323 hominum
1226 1273 1682 1328 resurrectionem
1735 1275 1787 1327 in
1835 1284 1949 1328 tor-

365 1361 562 1416 mentis
587 1360 767 1414 esset?
804 1359 867 1415 Et
911 1376 1158 1430 quamam
1208 1364 1281 1416 sit
1333 1364 1422 1416 illa
1456 1379 1611 1433 aqua:
1647 1365 1812 1429 Stilla,
1845 1379 1952 1433 qua

367 1453 662 1522 indigebat,
693 1453 781 1522 qui
808 1454 1190 1508 cruciabatur?
1217 1465 1271 1509 et
1295 1471 1430 1525 quos
1453 1457 1640 1512 oculos
1663 1457 1714 1510 in
1741 1457 1953 1511 inferno

369 1543 579 1598 tolleret
621 1545 796 1608 dives,
831 1559 1062 1613 quamve
1103 1547 1338 1617 linguam
1389 1559 1552 1617 gutta:
1599 1547 1953 1604 instillatione

368 1636 677 1704 refrigerari
704 1646 947 1705 cuperet,
981 1653 1104 1690 cum
1140 1638 1193 1690 in
1225 1640 1474 1708 sepulcro
1505 1641 1754 1710 corporis
1785 1642 1953 1711 ipsius

367 1727 610 1779 membra
666 1727 1184 1794 corrumperentur?
1235 1727 1298 1781 Et
1351 1730 1624 1797 quomodo
1677 1719 1817 1798 quod
1872 1740 1956 1784 est

2051 531 2271 599 πέμψον
2301 529 2560 598 Λάζαρον
2597 529 2684 580 ἵνα
2719 527 2866 599 βάψῃ
2891 529 2952 581 τὸ
3002 530 3171 597 ἄκρον
3219 527 3314 581 τοῦ
3357 529 3625 581 ξακτύλου

2056 621 2270 685 ὓδατος,
2296 622 2390 674 καὶ
2418 619 2706 692 καταψύξῃ
2727 639 2827 690 μου
2861 621 2961 688 τὴν
2995 621 3266 687 γλῶτταν,
3299 621 3382 673 ὅτι
3414 620 3623 674 650w}:-

2054 733 2152 786 μαι
2179 715 2238 766 ὲν
2263 716 2332 785 τῇ
2364 714 2526 782 φλογὶ
2558 715 2754 782 ταύτῃ.
2789 731 2808 764 ι
2854 712 3122 765 Ἐνταῦθα
3167 711 3248 782 τῷ
3289 711 3434 782 λόγῳ
3471 716 3630 781 γενό-

2054 824 2238 876 μενος,
2261 805 2451 875 ὥσπερ
2481 805 2589 858 ἀπό
2619 822 2765 866 τινος
2792 807 3024 866 σκοπιᾶς
3056 803 3266 874 ὑψηλῆς
3312 804 3481 856 πολὺν
3519 804 3632 875 ὁρῶ

2054 898 2347 969 δογμάτων
2369 897 2558 967 βυθὸν,
2578 896 2714 968 πρὸς
2737 896 2797 949 ὃν
2817 895 3175 967 διανήξασθαι
3199 895 3434 964 τέθηπα,
3464 896 3636 949 δεδοιο

2056 990 2169 1053 κὼς
2219 990 2295 1060 μὴ
2327 988 2404 1059 τῷ
2435 989 2546 1042 τῶν
2603 988 2897 1057 νοημάτων
2953 988 3246 1058 ἀπεράντῳ
3305 990 3340 1058 ἡ
3396 987 3640 1057 ἀδρανὴς

2058 1081 2220 1152 ἡμῶν
2267 1081 2478 1135 διάνοια
2511 1079 2846 1151 ὑποϐρύχιος
2880 1079 3130 1149 γένηται.
3179 1079 3369 1133 Ταῦτα
3400 1080 3455 1132 δέ
3493 1096 3641 1149 φημι

2055 1175 2197 1242 πρὸς
2229 1175 2408 1227 ἐκεῖνο
2439 1173 2676 1243 βλέπων,
2707 1174 2790 1235 τίς
2818 1167 2973 1235 οὗτος
2993 1175 3021 1224 ὁ
3052 1172 3456 1242 θρυλλούμενος
3479 1171 3642 1244 ᾅδης,

2057 1267 2213 1336 παρά
2244 1283 2304 1318 τε
2337 1265 2439 1334 τῆς
2477 1265 2631 1328 θείας
2673 1265 2916 1335 Γραφῆς,
2950 1265 3046 1318 καὶ
3075 1265 3186 1317 τῶν
3212 1263 3411 1330 ἔξωθεν
3449 1281 3464 1296 ο
3520 1265 3646 1328 πῶς

2057 1358 2118 1411 δὲ
2149 1356 2401 1427 ὑπῆρχεν
2433 1359 2489 1410 ἐν
2519 1356 2780 1426 βασάνοις
2813 1359 2840 1408 ὀ
2869 1356 3126 1419 πλούσιος
3171 1357 3277 1428 πρὸ
3307 1357 3407 1426 τῆς
3453 1357 3649 1425 κοινῆς

2061 1451 2421 1512 ἀναστάσεως
2448 1465 2460 1477 ·
2488 1451 2574 1513 τίς
2598 1450 2654 1502 δὲ
2682 1452 2715 1520 ἡ
2737 1448 2833 1502 τοῦ
2856 1449 3050 1513 ὕδατος
3081 1449 3298 1519 σταγὼν
3321 1444 3386 1522 ἧς
3417 1449 3644 1519 ἐπιδεὴς

2060 1541 2404 1612 ὀδυνώμενος
2453 1541 2669 1608 γίνεται
2702 1557 2717 1571 ’
2753 1541 2944 1605 ποίους
2972 1541 3031 1594 δὲ
3077 1541 3392 1612 ὀφθαλμοὺς
3422 1541 3650 1613 ἐπαίρει

2063 1634 2121 1686 ἐν
2160 1633 2238 1703 τῷ
2278 1633 2379 1704 ᾅδῃ
2409 1635 2438 1686 ὁ
2468 1633 2761 1697 πλούσιος,
2795 1634 2829 1705 ἢ
2866 1635 3027 1687 ποίαν
3091 1634 3346 1701 γλῶσσαν
3396 1636 3654 1702 καταψυ-

2075 1725 2275 1794 χθῆναι
2308 1725 2397 1777 διὰ
2431 1726 2527 1794 τῆς
2558 1724 2896 1789 ὲπιστάξεως
2917 1725 3016 1794 τῆς
3051 1725 3313 1794 σταγόνος
3344 1726 3651 1796 ἐπεθύμει,

365 1817 611 1885 corporis
667 1831 861 1884 expers
915 1815 1189 1871 ﬂammam
1241 1819 1510 1872 sentiret?
1553 1820 1617 1873 Et
1671 1821 1760 1890 qui
1814 1821 1958 1874 dicat

2069 1817 2168 1870 τῶν
2199 1817 2298 1886 τῆς
2328 1816 2534 1885 σαρκὸς
2590 1817 2756 1868 αὑτοῦ
2805 1817 2987 1886 μελῶν
3041 1818 3423 1888 φθειρομένων
3461 1820 3521 1872 ὲν
3570 1816 3656 1887 τῷ

367 1909 707 1962 Ahrahamus
739 1925 754 1962 :
792 1928 810 1960 ι
855 1909 1124 1979 Recepisti
1157 1910 1298 1965 bona
1331 1912 1382 1964 in
1414 1912 1522 1964 vita
1564 1922 1677 1976 tua,
1709 1921 1762 1966 et
1789 1911 1959 1967 Laza-

371 2015 466 2052 rus
495 1998 746 2051 similiter
791 1998 953 2062 mala,
983 2017 1001 2048 ι
1041 1999 1193 2068 quasi
1229 1999 1366 2054 bona
1404 1999 1560 2054 nobis
1591 2008 1648 2054 et
1682 1999 1819 2053 mala
1861 2000 1960 2054 de-

368 2089 639 2145 bcantur?
673 2092 733 2142 Et
761 2090 1017 2158 quidnam
1047 2093 1114 2144 sit
1145 2091 1309 2145 chaos
1341 2090 1496 2155 illud,
1533 2092 1674 2161 quod
1706 2092 1901 2146 bonum
1929 2106 1959 2144 a

373 2183 514 2235 malo
563 2180 842 2248 disiungit,
890 2192 945 2236 et
986 2183 1280 2237 transitum
1333 2182 1652 2238 substantia
1699 2185 1766 2237 ab
1811 2183 1960 2238 omni

373 2274 618 2345 corporis
651 2277 998 2329 concretione
1047 2275 1229 2330 liberte
1264 2285 1446 2344 p0test
1493 2275 1789 2344 impedire?
1836 2275 1963 2330 Haec

373 2378 502 2422 sunt
546 2383 666 2437 qua:
704 2369 1057 2422 considerans
1099 2382 1253 2422 mens
1301 2369 1468 2422 lueret
1515 2368 1668 2437 quasi
1711 2378 1962 2436 correpta

374 2461 665 2528 vertigine,
693 2468 747 2511 et
789 2474 816 2510 a
849 2474 940 2511 sua
981 2460 1376 2512 condemnatur
1407 2457 1642 2526 ignavia.
1678 2455 1962 2511 Verumta-

378 2567 500 2603 men
529 2549 794 2603 orationis
825 2559 1024 2602 nostra:
1059 2549 1268 2602 clavum
1302 2549 1409 2602 Deo
1433 2548 1783 2618 gubernatori
1811 2565 1962 2603 com-

378 2644 676 2707 mittentes,
703 2651 756 2694 et
782 2656 1001 2710 precum
1037 2652 1336 2695 vestrarum
1365 2640 1664 2694 subsidium
1696 2643 1962 2696 adhiben-

377 2747 480 2799 tes,
500 2734 552 2787 in
583 2733 748 2786 altum
783 2735 1161 2801 provehamur.
1199 2732 1438 2786 Dicimus
1469 2733 1652 2803 igitur,
1672 2745 1964 2802 sequentes

375 2824 705 2879 sententiam
756 2823 963 2875 illorum
995 2824 1214 2877 Patrum
1245 2823 1380 2892 (53),
1412 2826 1500 2890 qui
1551 2827 1667 2878 ba’c
1711 2837 1836 2879 ante
1867 2840 1965 2880 nos

376 2916 774 2976 discusserunt,
803 2915 1168 2966 narrationem
1204 2912 1340 2965 hanc
1374 2929 1467 2980 per
1491 2929 1673 2966 rerum
1705 2929 1963 2983 corpora-

377 3017 553 3062 tarum
611 3005 874 3074 imagines
943 3018 971 3055 a
1036 3003 1318 3057 Salvatore
1385 3002 1551 3058 fuisse
1608 3006 1964 3075 propositam,

379 3099 578 3152 multas
618 3113 746 3151 vero
795 3094 1104 3150 sublimium
1154 3097 1465 3164 dogmatum
1512 3101 1828 3154 occasiones
1879 3100 1962 3153 iu-

379 3203 598 3258 spersas
646 3203 709 3242 ac
731 3190 884 3240 datas
912 3187 998 3252 iis,
1026 3186 1115 3255 qui
1141 3187 1207 3240 ad
1234 3200 1296 3238 ea
1330 3186 1700 3256 investiganda
1727 3201 1964 3245 mentem

379 3281 686 3339 intendunt.
723 3279 970 3335 ltd‘ernus
1001 3280 1166 3351 igitur
1193 3280 1306 3353 (54)
1334 3279 1534 3335 dicitur
1564 3284 1759 3338 anima:
1789 3285 1964 3340 dami-

2057 1908 2214 1977 τάφῳ
2247 1924 2262 1936 ·
2315 1909 2434 1971 πῶς
2469 1907 2526 1960 δὲ
2560 1907 2662 1977 τῆς
2711 1908 2909 1977 φλογὸς
2949 1909 3293 1980 ἐπῃσθάνετο
3322 1910 3383 1962 τὸ
3412 1910 3658 1980 ἀσώμα-

2057 2018 2150 2054 τον
2181 2018 2195 2031 ⁸
2228 1999 2344 2065 πῶς
2370 2001 2450 2064 δὲ,
2479 2001 2645 2070 φησιν
2675 2003 2704 2054 ὁ
2741 2001 2996 2071 Ἀϐραάμ
3020 2041 3036 2064 ,
3071 2002 3154 2054 ὅτι
3191 2022 3210 2054 ι
3259 2003 3555 2066 ’Δπέλαὸες
3583 2003 3657 2056 τὰ

2061 2093 2248 2158 ἀγαθά
2284 2110 2380 2146 σου
2415 2095 2476 2146 ἐν
2512 2097 2577 2164 τῇ
2611 2093 2724 2164 ζωῇ
2768 2111 2884 2154 σου.
2928 2096 3022 2148 καὶ
3050 2095 3304 2165 Λάζαρος
3342 2097 3544 2166 ὁμοίως
3582 2097 3656 2150 τὰ

2061 2190 2234 2249 κακὰ,
2274 2205 2292 2236 ιι
2335 2184 2525 2255 ὥσπερ
2569 2189 3037 2257 χρεωστουμένων
3079 2191 3215 2258 ἡμῖν
3281 2189 3502 2256 ἀγαθῶν
3552 2190 3657 2242 καὶ

2063 2277 2251 2331 κακῶν
2286 2294 2300 2309 ’
2335 2279 2432 2330 καὶ
2459 2278 2513 2330 τί
2556 2278 2615 2330 τὸ
2657 2280 2843 2349 χάσμα
2873 2283 3050 2333 ἐκεῖνο
3077 2283 3138 2334 τὸ
3161 2281 3402 2352 διεῖργον
3427 2282 3487 2335 τὸ
3514 2287 3660 2350 ἀγα-

2064 2369 2157 2422 θὸν
2201 2371 2267 2422 ἐκ
2318 2371 2414 2423 τοῦ
2461 2371 2725 2440 χείρονος,
2776 2373 2868 2424 καὶ
2895 2373 3126 2426 κωλύειν
3173 2374 3358 2444 ἰσχύον
3402 2374 3500 2444 τὴν
3552 2374 3658 2427 τοῦ

2063 2463 2359 2533 ἀσωμάτου
2399 2463 2677 2518 διάϐασιν.
2717 2463 2908 2518 Ταῦτά
2938 2466 3055 2517 ἐστι
3103 2466 3239 2535 πρὸς
3282 2466 3318 2520 ἃ
3358 2467 3576 2536 βλέπων
3635 2470 3664 2521 ὁ

2063 2558 2187 2621 νοῦς
2223 2559 2466 2630 ίλυγγιᾷ,
2501 2564 2596 2612 καὶ
2625 2563 2722 2630 τῆς
2756 2561 2894 2624 ἰδίας
2933 2561 3164 2625 νωθείας
3187 2563 3660 2632 καταψηφίζεται.

2067 2652 2259 2721 Ὅμως
2307 2653 2385 2721 τῷ
2431 2653 2742 2724 κυϐερνήτῃ
2778 2653 2898 2723 θεῷ
2931 2656 2992 2706 τὸ
3026 2655 3120 2708 τοῦ
3155 2656 3430 2727 ἡμετέρου
3486 2656 3658 2724 λόγου

2067 2744 2336 2812 πηδάλιον
2355 2746 2785 2814 ἐγχειρίσαντες,
2809 2748 2903 2800 καὶ
2925 2749 3226 2818 συνεργοὺς
3242 2749 3340 2813 τὰς
3369 2751 3659 2820 ὑμετέρας

2065 2836 2444 2907 λαμϐάνοντες
2476 2839 2662 2907 εὐχάς,
2691 2838 2786 2890 τοῦ
2812 2839 3085 2907 πελάγους
3116 2841 3658 2911 κατατολμήσωμεν.

2065 2929 2255 2998 Φαμὲν
2313 2929 2407 2982 οῦν
2470 2930 2974 2994 ἐπακολουθοῦντες
3029 2934 3096 3002 τῇ
3144 2932 3273 3004 δόξῃ
3328 2933 3438 2984 τῶν
3477 2932 3663 2985 ταῦτα

2073 3023 2562 3093 προεξετασάνῖων
2600 3025 2882 3095 Πατέρων,
2931 3025 3006 3088 ὡς
3054 3025 3519 3096 σωματικὼτερον
3556 3025 3666 3096 μὲν

2069 3117 2098 3167 ὁ
2137 3116 2329 3186 Σωτὴρ
2361 3115 2639 3169 ἐκτίθεται
2671 3117 2732 3169 τὸ
2759 3116 3031 3186 διήγημα,
3060 3117 3265 3180 πολλὰς
3317 3117 3375 3168 δὲ
3421 3119 3669 3183 ὲγκαά-

2073 3207 2290 3277 σπείρει
2314 3208 2603 3277 δογμάτων
2640 3209 2866 3279 ὑψηλῶν
2895 3209 3150 3279 ἀφορμάς
3185 3212 3295 3270 τοῖς
3348 3209 3666 3278 προσέχους-

2076 3314 2162 3350 σιν
2199 3297 2720 3372 ὲξεταστικὼτερον.
2774 3301 2947 3373 ’ᾼδης
3001 3303 3099 3373 μὲν
3129 3302 3350 3370 λέγεται
3379 3305 3414 3372 ἡ
3457 3304 3524 3354 ἐκ
3566 3299 3668 3354 τοῦ

1612 3411 1937 3478 Francisci
1989 3421 2204 3486 Scorsi
2242 3435 2431 3490 notte.

453 3521 569 3594 (52)
609 3519 864 3594 lumbum:
901 3519 1032 3594 jam
1094 3514 1325 3594 delatus.
1372 3512 1625 3594 Magnum
1667 3519 1964 3594 Διιιεεοιιιιιιι

380 3585 640 3648 Ιυιὶυείιις
678 3585 954 3658 Evangelii
994 3588 1259 3658 omnibus
1303 3585 1617 3658 auctoribus
1652 3585 1964 3658 lacessivit,

382 3661 679 3734 praesertim
719 3655 856 3734 οιιειῖ
878 3660 945 3713 de
989 3658 1191 3734 oculis,
1229 3655 1297 3734 de
1335 3657 1516 3734 lingua
1553 3657 1764 3734 divitis,
1792 3657 1860 3713 de
1883 3655 1969 3734 di;

382 3725 495 3802 gito
544 3731 733 3786 latsari
766 3743 972 3802 sermo
1017 3729 1097 3802 lit.
1131 3725 1511 3802 “Subscribam
1573 3727 1748 3780 locum
1806 3731 1968 3802 unius

383 3794 615 3869 Kttgust.
665 3817 730 3856 ex
765 3800 862 3854 lib.
893 3814 984 3853 vltl
1024 3798 1098 3850 De
1121 3794 1308 3869 Genesi
1352 3797 1440 3869 ad
1469 3796 1732 3869 litteram,
1763 3813 1884 3868 cap.
1911 3801 1968 3864 5,

387 3883 446 3927 ut
474 3865 816 3942 intelligatur
845 3884 1007 3942 quam
1044 3879 1202 3920 caute
1251 3868 1302 3942 i_n
1353 3865 1658 3942 hujusmodi
1695 3865 1967 3942 inter—pre-

385 3943 566 3998 tandis
607 3935 1016 3995 et'deliniendis
1079 3935 1486 4005 procedendum
1526 3937 1618 3999 sit,
1649 3947 1702 3990 et
1738 3940 1810 3992 uti
1842 3935 1965 3995 haec

383 4014 587 4078 cautio,
621 4023 676 4066 et
710 4012 884 4081 pietas
923 4009 974 4081 in
1028 4019 1217 4060 nostro
1251 4005 1582 4081 Theophane
1615 4019 1965 4074 agnoscatur,

384 4098 508 4136 cum
541 4077 648 4136 non
685 4077 802 4136 sine
834 4080 1049 4132 ratione
1091 4088 1198 4129 tam
1225 4077 1495 4138 titnidttm,
1525 4087 1632 4130 tam
1653 4082 1872 4132 anxium
1905 4095 1966 4136 se

385 4168 507 4208 esse
539 4155 842 4222 prolitetur,
877 4163 1055 4222 neque
1087 4147 1201 4200 htec
1247 4161 1341 4222 per
1375 4143 1606 4222 αῦξησιν
1638 4150 1811 4222 sacris
1841 4165 1967 4202 ora-

386 4217 597 4277 toribus
643 4224 927 4284 usitatam,
966 4218 1058 4271 sed
1109 4232 1173 4270 ex
1219 4217 1293 4268 rei
1330 4220 1559 4270 veritate
1609 4219 1678 4271 ab
1727 4233 1792 4271 eo
1845 4233 1967 4274 esse

385 4293 617 4362 prolata.
648 4292 737 4344 Sic
768 4292 931 4362 igitur
957 4285 1022 4362 D_.
1048 4285 1386 4362 Augustinus
1407 4288 1667 4362 scriptum
1695 4288 1914 4362 reliquit
1949 4305 1964 4342 :

388 4357 580 4415 Mettus
599 4372 673 4414 est
701 4357 940 4412 dubitare
973 4359 1037 4410 de
1071 4357 1311 4418 occultis,
1347 4372 1504 4424 quant
1551 4357 1761 4426 litigare
1787 4363 1850 4411 de
1882 4360 1968 4412 itt-

386 4433 567 4483 certis.
593 4431 759 4483 Illum
791 4429 976 4497 quippe
1009 4428 1224 4497 divitem
1263 4429 1317 4478 in
1345 4427 1534 4497 ardore
1576 4441 1874 4494 pinnarum,
1917 4440 1964 4480 et

387 4500 540 4552 illum
567 4488 844 4565 pauperem
875 4488 927 4547 in
946 4496 1226 4567 refrigerio
1247 4488 1965 4567 gttudiorunt'intelligetidos
2003 4488 2045 4542 D

386 4586 500 4623 esse
534 4563 636 4622 non
674 4563 882 4620 dubito.
934 4563 1037 4620 Sed
1083 4563 1342 4633 quomodo
1373 4565 1715 4634 intelligenda
1760 4563 1826 4620 fit
1874 4570 1972 4623 illa

385 4639 609 4708 ﬂamma
645 4637 864 4706 inferni,
892 4638 983 4690 ille
1027 4636 1176 4689 sinus
1199 4634 1460 4708 Abrahae,
1485 4638 1579 4690 illa
1609 4638 1794 4707 lingua
1831 4639 1971 4692 diri.

388 4704 479 4773 tis,
523 4713 612 4764 ille
658 4704 857 4777 digitus
893 4708 1161 4774 pauperis,
1223 4704 1318 4756 illa
1374 4705 1491 4759 sitis
1545 4704 1814 4771 tormenti,
1878 4710 1972 4762 illa

383 4781 526 4833 stitia
552 4780 834 4850 refrigerii,
867 4779 953 4831 vix
981 4783 1272 4850 Iortasseft
1309 4787 1576 4828 mansuete
1599 4781 1970 4850 quwrentibtts,

385 4844 762 4904 ncnntemiCse
805 4864 979 4902 autem
1004 4844 1327 4900 certantibus
1376 4844 1642 4914 nunquam
1683 4849 1969 4903 invenitur.

389 4921 512 4972 Ilaec
551 4922 910 4988 Augustinus,
961 4933 1086 4972 cum
1131 4931 1240 4985 quo
1273 4917 1418 4988 vides
1460 4921 1754 4973 convenire
1793 4919 1975 4974 'l‘heo-

387 4987 749 5058 plianennin
833 4990 1046 5058 nsagnis
1103 4991 1252 5042 hisco
1311 4987 1720 5042 dtllicultatibus
1772 5005 1973 5059 propo-

393 5059 608 5112 ttcndis.

460 5129 571 5199 (55)
593 5127 871 5197 Sequentes
888 5130 1200 5182 sententiam
1219 5127 1432 5199 illorum
1450 5125 1693 5182 Patrum.
1709 5127 1974 5194 Quamvis

386 5201 457 5256 de
492 5197 736 5268 pluribus
770 5202 1020 5269 loquatur
1043 5197 1461 5266 συνεκδοχικῶς,
1506 5208 1684 5252 tamen
1715 5202 1806 5254 uni
1839 5200 1974 5255 Gre-

387 5275 541 5342 gorio
568 5271 814 5341 Nysseno
855 5270 1116 5332 adhaeret,
1181 5285 1209 5322 a
1261 5285 1506 5338 quonon
1547 5269 1721 5324 solum
1775 5286 1974 5326 sensus

387 5343 484 5396 sed
523 5345 688 5395 etiam
722 5344 881 5394 verba
927 5343 1190 5411 decerpit,
1218 5356 1338 5409 qua:
1385 5355 1482 5394 nos
1530 5343 1782 5408 t-arptim,
1813 5353 1974 5411 ρτουι

390 5413 542 5466 locus
568 5411 846 5482 postulare
887 5409 1180 5474 videbitur,
1221 5412 1312 5482 hic
1341 5411 1680 5474 referemus;
1737 5409 1840 5466 nec
1891 5423 1972 5466 ta-

391 5497 512 5536 men
545 5478 749 5544 tnnma,
793 5497 862 5536 ne
915 5478 1367 5546 transcribendis,
1420 5483 1510 5535 ubi
1545 5496 1678 5534 usus
1718 5498 1823 5535 non
1868 5493 1972 5548 est,

391 5554 677 5606 sententiis
721 5551 888 5606 Notas
917 5560 1134 5605 nostras
1160 5554 1534 5604 inl'erciamus.
1573 5551 1824 5616 Disputat
1860 5555 1975 5608 haec

392 5622 672 5693 NySsenus
707 5625 760 5678 in
801 5625 940 5677 libro
985 5637 1080 5675 seu
1117 5620 1334 5690 dialogo
1367 5621 1442 5674 De
1479 5622 1658 5673 anima
1697 5634 1744 5674 et
1793 5639 1974 5676 resur-

394 5693 641 5754 rectione,
675 5697 727 5747 in
763 5709 869 5762 quo
896 5703 1141 5747 sanetam
1187 5693 1487 5744 Macrinam
1540 5706 1786 5745 sororem
1815 5709 1970 5748 suam

397 5772 674 5830 tanquam.
706 5777 1020 5830 magtStram
1069 5766 1139 5819 de
1195 5764 1391 5818 anima:
1449 5763 1856 5820 tntnwt‘talitate
1919 5773 1974 5821 ct

2071 3530 2475 3605 resurrectione
2522 3529 2940 3605 disceptantem,
2983 3545 3040 3605 se
3081 3531 3412 3598 quaestiones
3459 3549 3662 3605 propo-

2069 3599 2476 3670 nentetnl'acit,
2535 3601 2589 3654 in
2624 3616 2729 3667 qua
2786 3616 2926 3670 sane
2979 3602 3345 3670 disputatione
3395 3599 3663 3659 nonnulla

2068 3669 2466 3746 sunt_diﬂicilia
2502 3671 2810 3746 intellectu;
2839 3669 2968 3746 quin
3000 3669 3075 3746 ex
3099 3671 3256 3738 hujus
3285 3673 3385 3746 loci
3419 3689 3664 3746 evange-

2068 3739 2157 3794 lici
2188 3739 2508 3810 dilIicultate
2559 3742 2612 3794 in
2663 3753 2905 3794 errorem
2954 3741 3234 3795 inductum
3285 3743 3466 3810 ipsum
3521 3739 3664 3799 Gre-

2068 3810 2278 3880 gorium
2339 3809 2686 3865 Maldonatns
2743 3812 2838 3874 ait,
2903 3821 2962 3864 ut
3022 3827 3126 3865 non
3180 3809 3351 3866 solum
3410 3818 3660 3871 membra

2069 3881 2336 3949 corporis,
2391 3880 2458 3932 de
2512 3881 2710 3949 quibus
2746 3881 2833 3935 hic
2881 3881 3081 3935 mentio
3119 3882 3196 3942 lit.
3236 3882 3330 3937 sed
3375 3891 3431 3936 et
3484 3887 3662 3940 locum

2069 3949 2250 4018 ipsum
2293 3949 2514 4011 inferni,
2540 3960 2595 4004 et
2631 3951 2810 4003 sinum
2858 3950 3093 4005 Abrahae
3142 3952 3512 4020 spiritualiter
3541 3965 3664 4008 tan-

2068 4028 2179 4074 tutn
2236 4020 2580 4090 intelligenda
2640 4028 2876 4089 putaret.
2916 4021 3172 4076 Eamdem
3217 4022 3485 4090 Gregorio
3531 4042 3666 4079 seno

2068 4091 2289 4162 tentiam
2318 4091 2510 4144 tribuit
2543 4090 2864 4162 Benedictus
2882 4090 3244 4155 Justinianus,
3274 4095 3324 4146 in
3355 4091 3382 4145 1
3409 4096 3565 4162 epist.
3593 4099 3664 4149 ad

2067 4157 2333 4222 Corinth.,
2388 4175 2509 4224 cap.
2570 4159 2624 4214 5.
2671 4159 2935 4226 Quoniam
2982 4177 3109 4214 vero
3159 4163 3247 4215 alit
3299 4157 3459 4218 aliter
3514 4167 3662 4221 hanc

2067 4229 2318 4305 Gregorii
2360 4231 2689 4305 sententiam
2717 4230 2931 4284 deloco
2973 4231 3189 4286 inferno
3222 4232 3491 4300 referunt,
3521 4237 3656 4305 quid

2077 4299 2260 4372 i_tidem
2290 4314 2412 4372 ego
2463 4303 2530 4353 dc
2582 4313 2646 4354 ea
2694 4315 3324 4372 censeam_expromam,
3379 4313 3432 4356 et
3478 4299 3658 4372 ipsum

2075 4367 2421 4443 Gregorium,
2482 4384 2712 4443 unaque
2749 4385 2912 4439 opera
2941 4367 3329 4440 Theophanem
3356 4373 3477 4443 ejus
3497 4367 3667 4430 'asse-

2076 4439 2519 4510 clamexplicare
2557 4439 2819 4510 conabor,
2847 4450 2972 4510 nota
3005 4439 3274 4510 sequenti.

2149 4508 2265 4579 (δι)
2309 4508 2560 4583 Intentus
2623 4508 2806 4578 igitur.
2849 4508 3126 4583 lttfernuin
3163 4512 3382 4578 locum,
3435 4515 3490 4569 in
3546 4530 3656 4583 quo

2076 4579 2372 4652 da-tnnnes,
2408 4589 2464 4633 et
2506 4581 2758 4633 homines
2807 4582 3096 4634 criminum
3141 4584 3457 4652 capitalium
3511 4579 3666 4640 dam-

2077 4658 2189 4701 natt
2224 4660 2567 4714 coercentur,
2594 4662 2646 4704 et
2678 4658 3011 4714 rructantnr,
3047 4667 3213 4704 unum
3239 4669 3362 4707 esse
3390 4659 3662 4720 omnium,

2075 4729 2128 4771 et
2168 4734 2290 4773 esse
2323 4733 2673 4786 corporeum,
2715 4735 2779 4772 ex
2819 4724 3086 4774 catholica
3140 4721 3392 4778 doctrina
3441 4736 3495 4778 et
3547 4741 3665 4780 om-

2074 4790 2223 4860 nium
2260 4788 2634 4860 theologorum
2665 4803 2876 4843 eertum
2926 4798 3030 4854 est,
3075 4791 3222 4860 quod
3259 4797 3552 4848 ostendunt
3597 4810 3664 4848 ex

2083 4857 2330 4928 plurimis
2370 4857 2668 4926 Scriptura:
2692 4862 2844 4924 locis,
2866 4871 2920 4915 et
2947 4857 3188 4927 Patrum,
3215 4861 3468 4928 Suarius,
3492 4865 3588 4919 lib.
3613 4880 3664 4919 νι

2078 4927 2157 4982 De
2170 4930 2388 4996 angelis,
2407 4945 2524 4995 cap.
2543 4929 2630 4994 M,
2653 4929 3099 4996 ethllarntinus,
3126 4943 3256 4987 tom.
3274 4933 3291 4986 l
3309 4927 3620 4990 Controvers
3647 4971 3662 4998 ,

2076 4999 2169 5051 lib.
2205 5014 2242 5052 ιι
2279 4998 2352 5051 De
2387 5011 2624 5068 purgat.,
2661 5017 2782 5069 cap.
2825 5001 2878 5055 6.
2903 5003 2974 5054 At
3006 5017 3132 5055 Vero
3159 5004 3249 5056 ubi
3285 5006 3356 5057 sit
3390 5006 3479 5060 ille
3517 5007 3662 5060 locus

2075 5085 2180 5122 non
2211 5072 2282 5121 ita
2316 5079 2526 5144 certum
2557 5085 2698 5144 esse,
2733 5071 2860 5139 quia
2907 5088 3011 5144 non
3041 5081 3143 5144 estg
3173 5074 3245 5144 ita
3294 5075 3348 5128 in
3378 5076 3661 5144 Scriptura

2076 5153 2416 5210 expressum,
2450 5140 2590 5192 idem
2625 5140 2853 5195 Suarins
2888 5143 3068 5196 docet.
3112 5142 3219 5196 Sed
3252 5159 3350 5198 nec
3387 5140 3663 5210 .dub'itan-

2075 5209 2202 5262 dum
2234 5219 2318 5262 est
2363 5224 2487 5282 eum
2538 5225 2662 5264 esse
2705 5211 2808 5264 snb
2835 5222 3000 5276 terra,
3061 5223 3282 5282 propter
3317 5209 3664 5271 communem

2075 5293 2406 5334 consensum
2442 5279 2660 5356 Patrum
2727 5282 2798 5334 ita
2859 5279 3276 5356 intelligentiutn
3314 5283 3664 5356 rScripturas,

2076 5365 2197 5417 qua:
2221 5364 2435 5419 semper
2465 5353 2530 5421 de
2551 5365 2614 5404 eo
2637 5353 2910 5420 ergastulo
2936 5364 3192 5421 tanquam
3221 5356 3286 5409 de
3309 5355 3427 5410 loco
3456 5353 3670 5410 subter-

2078 5423 2242 5472 raneo
2270 5421 2372 5496 hoc
2395 5420 2556 5496 modo
2579 5421 2776 5496 visibili
2805 5420 3105 5496 exsistente
3139 5425 3458 5493 loquuntur.
3491 5427 3664 5496 Cujus

2077 5500 2238 5543 rectae
2271 5489 2550 5564 opinionis
2576 5506 2693 5545 esse
2721 5492 2867 5546 hunc
2906 5492 3148 5564 Patrem,
3186 5489 3346 5564 quem
3388 5514 3488 5551 nos
3532 5489 3665 5550 itin-

2077 5571 2340 5632 stramus,
2365 5575 2428 5614 ex
2463 5561 2586 5616 aliis
2617 5573 2766 5616 certe
2796 5563 2846 5615 in
2875 5563 2998 5632 aliis
3033 5561 3273 5618 homiliis
3293 5568 3472 5632 dictis,
3508 5568 3668 5622 dubi-

2079 5631 2179 5683 tari
2217 5644 2324 5683 non
2350 5641 2555 5705 potest,
2605 5647 2915 5705 quanquam
2965 5631 3096 5700 hoc,
3130 5650 3292 5705 quem
3322 5653 3468 5690 nunc
3509 5648 3668 5690 uota-

2077 5715 2198 5754 mus
2242 5709 2296 5753 et
2317 5701 2696 5774 eripiendimus,
2715 5702 2832 5757 loco
2850 5703 3122 5758 diversum
3141 5701 3394 5774 quiddam
3418 5707 3669 5762 videatur

2078 5784 2345 5827 asserere.
2393 5773 2500 5828 Sed
2555 5781 2707 5829 certe
2773 5773 3062 5843 perplexus
3107 5773 3196 5831 hic
3239 5777 3392 5835 locus
3430 5790 3499 5834 ex
3545 5776 3667 5832 aliis
