3990 6202
326 272 430 334 265

1527 266 1856 325 llOMILlA
1891 268 2060 329 VIII.

3463 270 3568 334 266

325 387 601 455 σώματος.
651 385 750 438 Διά
793 384 850 438 δὲ
898 382 1007 436 τῶν
1058 383 1187 452 ἑξῆς
1239 381 1384 451 μέγα
1413 400 1464 433 τι
1499 382 1678 451 δόγμα
1719 383 1884 436 ἑοικετ

1999 383 2245 451 corporis
2293 383 2520 438 vinculis
2574 383 2744 438 soluta
2811 392 2909 438 est.
2968 383 3070 438 Per
3121 398 3182 437 ea
3235 398 3396 452 porro
3451 403 3568 455 quia

322 477 702 535 ὑποδεικνύειν
741 477 802 529 τὸ
849 474 1226 543 Εὑαγγέλιον⁸
1261 472 1539 543 προειπὼν
1594 474 1698 543 γὰρ
1757 475 1894 544 πρὸς

329 572 410 624 τὸν
441 567 700 622 πλούσιον
724 572 752 621 ὁ
784 569 1152 637 πατριάρχης,
1203 585 1221 616 ι
1257 565 1562 628 Ἀπέλαϐες
1608 567 1674 618 τά
1717 566 1896 634 ἀγαθά

328 678 421 714 σου
453 664 513 713 ὲν
545 663 612 730 τῇ
650 660 763 729 ζωῇ
802 676 919 724 σου,
964 659 1059 711 καὶ
1107 655 1358 726 Λάζαρος
1407 656 1518 709 τῶν
1558 656 1743 710 κακῶν
1770 673 1898 726 μετα

320 753 532 815 ουσίαν,
569 771 587 803 ι
629 747 750 804 εἶτα
821 747 1121 817 ἐπαγαγὼν
1151 749 1282 818 napi.
1326 747 1421 800 τοῦ
1449 748 1891 819 διατειχίζοντος,

320 844 625 912 χάσματος,
649 842 804 895 τοῦτο
822 840 996 893 ἔοικεν
1022 839 1358 909 ὐπογράφειν
1383 839 1460 908 τῷ
1479 839 1642 909 λόγῳ.
1675 839 1892 908 Ἐπειδὴ

317 936 418 1003 τῆς
461 933 770 1006 μονοειδοῦς
804 934 898 984 καὶ
936 930 1213 1002 μακαρίας
1247 930 1390 1000 ζωῆς
1422 933 1522 1001 τῆς
1557 933 1614 983 ἐν
1646 931 1790 1001 μόνῳ
1818 931 1894 1001 τῷ

319 1028 471 1097 καλῷ
524 1027 908 1096 θεωρουμένης
963 1023 1338 1094 ἀπολισθήσας
1388 1026 1416 1077 ό
1471 1023 1760 1094 ἄνθρωπος
1800 1025 1893 1078 τοῦ

319 1119 585 1173 συνθέτου
631 1117 790 1182 ξύλου
819 1115 1149 1186 ὲνεφορήθη,
1190 1114 1284 1167 καὶ
1309 1113 1538 1177 Θάνατος
1562 1116 1626 1183 τῇ
1663 1114 1893 1185 λαιμαρ-

316 1211 417 1280 γίᾳ
439 1209 878 1279 ἐπηκολούθησε,
912 1207 1008 1260 καὶ
1031 1207 1198 1277 διπλῆ
1229 1207 1452 1274 γέγονεν
1486 1206 1645 1276 ἡμῶν
1677 1208 1711 1277 ἡ
1757 1207 1891 1276 ζωὴ,

315 1302 352 1370 ἢ
382 1317 442 1352 τε
472 1300 765 1370 ὠκύμορος
799 1297 964 1368 αὕτη,
1014 1299 1110 1351 καὶ¹
1154 1297 1348 1361 ἀΐδιος,
1390 1298 1696 1361 ἀκολούθως
1745 1298 1894 1368 ὀφεί-

313 1390 486 1459 λομεν
522 1389 819 1458 μετασχεῖν
863 1388 958 1440 τοῦ
1010 1386 1309 1449 λυποῦντος
1342 1387 1400 1440 ὲν
1434 1387 1614 1456 μέρει,
1662 1388 1756 1440 καλ⁵
1807 1388 1894 1439 εύ-

318 1483 669 1550 φραίνοντος.
711 1480 868 1533 Ὅσοι
918 1479 1016 1548 μὲν
1047 1479 1139 1532 οὖν
1186 1477 1508 1548 διακριτικῷ
1548 1496 1608 1531 τε
1645 1479 1738 1531 καὶ
1784 1476 1892 1530 σώ-

313 1589 479 1642 φρονι
520 1570 768 1641 λογισμῷ
801 1571 898 1642 τὴν
924 1571 1134 1623 ἑαυτῶν
1161 1569 1306 1639 ζωὴν
1334 1569 1698 1635 διεξάγουσιν,
1728 1571 1786 1622 ὲν
1815 1569 1892 1640 τῷ

314 1663 519 1734 βραχεῖ
546 1661 725 1732 τούτῳ
766 1662 865 1732 βίῳ
903 1663 965 1715 τὸ
993 1661 1094 1731 τῆς
1125 1661 1330 1731 ἀρετῆς
1372 1663 1629 1714 ἐπίπονον
1673 1661 1893 1728 ἐκλεξά-

316 1775 500 1826 μενοι,
540 1757 618 1826 τῷ
648 1757 849 1824 ἐφεξῆς
880 1755 1039 1809 αἰῶνι
1069 1755 1134 1809 τὸ
1161 1755 1366 1822 ἀγαθὸν
1399 1756 1772 1825 ταμιεύονται.
1825 1759 1888 1808 Οἱ

307 1849 370 1902 δὲ
407 1851 468 1901 τὺ
501 1849 602 1918 ἡδὺ
630 1849 771 1901 κατὰ
801 1848 899 1918 τὴν
931 1849 1196 1917 ἐπίκηρον
1219 1847 1419 1916 ταύτην
1452 1846 1595 1913 ζωὴν
1620 1847 1886 1916 ἑλόμενοι,

313 1940 410 1993 καὶ
477 1940 740 2009 μετανοίᾳ
798 1939 898 2010 τὴν
959 1938 1220 1992 ἀϐουλίαν
1282 1938 1356 2008 μὴ
1412 1939 1887 2009 θεραπεύσαντες,

312 2033 524 2087 ἄϐατον
550 2033 765 2092 ἑαυτοῖς
805 2033 943 2101 μετά
979 2031 1151 2084 ταῦτα
1180 2033 1276 2100 τὴν
1306 2031 1412 2084 τῶν
1447 2031 1666 2098 ἀγαθῶν
1699 2048 1887 2100 μετου-

316 2127 443 2180 σίαν
486 2125 818 2195 ἐργάζονται
841 2165 856 2186 ,
891 2124 1146 2194 καθάπερ
1177 2141 1230 2176 τι
1260 2122 1535 2193 βάραθρον
1565 2122 1764 2190 ἀχανές
1805 2140 1886 2188 τε,

315 2217 415 2271 καὶ
441 2216 811 2288 ἀπαρόδευτον
853 2216 1069 2275 ἑαυτοῖς
1114 2211 1530 2284 διαρρήξαντες.
1568 2211 1738 2265 Τοῦτό
1772 2213 1888 2265 ἐστι

315 2308 376 2359 τὸ
407 2306 624 2376 χάσμα,
662 2306 799 2376 ὅπερ
842 2305 960 2374 οὐχ).
987 2303 1090 2373 γῆς
1135 2303 1464 2373 διασχούσης
1507 2303 1738 2372 γίνεται,
1775 2305 1889 2359 ἀλλ’

313 2401 346 2468 ἡ
380 2398 539 2468 παρὰ
571 2397 666 2450 τδν
699 2396 816 2466 βίον
849 2395 1030 2466 κρίσις
1062 2395 1198 2464 πρὸς
1227 2395 1325 2458 τὰς
1354 2396 1600 2458 ἐναντίας
1629 2396 1889 2466 προαιρέ-

315 2503 432 2550 est;
466 2485 848 2555 διασχισθεῖσα
883 2489 1048 2541 ποιεῖ.
1086 2485 1184 2537 Διὰ
1209 2484 1367 2536 τοῦτο
1392 2485 1643 2555 δεόμενος
1671 2487 1699 2536 ὁ
1724 2485 1889 2538 πλού-

314 2597 432 2642 σιος
464 2581 668 2650 μικρᾶς
700 2578 911 2648 ῥανίδος
943 2577 1126 2639 ἐλέους
1157 2579 1362 2647 τυχεῖν,
1387 2577 1488 2628 οὐκ
1511 2577 1885 2630 εἰσακούεται·

310 2673 412 2740 οὐχ
442 2673 526 2722 ὃτι
559 2670 764 2738 ζημίαν
795 2669 990 2738 ἔφερεν
1014 2671 1046 2737 ἡ
1077 2669 1176 2737 μία
1215 2666 1433 2735 σταγὼν
1461 2671 1527 2738 τῇ
1561 2668 1770 2738 μεγάλῃ
1791 2668 1886 2721 τοῦ

317 2764 653 2834 παραδείσου
706 2765 883 2832 πηγῇ,
934 2760 1051 2814 ἀλλ’
1091 2761 1173 2813 ὅτι
1220 2763 1252 2830 ἡ
1310 2762 1409 2830 τῆς
1463 2761 1667 2830 ἀρετῆς
1710 2761 1885 2830 ῥανὶς,

312 2858 566 2928 ἀμίκτως
606 2855 718 2927 ἔχει
749 2857 888 2926 πρὸς
929 2854 1029 2925 τὴν
1076 2855 1178 2923 τῆς
1219 2853 1418 2917 κακίας
1467 2853 1641 2923 ῥοπήν
1673 2870 1687 2884 ο
1734 2873 1753 2904 ι
1792 2853 1888 2916 Τίς

315 2951 424 3019 γὰρ
465 2949 726 3002 κοινωνία
767 2949 906 3015 φωτὶ
941 2947 1076 3016 πρὸς
1110 2945 1335 3010 σκότος;
1383 2965 1400 2995 ι
1460 2944 1619 2998 Οὕτω
1667 2946 1886 3013 νοητέον

1999 485 2302 541 sequuntur
2345 489 2597 543 magnum
2632 475 2896 544 quoddam
2946 475 3134 542 dogma
3171 475 3240 528 ab
3279 473 3570 544 Evangelia

1998 564 2221 620 indicari
2244 567 2476 622 videtur.
2497 565 2631 618 Nam
2653 581 2772 620 eum
2795 565 3099 634 patriarcha
3135 565 3359 620 dixisset
3381 567 3530 620 diviti
3553 584 3566 619 :

2004 679 2022 710 ‹
2060 657 2328 726 Recepisti
2361 659 2500 712 bona
2538 657 2588 711 in
2622 657 2731 711 vita
2770 669 2893 723 tua;
2943 667 2995 710 et
3039 657 3277 712 Lazarus
3325 659 3570 713 similiter

2001 751 2170 816 mala;
2230 769 2250 803 ι
2307 760 2418 804 tum
2471 753 2538 804 de
2603 749 2750 803 hiatu
2817 749 3168 816 subjecisset,
3217 750 3358 817 quod
3415 752 3566 818 quasi

1999 856 2183 895 murus
2233 842 2447 907 quidam
2503 854 2596 894 eos
2647 839 2986 908 abjungeret,
3041 839 3143 892 hoc
3192 842 3340 894 visus
3372 851 3455 894 est
3494 857 3569 903 eo

1999 948 2248 986 sermone
2271 933 2579 986 describere
2606 931 2861 1000 quoniam
2893 931 3054 986 homo
3083 931 3214 1000 (54⁸)
3239 946 3266 983 a
3298 932 3452 985 beata
3481 931 3567 984 illa

1997 1036 2052 1079 et
2081 1023 2328 1092 mquabili
2362 1023 2468 1078 vita
2502 1037 2619 1091 quae
2654 1022 2706 1076 in
2736 1037 2821 1085 eo,
2850 1020 2993 1090 quod
3029 1021 3202 1075 solum
3232 1022 3427 1076 bonum
3464 1034 3567 1084 εει,

1998 1115 2256 1179 cernitur,
2283 1115 2532 1182 delapsus
2556 1123 2658 1178 est,
2679 1128 2798 1167 cum
2824 1112 3117 1181 composita
3150 1127 3211 1167 se
3237 1115 3431 1167 arbore
3455 1114 3565 1182 (55)

1998 1203 2366 1273 ingurgitavit,
2393 1213 2445 1258 et
2470 1218 2617 1257 mors
2645 1202 2934 1272 ingluviem
2965 1211 3146 1256 secuta
3172 1208 3274 1267 est,
3301 1210 3352 1255 et
3378 1203 3567 1270 duplex

1996 1293 2193 1348 exinde
2228 1293 2368 1348 facta
2411 1304 2494 1348 est
2540 1294 2648 1347 vita
2683 1304 2887 1356 nostra.
2921 1292 3173 1346 nimirum
3218 1291 3398 1346 brevis
3436 1292 3566 1354 haec,

1996 1396 2049 1439 et
2097 1385 2426 1453 sempiterna
2474 1383 2584 1447 illa,
2633 1391 3054 1438 consentaneum
3112 1391 3212 1446 est,
3267 1392 3324 1435 ut
3357 1397 3568 1444 eorum,

1997 1493 2116 1546 qute
2148 1475 2387 1531 dolorem
2423 1474 2672 1539 all‘erunt,
2703 1475 2894 1529 deinde
2938 1473 3171 1528 vicissim
3219 1488 3405 1528 eorum
3453 1489 3570 1542 qua:

1999 1569 2271 1638 voluptate
2301 1566 2562 1630 alliciunt,
2586 1565 2873 1634 participes
2899 1565 3088 1618 simus.
3115 1564 3385 1633 Quotquot
3411 1565 3572 1634 igitur

1996 1661 2292 1732 perspicaci
2344 1675 2407 1714 ac
2451 1661 2713 1730 prudente
2746 1657 2954 1727 judicio
3011 1672 3160 1711 suam
3209 1657 3372 1711 vitam
3413 1657 3567 1712 insti-

1997 1763 2173 1817 tuunt,
2197 1751 2410 1806 virtutis
2438 1751 2734 1805 molestiam
2768 1750 2823 1802 in
2853 1749 2954 1803 hoc
2977 1747 3126 1802 brevi
3154 1748 3278 1802 vita:
3299 1748 3568 1802 curriculo

1996 1849 2314 1916 deligentes,
2345 1848 2396 1900 in
2430 1859 2661 1913 sequens
2681 1857 2855 1898 aevum
2892 1841 3089 1895 bonum
3128 1841 3450 1905 recondunt;
3475 1840 3566 1909 qui

1997 1958 2123 1997 vero
2147 1941 2474 2010 voluptatem
2507 1939 2556 1990 in
2592 1936 2732 1989 ﬂuxa
2762 1935 2863 1989 hac
2886 1934 2994 1988 vita
3029 1933 3356 2003 selcgerunt,
3394 1948 3568 2001 neque

1995 2051 2260 2098 errorem,
2291 2043 2343 2087 et
2377 2030 2794 2098 imprudentiam
2832 2025 3144 2096 poenitentia
3192 2033 3562 2088 correxerunt,

1991 2129 2048 2180 hi
2103 2126 2306 2178 aditum
2344 2123 2445 2176 sibi
2489 2121 2554 2174 ad
2594 2121 2856 2174 bonorum
2909 2114 3345 2171 communionem
3397 2114 3565 2168 inter-

1993 2217 2288 2279 eluserunt,
2322 2216 2550 2282 abrupto
2586 2210 2686 2266 sibi
2739 2225 2802 2264 ac
2831 2207 3098 2278 patefacto
3124 2206 3278 2276 quasi
3307 2205 3565 2260 barathro

1991 2307 2223 2377 quodam
2260 2306 2545 2368 immenso,
2589 2300 2731 2370 quod
2767 2300 3058 2353 transmitti
3093 2315 3199 2352 non
3234 2298 3421 2366 possit.
3467 2295 3567 2350 llic

1991 2401 2083 2454 ille
2118 2401 2292 2454 hiatus
2321 2410 2404 2454 est
2434 2397 2569 2468 (56),
2595 2397 2684 2466 qui
2716 2411 2821 2449 non
2847 2392 3165 2449 discedente
3194 2402 3335 2447 terra
3369 2395 3445 2458 lit,
3472 2391 3564 2446 sed

1987 2491 2194 2560 judicio
2219 2492 2284 2544 de
2312 2490 2436 2542 vita:
2462 2487 2760 2542 rationibus
2786 2487 2841 2540 in
2870 2485 3141 2539 contraria
3166 2484 3340 2538 studia
3367 2484 3560 2537 diviso.

1993 2583 2280 2652 Propterea
2317 2581 2470 2634 dives
2507 2578 2762 2646 pauculas
2809 2577 2908 2631 sibi
2957 2577 3130 2629 stillas
3177 2575 3562 2628 misericordia:

1990 2675 2106 2730 dari
2156 2683 2362 2742 petens,
2414 2686 2518 2724 non
2555 2669 2872 2732 exauditur;
2923 2683 3028 2720 n0n
3078 2666 3218 2735 quod
3268 2681 3371 2720 una
3417 2667 3561 2721 stilla

1993 2780 2184 2836 magno
2216 2763 2448 2833 paradisi
2489 2761 2622 2815 fonti
2657 2759 2846 2814 afferat
2873 2758 3277 2821 detrimentum,
3306 2757 3399 2813 sed
3431 2759 3559 2828 quia

1991 2857 2210 2912 virtutis
2255 2853 2396 2909 stilla
2440 2868 2560 2907 cum
2611 2851 2964 2921 propensione
3013 2851 3076 2902 ad
3110 2851 3298 2904 vitium
3332 2850 3560 2904 commi-

1990 2945 2130 3001 sceri
2167 2959 2270 2999 non
2317 2951 2494 3013 potest
2528 2957 2543 2995 :
2583 2959 2602 2993 ι
2649 2939 2783 2994 Nam
2821 2954 2941 3010 qua:
2971 2939 3201 2995 societas
3233 2939 3338 2993 luci
3384 2939 3450 2994 ad
3480 2948 3562 2994 te-

315 3043 406 3094 καὶ
435 3041 539 3112 τὴν
571 3041 984 3112 διασμήχουσαν
1018 3037 1193 3106 φλόγα
1227 3037 1318 3090 τὸν
1354 3036 1632 3091 πλούσιον.
1671 3039 1736 3091 Ἦ
1778 3039 1884 3108 γὰρ

1992 3041 2189 3093 nebras
2218 3037 2278 3090 ‘1'
2309 3056 2328 3090 ι
2366 3038 2443 3090 lta
2485 3032 2886 3100 intelligendum
2933 3033 3092 3087 etiam
3125 3042 3212 3088 est
3241 3033 3306 3087 de
3347 3030 3560 3087 ﬂamma

318 3136 580 3204 στέρησις
613 3133 724 3186 τῶν
755 3130 975 3198 ἀγαθῶν
1009 3124 1083 3183 ὧν
1115 3129 1540 3198 κατατρυφῶσιν
1584 3133 1630 3183 oi
1682 3131 1880 3184 δίκαιοι

383 3293 404 3323 ⁸
430 3291 472 3345 ll
504 3291 630 3346 Cor.
659 3305 735 3358 Vl,
765 3292 852 3346 15.

1992 3133 2078 3184 illa
2126 3128 2274 3198 (57),
2331 3143 2450 3196 qua:
2509 3125 2725 3178 div-item
2776 3121 3070 3188 comburit;
3130 3122 3359 3188 privatio
3410 3123 3554 3176 enim

1569 3381 1887 3441 Francisei
1923 3381 2129 3442 Senrsi
2167 3388 2351 3442 ηοιω.

315 3507 438 3558 luee
472 3501 675 3554 clarius
704 3501 833 3554 mihi
866 3501 1174 3568 perspicere
1226 3501 1412 3553 videor
1458 3500 1703 3566 Gregorii
1739 3515 1883 3554 men-

314 3583 446 3626 tem.
488 3568 661 3638 Negat
709 3571 852 3622 enim
877 3569 1077 3638 [solum
1115 3570 1384 3638 infernum
1419 3585 1537 3622 esse
1572 3571 1746 3622 locum
1781 3571 1879 3622 ali-

313 3658 477 3713 quem
511 3655 578 3713 ex
617 3637 940 3713 necessitate
969 3648 1176 3694 natura:
1225 3637 1418 3713 animm
1448 3637 1881 3713 desﬁnatum,et

317 3707 645 3771 naturalem,
673 3709 825 3776 quasi
878 3709 961 3760 illa
1010 3721 1282 3778 corporea
1313 3707 1404 3760 sit.
1441 3708 1703 3778 Caeterum
1749 3709 1878 3761 nihil

318 3780 645 3836 determinat
683 3781 746 3830 de
790 3777 1166 3840 subterraneo,
1198 3777 1284 3830 .vel
1323 3792 1518 3844 supero
1570 3777 1706 3834 loco.
1736 3780 1877 3844 quod

315 3853 381 3903 ad
409 3858 731 3916 praesentem
752 3848 1099 3912 quaestionem
1130 3848 1344 3899 attinet.
1370 3845 1684 3914 Atqueillnd
1713 3847 1875 3899 etiam

315 3914 532 3985 colligo,
585 3914 904 3980 Gregorium
955 3930 1059 3967 non
1111 3915 1348 3969 eximere
1376 3916 1598 3969 omnino
1644 3917 1876 3968 animum

313 4004 343 4040 a
377 3989 497 4040 loco
527 4000 810 4051 corporeo,
848 3987 986 4052 quod
1011 3995 1260 4038 auctores
1291 3986 1478 4038 dicunt
1512 4000 1671 4051 supra
1704 3985 1875 4049 citati,

313 4061 407 4109 sed
445 4055 583 4106 velle
612 4058 662 4106 in
693 4054 872 4120 aliquo
906 4054 1121 4122 quidem
1157 4067 1276 4107 esse
1331 4055 1471 4116 loco,
1509 4055 1669 4107 modo
1700 4063 1877 4107 tamen

315 4125 607 4192 spirituali,
639 4134 693 4175 et
720 4125 819 4175 sibi
860 4124 1194 4192 COnnaturali
1221 4141 1234 4176 :
1270 4123 1465 4176 deinde
1488 4123 1651 4176 etiam
1684 4123 1880 4192 colligo

321 4190 496 4261 magis
545 4208 844 4259 congruere
875 4194 1031 4245 dictis
1055 4190 1304 4262 Gregorii
1352 4193 1686 4262 opinionem,
1723 4190 1878 4258 quain

315 4265 386 4316 illi
418 4259 494 4314 ile
524 4275 649 4315 aere
679 4263 971 4327 caligineso
1000 4259 1238 4314 tribuunt
1270 4259 1493 4315 Suarins
1520 4273 1573 4315 et
1605 4261 1880 4314 Bellarmi-

319 4348 447 4395 nus;
474 4335 553 4385 sic
582 4333 721 4382 enim
749 4332 907 4397 paulo
941 4333 1076 4382 intra
1125 4332 1289 4383 relata
1323 4331 1482 4382 verba
1521 4333 1712 4384 iterum
1747 4347 1876 4385 con-

1981 3502 2228 3556 arborein
2291 3501 2641 3567 compositam
2688 3508 2864 3564 vocat,
2929 3507 2986 3551 ut
3039 3497 3241 3552 clarum
3292 3508 3393 3552 est.
3426 3498 3559 3555 Vide

1980 3572 2162 3625 itidem
2187 3572 2332 3624 hom.
2368 3571 2454 3624 15.

2051 3641 2162 3711 (56)
2207 3639 2305 3711 llic
2337 3641 2423 3694 ile
2454 3641 2628 3693 Itintut
2661 3649 2756 3692 eet.
2780 3635 2843 3711 Et
2866 3638 2981 3711 bie,
3013 3645 3065 3691 et
3091 3638 3234 3711 apud
3271 3639 3330 3711 ί).
3359 3639 3554 3694 Lucam

1977 3707 2069 3766 est
2119 3726 2216 3763 vox
2253 3710 2435 3764 Graeca
2466 3711 2654 3778 χάσμα
2679 3725 2796 3778 quin
2823 3709 3022 3763 hiatum
3059 3707 3341 3778 signat_._in
3376 3723 3558 3762 nostra

1979 3796 2106 3834 vero
2161 3781 2397 3833 editione
2452 3774 2532 3833 est
2559 3774 2736 3832 c'liaoi.
2781 3778 2884 3830 Sed
2925 3778 2998 3828 nti
3060 3776 3193 3829 bene
3228 3774 3561 3833 Maltlonatus

1980 3859 2146 3913 notat,
2183 3849 2432 3902 fortassis
2465 3866 2528 3902 ex
2560 3863 2743 3902 errore
2771 3847 2820 3899 in
2847 3845 3035 3899 Latino
3061 3860 3154 3907 pro
3206 3848 3439 3910 chasma,
3485 3848 3560 3901 uti

1978 3919 2318 3972 scribendum
2390 3930 2548 3981 esset,
2607 3919 2763 3970 chaos
2785 3914 2947 3968 scribi
3003 3923 3254 3976 imptum.
3298 3916 3558 3968 Cancrum

1982 3990 2096 4042 lure
2159 3987 2380 4040 moralis
2444 3987 2536 4038 τοῦ
2590 3988 2868 4055 χάσματος
2923 3984 3298 4055 interpretatio
3341 3995 3452 4055 est,
3504 3999 3563 4039 ut

1981 4069 2212 4119 caeterze,
2272 4075 2298 4107 ει
2331 4053 2883 4125 Nysseno'desumpta
2937 4053 3050 4125 loco
3091 4053 3270 4125 allato,
3303 4053 3387 4125 ubi
3432 4056 3509 4108 sic
3543 4070 3559 4110 :

1987 4126 2087 4178 llic
2143 4127 2319 4194 igitur,
2368 4120 2422 4178 ut
2456 4142 2568 4178 mea
2623 4126 2832 4192 quidem
2873 4123 3046 4191 opinio
3085 4120 3206 4185 fert,
3265 4123 3438 4194 hiatus
3472 4127 3563 4177 ille

1986 4206 2084 4260 est,
2113 4193 2200 4263 qui
2248 4213 2348 4248 non
2385 4206 2522 4248 terra
2548 4193 2844 4263 discedente
2903 4206 3058 4259 atque
3097 4194 3313 4244 diducta
3353 4193 3431 4260 ﬁt.
3472 4197 3562 4248 sed

1985 4262 2134 4330 quem
2199 4265 2478 4331 judicium,
2554 4281 2645 4333 per
2714 4262 2850 4316 hanc
2928 4263 3086 4314 vitam
3132 4263 3208 4333 in
3294 4267 3562 4316 contraria

1986 4336 2163 4388 studia
2186 4347 2340 4402 atque
2374 4331 2612 4387 instituta
2641 4334 2884 4396 divisum,
2917 4345 3072 4400 atque
3107 4331 3378 4384 diductum
3409 4336 3560 4398 favit.

315 4377 486 4455 cludit
514 4418 525 4452 :
550 4377 807 4466 Quocirtr'a
834 4417 952 4454 cum
983 4402 1092 4452 ltwc
1125 4401 1197 4451 ita
1219 4402 1514 4469 eint,nenio
1537 4417 1628 4452 nos
1654 4401 1873 4467 coegerit
1908 4377 1952 4432 Β
1979 4403 2235 4456 Eamdem
2255 4377 2692 4469 lexplicationein
2747 4377 2884 4456 esse,
2929 4377 3204 4455 Ainbrosii
3277 4405 3374 4456 hoc
3409 4377 3562 4467 Illico,

316 4474 778 4524 subterraneorum
809 4485 852 4523 et
886 4471 1175 4539 inferorum
1221 4468 1426 4521 nomine
1475 4469 1871 4522 subterraneum

315 4541 610 4606 intelligere
644 4542 815 4590 locum
847 4556 865 4593 :
893 4546 1079 4607 quippe
1102 4556 1213 4590 cum
1247 4556 1338 4591 aer
1367 4539 1876 4608 wqualiterundique

313 4622 470 4661 terrae
533 4609 886 4675 circumfusus
914 4611 1000 4674 sit,
1048 4621 1100 4660 ut
1133 4609 1280 4661 nulla
1319 4608 1432 4675 ejus
1483 4625 1606 4676 pars
1649 4609 1711 4659 ab
1739 4610 1878 4662 aeri:

314 4680 560 4744 antplexu
597 4695 778 4741 vacua,
817 4689 864 4730 et
917 4679 1055 4731 nuda
1103 4679 1539 4744 deprehendatur.
1598 4677 1672 4730 Ex
1719 4679 1878 4732 dietis

313 4751 476 4814 igitur
508 4749 769 4802 hactenus
813 4749 941 4802 illud
989 4749 1175 4802 saltem
1212 4749 1342 4800 certi
1389 4748 1548 4801 statui
1581 4757 1780 4816 potest,
1811 4762 1878 4802 ex

318 4827 498 4870 mente
539 4816 761 4886 Nysseni
814 4819 986 4871 locum
1025 4819 1332 4870 animorum
1372 4831 1493 4869 esse
1523 4831 1876 4884 corporeum;

317 4886 623 4953 quicunque
674 4892 887 4941 tandem
944 4888 1030 4940 ille
1072 4891 1161 4952 sit,
1191 4896 1242 4938 et
1276 4887 1364 4938 tibi
1397 4889 1607 4938 dicatur
1649 4901 1792 4951 eSse,
1824 4889 1878 4940 in

311 4971 486 5024 eoque
512 4959 722 5010 animas
754 4975 858 5011 non
891 4956 1355 5022 circumscriptive
1377 4970 1494 5008 esse
1529 4956 1602 5007 ttti
1632 4971 1879 5024 corpora,

313 5032 408 5080 sed
443 5027 730 5095 invisibili,
754 5043 817 5080 ac
857 5028 1122 5096 spirituali
1154 5027 1333 5078 modo.
1363 5025 1559 5096 Eadem
1595 5040 1759 5096 porro
1793 5041 1882 5096 ra-

311 5097 483 5162 tione,
519 5112 653 5150 sano
697 5095 908 5153 scilicet
942 5096 1100 5150 modo
1131 5105 1212 5149 est
1264 5095 1608 5164 intelligenda
1645 5095 1883 5148 delinitio

311 5167 463 5229 Orci,
487 5183 650 5236 quam
701 5169 788 5221 hic
837 5179 1020 5221 noster
1061 5167 1412 5232 Theophanes
1475 5165 1630 5217 atfert
1666 5165 1883 5236 desum-

311 5248 458 5316 ptam
492 5234 562 5318 ab
590 5239 702 5303 illo,
737 5239 829 5307 qui
867 5239 965 5291 fuit
990 5251 1184 5304 scopus
1213 5237 1439 5304 hujusce
1473 5243 1674 5290 nostra:
1699 5234 1885 5304 dispu-

313 5318 557 5362 talionis.

380 5376 517 5446 (54⁸)
587 5378 846 5442 Quoniam
909 5377 1085 5430 homo.
1145 5375 1270 5430 llaec
1323 5376 1483 5446 etiam
1545 5376 1886 5430 ratiocinatio

309 5445 565 5516 execrpta
585 5465 650 5503 ex
678 5450 763 5502 illo
783 5449 1000 5514 DialOgo
1024 5462 1162 5514 sa'pe
1189 5446 1359 5498 relato
1377 5445 1617 5515 Gregorii
1637 5445 1885 5516 Nysseni,

309 5519 397 5574 ubi
435 5519 575 5573 hanc
615 5520 797 5572 divitis
822 5529 874 5571 et
905 5516 1094 5569 Lauri
1129 5518 1432 5584 parabolain
1456 5518 1704 5584 explicat,
1726 5532 1884 5584 quem

307 5590 431 5652 adi;
470 5605 570 5642 nec
597 5594 740 5644 enim
777 5598 860 5642 est
894 5603 1070 5654 operae
1108 5588 1209 5639 line
1239 5602 1300 5639 ea
1340 5585 1650 5640 transferre.

379 5657 493 5727 (55)
527 5659 830 5713 Composita
863 5673 915 5711 se
969 5659 1174 5709 arbore.
1222 5655 1472 5710 Scientia:
1508 5658 1657 5723 boni,
1680 5668 1729 5713 el
1761 5658 1885 5714 mali

636 5755 907 5813 PATROL.
941 5752 1056 5814 GR.
1087 5749 1352 5815 CXXXII
1363 5793 1376 5808 .

1977 4473 2266 4541 Augustini
2326 4473 2417 4527 lib.
2468 4489 2518 4542 tt,
2548 4473 2746 4536 Qua'st.
2819 4485 3004 4538 evang.
3043 4485 3162 4542 cap.
3213 4471 3564 4542 58,('hrysn-

1986 4538 2171 4612 silenti,
2232 4542 2408 4605 Beda),
2479 4541 2864 4612 Tlieopbylaeti
2941 4538 3339 4612 ct_F.uihynni
3403 4538 3564 4595 refert

1979 4611 2333 4674 Maldonatus,
2372 4630 2488 4664 eam
2545 4609 2719 4664 ctiam'
2771 4612 2874 4677 legi
2912 4613 2962 4663 in
3008 4609 3222 4663 Asterio
3273 4613 3562 4665 Αιιιςιεμιιυ,

2057 4681 2167 4750 (57)
2193 4682 2267 4736 De
2299 4684 2514 4750 ﬂamma
2535 4681 2651 4735 illa.
2688 4680 2971 4750 Nyssenns
2993 4681 3204 4747 dialogo
3239 4693 3397 4750 Supra
3423 4697 3563 4748 θωνα

1983 4748 2389 4806 tnemoratosit
2439 4753 2641 4804 habet:
2673 4748 2796 4812 Τοῖς
2857 4749 2911 4800 δὲ
2962 4749 3234 4818 λοιποίςὴ
3275 4748 3382 4798 τῶν
3441 4768 3561 4817 φαι-

1985 4823 2225 4888 νομένων
2271 4823 2454 4882 αὐτοῖς
2499 4820 2721 4885 ἀγαθῶν
2759 4820 3014 4887 στέρησις
3059 4818 3188 4890 φλὸξ
3222 4819 3432 4890 γίνεται
3464 4821 3563 4890 τὴν

1983 4887 2160 4962 ψυχὴν
2193 4891 2596 4961 διασμήχουσα,
2629 4891 2836 4962 ῥανίδας
2863 4890 3031 4962 τινὸς
3057 4888 3245 4962 ἑκήτοῦ
3291 4887 3564 4962 πελάγους

1984 4958 2094 5014 τῶν
2117 4958 2246 5024 τοὺς
2276 4958 2454 5021 ὁσίους
2505 4958 2983 5030 περικλυζομένων
3005 4958 3234 5030 ,ἀγαθῶν
3258 4958 3350 5030 ,εἰς
3381 4975 3564 5028 παρα·

1989 5031 2186 5102 μυθίαν
2205 5028 2598 5102 προσδεομένη,
2629 5034 2720 5081 καὶ
2751 5030 2811 5102 ού
2845 5028 3207 5102 τυγχάνουσα.
3239 5028 3368 5094 Qua:
3403 5032 3560 5083 verba

1988 5096 2066 5157 sic
2093 5096 2481 5167 interpretatur
2538 5096 2858 5152 Laurentius
2915 5096 3175 5163 Sil'anius,
3213 5113 3364 5165 rupis
3397 5101 3559 5153 inter-

1989 5172 2343 5240 pretationem
2381 5172 2647 5224 recensuit
2669 5178 2848 5240 noster
2881 5168 3198 5240 Franciscus
3222 5168 3560 5240 Turrianus:

1989 5238 2220 5310 Reliquis
2251 5253 2423 5310 autem
2452 5256 2651 5299 eorum,
2683 5253 2798 5308 qum
2821 5239 2952 5289 bona
2985 5238 3223 5290 vitientur
3249 5238 3338 5288 .eis
3357 5239 3560 5301 elei-tio,

1987 5312 2314 5380 privatioque
2335 5309 2549 5378 ﬂamma
2576 5310 2805 5360 animant
2829 5323 3074 5374 perurens
3098 5313 3335 5380 exsistit,
3359 5318 3561 5380 guttam

1990 5377 2238 5450 aliquant
2259 5377 2526 5450 ex'pelago
2558 5382 2830 5450 bonorum,
2881 5380 3068 5444 quibus
3101 5379 3286 5450 sancti
3327 5377 3560 5444 αῃιηυηι,

1989 5464 2036 5504 et
2079 5447 2379 5514 abundant,
2436 5449 2502 5499 ad
2544 5447 2952 5500 consolationem
3000 5448 3324 5503 desiderans,
3368 5457 3417 5496 et
3461 5463 3560 5498 non

1993 5521 2308 5589 adipiscens.
2370 5516 2445 5589 Ex
2495 5534 2596 5585 qua
2659 5519 2901 5571 versione
2931 5529 3152 5589 apparet
3213 5520 3561 5589 interpretem

1996 5586 2329 5644 intellexisse
2376 5587 2692 5656 Gregorium
2718 5590 2784 5639 de
2822 5591 2974 5639 bonis
3003 5586 3220 5653 hujusce
3251 5587 3370 5637 vita:
3403 5602 3537 5652 :ippa

1991 5659 2270 5724 rentibus;
2315 5674 2434 5726 qua:
2487 5655 2714 5727 improbi
2748 5659 3044 5726 elegerant,
3107 5655 3408 5727 quibusque
3439 5669 3561 5710 cunt

3166 5747 3201 5808 9
