3990 6202
348 298 452 361 269

1712 304 2041 365 HOMlLlA
2078 308 2249 370 VIII.
2314 378 2323 385 κ

3478 316 3587 379 ἓῖθ

343 413 447 467 κᾶν
509 414 593 475 είς
635 410 706 464 τὰ
754 414 1032 481 στοιχεῖα,
1077 414 1137 481 ἐξ
1180 408 1254 467 ὧν
1302 415 1602 487 συνέστηκε
1642 417 1887 487 λέλυται)

2019 420 2260 488 qualibet
2291 420 2492 483 anima,
2539 422 2786 488 quamvis
2836 424 2888 477 in
2939 424 3226 491 elementa,
3277 442 3343 482 ex
3387 430 3587 498 quibus

339 504 400 558 τὸ
429 503 661 573 δυνάμει
691 503 791 573 μὲν
820 503 901 567 δν,
942 506 1196 577 ἐνεργείᾳ
1229 507 1286 561 δὲ
1319 508 1686 578 γενησόμενον
1746 527 1915 582 προσ⁶

338 596 602 665 εδήλωσε.
631 596 893 650 Λείπεται
924 594 1021 652 οὖν
1047 600 1195 669 ήμᾶς
1226 600 1404 653 ἐκεῖνο
1433 601 1775 672 ζητήσαντας
1812 620 1917 673 μα-

338 687 475 752 θεῖν,
525 687 698 751 πῶςό
732 690 789 742 ὲν
837 691 905 760 τῇ
953 690 1182 764 τοιαύτῃ
1231 692 1578 763 σμηχόμενος
1631 696 1908 765 συμφορᾷ,

337 777 599 847 φροντίδα
638 781 875 833 ποιεῖται
910 781 1017 835 τῶν
1048 781 1153 834 ὑπὸ
1195 784 1301 851 γῆς
1337 784 1479 838 κατὰ
1527 783 1687 853 γένος
1734 802 1910 856 προσ-

335 870 582 939 ηκόντων
605 871 775 941 αὐτῷ’
815 874 952 942 φησὶ
977 873 1090 944 γὰρ
1128 876 1267 945 πρὸς
1286 876 1378 929 τὸν
1395 878 1764 950 πατριάρχηνο

416 1050 639 1119 Ἐρωτῶ
694 1068 778 1115 σε,
811 1053 1013 1123 Πάτερ,
1058 1053 1147 1108 ἶνα
1207 1055 1435 1128 πέμψῃς
1491 1057 1655 1110 αὐτὸν
1693 1058 1770 1121 είς
1810 1059 1909 1129 τὴν

329 1143 514 1197 οἰκίαν
572 1143 667 1197 τοῦ
719 1145 929 1214 πατρός
990 1162 1093 1215 μου
1122 1161 1136 1175 ·
1163 1147 1270 1217 ἑχω
1295 1149 1405 1218 γὰρ
1432 1149 1593 1203 πέντε
1621 1150 1905 1220 ἀδελφοὺς,

329 1234 484 1297 ὅπως
531 1234 974 1305 διαμαρτύρηται
1027 1237 1232 1303 αὐτοῖς,
1267 1238 1352 1292 ἵνα
1408 1239 1484 1309 μὴ
1512 1241 1607 1295 καὶ
1639 1242 1792 1295 αὐτοὶ
1817 1242 1904 1296 ἐλ-

329 1324 502 1380 θωσιν
547 1327 627 1390 είς
670 1328 761 1381 τὸν
806 1329 970 1382 τόπον
1025 1331 1123 1400 τῆς
1173 1331 1429 1400 βασάνου.
1456 1353 1474 1385 ι
1505 1334 1615 1387 Καὶ
1654 1336 1906 1406 Ἀϐραὰμ

329 1419 599 1484 εἰπόντος,
630 1421 707 1481 ὡς
738 1421 901 1488 ἀρκεῖ
923 1422 1137 1485 τούτοις
1164 1426 1196 1493 ὴ
1230 1425 1296 1477 ἐκ
1324 1424 1418 1477 τοῦ
1458 1427 1622 1495 νόμου
1667 1428 1762 1481 καὶ
1794 1428 1904 1483 τῶν

327 1509 629 1579 προφητῶν
662 1512 1005 1582 χειραγωγία
1030 1526 1046 1541 ο
1081 1530 1099 1564 t
1142 1515 1366 1584 Ἔχουσι
1405 1515 1535 1584 γὰρ,
1582 1519 1739 1588 φησι,
1775 1520 1901 1574 Μω-

328 1602 430 1654 σέα
468 1602 564 1655 καὶ
611 1603 759 1665 τοὺςι
774 1605 1081 1674 προφήτας.
1112 1625 1132 1657 ι
1171 1607 1295 1659 Ἔτι
1340 1608 1737 1680 προσελιπάρει
1782 1626 1903 1665 πει-

326 1692 647 1764 θανωτέρσν
676 1696 1007 1766 γενήσεσθαι
1034 1697 1217 1761 αὐτοῖς
1239 1697 1441 1767 λέγων,
1465 1700 1564 1771 τὴν
1584 1701 1680 1754 τοῦ
1703 1703 1900 1774 νεκροῦ

2018 512 2373 565 constitutum
2400 521 2536 578 erat,
2566 514 2638 566 sit
2662 513 3032 587 dissolutum),
3051 534 3171 575 esse
3195 521 3411 590 quidem
3441 541 3584 580 nunc

2016 601 2147 657 illud
2159 611 2421 670 potestate
2432 604 2564 674 (59),
2579 605 2815 659 futurum
2834 624 2958 663 vero
2972 620 3094 664 actu
3123 614 3369 682 prazsigni
3380 616 3557 670 llcavit
3569 656 3584 671 .

2017 692 2274 763 Superest
2310 692 2416 764 52
2452 695 2645 763 igitur,
2678 705 2733 748 ut
2763 712 3066 765 quazramus
3116 702 3266 772 (60),
3314 710 3585 773 quomodo

2015 783 2081 847 is,
2129 785 2220 853 qui
2264 784 2570 853 hujusmodi
2625 787 2934 842 calamitate
2968 790 3160 853 uritur,
3207 808 3390 847 curant
3445 799 3588 867 gerit

2012 889 2198 927 eorum
2229 874 2320 943 qui
2355 889 2415 929 se
2444 889 2608 943 super
2638 884 2834 928 terram
2867 877 3080 944 generis
3107 882 3424 948 cognatione
3455 901 3583 939 con-

2014 966 2243 1044 tingunt.
2274 964 2410 1020 Nam
2452 966 2771 1034 patriarcha:
2799 966 2929 1020 dicit
2967 986 2981 1021 :

2089 1092 2108 1125 ι
2144 1074 2292 1143 Rogo
2325 1086 2394 1139 te,
2431 1075 2607 1137 Pater,
2634 1084 2692 1129 ut
2718 1076 2901 1130 mittas
2931 1092 3054 1131 eum
3088 1078 3139 1132 in
3167 1079 3382 1134 donmm
3413 1086 3583 1152 patris

2010 1168 2113 1222 mei
2150 1186 2164 1222 :
2205 1169 2377 1222 habeo
2404 1168 2546 1221 enim
2583 1170 2819 1238 quinque
2852 1169 3069 1237 fratres,
3104 1181 3158 1224 ut
3192 1182 3418 1228 testetur
3454 1176 3579 1238 illis,
3667 1229 3673 1234 .

2008 1272 2075 1313 ne
2101 1269 2154 1313 et
2184 1260 2282 1328 ipsi
2327 1259 2540 1313 veniant
2587 1261 2638 1313 iu
2683 1261 2827 1314 hunc
2875 1261 3050 1315 locum
3097 1272 3513 1320 tormentorum.
3553 1287 3571 1317 ι

2006 1347 2252 1419 Cumque
2284 1350 2515 1404 dixisset
2545 1350 2906 1416 Abrahamus,
2939 1351 3183 1408 sufficere
3224 1355 3325 1417 eis,
3370 1357 3511 1425 quod
3548 1373 3578 1410 a

2006 1439 2141 1510 lege,
2188 1456 2253 1495 ac
2282 1442 2557 1510 prophetis
2606 1441 3038 1496 manuducantur
3069 1460 3082 1497 :
3118 1463 3137 1495 ι
3174 1443 3405 1512 Habent,
3436 1448 3577 1502 enim

2005 1530 2180 1599 inquit
2232 1530 2466 1600 Moysem
2525 1543 2578 1586 et
2631 1533 2921 1602 prephetas
2973 1553 2993 1584 ι
3046 1536 3339 1603 perorabat
3404 1540 3581 1594 adhuc

2003 1622 2207 1685 dicens,
2236 1622 2442 1677 facilius
2470 1622 2550 1677 eis
2586 1638 2985 1691 persuasurum,
3017 1623 3064 1679 si
3110 1636 3354 1680 mortuus
3383 1626 3580 1697 aliquis

2005 1714 2357 1768 excitaretur.
2407 1713 2557 1779 Quod
2606 1714 2772 1782 igitur
2813 1730 2877 1769 ex
2921 1714 3007 1769 his
3053 1718 3244 1783 dogma
3283 1718 3582 1772 discimus?

322 1784 651 1842 ἀναϐίωσιν.
688 1785 753 1839 Τί
810 1782 903 1841 οὖν
934 1790 993 1841 ὲν
1031 1787 1244 1852 τούτοις
1290 1790 1467 1860 δόγμα
1524 1793 1891 1865 μανθάνομενς

2005 1806 2268 1860 Nimirum
2328 1804 2590 1860 Lazarum
2637 1806 2851 1874 quidem
2913 1782 3171 1877 tanquam
3219 1810 3311 1877 qui
3361 1819 3575 1877 portum

336 1874 562 1945 Ἐπειδὴ
589 1878 616 1927 ὁ
641 1875 741 1945 μὲν
769 1876 1043 1946 Λάζαρος,
1085 1878 1162 1941 ὡς
1190 1880 1247 1931 ὲν
1276 1879 1456 1948 λιμένι
1508 1882 1902 1953 καθορμισθεὶς

321 1963 556 2033 ἄσχολος
583 1962 652 2033 ἦν
678 1965 815 2036 πρὸς
839 1967 993 2020 οὐδὲν
1022 1966 1130 2019 τῶν
1158 1971 1216 2020 ὲν
1235 1972 1300 2039 τῇ
1322 1972 1393 2041 γῇ
1419 1970 1556 2035 ὅλως
1574 1973 1899 2043 ἐπιστρεφό-

325 2074 492 2125 μενος
515 2072 529 2085 ο
560 2058 710 2118 τίνος
743 2058 853 2126 γὰρ
884 2058 949 2111 ἂν
978 2059 1069 2111 καὶ
1098 2059 1343 2130 ἐμνήσθη
1381 2063 1609 2133 μηδενὸς
1656 2065 1899 2118 ἀπολαύ-

323 2163 427 2209 σας
453 2145 563 2198 τῶν
595 2147 737 2199 κατὰ
794 2149 887 2200 τὸν
920 2147 1033 2217 βίον
1085 2150 1259 2219 ἡδέων
1290 2168 1304 2216 ;
1352 2150 1413 2205 '0
1434 2153 1490 2206 δὲ
1538 2155 1789 2219 πλούσιος
1829 2161 1896 2228 τῇ

319 2239 509 2307 τρυφῇ
550 2237 907 2292 ἑναποθανὼν
939 2239 1020 2292 ἔτι
1059 2241 1315 2310 καθάπερ
1340 2245 1450 2297 τινὶ
1480 2245 1646 2319 κόλλῃ
1675 2250 1740 2318 τῇ
1762 2265 1895 2317 σαρ-

322 2330 448 2399 κίνῃ
477 2329 615 2399 ζωῇ,
651 2330 747 2382 καὶ
776 2330 916 2399 μετὰ
953 2331 1184 2384 θάνατον
1222 2332 1402 2403 ἴσχετο
1424 2350 1438 2364 ·
1473 2336 1555 2389 ἔτι
1597 2337 1708 2408 γὰρ
1752 2339 1897 2409 αύτῷ

316 2419 410 2474 διὰ
460 2421 743 2490 φροντίδος
782 2416 850 2492 ἦν
876 2425 908 2491 η
961 2422 1266 2493 ἡδυπάθεια
1293 2426 1392 2494 τῆς
1429 2429 1651 2499 σαρκὸς,
1685 2432 1777 2484 καί
1800 2431 1895 2484 τοῦ

319 2510 580 2580 αἵματος.
606 2514 686 2564 Δι’
714 2505 790 2565 ὧν
818 2514 925 2584 γὰρ
945 2515 1057 2567 τῶν
1086 2516 1212 2569 καθ’
1233 2512 1373 2587 αἷμα
1389 2523 1895 2592 προσωκειωμένῳν

319 2603 595 2674 ἐμνήσθη,
643 2604 802 2674 δῆλος
861 2600 930 2676 ἦν
978 2607 1145 2678 μήπω
1172 2608 1271 2677 τῆς
1298 2612 1567 2681 σαρκίνης
1605 2612 1893 2678 ἀπολυθεὶς

320 2695 719 2766 προσπαθείας.
748 2697 847 2750 Διὰ
902 2698 1061 2751 τοῦτο
1101 2701 1211 2768 γάρ
1258 2718 1392 2770 φησι
1430 2705 1526 2756 καὶ
1555 2704 1718 2757 πέντε
1750 2701 1891 2760 εἶναι

316 2789 447 2849 τοὺς
486 2788 885 2852 κοινωνοῦντας
917 2790 1068 2861 αὐτῷ
1100 2794 1195 2845 τοῦ
1241 2794 1433 2862 γένους
1463 2796 1540 2859 ὡς
1572 2795 1892 2868 διαιρουμέ-

317 2895 416 2949 νης
444 2880 692 2950 πενταχῆ
742 2880 842 2950 τῆς
893 2881 1218 2952 αἰσθήσεως.
1280 2886 1529 2941 Δείκνυσι
1581 2889 1762 2944 τοίνυν
1803 2890 1891 2946 διὰ

317 2970 541 3025 πάντων
574 2971 605 3023 ὁ
652 2969 876 3042 Κύριος,
904 2973 980 3037 ὡς
1002 2974 1054 3027 εἴ
1094 2992 1178 3039 τις
1206 2977 1343 3040 ὅλως
1403 2978 1472 3032 δι’
1498 2978 1622 3032 ὅλου
1651 2982 1894 3055 ἀποσαρο

318 3061 528 3130 κωθείη
553 3064 621 3130 τῇ
656 3061 866 3134 διανοίᾳ
906 3066 1086 3119 πᾶσαν
1129 3068 1308 3138 ψυχῆς
1346 3068 1584 3139 κίνησιν,
1616 3072 1709 3125 καὶ
1736 3072 1888 3144 ὲνέρ-

315 3169 473 3222 γειαν
528 3156 590 3205 ἐν
643 3155 756 3214 τοῖς
811 3130 1083 3226 θελήμασι
1143 3130 1487 3231 vritis-capite;
1537 3130 1887 3233 ἀσχολῶνξὸ
1913 3130 1958 3195 C

313 3247 558 3311 τοιοῦτος
581 3247 704 3301 οὐδὲ
727 3248 823 3319 τῆς
847 3250 1050 3319 σαρκὸς
1074 3249 1179 3314 ἔξω
1210 3251 1297 3305 διὰ
1322 3252 1551 3308 θανάτου
1573 3257 1883 3327 γενόμενος,

312 3342 423 3392 τῶν
446 3341 573 3393 κατ’
605 3339 777 3407 αὐτὴν
809 3340 1156 3412 παθημάτων
1195 3346 1514 3415 χωρίζεται,
1540 3347 1656 3401 ἀλλ’
1680 3349 1755 3412 ὡς
1793 3349 1887 3421 1ξῷ

312 3450 417 3486 τινι
469 3437 537 3504 τῇ
589 3434 689 3501 τῆς
758 3434 1086 3502 ἡδυπαθείας
1138 3437 1397 3510 συνηθείᾳ
1455 3438 1751 3509 ἐνίσχεται,
1786 3441 1887 3494 Διὰ

310 3524 522 3578 τούτων
572 3525 666 3577 οὖν
701 3525 1109 3592 παιδευθέντες,
1161 3528 1458 3598 ἀγαπητοὶ,
1496 3531 1887 3602 σπουδάσωμεν

309 3615 400 3670 διὰ
441 3616 545 3686 τῆς
576 3618 699 3669 κατ’
724 3618 927 3687 ἀρετήν
949 3617 1097 3688 ζωῆς
1121 3620 1457 3689 χωρίζεσθαι
1477 3638 1614 3688 πως,
1638 3624 1732 3676 καὶ
1753 3625 1889 3677 ἀπο-

312 3709 543 3762 λύεσθαι
579 3712 677 3779 τῆς
706 3710 843 3781 πρὸς
868 3711 935 3763 τά
964 3711 1127 3781 γήϊνα
1159 3712 1421 3782 σχέσεως,
1451 3714 1538 3768 ίνα
1566 3715 1705 3783 μετὰ
1728 3716 1888 3771 θάνα-

314 3818 407 3854 τον
444 3800 523 3871 μὴ
556 3802 818 3872 φέρωμεν
849 3802 917 3855 τὰ
939 3802 1167 3871 λείψανα
1218 3804 1320 3874 τῆς
1364 3808 1675 3876 σαρκώδους
1715 3810 1881 3880 ζωῆς,

312 3888 402 3947 οἶά
429 3910 556 3947 τινα
582 3893 798 3964 γλυώδη
838 3895 1012 3966 πηῖὸν
1045 3897 1141 3950 καὶ
1172 3896 1454 3967 ἐχέκολλον
1479 3915 1492 3927 ’
1524 3899 1659 3954 ἀλλὰ
1710 3902 1882 3956 καθά-

311 4003 419 4057 περ
443 3985 590 4049 τινος
618 3986 818 4055 δεσμοῦ
845 3988 1276 4058 περιρραγέντος
1323 3990 1416 4043 τοῦ
1446 3991 1722 4062 σώματος,
1754 3994 1882 4047 κοῦ-

313 4093 435 4144 φος,
490 4077 583 4130 καὶ
614 4076 804 4140 ἄνετος
842 4079 908 4148 τῇ
934 4077 1079 4149 ψυχῇ
1108 4080 1139 4131 ὁ
1166 4080 1303 4150 πρὸς
1350 4081 1412 4133 τὸ
1432 4083 1635 4149 ἀγαθὸν
1658 4084 1884 4155 γένηται

312 4171 538 4240 δρόμος,
576 4167 697 4222 οὐδὲ
734 4171 865 4237 μιᾶς
893 4171 1068 4240 αὐτὴν
1096 4172 1361 4243 σαρκίνης
1403 4174 1696 4244 ἀχθηδόνος
1745 4177 1884 4248 πρὸς

307 4259 513 4330 ἑαυτὴν
565 4261 930 4357 ὑφελκούσης,
960 4263 1057 4316 καὶ
1104 4261 1278 4327 οὕτως
1328 4264 1481 4318 ἔσται
1535 4265 1624 4320 διὰ
1679 4267 1881 4331 παντὸς

2001 1897 2227 1964 ceperit,
2279 1898 2381 1951 hoc
2430 1906 2779 1951 consecutum
2828 1894 3016 1963 fuisse,
3068 1906 3126 1951 ut
3169 1899 3315 1952 omni
3355 1913 3577 1968 prorsus

2002 2004 2181 2044 rerum
2222 1998 2562 2043 terrenarum
2594 2003 2722 2043 cura
2751 1999 2968 2043 vacaret
3002 2005 3018 2043 :
3049 1990 3181 2059 quid
3215 1991 3358 2044 enim
3394 2006 3579 2045 recor-

1999 2082 2238 2145 daretur,
2268 2081 2359 2151 qui
2393 2080 2538 2134 nulla
2581 2096 2640 2136 re
2674 2082 2971 2136 delectatus
3003 2082 3178 2135 fuerat
3209 2096 3418 2146 eartnn,
3454 2098 3573 2152 qua:

1994 2155 2052 2225 t’n
2098 2172 2199 2226 hac
2246 2172 2350 2225 vita
2393 2172 2643 2240 iucundae
2677 2172 2986 2227 habentur?
3020 2172 3248 2226 Divitem
3302 2187 3447 2238 vero,
3481 2177 3572 2244 qui

1999 2259 2051 2313 in
2081 2259 2227 2325 luxu,
2252 2270 2307 2315 et
2335 2261 2534 2316 divitiis
2567 2261 2706 2316 diem
2739 2261 2970 2324 obierat,
2999 2261 3164 2315 etiam
3198 2272 3317 2329 pust
3345 2273 3573 2317 mortem

1998 2359 2254 2421 tanquam
2297 2352 2502 2422 glutino
2543 2352 2774 2422 quodam
2820 2354 3061 2408 carnalis
3098 2354 3222 2408 vita:
3248 2354 3520 2409 detentum
3558 2374 3571 2409 :

1997 2444 2193 2514 quippe
2221 2444 2612 2498 oblectamenta
2652 2445 2833 2500 carnis
2863 2455 2916 2500 et
2946 2445 3226 2514 sanguinis
3260 2447 3425 2502 etiam
3461 2457 3571 2502 tum

1998 2535 2071 2589 illi
2107 2550 2253 2590 cum
2283 2546 2459 2590 erant.
2506 2535 2640 2590 Cum
2687 2537 2830 2591 enim
2867 2537 3170 2591 meminerit
3210 2552 3419 2603 eorum,
3454 2541 3575 2606 qui-

1995 2623 2219 2678 buscum
2244 2624 2508 2694 sanguine
2528 2625 2847 2694 conjunctus
2866 2634 3008 2693 erat,
3023 2626 3307 2682 manifeste
3329 2612 3570 2682 ostendit

1994 2716 2062 2771 ab
2082 2708 2457 2771 aﬂ’ectionibus
2478 2717 2661 2772 carnis
2682 2718 2916 2771 nondum
2943 2732 3007 2772 se
3031 2732 3149 2773 esse
3172 2717 3418 2773 liberum.
3435 2719 3569 2774 Nam

1993 2816 2048 2864 et
2077 2808 2280 2864 idcirco
2310 2808 2443 2864 dicit
2468 2813 2706 2879 quinque
2732 2824 2853 2865 esse
2881 2824 2997 2874 eos,
3026 2811 3115 2879 qui
3150 2826 3332 2867 secum
3366 2827 3570 2882 cogna-

1994 2902 2143 2958 tione
2190 2901 2465 2970 conjuncti
2512 2910 2687 2967 erant,
2733 2904 2875 2972 quod
2924 2904 3192 2959 sentiendi
3240 2903 3470 2960 facultas
3512 2905 3567 2959 in

1991 2994 2229 3065 quinque
2268 2995 2341 3049 sit
2384 2993 2689 3050 distributa.
2735 2993 2984 3049 Ostendit
3022 3009 3150 3065 ergo
3192 2997 3442 3052 omnibus
3482 2996 3572 3051 his

1991 3083 2272 3150 Dominus,
2304 3085 2349 3141 si
2383 3085 2503 3153 quis
2537 3092 2708 3139 totum
2736 3098 2795 3139 se
2833 3085 3047 3154 penitus
3092 3086 3265 3153 carni,
3301 3097 3480 3142 mente
3512 3100 3567 3141 et

1994 3174 2321 3245 eugitatione
2351 3172 2640 3239 dediderit,
2677 3187 2867 3227 omnes
2906 3173 3097 3227 animte
3131 3183 3326 3241 motus,
3360 3183 3414 3228 et
3443 3189 3573 3244 ope-

1995 3267 2230 3319 ratioues
2270 3264 2321 3317 in
2367 3264 2781 3333 appetitionibus
2807 3267 2986 3321 carnis
3014 3280 3296 3330 exercens,
3325 3282 3446 3321 eum
3478 3267 3566 3336 qui

1994 3365 2076 3409 est
2128 3351 2474 3426 hujusmOdi,
2527 3370 2594 3408 ne
2625 3355 2737 3424 per
2785 3366 3010 3410 mortem
3062 3357 3278 3425 Quidem
3330 3372 3359 3411 a
3406 3372 3568 3412 carne

1996 3449 2316 3516 disjunctum
2352 3449 2420 3502 ab
2458 3448 2599 3502 illius
2626 3449 2972 3517 passiunibus
3005 3463 3128 3504 esse
3157 3460 3441 3513 remotum,
3472 3453 3565 3504 sed

1996 3542 2048 3596 in
2083 3542 2352 3596 consuetis
2382 3540 2742 3608 voluptatibus
2776 3552 3031 3611 tanquam
3068 3543 3121 3597 in
3155 3544 3301 3598 visco
3335 3544 3563 3598 inhaere-

1994 3645 2165 3687 scere.
2204 3630 2301 3687 His
2336 3630 2500 3701 igitur
2534 3632 2734 3699 edocti,
2765 3633 3091 3697 charissitni,
3128 3632 3440 3686 studeamus
3471 3649 3566 3702 per

1994 3724 2158 3778 vitam
2204 3737 2325 3777 cum
2375 3723 2571 3777 virtute
2617 3733 2791 3776 actam
2840 3722 3017 3776 divelli
3064 3724 3460 3792 quodammodo
3501 3738 3565 3778 ac

1994 3815 2213 3871 liberari
2234 3817 2301 3871 ab
2322 3815 2514 3870 affectu
2538 3824 2872 3870 terrenarum
2897 3830 3097 3879 rerum,
3125 3831 3190 3870 ne
3213 3826 3331 3883 post
3356 3817 3561 3870 obitum
3662 3812 3665 3817 ’

1990 3907 2246 3977 reliquias
2269 3909 2392 3961 vitat
2417 3907 2653 3961 carnalis
2682 3916 2937 3976 tanquam
2964 3907 3132 3961 lutum
3155 3911 3421 3975 quoddam
3448 3909 3567 3977 glu-

1988 3995 2255 4058 tinosum,
2302 4010 2367 4049 ac
2413 4004 2569 4049 tenax
2614 3997 2900 4050 nobiscum
2949 3993 3204 4059 feramus,
3250 3997 3345 4050 sed
3394 3997 3562 4064 ruptis

1988 4086 2140 4153 quasi
2188 4085 2509 4154 quibusdam
2558 4084 2787 4140 vinculis
2835 4087 3098 4152 corporis,
3138 4086 3269 4141 levis
3303 4097 3360 4142 et
3402 4101 3562 4157 expe-

1986 4177 2130 4231 ditus
2164 4176 2230 4230 ad
2275 4191 2541 4231 summum
2577 4177 2773 4231 bonum
2807 4176 2901 4232 flat
2940 4178 3134 4233 animat
3163 4193 3378 4245 cursus,
3414 4180 3561 4233 nulla

1986 4283 2104 4323 eam
2153 4268 2218 4322 ad
2268 4282 2326 4324 se
2375 4268 2623 4323 trahente
2672 4267 2917 4324 molestia
2964 4269 3181 4337 carnis;
3230 4282 3286 4327 et
3334 4271 3407 4325 ita
3456 4271 3562 4326 erit

1570 4404 1893 4467 Francisci
1925 4408 2131 4469 Scorsi
2163 4414 2351 4469 notas.

306 4520 827 4605 Grcgoriiulﬂysseni
860 4524 1132 4605 doctrina
1184 4528 1256 4605 iu_
1263 4599 1273 4605 _
1298 4530 1608 4605 supradicto
1653 4530 1887 4605 dialogo,

1994 4531 2205 4605 BstAart
2243 4531 2476 4605 μάλιστα
2504 4532 2630 4596 τοὺς
2658 4535 2717 4605 εν
2745 4533 2912 4605 σαρκὶ
2942 4532 3283 4602 βιοτεύοντας
3316 4532 3405 4605 διᾲ
3461 4538 3558 4605 τῆς

305 4593 631 4669 q_ueui_mibi
660 4609 763 4669 non
792 4604 875 4669 est
899 4596 1119 4669 dubium
1153 4612 1181 4650 a
1212 4593 1537 4664 Theophane
1564 4593 1881 4669 signiﬁcari,

306 4667 449 4717 sicut
480 4661 533 4714 in
566 4663 749 4736 tn‘ultis
769 4663 919 4736 aliis,
956 4675 1064 4719 tota
1097 4667 1197 4720 hac
1221 4661 1463 4722 homilia.
1492 4661 1757 4724 Cancrum
1787 4661 1880 4736 an,

305 4744 359 4786 ct
389 4732 661 4808 quomodo
693 4734 873 4808 anima
907 4745 1152 4808 separata
1178 4736 1438 4805 intelligat
1475 4748 1529 4793 et
1567 4732 1880 4808 singularia,

306 4812 460 4877 etei
494 4816 613 4868 qua:
645 4802 698 4877 in
761 4803 861 4857 hac
902 4805 1025 4877 vita
1062 4817 1233 4877 ‘sunt,
1306 4802 1596 4877 cognoscat
1646 4802 1882 4877 disputat

306 4869 369 4923 ι).
398 4869 639 4924 Thomas
668 4874 725 4948 _in
755 4888 828 4937 tv,
882 4875 1009 4929 dist.
1053 4874 1105 4939 1,
1138 4886 1329 4945 quaest.
1363 4869 1416 4942 ἴ,
1450 4877 1695 4933 articulis
1733 4869 1879 4948 'qua-

308 4950 449 5001 tuor,
474 4955 634 5010 quem
667 4941 800 5008 lege.

376 5008 645 5085 (59)ξΕειε
674 5011 880 5085 quidem
901 5021 1178 5085 potestate.
1206 5014 1541 5071 Scholastice
1560 5015 1648 5070 hic
1676 5017 1880 5085 planis-

298 5081 440 5153 sime
491 5080 730 5147 loquitur
781 5083 867 5135 hic
903 5080 1082 5139 Pater
1117 5088 1181 5138 de
1224 5100 1450 5153 corpore
1499 5080 1781 5148 dissoluto.
1826 5097 1879 5141 et

300 5160 677 5226 resurrecturo
709 5166 960 5226 supremo
984 5154 1097 5226 die_
1116 5154 1342 5226 loquens
1381 5155 1610 5226 δυνάμει
1652 5156 1751 5225 μὲν
1796 5156 1875 5222 ὃν,

297 5219 558 5290 ἐνεργείᾳ
579 5219 636 5271 δὲ
653 5221 1039 5294 γενησόμενον.
1068 5219 1311 5277 Potentia
1333 5219 1546 5294 quidem
1594 5219 1711 5292 est;
1736 5219 1877 5282 [ιιιυέ

300 5305 416 5343 runt
453 5304 582 5341 vero
617 5302 760 5343 actu.
787 5290 924 5356 Quid
955 5293 1225 5347 coneisins
1245 5305 1300 5346 et
1340 5290 1556 5350 verius?

370 5358 487 5427 (60)
536 5355 1057 5437 Superesti’giturqtt
1089 5379 1408 5437 quazramtts.
1450 5364 1600 5437 Hanc
1623 5369 1877 5437 quaestio-

296 5444 420 5509 nem
467 5439 645 5507 movet
677 5428 946 5509 Nyssénus
1011 5432 1064 5484 iu
1091 5428 1233 5509 sarpe
1257 5435 1435 5509 citato
1469 5428 1700 5509 dialogo,
1730 5439 1880 5509 cuius

297 5499 464 5553 verba
498 5498 626 5564 quia
643 5500 921 5573 continent
943 5498 1202 5556 moralem
1251 5498 1664 5573 expositionem,
1686 5498 1743 5562 et
1767 5498 1880 5563 do-

299 5578 633 5631 cumentum,
674 5568 834 5622 simul
866 5579 922 5643 ut
947 5641 956 5643 4
979 5586 1283 5640 congruens
1326 5568 1674 5643 Theophanis
1707 5577 1878 5632 nostri

297 5651 495 5692 sensus
518 5649 863 5703 agnoscatur,
905 5641 993 5695 hic
1019 5643 1251 5696 rcl‘eram
1282 5660 1296 5697 :
1336 5643 1432 5696 Ἐκ
1457 5641 1663 5700 τούτων
1683 5646 1740 5700 δὲ
1769 5647 1879 5700 τῶν

296 5705 658 5777 διηγημάτων
675 5708 898 5778 οἰόμεθα
915 5708 1075 5766 τοῦτο
1104 5712 1453 5784 δογματίζειν
1464 5715 1556 5768 τὸν
1568 5715 1794 5788 Κύριον,
1821 5718 1880 5771 τὸ

1991 4600 2114 4672 κατ’
2135 4602 2339 4672 ἀρετὴν
2368 4601 2514 4672 ζωῆς
2545 4600 2878 4672 χωρίζεσθαι
2911 4600 3048 4668 πως,
3074 4605 3168 4656 καὶ
3222 4600 3558 4658 ἀπολύεσθαι

1987 4671 2084 4744 τῆς
2120 4673 2258 4744 προς
2286 4671 2454 4744 αὐτὴν
2474 4671 2743 4744 σχέσεως,
2773 4672 2861 4744 ἵνα
2899 4675 3034 4744 μετὰ
3058 4675 3146 4744 τὸν
3178 4672 3408 4724 θάνατον
3480 4674 3554 4744 μὴ

1989 4741 2151 4811 πάλιν
2177 4741 2339 4811 ἄλλου
2363 4740 2597 4795 θανάτου
2615 4742 2870 4811 δεώμεθα
2891 4740 2959 4811 τὰ
2971 4741 3196 4808 λείψανα
3215 4743 3311 4809 τῆς
3338 4740 3558 4810 σαρκώὲ

1983 4810 2106 4872 δους
2155 4809 2351 4880 κόλλης
2394 4809 2877 4880 ἀποκαθαίροντος.
2933 4810 3035 4864 Per
3074 4812 3170 4862 has
3221 4809 3553 4865 narrationes

1981 4881 2342 4934 existimamus
2363 4898 2570 4935 censere
2587 4880 2891 4943 Dominum,
2915 4880 3051 4949 quod
3075 4888 3307 4949 oporteat
3330 4897 3414 4933 eos
3463 4885 3555 4946 qui

1982 4951 2038 5004 in
2083 4966 2239 5004 carne
2296 4952 2491 5015 vivunt,
2548 4967 2705 5019 quam
2755 4948 2981 5003 maxime
3007 4948 3290 5001 secundum
3314 4952 3552 5004 rirtutem

1986 5022 2199 5075 vivendo
2247 5020 2628 5089 quodammodo
2652 5020 2904 5088 separari,
2933 5027 2983 5071 et
3009 5020 3240 5084 expediri
3270 5020 3332 5072 ab
3358 5022 3552 5088 a/fectu

1986 5091 2162 5159 carnis
2192 5106 2254 5143 ne
2304 5099 2421 5153 post
2467 5100 2680 5142 mortem
2706 5090 2815 5141 alia
2871 5098 3035 5159 morte
3074 5104 3255 5159 rursus
3287 5107 3414 5159 opus
3460 5092 3554 5143 ha-

1987 5158 2223 5222 beamus,
2273 5176 2390 5229 quce
2429 5159 2711 5229 reliquias__
2738 5156 2968 5210 carnalis
3044 5158 3259 5229 glutim’s
3319 5156 3551 5227 separet,

1984 5238 2229 5283 excernat
2269 5227 2315 5282 et
2352 5239 2617 5297 expurget.
2671 5227 2823 5297 Hunc
2872 5227 3057 5281 locum
3090 5227 3263 5297 AatIert
3302 5232 3463 5282 etiam
3488 5231 3547 5281 υ.

1987 5299 2226 5353 Thomas
2254 5298 2308 5353 in
2339 5295 2540 5351 Catena
2568 5313 2751 5352 aurea.
2785 5295 2978 5351 Verum
3002 5299 3053 5351 in
3080 5295 3389 5363 Sententiis,
3422 5299 3548 5352 dist.

1978 5368 2069 5434 44,
2104 5379 2294 5436 quast.
2318 5369 2375 5433 9.,
2397 5376 2498 5420 art.
2529 5366 2582 5430 1,
2616 5368 3002 5435 (ιυωειὶυιιευιε
3029 5368 3064 5422 4
3101 5368 3167 5421 ad
3225 5370 3545 5433 secundum,

1979 5439 2055 5492 ait
2074 5441 2355 5493 damnatos
2386 5451 2491 5490 non
2521 5450 2849 5491 conservare
2875 5440 3169 5493 amicitiam
3192 5439 3259 5490 ad
3302 5452 3397 5492 eos
3412 5455 3548 5504 quos

1978 5507 2283 5563 inordinate
2304 5506 2626 5570 dilexerunt,
2663 5506 2758 5562 sed
2781 5509 2834 5561 in
2862 5507 2964 5561 hoc
2993 5507 3318 5561 voluntatem
3358 5522 3547 5561 eorum

1978 5592 2287 5648 perversam
2336 5590 2731 5648 remansuram,
2781 5578 2924 5646 quod
2964 5590 3182 5631 causam
3228 5577 3549 5634 inordinata:

1978 5644 2284 5704 dilectionis
2314 5646 2491 5702 adhuc
2523 5644 2827 5717 diligerent.
2872 5720 2875 5723 _
