3990 6202
363 317 468 382 273

1744 322 2075 383 HOMILIA
2114 320 2220 380 1X.

3506 315 3613 383 274

361 425 456 479 τοῦ
495 425 584 477 διὰ
632 424 842 480 τούτων
876 428 1289 499 σημαινομένου
1315 430 1687 501 μανθάνομεν.
1735 431 1940 501 Ἀμφό-

2061 426 2477 495 Gerasenorum,
2507 436 2561 483 et
2588 427 3015 499 Gadarenorum,
3048 436 3106 485 ut
3134 443 3200 486 ex
3230 426 3619 501 signiﬁcatione

354 535 497 590 τερα
529 517 637 590 γὰρ
667 515 818 572 οἷκον
839 521 1187 591 προαστείων
1220 524 1570 593 σημαίνουσι,
1609 525 1941 595 μεταμειϐο-

360 612 537 682 μένης
568 611 671 680 τῆς
709 610 994 683 Ἐϐραῖδος
1028 613 1107 676 είς
1137 614 1237 685 τὴν
1284 614 1513 669 Ἐλλάδα
1543 620 1749 685 φωνήν.
1779 616 1859 669 Τὸ
1883 616 1939 669 δὲ

360 702 455 756 δύο
482 702 611 765 τοὺς
642 703 1018 772 δαιμονῶντας
1055 706 1233 759 εἰπεῖν
1264 706 1356 760 τὸν
1407 708 1712 771 Ματθαῖρν,
1756 709 1854 762 ἕνα
1886 709 1942 763 δὲ

359 795 487 857 τοὺς
517 794 764 858 λοιποὺς,
813 796 1242 867 ἐναντιοφωνίαν
1278 798 1541 868 οὐδεμίαν
1580 799 1938 856 ἐνδείκνυται.

372 884 434 938 '0
462 886 563 955 μὲν
588 886 697 956 γὰρ
724 886 1060 952 ὑποστάσεις
1082 888 1193 943 τῶν
1219 889 1570 945 πεπονθότων
1608 891 1940 963 ἠκρίϐωσεν,

361 977 410 1028 al
456 976 515 1030 δὲ
564 976 626 1028 τὸ
656 977 859 1030 ταύτὸν
910 978 1012 1048 τῆς
1076 979 1294 1049 φύσεως
1324 982 1725 1051 συναγαγόντες
1751 985 1833 1046 είς
1860 983 1938 1047 ἓν,

364 1070 497 1139 περὶ
526 1070 629 1139 τὴν
661 1069 758 1123 τοῦ
811 1070 1051 1142 ἀριθμοῦ
1083 1072 1374 1142 ἀκρίϐειαν
1431 1074 1533 1126 οὐκ
1591 1073 1939 1144 ἐφρόντισαν.

362 1158 525 1213 Οὕτω
559 1160 654 1213 καὶ
688 1161 918 1215 ἐπὶτῶν
953 1160 1216 1215 ίαθέντων
1243 1162 1463 1232 τυφλῶν
1488 1162 1547 1215 ἐν
1585 1165 1652 1234 τῇ
1693 1162 1906 1234 Ἱεριχῷ
1926 1178 1938 1191 ·

361 1251 387 1302 δ
446 1251 548 1320 μὲν
605 1251 890 1316 Ματθαϊος
946 1252 1042 1305 δύο
1098 1251 1249 1322 λέγει
1306 1254 1435 1317 τοὺς
1466 1254 1808 1318 ἀλαοὺς,ἐνα
1836 1255 1945 1308 δὲό

360 1342 621 1411 Μάρκος,
649 1342 747 1395 καὶ
773 1343 801 1395 ὁ
833 1344 1076 1406 Λουκᾶς.
1106 1344 1217 1396 Καὶ
1236 1344 1424 1398 καινδν
1454 1344 1628 1411 οὐδὲν,
1653 1345 1774 1398 οὐδὲ
1803 1345 1944 1399 ἄπο-

360 1449 481 1503 ρον.
542 1433 652 1486 Καὶ
717 1431 825 1502 γὰρ
877 1434 1034 1487 καὶὸ
1085 1434 1266 1497 κοινὸς
1320 1435 1419 1503 τῆς
1440 1434 1757 1506 ἐλευθερίας
1786 1435 1945 1501 λόγος

358 1522 624 1592 τοιαύτην
663 1523 924 1587 πολλάκις
980 1522 1093 1595 ἔχει
1146 1525 1443 1595 συνήθειαν
1500 1525 1669 1595 ἐνικῷ
1724 1523 1946 1594 ἀριθμῷ

361 1613 571 1681 πλῆθος
622 1612 1006 1681 σημαίνεσθαι.
1047 1615 1233 1683 Φαμὲν
1272 1613 1402 1684 γὰρ,
1442 1613 1517 1678 ὡς
1546 1610 1710 1685 ἦλθεν
1751 1616 1779 1665 ὁ
1815 1614 1947 1677 Θεὸς

367 1702 547 1755 σῶσαι
601 1703 695 1756 τὸν
753 1701 1066 1773 ἄνθρωπον,
1132 1705 1230 1757 καὶ
1290 1706 1353 1758 τὸ
1399 1704 1680 1768 ἀπολωλὸς
1711 1704 1946 1775 ἐζήτησε

363 1792 668 1861 πρόϐατον,
709 1791 798 1844 διὰ
834 1792 933 1860 τῆς
964 1793 1150 1862 ἐνικῆς
1182 1793 1458 1864 σημασίας
1489 1795 1595 1859 τὴν
1624 1796 1754 1865 ὃλην
1785 1796 1947 1863 φύσιν
1975 1780 2023 1841 Β

363 1885 481 1937 τῶν
540 1882 846 1952 ἀνθρώπων
885 1884 1267 1955 σημαίνοντες.
1297 1881 1424 1957 Εἶχε
1460 1886 1561 1957 μὲν
1589 1885 1682 1940 οὖν
1701 1889 1731 1940 ὁ
1763 1887 1947 1951 ἄθλιος

364 1974 661 2043 ἄνθρωπος
692 1975 778 2042 ἐφ’
809 1975 1013 2039 ἱκανοῖς
1040 1974 1186 2029 ἔτεσι
1208 1976 1277 2029 τὰ
1303 1977 1581 2047 δαιμόνια,
1614 1979 1709 2031 καὶ
1734 1978 1949 2048 ἱμάτιον

362 2069 470 2120 οὐκ
520 2066 914 2130 ἐνεδιδύσκετο,
948 2067 1045 2120 καὶ
1093 2070 1149 2120 ἐν
1181 2068 1330 2139 οἰκίᾳ
1370 2069 1471 2122 οὐκ
1504 2069 1722 2139 ἔμενεν,
1748 2069 1862 2123 ἀλλ’
1892 2072 1949 2121 ἐν

368 2161 486 2221 τοῖς
558 2158 866 2229 μνημείοις.
902 2158 1093 2230 Ἀθρει
1144 2159 1201 2211 δὲ
1268 2161 1412 2229 πόση
1471 2161 1568 2213 τοῦ
1628 2161 1800 2216 κακοῦ
1822 2158 1950 2234 ἦνὴ

370 2247 648 2310 ἐπίτασις.
679 2248 878 2316 Ἤρκει
904 2246 1003 2317 μὲν
1027 2248 1137 2317 γὰρ
1185 2248 1463 2318 δαιμόνιον
1489 2248 1547 2303 ἓν
1595 2252 1950 2324 κατατρέχειν

371 2339 469 2391 τὸν
500 2337 760 2405 δείλαιον,
816 2336 879 2390 τὸ
926 2337 983 2392 δὲ
1020 2339 1115 2392 καὶ
1160 2337 1329 2392 πολλὰ
1376 2345 1677 2409 κατοικεῖν,
1702 2344 1760 2397 ἐν
1804 2344 1953 2414 αὐτῷ

370 2428 634 2498 καθάπερ
662 2430 723 2482 ἐν
754 2428 965 2500 σίμϐλῳ
990 2429 1057 2483 τὰ
1094 2430 1273 2501 σμήνη
1304 2431 1413 2484 τῶν
1454 2432 1752 2502 μελισσῶν,
1794 2435 1952 2489 ποίαν

373 2521 477 2589 οὔχ
507 2518 859 2589 ὑπερϐέϐηκε
896 2521 1187 2591 συμφοράν
1214 2538 1227 2587 ;
1250 2522 1310 2574 τδ
1337 2521 1393 2574 δὲ
1426 2522 1522 2575 καὶ
1572 2523 1818 2591 λεγεῶνα
1874 2528 1954 2577 εἰ-

374 2611 525 2675 πεῖν,
552 2609 722 2679 ἄλλην
755 2608 1077 2680 προσθήκην
1112 2610 1316 2664 κακοῦο
1348 2612 1557 2680 λεγεὼν
1596 2612 1704 2682 γὰρ
1755 2615 1785 2683 ή
1838 2614 1957 2666 ἐπί-

373 2696 571 2760 λεκτος
596 2697 817 2765 λέγεται
845 2698 1075 2768 στρατιά
1097 2714 1110 2728 °
1137 2698 1367 2768 δηλοῖδέ
1393 2700 1522 2763 τοὺς
1545 2700 1954 2772 ἀπηνεστέρους

377 2787 775 2858 δαίμονας,καὶ
805 2789 1001 2859 κομιδῇ
1027 2792 1319 2861 πονηρούς.
1347 2790 1844 2862 Περιστροϐοὕντες
1865 2791 1961 2846 οὖν

379 2878 618 2949 ἤλαυνον
641 2879 734 2932 τὸν
775 2879 961 2935 ἄθλιον
1004 2880 1290 2952 ἄνθρωπον
1340 2882 1449 2934 ἀπ’)
1507 2882 1608 2952 τῆς
1641 2884 1847 2947 πόλεως
1878 2886 1958 2947 είς

377 2972 482 3034 τὰς
529 2964 797 3044 ἐρήμους,
830 2972 926 3026 καὶ
976 2973 1057 3035 εἰς
1086 2975 1154 3027 τὰ
1179 2972 1457 3044 χαρὼνεια
1487 2974 1825 3042 γυμνοῦντες
1860 2977 1959 3045 τῆς

380 3064 724 3134 ἁμπεχώνης
765 3064 836 3117 τὰ
883 3064 1061 3135 δεσμά
1111 3064 1552 3137 διαρρήσσοντες,
1583 3064 1660 3129 ὡς
1703 3066 1957 3135 ὀργάνοις

380 3153 665 3230 χρώμενοι
690 3156 810 3219 ταῖς
837 3156 1048 3210 ἐκείνου
1071 3155 1193 3209 κατ’
1228 3155 1436 3210 ἐκείνου
1461 3155 1669 3226 χερσίν.
1700 3157 1867 3212 Ἀλλὰ
1905 3160 1957 3213 τί

382 3247 449 3317 δὴ
484 3246 952 3319 περισκοποῦντες
987 3247 1038 3300 οἱ
1070 3246 1328 3317 δαίμονες
1358 3247 1438 3310 είς
1460 3247 1530 3299 τὰ
1556 3250 1799 3318 μνημεῖα
1829 3250 1955 3314 τοὺς

383 3336 715 3406 ἀνθρώπους
759 3336 1102 3402 ἐλαύνουσιν,
1141 3337 1444 3402 ἀναγκαῖον
1499 3336 1646 3390 ἰδεῖν.
1675 3339 1737 3390 0i
1772 3340 1838 3409 τῇ
1865 3355 1957 3392 σο-

384 3427 485 3499 φίᾳ
508 3428 608 3498 τῆς
633 3427 864 3498 πλάνης,
891 3430 988 3481 κα)⁵
1021 3429 1142 3491 ταῖς
1170 3426 1233 3492 ἐξ
1260 3427 1430 3496 αὐτῆς
1452 3426 1748 3496 φλυαρίαις
1771 3428 1961 3501 ὥσπερ

384 3520 911 3592 καρηϐαρήσαντες,
946 3520 1068 3575 οὐδὲ
1099 3519 1260 3573 τοῦτο
1284 3520 1464 3573 εἰπεῖν
1492 3519 1961 3591 κατωρῤὡδησαν,

454 3680 476 3711 ⁷
496 3678 691 3734 Matth.
716 3693 805 3742 xx,
837 3675 931 3734 29.
1004 3672 1215 3733 'Marc.
1240 3693 1295 3739 ι.
1323 3676 1412 3732 46.
1491 3682 1512 3712 ⁸
1533 3681 1664 3737 Luc.
1690 3697 1847 3747 xvm,
1875 3681 1967 3735 35.

2051 518 2245 572 horum
2286 518 2670 574 vocabulorum
2716 520 3085 593 intelligimus.
3132 522 3306 575 Ambo
3343 518 3485 574 enim
3516 522 3617 575 do-

2051 624 2195 661 mum
2224 608 2588 663 suburbanam
2620 610 2951 679 signilicant,
2971 611 3015 664 si
3041 610 3091 664 in
3118 609 3357 664 Cra-cam
3384 608 3619 679 linguam

2050 698 2315 754 Hebraica
2361 709 2736 755 committetur.
2775 701 2927 768 Quod
2960 709 3136 755 autem
3173 700 3456 754 Matth:th
3487 700 3624 754 duos

2050 805 2441 858 encrgumenos
2481 791 2637 856 dixit,
2682 792 2867 861 reliqui
2911 806 3038 845 vero
3067 806 3250 856 unum,
3284 791 3480 845 nullam
3514 805 3621 858 pra:

2051 896 2107 935 se
2133 880 2235 934 fert
2268 883 2712 951 repugnantiam;
2740 897 2863 936 nam
2889 881 2977 936 ille
3008 881 3221 950 quidem
3245 896 3621 950 oppressorum

2051 988 2079 1025 α
2110 972 2354 1027 daemone
2390 986 2650 1043 personas
2676 973 2926 1027 distincte
2953 970 3062 1042 54
3089 971 3385 1036 recensuit;
3412 970 3465 1023 hi
3494 984 3623 1023 vero

2050 1065 2312 1133 complexi
2345 1065 2397 1119 in
2429 1080 2594 1118 unum
2643 1079 2756 1128 eos,
2786 1064 2876 1134 qui
2909 1063 3152 1134 ejusdem
3201 1072 3355 1117 erant
3400 1071 3623 1122 naturae.

2051 1154 2255 1210 referre
2312 1157 2582 1226 exquisite
2631 1170 2916 1210 numerum
2975 1168 3082 1209 non
3140 1161 3490 1215 curaverunt,
3545 1151 3626 1206 sic

2051 1250 2214 1300 etiam
2261 1264 2455 1316 οπεος,
2502 1248 2591 1316 qui
2630 1248 2682 1303 in
2728 1248 2860 1303 urbe
2909 1246 3225 1302 Jericbunte
3260 1244 3432 1301 curati
3477 1251 3621 1304 sunt,

2052 1337 2331 1393 Malthmus
2362 1340 2574 1409 quidem
2604 1340 2740 1395 duos
2779 1339 2949 1395 fuisse
2995 1338 3124 1392 dicit
3154 1337 3197 1403 ',
3230 1351 3397 1389 unum
3444 1343 3622 1388 autem

2052 1430 2261 1484 Marcus
2286 1430 2308 1461 "
2337 1439 2388 1483 et
2425 1428 2594 1487 Lucas
2620 1432 2663 1497 ',
2693 1433 2787 1487 sed
2836 1431 2940 1486 hoc
2988 1443 3183 1483 novum
3234 1442 3340 1482 non
3390 1434 3494 1494 est,
3525 1439 3624 1479 nec

2053 1521 2385 1591 ambiguum.
2420 1520 2553 1577 Nam
2584 1522 2719 1577 solet
2751 1536 2895 1592 saepe
2921 1521 3084 1577 etiam
3118 1521 3172 1575 in
3204 1517 3477 1575 communi
3506 1529 3625 1572 ser-

2054 1627 2212 1667 mone
2254 1613 2510 1683 singulari
2557 1630 2785 1669 uumero
2846 1613 3132 1668 multitudo
3176 1609 3491 1682 significari.
3536 1607 3626 1660 Di-

2052 1702 2225 1755 cimus
2252 1701 2394 1756 enim
2422 1701 2589 1756 Deum
2615 1703 2851 1767 venisse,
2877 1711 2935 1756 ut
2957 1702 3183 1757 salutem
3215 1698 3419 1754 homini
3450 1696 3624 1764 daret,

2051 1801 2104 1847 ct
2152 1808 2306 1846 ovem
2358 1794 2624 1862 perditam
2675 1793 3024 1863 quaesivisse,
3094 1790 3349 1861 singulari
3405 1786 3624 1843 nomine

2051 1882 2353 1937 universam
2383 1890 2630 1940 naturam
2656 1884 2930 1939 hominum
2964 1882 3354 1955 signiﬁcantes.
3384 1878 3626 1933 Habebat

2051 1975 2216 2044 igitur
2247 1975 2442 2031 multos
2471 1976 2579 2045 iam
2607 1990 2779 2031 annos
2811 1974 2993 2031 infelix
3042 1975 3207 2029 homo
3252 1971 3540 2037 daemonia,
3572 1978 3628 2022 et

2051 2065 2377 2118 vestimento
2411 2079 2515 2118 non
2564 2063 2907 2128 induebatur,
2951 2077 3126 2132 neque
3160 2060 3303 2116 domi
3352 2058 3623 2119 manebat,

2050 2154 2143 2208 sed
2196 2156 2247 2208 in
2299 2156 2664 2210 moaumentis
2715 2156 2851 2226 (65).
2904 2154 3197 2211 Considera
3250 2166 3379 2206 vero
3425 2157 3622 2219 quanta

2051 2245 2215 2300 fuerit
2258 2246 2381 2300 mali
2421 2247 2753 2318 magnitudo.
2788 2246 2918 2300 Nam
2965 2248 3159 2300 misero
3198 2242 3273 2298 illi
3313 2238 3624 2297 infestaudo

2052 2336 2184 2391 satis
2222 2335 2415 2392 fuisset
2457 2337 2780 2392 dmmonium
2826 2350 2991 2391 unum
3022 2351 3039 2388 :
3069 2333 3236 2389 multa
3282 2344 3412 2387 vero
3443 2329 3500 2385 in
3535 2326 3627 2382 illo

2053 2429 2203 2496 quasi
2256 2443 2413 2499 apum
2466 2429 2718 2483 examina
2772 2429 2824 2481 in
2883 2427 3122 2482 alvcario
3172 2424 3352 2480 sedem
3404 2420 3626 2486 fixisse,

2054 2534 2215 2587 quam
2242 2535 2343 2573 non
2368 2529 2589 2589 superat
2615 2519 3013 2574 calamitatem?
3038 2517 3183 2588 quod
3208 2529 3338 2570 vero
3360 2512 3625 2580 legionem

2056 2611 2211 2675 dixit,
2240 2610 2343 2663 alia
2372 2611 2497 2664 mali
2528 2612 2765 2665 accessio
2797 2621 2899 2665 est.
2930 2610 3090 2680 Legio
3118 2608 3262 2663 enim
3291 2605 3489 2660 dicitur
3512 2600 3626 2672 (66)

2055 2700 2287 2755 selectus
2329 2701 2631 2766 exercitus;
2679 2701 2876 2755 iudicat
2923 2710 3102 2754 autem
3144 2695 3473 2752 crudeliores
3516 2695 3627 2748 dae-

2058 2805 2265 2851 mones.
2306 2798 2360 2844 ct
2403 2791 2686 2861 insigniter
2733 2790 3030 2861 improbos.
3081 2789 3421 2856 Torquentes
3467 2782 3631 2854 igitur

2057 2899 2419 2940 aerumnosum
2462 2885 2738 2939 hominem
2789 2883 3019 2953 agebant
3061 2896 3127 2937 ex
3166 2878 3299 2934 urbe
3341 2878 3395 2931 in
3436 2874 3629 2930 solitu-

2059 2976 2234 3042 dines,
2255 2986 2314 3031 οι
2333 2978 2386 3031 in
2412 2984 2762 3032 monumenta
2788 2976 3120 3030 denudantes
3140 2986 3262 3027 eum
3286 2969 3629 3030 vestimento,

2059 3077 2110 3122 et
2135 3068 2343 3123 vincula
2373 3068 2796 3139 disrumpentes,
2821 3076 2875 3124 et
2905 3067 3188 3138 ipsiusmet
3216 3064 3464 3120 manibus
3508 3070 3633 3114 tan-

2061 3175 2223 3231 quam
2274 3161 2633 3217 instrumento
2680 3170 2865 3216 contra
2917 3159 3094 3228 ipsum
3143 3165 3378 3213 utentes.
3423 3153 3494 3209 At
3526 3166 3635 3223 quo

2061 3252 2288 3308 consilio
2328 3250 2452 3307 mali
2498 3250 2769 3307 daemones
2814 3251 2934 3306 illos
2978 3251 3044 3304 ad
3090 3255 3438 3303 monumenta
3483 3257 3634 3299 com-

2066 3343 2363 3413 pellerent.
2425 3358 2646 3399 necesse
2703 3350 2787 3397 est
2840 3341 3155 3412 intelligere.
3211 3336 3313 3405 Qui
3367 3334 3631 3406 sapientia

2067 3433 2271 3488 erroris
2327 3432 2440 3503 (67)
2496 3440 2549 3488 et
2604 3432 2671 3487 iis
2728 3446 2850 3502 quae
2908 3432 3035 3485 inde
3087 3429 3338 3485 oriuntur
3391 3423 3630 3495 ineptiis,

2072 3524 2227 3595 quasi
2247 3527 2478 3595 quadam
2503 3524 2763 3578 ebrietate
2786 3525 3180 3586 laboraverunt,
3205 3535 3272 3575 ne
3291 3519 3393 3575 hoc
3416 3515 3631 3587 quidem

3596 3642 3625 3653 ,ι

1650 3798 1973 3861 Francisci
2002 3801 2212 3863 Scorsi
2241 3807 2431 3862 notae.

387 3902 616 3962 bonum,
663 3895 807 3966 quod
852 3897 924 3952 sit
957 3910 1022 3950 ex
1076 3896 1210 3950 urbe
1267 3901 1553 3951 semotum.
1608 3897 1679 3950 At
1725 3898 1776 3952 in
1829 3912 1960 3952 voce

388 3972 800 4027 Gadarenorum
825 3981 930 4020 non
965 3965 1040 4020 ita
1071 3981 1158 4020 res
1194 3976 1279 4019 est
1316 3966 1516 4035 liquida
1542 3982 1558 4031 ;
1588 3968 1761 4036 possis
1781 3976 1958 4021 tamen

2140 3901 2257 3972 (67),
2295 3900 2399 3966 Qui
2453 3902 2709 3972 sapieiyia
2758 3900 2978 3972 erroris.
3055 3896 3353 3972 Platonem,
3413 3893 3636 3964 ejusque

2068 3966 2328 4025 sectarios
2385 3966 2538 4025 notat
2601 3970 2979 4037 Theophanes.
3034 3982 3170 4037 quos
3233 3966 3286 4021 in
3336 3979 3411 4037 eo
3449 3979 3636 4037 errore

388 4054 458 4095 eo
487 4051 684 4093 nomen
726 4036 982 4099 trahere;
1020 4050 1146 4089 nam
1182 4042 1277 4095 ’πυ
1306 4033 1479 4104 signat
1516 4033 1826 4100 maceriem,
1864 4051 1960 4089 seu
2055 4039 2257 4101 ,fuisse,
2307 4040 2516 4093 animos
2584 4033 2862 4093 hominum
2912 4033 3067 4105 post'
3101 4045 3334 4105 mortem
3399 4034 3453 4105 in
3504 4033 3636 4090 deos

388 4118 633 4178 septum,
662 4114 714 4161 et
766 4106 1032 4178 clausum,
1056 4114 1126 4178 et_
1144 4106 1403 4178 parietem
1455 4119 1959 4178 quemcunquenon

393 4174 659 4240 validum,
706 4174 880 4245 qualis
928 4183 1012 4229 est
1042 4174 1222 4228 ovium
1254 4174 1434 4245 caula,
1462 4190 1584 4244 qua
1605 4174 1961 4230 cum'subur-

392 4254 535 4303 bana
571 4244 964 4315 gesse’soleant
1014 4245 1184 4315 aptari
1214 4244 1335 4315 ejus
1377 4254 1590 4315 etymon
1628 4245 1847 4312 poterit,
1905 4253 1963 4296 ut

389 4314 761 4383 suburbanam
794 4312 1060 4383 signiticet
1101 4312 1510 4368 habitationem.

463 4384 581 4457 (65)
626 4382 729 4438 Sed
764 4382 1225 4457 in_’mo_numenlis.
1303 4382 1960 4457 Quomodoenergumeni

395 4451 881 4510 in'mOnumentis
925 4453 1123 4521 degere
1169 4455 1443 4519 potuerint
1479 4452 1770 4521 intelliges,
1799 4451 1844 4506 si
1871 4466 1956 4507 se.

392 4524 581 4594 pulcra
615 4538 719 4594 non
753 4521 855 4575 ritu
875 4519 1060 4574 nostro
1086 4522 1137 4573 in
1167 4533 1306 4575 terra
1325 4521 1557 4594 defossa,
1586 4523 1679 4594 sed
1707 4519 1958 4587 Judaico,

394 4591 556 4661 quasi
588 4591 896 4661 speluncas,
942 4605 1048 4661 seu,
1062 4605 1322 4646 cavernas
1350 4592 1562 4645 excisas
1591 4592 1646 4645 in
1691 4601 1837 4661 petra
1870 4604 1960 4644 re-

397 4659 693 4731 putaveris,
752 4659 1053 4731 cuiusmodi
1092 4674 1191 4728 ego
1235 4676 1427 4730 magno
1458 4659 1776 4731 numero‘et
1807 4660 1964 4729 longo

395 4728 598 4788 ordine
626 4744 689 4783 ac
742 4728 940 4796 duplici
976 4729 1237 4797 disposita
1283 4728 1627 4784 monumenta
1659 4728 1835 4783 adlmc
1863 4744 1961 4783 ex-

396 4813 549 4856 stare
576 4814 645 4853 et
696 4799 1091 4868 Saracenorum
1151 4797 1380 4854 fortasse
1436 4811 1677 4868 tempore
1728 4807 1783 4852 et
1816 4812 1968 4853 more

398 4871 508 4924 vidi
556 4867 898 4922 'l’auromenii
930 4878 1083 4921 ertlra
1114 4869 1391 4935 oppiduni.
1439 4876 1496 4922 ut
1528 4867 1667 4921 nunc
1711 4882 1798 4922 res
1839 4876 1969 4922 sunt

402 4943 467 4991 ad
531 4937 590 4993 S.
631 4937 774 4994 Petri
811 4936 1088 5003 templum.
1151 4936 1306 4993 Facit
1355 4951 1480 4991 vero
1537 4937 1603 4990 ad
1662 4952 1773 4990 rem
1826 4937 1968 5005 quod

398 5007 667 5063 Baronius
716 5006 809 5061 lib.
864 5022 882 5061 ι
944 5006 1254 5072 Annalium,
1302 5021 1443 5060 anno
1491 5005 1700 5061 Christi
1751 5006 1842 5069 3i,
1904 5020 1970 5058 ex

396 5076 707 5146 Epiphanio
776 5078 970 5130 haeres.
1046 5077 1115 5131 50
1174 5078 1360 5139 refert,
1416 5074 1581 5131 fuisse
1653 5090 1820 5145 prope
1864 5075 1972 5130 Ga-

400 5149 593 5201 daram
627 5149 899 5201 civitatem
939 5146 1154 5200 tumbas
1199 5147 1250 5200 iu
1304 5146 1597 5214 speluncis,
1641 5161 1761 5214 quae
1816 5153 1972 5198 erant

402 5218 457 5271 in
488 5216 659 5286 petris
682 5217 899 5281 excisae,
931 5215 1027 5271 sed
1056 5218 1286 5285 desuper
1318 5225 1553 5280 structae,
1592 5215 1809 5285 illicque
1836 5229 1973 5284 prte-

402 5288 719 5355 stigiatores
747 5291 1049 5341 diemouum
1090 5286 1460 5340 invocationes
1487 5286 1818 5355 exercuisse:

474 5353 591 5426 (66)
634 5354 786 5424 Legio
822 5359 959 5409 enim
1018 5355 1232 5411 dicitur.
1285 5354 1470 5408 Latine
1502 5370 1562 5410 se
1594 5354 1737 5426 scire
1791 5353 1972 5426 Theo-

405 5424 616 5497 phanes
667 5426 897 5497 indicat,
952 5440 1076 5479 cum
1129 5426 1195 5481 de
1226 5426 1452 5497 legionis
1488 5425 1721 5497 nomine
1767 5424 1976 5497 verilo-

401 5492 598 5567 quium
626 5492 800 5550 aﬂ‘ert.
857 5492 1364 5567 Legionemceuitn
1397 5511 1434 5567 ac
1479 5494 1695 5567 legendo
1749 5493 1973 5555 dictam,

404 5567 551 5632 quod
586 5565 643 5623 in
680 5579 799 5620 eam
850 5566 1053 5620 milites
1104 5565 1311 5619 delectu
1353 5565 1545 5619 habito
1583 5566 1972 5632 scriberentur,

403 5631 581 5702 cuivis
628 5648 816 5702 parum
867 5636 1079 5689 erudito
1124 5646 1306 5687 notmu
1343 5643 1424 5689 est
1466 5648 1533 5688 ex
1585 5631 1830 5688 Varrone
1880 5632 1975 5686 lib.

407 5718 457 5759 te
485 5701 564 5758 De
583 5701 764 5774 lingua
794 5703 1003 5759 Latmo.

2069 4110 2265 4162 mutari
2309 4110 2369 4163 S.
2415 4108 2748 4173 Augustinus
2787 4103 2981 4160 scribit
3012 4105 3104 4159 lib.
3148 4120 3203 4159 Ix
3235 4103 3311 4158 De
3332 4104 3475 4160 civit.
3512 4117 3635 4169 cap.

2069 4178 2159 4243 il,
2217 4179 2300 4232 his
2344 4178 2561 4231 verbis:
2614 4176 2750 4231 Dicit
2783 4176 2992 4244 quidem
3016 4174 3171 4228 Plato
3219 4174 3424 4244 animos
3470 4173 3637 4227 homi-

2069 4242 2193 4301 num
2232 4247 2491 4302 dammae:
2522 4263 2654 4308 esse,
2701 4254 2749 4299 et
2789 4242 2855 4299 ea:
2897 4244 3194 4298 hominibus
3226 4243 3341 4311 ﬁeri
3394 4242 3556 4307 lares,
3586 4244 3634 4297 si

2067 4318 2242 4371 meriti
2270 4318 2533 4377 bonisint.
2564 4319 2807 4377 lemures,
2835 4331 2928 4370 seu
2960 4315 3157 4376 larvas.
3188 4315 3236 4369 si
3261 4312 3388 4367 mali
3409 4331 3429 4379 ;
3456 4330 3636 4367 manes

2067 4396 2244 4441 autem
2269 4388 2389 4439 deos
2415 4386 2538 4448 dici,
2571 4401 2688 4439 cum
2721 4386 2975 4438 incertum
3003 4396 3077 4437 est
3129 4385 3380 4438 bonorum
3409 4400 3517 4447 eos,
3547 4400 3636 4436 seu

2066 4456 2322 4510 malorum
2348 4470 2457 4524 esse
2505 4456 2831 4524 meritgum.
2857 4453 2981 4524 Haec
2997 4453 3334 4524 Augustinus
3358 4469 3373 4512 :
3398 4455 3638 4524 disputat.

2067 4534 2245 4580 autem
2297 4524 2347 4576 id
2380 4523 2529 4577 Plato
2563 4526 2615 4577 iu
2662 4521 2878 4577 Timwo.
2937 4521 3433 4593 Yide'pluraapud
3460 4521 3633 4591 ipsum

2065 4595 2419 4662 Augustinum
2444 4604 2495 4645 et
2513 4594 2903 4647 commentaria
2938 4591 3195 4662 Ludovici
3237 4591 3397 4646 Vives
3429 4593 3480 4644 in
3511 4607 3633 4662 eum

2070 4661 2272 4717 locum.
2324 4662 2493 4717 Porro
2546 4679 2644 4717 vox
2683 4662 2894 4731 δαίμων
2940 4664 2990 4715 in
3047 4661 3231 4716 Graeca
3264 4662 3442 4730 lingua
3485 4661 3635 4713 deum

2070 4733 2339 4801 significat
2394 4747 2795 4802 quemcunque,
2836 4733 3101 4802 minorum
3141 4739 3317 4802 tamen
3369 4732 3631 4802 gentiumE

2069 4799 2143 4855 ttt‘
2172 4800 2475 4869 Imjusmodi
2502 4802 2663 4867 lares,
2687 4799 2747 4856 vel
2789 4802 2988 4855 larvas.
3038 4799 3101 4869 Itl_
3119 4799 3313 4869 cuique
3340 4807 3524 4869 nnttyu
3550 4800 3632 4852 vel

2068 4888 2133 4925 es
2184 4865 2276 4926 illo
2328 4871 2488 4926 obvio
2541 4865 2916 4933 AriSIuphanis
2981 4870 3031 4922 in
3068 4867 3249 4933 Pluto,
3301 4868 3387 4921 ubi
3407 4865 3634 4933 “Cario”

2070 4942 2184 5010 viso
2205 4944 2356 4995 Pluto
2374 4955 2467 5009 per
2486 4930 2745 5010 quidquid
2765 4942 2987 5010 deorum
3006 4947 3090 4991 est
3114 4930 3474 5010 exclamath
3488 4938 3631 4989 Φοῖϐ’

2086 5006 2401 5077 "Aetolicus,
2437 5006 2530 5065 καὶ
2572 5006 2718 5068 Θεοὶ.
2750 5011 2849 5077 κα).
2895 5006 3167 5076 δαίμονες.
3204 5006 3303 5062 Est
3326 5007 3489 5061 etiam
3530 5023 3632 5060 vox

2072 5081 2179 5134 τῶν
2244 5079 2425 5151 μέσων
2468 5095 2577 5151 nec
2619 5079 2789 5151 solum
2839 5076 3065 5151 bonum,
3097 5077 3187 5151 sed
3219 5080 3380 5151 etiam
3436 5078 3633 5151 malum

2073 5145 2309 5220 genium,
2343 5165 2442 5204 nec
2467 5148 2662 5220 bonam
2710 5147 2906 5220 solum,
2946 5147 3038 5201 sed
3070 5145 3232 5200 etiam
3277 5148 3472 5201 malam
3526 5147 3636 5220 for-

2076 5217 2259 5273 innam
2303 5221 2495 5289 signat.
2527 5217 2803 5289 Exemplis
2860 5230 2995 5289 opus
3031 5230 3135 5270 non
3171 5220 3324 5271 estin
3357 5232 3413 5271 re
3454 5217 3638 5289 cuivis

2075 5285 2467 5360 prompta.Sed
2492 5290 2547 5343 in
2572 5285 2751 5355 lingua
2774 5285 2965 5342 Latina
2992 5300 3058 5360 ea
3086 5303 3185 5341 vox
3229 5286 3637 5360 ambiguitatem

2076 5356 2268 5428 parere
2302 5357 2617 5428 potuisset;
2664 5371 2789 5428 nam
2825 5371 2922 5426 pro
2958 5356 3099 5428 malo
3151 5357 3329 5425 genio,
3358 5371 3450 5407 seu
3481 5370 3641 5428 caeo-

2078 5426 2321 5482 daemone
2350 5428 2512 5480 etiam
2574 5427 2819 5482 absolute
2860 5426 3065 5496 prolata
3105 5429 3274 5493 accipi
3330 5426 3634 5496 consuevit.

2076 5497 2243 5561 Igitur
2297 5512 2403 5552 uno
2435 5498 2551 5550 loco
2585 5494 2898 5552 vertendum
2945 5513 2974 5550 a
3028 5498 3181 5551 nobis
3210 5496 3312 5548 fuit
3349 5495 3408 5545 τὸ
3453 5494 3645 5561 δαίμο-

2080 5583 2169 5631 νες
2217 5572 2392 5632 deos;
2424 5568 2488 5635 in
2543 5569 2787 5635 sequenti
2844 5568 3134 5631 dastnones,
3184 5580 3306 5619 cum
3369 5580 3464 5634 pro
3515 5564 3645 5632 ipsis

2081 5637 2234 5691 malis
2256 5634 2463 5706 angelis
2489 5634 2742 5693 sumitur.
