3990 6202
417 337 525 406 275

1615 366 1717 422 TII
1729 365 2110 427 EOPHANIS
2146 370 2237 429 CE
2248 373 2338 430 tu
2349 373 2483 460 BIEl

3564 383 3671 445 276

417 458 604 516 dicere
627 464 783 518 veriti
817 474 966 530 sunt,
997 466 1211 523 animas
1239 469 1488 527 videlicet
1523 474 1648 529 hine
1679 477 1979 534 decmlente:

2104 485 2179 546 ὡς
2206 489 2263 539 αξ
2311 490 2422 542 τῶν
2457 492 2870 562 κατοιχομένων
2917 489 3088 564 ψυχαὶ⁸
3116 495 3370 565 δαίμονες
3408 493 3672 562 γίνονται.

420 551 689 606 dmmones
727 555 863 618 fieri,
901 557 1042 613 hanc
1085 573 1216 632 ergo
1254 562 1472 633 impiam
1517 566 1823 633 opinionem
1861 586 1994 624 con-

418 642 635 697 fli-mare
672 646 931 713 volentes,
974 664 1109 720 quos
1161 654 1421 710 invadunt
1461 657 1818 729 lymphaticus
1858 663 1992 732 (68).

421 736 470 783 in
505 749 848 790 monumenta
883 741 1176 798 detrudunt
1213 747 1346 817 (09).

495 843 514 875 ι
549 823 596 879 Is
624 838 680 880 ut
706 827 886 884 Jesnm
918 835 1050 887 vidit
1077 839 1408 907 exclamans,
1434 859 1560 899 voce
1591 861 1782 914 magna
1813 848 1941 900 dixit
1976 868 1989 900 :

417 914 553 979 Quid
607 919 759 981 mihi,
805 930 856 974 et
903 924 995 978 tibi
1045 935 1146 991 est,
1181 927 1280 984 Fili
1318 930 1407 984 Dei
1459 934 1747 988 altissimi?
1797 952 1862 990 ne
1911 952 1992 992 me

418 1017 697 1076 torqueas.
730 1030 748 1062 ι
779 1011 1059 1070 Dnbitandi
1091 1017 1241 1074 locus
1271 1021 1356 1078 hic
1379 1033 1485 1089 est,
1505 1027 1770 1083 undenam
1799 1031 1995 1085 dannt!—

417 1100 577 1155 nibus
627 1103 737 1157 hcce
783 1107 1019 1175 cognitio
1063 1113 1341 1170 advenerit
1386 1117 1540 1186 (70)?
1588 1119 1805 1176 Minime
1836 1126 1990 1180 enim

413 1193 743 1248 credendum
772 1203 851 1250 est
881 1212 999 1252 eam
1036 1201 1182 1270 ipsos
1220 1205 1544 1264 intrinsecus
1582 1210 1808 1276 habere,
1841 1225 1990 1281 post-

415 1298 577 1351 quam
615 1300 643 1337 a
677 1285 853 1342 divina
885 1290 1051 1359 gloria
1082 1295 1421 1360 exciderunt,
1456 1309 1509 1353 et
1539 1307 1774 1357 tenebrae
1807 1305 1990 1373 appel-

412 1376 504 1430 lati
535 1389 676 1440 sunt,
701 1382 791 1448 qui
827 1386 914 1436 lux
950 1396 1104 1441 antea
1143 1390 1484 1448 dicebantur.
1511 1393 1708 1448 Verum
1735 1396 1786 1449 id
1811 1398 1989 1466 sagaci

409 1472 637 1536 quadam
686 1485 740 1526 et
783 1475 967 1530 solerti
1020 1479 1418 1548 dispensatione
1471 1485 1694 1545 factum.
1769 1498 1826 1540 ut
1874 1493 1990 1556 ipso

410 1560 573 1614 etiam
603 1563 941 1621 inimicorum
973 1571 1279 1626 testimonio
1302 1576 1597 1645 conspicua
1625 1579 1777 1633 ﬁeret
1797 1579 1992 1634 divinae

406 1651 588 1719 gloria:
641 1659 992 1727 magnitudo;
1050 1679 1172 1716 nam
1225 1665 1408 1718 divina
1456 1670 1700 1737 quaedam
1753 1670 1858 1741 55
1907 1673 1990 1726 vis

410 1744 686 1812 mastigias
715 1747 832 1800 illos
857 1752 1072 1805 occulto
1097 1757 1328 1822 quodam
1363 1757 1526 1812 modo
1549 1761 1848 1826 cruciabat,
1873 1777 1990 1831 quae

407 1837 566 1888 etiam
603 1838 718 1893 lucc
750 1842 929 1898 dicere
960 1848 1337 1916 compellebat.

484 1948 503 1980 ι
548 1929 611 1983 Et
673 1935 898 2002 rogabat
964 1938 1131 2000 illiilli,
1186 1957 1252 1994 ne
1302 1943 1592 2012 imperaret
1659 1945 1786 2010 illis,
1837 1957 1896 2003 ttt
1943 1950 1992 2004 in

415 2022 666 2090 abyssum
729 2027 889 2080 irent.
941 2048 962 2080 ι
1024 2030 1283 2087 Sciebant
1344 2036 1485 2088 enim
1543 2038 1678 2093 alios
1740 2040 1806 2093 ab
1873 2041 1994 2098 aliis

415 2114 686 2171 dtetnnucs
737 2119 935 2185 ejectos
965 2124 1032 2176 ab
1063 2124 1176 2191 ipso
1212 2125 1263 2178 in
1295 2124 1610 2182 barathrum
1661 2130 1774 2200 (71)
1816 2135 1992 2186 omni-

405 2209 612 2274 potenti
669 2211 832 2264 vcrho
882 2212 1048 2268 fuisse
1105 2218 1444 2274 amandatos.
1488 2220 1653 2286 Quod
1693 2222 1857 2291 igitur
1904 2225 1992 2278 alii

407 2311 589 2350 essmt
634 2315 699 2353 eo
748 2305 1034 2369 praemissi,
1091 2309 1508 2375 pertimuerunt,
1555 2322 1609 2366 et
1643 2325 1858 2381 paratos
1892 2316 1991 2370 sibi

407 2391 679 2445 cruciatus
728 2393 809 2447 vel
864 2395 1012 2449 inviti
1052 2401 1430 2468 prtedicentes,
1465 2405 1666 2473 ingredi
1696 2405 1749 2459 in
1777 2421 1990 2476 porcos,

407 2498 568 2551 quam
599 2500 695 2540 eos
723 2485 906 2542 subire
939 2490 1166 2544 malunt.

484 2684 502 2715 ι
543 2667 672 2719 Erat
703 2671 849 2722 enim
910 2672 1103 2739 inquit,
1139 2673 1209 2726 ibi
1239 2690 1368 2744 grex
1424 2691 1706 2742 porcorum
1762 2694 1990 2748 pascen-

401 2760 556 2820 tium,
606 2770 662 2814 et
707 2761 936 2816 orabant
985 2781 1130 2828 eum,
1174 2776 1231 2820 ut
1281 2770 1614 2836 permitteret
1664 2772 1744 2825 eis
1788 2774 1839 2825 in
1873 2772 1990 2827 illos

405 2851 611 2918 ingredi
646 2862 699 2906 et
737 2855 981 2920 permisit
1035 2857 1159 2910 illis.
1200 2876 1218 2909 ι
1256 2857 1654 2916 Hahitationem
1689 2879 1746 2917 se
1775 2864 1988 2932 dignam

403 2943 778 3008 postulavere;
821 2961 942 2998 nam
976 2958 1034 2998 ut
1068 2959 1225 3002 erant
1275 2948 1447 3014 fetidi,
1483 2953 1820 3020 oppetierunt
1869 2957 1989 3008 ani-

404 3032 506 3085 mal
561 3035 702 3100 quod
737 3034 907 3090 fetore
941 3037 1265 3092 delectatur.
1301 3039 1430 3093 lllttd
1461 3057 1587 3096 vero
1618 3044 1782 3096 etiam
1812 3058 1991 3113 operae

2099 579 2319 650 Ταύτην
2343 577 2436 634 οῦν
2463 583 2561 652 τὴν
2589 583 2830 652 δυσσεϐῆ
2867 583 3025 649 δόξαν
3057 587 3311 657 βεϐαιοῦν
3348 591 3397 640 οἱ
3421 589 3676 658 δαίμονες

2100 672 2445 736 σπεύδοντες,
2478 677 2603 739 τοὺς
2625 679 2717 730 ἀπ’
2744 680 2925 734 αὐτῶν
2975 680 3448 750 κορυϐαντιῶντας
3492 681 3571 743 εἰς
3605 681 3676 734 τά

2097 761 2367 831 χαρώνεια
2409 765 2852 823 συνελαύνουσιν.

2175 871 2194 902 ι
2241 853 2386 905 Ἰδὼν
2414 854 2470 907 δὲ
2528 857 2618 908 τὸν
2657 859 2885 927 Ἰησοῦν,
2918 859 3008 910 καὶ
3044 857 3364 928 ἀνακράξας
3395 861 3545 926 φωνῇ
3576 876 3673 926 με·

2097 947 2237 1018 γάλῃ
2263 942 2383 998 εἷπε
2411 965 2424 979 ο
2466 949 2532 1000 Τί
2574 950 2699 1019 ἐμοὶ
2750 953 2843 1003 καὶ
2877 952 2981 1013 σοὶ,
3018 952 3112 1002 Υἱὲ
3143 951 3232 1003 το⁷
3265 950 3397 1002 θεοῦ
3427 951 3520 1002 τοῦ
3552 951 3674 1019 ὑψί-

2099 1054 2223 1089 στου
2252 1054 2266 1100 ;
2298 1039 2370 1108 μή
2411 1055 2476 1107 με
2515 1039 2837 1114 βασανίσῃς.
2881 1061 2899 1094 ι
2943 1041 3127 1107 ’Λξιον
3172 1042 3472 1112 ἀπορῆσαι,
3503 1043 3675 1095 πόθεν

2095 1130 2206 1190 τοῖς
2238 1129 2490 1198 δαίμοσιν
2518 1131 2550 1199 ἡ
2581 1134 2892 1201 πρόγνωσις
2927 1135 3290 1202 προσεγένετο
3313 1149 3328 1163 ⁸
3361 1135 3418 1185 ού
3445 1135 3553 1203 γὰρ
3581 1151 3675 1184 πι-

2097 1220 2347 1272 στευτέον
2407 1220 2551 1290 ἔχειν
2614 1224 2813 1286 αὐτοὺς
2875 1223 3083 1294 ταύτην
3140 1224 3352 1277 οἴκοθεν
3395 1226 3494 1286 τῆς
3522 1225 3677 1287 Θείας

2093 1310 2254 1381 δόξης
2280 1313 2719 1382 ἀποῤῥαγέντας,
2742 1315 2836 1367 καὶ
2866 1316 3056 1376 σκότος
3110 1316 3230 1366 ἀντὶ
3253 1317 3427 1383 φωτὸς
3451 1334 3679 1387 χρημα-

2095 1405 2370 1466 τίσαντας.
2406 1407 2474 1457 ’Ἡ
2509 1405 2725 1468 πάντως
2771 1406 2891 1458 κατ’
2925 1408 3245 1476 οἰκονομίαν
3300 1409 3419 1459 τινὰ
3480 1408 3677 1477 σοφὴν,

2096 1495 2189 1546 καὶ
2224 1495 2554 1563 εὐμήχανον,
2580 1495 2654 1555 ὡς
2682 1497 2748 1548 ἂν
2785 1499 2876 1549 καί
2907 1498 2969 1549 ἐκ
3002 1497 3102 1566 τῆς
3145 1497 3254 1549 τῶν
3283 1497 3498 1566 ἐχθρῶν
3527 1514 3678 1566 μαρ-

2094 1585 2287 1654 τυρίας
2319 1586 2380 1638 τὸ
2410 1587 2698 1656 μεγαλεῖον
2716 1589 2815 1655 τῆς
2846 1587 2939 1638 τοῦ
2974 1587 3110 1639 Θεοῦ
3145 1587 3301 1658 δόξης
3341 1587 3511 1655 ὀφθῇ·
3551 1587 3678 1640 θεία

2093 1677 2204 1744 γάρ
2233 1695 2317 1738 τις
2367 1677 2614 1746 ἀοράτως
2644 1678 2770 1740 τοῦς
2807 1678 3105 1746 μαστιγίας
3153 1676 3388 1746 ἑδάμαζε
3417 1677 3674 1747 δύναμις,

2095 1769 2128 1838 ἡ
2159 1768 2252 1822 καὶ
2277 1767 2450 1822 ταῦτα
2480 1769 2660 1836 λέγειν
2702 1769 3220 1836 καταναγκάζουσα.

2174 1956 2192 1988 ι
2232 1939 2337 1991 Καὶ
2371 1939 2718 2008 παρεκάλουν
2746 1940 2932 2002 αὐτὸν,
2960 1941 3047 1992 ἵνα
3092 1939 3166 2011 μὴ
3199 1941 3430 2012 ἐπιτάξῃ
3487 1942 3681 2004 αὐτοῖς

2098 2030 2177 2092 εἰς
2215 2029 2319 2098 τὴν
2347 2029 2583 2082 ἄϐυσσον
2619 2031 2873 2084 ἀπελθεῖν
2905 2050 2918 2063 °
2959 2053 2976 2084 ι
3019 2035 3235 2104 ᾔδεσαν,
3278 2035 3406 2102 γὰρ,
3453 2033 3550 2098 ὡς,
3579 2033 3680 2098 οὓς

2099 2124 2163 2174 ἐκ
2194 2123 2301 2173 τῶν
2356 2122 2534 2176 ἄλλων
2583 2125 2839 2194 ἀπήλασε
2884 2125 3168 2194 δαίμονας.
3200 2127 3279 2188 εἰς
3309 2125 3407 2194 τὴν
3436 2126 3679 2178 ἄϐυσσον

2098 2215 2172 2281 τῷ
2221 2215 2491 2267 παναλκεί
2539 2215 2680 2284 λόγῳ
2737 2217 3120 2287 παρέπεμψεν.
3167 2220 3254 2279 Ὠς
3314 2218 3406 2270 οὗν
3467 2219 3678 2289 ἐτέρων

2098 2307 2197 2376 ἤδη
2257 2308 2784 2374 προαποσταλὲντων
2840 2309 2901 2361 τὸ
2957 2312 3191 2379 πρᾶγμα
3219 2309 3676 2378 καταπεσρίκασι

2097 2401 2189 2452 καὶ
2219 2401 2316 2470 τὴν
2338 2402 2749 2471 ἡτοιμασμένην
2772 2403 2953 2476 αὐτοῖς
2973 2403 3204 2471 βάσανον
3235 2403 3463 2466 ἄκοντες
3502 2406 3672 2470 ἐμαν-

2095 2491 2376 2553 τεύσαντο,
2413 2494 2674 2562 κάκείνης
2731 2494 3086 2563 προκρίνουσι
3112 2494 3210 2563 τὴν
3267 2495 3346 2556 είς
3388 2493 3514 2554 τοὺς
3555 2493 3654 2562 χοίι

2097 2600 2223 2653 ρους
2255 2582 2580 2636 είσὲλευσιν.

2171 2695 2188 2726 t
2226 2671 2334 2727 Ἦν
2363 2675 2471 2744 γάρ
2508 2678 2644 2738 ἐκεῖ,
2681 2678 2836 2745 φησὶ,
2877 2677 3045 2746 ἀγέλη
3072 2678 3419 2748 βοσκομένων
3446 2677 3670 2747 χοίρων,

2096 2768 2188 2820 καὶ
2221 2768 2563 2838 παρεκάλουν
2590 2770 2750 2822 αὑτὸν
2789 2770 2878 2822 ἵνα
2918 2770 3187 2840 ἐπιτρέψῃ
3213 2773 3395 2831 αὐτοῖς
3420 2770 3496 2831 εἰς
3518 2769 3672 2820 ὲιιεί⁴

2096 2875 2217 2919 νους
2281 2857 2543 2910 εἰσελθεῖν
2579 2861 2712 2912 ’καὶ
2749 2861 3048 2930 ἐπέτρεψεν
3097 2862 3301 2923 αὐτοῖς.
3348 2881 3364 2911 ι
3411 2857 3676 2924 Ἐπὰξιον

2093 2968 2195 2988 αργυ-

2103 2951 2195 3018 τῆς
2243 2951 2423 3003 αὐτῶν
2478 2952 2668 3016 οὐσίας
2711 2955 2988 3023 ἐζήτησαν
3042 2957 3398 3025 οἰκητήριονο
3428 2955 3503 3017 ὡς
3555 2954 3674 3022 γὰρ

2091 3043 2346 3107 δυσώδεις
2377 3045 2529 3108 ὅντες
2555 3046 2613 3098 τὸ
2633 3049 2822 3116 χαῖρον
2844 3049 2909 3117 τῇ
2931 3049 3167 3118 δυσωδία
3185 3048 3322 3112 ζῶον
3346 3047 3671 3117 ἠγάπησαν.

402 3123 634 3189 pretium
700 3125 863 3179 fuerit
929 3128 1210 3195 indicare,
1293 3145 1386 3185 eos
1445 3146 1513 3186 ne
1571 3133 1624 3185 in
1684 3134 1979 3188 animantes

2105 3136 2588 3205 Ἐπισημήνασθαι
2649 3137 2744 3190 οῦν
2796 3140 3021 3190 κάκεῖνο
3073 3135 3341 3192 εἷναίπου
3369 3141 3647 3209 χρήσιμον

401 3213 618 3281 quidem
687 3217 912 3272 rationis
972 3232 1220 3288 expertes
1303 3223 1500 3278 nullam
1553 3225 1664 3280 Deo
1720 3227 1989 3280 abnuente

2095 3227 2170 3290 ὡς
2200 3227 2322 3279 οὐδὲ
2375 3227 2530 3290 ζώων
2584 3227 2796 3296 ἀλόγων
2829 3229 3271 3294 κατεξουσιάζειν
3315 3230 3430 3282 ἐστὶ
3452 3228 3676 3290 τούτοις

1661 3367 1979 3430 Francisei
2012 3369 2217 3430 Scnrsi
2255 3375 2440 3429 notae.

439 3490 586 3556 ,(68)
627 3488 1020 3559 Lymphatieos.
1072 3488 1282 3560 Et_hic
1315 3498 1370 3560 et
1421 3504 1582 3555 supra
1631 3493 1793 3544 etiam
1858 3495 1976 3560 ipso

401 3557 778 3621 explicationis
801 3561 951 3613 initio
975 3560 1139 3630 utitur
1155 3557 1513 3624 Theophanes
1543 3575 1672 3613 voce
1697 3557 1966 3630 κορυϐανο

401 3633 636 3689 τιὼντας
677 3645 835 3697 quam
880 3631 952 3684 ibi
998 3629 1182 3683 furore
1216 3631 1466 3696 agitatos,
1493 3630 1580 3682 hic
1615 3631 1972 3697 lymphaticus

401 3703 673 3754 varianda:
722 3699 1182 3773 interpretationis
1237 3701 1407 3773 gratia
1447 3699 1674 3773 reddidi.
1706 3701 1763 3754 Si
1798 3703 1967 3773 Cory-

403 3773 624 3826 bantum
660 3784 809 3839 more
837 3769 889 3822 in
925 3769 1163 3839 furorem
1214 3772 1439 3822 adactos
1488 3769 1792 3833 vertissent,
1829 3769 1971 3839 put'i-

401 3845 504 3896 dus
555 3839 713 3892 nimis
763 3838 1004 3893 fuissem.
1050 3837 1165 3892 Non
1194 3839 1380 3894 eadem
1438 3839 1659 3892 omnino
1711 3841 1760 3892 vi
1815 3837 1973 3894 nsnr-

403 3921 603 3978 pantnr
653 3924 795 3977 srepe
826 3910 1066 3969 nomina,
1104 3923 1265 3978 quam
1316 3909 1383 3961 ab
1436 3919 1633 3968 etvmo,
1688 3920 1742 3962 et
1799 3912 1970 3975 prima

401 3979 744 4044 impositione
797 3994 905 4046 prae
957 3993 1014 4031 se
1055 3978 1252 4032 ferunt.
1309 3978 1664 4048 Κορυϐάντας
1722 3980 1806 4031 cui
1867 3997 1974 4034 non

399 4053 591 4104 scitum
646 4050 813 4102 fuisse
852 4049 1165 4102 sacerdotes
1198 4048 1445 4118 Cybeles,
1497 4048 1679 4103 Gallos
1708 4051 1876 4103 etiam
1913 4064 1970 4104 et

398 4119 869 4190 IdaeosﬁDaetylos
926 4120 1120 4182 dictos,
1152 4122 1270 4190 qui
1318 4120 1369 4170 in
1404 4120 1746 4190 ejussacris
1784 4120 1972 4172 ἐνθου-

402 4189 620 4258 σιασμῷ
679 4189 770 4242 seu
823 4203 981 4242 sacro
1021 4189 1252 4256 quodam
1309 4189 1541 4255 correpti
1588 4189 1968 4255 agitabantur,

401 4263 628 4329 ideoque
679 4260 788 4312 ἀπὸ
820 4259 914 4313 τοῦ
951 4259 1239 4327 κορύττειν
1276 4259 1378 4329 hoc
1428 4269 1510 4312 est
1569 4268 1730 4325 caput
1767 4268 1972 4329 motare

399 4331 483 4384 vel
539 4328 702 4384 cornu
753 4341 938 4393 petere
989 4329 1201 4382 dictos?
1253 4328 1381 4381 Inde
1417 4339 1595 4397 ﬁatque
1643 4328 1973 4397 κακοδαιμο-

402 4403 520 4470 νᾷν.
557 4401 622 4454 Ει
675 4400 1052 4470 energninenis
1099 4396 1766 4470 νεγοίκορυϐανεᾷνὶιιεηι
1808 4396 1971 4465 atque

402 4467 714 4523 a'dzemonc
753 4467 982 4528 vexatis,
1025 4482 1086 4521 ac
1139 4467 1350 4520 furiatis
1403 4482 1432 4518 a
1487 4467 1816 4535 Theophane
1859 4470 1960 4520 tri-

403 4539 627 4602 buitnr;
681 4552 780 4591 nec
835 4537 976 4590 aliud
1030 4536 1324 4604 quidquam
1367 4537 1542 4606 signat
1577 4552 1738 4606 quam
1795 4537 1978 4592 furore

400 4610 612 4682 agitari,
634 4610 731 4682 gvel
768 4606 1152 4682 lymphaticum
1185 4621 1321 4682 esse.

470 4680 580 4752 (69)
625 4680 688 4752 In
738 4687 1073 4752 monumenta
1107 4677 1410 4752 detrudunt.
1468 4677 1536 4733 Ut
1598 4678 1854 4732 nimirum
1905 4678 1975 4731 ibi

399 4747 600 4806 numen
626 4749 844 4815 aliquod
878 4762 1000 4800 esse
1027 4747 1362 4801 crederetur.

471 4822 582 4890 (70)
627 4820 751 4873 Ηίινο
802 4819 1030 4888 cognitio
1061 4820 1347 4890 advenerit.
1388 4817 1478 4890 _An
1531 4819 1802 4890 dmnmnes
1825 4831 1975 4871 (τοι-ιο

400 4886 660 4948 εςί’νιιιὶιιι
704 4886 981 4943 Christum
1003 4903 1125 4942 esse
1158 4886 1354 4941 Filium
1388 4887 1480 4942 Dei
1505 4889 1831 4950 naturalem,
1868 4904 1974 4956 quo

404 4974 642 5026 tempore
695 4960 936 5011 mortalis
985 4958 1162 5010 adhuc
1195 4959 1247 5010 in
1297 4960 1453 5011 terris
1508 4960 1756 5024 degebat,
1795 4958 1976 5024 dis‘pu-

405 5042 518 5084 tant
551 5029 783 5094 theologi
833 5027 1141 5081 scholastici
1184 5043 1303 5080 cum
1344 5026 1401 5082 S.
1447 5027 1679 5079 Thoma.
1718 5029 1977 5081 Commu-

404 5103 544 5165 ninr,
581 5113 632 5153 et
667 5099 794 5151 mihi
835 5099 1052 5166 quidem
1097 5098 1266 5166 magis
1291 5098 1588 5166 probabilis
1633 5099 1818 5165 opinio
1849 5111 1976 5148 cen—

403 5183 572 5235 setur,
626 5186 720 5222 eos
749 5170 799 5222 id
853 5168 1207 5221 imlnbit‘atum
1246 5168 1467 5221 omnino
1522 5181 1626 5219 non
1677 5167 1969 5229 habuisse;

401 5244 491 5295 sed
547 5240 897 5294 vehementer
929 5251 1051 5291 esse
1084 5238 1430 5303 suspicalos;
1473 5247 1526 5291 et
1551 5251 1614 5289 ex
1647 5239 1746 5291 hac
1805 5238 1970 5290 vehe-

403 5313 566 5365 menti
627 5308 936 5375 suspicione
991 5322 1213 5361 vocasse
1277 5308 1551 5361 Christum
1612 5306 1804 5359 Filium
1859 5307 1968 5371 Dei,

401 5385 556 5435 sienti
619 5381 729 5433 ﬁeri
779 5380 937 5442 solet,
1001 5388 1058 5429 ιιι
1093 5394 1153 5431 ea
1199 5379 1357 5430 etiam
1387 5394 1508 5444 qua:
1567 5378 1802 5430 maxime
1857 5378 1971 5443 opi-

405 5469 617 5510 namur,
653 5461 709 5502 ut
750 5457 900 5503 certa
949 5449 1180 5516 quodam
1231 5448 1394 5500 animi
1439 5447 1668 5516 impulsu
1724 5445 1969 5515 profera-

407 5538 547 5575 mus.
603 5523 738 5575 Huic
777 5517 1015 5588 opinioni
1067 5515 1391 5588 suffragatur
1436 5517 1810 5584 Theophanes,
1845 5532 1968 5568 cunt

405 5593 627 5647 minime
674 5589 999 5644 credendum
1051 5587 1201 5648 dicit,
1238 5603 1354 5640 eam
1381 5590 1742 5655 cognitionem
1768 5589 1968 5639 «lanno-

406 5676 502 5714 nes
537 5662 865 5714 intrinsecus
910 5658 1203 5718 habuisse;
1265 5659 1358 5710 sed
1415 5661 1613 5710 virtute
1668 5657 1848 5708 divina
1901 5655 1967 5708 ad

404 5733 458 5784 id
495 5731 772 5785 fatendum
832 5729 999 5782 fuisse
1061 5737 1304 5781 coactos.
1356 5725 1549 5781 Verum
1600 5726 1759 5779 iidem
1809 5723 1968 5790 hujus

407 5800 650 5870 mysterii
707 5810 934 5864 certam,
1011 5798 1105 5852 sed
1147 5806 1413 5862 coactam,
1493 5806 1774 5864 pOStquam
1837 5796 1966 5850 iliud

2084 3495 2217 3548 satis
2284 3493 2613 3546 declaratum
2645 3503 2694 3543 et
2737 3494 2906 3555 signis
2952 3491 3338 3555 miraculisque
3367 3491 3684 3546 confirma-

2090 3575 2198 3617 tum
2237 3564 2435 3615 habere
2459 3563 2733 3614 daunnnes
2761 3563 3133 3616 dit-untiidem
3174 3563 3446 3630 theologi;
3480 3578 3666 3626 neque

2083 3635 2226 3688 enim
2279 3633 2326 3684 ei
2386 3633 2673 3684 dissentire
2726 3642 2970 3698 possunt,
3015 3632 3158 3700 quod
3198 3641 3276 3684 tot
3333 3633 3666 3689 testimoniis

2081 3703 2358 3757 evidenter
2395 3702 2651 3753 credibile
2704 3718 2825 3753 ρςςιε
2883 3711 3257 3770 cognoscunt:
3323 3716 3386 3750 ac
3437 3701 3502 3753 de
3552 3703 3666 3757 [ide

2082 3785 2272 3826 coacta
2333 3773 2638 3838 intelligunt
2691 3771 2814 3823 illud
2847 3769 3030 3825 Jacobi
3084 3786 3204 3840 cap.
3239 3787 3316 3824 tt:
3375 3770 3657 3826 Damone:

2079 3847 2318 3902 credunt,
2351 3851 2398 3893 et
2431 3843 2852 3894 contremiscunt.

2152 3911 2262 3978 (7i)
2305 3910 2366 3962 In
2415 3910 2744 3966 barathrmn.
2804 3911 2957 3976 Quod
3015 3911 3085 3963 ait
3139 3920 3330 3963 auctor
3378 3913 3658 3968 dmmones

2082 3983 2397 4042 deprecatos
2441 3979 2581 4032 nein
2620 3981 2932 4034 barathrum
2967 3982 3409 4041 amandarentur.
3461 3996 3528 4034 ne
3561 3999 3663 4048 pa-

2085 4063 2232 4104 ratos
2288 4049 2356 4101 ibi
2395 4049 2666 4102 t‘l’tlcialtls
2720 4051 2983 4110 subirent,
3030 4066 3134 4102 non
3173 4052 3242 4102 ita
3275 4051 3653 4118 accipiendum

2081 4131 2185 4181 est,
2220 4119 2442 4186 perinde
2485 4119 2638 4186 quasi
2666 4119 2937 4173 dzemones
2980 4121 3032 4174 in
3061 4120 3159 4172 hoc
3191 4135 3317 4172 acre
3353 4122 3655 4189 caliginoso

2079 4199 2361 4244 versantes
2416 4203 2522 4241 non
2565 4189 2688 4256 igne
2741 4189 2954 4241 inferno
3004 4190 3224 4244 assidue
3275 4199 3658 4250 torqueantur.

2083 4260 2214 4313 Nam
2261 4267 2319 4310 nt
2365 4259 2569 4328 optime
2599 4260 2795 4313 docent
2831 4260 3078 4322 Snarius,
3101 4259 3194 4311 lih.
3227 4276 3320 4313 vtu
3358 4259 3432 4313 De
3451 4262 3656 4328 angelis

2081 4345 2200 4396 cap.
2249 4329 2336 4385 Η.
2391 4347 2443 4380 ιι.
2500 4328 2608 4391 17;
2653 4339 2706 4382 et
2739 4343 2858 4392 cap.
2904 4328 2984 4392 l6,
3019 4347 3070 4381 ιι.
3119 4329 3313 4392 21;et
3359 4329 3664 4384 Toletusin

2079 4397 2210 4452 an.
2250 4398 2433 4452 adnot.
2490 4398 2580 4458 65,
2629 4399 2935 4451 essentialis
2986 4413 3140 4466 poena
3182 4399 3361 4452 damni
3412 4410 3466 4452 et
3513 4401 3661 4468 ignis

2080 4470 2266 4521 :eterni
2327 4469 2429 4536 iam
2473 4469 2593 4521 inde
2627 4483 2692 4520 ex
2751 4483 2858 4534 quo
2909 4479 3268 4535 peccaverunt
3317 4471 3658 4523 dzemonibus

2081 4547 2163 4590 est
2211 4537 2430 4597 inﬂeta,
2490 4552 2716 4606 eamque
2752 4553 2941 4592 omnes
2995 4539 3179 4591 luunt:
3228 4539 3321 4592 sed
3386 4540 3659 4605 accipien-

2081 4609 2206 4661 dum
2245 4608 2311 4660 de
2359 4617 2516 4673 ptena
2565 4607 3315 4675 rigoroSa:incarcerationis,
3378 4619 3435 4662 nt
3473 4610 3652 4674 aiunt,

2080 4686 2134 4729 et
2187 4678 2514 4745 alligationis
2555 4676 2606 4728 in
2653 4676 2742 4728 illo
2783 4678 2920 4738 loco,
2950 4691 3068 4746 quae
3099 4680 3475 4732 reservaturin
3507 4679 3653 4731 diem

2074 4746 2304 4814 iudicii:
2357 4747 2617 4814 permissa
2663 4747 2807 4799 enim
2866 4748 2966 4800 sibi
3029 4746 3116 4798 illa
3158 4749 3371 4802 licentia
3425 4749 3657 4816 vagandi

2079 4832 2172 4884 per
2224 4816 2366 4869 hunc
2445 4819 2708 4869 mundum
2768 4817 2994 4869 multmn
3044 4817 3097 4869 in
3152 4818 3405 4886 prmseoti
3454 4817 3659 4872 minuit

2079 4888 2224 4939 illam
2260 4887 2584 4940 detentionis
2630 4901 2865 4953 poenam.
2915 4887 3041 4940 Ideo
3086 4889 3505 4954 expostulabant
3547 4889 3658 4940 da:-

2078 4971 2266 5010 mones
2317 4971 2438 5010 cum
2467 4956 2686 5009 Christo
2712 4958 2854 5024 quod
2888 4968 3030 5028 ante
3067 4964 3280 5026 tempus
3318 4973 3378 5012 se
3433 4971 3652 5028 torque-

2081 5035 2181 5096 ret,
2226 5027 2455 5093 ideoque
2496 5027 2757 5096 rogabant
2782 5040 2851 5078 ne
2881 5027 2934 5079 in
2954 5028 3207 5096 abyssum
3243 5027 3645 5096 ablegarentur,

2076 5095 2260 5163 ibique
2312 5097 2513 5148 arctius
2569 5094 3046 5149 concluderentan
3085 5099 3263 5164 Atque
3306 5094 3408 5151 hoc
3465 5099 3652 5150 eodem

2076 5181 2240 5220 sensu
2292 5165 2352 5219 S.
2411 5164 2729 5219 Ambrosius
2777 5166 2958 5220 dixit:
3001 5166 3270 5220 Dwmones
3301 5180 3424 5220 ante
3452 5183 3654 5232 ιεηιριη

2075 5236 2246 5288 debita
2302 5236 2398 5289 sibi
2454 5244 2715 5288 tormenta
2771 5235 3106 5304 formidant;
3164 5239 3467 5305 eodemque
3501 5241 3653 5290 locu-

2077 5316 2190 5358 tum
2237 5305 2627 5374 Theophanem
2682 5313 2929 5358 no~trum
2976 5307 3236 5374 intellige.
3296 5306 3429 5358 Illud
3479 5311 3646 5358 etiam

2075 5385 2229 5442 putat
2279 5376 2526 5437 Snarius,
2572 5376 2715 5445 quod
2753 5374 2855 5430 hoc
2909 5376 3025 5428 loco
3058 5374 3420 5445 Theophanes
3453 5377 3651 5434 innuit.

2076 5445 2273 5500 multos
2297 5461 2359 5499 ex
2403 5445 2738 5500 (immunibus
2784 5457 3043 5513 perpetuo
3074 5447 3127 5499 in
3163 5448 3378 5500 interno
3403 5447 3650 5498 residere

2071 5529 2136 5569 ac
2180 5516 2432 5570 detineri.
2496 5516 2762 5569 Cmternm
2800 5531 2905 5584 quo
2950 5526 3104 5584 pacto
3158 5516 3232 5568 illi
3289 5518 3377 5582 qui
3444 5517 3494 5566 in
3543 5516 3653 5569 hoc

2071 5601 2197 5638 aere
2231 5597 2615 5653 pervagantur,
2659 5583 2827 5639 etiam
2876 5583 2964 5639 illo
3017 5583 3228 5638 inferno
3269 5589 3388 5655 igne
3431 5585 3652 5638 assidue

2071 5659 2415 5718 crucientur,
2474 5658 2761 5724 variosque
2819 5656 3030 5709 dicendi
3092 5657 3279 5710 modos
3351 5665 3641 5708 auctorum

2071 5726 2193 5778 vide
2224 5727 2291 5778 ab
2316 5728 2429 5792 ipso
2449 5724 2645 5779 Suario
2676 5725 2945 5781 subtiliter
2986 5728 3312 5793 disceptatos
3339 5727 3459 5781 loco
3486 5740 3646 5794 supra

2071 5796 2237 5851 relato
2278 5811 2396 5863 cap.
2449 5796 2533 5849 16.
