3990 6202
347 208 365 237 ο
464 223 477 238 ι

367 344 475 407 979

1570 332 2062 397 THEOPHANIS
2099 327 2441 391 CERAMEI

3517 313 3622 372 980

373 460 463 520 tri,
504 458 595 528 qui
641 467 755 512 erat
801 452 1086 515 ethnicus,
1140 458 1197 505 et
1248 447 1483 504 Pilatum
1542 447 1848 517 presidem,
1898 453 1981 501 ct.

2086 439 2314 499 ἷουδαίας
2362 436 2462 505 τὴν
2517 431 2692 504 ἀρχὴν
2722 432 2750 484 ό
2788 428 3001 495 Καῖσαρ
3038 421 3377 494 ἐνεχείρησε,
3403 420 3497 473 καὶ
3529 422 3622 473 τὸν

367 552 604 619 judicem
639 550 879 601 miserat.
937 544 1380 599 Consentaneum
1408 540 1571 610 igitur
1608 550 1709 598 est,
1746 545 1805 591 ut
1832 537 1949 590 cxi-

373 641 654 693 stimemus
687 648 876 705 greges
916 632 1035 687 illos
1074 646 1363 702 porcorum
1413 629 1684 684 exercitus
1722 625 1945 680 Rntnani

376 732 563 788 fuisse.
602 727 690 797 qui
719 729 772 782 in
804 726 1113 782 Judzrnrum
1165 724 1303 779 ritus
1341 723 1561 777 minime
1608 718 1807 774 abibat.
1842 716 1947 771 Sed

375 834 549 889 neque
586 833 872 887 porcorum
930 817 1179 872 dominos
1213 815 1318 871 ulla
1365 813 1543 869 aﬂecit
1577 811 1807 881 injuria;
1844 810 1950 861 imo

374 910 583 980 punivit
617 908 935 976 iniustitiam
982 921 1143 976 opere
1188 907 1304 975 ipso
1333 904 1536 959 docens
1581 901 1816 955 Juda-am
1847 899 1950 955 im-

375 1001 590 1056 mundis
671 1000 992 1055 animalibus
1047 1012 1155 1054 non
1214 996 1466 1052 debuisse
1545 989 1950 1050 contaminari.

374 1106 602 1161 quorum
645 1099 949 1146 contactum
996 1090 1158 1145 etiam
1192 1089 1274 1142 lex
1322 1085 1561 1140 vetabat.
1593 1082 1724 1134 Nam
1770 1088 1950 1132 vetera

377 1184 644 1251 tantisper
693 1185 943 1247 honomt,
980 1188 1038 1236 ut
1065 1196 1132 1236 ne
1161 1179 1293 1234 Mosi
1334 1175 1641 1231 contrarius
1687 1174 1952 1227 videatur.

455 1295 475 1329 ι
513 1277 776 1331 Exierunt
807 1289 935 1343 ergo
971 1270 1234 1328 daemonia
1269 1270 1335 1323 ab
1366 1267 1605 1331 homine,
1638 1275 1690 1319 et
1716 1265 1946 1317 intrave-

379 1382 506 1426 runt
535 1371 585 1423 in
629 1381 860 1438 porcos:
893 1377 946 1420 et
997 1367 1196 1436 impetu
1249 1361 1382 1417 abiit
1411 1375 1539 1430 grex
1590 1371 1686 1426 per
1712 1350 1957 1423 praeceps

378 1463 437 1517 iu
484 1470 730 1531 stagnum
757 1500 772 1525 ,
805 1470 875 1514 et
919 1455 1215 1517 auﬂ'ocatus
1264 1461 1368 1511 est.
1402 1470 1421 1503 ι
1456 1450 1522 1504 Ει
1564 1463 1693 1519 grex
1741 1444 1956 1515 quidem

379 1552 528 1607 velut
560 1561 728 1607 metro
772 1550 1029 1620 percitus,
1056 1559 1111 1601 et
1140 1560 1235 1617 per
1264 1557 1504 1616 praeceps
1536 1550 1691 1596 actus
1717 1539 1768 1591 in
1799 1544 1959 1605 caput

381 1644 698 1698 submersus
732 1639 1091 1698 estzsubulci
1133 1652 1261 1709 ergo
1295 1635 1547 1690 abierunt
1594 1632 1645 1686 in
1686 1628 1957 1684 civitatem

383 1734 688 1788 nuntiatum
745 1732 875 1802 quid
951 1730 1261 1785 accidisset.
1330 1726 1440 1779 Nos
1497 1736 1625 1777 vero
1699 1717 1959 1781 historia,

2052 534 2290 601 Ἕλληνα
2323 528 2563 612 Πιλάτον
2580 522 2849 597 ἡγεμόνα,
2883 519 2975 575 καὶ
3004 514 3267 585 δικαστὴν
3305 512 3617 578 ἐξαπέστει-

2050 628 2163 680 λεν.
2191 621 2515 679 Ἀκόλουθον
2548 604 2732 672 ἰτοίνυν
2793 614 2959 677 νοεῖν,
2990 610 3066 673 ὡς
3120 606 3266 680 ἦσαν
3308 604 3623 677 Ῥωμαῖκοῦ

2003 771 2008 777 ,
2052 715 2285 788 στρατοῦ
2334 713 2405 766 τὰ
2463 710 2729 773 συϐὠσια,
2784 706 2989 776 ἥκιστα
3047 699 3407 769 στοικούντων
3442 695 3623 749 ἔθεσιν

2051 809 2386 868 Ἰουδαϊκοῖς.
2415 802 2561 857 Ἀλλ’
2606 799 2727 854 οὐδὲ
2777 798 2905 859 τοὺς
2963 793 3235 855 δεσπότας
3285 790 3395 842 τῶν
3425 788 3627 859 χοίρων

2053 900 2284 969 ἠδίκησε
2314 914 2328 927 '
2361 898 2458 967 τὴν
2487 896 2544 949 δὲ
2569 893 2787 950 ἀδικίαν
2818 891 3099 953 ἐκόλασεν,
3132 888 3281 956 ἔργῳ
3306 882 3524 949 διδάξας
3551 883 3629 953 μὴ

2054 988 2445 1059 καταχραίνειν
2484 986 2584 1056 τὴν
2617 984 2880 1039 Ἰουδαίαν
2939 979 3099 1044 ζώοις
3152 979 3392 1048 μιαροῖς,
3423 970 3505 1038 οἷς
3534 975 3631 1028 καὶ

2053 1082 2116 1135 τδ
2140 1079 2451 1150 ἐφάψασθαι
2481 1079 2509 1130 ὁ
2540 1077 2707 1147 νόμος
2734 1073 3030 1128 ἀπείπατο.
3062 1070 3211 1139 Τιμᾷ
3252 1069 3361 1138 γὰρ
3394 1067 3529 1129 τέως
3560 1065 3632 1118 τά

2056 1174 2282 1235 παλαιὰ,
2310 1172 2397 1224 ἵνα
2428 1171 2503 1240 μὴ
2532 1169 2660 1241 δόξῃ
2696 1167 2792 1220 τοῦ
2824 1164 3107 1227 Μωῦσέως
3147 1160 3451 1222 ἀντίθετος.

2133 1286 2153 1318 ι
2186 1265 2507 1330 Ἐξελθόντα
2529 1264 2588 1317 δὲ
2613 1262 2680 1315 τὰ
2706 1260 2966 1331 δαιμόνια
3013 1255 3123 1312 ἀπὸ
3172 1255 3267 1308 τοῦ
3314 1250 3634 1323 ἀνθρώπου,

2057 1357 2307 1427 εἰσῆλθον
2370 1357 2450 1418 είς
2506 1355 2633 1417 τοὺς
2685 1353 2925 1426 χοίρους,
2958 1348 3055 1403 καὶ
3101 1348 3361 1423 ὥρμησεν
3393 1346 3427 1413 ἡ
3461 1342 3635 1411 ἀγέλη

2059 1450 2202 1504 κατά
2229 1448 2321 1502 τοῦ
2353 1445 2606 1518 κρημνοῦ
2647 1447 2726 1508 είς
2752 1444 2850 1512 τὴν
2880 1442 3101 1512 λίμνην,
3129 1438 3225 1495 καὶ
3267 1435 3567 1503 ἀπεπνίγη.
3614 1451 3634 1483 ι

2071 1543 2136 1595 Ἦ
2172 1541 2268 1610 μέν
2294 1534 2388 1593 οῦν
2415 1538 2581 1607 ἀγέλη
2612 1533 3044 1607 ἐξοιστρηθεῖσα,
3080 1530 3174 1584 καὶ
3202 1527 3349 1583 κατά
3368 1527 3459 1579 τοῦ
3494 1542 3641 1595 κρηο

2066 1636 2198 1707 μνοῦ
2253 1634 2652 1700 κυϐιστήσασα,
2710 1629 2938 1698 γέγονεν
2971 1623 3304 1695 ὑποϐρύχιος
3327 1638 3341 1652 '
3370 1624 3417 1673 οἱ
3449 1620 3507 1674 δέ
3544 1636 3644 1672 au-

2065 1727 2231 1781 ϐῶται
2256 1726 2459 1797 ᾤχοντο
2484 1729 2618 1790 πρὸς
2649 1721 2747 1791 τὴν
2777 1719 2957 1789 πόλιν,
3015 1715 3345 1784 αὐτάγγελοι
3384 1711 3476 1767 τοῦ
3506 1712 3645 1783 δρά-

749 1781 875 1802 1w-
954 1781 1178 1785 _-____-

384 1833 645 1894 quantum
702 1823 834 1877 satis
874 1830 978 1884 est,
1026 1819 1333 1887 explicata,
1388 1816 1440 1871 in
1495 1810 1782 1867 interiores
1822 1807 1964 1861 illius

2086 1836 2241 1882 ιατος
2273 1781 2679 1887 ,γενησόμενομ
2705 1781 2912 1879 ’Ἡμεῖς
2944 1781 3001 1861 δὲ
3045 1781 3414 1878 ἀποχρώντως
3442 1804 3510 1857 τὰ
3538 1781 3644 1870 τῆς

386 1928 635 1970 recessus
663 1913 976 1971 subeamus.
1012 1909 1312 1967 Adumbrat
1346 1907 1508 1975 igitur
1538 1903 1695 1973 hujus
1726 1900 1969 1955 historia:

2086 1909 2315 1977 ,στορίας
2379 1904 2824 1977 ἀφηγησάμενοι,
2882 1900 2991 1953 τῶν
3057 1898 3227 1968 αὐτῆς
3280 1895 3492 1949 ἀδύτων
3510 1894 3650 1947 εἵσω

386 2004 633 2063 narratio
664 2003 1167 2073 praevaricationem
1210 1999 1370 2068 primi
1401 1996 1656 2059 hominis,
1689 2008 1791 2062 qua
1823 1991 1969 2046 ccci-

2086 2002 2376 2071 γενώμεθα.
2408 1998 2755 2066 ’Υπηγράφει
2780 1993 2874 2047 οῦν
2899 1995 2933 2061 ἡ
2961 1992 3058 2059 τῆς
3090 1988 3332 2061 ἱστορίας
3364 1987 3649 2056 ἀφήγησις

388 2097 467 2151 dit
535 2096 586 2150 in
634 2103 912 2164 peccatum
939 2130 957 2157 ,
1004 2103 1059 2148 et
1095 2093 1395 2147 daemonum
1438 2102 1541 2143 una
1590 2101 1711 2141 cum
1751 2090 1972 2153 peccato

2086 2094 2168 2164 τὴν
2198 2092 2294 2145 τοῦ
2339 2089 2772 2159 πρωτοπλάστου
2817 2083 3156 2153 παράϐασιν,
3186 2080 3282 2133 καὶ
3310 2079 3408 2149 τὴν
3436 2079 3515 2141 είς
3545 2077 3649 2148 τὴν

389 2188 843 2243 internecionem.
905 2184 1038 2239 Cum
1089 2185 1233 2236 enim
1290 2182 1380 2236 ille
1433 2177 1659 2233 consilio
1714 2173 1972 2229 daemonis

2086 2188 2187 2254 ipa
2198 2186 2347 2255 ρτίαν
2365 2183 2736 2241 κατάπτωσιν,
2755 2178 2852 2231 καὶ
2870 2175 2967 2247 τὴν
2994 2174 3105 2227 τῶν
3118 2171 3387 2239 δαιμόνων
3402 2170 3537 2238 μετά
3550 2169 3654 2238 τῆς

391 2279 727 2349 πψιῑεεςεῐ,
753 2277 958 2345 eiectus
986 2283 1089 2339 est,
1116 2284 1173 2328 ut
1194 2273 1279 2326 hic
1304 2288 1332 2325 a
1355 2268 1688 2325 daemonibus
1717 2266 1971 2335 agitatus,

2086 2278 2276 2339 κακίας
2320 2273 2615 2342 ἐξάλειψιν.
2652 2270 2764 2339 Τὴν
2801 2264 3117 2337 συμϐουλὴν
3178 2263 3289 2332 γὰρ
3320 2263 3531 2322 ἐκεῖνος
3561 2261 3653 2312 ἐν-

391 2390 419 2426 a
448 2344 605 2427 beata
644 2344 864 2424 civitate
913 2366 1100 2430 Edem,
1126 2375 1177 2419 et
1202 2360 1623 2418 immortalitatis
1672 2368 1821 2410 veste
1850 2368 1976 2422 spo-

2086 2368 2376 2440 ισμενίσας
2403 2366 2499 2420 τοῦ
2534 2365 2808 2435 δαίμπνος,
2845 2356 3210 2414 ἀπελαύνεται
3242 2352 3361 2423 μὲν,
3390 2352 3465 2412 ὼς
3485 2344 3654 2412 οὗτος

395 2465 555 2518 liatus
589 2469 933 2517 monumenta
966 2457 1254 2521 incolebat,
1282 2452 1527 2509 mortalis
1551 2450 1757 2505 scilicet
1780 2446 1972 2501 factus.

2086 2459 2403 2530 ὁδαιμονῶν
2468 2458 2565 2528 τῆς
2630 2454 2907 2527 μακαρίας
2959 2449 3163 2511 πόλεως
3196 2448 3294 2515 τῆς
3328 2444 3513 2512 Ἐδὲμ.
3553 2444 3656 2493 ἐκ-

392 2554 693 2624 Compedcs
727 2552 888 2608 etiam
944 2549 1242 2619 rumpebat,
1274 2556 1330 2603 et
1363 2556 1585 2601 catenas
1643 2542 1972 2610 aspernaba-

2086 2550 2263 2604 δύεται
2293 2550 2351 2602 δὲ
2382 2549 2481 2616 τῆς
2504 2545 2817 2617 ἀφθαρσίας
2851 2542 2912 2594 τὸ
2948 2540 3175 2607 ἀμφιον,
3209 2537 3301 2590 καὶ
3329 2531 3397 2604 ἦν
3419 2537 3474 2586 ἐν
3506 2532 3654 2601 μνήο

397 2660 502 2703 tur.
538 2647 674 2702 Cum
702 2645 845 2698 enim
877 2642 1114 2697 divinam
1156 2640 1327 2710 legem
1361 2647 1419 2694 et
1464 2634 1716 2692 mandata
1746 2632 1977 2687 diversis

2086 2659 2218 2713 μασι
2241 2640 2535 2703 κατοικῶν,
2562 2636 2757 2709 θνητὸς
2774 2633 3019 2705 δηλονότι
3054 2628 3369 2698 γενόμενος.
3388 2618 3659 2695 Διέρῥηξε

394 2740 495 2795 sibi
531 2741 650 2794 data
685 2735 1014 2807 temporibus
1060 2733 1127 2788 ad
1176 2731 1530 2789 coercendam
1564 2726 1978 2784 moderandam-

2086 2735 2138 2788 δὲ
2167 2734 2260 2788 καὶ
2294 2732 2395 2793 τὰς
2424 2731 2591 2793 πέδας
2611 2728 2718 2782 τῶν
2750 2725 2993 2780 ἁλύσεων
3014 2720 3249 2790 ἀλογῶν,
3273 2718 3364 2772 τὸν
3405 2716 3514 2786 γὰρ
3557 2713 3661 2767 τοῦ

398 2848 504 2900 que
535 2806 807 2893 naturam,
835 2843 901 2884 ne
924 2826 991 2884 ad
1017 2826 1352 2881 inordinatos
1381 2830 1559 2878 motus
1580 2825 1978 2890 prorumperet,

2086 2824 2220 2880 Θεοῦ
2261 2823 2447 2893 νόμον,
2480 2821 2575 2874 καὶ
2630 2819 2731 2882 τὰς
2762 2816 3013 2874 δοθείσας
3045 2810 3267 2872 ἐντολὰς
3297 2808 3437 2863 κατά
3466 2806 3666 2875 διαφό-

400 2926 561 2979 homo
590 2922 958 2992 perfregisset,
988 2921 1041 2973 in
1072 2916 1363 2987 impietatis
1386 2912 1714 2970 solitudines
1746 2911 1978 2980 vagaba-

2088 2936 2214 2989 ρους
2262 2916 2489 2985 καιροὺς
2520 2915 2601 2976 είς
2655 2905 3035 2981 σωφρονισμὸν
3061 2904 3161 2974 τῆς
3192 2903 3429 2973 φύσεως,
3468 2899 3546 2962 ὡς
3580 2896 3667 2968 μὴ

405 3027 512 3076 ltll',
548 3013 637 3067 ubi
667 3013 873 3067 scilicet
919 3019 1072 3065 erant
1101 3020 1353 3077 pecorum
1390 3017 1605 3071 pascua.
1656 3001 1759 3055 Sed
1790 3007 1979 3054 natura

2086 3011 2373 3081 ἐφάλλοιτο
2422 3008 2558 3078 πρὸς
2612 3005 2881 3071 ἀτάκτους
2931 2999 3110 3071 ὁρμὰς
3137 2998 3480 3069 διαρῤἡσσων
3505 2996 3536 3048 ὁ
3564 2993 3668 3049 ἀν-

403 3105 492 3158 illa
524 3117 733 3159 summe
761 3103 898 3157 bona
930 3115 1026 3170 pro
1054 3098 1289 3169 ingenita
1314 3096 1417 3152 sibi
1442 3094 1771 3164 benignitate
1796 3105 1978 3147 casum

2086 3104 2307 3176 θρωπος
2336 3101 2473 3172 πρὸς
2498 3100 2599 3163 τὰς
2621 3099 2864 3169 ἐρήμους
2882 3095 2982 3164 τῆς
3008 3090 3266 3154 ἀσεϐείας
3286 3089 3504 3152 ἀλᾶται,
3548 3087 3672 3141 ἵνα·

403 3197 470 3247 ab
523 3194 730 3248 incuria
786 3192 1083 3260 profectum
1138 3189 1395 3244 miserata
1448 3196 1530 3243 est
1576 3203 1590 3239 :
1638 3195 1693 3238 et
1738 3193 1981 3269 naturam

2089 3212 2195 3266 περ
2220 3190 2361 3264 ἦσαν
2417 3192 2475 3245 αἱ
2541 3188 2823 3260 χοιρὼδεις
2864 3183 3048 3254 νομαί.
3078 3181 3220 3236 Ἀλλ’
3246 3179 3476 3249 ᾤκτειρε
3508 3177 3569 3229 τὸ
3600 3176 3673 3241 ἐξ

398 3285 612 3339 ratione
657 3282 934 3353 prmditam
968 3282 1019 3335 in
1052 3281 1206 3351 pejus
1236 3287 1497 3333 mutatam
1520 3276 1727 3339 videns.
1772 3274 1988 3329 miseri—

403 3374 584 3428 cmiia
629 3381 791 3437 tacta,
834 3381 888 3425 et
942 3380 1184 3426 nostram
1239 3366 1542 3438 suscipiens
1593 3371 1984 3434 paupertatem.

404 3462 676 3519 insaniam
713 3477 809 3532 per
833 3461 1102 3517 daemones
1151 3459 1401 3530 iniectam
1446 3457 1685 3522 sustulit,
1718 3464 1775 3509 ut
1799 3470 1865 3508 ne
1892 3468 1988 3523 pro

410 3554 515 3608 diis
566 3552 893 3607 haberentur
943 3549 1174 3620 amplius
1216 3549 1524 3611 daemones,
1573 3553 1628 3599 et
1674 3540 1990 3612 graveolens

411 3646 623 3714 quidem
696 3652 1017 3715 peccatum,
1075 3639 1227 3709 cuius
1281 3638 1584 3710 symbolum
1658 3651 1784 3690 sues
1834 3648 1990 3687 como

413 3736 742 3805 gaudentes,
802 3748 906 3788 una
955 3746 1078 3789 cum
1130 3731 1249 3800 ejus
1295 3726 1608 3783 auctoribus
1661 3723 1993 3779 daemonibus

416 3826 663 3893 baptismi
696 3837 832 3892 aqua
861 3821 1248 3890 submergitur.
1301 3817 1505 3871 Natura
1556 3830 1701 3877 vero,
1743 3827 1903 3882 quam
1937 3810 1990 3864 in

414 3917 681 3971 insaniam
709 3915 783 3971 illi
809 3914 1199 3984 compulerant,
1242 3911 1439 3966 mentis
1482 3921 1703 3977 compos
1732 3906 1870 3960 facta
1901 3918 1995 3973 per

416 4021 578 4073 animi
629 4020 914 4090 puritatem
968 4017 1155 4086 prima:
1217 4012 1521 4069 restituitur
1571 4007 1836 4063 felicitati.
1889 4003 1994 4059 Sed

416 4111 543 4179 quid
555 4126 618 4165 ea
643 4125 957 4178 persequor,
979 4123 1097 4177 qure
1129 4105 1235 4176 57
1257 4111 1385 4159 sunt
1406 4111 1614 4157 natum
1651 4096 1996 4153 communia?

418 4201 535 4257 Huc
578 4202 768 4256 adesto
823 4198 1196 4268 unusquisque
1245 4202 1531 4254 nostrum,
1581 4196 1843 4259 quatquot
1879 4196 1999 4241 tan-

419 4310 582 4363 quam
632 4308 661 4347 a
711 4291 1067 4353 daemonibus,
1116 4289 1196 4344 sic
1247 4301 1276 4340 a
1328 4282 1670 4356 passinnibus
1716 4278 1998 4348 tyrannico

2089 3288 2351 3359 ἀμελείας
2387 3282 2586 3353 πτῶμα
2608 3281 2667 3345 ἐξ
2688 3279 2931 3349 ἐμφύτου
2956 3274 3324 3343 γαληνότητος
3346 3272 3379 3340 ἡ
3406 3270 3671 3335 πανάγα-

2092 3383 2186 3444 θος
2216 3379 2402 3449 φύσις,
2427 3377 2529 3447 τὴν
2558 3376 2656 3427 ἐπὶ
2682 3372 2741 3426 τὸ
2778 3373 2962 3442 χεῖρον
2991 3364 3296 3438 μεταϐολὴν
3317 3364 3417 3431 τῆς
3440 3361 3676 3432 λογικῆς

2091 3474 2309 3543 φύσεως
2336 3471 2633 3542 ἐλεήσασα,
2669 3467 2763 3519 καὶ
2792 3463 2892 3534 τὴν
2920 3461 3199 3534 ἡμετέραν
3243 3456 3484 3511 ὑποδῦσα
3519 3470 3673 3507 πτω.

2091 3566 2266 3637 χείαν,
2307 3563 2537 3632 ἠφάνισε
2581 3559 2678 3629 τὴν
2742 3559 2806 3609 ἐκ
2853 3554 2963 3607 τῶν
3004 3550 3278 3621 δαιμόνων
3311 3545 3675 3617 παραφορὰν,

2094 3659 2180 3711 ἵνα
2211 3655 2411 3727 μηκέτι
2450 3649 2778 3723 νομίζωνται
2802 3646 2917 3700 Θεοί
2945 3645 3014 3702 τὰ
3061 3641 3335 3711 δαιμόνια.
3372 3640 3480 3693 Καὶ
3509 3640 3542 3709 ὴ
3569 3639 3679 3708 μὲν

2093 3749 2335 3819 δυσώδης
2367 3746 2632 3816 ἁμαρτία,
2662 3740 2732 3815 ἦς
2760 3740 3034 3811 σύμϐολον
3066 3739 3115 3792 οί
3153 3757 3231 3811 τῳ
3261 3737 3512 3808 βορϐόρῳ
3544 3733 3678 3804 χαί-

2097 3856 2283 3910 ροντες
2334 3838 2511 3909 χοῖροι
2565 3835 2704 3904 μετά
2749 3831 2856 3884 τῶν
2891 3827 3249 3901 δημιουργῶν
3271 3825 3443 3896 αὐτῆς
3477 3824 3677 3892 δαιμό-

2096 3947 2200 3983 νων
2232 3927 2599 3995 ἀποπνίγεται
2636 3925 2715 3995 τῷ
2748 3924 2902 3987 ὕδατι
2947 3920 3041 3976 τοῦ
3082 3920 3483 3992 βαπτίσματος.
3529 3918 3596 3971 Ἥ
3622 3917 3676 3971 δ’

2097 4021 2189 4075 ὑπ’
2231 4019 2412 4073 αὐτῶν
2470 4015 2902 4085 ὲκϐακχευθεῖσα
2954 4011 3118 4081 φύσις
3179 4009 3539 4081 σωφρονοῦσα
3568 4008 3679 4076 τὴν

2099 4112 2323 4182 πρώτην
2347 4108 2726 4181 ἀπολαμϐάνει
2758 4104 3020 4176 καθαρῶς
3071 4102 3381 4172 ὀλϐιότητα.
3407 4101 3571 4154 Ἀλλά
3618 4101 3681 4154 τί

2099 4203 2235 4274 πρὸς
2287 4201 2357 4255 τά
2403 4200 2559 4254 κοινά
2606 4197 2803 4269 βαδίζω
2829 4196 2927 4267 τῆς
2973 4193 3222 4264 φύσεως;
3255 4192 3425 4263 Δεῦρο
3453 4193 3519 4262 δὴ
3542 4193 3683 4245 ἕκα-

2101 4311 2225 4357 στος
2262 4292 2445 4364 ήμῶν,
2472 4292 2591 4345 ὅσοι
2619 4288 2875 4357 καθάπερ
2899 4285 3005 4340 ὑπὸ
3035 4284 3310 4353 δαιμόνων
3341 4282 3453 4336 τῶν
3484 4282 3680 4336 παθῶν

421 4384 716 4451 premimur
785 4382 1112 4440 dominatu;
1151 4385 1206 4430 et
1257 4374 1397 4428 hanc
1453 4371 1735 4426 historiam
1788 4369 1854 4422 ad
1899 4384 1981 4422 unt

2099 4383 2515 4456 τυραννούμεθα
2570 4383 2651 4444 είς
2694 4377 2924 4441 ἐαυτοὺς
2952 4370 3051 4448 τήν
3082 4375 3325 4443 ἱστορίαν
3353 4374 3681 4428 ἐπισπασώ-

423 4474 570 4543 ipsos
589 4471 1078 4527 accommodemus.
1098 4470 1233 4522 Vere
1248 4466 1389 4520 enim
1417 4480 1446 4517 a
1470 4462 1681 4530 legione
1698 4460 1975 4514 daemonuu

2310 4436 2550 4542 Ἀληθῶς
2603 4436 2711 4542 γ’ἀρ
2766 4436 3303 4536 λεγεῶνιΙδαιμόνων
3327 4465 3612 4533 συνέχεται
3645 4465 3678 4517 δ

425 4563 749 4633 possidetur.
799 4562 891 4631 qui
937 4570 1280 4630 peccatorum
1327 4554 1667 4610 multitudine
1714 4551 1999 4621 premitur.

422 4657 652 4723 Quando
717 4653 929 4723 quidem
1000 4651 1262 4705 malorum
1328 4660 1550 4718 operum
1615 4645 2003 4700 consuetudine

426 4754 648 4803 abactus
689 4762 754 4801 ex
805 4746 1023 4800 civitate
1081 4743 1338 4796 virtutum
1393 4740 1638 4811 ejicitur,
1695 4749 1748 4793 et
1786 4740 2001 4793 domum

427 4851 692 4904 nostram,
752 4837 1047 4895 Ecclesium
1112 4835 1372 4903 inquam,
1422 4832 1674 4897 transilit,
1728 4842 1783 4886 et
1822 4831 2002 4886 divina

432 4933 684 4985 mandata
714 4930 865 5000 quasi
908 4926 1122 4984 vincula
1151 4924 1356 4994 abiicit,
1384 4933 1437 4979 et
1460 4923 1825 4994 temperantiae
1854 4927 2003 4975 veste

430 5035 694 5099 detracta,
723 5034 916 5095 nudus,
944 5033 1029 5087 hei
1062 5030 1222 5086 mihi!
1256 5045 1283 5082 a
1313 5028 1468 5083 bonis
1502 5027 1753 5096 cperibus
1779 5024 2004 5093 turpiter

433 5126 666 5197 prosilit,
692 5133 746 5181 et
779 5125 1035 5179 virtutum
1070 5122 1373 5178 actionibus
1416 5118 1633 5176 omissis
1673 5117 1727 5171 in
1786 5114 2000 5179 inertia,

434 5220 580 5273 velut
603 5218 656 5273 in
686 5216 1052 5271 monumentis
1103 5216 1271 5281 degit,
1301 5230 1361 5267 ea
1390 5212 1519 5276 vita,
1562 5224 1681 5279 qua:
1710 5207 2001 5263 secundum

436 5311 603 5366 Deum
638 5310 835 5379 agitur,
869 5319 1134 5362 mortuus.
1173 5306 1318 5373 Quod
1367 5317 1495 5357 vero
1527 5299 1802 5370 passiones
1832 5296 2007 5351 homi-

2104 4565 2299 4635 πλήθει
2357 4562 2647 4633 ἁμαρτιῶν
2725 4559 3142 4630 βαρυνόμενος·
3181 4555 3374 4626 ἀμέλει
3424 4554 3518 4609 καὶ
3568 4555 3680 4608 ύπδ

2102 4653 2205 4723 τῆς
2258 4651 2552 4722 συνηθείας
2581 4649 2691 4702 τῶν
2747 4647 2969 4716 φαύλων
3019 4646 3273 4717 πράξεων
3321 4644 3681 4711 ἐλαυνόμενος

2103 4745 2203 4815 τῆς
2238 4743 2337 4813 μὲν
2397 4742 2507 4795 τῶν
2555 4740 2770 4811 ἀρετῶν
2809 4738 3063 4807 ἐξάγεται
3111 4737 3343 4800 πόλεως,
3388 4736 3683 4806 ύπερπηδᾷ

2099 4836 2158 4891 δὲ
2194 4836 2294 4907 τὴν
2358 4833 2535 4887 οἰκίαν
2595 4831 2775 4903 ἡμῶν,
2820 4830 2922 4900 τὴν
2958 4829 3298 4898 Ἐκκλησίαν
3355 4828 3528 4898 φημὶ,
3578 4828 3681 4879 καὶ

2106 4929 2360 4999 καθάπερ
2408 4926 2642 4995 δεσμοὺς
2671 4923 2993 4978 ἀποτίθεται
3019 4923 3118 4984 τὰς
3156 4921 3253 4974 τοῦ
3285 4921 3425 4974 Θεοῦ
3454 4918 3677 4981 ἐντολὰς

2108 5024 2217 5075 τῶν
2240 5021 2340 5091 τῆς
2370 5018 2728 5088 σωφροσύνης
2758 5014 2993 5085 ἀμφύων
3031 5012 3421 5084 ἀποδυόμενος,
3453 5011 3546 5062 καὶ
3576 5026 3679 5077 γυ-

2115 5115 2263 5183 μνὸς,
2295 5112 2461 5181 οίμοι,
2489 5107 2743 5177 πράξεων
2766 5105 2988 5174 ἀγαθῶν
3016 5104 3340 5173 ἀσχημόνως
3363 5101 3676 5170 ἐφάλλεται,

2111 5208 2176 5275 τῇ
2208 5202 2453 5274 ἀπραξία
2471 5200 2578 5255 τῶν
2620 5197 2892 5269 ἐναρέτων
2945 5197 3144 5265 ἔργων,
3192 5194 3267 5258 ὡς
3309 5195 3369 5246 ἐν
3428 5194 3680 5263 μνήμασι

2114 5295 2408 5361 κατοικῶν,
2440 5292 2634 5365 νεκρὸς
2662 5290 2762 5360 τῆς
2803 5287 2943 5342 κατά
2977 5287 3111 5340 Θεὸν
3142 5286 3421 5347 πολιτείας
3455 5281 3684 5351 γενόμε-

1664 5435 1983 5497 Francisci
2020 5434 2228 5496 Scorsi
2264 5439 2448 5492 notae.

441 5553 556 5616 pla-x
591 5548 857 5607 exoravit.
888 5560 1113 5616 regnum
1157 5544 1636 5616 Judmornmtcum
1668 5548 1813 5616 esset
1861 5535 1992 5589 alie-

444 5607 655 5687 nigena.
688 5617 879 5673 lenuit.
914 5607 1049 5671 Vide
1077 5614 1392 5681 Joscplttttn,
1419 5611 1509 5679 qui
1537 5621 1713 5687 tamen
1746 5607 1797 5687 in
1833 5617 2002 5687 anuo-

445 5676 563 5743 τιιῖιι
598 5676 865 5745 dictorum
899 5700 1126 5742 numero
1178 5676 1282 5735 non
1331 5676 1618 5735 consentit.
1673 5676 1780 5733 Sed
1850 5676 2005 5745 nobis

446 5756 624 5828 potior
681 5758 792 5810 visa
838 5743 1063 5810 Baronii
1117 5750 1418 5815 sententia,
1473 5750 1563 5818 qui
1603 5747 1750 5801 illum
1811 5743 2009 5799 acriter

2104 5532 2298 5587 refellit
2330 5542 2460 5583 tom.
2495 5529 2537 5591 1.
2572 5532 2673 5583 sub
2700 5527 2939 5582 initium.
2974 5521 3263 5578 Secundus
3300 5519 3562 5583 Herodes.
3592 5519 3681 5591 cui

2105 5604 2334 5661 Antinas
2376 5588 2821 5669 cognomentum,
2857 5596 2947 5669 qui
2994 5592 3255 5669 Joannem
3311 5588 3679 5669 obtruncavit,

2108 5656 2163 5723 et
2195 5656 2471 5725 Chriszuui
2498 5668 2685 5729 illusit,
2716 5656 2855 5719 illius
2878 5656 3005 5732 'ejus
3035 5664 3154 5725 fuit,
3184 5675 3353 5732 nepos
3390 5656 3680 5730 Antipatri.

2117 5738 2247 5795 Vide
2280 5738 2528 5794 eumdem
2559 5736 2876 5807 Jusephum.
3156 5749 3185 5760 ε
