3990 6202
320 316 428 384 281

1735 326 2065 391 HOMILIA
2105 333 2178 392 Χ.

3463 337 3571 401 282

311 447 427 494 νος.
468 430 594 483 Ὀτι
620 429 680 483 δὲ
706 429 777 484 τά
801 430 950 502 πάθη
977 432 1311 507 δκδακχεύει
1339 435 1431 491 τὸν
1451 438 1761 510 ἄνθρωπον,
1792 441 1885 494 καὶ

1991 460 2112 500 nem
2156 446 2223 501 de
2274 446 2469 502 mentis
2519 453 2663 500 statu
2726 446 3048 512 detur-bent,
3104 449 3280 520 cogita
3330 463 3424 506 eos
3476 448 3565 520 qui

310 524 465 577 ποιεῖ
516 523 682 577 αὐτὸν
732 524 1045 593 μαίνεσθαι,
1088 529 1345 601 ιννόησον
1390 532 1518 596 τοὺς
1550 532 1656 585 ὑπὸ
1685 532 1881 603 φθόνου

310 614 681 684 τηκομένους,
713 618 841 680 τοὺς
878 617 989 670 τῶν
1029 618 1330 693 ἀλλοτρίων
1377 623 1613 694 δεμνίων
1649 624 1884 695 δριμεῖς.

311 708 412 759 καὶ
436 706 734 770 λυσσώδεις
767 708 1000 778 ἔρωτας.
1035 711 1109 765 Τὸ
1130 712 1189 766 δὲ
1223 713 1321 783 τῆς
1346 715 1520 785 ὀργῆς
1562 717 1756 781 πάθος,
1788 718 1888 770 καὶ

312 801 351 871 ἡ
385 800 496 853 τῶν
521 800 884 871 θυμουμένων
934 805 1315 878 ἀσχημοσύνη,
1349 810 1588 879 ἀτεχνῶς
1623 811 1732 864 τῶν
1768 812 1886 865 δαι-

283 946 291 973 ι
315 891 612 960 μονώντων
647 892 750 949 οὐκ
780 896 1166 952 ἀπολείπεται.
1200 896 1351 953 Εἶδον
1379 901 1489 970 ἐγώ
1521 920 1651 956 ποτε
1680 902 1886 974 θυμού-

282 984 481 1083 ipsis-av
512 985 821 1083 Δἀνθροινιτον
874 990 1019 1083 πέρα
1078 991 1173 1043 τοῦ
1196 991 1437 1057 δέοντος,
1466 996 1560 1049 καὶ
1592 996 1692 1067 τὴν
1724 996 1887 1065 φύσιν

285 1075 292 1157 ᾗ
319 1075 477 1143 ἡμῶν
508 1077 825 1130 ἑταλάνισα.
876 1078 1179 1150 Ὀφθαλμοὶ
1204 1083 1303 1152 μὲν
1337 1083 1447 1155 γὰρ
1474 1086 1614 1157 ὑπὲρ
1656 1087 1756 1156 τὴν
1776 1087 1885 1140 τῶν

282 1154 292 1229 ἶ
312 1164 604 1235 βλεφάρων
616 1172 967 1238 περιγραφὴν
983 1171 1297 1239 ὲξωθοῦντο,
1317 1154 1557 1246 ὕφαιμόν
1574 1154 1647 1243 τι,
1662 1154 1755 1232 καὶ
1765 1178 1887 1249 δρα-

285 1257 582 1321 ,κοντῶδες
608 1259 926 1328 δεδορκότες
964 1261 1100 1332 πρὸς
1129 1265 1222 1316 τὸν
1270 1265 1611 1337 λυπήσαντα·
1644 1270 1886 1340 ἄσθματι

306 1346 367 1399 δὲ
429 1347 624 1432 πυκνῷ
672 1350 741 1403 τά
796 1350 1078 1421 σπλάγχνα
1129 1353 1440 1426 συνείχετο·
1492 1359 1783 1415 διοιδοῦσαι
1827 1361 1883 1416 δὲ

308 1438 522 1506 ὁρῶντο
554 1439 649 1493 τοῦ
678 1441 904 1509 αὐχένος
928 1444 986 1496 αἱ
1009 1444 1225 1511 φλέσες,
1249 1448 1345 1500 ita).
1376 1451 1409 1519 ἠ
1442 1449 1663 1516 γλῶσσα
1696 1452 1886 1515 δεινῶς

278 1527 637 1596 .ὲπαχύνετο,
683 1531 779 1582 καὶ
820 1532 854 1600 ἡ
917 1535 1070 1602 φωνὴ
1123 1537 1488 1608 στενουμένης
1541 1541 1641 1610 τῆς
1693 1542 1884 1611 ἀρτίας

305 1616 557 1682 όξύνετο,
618 1620 714 1673 καὶ
772 1623 843 1673 τὰ
890 1622 1042 1691 χείλη
1082 1627 1150 1695 τῇ
1235 1627 1521 1700 ὑποσπορᾷ
1576 1633 1670 1700 τῆς
1725 1633 1885 1702 χολῆς

1987 537 2202 594 invidiae
2246 537 2413 593 livore
2479 537 2790 605 tabescunt;
2842 542 3016 608 cogita
3054 540 3215 595 alieni
3260 542 3360 595 tori
3411 557 3566 598 acres

1989 627 2340 695 rabiosasqne
2370 627 2638 682 libidines.
2672 628 2771 681 Ine
2824 644 2948 682 vero
2986 632 3162 697 passio
3204 631 3342 697 (75),
3372 642 3425 685 et
3460 633 3567 685 ira-

1986 719 2254 773 sccutium
2304 719 2525 773 foeditas
2576 720 2736 788 plane
2775 720 2908 773 nihil
2951 736 2978 772 a
3022 722 3310 791 lymphatis
3364 722 3561 777 dilictt.

1990 810 2107 865 Vidi
2143 826 2243 881 ego
2272 813 2561 881 aliquando
2600 813 2872 867 hominem
2914 812 3034 879 plus
3063 829 3213 883 aequo
3248 817 3326 868 ira
3355 831 3556 884 permoa

1992 913 2126 966 tum,
2162 910 2215 956 et
2240 910 2489 956 naturam
2545 912 2783 957 nostram
2835 903 3089 955 miseram
3135 906 3397 972 reputavi.
3430 905 3561 958 Nam

1988 994 2127 1047 oculi
2184 995 2396 1062 quidem
2451 994 2595 1048 illius
2644 1004 2794 1049 extra
2844 995 3222 1064 palpebrarum
3303 999 3561 1052 ambitum

1988 1083 2330 1147 eminebant,
2381 1083 2791 1153 sanguinolento
2840 1084 3073 1152 quodam
3148 1100 3212 1140 ac
3251 1088 3563 1155 serpentino

1986 1175 2176 1229 obtutu
2219 1175 2270 1227 in
2308 1187 2431 1228 eum
2480 1174 2573 1243 qui
2627 1173 2866 1229 molestia
2921 1174 3200 1240 affecerat,
3252 1175 3561 1232 intuentes;

1986 1266 2177 1320 crebro
2204 1280 2334 1319 vero
2361 1266 2596 1320 anhelitu
2647 1265 2855 1320 viscera
2903 1267 3326 1331 coartabantur;
3373 1266 3563 1321 inﬂata

1984 1368 2135 1408 vena}
2167 1353 2400 1408 cervicis
2423 1353 2789 1419 exsistebant;
2839 1354 3015 1424 lingua
3044 1356 3237 1408 mirum
3268 1355 3320 1408 in
3348 1356 3563 1408 modum

1986 1447 2331 1508 hebescebant,
2375 1453 2430 1497 et
2474 1459 2574 1497 vox
2605 1444 2960 1499 contraheute
2991 1461 3052 1500 se
3082 1447 3281 1501 arteria
3331 1447 3563 1501 acueba-

1987 1546 2105 1602 tur;
2153 1536 2290 1589 labia
2323 1550 2451 1590 vero
2499 1535 2622 1590 bilis
2672 1535 2967 1592 suﬂ‘usioue
3020 1537 3236 1592 liventia
3296 1538 3564 1603 astringe-

1984 1624 2217 1692 bautur;
2270 1624 2343 1678 ita
2405 1635 2463 1678 ut
2517 1638 2693 1695 neque
2768 1635 2983 1696 sputum
3033 1626 3085 1680 in
3134 1642 3230 1682 ore
3277 1629 3565 1683 collectum

310 1708 598 1814 ἐπήγνυτο
621 1710 1041 1783 πελιδνούμενα,
1072 1714 1149 1777 ὡς
1190 1717 1325 1786 μηδὲ
1354 1718 1446 1774 τδν
1464 1723 1523 1774 ὲν
1553 1721 1629 1791 τῷ
1652 1723 1880 1791 στόματι

1991 1718 2264 1771 continere
2303 1726 2545 1784 possent,
2576 1717 2668 1772 sed
2711 1732 2815 1770 una
2861 1732 2983 1771 cum
3028 1719 3289 1772 conviciis
3322 1733 3565 1787 spumam

309 1795 507 1848 σύελον
536 1800 897 1866 περικρατεῖν
927 1799 1210 1865 δύνασθαι,
1242 1804 1380 1858 ἀλλά
1415 1806 1508 1859 τὸν
1544 1807 1720 1877 ἀφρὸν
1751 1825 1879 1860 συνσ-

1991 1807 2326 1875 iugererent:
2354 1823 2548 1864 manus
2579 1818 2761 1865 autem
2802 1818 2855 1864 et
2883 1810 3048 1880 pedes
3070 1821 3217 1866 stare
3236 1812 3353 1866 loco
3384 1813 3544 1881 nequi

306 1886 601 1941 εχΰάλλειν
629 1892 751 1948 ταῖς
785 1888 997 1961 ὕϐρεσι.
1030 1892 1227 1964 Χεῖρες
1253 1894 1310 1948 δὲ
1337 1897 1432 1949 καὶ
1456 1897 1613 1960 πόδες
1629 1898 1878 1965 ἀστατοι,

311 1978 407 2031 καὶ
436 1979 683 2051 βρασμὸς
706 1980 829 2044 ὅλος
848 1981 943 2035 τοῦ
961 1981 1237 2052 σώματος.
1272 1981 1419 2056 ’Δρα
1437 1988 1498 2043 οὐ
1525 1990 1679 2044 κοινά
1706 1991 1882 2047 ταῦτα

310 2070 421 2123 τῶν
450 2070 842 2141 δαιμονῶντων
869 2075 967 2128 καὶ
1011 2075 1122 2128 τῶν
1166 2076 1561 2148 θυμουμένων;
1592 2083 1884 2155 Δεηθῶμεν

305 2161 404 2216 οὖν
454 2162 535 2233 τῷ
586 2163 765 2218 πάντα
810 2166 1093 2239 δυναμένῳ
1115 2167 1236 2240 Θεῷ
1264 2169 1572 2238 ἀπαλλάξαι
1606 2177 1775 2246 ἡμᾶς,
1808 2176 1885 2241 ὡς

307 2257 420 2309 ἀπὸ
474 2255 749 2326 δαιμόνων
798 2261 1030 2313 τουτωνὶ
1090 2260 1200 2315 τῶν
1249 2261 1461 2330 παθῶν,
1500 2266 1594 2318 xa't
1651 2266 1884 2332 ἀξιῶσαι

306 2349 460 2418 ἡμᾶς
493 2350 606 2403 τῶν
658 2353 767 2413 τοῖς
795 2351 1024 2415 δικαίοις
1069 2354 1496 2425 ἀπηγγελμένων
1534 2358 1775 2427 ἀγαθῶν,
1806 2353 1883 2414 ὧν

305 2442 527 2509 γένοιτο
586 2445 798 2510 πάντας
830 2447 980 2515 ἡμᾶς
1022 2449 1300 2518 ἐπιτυχεῖν
1350 2450 1411 2501 ὲν
1434 2450 1657 2521 Χριστῷ
1703 2451 1883 2522 Ἰησοῦ

307 2535 390 2605 τῷ
421 2536 621 2655 Κυρίιιέ
638 2536 816 2655 ἡμῶν,
849 2531 894 2606 ᾧ
917 2540 949 2609 ἡ
978 2538 1105 2603 δόξα
1128 2541 1208 2603 εἰς
1241 2541 1368 2602 τοὺς
1398 2541 1602 2605 αἰῶνας
1628 2542 1736 2596 τῶν
1756 2543 1890 2598 αἰώ-

307 2641 422 2655 ιι.-.ιι
483 2626 532 2655 ’Δ
551 2643 582 2655 ι.
629 2644 658 2655 ι.

307 2641 443 2679 των.
483 2626 680 2697 Ἀμήν.

930 2743 1173 2800 ΟΜΙΛῘΔ
1211 2747 1270 2798 l'.

310 2827 455 2897 Περὶ
486 2828 598 2899 τῆς
621 2831 912 2911 θυψτρρς
949 2833 1055 2911 τοῦ
1081 2834 1598 2911 «ἀρχισυναγώγου,
1629 2840 1726 2894 και
1754 2842 1887 2911 περὶ

789 2904 901 2968 τῆς
932 2904 1396 2973 αιμορῤοούσης.

380 3012 590 3080 Διπλῆν
616 3015 753 3085 ἡμῖν
806 3014 1048 3086 σήμερον
1094 3017 1418 3087 ἀφηγήσατο
1444 3019 1735 3091 θαυμάτων
1764 3022 1883 3096 διή-
1909 2973 1954 3030 c

306 3120 477 3173 γησιν
517 3105 581 3156 τδ
625 3103 772 3174 ἱερὸν
824 3104 1191 3173 Εὐαγγέλιονο
1226 3106 1430 3177 μᾶλλον
1482 3108 1541 3162 δὲ
1570 3109 1714 3164 κατά
1740 3111 1876 3167 πολὺ

307 3196 422 3249 τῶν
476 3198 890 3266 προγεγονότων
957 3196 1064 3249 ὑπὸ
1118 3196 1356 3267 Χριστοῦ
1385 3200 1688 3271 τεραστίων
1727 3202 1887 3257 τοῦτο

310 3286 772 3357 παραδοξότερον,
825 3287 950 3341 ὅσον
980 3286 1077 3342 τοῦ
1117 3288 1401 3358 μογιλάλον
1456 3290 1883 3362 θεραπευθῆναι,

310 3378 347 3447 ἢ
384 3378 744 3447 παρειμένον,
768 3377 801 3447 ἦ
829 3378 1015 3443 ἀλαὸν,
1051 3379 1082 3448 ἢ
1125 3381 1464 3452 παράφορον,
1502 3383 1563 3436 τδ
1590 3384 1653 3439 ἐκ
1675 3386 1886 3455 νεκρῶν

311 3469 623 3522 ἀναϐιῶναι
651 3470 1123 3542 θαυμασιώτερον.
1157 3471 1273 3525 Νῦν
1313 3473 1371 3525 δὲ
1411 3474 1644 3545 πρώτως
1666 3475 1776 3529 τῶν
1802 3492 1886 3528 νε-

312 3559 468 3630 κρῶν
495 3560 910 3633 θαυματουργεί
936 3564 1036 3630 τὴν
1058 3562 1355 3618 ἀνάστασιν
1389 3567 1491 3635 τῆς
1529 3567 1758 3636 Ἰαείρου
1793 3566 1887 3619 θυ-

310 3652 521 3721 γατρὸς
554 3652 964 3722 ἀπαρξάμενος,
997 3654 1205 3722 ταύτην
1239 3656 1337 3725 τὴν
1371 3655 1642 3726 παρθένον
1673 3657 1887 3727 λαμϐά-

310 3759 402 3796 νει
466 3742 813 3813 πρωτόλειον,
846 3745 940 3798 καὶ
966 3746 1059 3799 τὸν
1090 3745 1223 3818 ᾅδην
1254 3747 1683 3818 αἰχμαλωτῑςειν
1708 3748 1883 3820 ἀρξά-

314 3852 505 3908 μενος,
538 3835 683 3906 μάλα
717 3852 781 3906 γε
807 3836 1122 3904 ἀκολούθως
1150 3838 1308 3895 τοῦτο
1334 3840 1507 3894 ποιῶν
1533 3855 1547 3870 ’
1578 3841 1770 3912 ἐπειδὴ
1793 3840 1888 3895 καὶ

1982 1899 2130 1967 bant,
2155 1911 2210 1956 et
2233 1910 2343 1956 toto
2384 1916 2613 1972 corpore
2642 1903 2923 1957 aestuabat.
2970 1902 3161 1957 Nonne
3182 1906 3295 1958 haec
3320 1919 3566 1959 commu-

1981 1995 2073 2048 nia
2119 2007 2244 2048 sunt
2284 2008 2766 2063 energumeuornm
2812 2003 2868 2051 et
2912 1995 3218 2049 iratorum?
3273 1997 3569 2052 Precemur

1983 2086 2150 2156 igitur
2195 2087 2619 2158 omnipotentem
2672 2086 2864 2152 Deum,
2895 2097 2952 2142 ut
2982 2101 3081 2141 nos
3109 2087 3563 2155 quemadmodum

1985 2192 2014 2230 a
2057 2175 2410 2240 daemonibus,
2463 2177 2534 2231 ita
2582 2179 2649 2230 ab
2702 2176 2785 2231 his
2835 2176 3178 2247 passionibus
3232 2176 3459 2240 liberet;
3513 2183 3569 2231 et

1985 2266 2179 2336 dignos
2227 2282 2325 2321 nos
2366 2267 2554 2322 reddat
2596 2266 2663 2321 iis
2698 2251 2876 2331 bonis,
2929 2281 3049 2337 qua:
3092 2266 3256 2336 justis
3302 2269 3565 2335 promissa

1986 2368 2135 2423 sunt,
2170 2375 2290 2428 quae
2336 2360 2539 2413 utinam
2592 2374 2781 2414 omnes
2826 2374 3219 2428 consequamur
3256 2361 3307 2413 in
3351 2360 3569 2415 Christo

1985 2448 2110 2503 Jesu
2137 2451 2360 2504 Domino
2387 2459 2572 2505 nostro
2599 2453 2686 2506 cui
2719 2451 2887 2521 gloria
2918 2451 2971 2504 in
2996 2450 3191 2506 saecula
3221 2452 3567 2507 saeculorum.

1989 2543 2182 2596 Amen.

2580 2741 2861 2798 HOMILIA
2904 2743 2950 2797 X

2195 2837 2266 2891 De
2295 2838 2697 2906 archisynagngi
2735 2837 2847 2905 ﬁlia
2875 2846 2921 2890 et
2956 2832 3381 2891 htemorrltoissa.

2055 3014 2261 3085 Duplex
2330 3014 2491 3069 hodie
2552 3014 2708 3068 uobis
2775 3013 3159 3069 miraculorum
3229 3017 3470 3072 narratio
3516 3014 3569 3070 in

1982 3121 2140 3164 sacro
2178 3107 2384 3177 prodita
2415 3115 2500 3162 est
2534 3104 2643 3177 58
2670 3105 2961 3175 Evangelio
2987 3124 3000 3161 :
3031 3105 3166 3175 quin
3206 3105 3315 3161 imo
3363 3106 3573 3161 caeteris

1981 3199 2238 3269 prodigiis
2276 3213 2305 3250 a
2334 3197 2553 3252 Christo
2594 3197 2704 3266 jam
2742 3194 2922 3258 editis,
2960 3206 3111 3250 tanto
3141 3194 3244 3249 hoc
3275 3195 3570 3250 admirabi-

1982 3288 2087 3344 lius
2115 3295 2218 3352 cst,
2250 3299 2449 3360 quanto
2498 3287 2754 3358 majorem
2788 3286 2918 3341 l'acit
2954 3284 3368 3340 admirationem
3422 3286 3563 3353 quod

1986 3389 2231 3435 mortuus
2284 3379 2590 3443 reviviscat,
2639 3393 2798 3449 quam
2833 3376 2976 3448 quod
3011 3386 3210 3442 mutus,
3242 3375 3323 3430 vel
3356 3375 3568 3446 paraly-

1993 3471 2149 3538 tlcns,
2179 3472 2261 3525 vel
2294 3471 2599 3543 lymphatas
2629 3481 2868 3525 sanetur.
2901 3470 3056 3525 Nunc
3089 3482 3221 3527 vero
3252 3467 3483 3538 primum
3512 3466 3566 3521 in

1983 3561 2285 3617 excitandis
2342 3559 2410 3614 ab
2460 3558 2649 3614 inferis
2708 3560 2937 3615 mortuis
2991 3560 3253 3614 miracula
3308 3570 3567 3643 operatur

1985 3652 2053 3707 ab
2102 3651 2233 3706 Jairi
2298 3651 2405 3705 lilia
2475 3665 2703 3707 exorsus
2764 3650 2877 3722 (76)
2929 3668 2942 3704 :
2998 3662 3053 3706 et
3108 3667 3232 3707 cum
3291 3648 3563 3705 infernum

1985 3747 2194 3801 hostem
2240 3745 2355 3816 (77)
2385 3743 2483 3799 sibi
2519 3743 2774 3811 subigere
2824 3743 3067 3813 incipiat,
3110 3745 3249 3799 hanc
3301 3745 3563 3815 virginem

1986 3838 2139 3908 quasi
2198 3838 2491 3907 spoliorum
2536 3836 2805 3905 primitias
2862 3837 3059 3901 sumit;
3117 3835 3277 3904 idque
3335 3835 3567 3890 maxime

1537 3993 1863 4057 Francisci
1896 3987 2326 4055 Scorsi‘notze.

385 4115 504 4187 (75)
537 4113 781 4187 [msero
802 4116 998 4184 passio.
1024 4116 1314 4187 Luculeuta
1338 4119 1504 4173 estde
1529 4121 1605 4173 ira
1632 4119 1883 4174 tractatio

316 4188 379 4241 Ι).
398 4185 661 4258 Gregorii
682 4185 870 4255 Magni
900 4188 951 4240 in
984 4188 1076 4242 lib.
1104 4204 1147 4238 ν·
1168 4186 1365 4241 Moral.
1383 4189 1437 4242 in
1456 4188 1581 4254 Job,
1609 4205 1726 4258 cap.
1754 4204 1879 4250 xxx,

312 4273 379 4312 ex
434 4272 538 4324 qua
599 4256 711 4309 haec
747 4271 914 4323 pauca
946 4259 1174 4323 decerpo
1213 4262 1446 4313 maxime
1499 4256 1736 4323 similia,
1796 4262 1878 4312 vel

313 4326 499 4395 potius
529 4327 734 4387 eadem,
765 4340 828 4378 ac
857 4341 977 4391 qum
1013 4337 1200 4379 noster
1232 4328 1297 4381 de
1329 4326 1406 4379 ira
1438 4347 1451 4382 :
1481 4330 1619 4382 Nam
1649 4328 1744 4383 ἄνω
1770 4344 1881 4382 sum

311 4395 547 4449 stimulis
564 4410 836 4447 accensum
854 4410 962 4460 cor,
986 4395 1178 4466 inquit,
1198 4397 1448 4464 palpitat,
1475 4414 1662 4466 corpus
1682 4398 1880 4462 tremit,

311 4466 501 4530 lingua
545 4479 600 4516 se
659 4465 932 4529 pra’pedit,
996 4465 1156 4532 facies
1215 4467 1454 4531 ignescit,
1504 4465 1887 4534 exasperentur

311 4534 478 4595 oeuli,
508 4543 557 4586 et
582 4548 905 4605 nequaquam
933 4545 1367 4605 recognoscuntur
1400 4539 1545 4602 noti;
1571 4553 1659 4590 ore
1682 4537 1889 4605 quidem

311 4608 629 4663 clamorem,
659 4604 746 4674 sed
779 4619 961 4657 sensus
993 4606 1118 4671 quid
1148 4604 1394 4673 loquatur
1424 4605 1626 4672 ignorat
1665 4604 1763 4660 :iin
1789 4621 1888 4674 quo

311 4678 493 4739 itaque
536 4673 633 4724 iste
656 4672 720 4723 ab
758 4674 1050 4736 abreptitiis
1093 4672 1242 4740 longe
1283 4683 1382 4739 est,
1418 4679 1504 4741 qui
1529 4676 1750 4729 actionis
1780 4672 1891 4733 sua:

314 4742 563 4795 conscius
612 4757 713 4794 non
767 4743 897 4796 est?
952 4743 1016 4796 Et
1070 4744 1223 4810 plura
1259 4746 1508 4811 deinceps
1543 4748 1594 4798 in
1643 4746 1889 4798 eamdem

316 4811 672 4883 sententiam.
704 4811 1059 4883 Consentium
1117 4827 1332 4883 quoque
1371 4819 1437 4883 in
1482 4815 1638 4883 hujus
1671 4824 1888 4883 pertur-

318 4881 563 4934 bationis
614 4878 859 4950 nuditate
907 4889 963 4935 et
1018 4878 1576 4950 insignia—philosophi
1651 4878 1885 4948 externi,

315 4959 621 5022 poetarque.
666 4947 736 5000 Μ.
771 4949 978 5004 Tullius
1009 4949 1172 5022 Tusc.
1207 4947 1306 5008 tv':
1340 4947 1669 5022 Bene’igitur
1700 4947 1886 5017 nostri,

312 5034 437 5070 cum
468 5020 657 5088 omnia,
679 5028 846 5071 essent
877 5022 931 5072 in
975 5021 1166 5073 morbis
1200 5022 1349 5081 vitia,
1377 5020 1749 5088 quod'nullum
1775 5032 1889 5077 erat

311 5089 614 5161 iracundia
631 5087 840 5161 fwdius,
864 5090 1151 5161 iracundos
1182 5092 1321 5145 solos
1352 5087 1621 5147 morbosos
1651 5095 1888 5161 appella-

310 5165 528 5211 verunt.
573 5155 828 5212 Horatius
861 5159 956 5214 lib.
993 5176 1011 5215 t
1054 5178 1067 5213 :

392 5248 422 5324 ζ
431 5266 495 5302 ra
532 5249 697 5303 brevis
721 5250 879 5324 furor
898 5260 1008 5324 est,
1035 5252 1268 5324 animum
1302 5264 1436 5318 tene,
1463 5255 1551 5323 qui
1579 5256 1684 5315 nisi
1710 5266 1880 5324 paret,

391 5318 630 5388 Imperat
658 5334 678 5373 :
712 5320 849 5373 hunc
882 5320 1066 5387 frenis,
1091 5321 1227 5376 hunc
1270 5334 1325 5376 tu
1374 5318 1636 5391 compesce
1668 5318 1884 5385 catenis.

314 5434 665 5504 Figmentum
694 5433 821 5487 illud
857 5437 1127 5504 poeticum
1158 5437 1222 5491 de
1252 5437 1515 5493 Chimaera
1549 5439 1613 5497 ad
1648 5441 1882 5498 ethicam

310 5506 587 5562 rationem
606 5504 1065 5579 tradituitegregie
1086 5503 1290 5579 Natalis
1309 5505 1503 5562 Comes
1525 5508 1688 5579 Myth.
1711 5513 1800 5567 lib.
1829 5527 1879 5573 κ,

310 5590 416 5645 per
455 5587 684 5645 eamque
712 5574 822 5645 vult
850 5576 981 5645 iram
1010 5590 1130 5628 esse
1156 5578 1508 5644 signiticatmn
1544 5574 1625 5631 his
1654 5582 1834 5634 verbis
1864 5598 1879 5634 :

314 5641 431 5697 Per
456 5641 592 5693 hanc
617 5641 852 5694 eamdem
881 5642 1117 5711 fabulam
1165 5641 1257 5698 nos
1311 5646 1515 5714 antiqui
1562 5648 1625 5699 ab
1657 5650 1740 5700 ira
1773 5667 1883 5703 utn-

311 5714 467 5767 nium
499 5719 856 5765 monstrorum
887 5713 1189 5787 turpissima
1232 5713 1519 5782 proposita,
1550 5717 1622 5769 im
1655 5722 1879 5787 turpitu-

1921 4434 1969 4494 ἰ)

1989 4118 2112 4171 dine
2155 4118 2269 4185 ejus
2319 4115 2647 4170 revocabant.
2715 4113 2855 4185 Nam
2886 4112 3200 4185 furibundas
3255 4113 3373 4168 illos
3410 4113 3563 4183 facit,

1988 4188 2077 4259 qui
2115 4183 2207 4241 illo
2269 4185 2625 4259 ntotuAaninti
2672 4184 3029 4259 eagagitantur,
3078 4183 3565 4259 octtlosque_rubro

1988 4253 2161 4311 colore
2184 4257 2485 4325 perfundit,
2513 4270 2677 4325 quare
2702 4256 2945 4323 ﬂammas
2981 4253 3256 4325 exspirare
3300 4253 3563 4308 Chimaera

1987 4327 2131 4381 dicta
2159 4322 2620 4391 estanullum’est
2669 4322 2856 4376 vitium
2888 4325 3058 4391 magis
3100 4322 3183 4377 uel
3224 4325 3431 4388 honori,
3489 4327 3568 4378 vel

1992 4397 2111 4450 vitae
2144 4394 2467 4459 mortalium,
2495 4394 2573 4445 vel
2601 4393 2949 4463 facultatibus
2980 4393 3252 4463 infestum,
3276 4410 3434 4462 quam
3461 4393 3567 4456 ira,

1996 4481 2113 4534 qua:
2142 4468 2317 4518 omnia
2354 4479 2459 4517 uno
2486 4461 2716 4530 tempore
2749 4464 2951 4515 evertit.
2999 4461 3103 4526 Qui
3139 4465 3245 4534 sint
3280 4464 3402 4515 huic
3438 4463 3567 4515 vitio

1998 4532 2161 4588 dediti
2191 4552 2293 4588 non
2337 4534 2508 4586 minus
2571 4549 2604 4585 α
2653 4542 2835 4586 nostra
2888 4532 3272 4585 consuetudine
3302 4534 3569 4585 avertendi

1997 4615 2115 4657 sunt
2145 4622 2205 4656 ac
2222 4604 2483 4657 deritandi
2504 4619 2663 4672 quam
2694 4603 2947 4661 teterrimi
2975 4610 3024 4655 et
3052 4605 3280 4657 maxime
3306 4602 3568 4670 pernicio-

1997 4674 2044 4727 si
2076 4684 2365 4742 serpentes:
2416 4710 2425 4719 ρ

2070 4739 2182 4812 (76)
2225 4743 2297 4795 Ab
2329 4740 2474 4795 Jairi
2505 4742 2619 4811 ﬁlia
2656 4758 2897 4796 exorsus.
2937 4740 3120 4799 Primo
3165 4739 3571 4812 praedicationis

1999 4808 2162 4878 anno,
2221 4814 2395 4867 aetatis
2453 4808 2563 4866 suae
2614 4813 2884 4867 tricesimo
2937 4811 3110 4877 primo
3144 4825 3265 4863 eam
3302 4808 3555 4878 Christus

1997 4883 2253 4943 excitavit
2280 4898 2310 4941 a
2342 4889 2533 4937 morte.
2569 4881 2850 4945 Barouius,
2880 4891 2933 4933 et
2964 4877 3256 4935 Jauseuius
3285 4879 3335 4930 iu
3370 4877 3561 4945 Dispo-

1999 4954 2214 5016 sitione,
2263 4968 2357 5009 seu
2390 4949 2698 5006 Concordia
2731 4948 3055 5019 evangelicae
3109 4947 3366 5014 historiae,
3397 4962 3558 5016 quem

1998 5023 2408 5103 ipse_Baroniu‘s
2444 5022 2757 5103 plerumque
2807 5016 3075 5099 sequitur,
3126 5034 3267 5070 anno
3298 5018 3561 5085 praedica-

1999 5088 2160 5147 tionis
2189 5090 2425 5147 secundo
2447 5088 2629 5145 vidua:
2658 5090 2842 5149 tilium,
2875 5088 3034 5140 tertio
3055 5099 3247 5141 exacto
3276 5099 3329 5140 et
3363 5097 3557 5154 quarto

1996 5163 2217 5216 ineunte
2254 5161 2513 5217 Lazarum
2555 5159 2968 5221 suscitavitrex
3000 5158 3187 5210 iisdem
3221 5161 3554 5212 auctoribus.

1996 5231 2057 5287 D.
2083 5234 2207 5286 item
2247 5232 2604 5302 Hieronymus
2634 5239 2882 5302 octavum
2917 5227 3020 5281 hoc
3043 5229 3257 5297 signum
3283 5236 3556 5290 numerat,

1996 5304 2335 5387 print-magne
2376 5317 2404 5355 a
2438 5297 2610 5387 tito'rte
2639 5297 3065 5387 restitutionem.
3266 5333 3270 5337 ‹

2067 5372 2179 5440 (77)
2221 5364 2290 5425 Et
2310 5385 2427 5423 cum
2442 5369 2714 5440 infernum
2742 5367 2965 5440 hostettt.
2995 5366 3179 5440 Manen
3211 5376 3328 5440 erat
3359 5366 3411 5419 in
3436 5364 3557 5440 cod.

1995 5435 2084 5506 Ρ.,’
2115 5435 2224 5495 imo
2255 5438 2831 5509 auétpaloesententia
2851 5436 3224 5509 deﬁcientibus
3267 5437 3351 5490 his
3381 5435 3559 5509 verbis

1992 5504 2088 5564 καὶ
2104 5512 2193 5583 τὸν
2215 5512 2346 5583 ᾅδην
2367 5504 2790 5579 αἰχμαλωτίζειν
2812 5507 3143 5583 ἀρξάμενος,
3168 5522 3286 5573 qua:
3310 5504 3557 5583 supplevi

1990 5597 2055 5634 ex
2086 5582 2184 5646 G.;
2213 5576 2268 5636 et
2302 5576 2630 5645 'sane'caput
2680 5588 2735 5631 et
2781 5584 2914 5631 ratio
2944 5588 3071 5630 sunt
3099 5576 3214 5641 ejus
3244 5576 3550 5646 sententiae,

1989 5667 2096 5718 qua
2152 5644 2340 5705 auctor
2395 5644 2650 5718 ludit’_de
2702 5648 2972 5718 primitiis
3016 5645 3333 5718 spoliorum,
3382 5644 3560 5714 deque

1993 5716 2208 5791 Virgine
2245 5717 2487 5789 opposita
2519 5716 2731 5787 virgini
2762 5717 2902 5771 Eva).
