3990 6202
405 276 511 334 2'33

1616 266 2112 329 THEOPHANIS
2151 265 2491 327 CERAMEI

3553 226 3667 317 est

400 397 760 459 congruenter
789 385 938 442 facit.
998 381 1704 459 Quandoquidemrmortis
1759 380 1825 435 ad
1879 391 1974 433 nos

2105 378 2232 450 ιτοῠ
2291 378 2523 433 θανάτου
2581 374 2935 446 παρείσδυσις
2964 373 3029 426 ὲκ
3072 358 3172 439 τῆς
3196 367 3474 441 παρθένου
3510 368 3662 431 Εὔας

402 458 579 538 aditus
626 480 749 535 Erae
805 477 1032 547 virginis
1083 476 1218 531 vitio
1268 458 1591 544 patefactus
1625 482 1729 529 est.
1786 470 1979 525 Verum

403 582 587 642 aperto
615 585 769 626 sacro
796 567 1006 631 codice,
1046 566 1207 620 verba
1239 565 1352 634 ipsa
1383 565 1665 620 audiamus
1699 566 1765 618 ¹⁹.

476 682 496 714 ι
541 662 599 716 1η
654 660 746 716 illo
806 667 1074 728 tempore,
1135 657 1300 712 homo
1362 657 1582 726 quidam
1638 656 1870 712 accessit
1915 655 1980 709 ad

404 751 602 815 Jesum,
650 749 735 804 cui
785 763 979 802 nomen
1032 746 1230 813 Jairus,
1265 756 1321 802 et
1351 746 1465 816 ipse
1510 747 1762 816 princeps
1803 745 1979 819 Syna.

402 858 572 912 gogat,
625 849 680 895 et
726 838 922 895 cecidit
965 839 1031 893 ad
1080 838 1245 907 pedes
1290 836 1418 893 Jesu
1460 852 1658 906 rogans
1706 852 1828 892 eum
1856 878 1871 904 ,
1921 847 1981 894 ut

403 936 632 988 intraret
680 934 732 986 in
779 932 996 985 domum
1048 929 1205 999 ejus;
1263 929 1386 999 quia
1442 929 1598 984 unica
1641 928 1749 984 ﬁlia
1788 940 1904 984 erat
1932 930 1980 984 ei

404 1025 518 1081 fere
575 1038 834 1079 annorum
900 1021 1221 1087 duodecim;
1282 1032 1338 1075 et
1392 1021 1508 1076 haec
1562 1022 1912 1077 moriebatur.
1956 1041 1974 1073 ι

405 1115 759 1170 Admirationi
813 1114 945 1168 mihi
1003 1121 1088 1168 est
1133 1112 1185 1166 in
1237 1113 1352 1181 ipso
1395 1112 1767 1181 explicationis
1805 1113 1982 1177 initio,

406 1218 609 1277 quanto
663 1205 963 1270 intervallo,
994 1206 1101 1274 jam
1150 1204 1275 1259 inde
1304 1220 1332 1258 a
1364 1205 1628 1275 principio
1654 1242 1671 1269 ,
1717 1204 1808 1275 qui
1845 1205 1985 1259 inter

406 1301 651 1355 ethnicos
690 1299 845 1354 iidem
876 1313 1185 1368 suscepere,
1223 1296 1442 1354 Iudaeos
1468 1300 1817 1365 anteivcrint.
1850 1299 1981 1353 Nam

409 1393 652 1448 centurio
701 1391 914 1460 quidem
947 1390 1035 1444 ille
1087 1400 1365 1460 tantopere
1417 1391 1743 1455 conﬁdebat,
1774 1402 1825 1445 ut
1862 1406 1986 1445 cre-

412 1483 558 1536 deret
601 1497 757 1549 posse
812 1480 1146 1535 Salvatorem
1187 1480 1348 1534 etiam
1384 1481 1660 1535 absentem
1704 1484 1984 1549 aegrotanti

412 1587 576 1639 puero
625 1572 985 1627 valetudinem
1041 1573 1208 1627 verbo
1261 1572 1571 1638 restituere,
1603 1582 1658 1626 et
1703 1582 1987 1642 propterea

410 1666 664 1718 dicebat:
703 1682 721 1714 ι
750 1662 846 1717 Dic
899 1661 1089 1727 verbo,
1133 1670 1187 1714 et
1234 1664 1514 1716 sanabitur
1564 1678 1699 1731 puer
1756 1677 1927 1716 mens.
1963 1680 1982 1713 ι

2089 470 2327 539 ἐγένετο.
2377 468 2536 524 Ἀλλά
2591 468 2692 538 τὴν
2743 467 2897 536 ἱερὰν
2955 463 3141 518 δέλτον
3199 460 3617 525 ἀναπτύξαντες
3641 498 3664 523 ,

2089 560 2272 615 αὐτῶν
2296 560 2409 614 τῶν
2437 560 2701 631 ῥημάτων
2729 556 3075 624 ἀκούσωμεν.

2165 672 2186 705 ‹
2218 652 2309 722 Τῷ
2349 652 2529 724 καιρῷ
2572 651 2767 720 ἐκείνῳ
2810 646 3099 718 ἄνθρωπός
3147 661 3233 706 τις
3268 642 3547 714 προσῆλθε
3584 644 3667 714 τῷ

2102 742 2303 813 Ἰησοῦ.
2359 736 2585 813 ὀνόματι
2650 744 2909 813 Ἰάειρος,
2954 741 3050 795 καὶ
3098 741 3265 804 αὐτὸς
3323 740 3511 811 ἅρχων
3560 741 3667 806 τῆς

2088 833 2447 905 Συναγωγῆς,
2473 834 2568 888 καὶ
2603 832 2785 887 πεσὼν
2814 832 2966 903 παρά
2992 834 3122 896 τοὺς
3147 832 3316 895 πόδας
3336 831 3430 884 τοῦ
3456 831 3668 899 Ἰησοῦ,

2091 924 2394 995 παρεκάλει
2431 924 2597 979 αὐτὸν
2631 924 2896 977 εἰσελθεῖν
2942 926 3023 986 εἰς
3054 923 3147 975 τὸν
3179 917 3330 976 οἷκον
3359 920 3555 985 αὐτοῦ,
3582 923 3670 974 ὅτι

2090 1018 2383 1087 θυγάτριον
2411 1017 2698 1087 μονογενὲς
2720 1016 2797 1086 τῷ
2824 1016 2996 1085 αὐτῷ,
3032 1014 3109 1079 ὡς
3134 1015 3274 1068 ἑτῶν
3307 1014 3540 1079 δώδεκα,
3570 1015 3671 1067 καὶ

2090 1107 2230 1179 αὕτη
2256 1107 2619 1178 ἀπέθνησκεν.
2667 1125 2686 1159 ι
2726 1106 2958 1160 Ἔπεστί
2999 1122 3092 1177 μοι
3131 1105 3415 1174 θαυμάσαι
3490 1107 3671 1175 ἀρχο-

2094 1201 2239 1273 μένῳ
2296 1200 2397 1268 τῆς
2455 1199 2791 1270 ἐξηγήσεως.
2840 1199 2965 1251 ὅσον
3031 1199 3272 1270 ἀρχῆθεν
3312 1199 3364 1250 oi
3395 1198 3454 1262 ἐξ
3487 1197 3670 1250 ὲθνῶν

2093 1291 2518 1353 πεπιστευκότες
2535 1292 2665 1354 τοὺς
2683 1290 2966 1354 Ἰουδαίους
2987 1291 3445 1359 ύπερηκόντισαν.
3474 1289 3536 1342 '0
3565 1290 3671 1358 μὲν

2092 1384 2202 1456 γὰρ
2224 1384 2621 1454 ἑκατόνταρχος
2642 1384 2848 1445 ἐκεῖνος
2865 1381 3039 1443 οὕτως
3063 1380 3425 1451 ὲτεθαρῤήκει
3444 1379 3675 1433 πιστεύ-

2096 1494 2216 1541 σας,
2247 1476 2324 1539 ὡς
2358 1475 2451 1528 καὶ
2478 1474 2634 1528 ἀπὼν
2669 1475 2699 1527 6
2725 1474 2917 1542 Σωτὴρ
2950 1473 3053 1526 ούκ
3093 1473 3351 1526 ἀδυνατεῖ
3377 1472 3471 1524 τὸν
3496 1472 3669 1524 ἀσθεο

2094 1567 2285 1620 νοῦντα
2338 1566 2506 1619 παῖδα
2558 1564 2636 1635 τῷ
2687 1563 2829 1633 λόγῳ
2863 1562 3154 1617 ἰάσασθαισ
3199 1562 3281 1615 διὸ
3312 1562 3409 1616 καὶ
3440 1562 3667 1629 ἔλεγεν·

2101 1679 2120 1711 ι
2166 1659 2298 1711 Εἰπὲ
2354 1658 2521 1728 λόγῳ,
2572 1656 2671 1710 καὶ
2724 1656 3008 1726 ἰαθήσεται
3058 1654 3088 1705 6
3117 1655 3249 1716 παῖς
3280 1671 3403 1722 μου.
3442 1672 3464 1705 ι
3510 1654 3570 1706 '0
3609 1653 3671 1704 δὲ

414 1756 509 1810 llic
540 1770 669 1810 vero
698 1756 947 1824 princeps
979 1724 1276 1825 Synagogae
1309 1753 1491 1809 Jairus
1522 1724 1805 1808 Dominum
1837 1763 1992 1819 rogat

2105 1750 2287 1819 παρὼν
2332 1724 2662 1817 Συναγωγῆς
2723 1724 2908 1817 ἄρχων
2933 1745 3157 1816 Ἰάειρος
3209 1745 3343 1798 εῖσω
3369 1745 3470 1814 τῆς
3490 1744 3674 1806 οἰκίας

414 1855 471 1899 ιιι
497 1845 715 1898 domum
753 1845 1106 1911 ingrediatur,
1137 1845 1455 1899 existimans
1484 1857 1605 1896 eum
1640 1843 1740 1895 alia
1781 1843 1990 1895 ratione

416 1933 644 1987 salutem
685 1931 876 2000 puellm
925 1931 1119 1986 afferre
1150 1948 1253 1985 non
1287 1947 1462 2000 posse.
1494 1931 1622 1985 Erat
1670 1933 1812 1985 enim
1842 1930 1991 1987 Jairo

419 2023 524 2075 (ilia
560 2022 729 2076 forma
762 2023 1009 2091 insignis,
1041 2037 1161 2091 quae
1190 2020 1671 2077 incontaminatum
1701 2022 1990 2091 virginita-

415 2115 487 2168 tis
526 2112 711 2168 ﬂorem
773 2121 1026 2182 tanquam
1085 2112 1256 2168 calice
1304 2112 1567 2168 inclusum
1624 2113 1993 2182 intactumque

415 2207 688 2258 servabat.
725 2202 887 2258 Multa
937 2203 1123 2274 paucis
1174 2205 1490 2274 complexus
1519 2214 1602 2259 εει
1639 2204 1990 2273 evangelista,

417 2296 851 2349 lamentationem
909 2295 1220 2348 narratione
1275 2303 1482 2349 texens.
1526 2313 1544 2345 ι
1578 2294 1765 2359 Unica,
1798 2294 1992 2363 inquit,

418 2394 536 2441 crat
571 2386 763 2454 puella.
795 2405 814 2439 ι
856 2386 1017 2441 Vides
1049 2388 1373 2441 calamitatis
1400 2387 1743 2455 gravitatem,
1777 2398 1831 2439 ut
1858 2402 1995 2455 pau-

420 2476 499 2530 cis
552 2476 637 2529 bic
677 2488 857 2529 sermo
907 2490 1092 2530 casum
1148 2476 1348 2543 tragice
1398 2477 1835 2543 reprtesentarit?
1868 2476 1995 2544 quid

421 2567 564 2620 enim
620 2566 873 2620 indicavit
924 2567 1009 2622 his
1058 2566 1274 2621 verbis?
1325 2565 1440 2621 Non
1491 2576 1625 2632 erat,
1660 2582 1721 2621 ea
1759 2577 1993 2630 mortua,

422 2660 601 2725 proles
651 2658 755 2712 alia
804 2656 870 2713 ad
920 2673 1079 2725 quam
1133 2666 1385 2726 parentes
1420 2657 1607 2713 oculos
1656 2668 1996 2721 convertere,

419 2757 474 2805 et
515 2748 783 2819 lacrymas
835 2750 1088 2804 cohibere
1145 2761 1398 2819 possent;
1454 2760 1569 2804 erat
1612 2750 1757 2803 enim
1812 2756 1998 2819 partus

421 2839 673 2909 unigena.
736 2838 819 2892 Ad
882 2839 984 2891 hoc
1047 2838 1278 2908 puellam
1354 2839 1661 2894 duodenum
1732 2855 1996 2894 annorum

423 2940 634 2993 notans,
699 2929 1150 3000 iucundissimum
1192 2931 1430 2985 ostendit
1496 2941 1710 3002 tempus
1781 2933 1993 2999 astatis;

2092 1842 2357 1896 εἰσελθεῖν
2420 1840 2514 1894 τὸν
2568 1839 2839 1908 δεσπότην
2892 1835 3226 1908 παρακαλεῖ,
3288 1836 3534 1904 οἰόμενος
3592 1834 3675 1905 μὴ

2092 1933 2268 1998 ἄλλως
2301 1932 2564 1987 δύνασθαι
2592 1934 2658 2002 τῇ
2705 1929 2859 1983 παιδὶ
2887 1927 2986 1998 τὴν
3004 1927 3305 1999 θεραπείαν
3335 1929 3672 1999 ἐπαγαγεῖν.

2091 2022 2201 2081 Ἦν
2229 2027 2339 2098 γάρ
2367 2026 2446 2097 τῷ
2477 2025 2694 2094 Ἰαείρῳ
2735 2021 3031 2093 θυγάτριον
3072 2022 3218 2092 μάλα
3262 2023 3449 2089 καλὸν,
3484 2023 3545 2075 τὸ
3566 2023 3674 2088 τῆς

2094 2119 2394 2189 παρθενίας
2451 2117 2611 2180 ἀνθος
2643 2118 2910 2188 ἄχραντον
2960 2115 3225 2185 φέρουσα.
3254 2114 3331 2176 ὡς
3364 2115 3423 2167 ὲν
3467 2113 3678 2167 κάλυκι

2093 2209 2424 2280 τηρούμενον
2438 2209 2679 2265 ἄθικτον.
2704 2209 2877 2264 [Ιολλά
2898 2210 2955 2262 ὲν
2975 2207 3178 2274 ὀλίγοις
3199 2206 3227 2257 ό
3246 2203 3670 2274 εύαγγελιστὴς,

2095 2300 2382 2370 περιέλαϐε
2412 2300 2605 2370 θρῆνον
2632 2301 2843 2368 ὑφάνας
2859 2298 3247 2369 τῷδιηγήματι
3265 2310 3291 2325 ’ν
3313 2295 3675 2364 ιμονογενὴα,
3742 2282 3759 2291 ”

2096 2393 2286 2460 φησὶν,
2340 2392 2584 2461 ὑπῆρχεν
2613 2393 2819 2474 ἡπαῖς.
2852 2409 2871 2442 ι
2911 2389 3077 2460 Ὁρᾷς
3106 2389 3165 2442 τὸ
3199 2387 3364 2457 βάρος
3395 2386 3494 2453 τῆς
3530 2402 3680 2452 συμ-

2096 2485 2292 2550 φορᾶς,
2355 2484 2429 2545 ὡς
2482 2484 2540 2535 ὲν
2569 2482 2771 2549 ὀλίγοις
2803 2484 2831 2535 ὀ
2872 2482 3029 2548 λόγος
3067 2479 3129 2531 τὸ
3158 2477 3328 2540 πάθος
3356 2475 3679 2547 ἐξετραγῴ-

2095 2572 2260 2644 δησες
2294 2575 2346 2625 τί
2368 2575 2475 2642 γὰρ
2507 2575 2564 2627 ἐν
2593 2573 2805 2636 τούτοις
2838 2572 3109 2642 ἐδήλωσεν
3136 2587 3151 2637 ;
3190 2572 3304 2623 Ούκ
3338 2565 3407 2640 ἦν
3448 2570 3681 2638 ἐκείνης

2098 2664 2366 2732 θανούσης
2394 2668 2474 2728 εἰς
2495 2666 2685 2735 ἕτερον
2708 2665 2833 2728 τοὺς
2860 2666 3037 2732 γονεῖς
3061 2662 3269 2715 ἀπιδεῖν
3292 2661 3529 2726 παιδίον,
3570 2661 3681 2712 καὶ

2099 2756 2370 2825 στῆσαιτὺ
2394 2754 2627 2827 δάκρυον
2647 2771 2660 2784 ·
2692 2754 2984 2826 μονογενὴς
3009 2753 3116 2824 γὰρ
3139 2753 3168 2806 6
3189 2752 3345 2815 τόκος
3364 2769 3378 2783 ο
3412 2751 3551 2804 ἀλλά
3572 2751 3681 2804 καὶ

2097 2848 2158 2901 τδ
2186 2848 2493 2917 δωδεκαετῆ
2518 2844 2617 2917 τὴν
2655 2848 2818 2899 παῖδα
2841 2847 3038 2906 εἰπεῖν,
3061 2843 3193 2897 αὐτὸ
3222 2843 3285 2895 τὸ
3311 2842 3412 2911 τῆς
3449 2842 3681 2912 ἡλικίας

2099 2938 2354 3009 ἐμφαίνει
2409 2938 2470 2992 τὸ
2501 2939 2896 3008 χαριέστατονο
2937 2937 3028 2990 ὅτε
3070 2936 3162 2989 τὸν
3201 2934 3460 3005 ὑμέναιον
3493 2934 3551 2985 αἱ
3579 2934 3682 2986 x6-

425 3022 644 3088 quando
703 3019 956 3073 nimirum
1016 3020 1208 3089 puellae
1261 3021 1595 3092 hymenaeum
1647 3024 1906 3093 cogitant,
1945 3035 1998 3079 et

2105 3047 2192 3099 ραι
2220 3027 2581 3097 φαντάζονται
2603 3044 2617 3058 ·
2641 3031 2736 3081 καὶ
2779 3027 3012 3097 νυμφίον
3043 3026 3266 3096 ὡραῖον,
3298 3026 3390 3077 καὶ
3421 3023 3684 3077 παστάδα

424 3106 719 3162 formosum
760 3122 1039 3177 sponsum,
1074 3120 1127 3163 et
1160 3109 1422 3178 genialem
1475 3110 1791 3165 thalamum.
1822 3110 1998 3165 Multae

2105 3120 2396 3191 γαμήλιον,
2427 3119 2625 3172 πολλαὶ
2649 3118 2708 3171 δὲ
2737 3120 2835 3172 καὶ
2875 3120 3005 3187 περὶ
3031 3117 3264 3179 κάλλους
3295 3115 3578 3185 ἐρίξουσαι
3604 3118 3682 3185 τῇ

426 3199 588 3253 etiam
622 3200 687 3253 de
712 3198 897 3254 formae
945 3199 1258 3267 praestantia
1306 3202 1689 3258 contendentes
1730 3202 2001 3272 pigmenta

428 3288 493 3343 ad
523 3289 814 3343 naturalem
847 3289 1300 3359 pulchritudinem
1345 3291 1662 3361 {tljungung
1699 3302 1756 3345 ut
1784 3294 2002 3347 intuen-

430 3382 571 3436 tibus
615 3380 866 3441 formosae
906 3382 1206 3436 videantur.
1241 3382 1308 3436 Et
1330 3383 1561 3439 fortasse
1607 3386 1823 3440 domum
1860 3386 2004 3440 illius

430 3473 581 3527 multi
637 3474 783 3541 proci
834 3473 1279 3544 frequentabant;
1332 3487 1387 3532 et
1426 3487 1541 3531 erat
1570 3478 1711 3532 inter
1740 3494 1832 3533 eos
1866 3493 2003 3532 con-

431 3566 598 3619 tentio
622 3567 862 3635 quaedam
900 3567 1125 3634 ingenua
1157 3567 1266 3638 59
1292 3569 1414 3637 quis
1435 3569 1658 3639 reliquis
1680 3580 2006 3639 prmOptatus

428 3655 691 3725 virginem
743 3658 795 3710 in
852 3658 1255 3713 matrimonium
1331 3661 1572 3716 duceret.
1631 3662 1695 3715 Et
1753 3664 2006 3730 pronubas

433 3746 670 3801 vicissim
732 3748 1106 3815 succedentes,
1167 3757 1328 3817 atque
1376 3751 1476 3804 alia
1529 3750 1693 3805 alium
1748 3767 2004 3820 sponsum

432 3837 680 3891 laudibus
740 3838 992 3903 ell'crcns,
1053 3839 1361 3909 conjugium
1415 3842 1656 3911 urgebat.
1702 3840 1806 3896 Se.l
1856 3859 2005 3913 spem

432 3927 499 3984 de
523 3928 696 3997 puella
744 3941 1057 4000 conceptam
1088 3931 1288 4000 excipit
1328 3934 1548 3988 morbus
1588 3933 1820 3988 futuram
1850 3933 2009 4003 paulo

434 4028 552 4087 post
578 4031 803 4076 mortem
841 4022 1135 4079 intentans.
1175 4022 1337 4079 Venit
1379 4024 1545 4095 igitur
1575 4040 1768 4094 parens
1807 4027 2011 4081 arenti-

435 4110 538 4164 bus
570 4127 678 4180 prae
709 4111 795 4164 illa
828 4126 1065 4167 aerumna
1124 4112 1442 4179 visceribus,
1483 4122 1538 4169 et
1578 4115 1786 4170 ardenti
1848 4116 2011 4171 corde

437 4204 803 4270 precationem
857 4202 1120 4259 Salvatori
1176 4205 1448 4273 proponit.
1489 4206 1701 4277 Accipit
1743 4206 2013 4277 supplica-

440 4294 642 4347 tionem
691 4295 737 4348 is
782 4295 873 4364 qui
921 4295 1148 4350 salutem
1198 4296 1397 4352 mundo
1435 4296 1656 4353 daturus
1702 4298 2008 4354 advenerat.

2105 3211 2310 3280 φυσικῇ
2346 3207 2466 3280 ὥρᾳ
2495 3206 2592 3261 καὶ
2633 3206 2969 3278 κομμωτικά
3000 3222 3127 3259 τινα
3158 3203 3568 3274 προστιθέασιν,
3595 3204 3687 3265 ὡς

2102 3300 2167 3354 ἂν
2217 3303 2326 3363 τοῖς
2386 3299 2586 3370 δρῶσιν
2638 3298 2846 3366 ὀφθῶσι
2877 3296 3064 3353 καλαί.
3096 3297 3251 3365 Τάχα
3282 3313 3387 3349 που
3420 3295 3513 3347 καὶ
3538 3312 3686 3365 μνη-

2106 3390 2304 3460 στῆρες
2349 3390 2581 3459 ἐφοίτων
2635 3388 2844 3456 πολλοὶ,
2881 3389 2975 3444 καὶ
3004 3387 3211 3459 ἅμιλλα
3236 3383 3305 3458 ἦν
3338 3386 3552 3448 τούτοις
3571 3386 3687 3439 οὐκ

2104 3485 2358 3555 ἀγεννὴς,
2419 3482 2502 3546 τίς
2567 3481 2633 3536 ἂν
2664 3481 2990 3554 προκριθεὶς
3019 3481 3233 3548 γένοιτο
3267 3480 3365 3550 τῆς
3398 3478 3687 3548 παρθένου

2106 3575 2248 3644 ἀνήρ
2270 3591 2283 3607 ο
2308 3574 2404 3627 καί⁵
2464 3573 2870 3644 προμνήστριαι
2922 3569 3226 3642 ἀμοιϐαδὸν
3252 3568 3543 3629 εἰσιοῦσαι,
3577 3566 3687 3619 καὶ

2106 3666 2242 3736 άλλη
2298 3665 2457 3719 ἄλλον
2504 3663 2737 3734 νυμφίον
2781 3663 2874 3716 ἐπὶ
2913 3662 3058 3733 μέγα
3098 3660 3389 3730 ἐξαίρουσα
3424 3659 3484 3711 τὸ
3513 3657 3689 3727 κῆδος

2108 3757 2388 3811 ἔσπευδεν.
2416 3756 2578 3811 Ἀλλά
2634 3756 2735 3819 τὰς
2789 3755 2883 3808 ἐπὶ
2906 3822 2915 3825 γ
2936 3756 3005 3824 τῇ
3039 3754 3179 3824 κόρῃ
3206 3752 3429 3815 ἐλπίδας
3459 3750 3492 3819 ἡ
3521 3750 3685 3813 νόσος

2107 3848 2414 3917 διαδέχεται
2439 3847 2742 3902 ἀπειλοῦσα
2765 3846 2857 3899 τὸν
2887 3846 3004 3916 μετ’
3038 3844 3219 3912 ὀλίγον
3246 3842 3472 3896 ἔσεσθαι
3512 3842 3690 3895 θάνα-

2108 3958 2219 3995 τον.
2258 3939 2427 3992 Ἴεται
2481 3933 2576 3993 οὖν
2635 3940 2663 3993 6
2691 3936 2908 4008 ’πατὴρ
2971 3938 3042 3991 τά
3092 3936 3379 4005 σπλάγχνα
3409 3933 3488 4003 τῷ
3516 3933 3689 3987 πάθει

2110 4033 2476 4105 φρυγόμενος,
2509 4032 2606 4085 καὶ
2652 4029 2850 4101 ζεούσῃ
2893 4028 3094 4100 καρδίᾳ
3139 4028 3434 4098 προσάγων
3464 4026 3541 4096 τῷ
3566 4026 3692 4079 Σω-

2109 4124 2237 4193 τῆρι
2301 4121 2402 4193 τὴν
2461 4121 2670 4191 δέησιν.
2700 4119 2926 4190 Δέχεται
2984 4118 3085 4188 τὴν
3133 4118 3347 4170 ἱκεσίαν
3384 4119 3413 4170 ὀ
3439 4116 3536 4169 ἐπὶ
3568 4132 3687 4169 σω-

2110 4215 2305 4286 τηρίαν
2354 4212 2447 4268 τοῦ
2512 4213 2728 4282 κόσμου
2772 4209 3232 4280 παραγενόμενος.
3261 4210 3449 4277 Ἔργῳ
3479 4224 3541 4274 γε
3573 4210 3691 4277 μὴν

2111 4305 2207 4361 τοῦ
2259 4302 2710 4377 ἀρχισυναγώγου
2754 4302 2854 4370 τὴν
2905 4300 3166 4354 ἀπιστίαν
3205 4298 3691 4369 ἐπανορθούμενος

440 4384 642 4440 Verum
673 4395 734 4439 ut
761 4401 925 4456 Opere
966 4387 1087 4466 ipso
1134 4388 1395 4459 principis
1433 4389 1729 4461 Synagogte
1766 4390 2001 4447 dilﬁden-

2115 4398 2301 4454 δίδωσι
2336 4396 2533 4467 σχολὴν
2559 4394 2738 4463 ἑαυτῷ
2784 4391 2927 4446 κατά
2956 4391 3052 4460 τὴν
3086 4390 3204 4444 ὀδὸν
3237 4391 3333 4459 τῆς
3360 4387 3693 4459 αἰμορῤοού-

440 4476 572 4531 tiam
627 4479 959 4542 emendaret,
1007 4476 1238 4547 spatium
1277 4478 1380 4533 sibi
1421 4479 1474 4533 in
1521 4479 1714 4535 itinere
1762 4482 2015 4551 sumpsit,

441 4568 779 4623 curationem
817 4567 1076 4637 mulieris,
1117 4584 1237 4640 quze
1264 4569 1501 4627 (lusione
1543 4573 1822 4640 sanguinis
1865 4572 2018 4627 labo-

443 4658 616 4725 rabat,
667 4673 776 4728 quo
829 4657 1001 4729 magis
1052 4659 1384 4729 inopinatum
1410 4670 1465 4716 et
1514 4660 1831 4719 admirabile
1866 4662 2017 4718 fleret

444 4750 761 4806 miraculum
803 4749 990 4821 puellte
1014 4765 1046 4806 a
1070 4760 1334 4821 potestate
1362 4753 1550 4809 mortis
1575 4763 1796 4823 ereptae.

523 4863 542 4896 ι
589 4842 655 4899 Ει
676 4845 921 4912 contigit,
953 4844 1076 4899 dum
1111 4843 1251 4909 iret,
1278 4859 1309 4897 a
1343 4845 1517 4901 turbis
1536 4848 2015 4918 comprimebatur;
2100 4864 2104 4868 '

447 4944 505 4991 et
531 4935 724 4989 mulier
752 4936 997 5004 quaedam
1033 4945 1155 4991 erat
1178 4936 1233 4990 in
1264 4930 1407 4991 ll'uxu
1440 4940 1733 5017 sanguinis
1762 4940 1830 4996 ab
1860 4942 2019 4997 annis

451 5025 757 5092 duodecim,
795 5042 914 5095 quae
955 5028 1007 5082 in
1041 5028 1280 5084 medicos
1307 5037 1625 5098 erogaverat
1650 5046 1864 5088 omnem
1897 5032 2024 5088 sub-

451 5118 704 5173 stantiam
735 5132 914 5185 suam,
941 5133 1041 5174 nec
1068 5120 1136 5173 ab
1164 5119 1275 5175 ullo
1301 5121 1476 5190 potuit
1520 5126 1723 5176 curari.
1759 5142 1779 5175 ι
1832 5122 2028 5180 Consi-

453 5212 579 5266 dera
611 5218 812 5280 quanta
839 5209 984 5264 illum
1005 5209 1283 5266 hominum
1308 5212 1463 5266 turba
1488 5225 1931 5284 prosequerctur,
1967 5224 2027 5270 ut

456 5302 619 5355 etiam
650 5299 940 5355 coarctatis
970 5300 1221 5369 compitis
1250 5301 1402 5357 illum
1447 5303 1906 5373 comprimerent:
1941 5306 2025 5361 in-

459 5403 545 5448 ter
590 5407 725 5464 quas
769 5400 887 5446 erat
946 5392 1296 5460 muliercula,
1357 5410 1518 5465 quam
1571 5394 1710 5450 male
1753 5398 2029 5466 sanguinis

462 5485 644 5540 ﬂuxus
681 5484 946 5554 habebat;
977 5497 1096 5554 quae
1124 5498 1182 5540 re
1208 5487 1355 5542 omni
1385 5488 1678 5544 domestica
1714 5488 1767 5543 in
1794 5492 2029 5545 medicos

544 5667 589 5699 ¹⁰
619 5667 749 5724 an.
777 5685 893 5733 νιιι,
922 5671 982 5724 Η
1020 5681 1173 5734 seqq.

2118 4509 2217 4563 σης
2236 4491 2338 4561 τὴν
2392 4491 2560 4555 ῐασιν,
2596 4490 2672 4550 ὡς
2729 4486 2796 4539 ἂν
2826 4485 2914 4537 ἐπ’
2947 4483 3128 4545 ἀδείας
3157 4481 3252 4534 τοῦ
3294 4481 3524 4535 θανάτου
3580 4480 3707 4549 τῆς

2117 4585 2286 4652 κόρης
2338 4580 2879 4651 κατακρατήσαντος,
2920 4575 3146 4644 γένηται
3198 4573 3260 4626 τὸ
3286 4572 3470 4644 θαῦμα
3503 4589 3688 4642 παρα-

2114 4673 2293 4739 δοξότε
2303 4689 2421 4744 ρον.

2194 4867 2214 4901 ι
2251 4847 2341 4901 Ἐν
2390 4845 2448 4899 δὲ
2494 4842 2573 4915 τῷ
2632 4842 2867 4911 ὑπάγειν
2905 4840 3093 4905 αὐτὸν,
3121 4840 3170 4894 οἰ
3200 4838 3350 4910 ὄχλοι
3375 4838 3686 4892 συνέθλιϐον

2120 4940 2281 4995 αὐτόν
2302 4956 2317 4971 ·
2347 4938 2442 4993 καὶ
2495 4936 2633 5007 γυνὴ
2696 4930 2830 4988 οὖσα
2860 4934 2923 4987 ἐν
2955 4931 3107 5004 ῥύσει
3155 4931 3388 5000 αἵματος
3420 4930 3525 4983 ἀπὸ
3549 4928 3685 4982 ἑτῶν

2119 5030 2348 5094 δώδεκα,
2385 5029 2510 5099 ἥτις
2542 5027 2746 5097 ἰατροῖς
2773 5021 3247 5095 προσαναλώσασα
3274 5021 3395 5073 ὅλον
3424 5020 3516 5073 τὸν
3548 5019 3687 5088 βίον,

2119 5124 2220 5178 οὐκ
2256 5124 2443 5192 ῖσχυεν
2497 5119 2594 5174 ἀπ’
2621 5118 2839 5180 οὐδενὸς
2882 5113 3312 5184 θεραπευθῆναι.
3346 5131 3367 5166 ι
3401 5112 3599 5166 Σκόπει
3631 5110 3691 5164 δὲ

2124 5216 2249 5280 ὅσος
2276 5214 2435 5286 δχλος
2474 5211 2797 5284 παρείπετο,
2830 5209 2905 5273 ὡς
2934 5208 3029 5261 καὶ
3052 5205 3261 5260 θλίόειν
3284 5205 3447 5259 αὐτὸν
3472 5219 3692 5256 στενου-

2133 5308 2310 5380 μένων
2331 5305 2439 5360 τῶν
2467 5303 2695 5372 ἀγυιῶν.
2745 5302 2832 5355 Ἐν
2858 5296 2940 5364 οἷς
2966 5296 3035 5370 ἦν
3071 5299 3167 5354 καὶ
3207 5297 3430 5366 γύναιον
3460 5296 3693 5365 αἵματος

2131 5399 2377 5470 ἀμέτρου
2429 5393 2817 5466 κεκακωμένον
2867 5392 3032 5463 φορᾷ,
3063 5390 3098 5461 ἢ
3152 5389 3222 5444 τά
3260 5387 3535 5460 προσόντα
3581 5385 3695 5449 τοῖς

2136 5489 2344 5561 ἰατροῖς
2398 5482 2745 5551 ἀναλώσασα,
2803 5482 2900 5537 καὶ
2951 5479 3141 5550 κέρδος
3174 5476 3451 5549 εὑραμένη
3489 5472 3693 5546 μηδέν’
