3990 6202
316 320 428 382 285

1724 321 2054 383 HOMILIA
2117 326 2187 386 X.

3463 335 3567 398 235

310 425 383 499 ἦν
422 428 532 497 γὰρ
567 429 630 482 τὸ
675 429 850 494 πάθος
877 431 1241 502 ἀνθρωπίνοις
1280 431 1547 495 ἐπινοίαις
1573 431 1872 501 ἀνήκεστον

2002 431 2295 501 insumpta,
2321 433 2524 488 nullum
2548 436 2754 490 fecerat
2781 435 3010 492 lucrum.
3040 438 3258 496 Morbus
3277 443 3418 497 enim
3449 456 3568 498 erat

340 523 694 594 Απηρεικυῖα
737 526 876 594 πρὸς
932 526 1107 578 πάντα
1157 526 1354 596 βουλὴν
1387 525 1701 592 βουλεύεται
1735 542 1892 577 συνε-

309 613 433 682 τὴν,
468 614 608 682 πρὸς
636 615 728 666 τὸν
768 615 1004 683 ἄμισθον
1069 617 1252 686 ίατρδν
1304 617 1579 685 ὀτραλέως
1639 616 1888 686 δραμεῖν,

306 705 387 765 ὡς
411 706 577 775 ἁδρὸν
614 707 758 772 μάλα
798 708 990 777 μισθὸν
1010 710 1111 776 τὴν
1142 709 1326 760 πίστιν
1347 709 1665 777 κομίζουσα.
1693 706 1887 774 Ἔλεγε

306 796 442 865 γὰρ,
480 796 556 858 ὡς
592 797 749 860 ἄλλος
803 799 939 867 φησὶ
986 799 1400 868 εύαγγελιστὴς,
1432 800 1536 864 ὅτι,
1575 817 1593 851 ι
1631 797 1752 850 Κᾶν
1781 798 1889 850 τῶν

308 887 552 954 ἱματίων
586 889 756 940 αὑτοῦ
801 889 963 958 μόνον
993 891 1240 960 ἅψωμαι,
1270 891 1609 960 σωθήσομαι.
1644 909 1662 942 ι
1720 889 1883 943 Ἀλλὰ

303 979 457 1038 τίνος
505 978 668 1047 χάριν
721 981 781 1031 οὒ
838 981 1090 1050 πρόσεισι
1132 979 1400 1052 φανερῶς,
1433 981 1568 1050 ὼςή
1607 981 1888 1034 Χαναναία

280 1071 402 1150 1καὶ
435 1069 467 1136 ἡ
529 1069 957 1136 συγκύπτουσα;
986 1071 1292 1141 Ἐπίσημος
1346 1067 1414 1142 ἦν
1447 1072 1585 1141 αὕτη
1627 1070 1723 1124 καὶ
1749 1070 1888 1140 γνὼ-

281 1151 472 1232 ξριμος
500 1161 613 1220 τοῖς
644 1161 832 1219 πᾶσιν.
874 1156 942 1230 ἦν
969 1161 1024 1213 δὲ
1055 1163 1131 1228 τῷ
1156 1162 1305 1232 νόμῳ
1334 1162 1649 1232 ἀκάθαρτος
1676 1163 1707 1230 ἡ
1750 1179 1887 1215 κατ-

278 1214 544 1328 τεκομένη
599 1250 850 1318 αἱμάτων
899 1214 1047 1322 Ιῥοῇ,
1075 1216 1168 1306 καὶ
1219 1214 1317 1306 ἐκέκ
1363 1249 1431 1324 ἦν
1465 1214 1645 1306 αίίτοῦσ
1663 1214 1884 1322 θεμιτὸν

275 1339 692 1426 ξέπιθιγγάνειν
724 1343 870 1404 τινος
899 1343 1068 1414 ἱεροῦ.
1098 1346 1235 1414 Φησὶ
1267 1347 1374 1416 γὰρ
1407 1348 1434 1398 6
1458 1346 1621 1416 νόμος
1643 1362 1660 1376 ’
1694 1364 1714 1396 ι
1741 1345 1883 1415 Γυνὴ

273 1430 399 1505 ’ἐὰν
463 1433 562 1502 ῥέῃ
620 1432 773 1503 ῥύσει
823 1436 1053 1504 αἵματος
1089 1438 1304 1508 ἡμέρας
1335 1438 1578 1505 πλείους,
1615 1442 1785 1492 πᾶσαι
1825 1443 1881 1492 αἱ

279 1522 508 1591 Δἡμέραι
562 1524 770 1592 ῥύσεως
809 1527 1177 1600 ἀκαθαρσίας,
1225 1532 1334 1594 πᾶς
1377 1533 1404 1584 6
1438 1533 1745 1602 ἁπτόμενος
1787 1533 1885 1584 αὑ-

297 1613 437 1681 τῆς,
474 1617 791 1687 ἀκάθαρτος
852 1619 1028 1674 ἔσται,
1073 1640 1089 1672 ι
1134 1622 1417 1676 Δεδοικυῖα
1462 1625 1642 1677 τοίνυν
1702 1625 1880 1678 ποδῶν

268 1705 591 1774 ,ἁχράντων
621 1709 961 1778 ἐφάψασθαι,
998 1713 1094 1766 καὶ
1127 1713 1245 1783 ἅμα
1285 1714 1551 1785 κρύπτειν
1593 1716 1878 1784 ἐθέλουσα,

295 1797 333 1848 ἃ
368 1798 755 1869 σωφρονοῦσαι
782 1807 1042 1868 γυναῖκες
1067 1805 1472 1858 ἀνακαλύπτειν
1504 1807 1875 1876 αἰσχύνονται,

297 1888 560 1942 κλέπτειν
582 1891 680 1961 τὴν
713 1895 988 1963 σωτηρίαν
1022 1896 1250 1949 ἐπινοεῖ.

375 2088 392 2119 ι
434 2069 546 2121 Καὶ
579 2070 959 2141 προσελθοῦσα
986 2072 1211 2126 ὄπισθεν
1233 2072 1411 2143 ἥψατο
1441 2074 1536 2127 τοῦ
1568 2077 1875 2145 κρασπέδου

294 2161 390 2213 τοῦ
456 2163 677 2230 ἱματίου
729 2163 917 2228 αὐτοῦ,
968 2166 1063 2217 καὶ
1118 2167 1461 2236 παραχρῆμα
1496 2167 1624 2238 ἔστη
1657 2170 1689 2233 ἡ
1719 2167 1878 2238 ῥύσις

292 2255 390 2309 τοῦ
458 2257 688 2326 αἵματος
748 2260 938 2327 αὐτῆς.
981 2261 1045 2312 Ὢ
1101 2262 1196 2315 τοῦ
1231 2263 1535 2332 θαύματοςί
1599 2265 1786 2318 καινόν
1819 2282 1874 2318 τι

293 2348 457 2399 τοῦτο
489 2350 936 2419 θαυματουργίας
974 2349 1112 2415 εἶδος
1142 2355 1169 2406 6
1201 2356 1481 2427 Δεσπότης
1516 2357 1873 2424 ἐνδείκνυται,

295 2443 439 2508 μήτε
469 2441 570 2510 τῆς
603 2443 867 2511 νοσούσης
894 2444 1193 2512 ἁψάμενος,
1233 2446 1369 2514 μήτε
1420 2446 1561 2516 λόγῳ
1604 2446 1876 2516 θεραπεύ-

294 2548 397 2593 σας
432 2533 824 2600 τὴνκάκωτιν,
869 2535 1003 2587 ἀλλὰ
1035 2539 1101 2605 τῇ
1147 2537 1329 2588 πίστει
1379 2539 1764 2607 ἐπιμετρήσας
1812 2539 1873 2592 τὸ

292 2622 451 2685 ἕλεος
474 2638 492 2654 ο
521 2625 795 2695 προσῆλθε
833 2627 971 2694 μετὰ
995 2629 1254 2693 πίστεως,
1283 2631 1379 2681 καὶ
1400 2628 1501 2697 τῆς
1536 2630 1747 2689 ἐλπίδος
1773 2631 1872 2700 οὐχ

293 2714 571 2782 ἥμαρτεν.
616 2715 702 2780 Ὧς
761 2719 925 2770 καλὸν
966 2722 997 2788 ή
1054 2720 1238 2782 πίστις
1273 2722 1481 2790 ἰσχύει)
1517 2723 1870 2792 παρασκευὸμ

291 2805 466 2868 ζουσα
500 2811 561 2861 ἐν
599 2812 734 2880 ἡμῖν
768 2811 866 2883 τὴν
895 2813 1139 2866 θεόδοτον
1170 2815 1330 2885 χάριν
1359 2832 1371 2845 ·
1412 2816 1470 2869 τὸ
1493 2836 1500 2842 ·
1523 2816 1578 2868 δὲ
1629 2816 1870 2887 διψυχεϊν

290 2899 615 2968 ἐπιζήμιον.
653 2902 713 2954 Εί
741 2903 848 2973 γὰρ
873 2907 964 2956 καὶ
998 2906 1140 2974 ἱερὸν
1167 2901 1235 2976 ἦν
1270 2907 1361 2959 τοῦ
1390 2909 1662 2979 ἀχρᾶντου
1701 2910 1868 2978 χιτῶ⁹

290 3006 382 3051 νος
413 2989 476 3042 τὸ
511 2991 809 3061 ἱερώτατον
847 2997 1175 3064 κράσπεδον,
1211 2997 1286 3060 ὡς
1330 2999 1464 3052 Θεοῦ
1515 3002 1716 3071 σαρκὸς
1768 3004 1873 3071 ἐφ-

1995 523 2282 593 cjusmodi,
2318 536 2377 580 ut
2412 529 2553 583 nulla
2588 542 2774 599 posset
2799 534 3036 592 humana
3078 547 3191 590 arte
3220 537 3423 592 curari.
3458 538 3564 591 De-

1993 617 2226 683 speratis
2249 618 2416 687 igitur
2439 621 2688 690 omnibus
2714 627 2985 687 remediis.
3018 629 3246 695 sapienti
3291 630 3390 683 sibi
3434 645 3566 682 σου·

1990 705 2110 760 silio
2133 706 2367 762 consulit
2391 710 2644 765 celeriter
2674 713 2738 766 ad
2765 715 3054 776 medicum,
3081 719 3168 785 qui
3199 720 3364 787 gratis
3385 729 3561 782 curat,

1989 798 2354 870 confugiendi,
2380 803 2536 857 fidem
2562 805 2740 860 ferens
2765 808 2999 876 copiosa:
3018 810 3278 862 mercedis
3299 810 3556 878 loco(78).

1993 909 2010 942 ι
2035 891 2254 948 Dicebat
2286 897 2453 961 enim,
2480 904 2540 950 ut
2563 897 2700 951 alius
2717 899 3040 968 evangelista
3063 899 3135 953 ait
3164 917 3177 952 :
3210 919 3227 951 ι
3248 902 3380 964 Quia
3409 901 3452 954 si
3475 900 3558 954 vel

1987 985 2365 1038 vestimentum
2400 987 2516 1054 ejus
2567 991 2818 1059 tetigero,
2849 990 2994 1045 salva
3016 1006 3109 1044 ero
3141 992 3206 1044 “.
3237 1011 3254 1043 ι
3294 991 3395 1045 Sed
3430 993 3556 1061 quid

1986 1082 2088 1138 est,
2116 1076 2256 1141 quod
2303 1091 2409 1131 non
2439 1080 2635 1146 palam,
2675 1091 2728 1135 et
2755 1081 3042 1136 manifesto
3073 1081 3301 1146 aet-edit,
3335 1094 3391 1135 ut
3416 1083 3558 1138 Cha-

1984 1179 2171 1218 nanaaa
2210 1167 2274 1234 ¹²,
2316 1177 2368 1222 et
2399 1169 2591 1224 mulier
2619 1170 2705 1224 illa
2732 1173 2986 1226 inclinata
3017 1173 3103 1225 i3?
3135 1173 3376 1228 Celebris
3421 1175 3555 1237 lucc,

1984 1263 2040 1308 et
2060 1267 2184 1308 nota
2220 1259 2472 1334 omnibus
2506 1271 2644 1324 erat,
2677 1261 2794 1330 lege
2838 1271 3020 1317 autem
3053 1263 3328 1317 immunda
3366 1265 3560 1317 mulier

1985 1346 2304 1414 habebatur,
2335 1364 2453 1418 qua:
2488 1353 2768 1421 sanguinis
2811 1354 2956 1408 ﬂuxu
3007 1365 3306 1418 teneretur,
3351 1370 3449 1408 nec
3480 1357 3557 1408 fas

1983 1437 2032 1490 ei
2064 1448 2183 1491 erat
2211 1440 2501 1508 quidquam
2541 1444 2678 1497 sacri
2714 1444 3050 1513 contingere.
3101 1445 3190 1497 Ait
3238 1446 3378 1499 enim
3428 1446 3554 1499 lex:

1989 1544 2009 1578 ι
2040 1526 2251 1590 Mulier,
2289 1529 2331 1581 si
2367 1528 2494 1582 ﬂuat
2525 1531 2666 1583 ﬂuxu
2691 1533 2967 1602 sanguinis
2999 1533 3181 1600 plures
3204 1533 3339 1595 dies,
3369 1546 3555 1587 omnes

1985 1621 2102 1676 dies
2133 1620 2319 1676 ﬂuoris
2351 1625 2743 1679 immunditiam
2780 1626 2960 1679 omnis
2996 1635 3220 1694 tangens
3266 1639 3408 1690 eam,
3449 1625 3556 1676 im-

1985 1716 2218 1769 mundus
2237 1714 2337 1769 crit
2372 1716 2437 1770 ".
2463 1733 2480 1764 ι
2511 1715 2695 1784 Itaque
2725 1716 3176 1769 iucoutaminatos
3203 1714 3366 1784 pedes
3395 1714 3557 1767 attin-

1983 1821 2108 1876 gere
2136 1807 2326 1872 verita,
2365 1816 2418 1860 et
2450 1809 2608 1861 simul
2639 1815 2697 1860 ut
2728 1807 2928 1861 celaret
2970 1822 3088 1875 qua:
3120 1805 3329 1875 pudicae
3356 1804 3552 1858 mulie-

1987 1913 2074 1952 res
2105 1897 2407 1967 patefacere
2447 1899 2795 1964 erubescunt,
2849 1899 3078 1953 salutem
3129 1895 3382 1951 suﬂ'urari
3420 1910 3554 1950 con-

1985 1990 2187 2044 stituit.

2062 2107 2080 2139 ι
2121 2089 2187 2141 Εῑ
2220 2092 2481 2144 accedens
2533 2099 2679 2144 retro
2729 2089 2901 2158 tetigit
2946 2086 3211 2141 fimbriam
3247 2084 3548 2140 vestimenti

1981 2179 2130 2248 ejus;
2166 2191 2217 2235 et
2245 2181 2530 2235 confestim
2567 2181 2717 2234 stetit
2744 2179 2919 2234 ﬂuxus
2952 2178 3234 2249 sanguinis
3262 2180 3400 2246 ejus.
3436 2195 3454 2228 ι
3505 2175 3550 2229 Ο

1982 2288 2094 2327 rem
2127 2272 2542 2326 admirandam!
2598 2287 2797 2325 novum
2829 2271 3073 2324 miraculi
3109 2286 3277 2339 genus
3307 2279 3390 2324 est
3423 2269 3546 2331 hoc,

1981 2364 2118 2431 quod
2173 2364 2430 2418 Dominus
2481 2365 2733 2424 ostendit,
2787 2378 2962 2429 neque
3010 2373 3265 2431 :egrotam
3303 2372 3546 2429 tangens,

1977 2471 2152 2525 neque
2179 2457 2342 2509 verbo
2374 2457 2623 2509 morbum
2657 2455 2950 2523 expellens,
2982 2457 3077 2510 sed
3123 2453 3546 2508 misericordiam

1980 2549 2082 2600 fide
2101 2547 2412 2610 dimetiens;
2439 2546 2671 2600 accessit
2692 2561 2815 2598 cum
2851 2545 2953 2598 fide
2975 2545 3198 2608 mulier;
3223 2545 3333 2613 60
3354 2552 3407 2596 et
3426 2556 3548 2610 spes

1976 2639 2120 2692 illam
2183 2653 2280 2691 sua
2331 2635 2586 2689 frustrata
2621 2651 2727 2689 non
2761 2645 2864 2689 est.
2920 2635 3186 2700 Quantum
3226 2634 3424 2686 bonum
3467 2638 3547 2683 cst

1977 2729 2130 2789 fides,
2167 2742 2287 2796 quze
2315 2735 2607 2795 prmparat,
2642 2738 2699 2778 ut
2746 2724 2928 2778 divina
2976 2727 3148 2793 gratia
3185 2721 3238 2775 in
3289 2719 3445 2775 nobis
3476 2720 3548 2773 sit

1974 2819 2180 2881 efficax,
2218 2817 2508 2871 diﬂidentia
2551 2832 2680 2870 vero
2709 2816 2984 2869 damnosa.
3034 2813 3167 2867 Nam
3203 2821 3257 2866 et
3293 2811 3336 2866 si
3365 2810 3546 2880 puris-

1974 2912 2124 2965 sima:
2161 2913 2358 2964 tunica:
2393 2907 2734 2964 sanctissima
2767 2905 2976 2960 fimbria
3009 2919 3161 2959 sacra
3180 2913 3319 2968 erat,
3350 2912 3406 2955 ut
3427 2916 3546 2970 qua:

1976 3003 2067 3055 Dei
2103 3016 2319 3056 carucm
2347 2999 2710 3070 cautingebat,
2747 3008 2923 3052 tamen
2959 2997 3088 3050 fides
3133 2993 3376 3048 mulieris
3403 2992 3548 3046 illius

291 3083 630 3150 απτόμενον,
661 3084 776 3137 ἀλλ’
814 3088 844 3156 ἡ
876 3087 976 3156 τῆς
1007 3091 1268 3156 γυναικος
1303 3093 1482 3154 πίστις
1497 3093 1755 3162 πρόξενος
1779 3093 1872 3162 τῆς

1983 3094 2106 3146 doni
2149 3091 2485 3148 conciliatrix
2536 3090 2656 3145 fuit.
2706 3089 3026 3160 Tetigerdnt
3059 3087 3200 3141 enim
3233 3085 3428 3138 milites
3456 3099 3547 3137 ve—

290 3176 521 3245 χάριτος
551 3178 794 3245 γέγονεν.
823 3180 1076 3248 ’Ἡψαντο
1105 3183 1211 3252 γὰρ
1231 3183 1338 3234 τῶν
1379 3185 1609 3250 ἱματίων
1635 3187 1682 3237 oi
1707 3203 1873 3254 στρα-

290 3270 646 3322 τιῶταικατᾶ
659 3271 750 3323 τὸν
767 3271 860 3324 τοῦ
881 3273 1087 3336 πάθους
1109 3275 1299 3345 καιρὸν
1320 3275 1414 3327 τὸν
1434 3277 1750 3347 ίουδαῖσμδν
1773 3279 1872 3332 αὐ-

286 3363 406 3415 τῶν
437 3364 950 3432 κληροποιούμενοι,
975 3366 1091 3418 ἀλλ’
1126 3367 1224 3420 οὐκ
1251 3367 1512 3437 ὀνήσιμος
1541 3370 1574 3439 ἡ
1599 3371 1872 3441 πρόσαψις

289 3454 545 3521 γέγονεν.
587 3453 1111 3525 Ἐξεταστικώτερον
1158 3456 1214 3509 δὲ
1246 3457 1272 3508 6
1306 3457 1450 3525 ἱερὸς
1484 3459 1712 3529 Μάρκος
1768 3463 1870 3514 ὲπ-

290 3545 713 3614 εξηγησάμενος
735 3546 795 3598 τὸ
816 3545 1060 3616 διήγημα
1075 3565 1088 3578 ο
1115 3567 1132 3598 ι
1149 3547 1348 3614 Ἔγνω,
1363 3549 1515 3620 φησὶ,
1537 3551 1613 3620 τῷ
1633 3549 1866 3620 σώματι,

289 3639 371 3690 ὅτι
409 3637 534 3707 ἰάθη
565 3636 673 3689 ἀπὸ
697 3635 797 3706 τῆς
827 3638 1110 3705 μάστιγος.
1160 3656 1177 3688 ι
1204 3639 1271 3690 Τί
1314 3639 1474 3691 τοῦτο
1515 3639 1691 3708 δηλῶν
1719 3656 1733 3706 ;
1781 3642 1866 3705 Ὠς

286 3730 346 3781 αἱ
377 3729 474 3781 τοῦ
533 3727 785 3798 σώματος
844 3727 1137 3794 κακώσεις,
1175 3726 1264 3783 οἷά
1293 3747 1442 3794 τινες
1481 3730 1764 3801 μάστιγες,
1796 3732 1871 3796 ὡς

287 3821 502 3874 ἐπίπαν
527 3821 827 3888 ἐπάγονται
853 3823 974 3882 ταῖς
1014 3821 1385 3885 ἀτακτούσαις
1415 3821 1634 3894 ψυχαῖς.
1663 3824 1786 3878 Ὅτι
1813 3824 1871 3877 δὲ

287 3913 472 3966 ταῦτα
531 3911 730 3982 ἀληθῆ,
789 3914 817 3964 6
870 3911 1027 3980 λόγος
1074 3913 1238 3977 δείξει
1268 3915 1548 3984 ἀμογητί·
1573 3915 1652 3986 τῷ
1673 3933 1732 3968 τε
1763 3917 1872 3984 γὰρ

291 4006 693 4076 θεραπευθέντι
750 4006 809 4058 ὲν
857 4008 922 4076 τῇ
984 4006 1340 4076 πενταρίθμῳ
1381 4006 1474 4059 τοῦ
1522 4007 1871 4078 Σολομῶντος

291 4099 450 4168 στοᾷ,
479 4096 623 4150 οὕτω
657 4097 822 4167 φησιν
857 4097 883 4148 6
915 4097 1152 4166 Χριστός
1176 4113 1190 4127 ο
1232 4115 1250 4147 ι
1296 4097 1400 4149 Ἴδε
1427 4097 1587 4167 ὑγιὴς
1619 4099 1868 4165 γέγονας.

292 4192 500 4261 μηκέτι
531 4191 833 4261 ἁμάρτανε,
860 4189 946 4242 ἵνα
980 4190 1052 4258 μή
1075 4207 1126 4240 τι
1149 4191 1333 4259 χεῖρον
1363 4191 1443 4251 είς
1468 4189 1527 4241 σὲ
1552 4189 1802 4260 γένηται.
1845 4208 1864 4240 ι

289 4284 404 4336 Καὶ
436 4284 548 4345 τοῖς
584 4281 958 4352 κεχραμμὲνῳ
985 4281 1250 4333 συνειδότι
1281 4280 1596 4351 δεχομένοις
1627 4280 1694 4332 τὰ
1713 4280 1866 4348 ἆγια,

289 4377 461 4445 φησὶν
507 4377 536 4427 6
570 4373 895 4436 ’Λπόστολος
921 4390 934 4404 ·
979 4374 1080 4426 Διὰ
1138 4372 1296 4427 τοῦτο
1368 4375 1424 4425 ὲν
1492 4374 1623 4442 ὑμῖν
1683 4372 1869 4425 πολλοὶ

285 4468 564 4530 ἀσθενεῖς,
599 4469 692 4520 καὶ
720 4468 1014 4538 ἄρρωστοι,
1040 4467 1133 4518 καὶ
1165 4464 1468 4534 κοιμῶνται
1501 4465 1699 4518 ἱκανοί.
1734 4483 1753 4515 ι

365 4580 386 4613 ι
437 4561 548 4612 Καὶ
609 4555 1018 4628 εἴπενΊησοῦςο
1050 4558 1145 4619 Τίς
1183 4575 1285 4627 μου
1329 4559 1534 4628 ἦψατος
1567 4557 1866 4627 Ἀρνουμέ-

289 4668 400 4705 νων
430 4651 490 4704 δὲ
549 4650 787 4712 πάντων,
815 4646 971 4702 εἶπεν
993 4651 1018 4702 6
1055 4650 1300 4720 Πέτρος,
1327 4649 1424 4701 καὶ
1457 4649 1505 4700 οἱ
1538 4649 1635 4701 σὺν
1667 4647 1822 4718 αὐτῷ
1847 4664 1862 4680 ο

285 4744 616 4806 Ἐπιστάτα,
654 4743 703 4794 οἱ
736 4741 882 4811 ὄχλοι
909 4741 1194 4812 συνέχουσι
1227 4758 1307 4804 σε,
1365 4742 1457 4794 καὶ
1485 4739 1861 4803 ἀποθλίϐουσι,

287 4834 384 4886 καὶ
406 4832 620 4900 λέγεις’
657 4832 754 4892 Τίς
811 4849 913 4901 μου
943 4831 1160 4902 ἦψατος
1195 4850 1213 4882 ι
1248 4833 1363 4885 Ούκ
1417 4831 1575 4884 ἔλαθε
1601 4831 1693 4883 τὸν
1731 4847 1867 4899 καρο

281 4926 411 4986 δίας
439 4925 532 4977 καὶ
560 4923 792 4992 νεφροὺς
815 4924 1189 4993 ὲμὸατεύοντα
1214 4925 1245 4992 ἡ
1277 4925 1377 4990 τῆς
1407 4921 1666 4989 γυναικὸς
1707 4923 1867 4973 ἐπαι-

283 5017 528 5086 νουμένη
595 5015 792 5085 κλοπὴ,
844 5015 969 5068 οὗτε
1027 5015 1134 5086 μὴν
1180 5014 1448 5068 καλύπτει
1478 5013 1686 5084 ταύτην
1714 5015 1864 5084 σιγῇ.

362 5175 406 5204 "
448 5171 619 5226 Marc.
662 5188 714 5232 ν,
755 5171 845 5224 28.
924 5173 966 5202 ¹²
1007 5170 1194 5224 Matth.
1238 5186 1326 5233 xv,
1366 5169 1458 5224 2‘2.

282 5259 337 5313 τ,
381 5243 470 5296 14.
551 5243 594 5276 ¹¹¹
638 5241 657 5296 ι
695 5242 819 5295 Cor.
861 5257 939 5305 XI,
976 5241 1066 5295 50.
1111 5243 1151 5273 ¹⁷
1195 5240 1334 5294 Psal.
1380 5255 1476 5305 vu,
1521 5239 1606 5294 10.

1555 5169 1600 5201 ¹³
1642 5170 1774 5224 Luc.
1815 5186 1934 5236 xm,
1975 5170 2058 5224 il.

1974 3185 2228 3237 stimeuta
2269 3181 2480 3236 Domini
2518 3190 2758 3248 tempore
2786 3178 3084 3240 Passionis,
3134 3192 3196 3230 ea
3227 3177 3416 3230 sortito
3446 3173 3545 3228 tri-

1973 3275 2218 3339 buentes,
2249 3277 2340 3329 sed
2371 3274 2507 3328 nihil
2533 3273 2651 3328 illos
2675 3272 2814 3339 juvit
2849 3278 3131 3326 contactus
3153 3283 3361 3322 eorum.
3402 3258 3543 3320 Sad-

1973 3375 2094 3421 ctus
2157 3381 2285 3422 vero
2342 3365 2554 3421 Marcus
2623 3364 2990 3419 narrationem
3053 3362 3194 3415 hanc
3241 3360 3543 3413 accuratius

1971 3470 2281 3525 exponens:
2321 3473 2339 3506 ι
2393 3456 2594 3519 Sensit,
2649 3454 2844 3523 inquit,
2893 3466 3142 3519 corpore,
3192 3450 3314 3517 quia
3351 3457 3540 3503 sanata

1974 3558 2114 3602 esset
2148 3563 2176 3600 a
2202 3547 2353 3617 plaga
2383 3547 2466 3598 εν.
2503 3566 2522 3597 ι
2573 3545 2710 3612 Quid
2744 3547 2826 3599 bis
2861 3545 3040 3599 verbis
3070 3540 3379 3612 significat?
3419 3554 3543 3593 cor-

1976 3641 2120 3707 poris
2144 3639 2392 3692 nimirum
2420 3637 2795 3692 aﬂlictationes
2816 3645 2872 3690 et
2902 3634 3116 3689 morbos
3143 3632 3297 3701 quasi
3321 3631 3541 3685 verbera

1974 3731 2240 3801 quaedam,
2282 3739 2336 3784 et
2365 3729 2551 3800 plagas
2583 3729 2900 3797 plerumque
2943 3723 3314 3790 iutemperatis
3349 3721 3545 3775 animis

1974 3823 2162 3877 incuti.
2205 3823 2332 3876 Haec
2374 3833 2550 3876 autem
2581 3835 2709 3874 vera
2741 3833 2860 3872 esse
2893 3815 3050 3870 facile
3079 3813 3325 3868 ostendet
3370 3810 3544 3865 oratio

1973 3923 2194 3978 nostra;
2227 3929 2347 3966 nam
2375 3923 2428 3966 ct
2457 3912 2529 3965 illi
2560 3912 2648 3980 qui
2686 3911 2736 3964 in
2767 3910 3003 3978 quinque
3036 3903 3340 3960 Salomonis
3370 3901 3543 3971 porti—

1972 4006 2125 4060 cibus
2159 4013 2379 4059 curatus
2410 4013 2510 4068 est,
2544 4004 2618 4056 ita
2648 4001 2900 4056 Christus
2941 3998 3152 4067 inquit:
3191 4013 3209 4045 ι
3273 3994 3408 4047 Ecce
3455 4007 3544 4048 sa-

1971 4115 2075 4154 nus
2100 4097 2273 4152 factus
2299 4113 2378 4162 es,
2405 4099 2515 4167 jam
2569 4094 2675 4148 noli
2733 4105 2979 4161 peccare,
3038 4103 3104 4143 ne
3160 4085 3395 4140 deterius
3444 4083 3540 4138 t'rbi

1972 4190 2173 4259 aliquid
2204 4190 2478 4255 contingat
2509 4188 2573 4240 ¹³.
2605 4205 2623 4238 ι
2661 4185 2726 4239 Et
2759 4181 3052 4254 Apostolus
3085 4181 3174 4244 iis,
3205 4179 3293 4247 qui
3328 4177 3537 4244 impura

1972 4280 2300 4337 conscientia
2329 4289 2515 4334 sancta
2545 4278 2871 4333 sumebant:
2908 4291 2927 4325 ι
2995 4273 3144 4336 Ideo,
3207 4269 3398 4338 inquit,
3455 4270 3540 4321 in-

1975 4383 2056 4427 ter
2092 4388 2188 4427 vos
2231 4371 2381 4425 multi
2439 4369 2660 4435 infirmi,
2719 4377 2774 4424 et
2804 4363 3120 4421 imbecilles.
3178 4371 3232 4417 et
3265 4359 3541 4418 dormiunt

1976 4465 2125 4518 multi
2153 4465 2216 4517 ¹⁶.
2255 4483 2275 4516 ›

2050 4574 2068 4607 ι
2117 4555 2184 4610 Ει
2213 4557 2288 4610 ait
2315 4555 2492 4621 Jesus,
2520 4554 2639 4625 quis
2661 4563 2761 4620 est,
2794 4553 2886 4624 qui
2919 4568 3005 4607 me
3040 4552 3256 4624 tetigit?
3283 4549 3543 4621 Neganti-

1973 4649 2074 4705 bus
2104 4657 2282 4702 autem
2323 4650 2597 4713 omnibus,
2644 4648 2780 4702 dixit
2824 4646 3041 4713 Petrus,
3091 4655 3145 4700 et
3174 4645 3263 4716 qui
3290 4658 3408 4698 cum
3452 4641 3543 4693 illo

1973 4749 2125 4792 erant
2158 4755 2171 4792 :
2224 4737 2548 4806 Prmceptor,
2581 4740 2748 4792 turbae
2792 4747 2847 4793 te
2898 4736 3282 4806 comprimunt,
3317 4741 3370 4785 et
3403 4730 3541 4784 aﬂli-

1975 4841 2129 4900 gttnt,
2159 4837 2214 4883 et
2247 4830 2378 4884 dicis
2418 4848 2436 4883 :
2463 4828 2596 4896 Quis
2627 4844 2712 4883 me
2741 4829 2958 4897 tetigit?
2987 4846 3006 4878 ι
3048 4824 3163 4878 Νοη
3207 4823 3360 4876 latuit
3391 4836 3535 4884 eum,

1973 4921 2066 4988 qui
2094 4916 2258 4974 corda
2295 4927 2348 4972 et
2375 4933 2531 4972 renes
2561 4925 2837 4972 scrutatur
2873 4917 2940 4979 ",
2977 4911 3250 4968 laudabile
3299 4909 3541 4963 mulieris

1977 5012 2202 5078 furtum,
2255 5026 2430 5080 neque
2485 5021 2663 5063 tamen
2698 5009 2749 5062 id
2789 5005 3004 5061 silentio
3053 5004 3214 5058 celat.
3271 5000 3409 5070 Quid
3457 5009 3541 5054 est

2139 5169 2181 5199 “
2222 5168 2390 5222 Levit.
2435 5181 2525 5231 xv,
2564 5166 2654 5218 ‘25.
2733 5163 2798 5194 ¹⁸⁴
2839 5161 3003 5216 Marc.
3040 5177 3090 5225 γ,
3131 5160 3222 5214 29.
3304 5161 3347 5192 ¹⁸
3379 5158 3534 5213 Joan.

1516 5358 1834 5420 Francisci
1873 5355 2083 5419 Scorsi
2127 5365 2313 5418 notae.

356 5456 474 5527 (78)
517 5456 756 5524 Capiosw
781 5461 1029 5513 mercedis
1078 5461 1212 5515 loco.
1261 5461 1325 5515 Et.
1383 5462 1496 5515 ltazc
1550 5462 1714 5516 etiam
1766 5462 1852 5530 pia

281 5543 442 5598 a‘qtte
499 5543 564 5581 ac
596 5542 815 5583 venusta
858 5532 1122 5584 sententia
1175 5547 1284 5584 una
1331 5531 1585 5591 litterula,
1643 5532 1849 5584 librarii

283 5599 459 5652 credo
505 5598 715 5651 inscitia
752 5601 950 5652 inserta
1002 5600 1302 5655 deformata
1343 5611 1481 5654 erat.
1531 5600 1668 5666 Quid
1703 5603 1847 5654 enim

282 5670 392 5723 sibi
415 5667 620 5740 ΔΥοΙιιιιι
664 5670 774 5740 litt'c
814 5669 888 5733 ὡς
929 5670 1137 5740 ἀνδρῶν
1172 5671 1314 5737 μάλα
1349 5669 1538 5740 μισθδν
1575 5673 1674 5736 τὴν
1708 5672 1848 5722 πίων

285 5737 620 5808 κομίζουσα,
644 5737 798 5804 [idem
830 5741 998 5805 ferens
1028 5736 1096 5792 ἰιι
1120 5736 1340 5808 pretium
1368 5736 1635 5792 hominum
1671 5740 1841 5796 valde.

1962 5459 2271 5538 Legendum
2306 5459 2485 5538 itaque
2532 5440 2713 5527 ἀνδροὶ
2747 5472 2842 5536 pro
2875 5456 3088 5538 ἀνδρῶν
3109 5471 3184 5538 fx
3218 5453 3340 5507 cod.
3373 5453 3440 5509 Ο.
3474 5464 3530 5508 ct

1967 5523 2184 5596 quidem
2211 5529 2271 5580 τὸ
2297 5527 2441 5596 μάλα
2465 5538 2612 5581 recte
2632 5523 2938 5597 appositum
2965 5523 3227 5597 eodem
3249 5538 3529 5593 perperam

1963 5599 2040 5650 τῶ
2063 5599 2297 5667 ἀνδρῶν.
2325 5597 2604 5650 Sententia
2635 5596 2758 5652 vero
2777 5597 3015 5652 auctoris
3049 5596 3098 5647 id
3130 5605 3312 5660 aperte
3341 5604 3523 5663 postu-

1961 5667 2053 5734 lat,
2081 5670 2223 5737 quud
2256 5667 2542 5722 edidimus.
