3990 6202
459 285 565 346 28Ἰ

466 485 685 538 tacitam
742 494 923 536 secum
960 478 1247 545 haberent,
1283 490 1337 537 et
1373 482 1574 537 nemini
1629 482 1892 552 dicerent,
1953 484 2040 540 hic

467 586 643 629 autem
674 586 785 626 rem
818 579 1023 639 gestam
1056 571 1312 639 praedicat
1338 571 1617 642 gloriose?
1647 572 1880 631 Maxime
1908 591 2039 632 con-

466 664 743 717 venienter
773 660 826 715 id
854 660 1017 728 facit;
1049 662 1209 717 simul
1238 663 1381 718 enim
1406 665 1637 721 ostendit
1663 668 1894 737 mulieri,
1917 685 2036 727 eam

467 767 570 806 non
610 750 779 805 fuisse
806 751 1077 805 occultam
1112 752 1209 813 illi,
1250 768 1279 806 a
1315 770 1422 824 quo
1449 756 1677 811 salutem
1707 770 2038 828 acceperat:

462 852 511 896 et
529 841 688 896 simul
710 842 1004 897 ferventem
1029 842 1172 897 illius
1193 843 1349 899 fidem
1374 847 1439 901 iis
1463 847 1628 917 quise
1652 850 2036 920 sequebantur,

463 932 635 999 palam
669 930 816 987 facit.
851 932 1047 987 Verum
1093 936 1373 990 considera
1419 937 1551 991 mihi
1601 940 1895 1009 discipulos
1940 943 2040 994 int-

468 1021 762 1091 perfectos.
795 1021 889 1076 Ille
913 1023 1055 1078 enim
1092 1024 1480 1097 interrogabat,
1505 1029 1756 1099 quisnam
1789 1032 2040 1097 accessit,

461 1119 516 1165 et
545 1127 632 1167 me
668 1113 846 1182 tetigit
874 1114 1021 1168 llde?
1069 1114 1125 1169 hi
1176 1130 1307 1170 vero
1334 1126 1533 1172 tactum
1568 1120 1818 1177 sensilem
1852 1123 2036 1191 suspi-

465 1204 753 1259 cabantur.
776 1203 916 1270 Quid
944 1219 1072 1259 vero
1096 1216 1200 1271 est,
1228 1208 1367 1276 quod
1399 1208 1468 1261 ait
1497 1224 1513 1263 :
1560 1228 1579 1261 ‹
1614 1210 1752 1264 Novi
1785 1212 2036 1266 virtutem

465 1296 533 1348 de
568 1309 652 1348 me
683 1296 924 1351 exiisse?
971 1316 989 1349 ι
1027 1297 1169 1352 Num
1200 1315 1305 1368 qua
1356 1300 1641 1355 diminutio
1706 1302 1866 1357 fiebat
1902 1304 2038 1374 ejus

466 1386 683 1440 virtutis
729 1386 1027 1457 dispertitae
1070 1390 1122 1443 in
1158 1404 1253 1445 eos
1283 1391 1373 1460 qui
1400 1392 1735 1448 sanaliantur
1760 1396 1783 1448 ?
1812 1396 2032 1466 Apage!

466 1475 921 1543 quemadmodum
959 1483 1101 1534 enim
1139 1481 1270 1535 licet
1317 1498 1380 1538 ex
1433 1499 1536 1538 una
1591 1485 1706 1540 face
1753 1500 2037 1543 Sexcentas

470 1563 605 1618 alias
634 1568 922 1634 accendas,
978 1571 1252 1636 impertito
1288 1575 1539 1630 onmibus
1575 1575 1799 1643 lumine,
1857 1589 2038 1633 manet

464 1654 558 1710 illa
588 1656 904 1725 imminuta;
932 1660 1004 1714 ita
1047 1661 1365 1718 indeliciens
1402 1666 1493 1721 Dei
1545 1667 1737 1733 virtus,
1785 1684 1906 1723 cum
1941 1670 2039 1724 do-

463 1764 592 1804 num
625 1750 950 1808 valetudinis
978 1757 1229 1810 omnibus
1266 1758 1578 1828 largiretur,
1625 1761 1834 1830 integra
1864 1777 2039 1817 rema-
2069 1726 2115 1787 Β

463 1837 655 1904 nebat;
718 1840 802 1895 vel
840 1841 885 1895 si
920 1845 1110 1909 mavis,
1150 1855 1208 1900 ut
1253 1848 1493 1903 scientiae
1540 1865 1663 1903 cum
1718 1850 1783 1905 iis
1813 1852 1905 1921 qui
1941 1856 2040 1907 do-

465 1936 661 1982 centur
712 1934 1143 2004 communicata),
1177 1942 1316 2006 apud
1348 1940 1598 1995 doctores
1629 1942 1771 2011 ipsos
1818 1944 2041 2013 integrae

464 2030 819 2086 permanent,
857 2022 962 2093 ει
998 2025 1069 2079 ita
1105 2026 1280 2081 divina
1307 2030 1478 2096 gratia
1510 2029 1797 2084 distributa
1833 2033 1898 2087 iis
1946 2033 2039 2103 qui

465 2105 612 2162 illam
639 2109 933 2178 accipiunt,
964 2113 1098 2168 nihil
1128 2130 1349 2184 prorsus
1379 2119 1582 2188 patitur
1610 2119 1944 2177 detrimenti.

544 2318 564 2352 ι
612 2299 817 2359 Videas
844 2316 1024 2360 autem
1072 2305 1262 2363 mulier
1293 2309 1419 2379 quia
1452 2324 1557 2365 non
1588 2312 1763 2378 latuit,
1802 2320 2041 2370 tremens

467 2394 636 2461 venit,
670 2404 725 2450 et
754 2398 981 2464 procidit
1007 2408 1131 2453 ante
1158 2403 1319 2468 pedes
1341 2400 1497 2468 ejus;
1541 2411 1595 2456 ct
1621 2403 1691 2458 ob
1716 2418 1876 2473 quam
1922 2420 2045 2458 can-

469 2498 585 2538 sam
620 2486 855 2556 tetigerit
890 2505 1036 2554 eum,
1093 2490 1349 2545 iudieavit
1400 2509 1581 2547 coram
1622 2497 1769 2551 omni
1825 2499 2040 2567 pupula,

472 2582 529 2629 et
560 2577 1011 2645 quemadmodum
1043 2580 1327 2637 confestim
1367 2597 1557 2638 sanata
1590 2596 1693 2642 est.
1726 2608 1746 2636 ι
1781 2589 1875 2644 Illa
1910 2606 2041 2646 sane

474 2667 682 2733 mulier,
720 2669 910 2740 inquit,
943 2676 1225 2740 exterrita,
1276 2686 1327 2729 et
1362 2676 1579 2742 timens,
1621 2694 1688 2734 ne
1739 2680 1880 2735 forte
1933 2698 2038 2737 non

472 2769 621 2814 recte
650 2760 754 2816 hoc
789 2761 992 2817 furtum
1040 2765 1143 2819 silli
1174 2768 1511 2834 procederet,
1561 2771 1626 2823 ad
1674 2771 1792 2841 ejus
1842 2774 2043 2829 accidit

472 2849 655 2916 pedes,
692 2859 746 2904 et
785 2851 1086 2921 profitetur,
1118 2856 1258 2920 quod
1289 2865 1407 2908 erat
1436 2858 1742 2911 occultum:
1792 2858 2043 2916 Christus

475 2951 603 2992 vero
632 2939 867 2993 dilaudat
896 2942 1041 2996 illius
1066 2944 1225 2998 fidem
1252 2961 1267 3011 ;
1301 2956 1354 2998 et
1384 2947 1546 3001 filiani
1580 2948 1722 3003 illam
1757 2967 1851 3019 per
1882 2952 2039 3007 fidem

1032 342 1043 345 _
1657 284 2152 346 THEOPHANIS
2190 286 2525 348 CERAMEI

463 407 593 447 vero
639 391 804 463 quod,
851 402 974 445 cum
1011 399 1232 444 sanaret
1277 388 1432 456 alios,
1473 389 1778 462 imperabat
1828 402 1888 447 ut
1918 407 2030 448 rem

2148 394 2261 458 Πῶς
2278 393 2371 448 οὖν
2397 394 2594 459 ἄλλους
2618 395 2719 466 μὲν
2734 394 3055 466 θεραπεύων
3080 394 3374 466 έχεμυθείν
3390 394 3717 466 ἀπέστελλε,

3612 285 3717 350 288

2142 486 2239 540 καὶ
2258 487 2460 557 ἥκιστα
2491 488 2671 556 λέγειν
2700 488 2831 552 τινὶ,
2879 487 3114 542 ἐνταῦθα
3151 487 3209 541 δὲ
3259 487 3356 542 καὶ
3390 486 3718 559 θριαμϐεύει

2140 579 2200 634 τὸ
2230 580 2494 649 γεγονός;
2527 581 2663 634 Λίαν
2724 582 3116 651 προσηκόντως
3174 580 3334 636 τοῦτο
3367 584 3556 635 ποιεῖ’
3582 581 3717 649 ὁμοῦ

2139 689 2198 726 τε
2240 673 2349 742 γάρ
2406 672 2645 727 δείκνυσι
2675 675 2740 744 τῇ
2772 674 2996 741 γυναικὶ
3053 673 3131 737 ὡς
3171 674 3274 727 οὐκ
3300 672 3460 728 ἔλαθε
3491 672 3586 726 τὸν
3618 673 3719 742 τὴν

2143 768 2286 823 ἴασιν
2317 768 2717 838 παρεχόμενον,
2757 768 2852 823 καὶ
2883 767 3000 837 ἅμα
3033 770 3147 830 τοῖς
3172 767 3463 837 ἑπομένοις
3492 769 3721 834 φανεροί

2140 857 2237 927 τῆς
2270 856 2505 920 πίστεως
2557 856 2726 926 αὐτῆς
2769 856 2831 909 τδ
2860 856 3144 927 διάπυρον.
3169 856 3335 910 ’Δλλά
3382 872 3472 924 μοι
3525 856 3720 907 σκόπει

2140 946 2201 1001 τὸ
2226 946 2331 1001 τῶν
2392 946 2651 1018 μαθητῶν
2677 947 2885 1008 ἀτελές.
2930 947 2989 1000 '0
3018 947 3119 1016 μὲν
3154 945 3264 1017 γάρ
3298 945 3517 1016 ,ῆρετος
3553 944 3656 1007 Τίς
3693 944 3722 994 ὁ

2141 1038 2535 1108 προσεγγίσας,
2586 1038 2682 1091 καὶ
2735 1038 3014 1108 ἁψάμενός
3060 1053 3165 1107 μου
3206 1038 3274 1106 τῇ
3317 1035 3543 1099 πίστεις
3579 1035 3635 1085 oi
3666 1032 3722 1086 δὲ

2139 1129 2237 1201 τὴν
2263 1129 2384 1184 κατ’
2412 1129 2666 1199 αἴσθησιν
2696 1128 2837 1199 ἁφὴν
2872 1126 3240 1188 ὐπετόπαζον.
3270 1126 3337 1180 Τί
3363 1124 3424 1179 δέ
3457 1126 3576 1179 ἐστι
3610 1123 3678 1177 τό
3704 1139 3721 1154 ο

2143 1223 2357 1290 Ἔγνων
2386 1222 2486 1291 τὴν
2537 1220 2769 1290 δύναμιν
2822 1217 3146 1283 ἐξελθοῦσαν
3184 1216 3282 1270 ἀπ’
3326 1215 3504 1285 ἐμοῦς
3551 1216 3724 1285 μήτις

2140 1312 2442 1376 ἐλάττωσις
2473 1313 2528 1363 ἐν
2553 1313 2666 1376 τοῖς
2725 1310 3194 1380 θεραπευομένοις
3236 1308 3458 1376 ἐγένετο
3497 1306 3724 1363 σκιδνα-

2143 1402 2314 1473 μένης
2346 1400 2512 1456 αὐτοῦ
2548 1401 2648 1468 τῆς
2693 1400 3011 1470 δυνάμεωςς
3049 1401 3308 1467 ’Λπαγεί
3354 1397 3549 1468 ὥσπερ
3612 1397 3726 1467 γὰρ

2139 1494 2246 1548 ἀπὸ
2279 1496 2408 1564 μιᾶς
2429 1493 2733 1562 λαμπάδος,
2760 1493 2865 1546 κᾶν
2890 1492 3089 1562 μυρίας
3112 1491 3279 1554 ἄλλας
3304 1489 3553 1560 ὑφάψῃς,
3578 1488 3722 1551 uici)

2137 1603 2196 1638 τε
2234 1585 2382 1657 μένει
2410 1584 2720 1653 ὁλόκληρος,
2747 1583 2839 1636 καὶ
2872 1583 3075 1645 πάσαις
3097 1581 3192 1636 τοῦ
3223 1579 3512 1651 φωτισμοῦ
3550 1596 3722 1649 μετα-

2139 1676 2354 1730 δίδωσιν
2375 1693 2391 1709 ο
2428 1675 2598 1738 οὕτως
2628 1676 2661 1746 ἡ
2693 1674 2788 1727 τοῦ
2820 1672 2954 1727 Θεοῦ
3000 1672 3284 1743 ἀκάματος
3320 1670 3553 1740 δύναμις
3583 1670 3723 1722 πᾶσι

2145 1767 2457 1837 χορηγοῦσα
2483 1767 2593 1819 τῶν
2623 1767 2870 1834 ἰαμάτων
2912 1766 3011 1837 τὴν
3052 1764 3246 1835 χάριν,
3270 1762 3575 1831 ὁλόκληρος
3631 1755 3723 1830 ἦν.

2143 1860 2285 1913 Είδὲ
2321 1858 2522 1931 βούλει,
2558 1858 2747 1926 ὥσπερ
2805 1858 2861 1910 αἱ
2924 1858 3231 1925 ἐπιστῆμαι
3292 1854 3407 1916 τοῖς
3466 1851 3728 1904 διδασκο-

2148 1951 2331 2020 μένοις
2363 1948 2778 2019 μεταδιδόμεναι
2820 1947 2975 2016 παρὰ
3024 1947 3138 2008 τοῖς
3194 1943 3539 2006 διδασκάλοις
3601 1942 3730 1995 ὁλό-

2143 2042 2333 2113 κληροι
2384 2041 2659 2109 μένουσιν,
2713 2038 2883 2102 οὕτως
2939 2038 2971 2107 ἠ
3005 2036 3097 2090 τοῦ
3133 2034 3273 2089 Θεοῦ
3298 2035 3463 2105 χάρις
3496 2033 3729 2103 μεριζοο

2145 2133 2284 2203 μένη
2332 2132 2446 2193 τοῖς
2514 2129 2852 2200 δεχομένοις,
2920 2126 3028 2180 οὐδ’
3084 2125 3373 2197 ἡντιναοῦν
3418 2124 3727 2193 ὑφίσταται

2145 2224 2394 2296 μείωσιν.

2217 2335 2235 2365 ι
2258 2313 2461 2368 Ἰδοῦσα
2483 2314 2541 2368 δὲ
2574 2316 2607 2384 ἡ
2635 2314 2794 2383 γυνὴ,
2826 2313 2906 2366 ὅτι
2926 2313 3025 2366 οὐκ
3054 2310 3234 2376 ἔλαθε,
3259 2310 3541 2381 τρέμουσα
3560 2304 3726 2380 ἦλθε,

2142 2410 2236 2462 καὶ
2271 2407 2655 2476 προσπεσοῦσα
2711 2405 2879 2474 αὐτῷ,
2919 2404 2987 2456 δι’
3010 2404 3075 2475 ἣν
3103 2402 3282 2455 αἰτίαν
3321 2400 3500 2473 ἥψατο
3527 2399 3724 2461 αὐτοῦ,

2144 2498 2483 2569 ἀπήγγειλεν
2535 2497 2766 2548 ἐνώπιον
2793 2492 2995 2555 παντὸς
3026 2491 3121 2545 τοῦ
3167 2492 3323 2556 λαοῦ,
3356 2493 3446 2546 καὶ
3478 2492 3559 2553 ὡς
3593 2491 3727 2560 ίὰθη

2144 2588 2512 2662 παραχρῆμα.
2567 2607 2586 2638 ι
2638 2584 2701 2640 Ἦ
2763 2587 2862 2655 μὲν
2919 2581 3035 2646 οῦν,
3072 2584 3228 2654 φησὶ,
3267 2584 3405 2652 γυνὴ
3436 2582 3727 2646 δειλιῶσα,

2144 2681 2237 2733 καὶ
2263 2679 2566 2749 τρέμουσα,
2606 2678 2679 2747 μή
2714 2694 2830 2739 πως
2868 2676 2968 2729 οὐκ
2997 2678 3078 2738 εἰς
3116 2674 3282 2727 καλὸν
3309 2675 3342 2744 ἡ
3373 2673 3550 2742 κλοπὴ
3577 2672 3729 2738 αὕτη

2143 2772 2356 2841 γέγονε,
2392 2769 2782 2840 προσπεσοῦσα
2835 2769 3092 2839 ὁμολογεί
3140 2767 3200 2819 τὸ
3229 2766 3577 2836 ἀπόρρητον*
3613 2765 3645 2815 ὁ
3670 2763 3730 2815 δὲ

2144 2863 2238 2917 καὶ
2263 2863 2360 2932 τὴν
2402 2862 2584 2914 πίστιν
2627 2861 2799 2928 αὐτῆς
2852 2861 3088 2925 ἐπαινεῖ,
3119 2858 3214 2911 καὶ
3258 2855 3534 2927 θυγατέρα
3563 2855 3728 2908 καὶεί

2143 2952 2515 3006 οίκειωθεῖσαν
2578 2949 2669 3004 διὰ
2696 2950 2797 3018 τῆς
2847 2952 3103 3012 πίστεως.
3146 2949 3233 3013 Ὦς
3269 2949 3517 3019 μακαρία
3549 2946 3653 3017 μὲν
3690 2947 3723 3016 ἡ

473 3026 781 3094 adoptatam
815 3028 1067 3097 appellat.
1098 3031 1267 3097 Quam
1314 3033 1470 3088 beata
1505 3035 1733 3093 celebris
1770 3036 1887 3095 hrec
1922 3056 2039 3094 mu-

2148 3043 2379 3113 άοίδιμος
2409 3043 2546 3113 αῦτη
2580 3043 2739 3112 γυνὴ,
2775 3041 2869 3094 καὶ
2895 3041 2995 3111 τῆς
3026 3040 3212 3110 ὑγείας
3240 3040 3443 3110 ἀμοχθὶ
3474 3039 3729 3092 ἀπολαύο

477 3112 597 3178 lier,
631 3131 751 3184 qua:
780 3126 834 3171 et
860 3119 1241 3177 valetmlimem
1285 3123 1420 3177 citra
1453 3124 1692 3181 laborem
1718 3129 2039 3200 obtinuerit,

475 3211 531 3259 et
566 3205 630 3258 ad
665 3204 756 3260 Dei
786 3208 1145 3277 cognitionem
1178 3213 1413 3268 admissa
1465 3216 1646 3282 fuerit,
1674 3219 1876 3290 quippe
1917 3238 2038 3276 cum

475 3299 601 3351 Jesu
634 3297 739 3351 lilia
775 3309 959 3354 vocata
986 3302 1094 3355 sit!
1134 3302 1279 3358 Felix
1313 3320 1441 3361 vero
1490 3308 1651 3362 etiam
1699 3313 1875 3364 anima
1930 3313 2041 3382 illa,

478 3404 597 3457 qua:
624 3387 803 3443 Jesum
841 3400 897 3445 ut
941 3391 1053 3448 lucc
1093 3396 1287 3449 mulier
1336 3412 1473 3467 pone
1519 3402 1781 3472 sequitur,
1829 3412 1883 3458 et
1926 3405 2044 3473 eius

480 3480 729 3533 laciniam
766 3483 966 3552 tangit;
1021 3485 1217 3554 quippe
1248 3501 1369 3540 cum
1405 3490 1502 3543 hac
1535 3490 1761 3545 historia
1799 3508 1896 3547 nos
1943 3499 2040 3548 do-

480 3583 601 3627 ceat
631 3570 885 3645 Spiritus,
918 3579 1079 3647 quod,
1112 3593 1311 3648 quanto
1341 3584 1459 3650 quis
1486 3586 1756 3641 Christum
1794 3606 1887 3658 per
1920 3590 2045 3645 imi-

483 3663 759 3728 tationem,
791 3670 964 3736 quoad
998 3670 1203 3725 homini
1236 3675 1419 3728 datum
1451 3687 1557 3741 est,
1590 3677 1751 3732 fuerit
1783 3695 2045 3735 consecu-

482 3764 587 3819 tus,
627 3764 678 3810 et
715 3772 813 3827 per
844 3758 1094 3815 virtutem
1145 3765 1364 3834 propius
1413 3766 1479 3821 ad
1527 3765 1695 3822 Deum
1729 3773 2044 3838 accesserit,

485 3845 748 3900 tlnlbriam
794 3848 970 3904 adhuc
1007 3851 1271 3908 duntaxat
1305 3856 1498 3925 tetigit,
1546 3872 1610 3911 eo
1660 3859 1802 3922 quod
1840 3860 2043 3916 nullum

481 3933 678 3990 habeat
708 3937 871 3994 fixum
915 3941 1133 3996 modum
1173 3958 1238 3997 ae
1270 3946 1558 4001 terminum
1598 3946 1711 4019 (79)
1744 3950 1937 4005 virtus.

552 4043 576 4079 ι
620 4027 809 4083 Adhuc
837 4029 929 4085 illo
975 4030 1247 4103 loquente,
1297 4037 1445 4091 venit
1474 4038 1689 4107 quidam
1735 4041 1801 4095 ad
1851 4042 2050 4110 princi-

479 4133 598 4184 pem
630 4133 915 4190 synagoga!
944 4122 1132 4179 dicens
1168 4125 1244 4192 ei,
1277 4128 1401 4196 quia
1431 4139 1639 4185 mortua
1665 4140 1748 4186 est
1778 4131 1883 4187 filia
1920 4143 2043 4190 tua:

482 4208 592 4261 nuli
624 4224 819 4265 vexare
848 4211 1023 4269 illum.
1059 4232 1079 4266 ›
1125 4214 1259 4271 Cum
1303 4226 1512 4273 tantum
1567 4219 1619 4274 in
1657 4221 1850 4275 itinere
1885 4238 2048 4278 morae

481 4300 792 4366 traxissent,
824 4319 967 4359 mors
999 4307 1395 4363 adolescentula
1430 4311 1597 4380 potita
1642 4323 1745 4379 est,
1779 4323 2071 4383 etrenuna

2145 3152 2307 3197 σασα,
2338 3137 2431 3188 καὶ
2463 3136 2541 3196 είς
2594 3134 2694 3201 τὴν
2724 3132 2813 3185 τοῦ
2845 3130 2981 3185 Θεοῦ
3014 3132 3329 3202 είσαχθεῖσα
3364 3130 3728 3203 συγγένειαν,

2142 3227 2217 3290 ὡς
2247 3225 2493 3296 θυγάτηρ
2524 3224 2784 3296 κληθεῖσα
2814 3222 2909 3277 τοῦ
2952 3222 3155 3296 Ἰησοῦ.
3190 3222 3457 3292 Μακαρία
3480 3221 3539 3275 δὲ
3567 3223 3670 3275 καὶ
3696 3224 3727 3291 ἡ

2143 3316 2264 3371 κατ’
2315 3316 2529 3385 ἐκείνην
2584 3313 2752 3388 ψυχὴ,
2783 3316 2816 3387 ἡ
2844 3315 3069 3369 ὄπισθεν
3119 3315 3365 3385 ἑπομένη
3395 3312 3473 3384 τῷ
3510 3312 3725 3383 Ἰησοῦ.

2144 3413 2239 3464 καὶ
2272 3410 2554 3477 ἁπτομένη
2608 3408 2701 3461 τοῦ
2755 3408 3068 3478 κρασπέδου
3129 3406 3321 3471 αὑτοῦ,
3371 3406 3727 3472 διδάσκοντος

2142 3501 2231 3554 διὰ
2261 3500 2357 3569 τῆς
2401 3498 2642 3569 ἱστορίας
2675 3498 2768 3551 τοῦ
2801 3498 3141 3569 Πνεύματος,
3169 3498 3245 3560 ὼς
3272 3498 3396 3551 ὅσον
3426 3514 3513 3559 τις
3543 3498 3731 3551 ὀπίσω

2146 3589 2352 3662 βαδίσει
2395 3588 2633 3660 Χριστοῦ
2662 3589 2753 3645 διὰ
2776 3588 2895 3660 τῆς,
2929 3587 3006 3652 ὡς
3037 3587 3263 3658 ἐφικτὸν
3293 3588 3592 3658 ἀνθρώπῳ,
3633 3607 3729 3657 μι-

2150 3682 2388 3753 μήσεως.
2439 3681 2531 3733 καὶ
2588 3679 2654 3733 δι’
2706 3681 2908 3751 ἀρετῆς
2943 3680 3301 3751 προσεγγίσει
3345 3679 3486 3748 Θεῷ,
3515 3680 3598 3731 ἔτι
3625 3679 3727 3733 τοῦ

2149 3771 2454 3840 κρασπέδου
2486 3771 2647 3841 μόνον
2695 3768 2966 3841 ἐφήψατο,
2999 3768 3087 3825 διὰ
3120 3769 3179 3823 τὸ
3212 3767 3439 3839 ἄπειρον
3462 3770 3564 3840 τῆς
3590 3769 3727 3841 ἀρε-

2146 3863 2246 3935 τῆς
2276 3866 2372 3917 καὶ
2400 3863 2676 3935 ἀόριστον.

2223 4056 2242 4089 ι
2282 4038 2404 4092 Ἔτι
2446 4037 2612 4091 αὐτοῦ
2661 4037 2977 4104 λαλοῦντος,
3038 4036 3258 4110 ἔρχεταί
3305 4054 3393 4101 τις
3440 4036 3596 4109 παρά
3624 4035 3727 4091 τοῦ

2146 4128 2595 4200 ἀρχισυναγώγου
2621 4128 2795 4198 λέγων
2819 4129 2990 4201 αὐτῷ,
3027 4131 3108 4183 δτι
3126 4129 3390 4201 τέθνηκεν
3410 4131 3444 4201 ἡ
3471 4129 3729 4201 θυγάτηρ

2150 4241 2268 4286 σου,
2304 4222 2379 4295 μὴ
2421 4222 2619 4275 σκύλλε
2664 4221 2760 4274 τὸν
2804 4221 3146 4278 διδάσκαλον.
3192 4240 3211 4273 ι
3247 4221 3534 4292 Τοσαύτης
3560 4238 3729 4290 γεγο-

2148 4313 2302 4377 νυίας
2341 4313 2481 4367 κατά
2517 4314 2616 4382 τὴν
2642 4312 2951 4383 ὁδοιπορίαν
2979 4313 3194 4384 τριϐῆς,
3222 4315 3249 4367 ό
3273 4312 3502 4376 θάνατος
3546 4313 3726 4383 ὑπερ-

483 4393 648 4446 tiatur
679 4397 815 4463 patri
848 4399 1058 4466 puellm,
1086 4416 1155 4455 ne
1190 4402 1434 4457 inutilem
1463 4405 1778 4475 praeceptori
1802 4406 2044 4461 laborem

2156 4405 2331 4475 ισχὺει
2376 4405 2477 4475 τῆς
2535 4380 2952 4476 μέίρακοςίκαὶ
3007 4380 3411 4472 ῦπαγγέλλεται
3445 4404 3522 4475 τῷ
3554 4380 3730 4471 πατρὶ

482 4485 765 4554 exhibeat;
799 4490 1181 4547 existimabant
1209 4494 1351 4547 enim
1380 4496 1635 4551 virtutem
1680 4497 1788 4552 illis
1827 4507 2050 4554 eatenus

480 4574 747 4632 efficacem
778 4594 917 4647 esse,
944 4581 1117 4650 quoad
1143 4585 1320 4638 anima
1357 4599 1479 4640 cum
1513 4602 1738 4657 corpore
1760 4587 2047 4657 conjuncta

479 4682 643 4725 esset.
676 4670 788 4729 lloc
818 4672 993 4745 ipsum
1019 4681 1074 4729 et
1101 4671 1310 4730 Martha
1337 4676 1540 4734 sentire
1565 4678 1679 4734 visa
1700 4695 1768 4736 ex
1796 4680 1905 4735 illis
1929 4695 2049 4736 vcr-

2153 4499 2252 4567 τῆς
2286 4496 2473 4561 παιδὸς
2509 4497 2586 4568 μὴ
2624 4499 2928 4567 παρασχεῖν
2947 4496 3027 4567 τῷ
3068 4496 3373 4565 διδασκάλῳ
3402 4496 3571 4549 κόπον
3598 4496 3731 4549 ἀνό-

2153 4603 2348 4656 νητοψ
2378 4586 2549 4658 ᾤοντο
2579 4587 2688 4657 γάρ
2724 4587 2887 4658 μέχρι
2916 4587 3038 4640 τότε
3068 4582 3208 4641 εἶναι
3240 4588 3340 4658 τὴν
3376 4587 3526 4657 ίσχὺν
3555 4585 3727 4639 αὑτοῦ

2150 4679 2395 4753 ἐνεργὸν,
2423 4680 2529 4745 ἓως
2559 4681 2593 4751 ἡ
2624 4678 2775 4751 ψυχὴ
2795 4679 2872 4752 τῷ
2905 4681 3118 4750 σώματι
3155 4678 3391 4733 σύνεστι.
3425 4677 3593 4732 Ταυτὶ
3627 4677 3730 4731 καὶ

1705 4826 2026 4889 Francisci
2064 4825 2275 4889 Seorsi
2307 4831 2494 4888 notua.

553 4919 667 4988 (79)
699 4920 892 4975 Fixum
932 4923 1145 4977 modum
1177 4940 1241 4978 ac
1260 4925 1560 4979 terminum.
1597 4925 1673 4980 Ex
1696 4925 2051 4981 celeberrima

483 4990 876 5065 verissimaque
910 5003 1220 5065 sanctorum
1255 4996 1494 5049 omnium
1530 5011 1659 5050 voce
1689 5011 1903 5065 semper
1931 5010 2052 5051 esse

486 5059 541 5113 in
572 5059 1224 5134 virtute’prollciendum,
1272 5079 1337 5134 ac
1395 5059 1821 5134 procedendum,
1868 5065 2049 5134 consi-

489 5126 740 5184 stendum
770 5126 1063 5205 nunquam.
1090 5132 1164 5186 lta
1200 5126 1257 5187 S.
1293 5126 1561 5205 Max-imus
1583 5149 1691 5205 quo
1727 5126 1909 5205 noster
1937 5133 2051 5205 freg

490 5207 718 5271 quenter
758 5200 943 5271 utitur,
972 5212 1131 5271 cent.
1166 5218 1248 5265 tu,
1300 5200 1616 5264 ΟΕι-οιιοιιιξ
1644 5218 1759 5271 cap.
1794 5203 1861 5257 i5
1896 5220 1909 5257 :
1944 5202 2049 5268 Qui

488 5269 709 5342 uirtutis
728 5268 939 5322 modum
964 5270 1225 5342 inﬁnitum
1251 5276 1534 5342 cognoscit,
1570 5268 1835 5341 nunquam
1862 5288 2049 5342 secun-

487 5340 612 5392 dum
649 5339 798 5391 illum
832 5354 1041 5391 currere
1085 5339 1397 5396 desinitXEt
1426 5358 1490 5395 ex
1523 5339 1767 5396 tlurtriua
1805 5342 1871 5399 S.
1901 5341 2048 5396 Tho-

488 5424 610 5473 mze,
636 5408 672 5462 2
703 5407 755 5469 2,
773 5407 1074 5477 qumstﬂi,
1098 5412 1269 5475 art.2,
1288 5423 1343 5467 et
1362 5411 1729 5480 theologorum
1754 5412 1843 5480 qni
1860 5412 2052 5466 docent

488 5480 830 5541 cltaritatem,
881 5486 935 5531 et
997 5492 1121 5531 cum
1162 5493 1222 5531 ea
1266 5496 1455 5536 omnes
1514 5480 1649 5535 alias
1704 5483 1935 5535 virtutes
1993 5482 2049 5535 in

491 5547 756 5619 infinitum
812 5562 970 5619 posse
1004 5562 1242 5619 semper
1288 5552 1502 5619 augeri;
1539 5554 1630 5605 sed
1675 5551 1817 5615 vide,
1864 5551 2048 5618 sodes,

488 5617 797 5688 Cornelium
824 5631 852 5669 a
886 5617 1087 5687 Lapide
1110 5617 1299 5688 societ.
1338 5617 1536 5675 nostra:
1569 5619 1832 5688 Optimum
1862 5632 2051 5672 sacra-

491 5700 608 5740 rum
645 5685 977 5743 Litterarum
1000 5696 1055 5744 et
1086 5687 1361 5757 copiosum
1396 5685 1741 5760 interpretem
1771 5690 1822 5745 in
1867 5688 1952 5743 illa
1986 5688 2051 5743 de

2150 4923 2302 4981 Pauli
2332 4923 2397 4979 ad
2440 4923 2673 4993 Philipp.
2699 4938 2759 4979 ut
2792 4939 2809 4978 :
2842 4922 3075 4988 Fratres,
3108 4939 3198 4993 ego
3224 4940 3307 4978 me
3359 4940 3461 4977 non
3493 4925 3724 4977 arbitror

2149 4995 2598 5065 comprehendisse
2642 5008 2664 5048 :
2703 5009 2867 5065 unum
2908 5004 3119 5057 autem,
3159 5009 3277 5062 qua:
3321 4994 3531 5065 quidem
3585 5004 3722 5048 retro

2149 5062 2277 5119 sunt
2317 5064 2649 5125 obliviscens,
2693 5062 2762 5115 ad
2789 5080 2847 5116 ea
2877 5078 2996 5116 vero
3035 5079 3153 5131 qum
3180 5075 3299 5116 sum
3330 5064 3517 5129 priora
3545 5075 3723 5117 exten-

2150 5137 2275 5190 dens
2304 5135 2555 5202 meipstmt
2589 5133 2659 5186 ad
2698 5132 3032 5202 destinatum
3063 5147 3342 5201 persequor
3382 5137 3450 5185 ad
3485 5134 3723 5187 brevium

2150 5221 2387 5267 supernae
2407 5200 2730 5257 uocationis.
2779 5200 2879 5256 Ulli
2930 5201 3094 5254 multa
3156 5200 3317 5263 dicta,
3366 5213 3423 5255 et
3475 5202 3720 5269 exempli

2149 5283 2391 5329 veterqu
2420 5270 2639 5325 Patrum
2674 5272 2780 5325 huc
2830 5269 3082 5325 facientia
3115 5271 3357 5341 colligit;
3389 5271 3516 5341 quin
3549 5282 3606 5324 et
3630 5287 3722 5324 ra-

2154 5344 2382 5409 tionem,
2416 5351 2472 5397 et
2500 5355 2953 5409 causasisemper
3002 5339 3378 5409 progrediendi
3407 5339 3465 5394 in
3518 5343 3720 5393 virtute

2156 5408 2415 5483 plurimas
2460 5411 2635 5483 docet.
2684 5408 2832 5483 Hane
2860 5408 3171 5483 doctrinam
3202 5424 3268 5464 ex
3330 5410 3430 5464 hoc
3477 5410 3618 5474 loco,
3646 5419 3724 5483 get

2155 5478 2343 5536 inultis
2375 5482 2426 5536 in
2452 5480 2573 5535 aliis
2600 5479 2836 5534 homiliis
2873 5478 3233 5549 Theophanes
3269 5488 3452 5533 noster
3482 5481 3749 5549 "epulo--

2154 5554 2273 5621 gice
2299 5550 2618 5620 explicando
2660 5550 2826 5621 dicta,
2880 5546 3128 5621 factaque
3193 5546 3464 5621 Evangelii
3505 5546 3718 5621 repetit,

2154 5618 2208 5673 et
2270 5618 2525 5685 inculcat,
2572 5619 3144 5689 utapprimegntilem,
3179 5628 3233 5671 et
3268 5620 3322 5673 in
3369 5633 3523 5674 usum
3553 5618 3720 5689 perfe-

2156 5689 2343 5745 ctioris
2371 5690 2493 5743 Vita:
2524 5687 2783 5742 studiosis
2806 5687 3218 5741 traducendam.
