  <div class='ocr_page' id='page_1' title='image "/cluster/home/n/w/nwhite01/storage/ocr_20150623/132/hvd.32044073502361/172.png"; bbox 0 0 3990 6202; ppageno 0'>
   <div class='ocr_carea' id='block_1_1' title="bbox 258 327 375 390">
    <p class='ocr_par' dir='ltr' id='par_1_1' title="bbox 258 327 375 390">
     <span class='ocr_line' id='line_1_1' title="bbox 258 327 375 390; baseline -0.009 0"><span class='ocrx_word' id='word_1_1' title='bbox 258 327 375 390; x_wconf 78' lang='lat'><strong>289</strong></span> 
     </span>
    </p>
   </div>
   <div class='ocr_carea' id='block_1_2' title="bbox 1657 325 2111 389">
    <p class='ocr_par' dir='ltr' id='par_1_2' title="bbox 1657 325 2111 389">
     <span class='ocr_line' id='line_1_2' title="bbox 1657 325 2111 389; baseline 0.004 -4"><span class='ocrx_word' id='word_1_2' title='bbox 1657 325 1986 388; x_wconf 83' lang='lat' dir='ltr'><strong>HOMILIA</strong></span> <span class='ocrx_word' id='word_1_3' title='bbox 2031 328 2111 389; x_wconf 80' lang='grc' dir='ltr'><strong>Χ.</strong></span> 
     </span>
    </p>
   </div>
   <div class='ocr_carea' id='block_1_3' title="bbox 3415 332 3525 398">
    <p class='ocr_par' dir='ltr' id='par_1_3' title="bbox 3415 332 3525 398">
     <span class='ocr_line' id='line_1_3' title="bbox 3415 332 3525 398; baseline 0.036 -4"><span class='ocrx_word' id='word_1_4' title='bbox 3415 332 3525 398; x_wconf 76' lang='lat'><strong>290</strong></span> 
     </span>
    </p>
   </div>
   <div class='ocr_carea' id='block_1_4' title="bbox 258 422 1849 502">
    <p class='ocr_par' dir='ltr' id='par_1_4' title="bbox 258 422 1847 502">
     <span class='ocr_line' id='line_1_4' title="bbox 258 422 1847 502; baseline -0.003 -17"><span class='ocrx_word' id='word_1_5' title='bbox 258 431 462 502; x_wconf 75' lang='grc' dir='ltr'>Μάρθα</span> <span class='ocrx_word' id='word_1_6' title='bbox 488 430 710 499; x_wconf 77' lang='grc' dir='ltr'>φρονεῖν</span> <span class='ocrx_word' id='word_1_7' title='bbox 730 428 793 493; x_wconf 65' lang='grc' dir='ltr'><strong>ἐξ</strong></span> <span class='ocrx_word' id='word_1_8' title='bbox 815 422 892 483; x_wconf 79' lang='grc' dir='ltr'>ὧν</span> <span class='ocrx_word' id='word_1_9' title='bbox 910 431 1235 498; x_wconf 84' lang='grc' dir='ltr'>φθέγγεται,</span> <span class='ocrx_word' id='word_1_10' title='bbox 1262 430 1517 499; x_wconf 79' lang='grc' dir='ltr'>φαίνεται</span> <span class='ocrx_word' id='word_1_11' title='bbox 1540 444 1556 462; x_wconf 77' lang='grc' dir='ltr'><strong>ο</strong></span> <span class='ocrx_word' id='word_1_12' title='bbox 1594 447 1613 480; x_wconf 77' lang='grc' dir='ltr'><strong>ι</strong></span> <span class='ocrx_word' id='word_1_13' title='bbox 1647 430 1847 500; x_wconf 80' lang='grc' dir='ltr'>Κύριε,</span> 
     </span>
    </p>
   </div>
   <div class='ocr_carea' id='block_1_5' title="bbox 1955 422 3527 502">
    <p class='ocr_par' dir='ltr' id='par_1_5' title="bbox 1955 430 3527 498">
     <span class='ocr_line' id='line_1_5' title="bbox 1955 430 3527 498; baseline 0.006 -14"><span class='ocrx_word' id='word_1_14' title='bbox 1955 430 2073 485; x_wconf 79' lang='lat' dir='ltr'><strong>bis:</strong></span> <span class='ocrx_word' id='word_1_15' title='bbox 2114 447 2134 480; x_wconf 80' lang='grc' dir='ltr'><strong>ι</strong></span> <span class='ocrx_word' id='word_1_16' title='bbox 2166 430 2399 486; x_wconf 84' lang='lat' dir='ltr'><strong>Domine</strong></span> <span class='ocrx_word' id='word_1_17' title='bbox 2426 433 2471 487; x_wconf 91' lang='lat' dir='ltr'><strong>si</strong></span> <span class='ocrx_word' id='word_1_18' title='bbox 2500 433 2694 488; x_wconf 79' lang='lat' dir='ltr'><strong>fuisses</strong></span> <span class='ocrx_word' id='word_1_19' title='bbox 2725 434 2836 498; x_wconf 84' lang='lat' dir='ltr'><strong>hic,</strong></span> <span class='ocrx_word' id='word_1_20' title='bbox 2867 434 3038 488; x_wconf 80' lang='lat' dir='ltr'><strong>frater</strong></span> <span class='ocrx_word' id='word_1_21' title='bbox 3067 448 3217 490; x_wconf 82' lang='lat' dir='ltr'><strong>meus</strong></span> <span class='ocrx_word' id='word_1_22' title='bbox 3250 448 3354 491; x_wconf 88' lang='lat' dir='ltr'><strong>non</strong></span> <span class='ocrx_word' id='word_1_23' title='bbox 3390 439 3527 495; x_wconf 82' lang='lat' dir='ltr'><strong>luis-</strong></span> 
     </span>
    </p>
   </div>
   <div class='ocr_carea' id='block_1_6' title="bbox 258 516 1845 594">
    <p class='ocr_par' dir='ltr' id='par_1_6' title="bbox 258 516 1845 594">
     <span class='ocr_line' id='line_1_6' title="bbox 258 516 1845 594; baseline -0.003 -17"><span class='ocrx_word' id='word_1_24' title='bbox 258 527 310 577; x_wconf 79' lang='grc' dir='ltr'><strong>εξ</strong></span> <span class='ocrx_word' id='word_1_25' title='bbox 336 520 405 594; x_wconf 74' lang='grc' dir='ltr'>ἧς</span> <span class='ocrx_word' id='word_1_26' title='bbox 443 516 572 585; x_wconf 80' lang='grc' dir='ltr'>ὦδε,</span> <span class='ocrx_word' id='word_1_27' title='bbox 611 521 714 574; x_wconf 81' lang='grc' dir='ltr'><strong>οὐκ</strong></span> <span class='ocrx_word' id='word_1_28' title='bbox 751 520 820 573; x_wconf 77' lang='grc' dir='ltr'>ἂν</span> <span class='ocrx_word' id='word_1_29' title='bbox 846 521 1090 575; x_wconf 73' lang='grc' dir='ltr'>ἀπέθανὲ</span> <span class='ocrx_word' id='word_1_30' title='bbox 1137 539 1240 592; x_wconf 89' lang='grc' dir='ltr'><strong>μου</strong></span> <span class='ocrx_word' id='word_1_31' title='bbox 1286 525 1314 576; x_wconf 90' lang='grc' dir='ltr'>ὁ</span> <span class='ocrx_word' id='word_1_32' title='bbox 1344 522 1598 589; x_wconf 83' lang='grc' dir='ltr'>ἀδελφός.</span> <span class='ocrx_word' id='word_1_33' title='bbox 1636 538 1655 572; x_wconf 75' lang='lat' dir='ltr'><strong>t</strong></span> <span class='ocrx_word' id='word_1_34' title='bbox 1687 520 1845 575; x_wconf 80' lang='grc' dir='ltr'>Οὕτω</span> 
     </span>
    </p>
   </div>
   <div class='ocr_carea' id='block_1_7' title="bbox 257 608 1845 685">
    <p class='ocr_par' dir='ltr' id='par_1_7' title="bbox 257 608 1845 685">
     <span class='ocr_line' id='line_1_7' title="bbox 257 608 1845 685; baseline -0.001 -18"><span class='ocrx_word' id='word_1_35' title='bbox 257 612 525 685; x_wconf 77' lang='grc' dir='ltr'>δυσχερὲς</span> <span class='ocrx_word' id='word_1_36' title='bbox 552 611 729 665; x_wconf 75' lang='grc' dir='ltr'>ἐδόκει</span> <span class='ocrx_word' id='word_1_37' title='bbox 751 612 814 665; x_wconf 81' lang='grc' dir='ltr'>τὸ</span> <span class='ocrx_word' id='word_1_38' title='bbox 835 612 1142 667; x_wconf 79' lang='grc' dir='ltr'>άνασιῶναι</span> <span class='ocrx_word' id='word_1_39' title='bbox 1170 613 1387 684; x_wconf 77' lang='grc' dir='ltr'>νεκρόν.</span> <span class='ocrx_word' id='word_1_40' title='bbox 1452 612 1519 667; x_wconf 87' lang='grc' dir='ltr'>Τί</span> <span class='ocrx_word' id='word_1_41' title='bbox 1566 608 1661 667; x_wconf 77' lang='grc' dir='ltr'>οὖν</span> <span class='ocrx_word' id='word_1_42' title='bbox 1704 612 1845 681; x_wconf 81' lang='grc' dir='ltr'>πρὸς</span> 
     </span>
    </p>
   </div>
   <div class='ocr_carea' id='block_1_8' title="bbox 259 701 1845 772">
    <p class='ocr_par' dir='ltr' id='par_1_8' title="bbox 259 701 1845 772">
     <span class='ocr_line' id='line_1_8' title="bbox 259 701 1845 772; baseline -0.001 -15"><span class='ocrx_word' id='word_1_43' title='bbox 259 704 428 757; x_wconf 81' lang='grc' dir='ltr'>αὑτὸν</span> <span class='ocrx_word' id='word_1_44' title='bbox 454 704 485 756; x_wconf 83' lang='grc' dir='ltr'><strong>δ</strong></span> <span class='ocrx_word' id='word_1_45' title='bbox 519 702 747 772; x_wconf 73' lang='grc' dir='ltr'>Σωτήρς</span> <span class='ocrx_word' id='word_1_46' title='bbox 812 720 833 754; x_wconf 77' lang='grc' dir='ltr'><strong>ι</strong></span> <span class='ocrx_word' id='word_1_47' title='bbox 869 702 961 772; x_wconf 83' lang='grc' dir='ltr'><strong>Μὴ</strong></span> <span class='ocrx_word' id='word_1_48' title='bbox 1018 701 1211 770; x_wconf 79' lang='grc' dir='ltr'>φοϐοῦ·</span> <span class='ocrx_word' id='word_1_49' title='bbox 1250 703 1411 771; x_wconf 83' lang='grc' dir='ltr'>μόνον</span> <span class='ocrx_word' id='word_1_50' title='bbox 1451 703 1697 767; x_wconf 86' lang='grc' dir='ltr'>πίστευε,</span> <span class='ocrx_word' id='word_1_51' title='bbox 1749 703 1845 756; x_wconf 81' lang='grc' dir='ltr'>καὶ</span> 
     </span>
    </p>
   </div>
   <div class='ocr_carea' id='block_1_9' title="bbox 260 792 1847 866">
    <p class='ocr_par' dir='ltr' id='par_1_9' title="bbox 260 792 1847 866">
     <span class='ocr_line' id='line_1_9' title="bbox 260 792 1847 866; baseline -0.001 -17"><span class='ocrx_word' id='word_1_52' title='bbox 260 795 599 866; x_wconf 81' lang='grc' dir='ltr'>σωθήσεται.</span> <span class='ocrx_word' id='word_1_53' title='bbox 633 814 654 845; x_wconf 71' lang='grc' dir='ltr'><strong>ι</strong></span> <span class='ocrx_word' id='word_1_54' title='bbox 690 792 846 862; x_wconf 86' lang='grc' dir='ltr'>Τάχα</span> <span class='ocrx_word' id='word_1_55' title='bbox 902 792 999 846; x_wconf 84' lang='grc' dir='ltr'>τοῦ</span> <span class='ocrx_word' id='word_1_56' title='bbox 1031 794 1431 865; x_wconf 86' lang='grc' dir='ltr'>προγεγονότος</span> <span class='ocrx_word' id='word_1_57' title='bbox 1459 795 1689 865; x_wconf 79' lang='grc' dir='ltr'><strong>σημείου</strong></span> <span class='ocrx_word' id='word_1_58' title='bbox 1711 795 1847 847; x_wconf 70' lang='grc' dir='ltr'>ὑπο-</span> 
     </span>
    </p>
   </div>
   <div class='ocr_carea' id='block_1_10' title="bbox 262 884 1842 959">
    <p class='ocr_par' dir='ltr' id='par_1_10' title="bbox 262 884 1842 959">
     <span class='ocr_line' id='line_1_10' title="bbox 262 884 1842 959; baseline 0 -18"><span class='ocrx_word' id='word_1_59' title='bbox 262 888 570 959; x_wconf 75' lang='grc' dir='ltr'>μιμνήσκει</span> <span class='ocrx_word' id='word_1_60' title='bbox 616 884 800 950; x_wconf 74' lang='grc' dir='ltr'>αὐτὸν,</span> <span class='ocrx_word' id='word_1_61' title='bbox 839 884 918 949; x_wconf 84' lang='grc' dir='ltr'><strong>ὡς</strong></span> <span class='ocrx_word' id='word_1_62' title='bbox 972 885 1154 939; x_wconf 88' lang='grc' dir='ltr'>πίστει</span> <span class='ocrx_word' id='word_1_63' title='bbox 1192 886 1355 956; x_wconf 88' lang='grc' dir='ltr'>μόνον</span> <span class='ocrx_word' id='word_1_64' title='bbox 1381 886 1842 957; x_wconf 78' lang='grc' dir='ltr'>κατορθωθέντος.</span> 
     </span>
    </p>
   </div>
   <div class='ocr_carea' id='block_1_11' title="bbox 270 973 1840 1049">
    <p class='ocr_par' dir='ltr' id='par_1_11' title="bbox 270 973 1840 1049">
     <span class='ocr_line' id='line_1_11' title="bbox 270 973 1840 1049; baseline -0.002 -17"><span class='ocrx_word' id='word_1_65' title='bbox 270 980 338 1032; x_wconf 83' lang='grc' dir='ltr'><strong>Ἥ</strong></span> <span class='ocrx_word' id='word_1_66' title='bbox 370 979 474 1048; x_wconf 76' lang='grc' dir='ltr'>μὲν</span> <span class='ocrx_word' id='word_1_67' title='bbox 502 973 599 1032; x_wconf 76' lang='grc' dir='ltr'>οὖν</span> <span class='ocrx_word' id='word_1_68' title='bbox 634 981 816 1040; x_wconf 81' lang='grc' dir='ltr'>νεᾶνις</span> <span class='ocrx_word' id='word_1_69' title='bbox 846 977 1156 1049; x_wconf 75' lang='grc' dir='ltr'>ἐτεθνήκει,</span> <span class='ocrx_word' id='word_1_70' title='bbox 1183 979 1233 1031; x_wconf 80' lang='lat' dir='ltr'><strong>oi</strong></span> <span class='ocrx_word' id='word_1_71' title='bbox 1264 977 1322 1031; x_wconf 74' lang='grc' dir='ltr'>δὲ</span> <span class='ocrx_word' id='word_1_72' title='bbox 1349 977 1479 1047; x_wconf 78' lang='grc' dir='ltr'>περὶ</span> <span class='ocrx_word' id='word_1_73' title='bbox 1507 979 1606 1047; x_wconf 77' lang='grc' dir='ltr'>τὴν</span> <span class='ocrx_word' id='word_1_74' title='bbox 1638 977 1840 1041; x_wconf 85' lang='grc' dir='ltr'>οίκίαν,</span> 
     </span>
    </p>
   </div>
   <div class='ocr_carea' id='block_1_12' title="bbox 256 1064 1849 1141">
    <p class='ocr_par' dir='ltr' id='par_1_12' title="bbox 256 1064 1849 1141">
     <span class='ocr_line' id='line_1_12' title="bbox 256 1064 1849 1141; baseline -0.002 -17"><span class='ocrx_word' id='word_1_75' title='bbox 256 1073 509 1136; x_wconf 69' lang='grc' dir='ltr'>ἔκλαιον,</span> <span class='ocrx_word' id='word_1_76' title='bbox 536 1071 615 1136; x_wconf 83' lang='grc' dir='ltr'>ὡς</span> <span class='ocrx_word' id='word_1_77' title='bbox 638 1071 809 1135; x_wconf 73' lang='grc' dir='ltr'>εἰκὸς,</span> <span class='ocrx_word' id='word_1_78' title='bbox 837 1072 933 1124; x_wconf 74' lang='grc' dir='ltr'>καὶ</span> <span class='ocrx_word' id='word_1_79' title='bbox 963 1071 1278 1133; x_wconf 68' lang='grc' dir='ltr'>ἐκόπτοντο,</span> <span class='ocrx_word' id='word_1_80' title='bbox 1309 1070 1407 1122; x_wconf 79' lang='grc' dir='ltr'>καὶ</span> <span class='ocrx_word' id='word_1_81' title='bbox 1432 1068 1596 1139; x_wconf 83' lang='grc' dir='ltr'>θροῦς</span> <span class='ocrx_word' id='word_1_82' title='bbox 1616 1064 1685 1141; x_wconf 79' lang='grc' dir='ltr'>ἦν</span> <span class='ocrx_word' id='word_1_83' title='bbox 1709 1084 1849 1137; x_wconf 82' lang='grc' dir='ltr'>συμ-</span> 
     </span>
    </p>
   </div>
   <div class='ocr_carea' id='block_1_13' title="bbox 260 1161 1846 1235">
    <p class='ocr_par' dir='ltr' id='par_1_13' title="bbox 260 1161 1846 1235">
     <span class='ocr_line' id='line_1_13' title="bbox 260 1161 1846 1235; baseline -0.001 -21"><span class='ocrx_word' id='word_1_84' title='bbox 260 1165 458 1235; x_wconf 73' lang='grc' dir='ltr'>μιγὴς,</span> <span class='ocrx_word' id='word_1_85' title='bbox 503 1164 783 1235; x_wconf 79' lang='grc' dir='ltr'>συνδρομὴ</span> <span class='ocrx_word' id='word_1_86' title='bbox 828 1163 1131 1232; x_wconf 84' lang='grc' dir='ltr'>συγγενῶν,</span> <span class='ocrx_word' id='word_1_87' title='bbox 1162 1162 1411 1227; x_wconf 84' lang='grc' dir='ltr'><strong>κωκυτὸς</strong></span> <span class='ocrx_word' id='word_1_88' title='bbox 1436 1162 1688 1225; x_wconf 74' lang='grc' dir='ltr'>οἰκετῶν,</span> <span class='ocrx_word' id='word_1_89' title='bbox 1724 1161 1846 1214; x_wconf 84' lang='grc' dir='ltr'>ὀλο-</span> 
     </span>
    </p>
   </div>
   <div class='ocr_carea' id='block_1_14' title="bbox 259 1251 1840 1324">
    <p class='ocr_par' dir='ltr' id='par_1_14' title="bbox 259 1251 1840 1324">
     <span class='ocr_line' id='line_1_14' title="bbox 259 1251 1840 1324; baseline -0.003 -17"><span class='ocrx_word' id='word_1_90' title='bbox 259 1255 472 1321; x_wconf 75' lang='grc' dir='ltr'>λυγμὸς</span> <span class='ocrx_word' id='word_1_91' title='bbox 504 1253 809 1323; x_wconf 85' lang='grc' dir='ltr'>γυναικῶν,</span> <span class='ocrx_word' id='word_1_92' title='bbox 839 1253 1057 1324; x_wconf 84' lang='grc' dir='ltr'>οἰμωγὴ</span> <span class='ocrx_word' id='word_1_93' title='bbox 1103 1252 1340 1323; x_wconf 83' lang='grc' dir='ltr'>ἀνδρῶν,</span> <span class='ocrx_word' id='word_1_94' title='bbox 1384 1251 1565 1305; x_wconf 86' lang='grc' dir='ltr'>πάντα</span> <span class='ocrx_word' id='word_1_95' title='bbox 1601 1251 1840 1322; x_wconf 87' lang='grc' dir='ltr'>θρήνων,</span> 
     </span>
    </p>
   </div>
   <div class='ocr_carea' id='block_1_15' title="bbox 258 1343 1846 1418">
    <p class='ocr_par' dir='ltr' id='par_1_15' title="bbox 258 1343 1846 1418">
     <span class='ocr_line' id='line_1_15' title="bbox 258 1343 1846 1418; baseline -0.003 -18"><span class='ocrx_word' id='word_1_96' title='bbox 258 1347 358 1400; x_wconf 76' lang='grc' dir='ltr'><strong>καὶ</strong></span> <span class='ocrx_word' id='word_1_97' title='bbox 392 1348 648 1418; x_wconf 84' lang='grc' dir='ltr'>δακρύων</span> <span class='ocrx_word' id='word_1_98' title='bbox 673 1346 977 1416; x_wconf 77' lang='grc' dir='ltr'><strong>ἀνάμεστα.</strong></span> <span class='ocrx_word' id='word_1_99' title='bbox 1019 1345 1120 1399; x_wconf 86' lang='grc' dir='ltr'><strong>Διὰ</strong></span> <span class='ocrx_word' id='word_1_100' title='bbox 1144 1346 1198 1398; x_wconf 91' lang='grc' dir='ltr'><strong>τί</strong></span> <span class='ocrx_word' id='word_1_101' title='bbox 1224 1346 1282 1399; x_wconf 67' lang='grc' dir='ltr'>δὲ</span> <span class='ocrx_word' id='word_1_102' title='bbox 1305 1345 1433 1409; x_wconf 84' lang='grc' dir='ltr'>τοὺς</span> <span class='ocrx_word' id='word_1_103' title='bbox 1459 1344 1655 1408; x_wconf 78' lang='grc' dir='ltr'>ἄλλους</span> <span class='ocrx_word' id='word_1_104' title='bbox 1682 1343 1846 1397; x_wconf 79' lang='grc' dir='ltr'>ὲκὸα-</span> 
     </span>
    </p>
   </div>
   <div class='ocr_carea' id='block_1_16' title="bbox 262 1436 1846 1508">
    <p class='ocr_par' dir='ltr' id='par_1_16' title="bbox 262 1436 1846 1508">
     <span class='ocr_line' id='line_1_16' title="bbox 262 1436 1846 1508; baseline -0.003 -18"><span class='ocrx_word' id='word_1_105' title='bbox 262 1439 377 1491; x_wconf 77' lang='grc' dir='ltr'>λὼν</span> <span class='ocrx_word' id='word_1_106' title='bbox 405 1438 509 1508; x_wconf 81' lang='grc' dir='ltr'>τῆς</span> <span class='ocrx_word' id='word_1_107' title='bbox 546 1438 745 1501; x_wconf 79' lang='grc' dir='ltr'>οἰκίας,</span> <span class='ocrx_word' id='word_1_108' title='bbox 774 1437 969 1507; x_wconf 79' lang='grc' dir='ltr'>μόνους</span> <span class='ocrx_word' id='word_1_109' title='bbox 989 1437 1201 1505; x_wconf 76' lang='grc' dir='ltr'><strong>εἰσάγει</strong></span> <span class='ocrx_word' id='word_1_110' title='bbox 1232 1436 1361 1499; x_wconf 84' lang='grc' dir='ltr'>τοὺς</span> <span class='ocrx_word' id='word_1_111' title='bbox 1393 1437 1575 1503; x_wconf 82' lang='grc' dir='ltr'>γονεῖς</span> <span class='ocrx_word' id='word_1_112' title='bbox 1593 1436 1689 1505; x_wconf 82' lang='grc' dir='ltr'>τῆς</span> <span class='ocrx_word' id='word_1_113' title='bbox 1714 1451 1846 1487; x_wconf 85' lang='grc' dir='ltr'>παι-</span> 
     </span>
    </p>
   </div>
   <div class='ocr_carea' id='block_1_17' title="bbox 258 1523 1848 1599">
    <p class='ocr_par' dir='ltr' id='par_1_17' title="bbox 258 1523 1848 1599">
     <span class='ocr_line' id='line_1_17' title="bbox 258 1523 1848 1599; baseline -0.006 -14"><span class='ocrx_word' id='word_1_114' title='bbox 258 1532 376 1593; x_wconf 68' lang='grc' dir='ltr'>δὸς,</span> <span class='ocrx_word' id='word_1_115' title='bbox 410 1531 507 1585; x_wconf 80' lang='grc' dir='ltr'>καὶ</span> <span class='ocrx_word' id='word_1_116' title='bbox 538 1531 666 1593; x_wconf 77' lang='grc' dir='ltr'>τοὺς</span> <span class='ocrx_word' id='word_1_117' title='bbox 687 1531 838 1599; x_wconf 87' lang='grc' dir='ltr'>τρεῖς</span> <span class='ocrx_word' id='word_1_118' title='bbox 866 1529 1155 1599; x_wconf 82' lang='grc' dir='ltr'>μαθητάς;</span> <span class='ocrx_word' id='word_1_119' title='bbox 1185 1528 1305 1580; x_wconf 81' lang='grc' dir='ltr'>Ἵνα</span> <span class='ocrx_word' id='word_1_120' title='bbox 1334 1528 1407 1599; x_wconf 83' lang='grc' dir='ltr'>μή</span> <span class='ocrx_word' id='word_1_121' title='bbox 1433 1543 1517 1589; x_wconf 85' lang='grc' dir='ltr'><strong>τις</strong></span> <span class='ocrx_word' id='word_1_122' title='bbox 1551 1525 1750 1597; x_wconf 78' lang='grc' dir='ltr'>νομίσῃ</span> <span class='ocrx_word' id='word_1_123' title='bbox 1769 1523 1848 1595; x_wconf 79' lang='grc' dir='ltr'><strong>τῷ</strong></span> 
     </span>
    </p>
   </div>
   <div class='ocr_carea' id='block_1_18' title="bbox 262 1618 1846 1694">
    <p class='ocr_par' dir='ltr' id='par_1_18' title="bbox 262 1618 1846 1694">
     <span class='ocr_line' id='line_1_18' title="bbox 262 1618 1846 1694; baseline -0.004 -18"><span class='ocrx_word' id='word_1_124' title='bbox 262 1622 490 1694; x_wconf 74' lang='grc' dir='ltr'>θορύϐῳ</span> <span class='ocrx_word' id='word_1_125' title='bbox 506 1624 618 1676; x_wconf 83' lang='grc' dir='ltr'><strong>τῶν</strong></span> <span class='ocrx_word' id='word_1_126' title='bbox 643 1621 998 1692; x_wconf 70' lang='grc' dir='ltr'>κοπτομένων</span> <span class='ocrx_word' id='word_1_127' title='bbox 1026 1620 1284 1689; x_wconf 79' lang='grc' dir='ltr'>γενέσθαι</span> <span class='ocrx_word' id='word_1_128' title='bbox 1309 1624 1540 1690; x_wconf 80' lang='grc' dir='ltr'>κάτοχον</span> <span class='ocrx_word' id='word_1_129' title='bbox 1568 1618 1762 1689; x_wconf 77' lang='grc' dir='ltr'>αὐτὴν,</span> <span class='ocrx_word' id='word_1_130' title='bbox 1784 1619 1846 1671; x_wconf 81' lang='grc' dir='ltr'>οὐ</span> 
     </span>
    </p>
   </div>
   <div class='ocr_carea' id='block_1_19' title="bbox 261 1709 1845 1787">
    <p class='ocr_par' dir='ltr' id='par_1_19' title="bbox 261 1709 1845 1787">
     <span class='ocr_line' id='line_1_19' title="bbox 261 1709 1845 1787; baseline -0.005 -17"><span class='ocrx_word' id='word_1_131' title='bbox 261 1718 380 1787; x_wconf 78' lang='grc' dir='ltr'><strong>μὴν</strong></span> <span class='ocrx_word' id='word_1_132' title='bbox 400 1717 499 1770; x_wconf 79' lang='grc' dir='ltr'>καὶ</span> <span class='ocrx_word' id='word_1_133' title='bbox 527 1714 845 1769; x_wconf 72' lang='grc' dir='ltr'>ἀποθανεῖν.</span> <span class='ocrx_word' id='word_1_134' title='bbox 880 1714 1020 1776; x_wconf 79' lang='grc' dir='ltr'>Τοὺς</span> <span class='ocrx_word' id='word_1_135' title='bbox 1052 1712 1419 1781; x_wconf 75' lang='grc' dir='ltr'>θορυϐοῦντας</span> <span class='ocrx_word' id='word_1_136' title='bbox 1449 1709 1541 1767; x_wconf 79' lang='grc' dir='ltr'>οὖν</span> <span class='ocrx_word' id='word_1_137' title='bbox 1570 1711 1845 1783; x_wconf 76' lang='grc' dir='ltr'>ἐμϐαλὼν,</span> 
     </span>
    </p>
   </div>
   <div class='ocr_carea' id='block_1_20' title="bbox 271 1804 1847 1879">
    <p class='ocr_par' dir='ltr' id='par_1_20' title="bbox 271 1804 1847 1879">
     <span class='ocr_line' id='line_1_20' title="bbox 271 1804 1847 1879; baseline -0.003 -18"><span class='ocrx_word' id='word_1_138' title='bbox 271 1809 567 1879; x_wconf 85' lang='grc' dir='ltr'>μάρτυρας</span> <span class='ocrx_word' id='word_1_139' title='bbox 604 1806 800 1877; x_wconf 80' lang='grc' dir='ltr'>μόνους</span> <span class='ocrx_word' id='word_1_140' title='bbox 850 1806 1062 1874; x_wconf 73' lang='grc' dir='ltr'>εἰσάγει</span> <span class='ocrx_word' id='word_1_141' title='bbox 1090 1805 1186 1858; x_wconf 83' lang='grc' dir='ltr'>τοῦ</span> <span class='ocrx_word' id='word_1_142' title='bbox 1221 1804 1520 1875; x_wconf 79' lang='grc' dir='ltr'>θαύματος,</span> <span class='ocrx_word' id='word_1_143' title='bbox 1561 1804 1700 1875; x_wconf 78' lang='grc' dir='ltr'>πρὸς</span> <span class='ocrx_word' id='word_1_144' title='bbox 1749 1804 1847 1873; x_wconf 72' lang='grc' dir='ltr'>μὲν</span> 
     </span>
    </p>
   </div>
   <div class='ocr_carea' id='block_1_21' title="bbox 258 1895 1846 1970">
    <p class='ocr_par' dir='ltr' id='par_1_21' title="bbox 258 1895 1846 1970">
     <span class='ocr_line' id='line_1_21' title="bbox 258 1895 1846 1970; baseline -0.004 -15"><span class='ocrx_word' id='word_1_145' title='bbox 258 1902 394 1964; x_wconf 75' lang='grc' dir='ltr'>τοὺς</span> <span class='ocrx_word' id='word_1_146' title='bbox 425 1899 696 1970; x_wconf 81' lang='grc' dir='ltr'>μαθητὰς,</span> <span class='ocrx_word' id='word_1_147' title='bbox 727 1899 828 1968; x_wconf 85' lang='grc' dir='ltr'>τὴν</span> <span class='ocrx_word' id='word_1_148' title='bbox 861 1897 1131 1969; x_wconf 79' lang='grc' dir='ltr'>κορωνίδα</span> <span class='ocrx_word' id='word_1_149' title='bbox 1157 1897 1266 1950; x_wconf 88' lang='grc' dir='ltr'><strong>τῶν</strong></span> <span class='ocrx_word' id='word_1_150' title='bbox 1288 1896 1584 1967; x_wconf 76' lang='grc' dir='ltr'>φοιτητῶν,</span> <span class='ocrx_word' id='word_1_151' title='bbox 1614 1895 1752 1967; x_wconf 80' lang='grc' dir='ltr'>πρὸς</span> <span class='ocrx_word' id='word_1_152' title='bbox 1788 1896 1846 1950; x_wconf 79' lang='grc' dir='ltr'>δὲ</span> 
     </span>
    </p>
   </div>
   <div class='ocr_carea' id='block_1_22' title="bbox 257 1990 1602 2062">
    <p class='ocr_par' dir='ltr' id='par_1_22' title="bbox 257 1990 1602 2062">
     <span class='ocr_line' id='line_1_22' title="bbox 257 1990 1602 2062; baseline -0.003 -17"><span class='ocrx_word' id='word_1_153' title='bbox 257 1992 327 2045; x_wconf 83' lang='grc' dir='ltr'><strong>τδ</strong></span> <span class='ocrx_word' id='word_1_154' title='bbox 355 1992 586 2062; x_wconf 85' lang='grc' dir='ltr'>πλῆθος,</span> <span class='ocrx_word' id='word_1_155' title='bbox 616 1990 744 2054; x_wconf 78' lang='grc' dir='ltr'>τοὺς</span> <span class='ocrx_word' id='word_1_156' title='bbox 770 1990 1150 2051; x_wconf 75' lang='grc' dir='ltr'><strong>οἰκειοτάτους</strong></span> <span class='ocrx_word' id='word_1_157' title='bbox 1178 1990 1277 2060; x_wconf 70' lang='grc' dir='ltr'>τῆς</span> <span class='ocrx_word' id='word_1_158' title='bbox 1312 1991 1602 2060; x_wconf 75' lang='grc' dir='ltr'>μείρακος.</span> 
     </span>
    </p>
   </div>
   <div class='ocr_carea' id='block_1_23' title="bbox 341 2075 1848 2152">
    <p class='ocr_par' dir='ltr' id='par_1_23' title="bbox 341 2075 1848 2152">
     <span class='ocr_line' id='line_1_23' title="bbox 341 2075 1848 2152; baseline -0.003 -18"><span class='ocrx_word' id='word_1_159' title='bbox 341 2100 363 2134; x_wconf 77' lang='grc' dir='ltr'><strong>ι</strong></span> <span class='ocrx_word' id='word_1_160' title='bbox 409 2082 468 2134; x_wconf 85' lang='lat'><strong>&#39;0</strong></span> <span class='ocrx_word' id='word_1_161' title='bbox 486 2081 546 2135; x_wconf 72' lang='grc' dir='ltr'>δὲ</span> <span class='ocrx_word' id='word_1_162' title='bbox 589 2079 800 2152; x_wconf 78' lang='grc' dir='ltr'>Ἰησοῦς</span> <span class='ocrx_word' id='word_1_163' title='bbox 825 2075 949 2132; x_wconf 84' lang='grc' dir='ltr'><strong>εἷπε</strong></span> <span class='ocrx_word' id='word_1_164' title='bbox 974 2095 989 2109; x_wconf 81' lang='lat'>&#39;</span> <span class='ocrx_word' id='word_1_165' title='bbox 1015 2080 1108 2148; x_wconf 81' lang='grc' dir='ltr'><strong>Μὴ</strong></span> <span class='ocrx_word' id='word_1_166' title='bbox 1137 2079 1356 2131; x_wconf 82' lang='grc' dir='ltr'>κλαίετε</span> <span class='ocrx_word' id='word_1_167' title='bbox 1374 2096 1390 2110; x_wconf 77' lang='grc' dir='ltr'><strong><em>ο</em></strong></span> <span class='ocrx_word' id='word_1_168' title='bbox 1419 2079 1479 2130; x_wconf 80' lang='grc' dir='ltr'>οὐ</span> <span class='ocrx_word' id='word_1_169' title='bbox 1507 2078 1617 2147; x_wconf 71' lang='grc' dir='ltr'><strong>γὰρ</strong></span> <span class='ocrx_word' id='word_1_170' title='bbox 1641 2076 1848 2131; x_wconf 76' lang='grc' dir='ltr'>ἀπέθα-</span> 
     </span>
    </p>
   </div>
   <div class='ocr_carea' id='block_1_24' title="bbox 263 2168 1847 2239">
    <p class='ocr_par' dir='ltr' id='par_1_24' title="bbox 263 2168 1847 2239">
     <span class='ocr_line' id='line_1_24' title="bbox 263 2168 1847 2239; baseline -0.003 -12"><span class='ocrx_word' id='word_1_171' title='bbox 263 2190 379 2239; x_wconf 82' lang='grc' dir='ltr'>νεν,</span> <span class='ocrx_word' id='word_1_172' title='bbox 421 2172 561 2226; x_wconf 84' lang='grc' dir='ltr'>άλλά</span> <span class='ocrx_word' id='word_1_173' title='bbox 592 2172 868 2228; x_wconf 80' lang='grc' dir='ltr'>καθεύδει.</span> <span class='ocrx_word' id='word_1_174' title='bbox 922 2171 1032 2224; x_wconf 78' lang='grc' dir='ltr'><strong>Καὶ</strong></span> <span class='ocrx_word' id='word_1_175' title='bbox 1061 2170 1377 2238; x_wconf 80' lang='grc' dir='ltr'>κατεγέλων</span> <span class='ocrx_word' id='word_1_176' title='bbox 1422 2168 1590 2223; x_wconf 82' lang='grc' dir='ltr'>αὐτοῦ</span> <span class='ocrx_word' id='word_1_177' title='bbox 1624 2171 1847 2237; x_wconf 77' lang='grc' dir='ltr'>ειδότες,</span> 
     </span>
    </p>
   </div>
   <div class='ocr_carea' id='block_1_25' title="bbox 258 2260 1851 2333">
    <p class='ocr_par' dir='ltr' id='par_1_25' title="bbox 258 2260 1851 2333">
     <span class='ocr_line' id='line_1_25' title="bbox 258 2260 1851 2333; baseline -0.003 -14"><span class='ocrx_word' id='word_1_178' title='bbox 258 2267 349 2320; x_wconf 81' lang='grc' dir='ltr'>ὅτι</span> <span class='ocrx_word' id='word_1_179' title='bbox 376 2265 620 2320; x_wconf 80' lang='grc' dir='ltr'>ἀπέθανε</span> <span class='ocrx_word' id='word_1_180' title='bbox 671 2263 771 2333; x_wconf 82' lang='grc' dir='ltr'>τὴν</span> <span class='ocrx_word' id='word_1_181' title='bbox 812 2263 930 2333; x_wconf 86' lang='grc' dir='ltr'>μετ’</span> <span class='ocrx_word' id='word_1_182' title='bbox 960 2261 1143 2330; x_wconf 80' lang='grc' dir='ltr'>ὀλίγον</span> <span class='ocrx_word' id='word_1_183' title='bbox 1187 2260 1491 2315; x_wconf 83' lang='grc' dir='ltr'>ἀνάστασιν</span> <span class='ocrx_word' id='word_1_184' title='bbox 1525 2263 1697 2332; x_wconf 81' lang='grc' dir='ltr'>αὐτῆς</span> <span class='ocrx_word' id='word_1_185' title='bbox 1729 2264 1851 2316; x_wconf 73' lang='grc' dir='ltr'>ἐπι-</span> 
     </span>
    </p>
   </div>
   <div class='ocr_carea' id='block_1_26' title="bbox 260 2352 1851 2427">
    <p class='ocr_par' dir='ltr' id='par_1_26' title="bbox 260 2352 1851 2427">
     <span class='ocr_line' id='line_1_26' title="bbox 260 2352 1851 2427; baseline -0.006 -15"><span class='ocrx_word' id='word_1_186' title='bbox 260 2361 564 2427; x_wconf 85' lang='grc' dir='ltr'>στάμενος,</span> <span class='ocrx_word' id='word_1_187' title='bbox 630 2352 953 2415; x_wconf 81' lang='grc' dir='ltr'>’Υπνώττει,</span> <span class='ocrx_word' id='word_1_188' title='bbox 1006 2352 1192 2421; x_wconf 73' lang='grc' dir='ltr'>φησὶν,</span> <span class='ocrx_word' id='word_1_189' title='bbox 1229 2352 1330 2405; x_wconf 68' lang='grc' dir='ltr'><strong>οὐκ</strong></span> <span class='ocrx_word' id='word_1_190' title='bbox 1386 2352 1696 2405; x_wconf 70' lang='grc' dir='ltr'>ἀπέθανενο</span> <span class='ocrx_word' id='word_1_191' title='bbox 1731 2352 1851 2421; x_wconf 75' lang='grc' dir='ltr'>ἅμα</span> 
     </span>
    </p>
   </div>
   <div class='ocr_carea' id='block_1_27' title="bbox 260 2441 1851 2512">
    <p class='ocr_par' dir='ltr' id='par_1_27' title="bbox 260 2441 1851 2512">
     <span class='ocr_line' id='line_1_27' title="bbox 260 2441 1851 2512; baseline -0.005 -9"><span class='ocrx_word' id='word_1_192' title='bbox 260 2447 515 2512; x_wconf 79' lang='grc' dir='ltr'>δεικνὺς,</span> <span class='ocrx_word' id='word_1_193' title='bbox 542 2445 618 2507; x_wconf 86' lang='grc' dir='ltr'><strong>ὡς</strong></span> <span class='ocrx_word' id='word_1_194' title='bbox 653 2443 822 2506; x_wconf 74' lang='grc' dir='ltr'>ὕπνος</span> <span class='ocrx_word' id='word_1_195' title='bbox 865 2442 1015 2496; x_wconf 70' lang='grc' dir='ltr'>ἐστὶν</span> <span class='ocrx_word' id='word_1_196' title='bbox 1046 2444 1076 2496; x_wconf 85' lang='grc' dir='ltr'>ὁ</span> <span class='ocrx_word' id='word_1_197' title='bbox 1109 2442 1239 2512; x_wconf 82' lang='grc' dir='ltr'>παρ’</span> <span class='ocrx_word' id='word_1_198' title='bbox 1264 2442 1421 2512; x_wconf 80' lang='grc' dir='ltr'>ἡμῶν</span> <span class='ocrx_word' id='word_1_199' title='bbox 1452 2441 1851 2512; x_wconf 84' lang='grc' dir='ltr'>θρυλλούμενος</span> 
     </span>
    </p>
   </div>
   <div class='ocr_carea' id='block_1_28' title="bbox 262 2527 1851 2602">
    <p class='ocr_par' dir='ltr' id='par_1_28' title="bbox 262 2527 1851 2602">
     <span class='ocr_line' id='line_1_28' title="bbox 262 2527 1851 2602; baseline -0.004 -10"><span class='ocrx_word' id='word_1_200' title='bbox 262 2540 529 2600; x_wconf 87' lang='grc' dir='ltr'>θάνατος.</span> <span class='ocrx_word' id='word_1_201' title='bbox 581 2536 852 2590; x_wconf 81' lang='grc' dir='ltr'>Ἀπτεται</span> <span class='ocrx_word' id='word_1_202' title='bbox 903 2527 996 2587; x_wconf 80' lang='grc' dir='ltr'>οὖν</span> <span class='ocrx_word' id='word_1_203' title='bbox 1031 2531 1131 2602; x_wconf 82' lang='grc' dir='ltr'>τῆς</span> <span class='ocrx_word' id='word_1_204' title='bbox 1162 2532 1347 2602; x_wconf 82' lang='grc' dir='ltr'>χειρὸς</span> <span class='ocrx_word' id='word_1_205' title='bbox 1370 2531 1469 2602; x_wconf 86' lang='grc' dir='ltr'>τῆς</span> <span class='ocrx_word' id='word_1_206' title='bbox 1491 2532 1703 2595; x_wconf 77' lang='grc' dir='ltr'>παιδὸς,</span> <span class='ocrx_word' id='word_1_207' title='bbox 1755 2533 1851 2585; x_wconf 77' lang='grc' dir='ltr'>καὶ</span> 
     </span>
    </p>
   </div>
   <div class='ocr_carea' id='block_1_29' title="bbox 260 2623 1852 2699">
    <p class='ocr_par' dir='ltr' id='par_1_29' title="bbox 260 2623 1852 2699">
     <span class='ocr_line' id='line_1_29' title="bbox 260 2623 1852 2699; baseline -0.003 -17"><span class='ocrx_word' id='word_1_208' title='bbox 260 2630 419 2699; x_wconf 82' lang='grc' dir='ltr'>λόγῳ</span> <span class='ocrx_word' id='word_1_209' title='bbox 448 2625 753 2697; x_wconf 85' lang='grc' dir='ltr'>δεσποτικῷ</span> <span class='ocrx_word' id='word_1_210' title='bbox 778 2625 1035 2695; x_wconf 78' lang='grc' dir='ltr'>καθάπερ</span> <span class='ocrx_word' id='word_1_211' title='bbox 1064 2623 1124 2687; x_wconf 69' lang='grc' dir='ltr'><strong>ἐξ</strong></span> <span class='ocrx_word' id='word_1_212' title='bbox 1153 2623 1325 2678; x_wconf 74' lang='grc' dir='ltr'>ὕπνου</span> <span class='ocrx_word' id='word_1_213' title='bbox 1355 2623 1852 2694; x_wconf 76' lang='grc' dir='ltr'>διανίστησισπάλιν</span> 
     </span>
    </p>
   </div>
   <div class='ocr_carea' id='block_1_30' title="bbox 262 2713 1849 2789">
    <p class='ocr_par' dir='ltr' id='par_1_30' title="bbox 262 2713 1849 2789">
     <span class='ocr_line' id='line_1_30' title="bbox 262 2713 1849 2789; baseline -0.003 -17"><span class='ocrx_word' id='word_1_214' title='bbox 262 2722 352 2783; x_wconf 76' lang='grc' dir='ltr'><strong>εἰς</strong></span> <span class='ocrx_word' id='word_1_215' title='bbox 376 2720 485 2789; x_wconf 79' lang='grc' dir='ltr'>τὴν</span> <span class='ocrx_word' id='word_1_216' title='bbox 510 2719 660 2789; x_wconf 71' lang='grc' dir='ltr'>ζωὴν</span> <span class='ocrx_word' id='word_1_217' title='bbox 701 2716 763 2771; x_wconf 74' lang='grc' dir='ltr'>τὸ</span> <span class='ocrx_word' id='word_1_218' title='bbox 802 2715 1080 2785; x_wconf 75' lang='grc' dir='ltr'>κοράσιον.</span> <span class='ocrx_word' id='word_1_219' title='bbox 1117 2713 1381 2767; x_wconf 78' lang='grc' dir='ltr'>Ἀπτεται</span> <span class='ocrx_word' id='word_1_220' title='bbox 1414 2714 1473 2766; x_wconf 76' lang='grc' dir='ltr'>δὲ</span> <span class='ocrx_word' id='word_1_221' title='bbox 1504 2715 1604 2782; x_wconf 84' lang='grc' dir='ltr'>τῆς</span> <span class='ocrx_word' id='word_1_222' title='bbox 1639 2715 1849 2780; x_wconf 68' lang='grc' dir='ltr'>παιδὸς,</span> 
     </span>
    </p>
   </div>
   <div class='ocr_carea' id='block_1_31' title="bbox 261 2807 1854 2881">
    <p class='ocr_par' dir='ltr' id='par_1_31' title="bbox 261 2807 1854 2881">
     <span class='ocr_line' id='line_1_31' title="bbox 261 2807 1854 2881; baseline -0.004 -15"><span class='ocrx_word' id='word_1_223' title='bbox 261 2813 515 2879; x_wconf 75' lang='grc' dir='ltr'>δεικνὺς,</span> <span class='ocrx_word' id='word_1_224' title='bbox 567 2810 645 2874; x_wconf 84' lang='grc' dir='ltr'>ὡς</span> <span class='ocrx_word' id='word_1_225' title='bbox 691 2812 725 2881; x_wconf 81' lang='grc' dir='ltr'><strong>ἠ</strong></span> <span class='ocrx_word' id='word_1_226' title='bbox 784 2809 905 2863; x_wconf 86' lang='grc' dir='ltr'>θεία</span> <span class='ocrx_word' id='word_1_227' title='bbox 955 2808 1050 2861; x_wconf 72' lang='grc' dir='ltr'>καὶ</span> <span class='ocrx_word' id='word_1_228' title='bbox 1097 2808 1369 2877; x_wconf 75' lang='grc' dir='ltr'>ἄχραντος</span> <span class='ocrx_word' id='word_1_229' title='bbox 1426 2807 1594 2861; x_wconf 78' lang='grc' dir='ltr'>αὐτοῦ</span> <span class='ocrx_word' id='word_1_230' title='bbox 1628 2808 1767 2877; x_wconf 79' lang='grc' dir='ltr'>σὰρξ</span> <span class='ocrx_word' id='word_1_231' title='bbox 1794 2808 1854 2872; x_wconf 76' lang='grc' dir='ltr'><strong>ἐξ</strong></span> 
     </span>
    </p>
   </div>
   <div class='ocr_carea' id='block_1_32' title="bbox 261 2899 1853 2975">
    <p class='ocr_par' dir='ltr' id='par_1_32' title="bbox 261 2899 1853 2975">
     <span class='ocr_line' id='line_1_32' title="bbox 261 2899 1853 2975; baseline -0.005 -17"><span class='ocrx_word' id='word_1_232' title='bbox 261 2905 449 2975; x_wconf 74' lang='grc' dir='ltr'>αὐτῆς</span> <span class='ocrx_word' id='word_1_233' title='bbox 509 2901 980 2974; x_wconf 79' lang='grc' dir='ltr'>δημιουργηθεῖσα</span> <span class='ocrx_word' id='word_1_234' title='bbox 1023 2900 1270 2961; x_wconf 77' lang='grc' dir='ltr'>ἑνώσεως</span> <span class='ocrx_word' id='word_1_235' title='bbox 1301 2899 1411 2954; x_wconf 89' lang='grc' dir='ltr'><strong>τῶν</strong></span> <span class='ocrx_word' id='word_1_236' title='bbox 1463 2902 1561 2969; x_wconf 82' lang='grc' dir='ltr'>τῆς</span> <span class='ocrx_word' id='word_1_237' title='bbox 1599 2899 1853 2970; x_wconf 81' lang='grc' dir='ltr'>θεότητος</span> 
     </span>
    </p>
   </div>
   <div class='ocr_carea' id='block_1_33' title="bbox 262 2993 1848 3067">
    <p class='ocr_par' dir='ltr' id='par_1_33' title="bbox 262 2993 1848 3067">
     <span class='ocr_line' id='line_1_33' title="bbox 262 2993 1848 3067; baseline -0.002 -17"><span class='ocrx_word' id='word_1_238' title='bbox 262 2995 621 3067; x_wconf 75' lang='grc' dir='ltr'>αὐχημάτων</span> <span class='ocrx_word' id='word_1_239' title='bbox 677 2994 963 3065; x_wconf 75' lang='grc' dir='ltr'>μετέλαϐε,</span> <span class='ocrx_word' id='word_1_240' title='bbox 1020 2993 1168 3065; x_wconf 81' lang='grc' dir='ltr'>ζωῆς</span> <span class='ocrx_word' id='word_1_241' title='bbox 1223 2997 1479 3063; x_wconf 84' lang='grc' dir='ltr'>γεγονυῖα</span> <span class='ocrx_word' id='word_1_242' title='bbox 1514 2996 1848 3065; x_wconf 83' lang='grc' dir='ltr'>παρεκτική.</span> 
     </span>
    </p>
   </div>
   <div class='ocr_carea' id='block_1_34' title="bbox 1948 521 3515 594">
    <p class='ocr_par' dir='ltr' id='par_1_34' title="bbox 1948 521 3515 594">
     <span class='ocr_line' id='line_1_34' title="bbox 1948 521 3515 594; baseline 0.004 -19"><span class='ocrx_word' id='word_1_243' title='bbox 1948 532 2031 576; x_wconf 90' lang='lat' dir='ltr'><strong>set</strong></span> <span class='ocrx_word' id='word_1_244' title='bbox 2086 529 2330 577; x_wconf 86' lang='lat' dir='ltr'><strong>mortuus</strong></span> <span class='ocrx_word' id='word_1_245' title='bbox 2386 525 2449 578; x_wconf 73' lang='grc' dir='ltr'>ιθ.</span> <span class='ocrx_word' id='word_1_246' title='bbox 2488 543 2506 572; x_wconf 72' lang='grc' dir='ltr'>δ</span> <span class='ocrx_word' id='word_1_247' title='bbox 2549 521 2625 577; x_wconf 84' lang='lat' dir='ltr'><strong>Ita</strong></span> <span class='ocrx_word' id='word_1_248' title='bbox 2676 523 2889 577; x_wconf 85' lang='lat' dir='ltr'><strong>dilllcile</strong></span> <span class='ocrx_word' id='word_1_249' title='bbox 2947 524 3191 594; x_wconf 77' lang='lat' dir='ltr'><strong>putabat,</strong></span> <span class='ocrx_word' id='word_1_250' title='bbox 3240 535 3515 581; x_wconf 89' lang='lat' dir='ltr'><strong>mortuum</strong></span> 
     </span>
    </p>
   </div>
   <div class='ocr_carea' id='block_1_35' title="bbox 1949 612 3522 687">
    <p class='ocr_par' dir='ltr' id='par_1_35' title="bbox 1949 612 3522 687">
     <span class='ocr_line' id='line_1_35' title="bbox 1949 612 3522 687; baseline 0.004 -20"><span class='ocrx_word' id='word_1_251' title='bbox 1949 612 2297 669; x_wconf 78' lang='lat' dir='ltr'><strong>reviviscere.</strong></span> <span class='ocrx_word' id='word_1_252' title='bbox 2326 615 2462 682; x_wconf 80' lang='lat' dir='ltr'><strong>Quid</strong></span> <span class='ocrx_word' id='word_1_253' title='bbox 2495 630 2626 684; x_wconf 70' lang='lat' dir='ltr'><strong>ergo</strong></span> <span class='ocrx_word' id='word_1_254' title='bbox 2656 617 2730 668; x_wconf 92' lang='lat' dir='ltr'><strong>illi</strong></span> <span class='ocrx_word' id='word_1_255' title='bbox 2758 615 3051 671; x_wconf 75' lang='lat' dir='ltr'><strong>Salvator?</strong></span> <span class='ocrx_word' id='word_1_256' title='bbox 3089 634 3108 667; x_wconf 80' lang='grc' dir='ltr'><strong>ι</strong></span> <span class='ocrx_word' id='word_1_257' title='bbox 3139 615 3263 672; x_wconf 84' lang='lat' dir='ltr'><strong>Noli</strong></span> <span class='ocrx_word' id='word_1_258' title='bbox 3299 620 3522 687; x_wconf 86' lang='lat' dir='ltr'><strong>timere;</strong></span> 
     </span>
    </p>
   </div>
   <div class='ocr_carea' id='block_1_36' title="bbox 1951 706 3525 772">
    <p class='ocr_par' dir='ltr' id='par_1_36' title="bbox 1951 706 3525 772">
     <span class='ocr_line' id='line_1_36' title="bbox 1951 706 3525 772; baseline 0.003 -13"><span class='ocrx_word' id='word_1_259' title='bbox 1951 706 2117 760; x_wconf 87' lang='lat' dir='ltr'><strong>crede</strong></span> <span class='ocrx_word' id='word_1_260' title='bbox 2156 715 2385 772; x_wconf 84' lang='lat' dir='ltr'><strong>tantum,</strong></span> <span class='ocrx_word' id='word_1_261' title='bbox 2432 717 2487 761; x_wconf 88' lang='lat' dir='ltr'><strong>et</strong></span> <span class='ocrx_word' id='word_1_262' title='bbox 2514 707 2696 760; x_wconf 84' lang='lat' dir='ltr'><strong>salvus</strong></span> <span class='ocrx_word' id='word_1_263' title='bbox 2740 709 2864 761; x_wconf 84' lang='lat' dir='ltr'><strong>erit.</strong></span> <span class='ocrx_word' id='word_1_264' title='bbox 2903 725 2922 760; x_wconf 75' lang='grc' dir='ltr'><strong>ι</strong></span> <span class='ocrx_word' id='word_1_265' title='bbox 2962 707 3237 764; x_wconf 71' lang='lat' dir='ltr'><strong>Fortassis</strong></span> <span class='ocrx_word' id='word_1_266' title='bbox 3284 725 3408 764; x_wconf 90' lang='lat' dir='ltr'><strong>eum</strong></span> <span class='ocrx_word' id='word_1_267' title='bbox 3456 711 3525 766; x_wconf 85' lang='lat' dir='ltr'><strong>de</strong></span> 
     </span>
    </p>
   </div>
   <div class='ocr_carea' id='block_1_37' title="bbox 1949 784 3520 870">
    <p class='ocr_par' dir='ltr' id='par_1_37' title="bbox 1949 784 3520 870">
     <span class='ocr_line' id='line_1_37' title="bbox 1949 784 3520 870; baseline 0.004 -21"><span class='ocrx_word' id='word_1_268' title='bbox 1949 796 2209 850; x_wconf 89' lang='lat' dir='ltr'><strong>miraculo</strong></span> <span class='ocrx_word' id='word_1_269' title='bbox 2233 797 2382 866; x_wconf 87' lang='lat' dir='ltr'><strong>prius</strong></span> <span class='ocrx_word' id='word_1_270' title='bbox 2414 798 2559 852; x_wconf 86' lang='lat' dir='ltr'><strong>edito</strong></span> <span class='ocrx_word' id='word_1_271' title='bbox 2589 801 2863 862; x_wconf 87' lang='lat' dir='ltr'><strong>adtnonct,</strong></span> <span class='ocrx_word' id='word_1_272' title='bbox 2907 799 3104 870; x_wconf 83' lang='lat' dir='ltr'><strong>quippe</strong></span> <span class='ocrx_word' id='word_1_273' title='bbox 3152 784 3296 856; x_wconf 78' lang='lat' dir='ltr'><strong>uuod</strong></span> <span class='ocrx_word' id='word_1_274' title='bbox 3340 800 3520 856; x_wconf 77' lang='lat' dir='ltr'><strong>fuerat</strong></span> 
     </span>
    </p>
   </div>
   <div class='ocr_carea' id='block_1_38' title="bbox 1946 887 3515 959">
    <p class='ocr_par' dir='ltr' id='par_1_38' title="bbox 1946 887 3515 959">
     <span class='ocr_line' id='line_1_38' title="bbox 1946 887 3515 959; baseline 0.003 -17"><span class='ocrx_word' id='word_1_275' title='bbox 1946 888 2058 942; x_wconf 84' lang='lat' dir='ltr'><strong>sola</strong></span> <span class='ocrx_word' id='word_1_276' title='bbox 2091 889 2192 941; x_wconf 63' lang='lat' dir='ltr'><strong>title</strong></span> <span class='ocrx_word' id='word_1_277' title='bbox 2219 890 2535 958; x_wconf 72' lang='lat' dir='ltr'><strong>perfectum.</strong></span> <span class='ocrx_word' id='word_1_278' title='bbox 2564 890 2626 942; x_wconf 90' lang='lat' dir='ltr'><strong>Et</strong></span> <span class='ocrx_word' id='word_1_279' title='bbox 2652 887 2823 959; x_wconf 81' lang='lat' dir='ltr'><strong>puella</strong></span> <span class='ocrx_word' id='word_1_280' title='bbox 2847 890 3063 959; x_wconf 87' lang='lat' dir='ltr'><strong>quidem</strong></span> <span class='ocrx_word' id='word_1_281' title='bbox 3091 890 3337 946; x_wconf 81' lang='lat' dir='ltr'><strong>defuncta</strong></span> <span class='ocrx_word' id='word_1_282' title='bbox 3361 902 3515 947; x_wconf 87' lang='lat' dir='ltr'><strong>erat:</strong></span> 
     </span>
    </p>
   </div>
   <div class='ocr_carea' id='block_1_39' title="bbox 1948 979 3516 1051">
    <p class='ocr_par' dir='ltr' id='par_1_39' title="bbox 1948 979 3516 1051">
     <span class='ocr_line' id='line_1_39' title="bbox 1948 979 3516 1051; baseline 0.004 -18"><span class='ocrx_word' id='word_1_283' title='bbox 1948 980 2229 1034; x_wconf 70' lang='lat' dir='ltr'><strong>domestici</strong></span> <span class='ocrx_word' id='word_1_284' title='bbox 2270 994 2419 1040; x_wconf 86' lang='lat' dir='ltr'><strong>vero.</strong></span> <span class='ocrx_word' id='word_1_285' title='bbox 2461 990 2520 1034; x_wconf 90' lang='lat' dir='ltr'><strong>ut</strong></span> <span class='ocrx_word' id='word_1_286' title='bbox 2547 995 2643 1049; x_wconf 89' lang='lat' dir='ltr'><strong>par</strong></span> <span class='ocrx_word' id='word_1_287' title='bbox 2687 989 2822 1045; x_wconf 90' lang='lat' dir='ltr'><strong>erat,</strong></span> <span class='ocrx_word' id='word_1_288' title='bbox 2853 979 3074 1044; x_wconf 83' lang='lat' dir='ltr'><strong>ﬂebant,</strong></span> <span class='ocrx_word' id='word_1_289' title='bbox 3103 990 3265 1051; x_wconf 84' lang='lat' dir='ltr'><strong>atque</strong></span> <span class='ocrx_word' id='word_1_290' title='bbox 3292 982 3516 1051; x_wconf 81' lang='lat' dir='ltr'><strong>plange-</strong></span> 
     </span>
    </p>
   </div>
   <div class='ocr_carea' id='block_1_40' title="bbox 1947 1070 3523 1141">
    <p class='ocr_par' dir='ltr' id='par_1_40' title="bbox 1947 1070 3523 1141">
     <span class='ocr_line' id='line_1_40' title="bbox 1947 1070 3523 1141; baseline 0.003 -18"><span class='ocrx_word' id='word_1_291' title='bbox 1947 1070 2109 1133; x_wconf 85' lang='lat' dir='ltr'><strong>bant;</strong></span> <span class='ocrx_word' id='word_1_292' title='bbox 2139 1080 2363 1138; x_wconf 86' lang='lat' dir='ltr'><strong>eratque</strong></span> <span class='ocrx_word' id='word_1_293' title='bbox 2387 1070 2646 1124; x_wconf 78' lang='lat' dir='ltr'><strong>confusus</strong></span> <span class='ocrx_word' id='word_1_294' title='bbox 2673 1085 2885 1136; x_wconf 90' lang='lat' dir='ltr'><strong>rumor,</strong></span> <span class='ocrx_word' id='word_1_295' title='bbox 2917 1071 3340 1141; x_wconf 86' lang='lat' dir='ltr'><strong>propinquorum</strong></span> <span class='ocrx_word' id='word_1_296' title='bbox 3390 1088 3523 1127; x_wconf 86' lang='lat' dir='ltr'><strong>con-</strong></span> 
     </span>
    </p>
   </div>
   <div class='ocr_carea' id='block_1_41' title="bbox 1949 1160 3522 1231">
    <p class='ocr_par' dir='ltr' id='par_1_41' title="bbox 1949 1160 3522 1231">
     <span class='ocr_line' id='line_1_41' title="bbox 1949 1160 3522 1231; baseline 0.001 -16"><span class='ocrx_word' id='word_1_297' title='bbox 1949 1175 2177 1226; x_wconf 83' lang='lat' dir='ltr'><strong>cursus,</strong></span> <span class='ocrx_word' id='word_1_298' title='bbox 2236 1160 2561 1217; x_wconf 84' lang='lat' dir='ltr'><strong>l‘amulorum</strong></span> <span class='ocrx_word' id='word_1_299' title='bbox 2607 1161 2875 1230; x_wconf 83' lang='lat' dir='ltr'><strong>ejulatus,</strong></span> <span class='ocrx_word' id='word_1_300' title='bbox 2924 1163 3159 1217; x_wconf 73' lang='lat' dir='ltr'><strong>ululatus</strong></span> <span class='ocrx_word' id='word_1_301' title='bbox 3213 1163 3522 1231; x_wconf 87' lang='lat' dir='ltr'><strong>mulierum,</strong></span> 
     </span>
    </p>
   </div>
   <div class='ocr_carea' id='block_1_42' title="bbox 1947 1254 3521 1327">
    <p class='ocr_par' dir='ltr' id='par_1_42' title="bbox 1947 1254 3521 1327">
     <span class='ocr_line' id='line_1_42' title="bbox 1947 1254 3521 1327; baseline 0.003 -20"><span class='ocrx_word' id='word_1_302' title='bbox 1947 1254 2106 1309; x_wconf 81' lang='lat' dir='ltr'><strong>ﬂetus</strong></span> <span class='ocrx_word' id='word_1_303' title='bbox 2135 1254 2402 1319; x_wconf 84' lang='lat' dir='ltr'><strong>virorum,</strong></span> <span class='ocrx_word' id='word_1_304' title='bbox 2434 1255 2616 1309; x_wconf 89' lang='lat' dir='ltr'><strong>omnia</strong></span> <span class='ocrx_word' id='word_1_305' title='bbox 2643 1257 2796 1324; x_wconf 85' lang='lat' dir='ltr'><strong>plena</strong></span> <span class='ocrx_word' id='word_1_306' title='bbox 2835 1255 3190 1309; x_wconf 87' lang='lat' dir='ltr'><strong>lamentorum</strong></span> <span class='ocrx_word' id='word_1_307' title='bbox 3231 1266 3285 1308; x_wconf 86' lang='lat' dir='ltr'><strong>et</strong></span> <span class='ocrx_word' id='word_1_308' title='bbox 3341 1256 3521 1327; x_wconf 87' lang='lat' dir='ltr'><strong>lacry-</strong></span> 
     </span>
    </p>
   </div>
   <div class='ocr_carea' id='block_1_43' title="bbox 1949 1345 3522 1412">
    <p class='ocr_par' dir='ltr' id='par_1_43' title="bbox 1949 1345 3522 1412">
     <span class='ocr_line' id='line_1_43' title="bbox 1949 1345 3522 1412; baseline 0.001 -13"><span class='ocrx_word' id='word_1_309' title='bbox 1949 1361 2181 1400; x_wconf 89' lang='lat' dir='ltr'><strong>marum.</strong></span> <span class='ocrx_word' id='word_1_310' title='bbox 2225 1345 2341 1412; x_wconf 86' lang='lat' dir='ltr'><strong>Qua</strong></span> <span class='ocrx_word' id='word_1_311' title='bbox 2375 1361 2508 1400; x_wconf 82' lang='lat' dir='ltr'><strong>vero</strong></span> <span class='ocrx_word' id='word_1_312' title='bbox 2540 1346 2606 1401; x_wconf 91' lang='lat' dir='ltr'><strong>de</strong></span> <span class='ocrx_word' id='word_1_313' title='bbox 2636 1360 2798 1401; x_wconf 85' lang='lat' dir='ltr'><strong>causa</strong></span> <span class='ocrx_word' id='word_1_314' title='bbox 2823 1347 3034 1401; x_wconf 61' lang='lat' dir='ltr'><strong>caeteris</strong></span> <span class='ocrx_word' id='word_1_315' title='bbox 3068 1347 3226 1400; x_wconf 87' lang='lat' dir='ltr'><strong>domo</strong></span> <span class='ocrx_word' id='word_1_316' title='bbox 3267 1348 3522 1408; x_wconf 78' lang='lat' dir='ltr'><strong>exclusis.</strong></span> 
     </span>
    </p>
   </div>
   <div class='ocr_carea' id='block_1_44' title="bbox 1949 1438 3525 1508">
    <p class='ocr_par' dir='ltr' id='par_1_44' title="bbox 1949 1438 3525 1508">
     <span class='ocr_line' id='line_1_44' title="bbox 1949 1438 3525 1508; baseline -0.002 -14"><span class='ocrx_word' id='word_1_317' title='bbox 1949 1440 2100 1494; x_wconf 78' lang='lat' dir='ltr'><strong>solos</strong></span> <span class='ocrx_word' id='word_1_318' title='bbox 2128 1440 2316 1507; x_wconf 76' lang='lat' dir='ltr'><strong>puella:</strong></span> <span class='ocrx_word' id='word_1_319' title='bbox 2345 1447 2617 1508; x_wconf 84' lang='lat' dir='ltr'><strong>parentes,</strong></span> <span class='ocrx_word' id='word_1_320' title='bbox 2641 1448 2695 1491; x_wconf 84' lang='lat' dir='ltr'><strong>et</strong></span> <span class='ocrx_word' id='word_1_321' title='bbox 2728 1448 2837 1492; x_wconf 91' lang='lat' dir='ltr'><strong>tres</strong></span> <span class='ocrx_word' id='word_1_322' title='bbox 2857 1438 3152 1506; x_wconf 83' lang='lat' dir='ltr'><strong>discipulos</strong></span> <span class='ocrx_word' id='word_1_323' title='bbox 3175 1438 3525 1493; x_wconf 88' lang='lat' dir='ltr'><strong>intromittit?</strong></span> 
     </span>
    </p>
   </div>
   <div class='ocr_carea' id='block_1_45' title="bbox 1949 1529 3523 1600">
    <p class='ocr_par' dir='ltr' id='par_1_45' title="bbox 1949 1529 3523 1600">
     <span class='ocr_line' id='line_1_45' title="bbox 1949 1529 3523 1600; baseline -0.002 -14"><span class='ocrx_word' id='word_1_324' title='bbox 1949 1545 2018 1586; x_wconf 90' lang='lat' dir='ltr'><strong>ne</strong></span> <span class='ocrx_word' id='word_1_325' title='bbox 2049 1532 2169 1600; x_wconf 83' lang='lat' dir='ltr'><strong>quis</strong></span> <span class='ocrx_word' id='word_1_326' title='bbox 2201 1531 2514 1600; x_wconf 78' lang='lat' dir='ltr'><strong>opinaretur</strong></span> <span class='ocrx_word' id='word_1_327' title='bbox 2561 1529 2791 1599; x_wconf 83' lang='lat' dir='ltr'><strong>puellam</strong></span> <span class='ocrx_word' id='word_1_328' title='bbox 2839 1543 2907 1585; x_wconf 80' lang='lat' dir='ltr'><strong>ex</strong></span> <span class='ocrx_word' id='word_1_329' title='bbox 2950 1529 3038 1584; x_wconf 90' lang='lat' dir='ltr'><strong>illo</strong></span> <span class='ocrx_word' id='word_1_330' title='bbox 3092 1531 3319 1584; x_wconf 88' lang='lat' dir='ltr'><strong>tumultu</strong></span> <span class='ocrx_word' id='word_1_331' title='bbox 3370 1530 3523 1598; x_wconf 84' lang='lat' dir='ltr'><strong>plan-</strong></span> 
     </span>
    </p>
   </div>
   <div class='ocr_carea' id='block_1_46' title="bbox 1950 1621 3523 1695">
    <p class='ocr_par' dir='ltr' id='par_1_46' title="bbox 1950 1621 3523 1695">
     <span class='ocr_line' id='line_1_46' title="bbox 1950 1621 3523 1695; baseline -0.002 -17"><span class='ocrx_word' id='word_1_332' title='bbox 1950 1624 2190 1695; x_wconf 71' lang='lat' dir='ltr'><strong>gentium</strong></span> <span class='ocrx_word' id='word_1_333' title='bbox 2218 1632 2439 1690; x_wconf 78' lang='lat' dir='ltr'><strong>stupore</strong></span> <span class='ocrx_word' id='word_1_334' title='bbox 2473 1630 2777 1691; x_wconf 82' lang='lat' dir='ltr'><strong>correptam</strong></span> <span class='ocrx_word' id='word_1_335' title='bbox 2825 1634 2964 1686; x_wconf 86' lang='lat' dir='ltr'><strong>esse,</strong></span> <span class='ocrx_word' id='word_1_336' title='bbox 3014 1635 3117 1674; x_wconf 90' lang='lat' dir='ltr'><strong>non</strong></span> <span class='ocrx_word' id='word_1_337' title='bbox 3163 1635 3289 1674; x_wconf 84' lang='lat' dir='ltr'><strong>vero</strong></span> <span class='ocrx_word' id='word_1_338' title='bbox 3328 1621 3523 1676; x_wconf 62' lang='lat' dir='ltr'><strong>del‘uno</strong></span> 
     </span>
    </p>
   </div>
   <div class='ocr_carea' id='block_1_47' title="bbox 1953 1710 3525 1784">
    <p class='ocr_par' dir='ltr' id='par_1_47' title="bbox 1953 1710 3525 1784">
     <span class='ocr_line' id='line_1_47' title="bbox 1953 1710 3525 1784; baseline -0.004 -15"><span class='ocrx_word' id='word_1_339' title='bbox 1953 1725 2117 1769; x_wconf 85' lang='lat' dir='ltr'><strong>ctam.</strong></span> <span class='ocrx_word' id='word_1_340' title='bbox 2158 1712 2268 1768; x_wconf 92' lang='lat' dir='ltr'><strong>Illis</strong></span> <span class='ocrx_word' id='word_1_341' title='bbox 2306 1713 2490 1784; x_wconf 56' lang='lat' dir='ltr'><strong>igitur,</strong></span> <span class='ocrx_word' id='word_1_342' title='bbox 2525 1713 2621 1781; x_wconf 93' lang='lat' dir='ltr'><strong>qui</strong></span> <span class='ocrx_word' id='word_1_343' title='bbox 2660 1710 3150 1774; x_wconf 89' lang='lat' dir='ltr'><strong>tutnultuahantnr,</strong></span> <span class='ocrx_word' id='word_1_344' title='bbox 3203 1710 3413 1781; x_wconf 74' lang='lat' dir='ltr'><strong>ejectis,</strong></span> <span class='ocrx_word' id='word_1_345' title='bbox 3444 1710 3525 1763; x_wconf 85' lang='lat' dir='ltr'><strong>di-</strong></span> 
     </span>
    </p>
   </div>
   <div class='ocr_carea' id='block_1_48' title="bbox 1951 1800 3527 1875">
    <p class='ocr_par' dir='ltr' id='par_1_48' title="bbox 1951 1800 3527 1875">
     <span class='ocr_line' id='line_1_48' title="bbox 1951 1800 3527 1875; baseline -0.003 -16"><span class='ocrx_word' id='word_1_346' title='bbox 1951 1806 2281 1874; x_wconf 89' lang='lat' dir='ltr'><strong>scipulorum</strong></span> <span class='ocrx_word' id='word_1_347' title='bbox 2306 1803 2414 1875; x_wconf 66' lang='lat'><strong>62</strong></span> <span class='ocrx_word' id='word_1_348' title='bbox 2438 1802 2676 1857; x_wconf 85' lang='lat' dir='ltr'><strong>omnium</strong></span> <span class='ocrx_word' id='word_1_349' title='bbox 2705 1801 2828 1856; x_wconf 89' lang='lat' dir='ltr'><strong>loco</strong></span> <span class='ocrx_word' id='word_1_350' title='bbox 2882 1816 2979 1857; x_wconf 83' lang='lat' dir='ltr'><strong>eos</strong></span> <span class='ocrx_word' id='word_1_351' title='bbox 3021 1801 3179 1856; x_wconf 88' lang='lat' dir='ltr'><strong>modo</strong></span> <span class='ocrx_word' id='word_1_352' title='bbox 3225 1800 3314 1871; x_wconf 85' lang='lat' dir='ltr'><strong>qui</strong></span> <span class='ocrx_word' id='word_1_353' title='bbox 3347 1802 3527 1871; x_wconf 82' lang='lat' dir='ltr'><strong>apices</strong></span> 
     </span>
    </p>
   </div>
   <div class='ocr_carea' id='block_1_49' title="bbox 1949 1892 3521 1964">
    <p class='ocr_par' dir='ltr' id='par_1_49' title="bbox 1949 1892 3521 1964">
     <span class='ocr_line' id='line_1_49' title="bbox 1949 1892 3521 1964; baseline -0.005 -11"><span class='ocrx_word' id='word_1_354' title='bbox 1949 1896 2355 1953; x_wconf 88' lang='lat' dir='ltr'><strong>erantadmittit</strong></span> <span class='ocrx_word' id='word_1_355' title='bbox 2376 1911 2391 1959; x_wconf 88' lang='lat'><strong>;</strong></span> <span class='ocrx_word' id='word_1_356' title='bbox 2416 1909 2513 1964; x_wconf 90' lang='lat' dir='ltr'><strong>pro</strong></span> <span class='ocrx_word' id='word_1_357' title='bbox 2530 1893 2875 1948; x_wconf 83' lang='lat' dir='ltr'><strong>multitudine</strong></span> <span class='ocrx_word' id='word_1_358' title='bbox 2905 1907 3031 1950; x_wconf 84' lang='lat' dir='ltr'><strong>vero</strong></span> <span class='ocrx_word' id='word_1_359' title='bbox 3050 1909 3143 1950; x_wconf 86' lang='lat' dir='ltr'><strong>eos</strong></span> <span class='ocrx_word' id='word_1_360' title='bbox 3165 1895 3254 1964; x_wconf 87' lang='lat' dir='ltr'><strong>qui</strong></span> <span class='ocrx_word' id='word_1_361' title='bbox 3288 1892 3521 1964; x_wconf 86' lang='lat' dir='ltr'><strong>puellam</strong></span> 
     </span>
    </p>
   </div>
   <div class='ocr_carea' id='block_1_50' title="bbox 1952 1986 2633 2058">
    <p class='ocr_par' dir='ltr' id='par_1_50' title="bbox 1952 1986 2633 2058">
     <span class='ocr_line' id='line_1_50' title="bbox 1952 1986 2633 2058; baseline -0.003 -18"><span class='ocrx_word' id='word_1_362' title='bbox 1952 1989 2195 2058; x_wconf 78' lang='lat' dir='ltr'><strong>proxime</strong></span> <span class='ocrx_word' id='word_1_363' title='bbox 2225 1986 2633 2056; x_wconf 82' lang='lat' dir='ltr'><strong>contingebant.</strong></span> 
     </span>
    </p>
   </div>
   <div class='ocr_carea' id='block_1_51' title="bbox 2019 2075 3523 2139">
    <p class='ocr_par' dir='ltr' id='par_1_51' title="bbox 2019 2075 3523 2139">
     <span class='ocr_line' id='line_1_51' title="bbox 2019 2075 3523 2139; baseline -0.001 -8"><span class='ocrx_word' id='word_1_364' title='bbox 2019 2077 2174 2133; x_wconf 83' lang='lat' dir='ltr'><strong>Jesus</strong></span> <span class='ocrx_word' id='word_1_365' title='bbox 2213 2091 2391 2131; x_wconf 86' lang='lat' dir='ltr'><strong>autem</strong></span> <span class='ocrx_word' id='word_1_366' title='bbox 2425 2077 2599 2135; x_wconf 83' lang='lat' dir='ltr'><strong>dixit:</strong></span> <span class='ocrx_word' id='word_1_367' title='bbox 2634 2096 2653 2128; x_wconf 83' lang='grc' dir='ltr'><strong>ι</strong></span> <span class='ocrx_word' id='word_1_368' title='bbox 2704 2076 2883 2132; x_wconf 83' lang='lat' dir='ltr'><strong>Nolite</strong></span> <span class='ocrx_word' id='word_1_369' title='bbox 2915 2075 3078 2139; x_wconf 83' lang='lat' dir='ltr'><strong>ﬂere,</strong></span> <span class='ocrx_word' id='word_1_370' title='bbox 3133 2090 3241 2130; x_wconf 89' lang='lat' dir='ltr'><strong>non</strong></span> <span class='ocrx_word' id='word_1_371' title='bbox 3271 2083 3354 2130; x_wconf 91' lang='lat' dir='ltr'><strong>est</strong></span> <span class='ocrx_word' id='word_1_372' title='bbox 3380 2076 3523 2130; x_wconf 90' lang='lat' dir='ltr'><strong>enim</strong></span> 
     </span>
    </p>
   </div>
   <div class='ocr_carea' id='block_1_52' title="bbox 1951 2165 3523 2233">
    <p class='ocr_par' dir='ltr' id='par_1_52' title="bbox 1951 2165 3523 2233">
     <span class='ocr_line' id='line_1_52' title="bbox 1951 2165 3523 2233; baseline -0.003 -9"><span class='ocrx_word' id='word_1_373' title='bbox 1951 2179 2160 2224; x_wconf 89' lang='lat' dir='ltr'><strong>tuortua</strong></span> <span class='ocrx_word' id='word_1_374' title='bbox 2181 2166 2376 2233; x_wconf 80' lang='lat' dir='ltr'><strong>puella,</strong></span> <span class='ocrx_word' id='word_1_375' title='bbox 2400 2167 2494 2223; x_wconf 90' lang='lat' dir='ltr'><strong>sed</strong></span> <span class='ocrx_word' id='word_1_376' title='bbox 2523 2167 2722 2221; x_wconf 89' lang='lat' dir='ltr'><strong>dormit</strong></span> <span class='ocrx_word' id='word_1_377' title='bbox 2746 2183 2762 2233; x_wconf 90' lang='lat'><strong>;</strong></span> <span class='ocrx_word' id='word_1_378' title='bbox 2790 2175 2843 2221; x_wconf 88' lang='lat' dir='ltr'><strong>et</strong></span> <span class='ocrx_word' id='word_1_379' title='bbox 2863 2165 3182 2221; x_wconf 88' lang='lat' dir='ltr'><strong>deridebaut</strong></span> <span class='ocrx_word' id='word_1_380' title='bbox 3204 2180 3324 2221; x_wconf 92' lang='lat' dir='ltr'><strong>eum</strong></span> <span class='ocrx_word' id='word_1_381' title='bbox 3349 2166 3523 2221; x_wconf 86' lang='lat' dir='ltr'><strong>scien-</strong></span> 
     </span>
    </p>
   </div>
   <div class='ocr_carea' id='block_1_53' title="bbox 1954 2259 3522 2334">
    <p class='ocr_par' dir='ltr' id='par_1_53' title="bbox 1954 2259 3522 2334">
     <span class='ocr_line' id='line_1_53' title="bbox 1954 2259 3522 2334; baseline -0.004 -15"><span class='ocrx_word' id='word_1_382' title='bbox 1954 2276 2055 2329; x_wconf 88' lang='lat' dir='ltr'><strong>tes,</strong></span> <span class='ocrx_word' id='word_1_383' title='bbox 2115 2265 2258 2334; x_wconf 85' lang='lat' dir='ltr'><strong>quod</strong></span> <span class='ocrx_word' id='word_1_384' title='bbox 2312 2273 2527 2318; x_wconf 89' lang='lat' dir='ltr'><strong>mortua</strong></span> <span class='ocrx_word' id='word_1_385' title='bbox 2581 2272 2744 2318; x_wconf 84' lang='lat' dir='ltr'><strong>esset.</strong></span> <span class='ocrx_word' id='word_1_386' title='bbox 2788 2281 2806 2313; x_wconf 77' lang='grc' dir='ltr'><strong>ι</strong></span> <span class='ocrx_word' id='word_1_387' title='bbox 2872 2262 3007 2317; x_wconf 89' lang='lat' dir='ltr'><strong>Cum</strong></span> <span class='ocrx_word' id='word_1_388' title='bbox 3069 2261 3235 2316; x_wconf 90' lang='lat' dir='ltr'><strong>sciret</strong></span> <span class='ocrx_word' id='word_1_389' title='bbox 3293 2259 3522 2330; x_wconf 82' lang='lat' dir='ltr'><strong>puellam</strong></span> 
     </span>
    </p>
   </div>
   <div class='ocr_carea' id='block_1_54' title="bbox 1951 2352 3522 2425">
    <p class='ocr_par' dir='ltr' id='par_1_54' title="bbox 1951 2352 3522 2425">
     <span class='ocr_line' id='line_1_54' title="bbox 1951 2352 3522 2425; baseline -0.003 -14"><span class='ocrx_word' id='word_1_390' title='bbox 1951 2357 2108 2423; x_wconf 88' lang='lat' dir='ltr'><strong>paulo</strong></span> <span class='ocrx_word' id='word_1_391' title='bbox 2159 2365 2279 2425; x_wconf 89' lang='lat' dir='ltr'><strong>post</strong></span> <span class='ocrx_word' id='word_1_392' title='bbox 2302 2364 2338 2409; x_wconf 84' lang='lat' dir='ltr'><strong>&#39;a</strong></span> <span class='ocrx_word' id='word_1_393' title='bbox 2390 2365 2562 2411; x_wconf 90' lang='lat' dir='ltr'><strong>morte</strong></span> <span class='ocrx_word' id='word_1_394' title='bbox 2607 2356 2982 2421; x_wconf 80' lang='lat' dir='ltr'><strong>excitandam,</strong></span> <span class='ocrx_word' id='word_1_395' title='bbox 3037 2352 3296 2410; x_wconf 86' lang='lat' dir='ltr'><strong>Somnum</strong></span> <span class='ocrx_word' id='word_1_396' title='bbox 3346 2352 3522 2424; x_wconf 85' lang='lat' dir='ltr'><strong>capit.</strong></span> 
     </span>
    </p>
   </div>
   <div class='ocr_carea' id='block_1_55' title="bbox 1954 2444 3526 2519">
    <p class='ocr_par' dir='ltr' id='par_1_55' title="bbox 1954 2444 3526 2519">
     <span class='ocr_line' id='line_1_55' title="bbox 1954 2444 3526 2519; baseline -0.003 -18"><span class='ocrx_word' id='word_1_397' title='bbox 1954 2448 2161 2519; x_wconf 86' lang='lat' dir='ltr'><strong>inquit;</strong></span> <span class='ocrx_word' id='word_1_398' title='bbox 2203 2463 2309 2502; x_wconf 89' lang='lat' dir='ltr'><strong>non</strong></span> <span class='ocrx_word' id='word_1_399' title='bbox 2331 2456 2544 2501; x_wconf 88' lang='lat' dir='ltr'><strong>mortua</strong></span> <span class='ocrx_word' id='word_1_400' title='bbox 2578 2456 2682 2512; x_wconf 91' lang='lat' dir='ltr'><strong>cst,</strong></span> <span class='ocrx_word' id='word_1_401' title='bbox 2705 2445 2972 2514; x_wconf 89' lang='lat' dir='ltr'><strong>simulque</strong></span> <span class='ocrx_word' id='word_1_402' title='bbox 2997 2444 3236 2499; x_wconf 88' lang='lat' dir='ltr'><strong>ostendit</strong></span> <span class='ocrx_word' id='word_1_403' title='bbox 3277 2456 3526 2499; x_wconf 88' lang='lat' dir='ltr'><strong>somnum</strong></span> 
     </span>
    </p>
   </div>
   <div class='ocr_carea' id='block_1_56' title="bbox 1951 2533 3529 2608">
    <p class='ocr_par' dir='ltr' id='par_1_56' title="bbox 1951 2533 3529 2608">
     <span class='ocr_line' id='line_1_56' title="bbox 1951 2533 3529 2608; baseline -0.004 -15"><span class='ocrx_word' id='word_1_404' title='bbox 1951 2553 2093 2601; x_wconf 83' lang='lat' dir='ltr'><strong>esse,</strong></span> <span class='ocrx_word' id='word_1_405' title='bbox 2124 2552 2283 2608; x_wconf 91' lang='lat' dir='ltr'><strong>quam</strong></span> <span class='ocrx_word' id='word_1_406' title='bbox 2328 2537 2489 2607; x_wconf 77' lang='lat' dir='ltr'><strong>vulgo</strong></span> <span class='ocrx_word' id='word_1_407' title='bbox 2515 2538 2819 2591; x_wconf 75' lang='lat' dir='ltr'><strong>vocitamus</strong></span> <span class='ocrx_word' id='word_1_408' title='bbox 2854 2546 3105 2591; x_wconf 87' lang='lat' dir='ltr'><strong>mortem.</strong></span> <span class='ocrx_word' id='word_1_409' title='bbox 3141 2533 3337 2590; x_wconf 72' lang='lat' dir='ltr'><strong>Puellae</strong></span> <span class='ocrx_word' id='word_1_410' title='bbox 3368 2533 3529 2603; x_wconf 73' lang='lat' dir='ltr'><strong>igitur</strong></span> 
     </span>
    </p>
   </div>
   <div class='ocr_carea' id='block_1_57' title="bbox 1954 2627 3526 2701">
    <p class='ocr_par' dir='ltr' id='par_1_57' title="bbox 1954 2627 3526 2701">
     <span class='ocr_line' id='line_1_57' title="bbox 1954 2627 3526 2701; baseline -0.004 -15"><span class='ocrx_word' id='word_1_411' title='bbox 1954 2646 2169 2686; x_wconf 89' lang='lat' dir='ltr'><strong>manum</strong></span> <span class='ocrx_word' id='word_1_412' title='bbox 2202 2630 2394 2701; x_wconf 78' lang='lat' dir='ltr'><strong>tangit,</strong></span> <span class='ocrx_word' id='word_1_413' title='bbox 2422 2637 2478 2684; x_wconf 89' lang='lat' dir='ltr'><strong>et</strong></span> <span class='ocrx_word' id='word_1_414' title='bbox 2521 2629 2833 2683; x_wconf 85' lang='lat' dir='ltr'><strong>dominante</strong></span> <span class='ocrx_word' id='word_1_415' title='bbox 2868 2627 3054 2693; x_wconf 86' lang='lat' dir='ltr'><strong>verbo,</strong></span> <span class='ocrx_word' id='word_1_416' title='bbox 3092 2627 3256 2683; x_wconf 83' lang='lat' dir='ltr'><strong>veluti</strong></span> <span class='ocrx_word' id='word_1_417' title='bbox 3279 2642 3310 2682; x_wconf 88' lang='lat' dir='ltr'><strong>e</strong></span> <span class='ocrx_word' id='word_1_418' title='bbox 3336 2641 3526 2683; x_wconf 88' lang='lat' dir='ltr'><strong>somno</strong></span> 
     </span>
    </p>
   </div>
   <div class='ocr_carea' id='block_1_58' title="bbox 1953 2716 3525 2789">
    <p class='ocr_par' dir='ltr' id='par_1_58' title="bbox 1953 2716 3525 2789">
     <span class='ocr_line' id='line_1_58' title="bbox 1953 2716 3525 2789; baseline -0.003 -13"><span class='ocrx_word' id='word_1_419' title='bbox 1953 2722 2196 2787; x_wconf 78' lang='lat' dir='ltr'><strong>suscitat,</strong></span> <span class='ocrx_word' id='word_1_420' title='bbox 2224 2730 2279 2775; x_wconf 91' lang='lat' dir='ltr'><strong>et</strong></span> <span class='ocrx_word' id='word_1_421' title='bbox 2301 2720 2506 2774; x_wconf 86' lang='lat' dir='ltr'><strong>reducit</strong></span> <span class='ocrx_word' id='word_1_422' title='bbox 2535 2719 2603 2774; x_wconf 92' lang='lat' dir='ltr'><strong>ad</strong></span> <span class='ocrx_word' id='word_1_423' title='bbox 2630 2720 2815 2773; x_wconf 84' lang='lat' dir='ltr'><strong>vitam.</strong></span> <span class='ocrx_word' id='word_1_424' title='bbox 2842 2717 3037 2789; x_wconf 76' lang='lat' dir='ltr'><strong>Tangit</strong></span> <span class='ocrx_word' id='word_1_425' title='bbox 3062 2726 3239 2774; x_wconf 83' lang='lat' dir='ltr'><strong>autem</strong></span> <span class='ocrx_word' id='word_1_426' title='bbox 3267 2716 3525 2787; x_wconf 85' lang='lat' dir='ltr'><strong>puellam.</strong></span> 
     </span>
    </p>
   </div>
   <div class='ocr_carea' id='block_1_59' title="bbox 1955 2809 3526 2879">
    <p class='ocr_par' dir='ltr' id='par_1_59' title="bbox 1955 2809 3526 2879">
     <span class='ocr_line' id='line_1_59' title="bbox 1955 2809 3526 2879; baseline -0.001 -13"><span class='ocrx_word' id='word_1_427' title='bbox 1955 2826 2011 2867; x_wconf 92' lang='lat' dir='ltr'><strong>ut</strong></span> <span class='ocrx_word' id='word_1_428' title='bbox 2047 2811 2297 2866; x_wconf 85' lang='lat' dir='ltr'><strong>ostendat</strong></span> <span class='ocrx_word' id='word_1_429' title='bbox 2349 2811 2588 2864; x_wconf 79' lang='lat' dir='ltr'><strong>divinam</strong></span> <span class='ocrx_word' id='word_1_430' title='bbox 2633 2818 2688 2863; x_wconf 91' lang='lat' dir='ltr'><strong>et</strong></span> <span class='ocrx_word' id='word_1_431' title='bbox 2725 2809 3091 2879; x_wconf 85' lang='lat' dir='ltr'><strong>incorruptam</strong></span> <span class='ocrx_word' id='word_1_432' title='bbox 3127 2823 3345 2864; x_wconf 86' lang='lat' dir='ltr'><strong>carnem</strong></span> <span class='ocrx_word' id='word_1_433' title='bbox 3372 2822 3526 2865; x_wconf 87' lang='lat' dir='ltr'><strong>suam</strong></span> 
     </span>
    </p>
   </div>
   <div class='ocr_carea' id='block_1_60' title="bbox 1956 2901 3529 2976">
    <p class='ocr_par' dir='ltr' id='par_1_60' title="bbox 1956 2901 3529 2976">
     <span class='ocr_line' id='line_1_60' title="bbox 1956 2901 3529 2976; baseline -0.002 -17"><span class='ocrx_word' id='word_1_434' title='bbox 1956 2922 2018 2959; x_wconf 76' lang='lat' dir='ltr'><strong>ex</strong></span> <span class='ocrx_word' id='word_1_435' title='bbox 2057 2909 2171 2976; x_wconf 85' lang='lat' dir='ltr'><strong>ipsa</strong></span> <span class='ocrx_word' id='word_1_436' title='bbox 2207 2905 2403 2958; x_wconf 89' lang='lat' dir='ltr'><strong>unione</strong></span> <span class='ocrx_word' id='word_1_437' title='bbox 2427 2904 2497 2957; x_wconf 90' lang='lat' dir='ltr'><strong>ita</strong></span> <span class='ocrx_word' id='word_1_438' title='bbox 2524 2914 2887 2970; x_wconf 82' lang='lat' dir='ltr'><strong>compactam,</strong></span> <span class='ocrx_word' id='word_1_439' title='bbox 2913 2902 3290 2957; x_wconf 83' lang='lat' dir='ltr'><strong>utdivinltatis</strong></span> <span class='ocrx_word' id='word_1_440' title='bbox 3309 2901 3529 2972; x_wconf 82' lang='lat' dir='ltr'><strong>partici-</strong></span> 
     </span>
    </p>
   </div>
   <div class='ocr_carea' id='block_1_61' title="bbox 1959 2993 3528 3067">
    <p class='ocr_par' dir='ltr' id='par_1_61' title="bbox 1959 2993 3528 3067">
     <span class='ocr_line' id='line_1_61' title="bbox 1959 2993 3528 3067; baseline -0.003 -16"><span class='ocrx_word' id='word_1_441' title='bbox 1959 3014 1990 3067; x_wconf 90' lang='lat' dir='ltr'><strong>p</strong></span> <span class='ocrx_word' id='word_1_442' title='bbox 2012 2999 2096 3051; x_wconf 78' lang='lat' dir='ltr'><strong>=rit</strong></span> <span class='ocrx_word' id='word_1_443' title='bbox 2131 2997 2385 3067; x_wconf 81' lang='lat' dir='ltr'><strong>gloriam,</strong></span> <span class='ocrx_word' id='word_1_444' title='bbox 2437 3001 2492 3050; x_wconf 90' lang='lat' dir='ltr'><strong>et</strong></span> <span class='ocrx_word' id='word_1_445' title='bbox 2529 2995 2902 3065; x_wconf 62' lang='lat' dir='ltr'><strong>impertienda:</strong></span> <span class='ocrx_word' id='word_1_446' title='bbox 2930 2995 3055 3049; x_wconf 86' lang='lat' dir='ltr'><strong>vitae</strong></span> <span class='ocrx_word' id='word_1_447' title='bbox 3085 2994 3201 3065; x_wconf 88' lang='lat'><strong>(80)</strong></span> <span class='ocrx_word' id='word_1_448' title='bbox 3230 2995 3350 3048; x_wconf 58' lang='lat' dir='ltr'><strong>.vim</strong></span> <span class='ocrx_word' id='word_1_449' title='bbox 3384 2993 3528 3050; x_wconf 82' lang='lat' dir='ltr'><strong>obti-</strong></span> 
     </span>
    </p>
   </div>
   <div class='ocr_carea' id='block_1_62' title="bbox 263 3077 1849 3170">
    <p class='ocr_par' dir='ltr' id='par_1_62' title="bbox 263 3077 1849 3157">
     <span class='ocr_line' id='line_1_62' title="bbox 263 3077 1849 3157; baseline -0.003 -18"><span class='ocrx_word' id='word_1_450' title='bbox 263 3086 358 3139; x_wconf 82' lang='grc' dir='ltr'><strong>Τὰ</strong></span> <span class='ocrx_word' id='word_1_451' title='bbox 386 3086 488 3157; x_wconf 79' lang='grc' dir='ltr'>μὲν</span> <span class='ocrx_word' id='word_1_452' title='bbox 511 3083 607 3139; x_wconf 80' lang='grc' dir='ltr'>οὖν</span> <span class='ocrx_word' id='word_1_453' title='bbox 626 3084 725 3154; x_wconf 81' lang='grc' dir='ltr'>τῆς</span> <span class='ocrx_word' id='word_1_454' title='bbox 752 3083 992 3154; x_wconf 83' lang='grc' dir='ltr'>ἱστορίας</span> <span class='ocrx_word' id='word_1_455' title='bbox 1013 3077 1117 3137; x_wconf 80' lang='grc' dir='ltr'>ὦδε</span> <span class='ocrx_word' id='word_1_456' title='bbox 1137 3083 1475 3149; x_wconf 69' lang='grc' dir='ltr'>τετέλεσται,</span> <span class='ocrx_word' id='word_1_457' title='bbox 1506 3084 1641 3154; x_wconf 84' lang='grc' dir='ltr'>φέρε</span> <span class='ocrx_word' id='word_1_458' title='bbox 1672 3084 1738 3154; x_wconf 81' lang='grc' dir='ltr'>δὴ</span> <span class='ocrx_word' id='word_1_459' title='bbox 1760 3084 1849 3137; x_wconf 75' lang='grc' dir='ltr'>καὶ</span> 
     </span>
    </p>
   </div>
   <div class='ocr_carea' id='block_1_63' title="bbox 1955 3077 3530 3170">
    <p class='ocr_par' dir='ltr' id='par_1_63' title="bbox 1960 3084 3530 3156">
     <span class='ocr_line' id='line_1_63' title="bbox 1960 3084 3530 3156; baseline -0.003 -13"><span class='ocrx_word' id='word_1_460' title='bbox 1960 3089 2159 3143; x_wconf 89' lang='lat' dir='ltr'><strong>nucrit.</strong></span> <span class='ocrx_word' id='word_1_461' title='bbox 2198 3088 2373 3156; x_wconf 83' lang='lat' dir='ltr'><strong>Atque</strong></span> <span class='ocrx_word' id='word_1_462' title='bbox 2403 3088 2548 3141; x_wconf 88' lang='lat' dir='ltr'><strong>hunc</strong></span> <span class='ocrx_word' id='word_1_463' title='bbox 2577 3086 2803 3140; x_wconf 87' lang='lat' dir='ltr'><strong>historia</strong></span> <span class='ocrx_word' id='word_1_464' title='bbox 2841 3085 3046 3140; x_wconf 80' lang='lat' dir='ltr'><strong>exitum</strong></span> <span class='ocrx_word' id='word_1_465' title='bbox 3093 3085 3301 3140; x_wconf 83' lang='lat' dir='ltr'><strong>habuit.</strong></span> <span class='ocrx_word' id='word_1_466' title='bbox 3339 3084 3530 3154; x_wconf 72' lang='lat' dir='ltr'><strong>Agesis</strong></span> 
     </span>
    </p>
   </div>
   <div class='ocr_carea' id='block_1_64' title="bbox 262 3173 1853 3246">
    <p class='ocr_par' dir='ltr' id='par_1_64' title="bbox 262 3173 1853 3246">
     <span class='ocr_line' id='line_1_64' title="bbox 262 3173 1853 3246; baseline -0.006 -13"><span class='ocrx_word' id='word_1_467' title='bbox 262 3181 344 3233; x_wconf 78' lang='grc' dir='ltr'>τὰ</span> <span class='ocrx_word' id='word_1_468' title='bbox 368 3176 584 3231; x_wconf 87' lang='grc' dir='ltr'>τούτων</span> <span class='ocrx_word' id='word_1_469' title='bbox 609 3173 915 3245; x_wconf 78' lang='grc' dir='ltr'>δηλούμενα</span> <span class='ocrx_word' id='word_1_470' title='bbox 940 3173 1424 3246; x_wconf 81' lang='grc' dir='ltr'>κατοπτεύοωμεν.</span> <span class='ocrx_word' id='word_1_471' title='bbox 1494 3174 1560 3227; x_wconf 84' lang='grc' dir='ltr'><strong><em>Ἦ</em></strong></span> <span class='ocrx_word' id='word_1_472' title='bbox 1589 3175 1687 3244; x_wconf 83' lang='grc' dir='ltr'>τῆς</span> <span class='ocrx_word' id='word_1_473' title='bbox 1711 3177 1853 3227; x_wconf 83' lang='grc' dir='ltr'>ίστο-</span> 
     </span>
    </p>
   </div>
   <div class='ocr_carea' id='block_1_65' title="bbox 266 3262 1854 3338">
    <p class='ocr_par' dir='ltr' id='par_1_65' title="bbox 266 3262 1854 3338">
     <span class='ocr_line' id='line_1_65' title="bbox 266 3262 1854 3338; baseline -0.004 -17"><span class='ocrx_word' id='word_1_474' title='bbox 266 3267 399 3338; x_wconf 75' lang='grc' dir='ltr'>ρίας</span> <span class='ocrx_word' id='word_1_475' title='bbox 452 3265 557 3335; x_wconf 81' lang='grc' dir='ltr'>τῆς</span> <span class='ocrx_word' id='word_1_476' title='bbox 582 3263 776 3334; x_wconf 83' lang='grc' dir='ltr'>διπλῆς</span> <span class='ocrx_word' id='word_1_477' title='bbox 822 3264 1028 3333; x_wconf 81' lang='grc' dir='ltr'>ταύτης</span> <span class='ocrx_word' id='word_1_478' title='bbox 1057 3263 1362 3334; x_wconf 78' lang='grc' dir='ltr'>ἀφήγησις,</span> <span class='ocrx_word' id='word_1_479' title='bbox 1403 3263 1502 3334; x_wconf 85' lang='grc' dir='ltr'>τῆς</span> <span class='ocrx_word' id='word_1_480' title='bbox 1520 3262 1854 3332; x_wconf 77' lang='grc' dir='ltr'>Συναγωγῆς</span> 
     </span>
    </p>
   </div>
   <div class='ocr_carea' id='block_1_66' title="bbox 261 3354 1854 3430">
    <p class='ocr_par' dir='ltr' id='par_1_66' title="bbox 261 3354 1854 3430">
     <span class='ocr_line' id='line_1_66' title="bbox 261 3354 1854 3430; baseline -0.001 -20"><span class='ocrx_word' id='word_1_481' title='bbox 261 3356 364 3430; x_wconf 75' lang='grc' dir='ltr'>ἦν,</span> <span class='ocrx_word' id='word_1_482' title='bbox 389 3358 490 3412; x_wconf 81' lang='grc' dir='ltr'>καὶ</span> <span class='ocrx_word' id='word_1_483' title='bbox 511 3358 614 3427; x_wconf 85' lang='grc' dir='ltr'>τῆς</span> <span class='ocrx_word' id='word_1_484' title='bbox 644 3356 705 3421; x_wconf 71' lang='grc' dir='ltr'>ἐξ</span> <span class='ocrx_word' id='word_1_485' title='bbox 739 3354 909 3409; x_wconf 82' lang='grc' dir='ltr'>ὲθνῶν</span> <span class='ocrx_word' id='word_1_486' title='bbox 944 3355 1278 3425; x_wconf 84' lang='grc' dir='ltr'>Ἐκκλησίας</span> <span class='ocrx_word' id='word_1_487' title='bbox 1303 3354 1674 3424; x_wconf 85' lang='grc' dir='ltr'>προτύπωσις.</span> <span class='ocrx_word' id='word_1_488' title='bbox 1709 3357 1854 3425; x_wconf 85' lang='grc' dir='ltr'>Προ-</span> 
     </span>
    </p>
   </div>
   <div class='ocr_carea' id='block_1_67' title="bbox 262 3444 1857 3522">
    <p class='ocr_par' dir='ltr' id='par_1_67' title="bbox 262 3444 1857 3522">
     <span class='ocr_line' id='line_1_67' title="bbox 262 3444 1857 3522; baseline -0.002 -20"><span class='ocrx_word' id='word_1_489' title='bbox 262 3448 605 3522; x_wconf 76' lang='grc' dir='ltr'>ηγουμένως</span> <span class='ocrx_word' id='word_1_490' title='bbox 638 3448 736 3518; x_wconf 83' lang='grc' dir='ltr'>μὲν</span> <span class='ocrx_word' id='word_1_491' title='bbox 766 3447 876 3517; x_wconf 86' lang='grc' dir='ltr'>γὰρ</span> <span class='ocrx_word' id='word_1_492' title='bbox 907 3447 987 3510; x_wconf 81' lang='grc' dir='ltr'><strong>είς</strong></span> <span class='ocrx_word' id='word_1_493' title='bbox 1013 3445 1112 3516; x_wconf 79' lang='grc' dir='ltr'>τὴν</span> <span class='ocrx_word' id='word_1_494' title='bbox 1141 3446 1416 3516; x_wconf 82' lang='grc' dir='ltr'>θυγατέρα</span> <span class='ocrx_word' id='word_1_495' title='bbox 1463 3444 1557 3498; x_wconf 81' lang='grc' dir='ltr'>τοῦ</span> <span class='ocrx_word' id='word_1_496' title='bbox 1592 3447 1857 3515; x_wconf 84' lang='grc' dir='ltr'>ἀρχισυν-</span> 
     </span>
    </p>
   </div>
   <div class='ocr_carea' id='block_1_68' title="bbox 260 3534 1855 3611">
    <p class='ocr_par' dir='ltr' id='par_1_68' title="bbox 260 3534 1855 3611">
     <span class='ocr_line' id='line_1_68' title="bbox 260 3534 1855 3611; baseline -0.006 -14"><span class='ocrx_word' id='word_1_497' title='bbox 260 3541 497 3611; x_wconf 70' lang='grc' dir='ltr'>αγώγου</span> <span class='ocrx_word' id='word_1_498' title='bbox 522 3534 687 3609; x_wconf 77' lang='grc' dir='ltr'>ἦλθεν</span> <span class='ocrx_word' id='word_1_499' title='bbox 715 3540 744 3592; x_wconf 88' lang='grc' dir='ltr'>ὀ</span> <span class='ocrx_word' id='word_1_500' title='bbox 777 3538 1003 3607; x_wconf 81' lang='grc' dir='ltr'>Κύριος,</span> <span class='ocrx_word' id='word_1_501' title='bbox 1050 3535 1330 3606; x_wconf 81' lang='grc' dir='ltr'>ὲνηργήθη</span> <span class='ocrx_word' id='word_1_502' title='bbox 1367 3535 1424 3589; x_wconf 71' lang='grc' dir='ltr'>δὲ</span> <span class='ocrx_word' id='word_1_503' title='bbox 1452 3536 1594 3588; x_wconf 83' lang='grc' dir='ltr'>κατὰ</span> <span class='ocrx_word' id='word_1_504' title='bbox 1619 3537 1855 3605; x_wconf 81' lang='grc' dir='ltr'>πάροδον</span> 
     </span>
    </p>
   </div>
   <div class='ocr_carea' id='block_1_69' title="bbox 262 3621 1855 3703">
    <p class='ocr_par' dir='ltr' id='par_1_69' title="bbox 262 3621 1855 3703">
     <span class='ocr_line' id='line_1_69' title="bbox 262 3621 1855 3703; baseline -0.004 -17"><span class='ocrx_word' id='word_1_505' title='bbox 262 3633 377 3701; x_wconf 75' lang='grc' dir='ltr'>τῆς</span> <span class='ocrx_word' id='word_1_506' title='bbox 410 3629 818 3703; x_wconf 74' lang='grc' dir='ltr'>αἱμορροούσης</span> <span class='ocrx_word' id='word_1_507' title='bbox 869 3630 904 3698; x_wconf 74' lang='grc' dir='ltr'>ἡ</span> <span class='ocrx_word' id='word_1_508' title='bbox 944 3630 1113 3693; x_wconf 81' lang='grc' dir='ltr'>ίασις,</span> <span class='ocrx_word' id='word_1_509' title='bbox 1164 3628 1484 3688; x_wconf 83' lang='grc' dir='ltr'>δεικνύντος</span> <span class='ocrx_word' id='word_1_510' title='bbox 1533 3621 1709 3701; x_wconf 74' lang='grc' dir='ltr'>οἶμαι,</span> <span class='ocrx_word' id='word_1_511' title='bbox 1760 3626 1855 3679; x_wconf 80' lang='grc' dir='ltr'>τοῦ</span> 
     </span>
    </p>
   </div>
   <div class='ocr_carea' id='block_1_70' title="bbox 268 3718 1854 3797">
    <p class='ocr_par' dir='ltr' id='par_1_70' title="bbox 268 3718 1854 3797">
     <span class='ocr_line' id='line_1_70' title="bbox 268 3718 1854 3797; baseline -0.005 -18"><span class='ocrx_word' id='word_1_512' title='bbox 268 3726 632 3797; x_wconf 79' lang='grc' dir='ltr'>πράγματος,</span> <span class='ocrx_word' id='word_1_513' title='bbox 668 3722 755 3776; x_wconf 85' lang='grc' dir='ltr'>ὅτι</span> <span class='ocrx_word' id='word_1_514' title='bbox 794 3719 994 3791; x_wconf 86' lang='grc' dir='ltr'>κυρίως</span> <span class='ocrx_word' id='word_1_515' title='bbox 1024 3720 1147 3789; x_wconf 79' lang='grc' dir='ltr'>μὲν,</span> <span class='ocrx_word' id='word_1_516' title='bbox 1181 3718 1304 3789; x_wconf 72' lang='grc' dir='ltr'>οὐχὶ</span> <span class='ocrx_word' id='word_1_517' title='bbox 1354 3721 1468 3782; x_wconf 87' lang='grc' dir='ltr'><strong>τοίς</strong></span> <span class='ocrx_word' id='word_1_518' title='bbox 1506 3718 1717 3772; x_wconf 75' lang='grc' dir='ltr'>ἔθνεσιν</span> <span class='ocrx_word' id='word_1_519' title='bbox 1748 3719 1854 3771; x_wconf 82' lang='grc' dir='ltr'><strong>ὑπ-</strong></span> 
     </span>
    </p>
   </div>
   <div class='ocr_carea' id='block_1_71' title="bbox 263 3811 1856 3888">
    <p class='ocr_par' dir='ltr' id='par_1_71' title="bbox 263 3811 1856 3888">
     <span class='ocr_line' id='line_1_71' title="bbox 263 3811 1856 3888; baseline -0.006 -15"><span class='ocrx_word' id='word_1_520' title='bbox 263 3820 574 3888; x_wconf 77' lang='grc' dir='ltr'>ιδήμησεν,</span> <span class='ocrx_word' id='word_1_521' title='bbox 599 3813 738 3874; x_wconf 79' lang='grc' dir='ltr'>ἀλλὰ</span> <span class='ocrx_word' id='word_1_522' title='bbox 757 3811 834 3884; x_wconf 78' lang='grc' dir='ltr'>τῷ</span> <span class='ocrx_word' id='word_1_523' title='bbox 874 3811 1112 3883; x_wconf 77' lang='grc' dir='ltr'>Ἰσραὴλ,</span> <span class='ocrx_word' id='word_1_524' title='bbox 1139 3811 1215 3874; x_wconf 82' lang='grc' dir='ltr'>ὡς</span> <span class='ocrx_word' id='word_1_525' title='bbox 1236 3812 1442 3875; x_wconf 73' lang='grc' dir='ltr'>ἐκεῖνός</span> <span class='ocrx_word' id='word_1_526' title='bbox 1468 3827 1634 3881; x_wconf 84' lang='grc' dir='ltr'>φησιν</span> <span class='ocrx_word' id='word_1_527' title='bbox 1660 3827 1674 3840; x_wconf 89' lang='grc'><strong>·</strong></span> <span class='ocrx_word' id='word_1_528' title='bbox 1698 3829 1716 3861; x_wconf 84' lang='grc' dir='ltr'><strong>ι</strong></span> <span class='ocrx_word' id='word_1_529' title='bbox 1743 3811 1856 3864; x_wconf 76' lang='grc' dir='ltr'><strong>Οὐκ</strong></span> 
     </span>
    </p>
   </div>
   <div class='ocr_carea' id='block_1_72' title="bbox 266 3902 1855 3979">
    <p class='ocr_par' dir='ltr' id='par_1_72' title="bbox 266 3902 1855 3979">
     <span class='ocr_line' id='line_1_72' title="bbox 266 3902 1855 3979; baseline -0.008 -13"><span class='ocrx_word' id='word_1_530' title='bbox 266 3910 619 3979; x_wconf 80' lang='grc' dir='ltr'>ἀπεστάλην,</span> <span class='ocrx_word' id='word_1_531' title='bbox 664 3907 714 3959; x_wconf 86' lang='grc' dir='ltr'><strong>εί</strong></span> <span class='ocrx_word' id='word_1_532' title='bbox 757 3905 834 3976; x_wconf 79' lang='grc' dir='ltr'>μὴ</span> <span class='ocrx_word' id='word_1_533' title='bbox 883 3904 963 3968; x_wconf 78' lang='grc' dir='ltr'><strong>είς</strong></span> <span class='ocrx_word' id='word_1_534' title='bbox 990 3904 1062 3957; x_wconf 84' lang='grc' dir='ltr'><strong>τά</strong></span> <span class='ocrx_word' id='word_1_535' title='bbox 1110 3903 1386 3973; x_wconf 77' lang='grc' dir='ltr'>πρόϐατα,</span> <span class='ocrx_word' id='word_1_536' title='bbox 1443 3903 1514 3960; x_wconf 76' lang='grc' dir='ltr'>τὰ</span> <span class='ocrx_word' id='word_1_537' title='bbox 1542 3902 1855 3957; x_wconf 81' lang='grc' dir='ltr'>ἀπολωλότα</span> 
     </span>
    </p>
   </div>
   <div class='ocr_carea' id='block_1_73' title="bbox 263 3994 1854 4071">
    <p class='ocr_par' dir='ltr' id='par_1_73' title="bbox 263 3994 1854 4071">
     <span class='ocr_line' id='line_1_73' title="bbox 263 3994 1854 4071; baseline -0.008 -12"><span class='ocrx_word' id='word_1_538' title='bbox 263 4005 429 4059; x_wconf 69' lang='grc' dir='ltr'>οἴκου</span> <span class='ocrx_word' id='word_1_539' title='bbox 474 3998 726 4071; x_wconf 80' lang='grc' dir='ltr'>Ἰσραήλ’</span> <span class='ocrx_word' id='word_1_540' title='bbox 761 3996 856 4050; x_wconf 83' lang='grc' dir='ltr'><strong>τοῦ</strong></span> <span class='ocrx_word' id='word_1_541' title='bbox 879 3996 935 4049; x_wconf 82' lang='grc' dir='ltr'>δὲ</span> <span class='ocrx_word' id='word_1_542' title='bbox 973 3994 1191 4066; x_wconf 80' lang='grc' dir='ltr'>Ἰσραὴλ</span> <span class='ocrx_word' id='word_1_543' title='bbox 1222 3995 1651 4065; x_wconf 82' lang='grc' dir='ltr'>ἀπιστήσαντος,</span> <span class='ocrx_word' id='word_1_544' title='bbox 1680 3995 1715 4065; x_wconf 77' lang='grc' dir='ltr'>ὴ</span> <span class='ocrx_word' id='word_1_545' title='bbox 1747 4011 1854 4047; x_wconf 86' lang='grc' dir='ltr'><strong>σω-</strong></span> 
     </span>
    </p>
   </div>
   <div class='ocr_carea' id='block_1_74' title="bbox 265 4085 1854 4167">
    <p class='ocr_par' dir='ltr' id='par_1_74' title="bbox 265 4085 1854 4167">
     <span class='ocr_line' id='line_1_74' title="bbox 265 4085 1854 4167; baseline -0.014 -14"><span class='ocrx_word' id='word_1_546' title='bbox 265 4098 449 4167; x_wconf 78' lang='grc' dir='ltr'>τηρία</span> <span class='ocrx_word' id='word_1_547' title='bbox 505 4094 622 4154; x_wconf 88' lang='grc' dir='ltr'>τοῖς</span> <span class='ocrx_word' id='word_1_548' title='bbox 675 4089 855 4144; x_wconf 70' lang='grc' dir='ltr'>ἔθνεσι</span> <span class='ocrx_word' id='word_1_549' title='bbox 886 4088 1101 4156; x_wconf 79' lang='grc' dir='ltr'>γίνεται</span> <span class='ocrx_word' id='word_1_550' title='bbox 1150 4085 1551 4156; x_wconf 82' lang='grc' dir='ltr'>ἀκολουθήσασι</span> <span class='ocrx_word' id='word_1_551' title='bbox 1579 4085 1663 4155; x_wconf 75' lang='grc' dir='ltr'>τῷ</span> <span class='ocrx_word' id='word_1_552' title='bbox 1680 4085 1854 4154; x_wconf 76' lang='grc' dir='ltr'>κηρύ-</span> 
     </span>
    </p>
   </div>
   <div class='ocr_carea' id='block_1_75' title="bbox 268 4177 1855 4259">
    <p class='ocr_par' dir='ltr' id='par_1_75' title="bbox 268 4177 1855 4259">
     <span class='ocr_line' id='line_1_75' title="bbox 268 4177 1855 4259; baseline -0.008 -19"><span class='ocrx_word' id='word_1_553' title='bbox 268 4203 476 4259; x_wconf 84' lang='grc' dir='ltr'>γματι,</span> <span class='ocrx_word' id='word_1_554' title='bbox 504 4185 598 4238; x_wconf 77' lang='grc' dir='ltr'>καὶ</span> <span class='ocrx_word' id='word_1_555' title='bbox 627 4184 725 4253; x_wconf 79' lang='grc' dir='ltr'>τῆς</span> <span class='ocrx_word' id='word_1_556' title='bbox 757 4178 1125 4249; x_wconf 83' lang='grc' dir='ltr'>εύαγγελικῆς</span> <span class='ocrx_word' id='word_1_557' title='bbox 1148 4177 1354 4248; x_wconf 82' lang='grc' dir='ltr'>φωνῆς,</span> <span class='ocrx_word' id='word_1_558' title='bbox 1380 4178 1476 4232; x_wconf 79' lang='grc' dir='ltr'>καὶ</span> <span class='ocrx_word' id='word_1_559' title='bbox 1503 4177 1855 4240; x_wconf 80' lang='grc' dir='ltr'>διδασκαλίας</span> 
     </span>
    </p>
   </div>
   <div class='ocr_carea' id='block_1_76' title="bbox 267 4269 1854 4352">
    <p class='ocr_par' dir='ltr' id='par_1_76' title="bbox 267 4269 1854 4352">
     <span class='ocr_line' id='line_1_76' title="bbox 267 4269 1854 4352; baseline -0.009 -17"><span class='ocrx_word' id='word_1_560' title='bbox 267 4279 610 4352; x_wconf 61' lang='grc' dir='ltr'>ἁψαμένοις,</span> <span class='ocrx_word' id='word_1_561' title='bbox 641 4276 715 4338; x_wconf 88' lang='grc' dir='ltr'>ὠς</span> <span class='ocrx_word' id='word_1_562' title='bbox 763 4271 996 4344; x_wconf 83' lang='grc' dir='ltr'>ἱματίων</span> <span class='ocrx_word' id='word_1_563' title='bbox 1029 4269 1401 4324; x_wconf 86' lang='grc' dir='ltr'>δεσποτικῶν·</span> <span class='ocrx_word' id='word_1_564' title='bbox 1437 4270 1531 4322; x_wconf 82' lang='grc' dir='ltr'><strong>καὶ</strong></span> <span class='ocrx_word' id='word_1_565' title='bbox 1550 4269 1694 4323; x_wconf 74' lang='grc' dir='ltr'>οὕτω</span> <span class='ocrx_word' id='word_1_566' title='bbox 1722 4269 1854 4322; x_wconf 85' lang='grc' dir='ltr'>στά-</span> 
     </span>
    </p>
   </div>
   <div class='ocr_carea' id='block_1_77' title="bbox 266 4359 1854 4442">
    <p class='ocr_par' dir='ltr' id='par_1_77' title="bbox 266 4359 1854 4442">
     <span class='ocr_line' id='line_1_77' title="bbox 266 4359 1854 4442; baseline -0.008 -18"><span class='ocrx_word' id='word_1_567' title='bbox 266 4390 359 4437; x_wconf 84' lang='grc' dir='ltr'><strong>σις</strong></span> <span class='ocrx_word' id='word_1_568' title='bbox 380 4373 579 4442; x_wconf 80' lang='grc' dir='ltr'>γέγονε</span> <span class='ocrx_word' id='word_1_569' title='bbox 606 4368 707 4439; x_wconf 78' lang='grc' dir='ltr'><strong>τῆς</strong></span> <span class='ocrx_word' id='word_1_570' title='bbox 728 4363 960 4436; x_wconf 81' lang='grc' dir='ltr'>ροὼδους</span> <span class='ocrx_word' id='word_1_571' title='bbox 988 4360 1284 4431; x_wconf 81' lang='grc' dir='ltr'>ἁμαρτίας,</span> <span class='ocrx_word' id='word_1_572' title='bbox 1321 4359 1416 4412; x_wconf 80' lang='grc' dir='ltr'>καὶ</span> <span class='ocrx_word' id='word_1_573' title='bbox 1445 4360 1719 4429; x_wconf 83' lang='grc' dir='ltr'>φοινικῆς,</span> <span class='ocrx_word' id='word_1_574' title='bbox 1755 4361 1854 4430; x_wconf 88' lang='grc' dir='ltr'>τῆς</span> 
     </span>
    </p>
   </div>
   <div class='ocr_carea' id='block_1_78' title="bbox 1960 3177 3531 3250">
    <p class='ocr_par' dir='ltr' id='par_1_78' title="bbox 1960 3177 3531 3250">
     <span class='ocr_line' id='line_1_78' title="bbox 1960 3177 3531 3250; baseline -0.003 -14"><span class='ocrx_word' id='word_1_575' title='bbox 1960 3197 2120 3246; x_wconf 87' lang='lat' dir='ltr'><strong>nunc,</strong></span> <span class='ocrx_word' id='word_1_576' title='bbox 2152 3197 2272 3250; x_wconf 83' lang='lat' dir='ltr'><strong>qua:</strong></span> <span class='ocrx_word' id='word_1_577' title='bbox 2294 3180 2377 3234; x_wconf 87' lang='lat' dir='ltr'><strong>his</strong></span> <span class='ocrx_word' id='word_1_578' title='bbox 2405 3179 2800 3249; x_wconf 74' lang='lat' dir='ltr'><strong>signifieutur,</strong></span> <span class='ocrx_word' id='word_1_579' title='bbox 2823 3178 3249 3234; x_wconf 89' lang='lat' dir='ltr'><strong>consideremus.</strong></span> <span class='ocrx_word' id='word_1_580' title='bbox 3290 3177 3531 3246; x_wconf 87' lang='lat' dir='ltr'><strong>Duplicis</strong></span> 
     </span>
    </p>
   </div>
   <div class='ocr_carea' id='block_1_79' title="bbox 1957 3268 3530 3341">
    <p class='ocr_par' dir='ltr' id='par_1_79' title="bbox 1957 3268 3530 3341">
     <span class='ocr_line' id='line_1_79' title="bbox 1957 3268 3530 3341; baseline -0.004 -14"><span class='ocrx_word' id='word_1_581' title='bbox 1957 3272 2182 3341; x_wconf 84' lang='lat' dir='ltr'><strong>hujusce</strong></span> <span class='ocrx_word' id='word_1_582' title='bbox 2217 3270 2456 3325; x_wconf 81' lang='lat' dir='ltr'><strong>narratio</strong></span> <span class='ocrx_word' id='word_1_583' title='bbox 2511 3269 2775 3336; x_wconf 77' lang='lat' dir='ltr'><strong>historiae,</strong></span> <span class='ocrx_word' id='word_1_584' title='bbox 2830 3268 3150 3339; x_wconf 67' lang='lat' dir='ltr'><strong>Synagogm,</strong></span> <span class='ocrx_word' id='word_1_585' title='bbox 3188 3277 3243 3324; x_wconf 91' lang='lat' dir='ltr'><strong>et</strong></span> <span class='ocrx_word' id='word_1_586' title='bbox 3274 3268 3530 3323; x_wconf 83' lang='lat' dir='ltr'><strong>Ecclesiae</strong></span> 
     </span>
    </p>
   </div>
   <div class='ocr_carea' id='block_1_80' title="bbox 1954 3359 3529 3434">
    <p class='ocr_par' dir='ltr' id='par_1_80' title="bbox 1954 3359 3529 3434">
     <span class='ocr_line' id='line_1_80' title="bbox 1954 3359 3529 3434; baseline -0.006 -14"><span class='ocrx_word' id='word_1_587' title='bbox 1954 3381 2020 3420; x_wconf 79' lang='lat' dir='ltr'><strong>ex</strong></span> <span class='ocrx_word' id='word_1_588' title='bbox 2055 3363 2303 3434; x_wconf 75' lang='lat' dir='ltr'><strong>gentibus</strong></span> <span class='ocrx_word' id='word_1_589' title='bbox 2335 3371 2669 3431; x_wconf 70' lang='lat' dir='ltr'><strong>congregata:</strong></span> <span class='ocrx_word' id='word_1_590' title='bbox 2715 3361 3058 3415; x_wconf 83' lang='lat' dir='ltr'><strong>adumbratio</strong></span> <span class='ocrx_word' id='word_1_591' title='bbox 3091 3360 3210 3414; x_wconf 84' lang='lat' dir='ltr'><strong>fuit.</strong></span> <span class='ocrx_word' id='word_1_592' title='bbox 3239 3359 3375 3412; x_wconf 86' lang='lat' dir='ltr'><strong>Nam</strong></span> <span class='ocrx_word' id='word_1_593' title='bbox 3423 3359 3529 3412; x_wconf 90' lang='lat' dir='ltr'><strong>Do-</strong></span> 
     </span>
    </p>
   </div>
   <div class='ocr_carea' id='block_1_81' title="bbox 1958 3451 3525 3523">
    <p class='ocr_par' dir='ltr' id='par_1_81' title="bbox 1958 3451 3525 3523">
     <span class='ocr_line' id='line_1_81' title="bbox 1958 3451 3525 3523; baseline -0.005 -13"><span class='ocrx_word' id='word_1_594' title='bbox 1958 3458 2136 3510; x_wconf 87' lang='lat' dir='ltr'><strong>minus</strong></span> <span class='ocrx_word' id='word_1_595' title='bbox 2159 3455 2426 3521; x_wconf 76' lang='lat' dir='ltr'><strong>praccipue</strong></span> <span class='ocrx_word' id='word_1_596' title='bbox 2449 3454 2595 3507; x_wconf 82' lang='lat' dir='ltr'><strong>venit</strong></span> <span class='ocrx_word' id='word_1_597' title='bbox 2620 3453 2685 3507; x_wconf 85' lang='lat' dir='ltr'><strong>ad</strong></span> <span class='ocrx_word' id='word_1_598' title='bbox 2715 3452 2877 3507; x_wconf 79' lang='lat' dir='ltr'><strong>ﬁliam</strong></span> <span class='ocrx_word' id='word_1_599' title='bbox 2907 3453 3167 3522; x_wconf 89' lang='lat' dir='ltr'><strong>principis</strong></span> <span class='ocrx_word' id='word_1_600' title='bbox 3189 3451 3485 3523; x_wconf 67' lang='lat' dir='ltr'><strong>Synagogm</strong></span> <span class='ocrx_word' id='word_1_601' title='bbox 3510 3490 3525 3513; x_wconf 88' lang='lat'><strong>,</strong></span> 
     </span>
    </p>
   </div>
   <div class='ocr_carea' id='block_1_82' title="bbox 1959 3542 3526 3613">
    <p class='ocr_par' dir='ltr' id='par_1_82' title="bbox 1959 3542 3526 3613">
     <span class='ocr_line' id='line_1_82' title="bbox 1959 3542 3526 3613; baseline -0.006 -12"><span class='ocrx_word' id='word_1_602' title='bbox 1959 3546 2203 3601; x_wconf 86' lang='lat' dir='ltr'><strong>mulieris</strong></span> <span class='ocrx_word' id='word_1_603' title='bbox 2231 3558 2362 3597; x_wconf 89' lang='lat' dir='ltr'><strong>vero</strong></span> <span class='ocrx_word' id='word_1_604' title='bbox 2402 3544 2684 3613; x_wconf 76' lang='lat' dir='ltr'><strong>sanguinis</strong></span> <span class='ocrx_word' id='word_1_605' title='bbox 2733 3543 2967 3598; x_wconf 83' lang='lat' dir='ltr'><strong>ﬂuxione</strong></span> <span class='ocrx_word' id='word_1_606' title='bbox 3015 3543 3316 3598; x_wconf 86' lang='lat' dir='ltr'><strong>laborantis</strong></span> <span class='ocrx_word' id='word_1_607' title='bbox 3350 3542 3526 3597; x_wconf 86' lang='lat' dir='ltr'><strong>obiter</strong></span> 
     </span>
    </p>
   </div>
   <div class='ocr_carea' id='block_1_83' title="bbox 1956 3630 3529 3703">
    <p class='ocr_par' dir='ltr' id='par_1_83' title="bbox 1956 3630 3529 3703">
     <span class='ocr_line' id='line_1_83' title="bbox 1956 3630 3529 3703; baseline -0.003 -13"><span class='ocrx_word' id='word_1_608' title='bbox 1956 3643 2039 3690; x_wconf 90' lang='lat' dir='ltr'><strong>est</strong></span> <span class='ocrx_word' id='word_1_609' title='bbox 2067 3633 2260 3689; x_wconf 77' lang='lat' dir='ltr'><strong>eﬂ‘ecta</strong></span> <span class='ocrx_word' id='word_1_610' title='bbox 2310 3635 2557 3700; x_wconf 85' lang='lat' dir='ltr'><strong>curatio;</strong></span> <span class='ocrx_word' id='word_1_611' title='bbox 2593 3647 2702 3703; x_wconf 89' lang='lat' dir='ltr'><strong>quo</strong></span> <span class='ocrx_word' id='word_1_612' title='bbox 2748 3633 2910 3697; x_wconf 87' lang='lat' dir='ltr'><strong>facto,</strong></span> <span class='ocrx_word' id='word_1_613' title='bbox 2957 3635 3169 3703; x_wconf 83' lang='lat' dir='ltr'><strong>opinor,</strong></span> <span class='ocrx_word' id='word_1_614' title='bbox 3210 3630 3529 3693; x_wconf 74' lang='lat' dir='ltr'><strong>ostenditur,</strong></span> 
     </span>
    </p>
   </div>
   <div class='ocr_carea' id='block_1_84' title="bbox 1958 3721 3527 3794">
    <p class='ocr_par' dir='ltr' id='par_1_84' title="bbox 1958 3721 3527 3794">
     <span class='ocr_line' id='line_1_84' title="bbox 1958 3721 3527 3794; baseline -0.003 -13"><span class='ocrx_word' id='word_1_615' title='bbox 1958 3727 2105 3781; x_wconf 88' lang='lat' dir='ltr'><strong>illunt</strong></span> <span class='ocrx_word' id='word_1_616' title='bbox 2138 3741 2242 3779; x_wconf 90' lang='lat' dir='ltr'><strong>nou</strong></span> <span class='ocrx_word' id='word_1_617' title='bbox 2269 3724 2637 3790; x_wconf 87' lang='lat' dir='ltr'><strong>ethnicorum,</strong></span> <span class='ocrx_word' id='word_1_618' title='bbox 2701 3725 2796 3780; x_wconf 89' lang='lat' dir='ltr'><strong>sed</strong></span> <span class='ocrx_word' id='word_1_619' title='bbox 2833 3723 3323 3794; x_wconf 69' lang='lat' dir='ltr'><strong>p0puli.praacipue</strong></span> <span class='ocrx_word' id='word_1_620' title='bbox 3350 3721 3527 3778; x_wconf 87' lang='lat' dir='ltr'><strong>Israe-</strong></span> 
     </span>
    </p>
   </div>
   <div class='ocr_carea' id='block_1_85' title="bbox 1958 3812 3514 3887">
    <p class='ocr_par' dir='ltr' id='par_1_85' title="bbox 1958 3812 3514 3887">
     <span class='ocr_line' id='line_1_85' title="bbox 1958 3812 3514 3887; baseline -0.003 -17"><span class='ocrx_word' id='word_1_621' title='bbox 1958 3817 2091 3871; x_wconf 91' lang='lat' dir='ltr'><strong>litici</strong></span> <span class='ocrx_word' id='word_1_622' title='bbox 2143 3817 2316 3887; x_wconf 83' lang='lat' dir='ltr'><strong>gratia</strong></span> <span class='ocrx_word' id='word_1_623' title='bbox 2366 3816 2420 3870; x_wconf 91' lang='lat' dir='ltr'><strong>in</strong></span> <span class='ocrx_word' id='word_1_624' title='bbox 2458 3814 2715 3869; x_wconf 85' lang='lat' dir='ltr'><strong>mundum</strong></span> <span class='ocrx_word' id='word_1_625' title='bbox 2765 3816 3018 3883; x_wconf 86' lang='lat' dir='ltr'><strong>venisse,</strong></span> <span class='ocrx_word' id='word_1_626' title='bbox 3068 3823 3126 3868; x_wconf 92' lang='lat' dir='ltr'><strong>ut</strong></span> <span class='ocrx_word' id='word_1_627' title='bbox 3175 3812 3294 3884; x_wconf 86' lang='lat' dir='ltr'><strong>ipse</strong></span> <span class='ocrx_word' id='word_1_628' title='bbox 3352 3812 3514 3868; x_wconf 80' lang='lat' dir='ltr'><strong>dixit:</strong></span> 
     </span>
    </p>
   </div>
   <div class='ocr_carea' id='block_1_86' title="bbox 1962 3906 3527 3977">
    <p class='ocr_par' dir='ltr' id='par_1_86' title="bbox 1962 3906 3527 3977">
     <span class='ocr_line' id='line_1_86' title="bbox 1962 3906 3527 3977; baseline -0.003 -12"><span class='ocrx_word' id='word_1_629' title='bbox 1962 3928 1982 3957; x_wconf 79' lang='grc' dir='ltr'><strong>σ</strong></span> <span class='ocrx_word' id='word_1_630' title='bbox 2021 3908 2139 3964; x_wconf 84' lang='grc' dir='ltr'>Νοη</span> <span class='ocrx_word' id='word_1_631' title='bbox 2174 3923 2294 3962; x_wconf 87' lang='lat' dir='ltr'><strong>sum</strong></span> <span class='ocrx_word' id='word_1_632' title='bbox 2323 3908 2523 3963; x_wconf 88' lang='lat' dir='ltr'><strong>missus</strong></span> <span class='ocrx_word' id='word_1_633' title='bbox 2554 3906 2655 3961; x_wconf 84' lang='lat' dir='ltr'><strong>nisi</strong></span> <span class='ocrx_word' id='word_1_634' title='bbox 2687 3908 2751 3960; x_wconf 84' lang='lat' dir='ltr'><strong>atl</strong></span> <span class='ocrx_word' id='word_1_635' title='bbox 2783 3922 2913 3962; x_wconf 85' lang='lat' dir='ltr'><strong>oves</strong></span> <span class='ocrx_word' id='word_1_636' title='bbox 2968 3921 3087 3977; x_wconf 75' lang='lat' dir='ltr'><strong>quae</strong></span> <span class='ocrx_word' id='word_1_637' title='bbox 3128 3908 3405 3976; x_wconf 87' lang='lat' dir='ltr'><strong>perierunt</strong></span> <span class='ocrx_word' id='word_1_638' title='bbox 3428 3906 3527 3961; x_wconf 87' lang='lat' dir='ltr'><strong>do-</strong></span> 
     </span>
    </p>
   </div>
   <div class='ocr_carea' id='block_1_87' title="bbox 1962 3996 3528 4067">
    <p class='ocr_par' dir='ltr' id='par_1_87' title="bbox 1962 3996 3528 4067">
     <span class='ocr_line' id='line_1_87' title="bbox 1962 3996 3528 4067; baseline -0.001 -13"><span class='ocrx_word' id='word_1_639' title='bbox 1962 4015 2081 4054; x_wconf 91' lang='lat' dir='ltr'><strong>mus</strong></span> <span class='ocrx_word' id='word_1_640' title='bbox 2108 3998 2278 4054; x_wconf 80' lang='lat' dir='ltr'><strong>Israel</strong></span> <span class='ocrx_word' id='word_1_641' title='bbox 2310 3998 2375 4051; x_wconf 70' lang='grc' dir='ltr'><strong>ι’.</strong></span> <span class='ocrx_word' id='word_1_642' title='bbox 2415 4016 2435 4048; x_wconf 75' lang='grc' dir='ltr'><strong>ι</strong></span> <span class='ocrx_word' id='word_1_643' title='bbox 2473 3997 2736 4063; x_wconf 86' lang='lat' dir='ltr'><strong>Quoniam</strong></span> <span class='ocrx_word' id='word_1_644' title='bbox 2771 4012 2902 4051; x_wconf 90' lang='lat' dir='ltr'><strong>vero</strong></span> <span class='ocrx_word' id='word_1_645' title='bbox 2934 3996 3162 4067; x_wconf 88' lang='lat' dir='ltr'><strong>populus</strong></span> <span class='ocrx_word' id='word_1_646' title='bbox 3196 3996 3528 4053; x_wconf 87' lang='lat' dir='ltr'><strong>lsraeliticus</strong></span> 
     </span>
    </p>
   </div>
   <div class='ocr_carea' id='block_1_88' title="bbox 1956 4085 3526 4157">
    <p class='ocr_par' dir='ltr' id='par_1_88' title="bbox 1956 4085 3526 4157">
     <span class='ocr_line' id='line_1_88' title="bbox 1956 4085 3526 4157; baseline -0.003 -13"><span class='ocrx_word' id='word_1_647' title='bbox 1956 4088 2188 4144; x_wconf 77' lang='lat' dir='ltr'><strong>infidelis</strong></span> <span class='ocrx_word' id='word_1_648' title='bbox 2201 4086 2973 4152; x_wconf 83' lang='lat' dir='ltr'><strong>fuit,ethuicissalusobvenit,</strong></span> <span class='ocrx_word' id='word_1_649' title='bbox 2994 4085 3526 4157; x_wconf 63' lang='lat' dir='ltr'><strong>quipraadicationetn</strong></span> 
     </span>
    </p>
   </div>
   <div class='ocr_carea' id='block_1_89' title="bbox 1955 4178 3527 4246">
    <p class='ocr_par' dir='ltr' id='par_1_89' title="bbox 1955 4178 3527 4246">
     <span class='ocr_line' id='line_1_89' title="bbox 1955 4178 3527 4246; baseline -0.004 -11"><span class='ocrx_word' id='word_1_650' title='bbox 1955 4180 2211 4237; x_wconf 67' lang='lat' dir='ltr'><strong>assecuti</strong></span> <span class='ocrx_word' id='word_1_651' title='bbox 2236 4187 2384 4246; x_wconf 84' lang='lat' dir='ltr'><strong>sunt,</strong></span> <span class='ocrx_word' id='word_1_652' title='bbox 2423 4187 2478 4233; x_wconf 91' lang='lat' dir='ltr'><strong>et</strong></span> <span class='ocrx_word' id='word_1_653' title='bbox 2511 4178 2812 4232; x_wconf 65' lang='lat' dir='ltr'><strong>doctrinam</strong></span> <span class='ocrx_word' id='word_1_654' title='bbox 2857 4178 3224 4246; x_wconf 76' lang='lat' dir='ltr'><strong>evangelicum</strong></span> <span class='ocrx_word' id='word_1_655' title='bbox 3271 4184 3527 4244; x_wconf 84' lang='lat' dir='ltr'><strong>tanquam</strong></span> 
     </span>
    </p>
   </div>
   <div class='ocr_carea' id='block_1_90' title="bbox 1956 4268 3528 4341">
    <p class='ocr_par' dir='ltr' id='par_1_90' title="bbox 1956 4268 3528 4341">
     <span class='ocr_line' id='line_1_90' title="bbox 1956 4268 3528 4341; baseline -0.004 -14"><span class='ocrx_word' id='word_1_656' title='bbox 1956 4271 2169 4327; x_wconf 83' lang='lat' dir='ltr'><strong>Domini</strong></span> <span class='ocrx_word' id='word_1_657' title='bbox 2187 4269 2504 4325; x_wconf 82' lang='lat' dir='ltr'><strong>vestimenta</strong></span> <span class='ocrx_word' id='word_1_658' title='bbox 2529 4269 3030 4341; x_wconf 82' lang='lat' dir='ltr'><strong>apprcltenderunt:</strong></span> <span class='ocrx_word' id='word_1_659' title='bbox 3056 4279 3214 4337; x_wconf 87' lang='lat' dir='ltr'><strong>atque</strong></span> <span class='ocrx_word' id='word_1_660' title='bbox 3232 4268 3304 4322; x_wconf 87' lang='lat' dir='ltr'><strong>ita</strong></span> <span class='ocrx_word' id='word_1_661' title='bbox 3329 4269 3528 4333; x_wconf 82' lang='lat' dir='ltr'><strong>evenit,</strong></span> 
     </span>
    </p>
   </div>
   <div class='ocr_carea' id='block_1_91' title="bbox 1957 4359 3533 4432">
    <p class='ocr_par' dir='ltr' id='par_1_91' title="bbox 1957 4359 3533 4432">
     <span class='ocr_line' id='line_1_91' title="bbox 1957 4359 3533 4432; baseline -0.004 -15"><span class='ocrx_word' id='word_1_662' title='bbox 1957 4374 2017 4417; x_wconf 93' lang='lat' dir='ltr'><strong>ut</strong></span> <span class='ocrx_word' id='word_1_663' title='bbox 2046 4361 2382 4432; x_wconf 76' lang='lat' dir='ltr'><strong>sanguinarii</strong></span> <span class='ocrx_word' id='word_1_664' title='bbox 2414 4361 2618 4429; x_wconf 89' lang='lat' dir='ltr'><strong>peccati</strong></span> <span class='ocrx_word' id='word_1_665' title='bbox 2637 4361 2920 4414; x_wconf 87' lang='lat' dir='ltr'><strong>sisteretur</strong></span> <span class='ocrx_word' id='word_1_666' title='bbox 2941 4360 3098 4424; x_wconf 80' lang='lat' dir='ltr'><strong>liuor,</strong></span> <span class='ocrx_word' id='word_1_667' title='bbox 3129 4374 3223 4428; x_wconf 88' lang='lat' dir='ltr'><strong>per</strong></span> <span class='ocrx_word' id='word_1_668' title='bbox 3252 4359 3396 4430; x_wconf 91' lang='lat' dir='ltr'><strong>quod</strong></span> <span class='ocrx_word' id='word_1_669' title='bbox 3428 4359 3533 4412; x_wconf 84' lang='lat' dir='ltr'><strong>uti-</strong></span> 
     </span>
    </p>
   </div>
   <div class='ocr_carea' id='block_1_92' title="bbox 265 4430 1849 4532">
    <p class='ocr_par' dir='ltr' id='par_1_92' title="bbox 265 4430 1849 4532">
     <span class='ocr_line' id='line_1_92' title="bbox 265 4430 1849 4532; baseline -0.018 -13"><span class='ocrx_word' id='word_1_670' title='bbox 265 4430 610 4532; x_wconf 39' lang='grc' dir='ltr'>δι’-αἱμάτων</span> <span class='ocrx_word' id='word_1_671' title='bbox 643 4430 855 4529; x_wconf 55' lang='lat' dir='ltr'><strong>idem;</strong></span> <span class='ocrx_word' id='word_1_672' title='bbox 907 4430 1438 4522; x_wconf 79' lang='grc' dir='ltr'>παρασκευαζούσης</span> <span class='ocrx_word' id='word_1_673' title='bbox 1474 4451 1601 4513; x_wconf 81' lang='grc' dir='ltr'>τοὺς</span> <span class='ocrx_word' id='word_1_674' title='bbox 1638 4449 1849 4520; x_wconf 82' lang='grc' dir='ltr'>ἀνθρώ-</span> 
     </span>
    </p>
   </div>
   <div class='ocr_carea' id='block_1_93' title="bbox 1955 4430 3533 4532">
    <p class='ocr_par' dir='ltr' id='par_1_93' title="bbox 1955 4447 3533 4523">
     <span class='ocr_line' id='line_1_93' title="bbox 1955 4447 3533 4523; baseline -0.003 -17"><span class='ocrx_word' id='word_1_675' title='bbox 1955 4469 2061 4523; x_wconf 90' lang='lat' dir='ltr'><strong>que</strong></span> <span class='ocrx_word' id='word_1_676' title='bbox 2085 4452 2417 4507; x_wconf 69' lang='lat' dir='ltr'><strong>daemonibus</strong></span> <span class='ocrx_word' id='word_1_677' title='bbox 2447 4451 2649 4505; x_wconf 89' lang='lat' dir='ltr'><strong>cultum</strong></span> <span class='ocrx_word' id='word_1_678' title='bbox 2676 4447 2943 4505; x_wconf 72' lang='lat' dir='ltr'><strong>eifusione</strong></span> <span class='ocrx_word' id='word_1_679' title='bbox 2979 4450 3257 4519; x_wconf 77' lang='lat' dir='ltr'><strong>sanguinis</strong></span> <span class='ocrx_word' id='word_1_680' title='bbox 3287 4450 3533 4503; x_wconf 88' lang='lat' dir='ltr'><strong>homines</strong></span> 
     </span>
    </p>
   </div>
   <div class='ocr_carea' id='block_1_94' title="bbox 266 4542 1853 4623">
    <p class='ocr_par' dir='ltr' id='par_1_94' title="bbox 266 4542 1853 4623">
     <span class='ocr_line' id='line_1_94' title="bbox 266 4542 1853 4623; baseline -0.006 -15"><span class='ocrx_word' id='word_1_681' title='bbox 266 4572 410 4621; x_wconf 72' lang='grc' dir='ltr'>παυς</span> <span class='ocrx_word' id='word_1_682' title='bbox 451 4550 743 4623; x_wconf 79' lang='grc' dir='ltr'>λατρεύειν</span> <span class='ocrx_word' id='word_1_683' title='bbox 796 4549 909 4610; x_wconf 83' lang='grc' dir='ltr'>τοῖς</span> <span class='ocrx_word' id='word_1_684' title='bbox 937 4544 1183 4615; x_wconf 86' lang='grc' dir='ltr'>δαίμοσι.</span> <span class='ocrx_word' id='word_1_685' title='bbox 1241 4543 1481 4595; x_wconf 80' lang='grc' dir='ltr'>Κάκείνο</span> <span class='ocrx_word' id='word_1_686' title='bbox 1503 4542 1560 4595; x_wconf 74' lang='grc' dir='ltr'>δὲ</span> <span class='ocrx_word' id='word_1_687' title='bbox 1582 4542 1755 4609; x_wconf 87' lang='grc' dir='ltr'>δήπου</span> <span class='ocrx_word' id='word_1_688' title='bbox 1787 4547 1853 4614; x_wconf 82' lang='grc' dir='ltr'>τῇ</span> 
     </span>
    </p>
   </div>
   <div class='ocr_carea' id='block_1_95' title="bbox 268 4630 1858 4712">
    <p class='ocr_par' dir='ltr' id='par_1_95' title="bbox 268 4630 1858 4712">
     <span class='ocr_line' id='line_1_95' title="bbox 268 4630 1858 4712; baseline -0.008 -15"><span class='ocrx_word' id='word_1_689' title='bbox 268 4642 484 4712; x_wconf 74' lang='grc' dir='ltr'>θεωρίᾳ</span> <span class='ocrx_word' id='word_1_690' title='bbox 508 4636 827 4700; x_wconf 80' lang='grc' dir='ltr'>ἀκόλουθον,</span> <span class='ocrx_word' id='word_1_691' title='bbox 860 4633 920 4687; x_wconf 86' lang='grc' dir='ltr'><strong>τδ</strong></span> <span class='ocrx_word' id='word_1_692' title='bbox 973 4633 1156 4686; x_wconf 84' lang='grc' dir='ltr'>πάντα</span> <span class='ocrx_word' id='word_1_693' title='bbox 1198 4630 1580 4684; x_wconf 81' lang='grc' dir='ltr'>καταναλῶσαι</span> <span class='ocrx_word' id='word_1_694' title='bbox 1631 4633 1746 4695; x_wconf 88' lang='grc' dir='ltr'>τοῖς</span> <span class='ocrx_word' id='word_1_695' title='bbox 1775 4634 1858 4687; x_wconf 85' lang='grc' dir='ltr'>ία-</span> 
     </span>
    </p>
   </div>
   <div class='ocr_carea' id='block_1_96' title="bbox 266 4720 1858 4805">
    <p class='ocr_par' dir='ltr' id='par_1_96' title="bbox 266 4720 1858 4805">
     <span class='ocr_line' id='line_1_96' title="bbox 266 4720 1858 4805; baseline -0.008 -19"><span class='ocrx_word' id='word_1_696' title='bbox 266 4735 448 4805; x_wconf 85' lang='grc' dir='ltr'>τροίς,</span> <span class='ocrx_word' id='word_1_697' title='bbox 474 4730 570 4783; x_wconf 79' lang='grc' dir='ltr'>καὶ</span> <span class='ocrx_word' id='word_1_698' title='bbox 589 4726 761 4800; x_wconf 68' lang='grc' dir='ltr'>μηδὲν</span> <span class='ocrx_word' id='word_1_699' title='bbox 775 4723 1130 4796; x_wconf 81' lang='grc' dir='ltr'>ὠφεληθῆναι</span> <span class='ocrx_word' id='word_1_700' title='bbox 1150 4720 1249 4792; x_wconf 77' lang='grc' dir='ltr'>τὴν</span> <span class='ocrx_word' id='word_1_701' title='bbox 1272 4720 1614 4791; x_wconf 81' lang='grc' dir='ltr'>πάσχουσαν.</span> <span class='ocrx_word' id='word_1_702' title='bbox 1637 4721 1858 4794; x_wconf 81' lang='grc' dir='ltr'>Ἐπειδὴ</span> 
     </span>
    </p>
   </div>
   <div class='ocr_carea' id='block_1_97' title="bbox 269 4816 1855 4895">
    <p class='ocr_par' dir='ltr' id='par_1_97' title="bbox 269 4816 1855 4895">
     <span class='ocr_line' id='line_1_97' title="bbox 269 4816 1855 4895; baseline -0.009 -12"><span class='ocrx_word' id='word_1_703' title='bbox 269 4828 370 4883; x_wconf 68' lang='grc' dir='ltr'>καὶ</span> <span class='ocrx_word' id='word_1_704' title='bbox 392 4826 467 4895; x_wconf 76' lang='grc' dir='ltr'>τῇ</span> <span class='ocrx_word' id='word_1_705' title='bbox 487 4821 631 4892; x_wconf 84' lang='grc' dir='ltr'>νόσῳ</span> <span class='ocrx_word' id='word_1_706' title='bbox 651 4822 753 4891; x_wconf 83' lang='grc' dir='ltr'>τῆς</span> <span class='ocrx_word' id='word_1_707' title='bbox 780 4818 1040 4880; x_wconf 77' lang='grc' dir='ltr'>ἀσεὸείας</span> <span class='ocrx_word' id='word_1_708' title='bbox 1089 4816 1482 4886; x_wconf 84' lang='grc' dir='ltr'>κεκρατημένη</span> <span class='ocrx_word' id='word_1_709' title='bbox 1512 4816 1622 4869; x_wconf 88' lang='grc' dir='ltr'><strong>τῶν</strong></span> <span class='ocrx_word' id='word_1_710' title='bbox 1645 4816 1855 4888; x_wconf 70' lang='grc' dir='ltr'>ἀνθρώο</span> 
     </span>
    </p>
   </div>
   <div class='ocr_carea' id='block_1_98' title="bbox 268 4907 1853 4986">
    <p class='ocr_par' dir='ltr' id='par_1_98' title="bbox 268 4907 1853 4986">
     <span class='ocr_line' id='line_1_98' title="bbox 268 4907 1853 4986; baseline -0.008 -13"><span class='ocrx_word' id='word_1_711' title='bbox 268 4936 396 4975; x_wconf 76' lang='grc' dir='ltr'><strong>πων</strong></span> <span class='ocrx_word' id='word_1_712' title='bbox 416 4918 453 4986; x_wconf 78' lang='grc' dir='ltr'><strong>ή</strong></span> <span class='ocrx_word' id='word_1_713' title='bbox 479 4915 665 4985; x_wconf 81' lang='grc' dir='ltr'>φύσις,</span> <span class='ocrx_word' id='word_1_714' title='bbox 688 4913 872 4966; x_wconf 81' lang='grc' dir='ltr'>πᾶσαν</span> <span class='ocrx_word' id='word_1_715' title='bbox 898 4910 998 4983; x_wconf 77' lang='grc' dir='ltr'>τὴν</span> <span class='ocrx_word' id='word_1_716' title='bbox 1024 4907 1249 4962; x_wconf 71' lang='grc' dir='ltr'>ἐνοῦσαν</span> <span class='ocrx_word' id='word_1_717' title='bbox 1269 4908 1406 4977; x_wconf 74' lang='grc' dir='ltr'>αὐτῇ</span> <span class='ocrx_word' id='word_1_718' title='bbox 1423 4908 1670 4976; x_wconf 68' lang='grc' dir='ltr'>φυσικῶς</span> <span class='ocrx_word' id='word_1_719' title='bbox 1689 4909 1853 4963; x_wconf 85' lang='grc' dir='ltr'>δύνα-</span> 
     </span>
    </p>
   </div>
   <div class='ocr_carea' id='block_1_99' title="bbox 271 4994 1852 5076">
    <p class='ocr_par' dir='ltr' id='par_1_99' title="bbox 271 4994 1852 5076">
     <span class='ocr_line' id='line_1_99' title="bbox 271 4994 1852 5076; baseline -0.004 -17"><span class='ocrx_word' id='word_1_720' title='bbox 271 5023 367 5076; x_wconf 90' lang='grc' dir='ltr'><strong>μιν</strong></span> <span class='ocrx_word' id='word_1_721' title='bbox 400 5006 465 5058; x_wconf 76' lang='grc' dir='ltr'>ἐν</span> <span class='ocrx_word' id='word_1_722' title='bbox 503 5004 616 5065; x_wconf 84' lang='grc' dir='ltr'>τοῖς</span> <span class='ocrx_word' id='word_1_723' title='bbox 656 4998 753 5053; x_wconf 79' lang='grc' dir='ltr'>τοῦ</span> <span class='ocrx_word' id='word_1_724' title='bbox 784 4997 993 5067; x_wconf 85' lang='grc' dir='ltr'>κόσμου</span> <span class='ocrx_word' id='word_1_725' title='bbox 1020 4998 1208 5064; x_wconf 81' lang='grc' dir='ltr'>σοφοῖς</span> <span class='ocrx_word' id='word_1_726' title='bbox 1244 4994 1597 5063; x_wconf 80' lang='grc' dir='ltr'>ἀναλώσασα,</span> <span class='ocrx_word' id='word_1_727' title='bbox 1652 4997 1852 5068; x_wconf 73' lang='grc' dir='ltr'>ἥκιστα</span> 
     </span>
    </p>
   </div>
   <div class='ocr_carea' id='block_1_100' title="bbox 266 5083 1849 5161">
    <p class='ocr_par' dir='ltr' id='par_1_100' title="bbox 266 5083 1849 5161">
     <span class='ocr_line' id='line_1_100' title="bbox 266 5083 1849 5161; baseline -0.008 -17"><span class='ocrx_word' id='word_1_728' title='bbox 266 5093 366 5161; x_wconf 73' lang='grc' dir='ltr'>τῆς</span> <span class='ocrx_word' id='word_1_729' title='bbox 393 5086 825 5158; x_wconf 84' lang='grc' dir='ltr'>δεισιδαιμονίας</span> <span class='ocrx_word' id='word_1_730' title='bbox 856 5083 1189 5155; x_wconf 78' lang='grc' dir='ltr'>ἀπήλλακτο.</span> <span class='ocrx_word' id='word_1_731' title='bbox 1216 5084 1364 5137; x_wconf 81' lang='grc' dir='ltr'>Ἴσον</span> <span class='ocrx_word' id='word_1_732' title='bbox 1396 5083 1455 5137; x_wconf 78' lang='grc' dir='ltr'>δὲ</span> <span class='ocrx_word' id='word_1_733' title='bbox 1476 5085 1571 5139; x_wconf 80' lang='grc' dir='ltr'>καὶ</span> <span class='ocrx_word' id='word_1_734' title='bbox 1592 5085 1683 5139; x_wconf 82' lang='grc' dir='ltr'>τὸν</span> <span class='ocrx_word' id='word_1_735' title='bbox 1718 5088 1849 5158; x_wconf 79' lang='grc' dir='ltr'>χρό-</span> 
     </span>
    </p>
   </div>
   <div class='ocr_carea' id='block_1_101' title="bbox 336 5225 1462 5295">
    <p class='ocr_par' dir='ltr' id='par_1_101' title="bbox 336 5225 1462 5295">
     <span class='ocr_line' id='line_1_101' title="bbox 336 5225 1462 5295; baseline -0.002 -9"><span class='ocrx_word' id='word_1_736' title='bbox 336 5235 385 5266; x_wconf 78' lang='grc'>¹⁸</span> <span class='ocrx_word' id='word_1_737' title='bbox 423 5231 586 5286; x_wconf 80' lang='lat' dir='ltr'><strong>Joan.</strong></span> <span class='ocrx_word' id='word_1_738' title='bbox 628 5245 706 5295; x_wconf 89' lang='lat' dir='ltr'><strong>xt,</strong></span> <span class='ocrx_word' id='word_1_739' title='bbox 745 5230 839 5285; x_wconf 77' lang='lat' dir='ltr'><strong>2t.</strong></span> <span class='ocrx_word' id='word_1_740' title='bbox 918 5228 964 5259; x_wconf 77' lang='lat'><strong>*’</strong></span> <span class='ocrx_word' id='word_1_741' title='bbox 1002 5225 1195 5282; x_wconf 80' lang='lat' dir='ltr'><strong>Matth.</strong></span> <span class='ocrx_word' id='word_1_742' title='bbox 1238 5241 1330 5292; x_wconf 82' lang='lat' dir='ltr'><strong>xv,</strong></span> <span class='ocrx_word' id='word_1_743' title='bbox 1373 5227 1462 5284; x_wconf 75' lang='grc'><strong>14.</strong></span> 
     </span>
    </p>
   </div>
   <div class='ocr_carea' id='block_1_102' title="bbox 1953 4540 3534 4611">
    <p class='ocr_par' dir='ltr' id='par_1_102' title="bbox 1953 4540 3534 4611">
     <span class='ocr_line' id='line_1_102' title="bbox 1953 4540 3534 4611; baseline -0.003 -14"><span class='ocrx_word' id='word_1_744' title='bbox 1953 4542 2302 4597; x_wconf 77' lang='lat' dir='ltr'><strong>exhibebant.</strong></span> <span class='ocrx_word' id='word_1_745' title='bbox 2322 4541 2453 4595; x_wconf 87' lang='lat' dir='ltr'><strong>Illud</strong></span> <span class='ocrx_word' id='word_1_746' title='bbox 2470 4543 2635 4596; x_wconf 87' lang='lat' dir='ltr'><strong>etiam</strong></span> <span class='ocrx_word' id='word_1_747' title='bbox 2651 4540 2920 4610; x_wconf 68' lang='lat' dir='ltr'><strong>allegoriae</strong></span> <span class='ocrx_word' id='word_1_748' title='bbox 2937 4543 3205 4611; x_wconf 74' lang='lat' dir='ltr'><strong>congruit,</strong></span> <span class='ocrx_word' id='word_1_749' title='bbox 3218 4542 3358 4610; x_wconf 89' lang='lat' dir='ltr'><strong>quod</strong></span> <span class='ocrx_word' id='word_1_750' title='bbox 3372 4555 3534 4610; x_wconf 70' lang='lat' dir='ltr'><strong>aegro-</strong></span> 
     </span>
    </p>
   </div>
   <div class='ocr_carea' id='block_1_103' title="bbox 1957 4635 3533 4709">
    <p class='ocr_par' dir='ltr' id='par_1_103' title="bbox 1957 4635 3533 4709">
     <span class='ocr_line' id='line_1_103' title="bbox 1957 4635 3533 4709; baseline 0.002 -21"><span class='ocrx_word' id='word_1_751' title='bbox 1957 4643 2008 4688; x_wconf 85' lang='lat' dir='ltr'><strong>ta</strong></span> <span class='ocrx_word' id='word_1_752' title='bbox 2040 4635 2234 4689; x_wconf 88' lang='lat' dir='ltr'><strong>mulier</strong></span> <span class='ocrx_word' id='word_1_753' title='bbox 2281 4636 2370 4689; x_wconf 90' lang='lat' dir='ltr'><strong>illa</strong></span> <span class='ocrx_word' id='word_1_754' title='bbox 2419 4650 2531 4690; x_wconf 90' lang='lat' dir='ltr'><strong>rem</strong></span> <span class='ocrx_word' id='word_1_755' title='bbox 2583 4652 2798 4692; x_wconf 85' lang='lat' dir='ltr'><strong>omnem</strong></span> <span class='ocrx_word' id='word_1_756' title='bbox 2825 4638 2875 4691; x_wconf 92' lang='lat' dir='ltr'><strong>itt</strong></span> <span class='ocrx_word' id='word_1_757' title='bbox 2903 4638 3142 4693; x_wconf 86' lang='lat' dir='ltr'><strong>medicos</strong></span> <span class='ocrx_word' id='word_1_758' title='bbox 3174 4647 3443 4709; x_wconf 77' lang='lat' dir='ltr'><strong>emgarat,</strong></span> <span class='ocrx_word' id='word_1_759' title='bbox 3477 4647 3533 4691; x_wconf 82' lang='lat' dir='ltr'><strong>et</strong></span> 
     </span>
    </p>
   </div>
   <div class='ocr_carea' id='block_1_104' title="bbox 1957 4726 3530 4798">
    <p class='ocr_par' dir='ltr' id='par_1_104' title="bbox 1957 4726 3530 4798">
     <span class='ocr_line' id='line_1_104' title="bbox 1957 4726 3530 4798; baseline 0 -17"><span class='ocrx_word' id='word_1_760' title='bbox 1957 4727 2091 4781; x_wconf 89' lang='lat' dir='ltr'><strong>nihil</strong></span> <span class='ocrx_word' id='word_1_761' title='bbox 2119 4726 2243 4780; x_wconf 83' lang='lat' dir='ltr'><strong>inde</strong></span> <span class='ocrx_word' id='word_1_762' title='bbox 2274 4727 2631 4782; x_wconf 83' lang='lat' dir='ltr'><strong>emolumenti</strong></span> <span class='ocrx_word' id='word_1_763' title='bbox 2695 4737 3032 4798; x_wconf 80' lang='lat' dir='ltr'><strong>perceperat.</strong></span> <span class='ocrx_word' id='word_1_764' title='bbox 3086 4727 3530 4796; x_wconf 80' lang='lat' dir='ltr'><strong>Quandoquidem</strong></span> 
     </span>
    </p>
   </div>
   <div class='ocr_carea' id='block_1_105' title="bbox 1962 4818 3528 4888">
    <p class='ocr_par' dir='ltr' id='par_1_105' title="bbox 1962 4818 3528 4888">
     <span class='ocr_line' id='line_1_105' title="bbox 1962 4818 3528 4888; baseline -0.003 -16"><span class='ocrx_word' id='word_1_765' title='bbox 1962 4820 2125 4872; x_wconf 83' lang='lat' dir='ltr'><strong>etiam</strong></span> <span class='ocrx_word' id='word_1_766' title='bbox 2149 4819 2429 4872; x_wconf 85' lang='lat' dir='ltr'><strong>hominum</strong></span> <span class='ocrx_word' id='word_1_767' title='bbox 2456 4833 2628 4888; x_wconf 79' lang='lat' dir='ltr'><strong>genus</strong></span> <span class='ocrx_word' id='word_1_768' title='bbox 2666 4818 2956 4888; x_wconf 82' lang='lat' dir='ltr'><strong>impietatis</strong></span> <span class='ocrx_word' id='word_1_769' title='bbox 3001 4818 3187 4871; x_wconf 83' lang='lat' dir='ltr'><strong>morbo</strong></span> <span class='ocrx_word' id='word_1_770' title='bbox 3219 4819 3528 4878; x_wconf 84' lang='lat' dir='ltr'><strong>detentum,</strong></span> 
     </span>
    </p>
   </div>
   <div class='ocr_carea' id='block_1_106' title="bbox 1960 4905 3532 4966">
    <p class='ocr_par' dir='ltr' id='par_1_106' title="bbox 1960 4905 3532 4966">
     <span class='ocr_line' id='line_1_106' title="bbox 1960 4905 3532 4966; baseline -0.004 -1"><span class='ocrx_word' id='word_1_771' title='bbox 1960 4924 2084 4966; x_wconf 82' lang='lat' dir='ltr'><strong>eum</strong></span> <span class='ocrx_word' id='word_1_772' title='bbox 2104 4925 2320 4964; x_wconf 74' lang='lat' dir='ltr'><strong>omnem</strong></span> <span class='ocrx_word' id='word_1_773' title='bbox 2345 4918 2541 4964; x_wconf 84' lang='lat' dir='ltr'><strong>natura</strong></span> <span class='ocrx_word' id='word_1_774' title='bbox 2559 4910 2909 4964; x_wconf 83' lang='lat' dir='ltr'><strong>cxsistentem</strong></span> <span class='ocrx_word' id='word_1_775' title='bbox 2951 4908 3006 4961; x_wconf 91' lang='lat' dir='ltr'><strong>in</strong></span> <span class='ocrx_word' id='word_1_776' title='bbox 3035 4920 3102 4960; x_wconf 85' lang='lat' dir='ltr'><strong>eo</strong></span> <span class='ocrx_word' id='word_1_777' title='bbox 3144 4906 3455 4959; x_wconf 73' lang='lat' dir='ltr'><strong>facultatem</strong></span> <span class='ocrx_word' id='word_1_778' title='bbox 3476 4905 3532 4959; x_wconf 79' lang='lat' dir='ltr'><strong>in</strong></span> 
     </span>
    </p>
   </div>
   <div class='ocr_carea' id='block_1_107' title="bbox 1962 4999 3528 5071">
    <p class='ocr_par' dir='ltr' id='par_1_107' title="bbox 1962 4999 3528 5071">
     <span class='ocr_line' id='line_1_107' title="bbox 1962 4999 3528 5071; baseline -0.002 -17"><span class='ocrx_word' id='word_1_779' title='bbox 1962 5000 2124 5071; x_wconf 82' lang='lat' dir='ltr'><strong>hujus</strong></span> <span class='ocrx_word' id='word_1_780' title='bbox 2171 5000 2361 5055; x_wconf 81' lang='lat' dir='ltr'><strong>mundi</strong></span> <span class='ocrx_word' id='word_1_781' title='bbox 2425 5000 2703 5070; x_wconf 75' lang='lat' dir='ltr'><strong>sapientes</strong></span> <span class='ocrx_word' id='word_1_782' title='bbox 2750 4999 3123 5068; x_wconf 86' lang='lat' dir='ltr'><strong>impendisset,</strong></span> <span class='ocrx_word' id='word_1_783' title='bbox 3191 5011 3528 5068; x_wconf 80' lang='lat' dir='ltr'><strong>nequaquam</strong></span> 
     </span>
    </p>
   </div>
   <div class='ocr_carea' id='block_1_108' title="bbox 1957 5088 3532 5159">
    <p class='ocr_par' dir='ltr' id='par_1_108' title="bbox 1957 5088 3532 5159">
     <span class='ocr_line' id='line_1_108' title="bbox 1957 5088 3532 5159; baseline -0.001 -14"><span class='ocrx_word' id='word_1_784' title='bbox 1957 5090 2134 5146; x_wconf 79' lang='lat' dir='ltr'><strong>fuerat</strong></span> <span class='ocrx_word' id='word_1_785' title='bbox 2164 5103 2195 5145; x_wconf 85' lang='lat' dir='ltr'><strong>a</strong></span> <span class='ocrx_word' id='word_1_786' title='bbox 2228 5088 2365 5146; x_wconf 80' lang='lat' dir='ltr'><strong>falsa</strong></span> <span class='ocrx_word' id='word_1_787' title='bbox 2392 5090 2614 5147; x_wconf 84' lang='lat' dir='ltr'><strong>deorum</strong></span> <span class='ocrx_word' id='word_1_788' title='bbox 2664 5089 2921 5159; x_wconf 71' lang='lat' dir='ltr'><strong>religione</strong></span> <span class='ocrx_word' id='word_1_789' title='bbox 2959 5089 3264 5144; x_wconf 78' lang='lat' dir='ltr'><strong>liberatum.</strong></span> <span class='ocrx_word' id='word_1_790' title='bbox 3319 5090 3396 5144; x_wconf 84' lang='lat' dir='ltr'><strong>Ad</strong></span> <span class='ocrx_word' id='word_1_791' title='bbox 3431 5088 3532 5143; x_wconf 83' lang='lat' dir='ltr'><strong>hoc</strong></span> 
     </span>
    </p>
   </div>
   <div class='ocr_carea' id='block_1_109' title="bbox 1500 5346 2285 5441">
    <p class='ocr_par' dir='ltr' id='par_1_109' title="bbox 1500 5346 2285 5441">
     <span class='ocr_line' id='line_1_109' title="bbox 1500 5346 2285 5441; baseline 0.004 -31"><span class='ocrx_word' id='word_1_792' title='bbox 1500 5346 1827 5415; x_wconf 84' lang='lat' dir='ltr'><strong>Francisci</strong></span> <span class='ocrx_word' id='word_1_793' title='bbox 1857 5351 2071 5441; x_wconf 72' lang='lat' dir='ltr'><strong>Scorsi</strong></span> <span class='ocrx_word' id='word_1_794' title='bbox 2099 5360 2285 5415; x_wconf 74' lang='lat' dir='ltr'><strong>notae.</strong></span> 
     </span>
    </p>
   </div>
   <div class='ocr_carea' id='block_1_110' title="bbox 329 5448 3527 5528">
    <p class='ocr_par' dir='ltr' id='par_1_110' title="bbox 329 5448 3527 5528">
     <span class='ocr_line' id='line_1_110' title="bbox 329 5448 3527 5528; baseline -0 -21"><span class='ocrx_word' id='word_1_795' title='bbox 329 5453 455 5528; x_wconf 70' lang='lat'><strong>(80)</strong></span> <span class='ocrx_word' id='word_1_796' title='bbox 496 5452 562 5507; x_wconf 84' lang='lat' dir='ltr'><strong>Et</strong></span> <span class='ocrx_word' id='word_1_797' title='bbox 592 5452 951 5528; x_wconf 47' lang='lat' dir='ltr'><strong>impertienda:</strong></span> <span class='ocrx_word' id='word_1_798' title='bbox 988 5450 1127 5528; x_wconf 60' lang='lat' dir='ltr'><strong>vitag.</strong></span> <span class='ocrx_word' id='word_1_799' title='bbox 1162 5448 1239 5503; x_wconf 82' lang='lat' dir='ltr'><strong>Ex</strong></span> <span class='ocrx_word' id='word_1_800' title='bbox 1266 5452 1538 5504; x_wconf 92' lang='lat' dir='ltr'><strong>communi</strong></span> <span class='ocrx_word' id='word_1_801' title='bbox 1592 5452 1839 5528; x_wconf 73' lang='lat' dir='ltr'><strong>doctrina</strong></span> <span class='ocrx_word' id='word_1_802' title='bbox 1951 5448 2166 5521; x_wconf 75' lang='lat' dir='ltr'><strong>Tangit,</strong></span> <span class='ocrx_word' id='word_1_803' title='bbox 2216 5453 2414 5528; x_wconf 39' lang='lat' dir='ltr'><strong>inquit‘</strong></span> <span class='ocrx_word' id='word_1_804' title='bbox 2437 5452 2678 5523; x_wconf 82' lang='lat' dir='ltr'><strong>Cyrillus</strong></span> <span class='ocrx_word' id='word_1_805' title='bbox 2717 5453 2921 5507; x_wconf 85' lang='lat' dir='ltr'><strong>relatus</strong></span> <span class='ocrx_word' id='word_1_806' title='bbox 2951 5469 2982 5508; x_wconf 89' lang='lat' dir='ltr'><strong>a</strong></span> <span class='ocrx_word' id='word_1_807' title='bbox 3031 5452 3284 5528; x_wconf 79' lang='lat' dir='ltr'><strong>Cornelio</strong></span> <span class='ocrx_word' id='word_1_808' title='bbox 3319 5459 3527 5516; x_wconf 87' lang='lat' dir='ltr'><strong>nostro,</strong></span> 
     </span>
    </p>
   </div>
   <div class='ocr_carea' id='block_1_111' title="bbox 265 5520 1838 5596">
    <p class='ocr_par' dir='ltr' id='par_1_111' title="bbox 265 5520 1838 5596">
     <span class='ocr_line' id='line_1_111' title="bbox 265 5520 1838 5596; baseline -0.002 -17"><span class='ocrx_word' id='word_1_809' title='bbox 265 5520 766 5596; x_wconf 60' lang='lat' dir='ltr'><strong>theologorunt,_et</strong></span> <span class='ocrx_word' id='word_1_810' title='bbox 803 5521 862 5575; x_wconf 85' lang='lat' dir='ltr'><strong>S.</strong></span> <span class='ocrx_word' id='word_1_811' title='bbox 897 5520 1333 5596; x_wconf 76' lang='lat' dir='ltr'><strong>doctoris_p._m,</strong></span> <span class='ocrx_word' id='word_1_812' title='bbox 1367 5530 1560 5596; x_wconf 66' lang='lat' dir='ltr'><strong>quaest.</strong></span> <span class='ocrx_word' id='word_1_813' title='bbox 1600 5522 1685 5596; x_wconf 60' lang='grc' dir='ltr'><strong>ιε,</strong></span> <span class='ocrx_word' id='word_1_814' title='bbox 1731 5532 1838 5575; x_wconf 88' lang='lat' dir='ltr'><strong>art.</strong></span> 
     </span>
    </p>
   </div>
   <div class='ocr_carea' id='block_1_112' title="bbox 1949 5521 3527 5592">
    <p class='ocr_par' dir='ltr' id='par_1_112' title="bbox 1949 5521 3527 5592">
     <span class='ocr_line' id='line_1_112' title="bbox 1949 5521 3527 5592; baseline 0.001 -17"><span class='ocrx_word' id='word_1_815' title='bbox 1949 5532 2006 5575; x_wconf 91' lang='lat' dir='ltr'><strong>ut</strong></span> <span class='ocrx_word' id='word_1_816' title='bbox 2054 5524 2304 5577; x_wconf 87' lang='lat' dir='ltr'><strong>ostendat</strong></span> <span class='ocrx_word' id='word_1_817' title='bbox 2333 5521 2519 5577; x_wconf 77' lang='lat' dir='ltr'><strong>elﬁcax</strong></span> <span class='ocrx_word' id='word_1_818' title='bbox 2568 5537 2689 5577; x_wconf 85' lang='lat' dir='ltr'><strong>esse</strong></span> <span class='ocrx_word' id='word_1_819' title='bbox 2732 5536 2886 5578; x_wconf 89' lang='lat' dir='ltr'><strong>suum</strong></span> <span class='ocrx_word' id='word_1_820' title='bbox 2912 5537 3107 5592; x_wconf 89' lang='lat' dir='ltr'><strong>corpus</strong></span> <span class='ocrx_word' id='word_1_821' title='bbox 3141 5523 3204 5575; x_wconf 92' lang='lat' dir='ltr'><strong>ad</strong></span> <span class='ocrx_word' id='word_1_822' title='bbox 3242 5524 3527 5592; x_wconf 81' lang='lat' dir='ltr'><strong>humanam</strong></span> 
     </span>
    </p>
   </div>
   <div class='ocr_carea' id='block_1_113' title="bbox 267 5589 3529 5664">
    <p class='ocr_par' dir='ltr' id='par_1_113' title="bbox 267 5589 3529 5664">
     <span class='ocr_line' id='line_1_113' title="bbox 267 5589 3529 5664; baseline -0.002 -13"><span class='ocrx_word' id='word_1_823' title='bbox 267 5599 323 5661; x_wconf 71' lang='lat'><strong>2,</strong></span> <span class='ocrx_word' id='word_1_824' title='bbox 358 5605 414 5650; x_wconf 87' lang='lat' dir='ltr'><strong>et</strong></span> <span class='ocrx_word' id='word_1_825' title='bbox 442 5589 636 5664; x_wconf 68' lang='lat' dir='ltr'><strong>quaest.</strong></span> <span class='ocrx_word' id='word_1_826' title='bbox 665 5589 756 5664; x_wconf 69' lang='grc'><strong>45,</strong></span> <span class='ocrx_word' id='word_1_827' title='bbox 791 5600 893 5645; x_wconf 88' lang='lat' dir='ltr'><strong>art.</strong></span> <span class='ocrx_word' id='word_1_828' title='bbox 937 5590 1007 5653; x_wconf 59' lang='grc' dir='ltr'><strong>ἓ,</strong></span> <span class='ocrx_word' id='word_1_829' title='bbox 1059 5589 1179 5657; x_wconf 78' lang='lat' dir='ltr'><strong>qui</strong></span> <span class='ocrx_word' id='word_1_830' title='bbox 1207 5590 1402 5664; x_wconf 81' lang='lat' dir='ltr'><strong>docent</strong></span> <span class='ocrx_word' id='word_1_831' title='bbox 1448 5591 1837 5664; x_wconf 78' lang='lat' dir='ltr'><strong>humanitatem</strong></span> <span class='ocrx_word' id='word_1_832' title='bbox 1944 5592 2178 5664; x_wconf 77' lang='lat' dir='ltr'><strong>salutem</strong></span> <span class='ocrx_word' id='word_1_833' title='bbox 2203 5609 2223 5664; x_wconf 17' lang='grc' dir='ltr'>ςν</span> <span class='ocrx_word' id='word_1_834' title='bbox 2252 5593 2392 5646; x_wconf 84' lang='lat' dir='ltr'><strong>sicut</strong></span> <span class='ocrx_word' id='word_1_835' title='bbox 2428 5592 2573 5664; x_wconf 80' lang='lat' dir='ltr'><strong>enim</strong></span> <span class='ocrx_word' id='word_1_836' title='bbox 2631 5591 2835 5664; x_wconf 61' lang='lat' dir='ltr'><strong>ferrum</strong></span> <span class='ocrx_word' id='word_1_837' title='bbox 2897 5589 3023 5662; x_wconf 51' lang='lat' dir='ltr'><strong>igni&#39;</strong></span> <span class='ocrx_word' id='word_1_838' title='bbox 3063 5593 3338 5645; x_wconf 85' lang='lat' dir='ltr'><strong>admotum</strong></span> <span class='ocrx_word' id='word_1_839' title='bbox 3400 5591 3529 5646; x_wconf 77' lang='lat' dir='ltr'><strong>facit</strong></span> 
     </span>
    </p>
   </div>
   <div class='ocr_carea' id='block_1_114' title="bbox 266 5659 3528 5734">
    <p class='ocr_par' dir='ltr' id='par_1_114' title="bbox 266 5659 3528 5734">
     <span class='ocr_line' id='line_1_114' title="bbox 266 5659 3528 5734; baseline -0.002 -13"><span class='ocrx_word' id='word_1_840' title='bbox 266 5659 496 5728; x_wconf 75' lang='lat' dir='ltr'><strong>Christi,</strong></span> <span class='ocrx_word' id='word_1_841' title='bbox 549 5671 613 5734; x_wconf 82' lang='lat' dir='ltr'><strong>ut</strong></span> <span class='ocrx_word' id='word_1_842' title='bbox 663 5663 1087 5734; x_wconf 56' lang='lat' dir='ltr'><strong>instrumentum</strong></span> <span class='ocrx_word' id='word_1_843' title='bbox 1140 5659 1488 5734; x_wconf 72' lang='lat' dir='ltr'><strong>coniunctum</strong></span> <span class='ocrx_word' id='word_1_844' title='bbox 1542 5660 1837 5717; x_wconf 67' lang='lat' dir='ltr'><strong>divinitatis</strong></span> <span class='ocrx_word' id='word_1_845' title='bbox 1941 5675 2082 5734; x_wconf 76' lang='lat' dir='ltr'><strong>opus</strong></span> <span class='ocrx_word' id='word_1_846' title='bbox 2117 5663 2279 5730; x_wconf 84' lang='lat' dir='ltr'><strong>ignis,</strong></span> <span class='ocrx_word' id='word_1_847' title='bbox 2330 5669 2385 5716; x_wconf 91' lang='lat' dir='ltr'><strong>et</strong></span> <span class='ocrx_word' id='word_1_848' title='bbox 2421 5662 2604 5732; x_wconf 86' lang='lat' dir='ltr'><strong>paleas</strong></span> <span class='ocrx_word' id='word_1_849' title='bbox 2648 5659 2804 5734; x_wconf 76' lang='lat' dir='ltr'><strong>ignit,</strong></span> <span class='ocrx_word' id='word_1_850' title='bbox 2841 5659 2939 5719; x_wconf 43' lang='lat' dir='ltr'><strong>sic&#39;</strong></span> <span class='ocrx_word' id='word_1_851' title='bbox 2973 5677 3105 5717; x_wconf 89' lang='lat' dir='ltr'><strong>caro</strong></span> <span class='ocrx_word' id='word_1_852' title='bbox 3155 5664 3318 5717; x_wconf 85' lang='lat' dir='ltr'><strong>verbo</strong></span> <span class='ocrx_word' id='word_1_853' title='bbox 3378 5668 3528 5718; x_wconf 81' lang='lat' dir='ltr'><strong>unita</strong></span> 
     </span>
    </p>
   </div>
   <div class='ocr_carea' id='block_1_115' title="bbox 268 5727 1830 5808">
    <p class='ocr_par' dir='ltr' id='par_1_115' title="bbox 268 5727 1830 5808">
     <span class='ocr_line' id='line_1_115' title="bbox 268 5727 1830 5808; baseline -0.006 -13"><span class='ocrx_word' id='word_1_854' title='bbox 268 5735 490 5808; x_wconf 71' lang='lat' dir='ltr'><strong>physice</strong></span> <span class='ocrx_word' id='word_1_855' title='bbox 517 5732 764 5800; x_wconf 74' lang='lat' dir='ltr'><strong>attigisse</strong></span> <span class='ocrx_word' id='word_1_856' title='bbox 787 5727 1120 5787; x_wconf 66' lang='lat' dir='ltr'><strong>electionem</strong></span> <span class='ocrx_word' id='word_1_857' title='bbox 1150 5728 1536 5785; x_wconf 85' lang='lat' dir='ltr'><strong>miraculorum</strong></span> <span class='ocrx_word' id='word_1_858' title='bbox 1567 5743 1830 5786; x_wconf 78' lang='lat' dir='ltr'><strong>ominum.</strong></span> 
     </span>
    </p>
   </div>
   <div class='ocr_carea' id='block_1_116' title="bbox 1941 5730 2202 5786">
    <p class='ocr_par' dir='ltr' id='par_1_116' title="bbox 1941 5730 2202 5786">
     <span class='ocr_line' id='line_1_116' title="bbox 1941 5730 2202 5786; baseline 0.008 -2"><span class='ocrx_word' id='word_1_859' title='bbox 1941 5730 2202 5786; x_wconf 75' lang='lat' dir='ltr'><strong>viviﬁcat.</strong></span> 
     </span>
    </p>
   </div>
  </div>
