3990 6202
491 316 592 380 εθι

1693 289 2182 354 Tl—lEOPI-IANIS
2222 286 2558 347 CERAMEE

3641 285 3751 343 292

493 433 893 493 considerantes
921 421 1126 492 mquale
1165 427 1378 487 tempus
1407 416 1530 470 vitae
1560 413 1770 484 puellae,
1803 419 1859 464 et
1883 406 2056 463 morbi

2183 423 2248 459 νον
2281 404 2424 472 ὁρῶν
2457 421 2514 457 τε
2548 405 2648 472 τῆς
2678 401 2773 455 τοῦ
2799 400 3060 472 κορασίου
3090 399 3263 470 ζωῆς,
3321 399 3417 452 καὶ
3457 399 3556 467 τῆς
3592 402 3753 454 νόσοι

492 525 758 586 mulieris,
788 528 1080 584 utrumque
1109 512 1371 566 duodenis
1399 509 1706 562 dimensum
1731 503 1914 566 annis,
1952 513 2060 554 non

491 621 770 675 aberrare,
803 620 855 666 et
880 610 1281 674 inconsequens
1306 601 1514 670 aliquid
1548 616 1576 651 a
1608 596 1884 665 proposito
1915 591 2060 646 vide-

493 724 612 763 mur
637 707 837 760 dicere.
881 701 1015 754 Nam
1046 696 1288 768 quandiu
1339 695 1621 763 Synagoga
1662 689 1830 750 vixit,
1877 685 2063 740 tandiu

490 799 831 856 ethnicorum
861 790 1148 846 multitudo
1173 788 1379 857 peccati
1413 787 1602 838 morbo
1627 787 1890 848 occupata
1922 775 2060 841 fuit;

497 901 680 959 postea
712 898 1052 959 vero.quam
1090 880 1178 934 illa
1220 879 1272 931 in
1303 873 1708 929 Emmanuelem
1758 879 1842 925 est
1870 868 2068 922 debac-

492 980 674 1040 chata,
704 985 758 1029 et
789 990 882 1044 per
910 970 1279 1027 intldelitatem
1307 976 1540 1029 mortua,
1561 963 1677 1016 haec
1702 961 1802 1014 fuit
1827 976 1854 1012 a
1878 959 2066 1013 morbo

494 1071 602 1143 63
636 1069 885 1122 liberata.
918 1064 1024 1118 Sed
1049 1071 1102 1116 et
1129 1074 1392 1113 annorum
1415 1061 1689 1110 ’numerus
1725 1051 1925 1105 indicat
1947 1064 2068 1119 qua:

498 1165 565 1216 ad
603 1173 797 1213 sensus
827 1164 882 1209 et
925 1164 1136 1222 tempus
1173 1149 1444 1212 attinent,
1479 1145 1684 1214 quibus
1731 1143 1783 1195 in
1833 1143 2066 1194 humana

496 1262 688 1306 natura
736 1244 1029 1313 impietatis
1070 1243 1294 1297 morbus
1333 1237 1562 1293 invaluit
1607 1252 1622 1290 :
1675 1245 1885 1301 tempus
1921 1231 2066 1285 enim

495 1338 862 1411 septenarium
893 1344 976 1390 est
1009 1335 1120 1402 (81)
1157 1345 1348 1386 sensus
1399 1343 1528 1383 vero
1554 1326 1860 1396 quinarins.
1913 1321 2066 1386 Quod

497 1446 624 1486 vero
659 1437 776 1496 post
804 1427 1109 1481 restitutam
1134 1421 1425 1476 immunda:
1463 1417 1674 1473 mulieri
1704 1411 2066 1468 valetudinem

500 1521 758 1575 defuncta
791 1517 968 1587 puella
1003 1530 1034 1570 a
1067 1512 1295 1568 mortuis
1325 1510 1654 1572 restituitur,
1685 1521 1752 1559 ne
1802 1506 1902 1558 hoc
1951 1503 2070 1571 qni—

497 1614 618 1666 dem
697 1611 764 1664 ab
817 1608 1084 1677 exquisita
1139 1603 1398 1675 allegoria
1459 1611 1543 1656 est
1615 1600 1871 1654 alienum.
1937 1595 2068 1648 Nam

501 1719 521 1753 ι
589 1699 851 1768 Reliquiae
910 1696 1074 1751 salva:
1125 1694 1257 1747 ﬁent
1306 1693 1392 1757 ὀ,
1446 1709 1465 1742 ι
1523 1689 1676 1767 juxta
1729 1685 2068 1756 Apostolum,

508 1813 527 1845 ι
589 1808 712 1847 cum
777 1792 1022 1860 ingressa
1080 1785 1246 1840 fuerit
1298 1785 1538 1854 gentium
1587 1779 1864 1851 plenitudo
1923 1778 1988 1829 “.
2052 1793 2068 1824 ι

501 1880 607 1935 Sed
658 1880 786 1950 quid
868 1879 1002 1930 abeo
1065 1875 1131 1928 ad
1202 1875 1545 1927 vocationem
1613 1870 1954 1924 ethnicorum
2022 1873 2076 1917 et

503 1971 762 2039 reliquias
821 1965 1076 2022 lsraelis?
1125 1974 1180 2018 et
1227 1974 1452 2018 externa
1498 1959 1939 2028 circumspiciens
1990 1971 2077 2009 me

501 2065 675 2132 ipsum
711 2077 814 2114 non
849 2058 1007 2112 video
1027 2059 1126 2111 hac
1143 2055 1461 2110 narratione
1489 2050 1872 2120 descriptum?
1904 2047 2078 2101 Ades-

499 2155 624 2209 dum
671 2155 721 2206 in
771 2151 994 2206 historia
1027 2159 1282 2216 tanquam
1332 2146 1385 2200 in
1421 2145 1638 2214 speculo
1667 2143 1893 2213 ﬁgamus
1929 2153 2079 2193 men-

501 2249 567 2301 tis
589 2249 858 2307 obtutum,
883 2252 940 2296 ut
959 2241 1328 2309 unusquisque
1350 2250 1592 2291 nostrum
1613 2236 1866 2289 miseram
1888 2233 2080 2285 animm

501 2354 612 2392 sua:
646 2335 1016 2390 conditionem
1053 2330 1470 2384 animadvertat.
1498 2325 1696 2380 Eadem
1730 2325 1873 2378 enim
1900 2323 2079 2378 anima

501 2440 555 2481 et
595 2427 788 2479 mulier
824 2423 1110 2492 sanguinis
1158 2417 1422 2490 proﬂuvio
1461 2417 1754 2480 laborans,
1800 2423 1853 2469 et
1903 2415 2080 2483 puella

502 2528 626 2572 est:
662 2516 858 2569 mulier
897 2512 1115 2582 quidem
1151 2511 1418 2581 sanguine
1460 2508 1664 2571 ﬂuens,
1696 2507 1822 2575 quia
1849 2505 2080 2559 faculta-

506 2621 608 2663 tem
661 2607 764 2661 sibi
799 2608 981 2659 datam
1018 2605 1086 2658 ad
1137 2602 1435 2672 gignendos
1489 2599 1701 2667 piorum
1739 2611 2078 2657 sermonum,

501 2711 554 2757 et
594 2702 858 2756 bonorum
907 2711 1134 2766 Operum
1173 2693 1383 2748 fructus
1408 2732 1424 2757 ,
1476 2693 1529 2745 in
1563 2691 1820 2744 liuentem
1869 2689 2083 2758 passio-

504 2807 631 2845 num
663 2787 949 2843 materiam
977 2785 1116 2839 male
1143 2783 1430 2846 derivavit,
1462 2792 1517 2835 et
1546 2781 1746 2834 exilem
1791 2781 2084 2833 virtutum-

503 2896 614 2951 que
643 2879 884 2934 sterilem
931 2876 1206 2939 reddidit,
1261 2883 1316 2928 et
1355 2873 1524 2927 solam
1578 2871 1787 2940 peccati
1837 2872 2083 2937 concepit

489 2973 882 3042 .impuritatem
905 2988 918 3024 :
945 2969 1133 3023 eadem
1164 2981 1327 3036 porro
1353 2965 1533 3018 anima
1557 2964 1732 3032 puella
1755 2972 1836 3018 est
1865 2973 2085 3032 prepter

509 3063 876 3133 virginitatem
903 3101 918 3126 ,
956 3069 1009 3115 et
1035 3058 1410 3114 castimoniam
1437 3098 1452 3122 ,
1487 3065 1542 3110 et
1573 3065 1797 3125 propter
1825 3053 2077 3111 similitu-

507 3156 722 3214 dinem,
755 3167 918 3221 quam
973 3151 1134 3204 habet
1192 3164 1312 3202 cum
1345 3145 1585 3216 perfecto
1635 3148 1776 3201 bono
1802 3184 1817 3209 ,
1861 3160 1983 3198 cum
2013 3145 2084 3198 sit

509 3241 840 3310 incorruptis
870 3241 1057 3293 idonea
1091 3237 1317 3304 nuptiis,
1338 3245 1530 3304 etapta
1555 3235 1853 3306 spiritualis
1886 3233 2084 3303 Sponsi

507 3333 802 3388 connubio.
860 3330 986 3385 llaec
1016 3330 1081 3384 ad
1137 3330 1338 3383 malum
1386 3343 1647 3383 conversa
1694 3343 1837 3397 mgra
1867 3329 2086 3382 decum-

505 3424 669 3478 bebat
695 3423 746 3476 in
779 3421 1024 3490 corporis
1056 3422 1239 3486 domo,
1289 3429 1634 3488 peccatorum
1679 3419 1868 3473 morbo
1911 3418 2084 3472 febri-

504 3529 609 3585 que
639 3513 978 3569 conﬂictata:
1013 3512 1426 3583 ingravescente
1488 3511 1732 3565 sedenim
1766 3510 1908 3564 malo
1941 3511 2084 3574 vita,

507 3619 628 3675 qua:
687 3620 781 3674 per
838 3605 1089 3656 virtutetn
1131 3601 1370 3667 ducitur,
1405 3601 1612 3670 privata
1663 3610 1764 3656 est.
1825 3600 2083 3668 Quaenam

507 3697 672 3767 igitur
703 3696 899 3750 salutis
925 3694 1094 3764 spes?
1123 3693 1326 3764 Lugeat
1349 3694 1562 3748 animus
1595 3701 1850 3762 tanquam
1893 3693 2087 3761 puella:

507 3797 691 3857 pater:
736 3786 996 3840 doleatet
1046 3800 1242 3840 sensus
1279 3795 1534 3853 tanquam
1592 3784 1756 3837 animi
1797 3785 2088 3840 contuber-

506 3881 684 3944 nalis,
718 3889 778 3934 nt
827 3879 1127 3932 animarum
1179 3877 1422 3932 medicus
1469 3890 1585 3930 eam
1619 3876 1769 3944 lapsu
1811 3877 2084 3942 restituat,

506 3980 559 4025 et
611 3970 681 4024 ob
716 3969 767 4022 id
814 3967 1131 4038 gaudebunt
1174 3967 1490 4036 angelorum
1525 3966 1841 4020 exercitus:
1892 3983 1912 4016 ‹
1945 3964 2087 4020 Gan-

504 4059 650 4113 dium
699 4057 843 4112 enim
879 4065 964 4110 est
998 4056 1049 4110 in
1085 4055 1224 4111 coelo
1266 4069 1430 4124 super
1462 4069 1568 4108 uno
1595 4065 1878 4125 peccatore
1909 4056 2086 4124 pumi-

505 4149 734 4205 tentiam
778 4156 971 4216 agente
1014 4148 1092 4212 ",
1133 4167 1151 4199 ι
1215 4157 1270 4201 et
1322 4160 1586 4201 converso
1643 4145 1711 4200 ad
1747 4147 1951 4210 Deum,
1998 4149 2086 4204 cui

505 4242 738 4298 debetur
764 4239 946 4294 omnis
975 4239 1173 4309 gloria,
1209 4239 1384 4294 honor
1408 4248 1463 4293 et
1490 4239 1768 4294 veneratio
1796 4238 1853 4293 in
1886 4239 2084 4312 saecula

503 4333 845 4389 saeculorum.
879 4333 1072 4386 Amen.

1115 4438 1400 4495 IIOMILIA
1441 4440 1538 4495 Χῐ.

507 4535 586 4590 De
618 4535 918 4604 .egisperito
969 4533 1326 4605 interrogante
1369 4531 1671 4605 Dominum,
1718 4543 1769 4587 et
1800 4535 1863 4588 de
1892 4551 1953 4588 eo
1983 4536 2073 4605 qui

1063 4603 1246 4654 incidit
1279 4603 1294 4653 i
1302 4619 1332 4654 ιι
1365 4601 1615 4655 latrones.

576 4715 692 4774 Non
729 4725 1012 4785 tantopere
1042 4712 1298 4781 squalens
1324 4754 1340 4779 ,
1388 4721 1444 4766 et
1475 4727 1668 4783 aspera
1693 4754 1709 4780 ,
1751 4724 1805 4770 et
1843 4715 2086 4771 arefacta

451 4841 456 4846 ι
504 4823 646 4869 terra
661 4810 938 4865 caelestem
965 4808 1167 4877 appetit
1192 4807 1441 4872 imbrem,
1465 4816 1724 4872 quantum
1751 4821 1852 4876 ego
1871 4822 1969 4862 ora
1991 4821 2086 4862 ve-

502 4915 618 4959 stra
633 4902 744 4975 64
765 4903 947 4958 videre
961 4899 1263 4970 cupiebam,
1284 4914 1317 4953 ο
1337 4899 1443 4953 Deo
1467 4899 1845 4968 acceptissima
1867 4901 2082 4956 concio.

504 4994 728 5060 Quando
754 5008 882 5047 vero
908 4992 996 5046 hic
1027 4991 1167 5061 apud
1200 5005 1295 5044 vos
1325 4989 1426 5054 l'ui,
1461 5004 1567 5044 non
1598 4998 1883 5060 tantopere
1915 4990 2076 5044 ardo-

505 5101 618 5140 rem
658 5084 805 5139 sensi
846 5083 1032 5153 :quod
1066 5083 1212 5139 enim
1245 5096 1355 5152 pra:
1397 5081 1645 5136 manibus
1669 5123 1684 5146 ,
1731 5091 1787 5135 et
1817 5082 1868 5134 in
1901 5081 2074 5136 oculis

507 5177 668 5230 situm
703 5183 809 5236 est,
867 5173 1084 5242 segnius
1145 5170 1474 5226 desiderium
1508 5179 1715 5226 movet.
1756 5169 1890 5224 Cum
1951 5184 2076 5225 vero

503 5266 804 5334 disjunctus
877 5279 1025 5318 eram
1081 5278 1112 5316 a
1158 5263 1348 5327 vobis,
1401 5264 1595 5331 agnovi
1662 5277 1903 5315 amorem
1963 5264 2080 5317 vio-

505 5359 706 5412 lentum
737 5371 858 5412 esse
910 5365 1228 5425 tyrannum,
1261 5361 1320 5408 ut
1369 5353 1615 5422 proxime
1668 5353 1734 5406 ad
1784 5352 2070 5408 veritatem

572 5488 617 5520 ’°
654 5486 757 5542 lsa.
795 5486 875 5552 Χ,
902 5486 1005 5553 22;
1046 5485 1204 5543 Rom.
1245 5502 1321 5553 ιι,
1353 5485 1445 5540 ‘27.

2168 503 2264 569 τῆς
2293 499 2574 565 γυναικὸς,
2623 497 2704 558 εἰς
2761 495 3043 556 ἐνιαυτοὺς
3099 491 3474 564 μετρούμενον
3535 491 3630 544 δύο
3657 495 3753 546 καὶ

2167 591 2322 655 δέκα,
2351 589 2412 642 οὐ
2449 585 2765 654 ξενιζόμεθα
2811 588 2950 654 πρὸς
2997 585 3059 636 τὸ
3105 582 3404 637 ἀκόλουθον
3433 583 3750 652 βλέπσντες.

2172 684 2310 737 Καθ’
2341 686 2466 737 ὅσον
2499 683 2606 752 γὰρ
2627 681 2869 750 χρόνονή
2899 679 3192 746 συναγωγὴ
3223 677 3343 746 ἐζη,
3378 679 3410 744 ἡ
3440 676 3550 726 τῶν
3578 675 3752 727 ἐθνῶν

2185 775 2486 844 Ἐκκλησία
2531 776 2596 842 τῇ
2629 773 2771 840 νόσῳ
2804 771 2903 838 τῆς
2937 768 3216 838 ἁμαρτίας
3253 767 3537 835 συνείχετο
3558 783 3572 794 ο
3612 766 3752 818 ἐκεί.

2173 883 2269 936 νης
2294 863 2756 933 πεπαρῳνηκυίας
2787 861 2923 928 πρὸς
2952 860 3042 911 τὸν
3081 858 3458 928 Ἐμμανουὴλ,
3490 857 3588 909 καὶ
3622 859 3756 909 dm-

2175 960 2444 1028 θανούσης
2487 959 2552 1026 τῇ
2601 954 2851 1024 ἀπιστίᾳ,
2883 952 3024 1022 αὐτη
3047 951 3141 1004 τοῦ
3171 952 3480 1019 νοσήματος
3510 949 3757 1002 λέλυται.

2185 1052 2346 1105 Ἀλλὰ
2379 1052 2474 1104 καὶ
2501 1053 2529 1102 ὁ
2558 1048 2666 1100 τῶν
2697 1047 2834 1100 ἐτῶν
2865 1044 3101 1113 ἀριθμὸς
3138 1043 3250 1095 τῶν
3292 1043 3422 1112 περὶ
3444 1041 3758 1110 αἰσθήσεώς

2174 1149 2312 1206 ἐστι,
2342 1144 2436 1196 καὶ
2465 1144 2657 1211 χρόνου
2686 1137 3004 1208 δηλωτικὸς,
3041 1138 3101 1188 ἐν
3156 1130 3240 1197 οἷς
3294 1135 3633 1201 κατεκράτει
3659 1133 3757 1200 τῆς

2174 1239 2390 1306 φύσεως
2423 1235 2522 1299 τῆς
2554 1231 2809 1293 ἀσεϐείας
2846 1229 2906 1283 τὸ
2955 1232 3201 1298 νόσημαο
3253 1225 3614 1293 ἑὸδομαδικδς
3651 1226 3760 1290 γὰρ

2173 1335 2200 1384 ὁ
2229 1329 2443 1399 χρόνος,
2471 1323 2767 1392 πενταδικὴ
2801 1321 2856 1374 δέ
2878 1323 2911 1390 ἡ
2947 1319 3202 1388 αἴσθησις
3223 1334 3238 1348 ·
3297 1318 3344 1369 εί
3379 1315 3437 1368 δὲ
3465 1317 3561 1368 καὶ
3618 1317 3762 1384 μετά

2175 1422 2272 1490 τῆς
2298 1417 2614 1490 ἀκαθάρτου
2647 1414 2745 1484 τὴν
2787 1411 3090 1482 θεραπείαν
3130 1411 3164 1480 ἡ
3189 1410 3489 1478 τεθνηκυῖα
3542 1407 3764 1476 ἐγείρε-

2174 1534 2286 1577 ται,
2326 1513 2448 1566 οὐδὲ
2491 1510 2650 1562 τοῦτο
2677 1511 2743 1576 τῇ
2776 1505 2978 1574 θεωρία
3011 1503 3120 1555 τῶν
3167 1501 3556 1571 ἐξητασμένων
3608 1500 3758 1550 ἐστὶν

2177 1601 2538 1658 ἀνακόλουθον
2561 1616 2574 1630 ·
2647 1618 2664 1648 ι
2700 1597 2809 1650 Καὶ
2864 1596 2925 1647 τὸ
2956 1593 3313 1662 κατάλειμμα
3361 1591 3700 1661 σωθήσεται,
3737 1609 3753 1641 ι

2178 1693 2321 1746 κατὰ
2349 1693 2443 1744 τὸν
2480 1686 2830 1749 Ἀπόστολον,
2883 1702 2901 1734 ι
2942 1681 3277 1742 εἰσελθόντος
3315 1679 3408 1731 τοῦ
3445 1677 3759 1748 πληρώμα-

2103 1759 2151 1817 B
2179 1803 2269 1848 τος
2290 1785 2399 1838 τῶν
2431 1782 2624 1836 ἐθνῶν.
2665 1799 2682 1832 ι
2748 1777 2910 1832 Ἀλλὰ
2955 1777 3007 1828 τί
3038 1775 3177 1846 πρὸς
3206 1773 3401 1843 κλῆσιν
3432 1773 3632 1837 ἐθνῶν,
3669 1775 3760 1825 καὶ

2190 1873 2578 1947 Ἰσραηλιτικὸν
2601 1870 2802 1940 βαδίζω
2827 1861 3223 1935 κατάλειμμα’;
3249 1867 3342 1916 καὶ
3371 1863 3439 1916 τὰ
3469 1864 3575 1926 ἔξω
3609 1880 3762 1932 περι-

2180 1967 2416 2030 σκοπῶν,
2448 1963 2684 2034 ἐμαυτδν
2714 1963 2814 2030 οὐχ
2836 1960 2949 2030 ὁρῶ
2969 1959 3047 2028 τῷ
3082 1959 3386 2027 διηγήματι
3419 1956 3761 2026 ζωγραφούο

2183 2076 2372 2132 μενον;
2406 2055 2574 2128 Δεῦρο
2599 2055 2683 2124 δὴ,
2703 2054 2777 2116 ὡς
2807 2055 2866 2104 ἐν
2901 2051 3221 2120 κατόπτρῳ,
3265 2051 3329 2117 τῇ
3386 2048 3604 2117 ἱστορίᾳ
3635 2049 3761 2099 ἐναο

2177 2153 2496 2219 τενίσωμεν,
2563 2146 2648 2198 ἵνα
2705 2142 2957 2212 εὕρωμεν
2989 2139 3224 2200 ἕκαστος
3253 2137 3356 2206 τὴν
3411 2135 3508 2204 τῆς
3559 2135 3762 2188 ἐαυτοῦ

2177 2242 2356 2312 ψυχῆς
2378 2239 2671 2308 ἀθλιότητα
2694 2252 2708 2266 ⁸
2742 2239 2776 2306 ἡ
2808 2234 2948 2302 αὐτὴ
2970 2231 3080 2301 γὰρ
3107 2229 3281 2300 ψυχὴ,
3314 2227 3410 2282 καὶ
3434 2230 3763 2300 αἱμορῥους,

2181 2336 2274 2387 καὶ
2300 2333 2435 2402 κόρη
2465 2331 2632 2384 ἐστίν.
2705 2330 2793 2392 Ὦς
2825 2331 2926 2400 μὲν
2955 2330 3282 2400 αἱμόρρους,
3328 2330 3412 2381 ὅτι
3445 2328 3548 2398 τὴν
3588 2328 3767 2380 δοθεί-

2183 2441 2281 2477 σαν
2343 2425 2478 2493 αὐτῇ
2535 2421 2767 2489 δύναμιν
2799 2422 2878 2483 είς
2909 2419 3124 2487 γένεσιν
3150 2420 3324 2488 λόγων
3372 2423 3646 2484 εὐσεϐῶν,
3681 2421 3768 2472 καὶ

2181 2514 2434 2585 πράξεων
2493 2512 2716 2581 ἀγαθῶν
2764 2513 2846 2574 είς
2888 2511 2987 2582 τὴν
3036 2511 3214 2582 ῥοώδη
3245 2511 3354 2564 τῶν
3410 2511 3604 2564 παθῶν
3637 2512 3766 2581 ὓλην

2183 2607 2368 2670 κακῶς
2391 2605 2731 2674 ὐποσύρασα,
2763 2603 2859 2656 καὶ
2890 2605 3086 2671 ἄγονον
3108 2605 3311 2672 ἀρετῆς
3341 2605 3654 2673 ποιήσασα,
3681 2606 3774 2657 καὶ

2183 2698 2424 2768 ἐξίτηλον
2449 2696 2616 2765 μόνην
2653 2695 2754 2764 τὴν
2788 2695 2890 2762 τῆς
2920 2695 3199 2765 ἁμαρτίας
3224 2694 3575 2765 ἀκαθαρσίαν
3613 2696 3775 2747 ὲκυο-

2184 2793 2390 2861 φόρησε
2413 2807 2427 2822 ο
2481 2788 2616 2858 κόρη
2645 2787 2702 2839 δὲ
2731 2789 2762 2856 ἡ
2793 2786 2932 2856 αὐτὴ
2976 2786 3124 2857 ψυχὴ
3175 2786 3264 2839 διὰ
3286 2787 3386 2856 την
3437 2788 3770 2857 παρθενίαν,

2184 2887 2276 2937 καὶ
2315 2881 2682 2952 καθαρότητα,
2709 2880 2802 2932 καὶ
2833 2880 2932 2950 τὴν
2964 2880 3102 2948 πρὸς
3134 2879 3196 2932 τὸ
3245 2880 3529 2949 ἀκήρατον
3561 2881 3775 2947 ἀγαθὸν

2182 2977 2494 3048 ὁμοιότητα,
2545 2973 2728 3026 τελεία
2767 2971 2904 3027 οὖσα
2931 2973 3070 3044 πρὸς
3117 2971 3211 3025 τὸν
3263 2974 3540 3042 ἄχραντον
3567 2976 3773 3044 γάμον,

2109 3104 2152 3160 C
2187 3070 2279 3122 καὶ
2303 3068 2400 3138 τὴν
2456 3064 2547 3120 τοῦ
2607 3062 2800 3135 νοητοῦ
2832 3061 3072 3133 νυμφίου
3136 3077 3460 3131 συναφειαν.
3518 3062 3682 3133 Αὕτη
3712 3067 3773 3133 τῇ

2186 3161 2320 3229 πρὸς
2352 3158 2549 3213 κακίαν
2605 3157 2940 3227 παρατροπῇ
2975 3156 3250 3224 κλινήρης
3311 3155 3562 3222 ἐγεγόνει
3616 3158 3680 3208 ἐν
3709 3160 3772 3224 τῇ

2184 3250 2332 3322 οἰκίᾳ
2385 3250 2480 3303 τοῦ
2518 3247 2772 3318 σώματος
2823 3249 2889 3317 τῇ
2926 3247 3034 3299 τῶν
3088 3247 3440 3318 ἁμαρτωλῶν
3481 3250 3776 3319 ἀρρωστία

2185 3347 2558 3415 πυρέττουσαο
2611 3343 3136 3412 κατακρατήσαντος
3188 3341 3245 3394 δὲ
3297 3340 3392 3392 τοῦ
3441 3340 3649 3404 κακοῦ,
3680 3343 3774 3408 τῆς

2186 3438 2306 3490 κατ’
2337 3437 2538 3506 ἀρετὴν
2571 3436 2715 3507 ζωῆς
2749 3434 3148 3504 ἀπεστέρηται,
3180 3435 3280 3496 Τίς
3303 3430 3396 3486 οὖν
3431 3436 3553 3486 ἐστι
3589 3451 3774 3502 σωτη-

2189 3529 2308 3600 ρίας
2342 3526 2532 3592 ἐλπίς;
2587 3526 2869 3596 Θρηνείτω
2915 3528 2944 3578 ὁ
2975 3525 3128 3602 νοῦς,
3160 3524 3237 3586 ὡς
3285 3527 3313 3576 ὁ
3336 3525 3434 3593 τῆς
3463 3525 3645 3593 κόρης
3675 3543 3776 3576 πα-

2183 3625 2288 3692 τήρ
2308 3639 2321 3652 ο
2353 3620 2685 3689 συναλγείτω
2721 3619 3036 3690 ήαῑσθησις
3080 3613 3168 3672 οἷα
3226 3618 3480 3680 σύνοικος
3502 3619 3598 3671 τοῦ
3633 3621 3773 3681 νοὸς,

2187 3715 2272 3767 ἵνα
2305 3714 2333 3766 ὁ
2363 3713 2469 3764 τῶν
2491 3712 2678 3783 ψυχῶν
2707 3712 2893 3782 ἰατρὸς
2926 3712 3210 3782 ἀναστήσῃ
3256 3710 3465 3778 ταύτην
3495 3711 3595 3763 τοῦ
3629 3715 3776 3764 πτῶ-

2189 3822 2378 3876 ματος,
2408 3805 2503 3856 καὶ
2532 3805 2868 3873 χαρήσονται
2926 3802 3022 3856 ἐπὶ
3048 3802 3223 3873 τούτῳ
3253 3803 3308 3855 ai
3329 3803 3587 3872 οὐράνιαι
3608 3821 3772 3870 στραο

2183 3898 2316 3951 τιαί.
2347 3915 2366 3947 ι
2405 3895 2564 3964 Χαρὰ
2586 3895 2694 3966 γὰρ
2731 3895 2944 3963 γίνεται
2979 3897 3036 3948 ἐν
3071 3895 3289 3966 οὐρανῷ
3341 3895 3436 3946 ἐπὶ
3465 3895 3551 3947 ἐνὶ
3582 3897 3771 3965 ἁμαρ-

2183 3989 2339 4059 τωλῷ
2394 3988 2765 4058 μετανοοῦντι,
2816 3988 2913 4040 καὶ
2972 3988 3362 4056 ἐπιστρέφοντι
3411 3988 3494 4049 είς
3528 3981 3772 4054 Θεὸν-ᾧ

2185 4081 2386 4151 πρέπει
2420 4080 2572 4132 πᾶσα
2629 4077 2778 4145 δόξα,
2803 4079 2939 4148 τιμὴ
2971 4079 3066 4130 καὶ
3097 4077 3476 4149 προσκύνησις
3522 4081 3606 4141 είς
3644 4079 3774 4140 τούς

2185 4172 2392 4236 αἰῶνας
2423 4170 2531 4226 τῶν
2552 4170 2791 4226 αἰώνων.
2847 4170 3044 4240 Ἀμήν.

2773 4434 3020 4487 ΟΜΙΛΙΑ
3054 4434 3158 4488 1Δ’.

2182 4529 2322 4598 Περὶ
2366 4527 2474 4582 τοῦ
2515 4525 2934 4598 ἐρωτήσαντος
2972 4527 3078 4580 τὸν
3110 4527 3330 4596 Κύριον
3357 4531 3631 4597 νοιιικοῦ,
3669 4534 3768 4586 καὶ

2342 4598 2476 4667 περὶ
2510 4597 2618 4650 τοῦ
2643 4596 3020 4666 ἐμπεσόντος
3050 4601 3132 4659 εἰς
3164 4597 3306 4663 τοὺς
3337 4596 3597 4665 λῃστάς.

2261 4715 2334 4768 Οὐ
2370 4711 2626 4766 τοσοῦτον
2644 4711 2926 4782 αἰχμὼδης
2957 4712 3048 4780 γῆ,
3077 4711 3170 4764 καὶ
3195 4712 3431 4783 κραναῆ,
3463 4715 3550 4766 καὶ
3590 4716 3768 4769 κατά-

2190 4806 2353 4878 ξηρος
2383 4805 2493 4858 τῶν
2525 4804 2794 4874 οὐρανίων
2823 4805 3048 4874 δμὸρων
3091 4805 3326 4871 ἐφίεται,
3370 4806 3564 4857 ὁπόσον
3609 4807 3766 4875 ἐγλι.

2187 4902 2364 4970 χόμην
2397 4897 2559 4958 αὐτὸς
2585 4897 2684 4958 τὰς
2710 4895 2983 4965 ὑμετέρας
3013 4893 3164 4964 ὄψεις
3199 4896 3350 4963 ἰδεῖν,
3377 4896 3764 4966 θεοφιλέστατε

2186 4992 2432 5059 σύλλογε.
2476 4991 2670 5043 Ἥνίκα
2695 4987 2829 5058 γοῦν
2853 4989 3118 5059 παρήμην
3141 4991 3394 5044 ἐνταυθοῖ
3421 4991 3540 5061 μεθ’
3578 4992 3760 5060 ὑμῶν,

2181 5086 2241 5138 οὐ
2281 5083 2536 5138 τοσοῦτον
2585 5081 2904 5153 ᾐσθανόμην
2932 5081 3026 5134 τοῦ
3060 5080 3250 5136 πόθου.
3289 5083 3364 5136 Τὸ
3399 5084 3506 5156 γὰρ
3541 5086 3768 5155 πρόχει-

2185 5195 2299 5245 ρον,
2349 5176 2444 5229 καὶ
2473 5174 2807 5245 βλεπόμενον
2839 5172 3012 5242 ἀργὸν
3048 5173 3128 5235 είς
3154 5172 3452 5244 ἐπιθυμίαν
3477 5193 3489 5206 ·
3515 5175 3762 5244 ὁπηνίκα

2184 5266 2242 5318 δὲ
2264 5264 2610 5335 κεχώρισμαι
2633 5264 2726 5331 ἀφ’
2761 5261 2938 5332 ὑμῶν,
2961 5263 3134 5329 ἔγνων
3158 5265 3253 5316 τὸν
3276 5263 3439 5316 πόθον
3460 5265 3551 5318 τὸν
3583 5265 3762 5334 βίαιον

2187 5355 2477 5426 τύραννον,
2501 5354 2576 5418 ὡς
2615 5354 2784 5423 ἐγγὺς
2836 5352 3100 5424 ἀληθείας
3136 5349 3276 5408 εἶναι
3305 5356 3366 5410 τὸ
3393 5357 3506 5418 τοῖς
3539 5354 3646 5420 ἔξω
3673 5354 3764 5407 λε-

1547 5485 1591 5520 "
1622 5484 1781 5541 Rom.
1817 5504 1909 5553 Il,
1935 5487 2027 5544 25.
2105 5491 2151 5521 "
2194 5489 2328 5545 Luc.
2366 5506 2456 5554 xv,
2497 5487 2584 5542 10.

1728 5607 2046 5669 Francisei
2085 5608 2294 5669 Scorsi
2334 5615 2520 5670 notae.

577 5705 689 5778 (8i)
731 5706 952 5778 Tempus
999 5711 1139 5767 enim
1190 5711 1542 5780 septenarium
1587 5712 1639 5768 l.
1697 5709 1832 5768 Vide
1880 5715 2021 5770 dicta
2061 5715 2279 5771 bomilia
2315 5716 2514 5786 prima,
2561 5725 2676 5772 ιιοι.
2726 5715 2814 5780 l7,
2873 5724 2927 5770 et
2959 5713 3100 5777 infra
3132 5714 3280 5770 hom.
3312 5712 3406 5770 40.
