3990 6202
462 266 569 328 299

1606 248 2097 310 THEOPHANIS
2138 246 2479 306 CERAMEI

3619 243 3732 307 300

460 392 583 433 sum
614 381 924 443 vergentem
952 377 1251 425 sarctnam,
1284 375 1538 415 carncum
1562 374 1777 428 inquam
1800 372 2037 421 saevum,

2149 348 2303 408 τοῦτο
2333 354 2428 409 καὶ
2462 353 2646 424 βρῖθον
2678 353 2929 422 ἐφόλκιον
2960 354 3052 405 τον
3085 354 3343 422 σάρκινον
3373 351 3631 417 θύλακον,
3664 355 3733 407 ὃν

432 454 623 541 διιιιειιι
663 468 739 520 uti
780 463 1055 533 pelliceam
1091 456 1331 509 tunicam
1365 453 1479 525 (89)
1534 463 1653 522 post
1694 453 1901 521 lapsum
1955 453 2039 505 in-

461 565 694 621 duimus,
739 560 901 615 hunc,
936 553 1180 620 inquam,
1218 564 1410 603 rursus
1446 563 1543 616 per
1566 555 1790 599 mortem
1822 546 2042 613 deponi-

459 666 575 704 mus
596 665 610 712 ;
629 646 735 717 67
764 654 817 697 et
845 641 1163 710 illequideln
1198 636 1563 705 corrumpitur
1582 649 1906 704 unoquoque
1932 635 2043 688 ele-

456 753 643 796 mento
689 737 923 793 naturali
961 734 1195 804 quadam
1235 733 1283 785 vi
1320 731 1372 784 in
1404 740 1603 784 statum
1653 728 1929 798 proprium
1959 743 2041 782 re-

454 835 711 896 labente;
765 829 982 882 animus
1029 840 1160 898 vero
1206 831 1451 878 remanet
1506 819 1852 886 immortalis,
1886 820 2042 889 (quo-

458 925 621 980 modo
651 924 793 977 enim
825 918 1152 975 dissolvatur
1169 914 1396 984 simplex
1421 914 1561 984 quod
1585 922 1688 978 est,
1711 924 1765 969 el
1791 914 1959 983 partis
1987 922 2039 967 et

460 1011 871 1082 compositionis
924 1002 1391 1075 expers?)veluli
1452 1018 1519 1058 ex
1596 1001 1818 1056 dimidia
1886 1012 2040 1071 parte

460 1114 710 1161 mortuus
742 1104 903 1156 homo
932 1096 1225 1153 semivivus
1256 1094 1454 1150 dicitur
1477 1109 1598 1149 esse
1626 1094 1939 1149 derelictus.

540 1216 557 1245 ι
591 1194 801 1249 Accidit
831 1199 1032 1255 autem,
1066 1198 1121 1241 ut
1156 1187 1411 1242 sacerdos
1439 1188 1650 1255 quidam
1692 1188 2043 1242 descenderet

459 1290 647 1343 eadem
708 1287 829 1350 via;
878 1294 929 1338 et
974 1283 1091 1336 viso
1139 1281 1259 1344 illo,
1314 1279 1573 1348 praeteriit
1622 1296 1636 1332 :
1692 1278 1944 1333 similiter
1988 1288 2044 1332 et

461 1381 649 1435 Levita
679 1394 800 1433 cum
819 1386 960 1431 esset
991 1389 1155 1429 secus
1185 1373 1388 1437 lacum,
1422 1382 1473 1426 et
1504 1372 1708 1426 videret
1735 1386 1884 1435 euin,
1921 1385 2041 1439 per-

464 1473 699 1528 transiit.
732 1489 750 1521 ι
784 1470 951 1539 Igitur
980 1468 1072 1538 qui
1109 1468 1160 1522 in
1195 1467 1434 1521 latrones
1469 1466 1730 1520 inciderat
1764 1476 1869 1520 tam
1903 1467 2043 1521 male

462 1567 678 1622 habitus
708 1573 761 1619 et
794 1562 1107 1616 vulneratus
1132 1560 1351 1628 jacebat
1380 1558 1432 1612 in
1468 1559 1573 1624 via,
1601 1573 1696 1626 per
1726 1558 1885 1627 quam
1917 1574 2042 1612 casu

459 1658 662 1712 factum
713 1671 834 1712 esse
883 1655 959 1708 ait
1007 1662 1065 1706 ut
1109 1654 1367 1707 sacerdos
1420 1653 1678 1704 transiret
1730 1650 1847 1719 qui,
1898 1652 2039 1705 nulla

2143 449 2217 511 ὡς
2241 450 2565 519 δερμάτινον
2585 448 2788 518 χιτῶνα
2812 447 2950 515 μετά
2966 448 3064 516 τὴν
3092 448 3300 499 πτῶσιν
3327 447 3729 516 ἐνεδυσάμεθα,

2142 543 2331 595 τοῦτον
2360 542 2523 594 πάλιν
2572 542 2659 594 διὰ
2685 541 2917 594 θανάτου
2952 538 3360 609 διποτιθέμεθα,
3399 541 3495 592 καὶ
3525 540 3588 592 τὸ
3626 540 3736 610 μὲν

2144 636 2451 705 φθείρεται,
2480 634 2614 704 ὁλκῇ
2651 651 2757 685 τινι
2790 636 2995 703 φυσικῇ
3046 634 3280 686 ἑκάστου
3318 632 3587 701 στοιχείου
3621 650 3735 685 παι

2142 725 2562 795 λινδρομοῦντος
2584 725 2664 788 εἰς
2688 724 2749 777 τὸ
2774 724 2927 787 ἴδιον,
2970 726 3001 793 ἠ
3032 724 3088 775 δὲ
3124 725 3271 794 ψυχὴ
3305 726 3553 793 τηρεῖται
3589 722 3733 775 ἀθά-

2142 835 2325 883 νατος,
2364 817 2520 888 (πῶς
2548 817 2657 888 γὰρ
2691 818 2757 871 ἂν
2817 816 2913 869 καὶ
2945 815 3225 886 διαλυθείη
3276 816 3336 868 το
3367 816 3599 878 ἁπλοῦν,
3632 815 3733 868 καὶ

2141 910 2373 979 ἀμερὲς,
2399 910 2497 961 καὶ
2522 909 2815 962 ἀσύνθετον
2835 913 2873 980 ;)
2903 914 2977 972 ὡς
2998 910 3054 976 ἐξ
3084 910 3341 979 ἡμισείας
3361 908 3733 978 ἀποθνήσκων

2141 1005 2169 1056 ὁ
2197 1002 2495 1070 ἄνθρωπος
2524 1002 2768 1075 ἡμιθανῆ
2790 1003 3221 1071 καταλελεῖφθαι
3259 1002 3508 1071 λέγεται.

2219 1205 2238 1238 ι
2279 1186 2440 1241 Κατά
2491 1186 2800 1255 συγκυρίαν
2847 1186 3030 1255 ἱερεύς
3076 1203 3164 1249 τις
3211 1188 3538 1241 κατέϐαινεν
3566 1191 3627 1241 ὲν
3654 1191 3733 1259 τῇ

2142 1277 2246 1346 ὁδῷ
2281 1279 2494 1349 ἐκείνῃ,
2546 1280 2639 1333 καὶ
2677 1277 2802 1331 ἰδὼν
2830 1279 2994 1331 αὐτὸν
3025 1279 3436 1351 ἀντιπαρῆλθεν
3470 1296 3485 1311 ·
3518 1282 3735 1351 ὁμοίως

2143 1374 2241 1424 καὶ
2281 1373 2516 1443 Λευϊτης
2562 1372 2856 1442 γενόμενος
2903 1374 3045 1424 κατᾶ
3090 1373 3185 1425 τὸν
3212 1375 3401 1437 τόπον,
3448 1378 3544 1427 καὶ
3600 1374 3734 1428 ἰδὼν

2144 1466 2329 1527 αὐτὸν,
2362 1465 2794 1535 ἀντιπαρῆλθεν.
2842 1487 2860 1516 ο
2899 1465 2958 1519 Ὀ
2990 1466 3090 1537 μὲν
3116 1466 3210 1520 οὖν
3240 1471 3353 1531 τοῖς
3384 1468 3731 1532 λωποδύταις

2144 1555 2490 1626 περιπεσὼν,
2517 1556 2661 1610 οὕτω
2690 1557 2958 1621 διατεθεὶς
2990 1559 3171 1612 ἔκειτο
3191 1564 3542 1631 τραυματίας
3570 1566 3630 1617 ἐν
3657 1568 3730 1637 τῇ

2146 1648 2272 1718 ὁδῷ.
2336 1649 2457 1702 καθ’
2494 1648 2563 1719 ἢν
2598 1649 2825 1720 συνέϐη.
2868 1652 3053 1721 φησὶν,
3100 1652 3252 1721 ἱερέα
3295 1654 3632 1724 διέρχεσθαι,
3666 1657 3730 1720 ὃς

462 1750 696 1805 hominis
723 1747 870 1803 illius
909 1746 1091 1800 miseri
1134 1742 1318 1799 habita
1360 1742 1589 1805 ratione,
1625 1751 2041 1812 praetergressus

2149 1741 2465 1809 ἀκηδέστως
2493 1740 2587 1793 τὸν
2613 1741 3001 1811 κεκακωμένον
3034 1745 3411 1815 παραδραμὼν
3451 1747 3730 1816 ἀντιπαρ-

459 1853 564 1898 est.
604 1842 708 1896 Sed
758 1841 943 1894 Levita
975 1853 1099 1892 cum
1132 1837 1319 1891 eodem
1370 1835 1631 1899 venisset,
1654 1834 1836 1889 itidem
1870 1845 1927 1887 ut
1955 1850 2043 1888 sa.

462 1939 656 1993 cerdos
690 1933 832 1988 nulla
884 1931 1022 2001 ejus,
1076 1929 1166 1998 qui
1204 1936 1312 1982 tam
1354 1929 1495 1981 male
1544 1936 1798 1996 acceptus
1844 1926 2038 1990 fuerat,

464 2028 833 2083 misericordia
890 2034 1064 2077 tactus
1110 2031 1213 2077 cst.
1264 2018 1547 2089 intelligis,
1598 2028 1657 2072 ut
1706 2018 1915 2087 opinor,
1948 2033 2043 2086 per

462 2124 604 2175 viam
639 2118 929 2189 signiﬁcari
966 2117 1104 2169 hanc
1142 2114 1307 2168 vitam
1342 2113 1393 2167 in
1433 2109 1662 2165 transitu
1699 2120 2039 2175 versantem;

465 2229 560 2280 per
589 2216 920 2265 sacerdotem
957 2223 1087 2261 vero
1118 2206 1313 2276 legem,
1344 2218 1463 2273 quae
1492 2202 1851 2257 sacerdotium
1883 2216 2042 2258 orna-

462 2308 577 2370 vit;
611 2285 704 2373 per
740 2301 985 2356 Levitam
1019 2314 1145 2351 vero
1175 2296 1560 2366 prophetarum
1582 2303 1807 2358 castum,
1843 2293 1933 2362 qui
1958 2291 2043 2347 vel

462 2411 673 2463 parum,
708 2392 793 2447 vel
825 2392 954 2445 nihil
985 2397 1192 2443 natura:
1221 2387 1472 2441 humana
1492 2385 1737 2456 opitulati
1766 2384 2040 2440 abierunt.

462 2486 754 2541 Considera
789 2496 949 2550 porro
989 2479 1341 2536 subtilitatem
1383 2476 1692 2530 verborum.
1733 2472 1850 2528 Non
1898 2476 2042 2529 enim

461 2578 617 2641 dixit,
648 2576 778 2630 Viso
827 2586 891 2627 eo
934 2568 1183 2641 παρῆλθε
1221 2567 1357 2640 (90),
1383 2567 1487 2621 hoc
1525 2576 1609 2621 est
1640 2566 1917 2633 prasten'it,
1950 2569 2043 2621 sed

463 2666 860 2739 ἀντιπαρῆλθε,
920 2665 1022 2718 hoc
1071 2672 1157 2716 est
1205 2669 1389 2714 contra
1443 2658 1721 2727 pra'leriit.
1760 2657 1897 2723 Quid
1944 2659 2046 2712 hoc

463 2759 756 2827 signiﬁcari
791 2756 1001 2812 voluit?
1028 2752 1476 2821 Quandoquidem
1510 2751 1680 2820 legem
1711 2752 1873 2803 homo
1904 2764 2043 2818 prae-

464 2850 629 2913 teriit,
676 2863 781 2901 non
832 2847 1039 2914 integre
1089 2841 1237 2894 illam
1270 2854 1517 2900 servans,
1546 2838 1631 2892 lex
1676 2838 1822 2891 illum
1856 2849 2043 2892 contra

463 2940 743 3011 praeteriit,
769 2952 831 2991 ac
860 2938 979 2990 sine
1009 2932 1210 2987 auxilio
1232 2929 1535 2999 dereliquit,
1565 2929 1743 2984 ethoc
1771 2938 1871 2996 est,
1900 2929 2044 2998 quod

2142 1829 2297 1898 ἦλθε.
2370 1830 2535 1884 Ἀλλὰ
2575 1834 2672 1884 καὶ
2698 1833 2936 1901 Λευῖτης
2973 1834 3031 1885 ἐν
3077 1833 3157 1905 τῷ
3209 1835 3384 1903 τόπῳ,
3430 1836 3731 1906 γενόμενος

2143 1923 2241 1993 τὴν
2285 1921 2409 1993 ῐσην
2462 1922 2799 1993 ἀναλγησίαν
2837 1924 2917 1995 τῷ
2952 1926 3092 1997 ἱερεῖ
3143 1928 3275 1997 περὶ
3318 1928 3411 1980 τὸν
3468 1930 3733 2000 πονήρως

2143 2013 2335 2084 ἔχοντα
2392 2014 2719 2079 ἐνεδείξατο.
2776 2013 2938 2079 Νοεῖς
2996 2016 3073 2082 δὲ,
3115 2012 3291 2088 οἶμαι,
3349 2019 3437 2071 διὰ
3472 2020 3574 2089 μὲν
3626 2020 3731 2091 τῆς

2142 2103 2264 2156 ὀδοῦ
2295 2103 2397 2173 τὴν
2427 2104 2731 2175 παροδικὴν
2765 2106 2972 2176 ταύτην
3003 2106 3152 2178 ζωήν
3174 2124 3189 2139 ·
3208 2110 3296 2163 διὰ
3323 2109 3378 2161 δὲ
3409 2110 3506 2162 τοῦ
3533 2111 3732 2180 ίερέως

2141 2196 2234 2250 τὸν
2267 2196 2433 2266 νόμον
2462 2237 2477 2263 ,
2506 2198 2602 2252 τὸν
2631 2198 2731 2270 τὴν
2764 2199 3054 2272 ἱεροσύνην
3092 2204 3451 2272 κοσμήσαντα
3480 2220 3494 2233 ·
3522 2205 3614 2256 διὰ
3660 2206 3725 2257 δὲ

2143 2290 2238 2343 τοῦ
2265 2290 2495 2344 Λευΐτου
2525 2290 2636 2343 τῶν
2681 2300 2981 2362 προφητῶν
3002 2294 3101 2363 τὴν
3121 2296 3417 2366 ὁμήγυριν,
3440 2296 3490 2349 οἳ
3524 2299 3727 2366 μικρὰ,

2143 2380 2177 2451 ἢ
2208 2380 2366 2434 οὐδὲν
2394 2381 2496 2452 τὴν
2524 2382 2690 2450 φύσιν
2710 2383 2820 2437 τῶν
2846 2385 3153 2456 ἀνθρώπων
3170 2388 3468 2460 όνήσαντες
3497 2389 3725 2460 ᾤχοντο.

2147 2474 2351 2527 Σκόπει
2386 2474 2444 2527 δὲ
2483 2476 2701 2529 καὶτοῦ
2733 2476 2982 2547 ῥήματος
3008 2478 3109 2550 τὴν
3147 2479 3436 2552 ἀκρίϐειαν
3469 2497 3486 2512 σ
3519 2483 3579 2534 οὐ
3617 2486 3731 2554 γὰρ

2144 2560 2302 2621 εἶπεν
2325 2582 2342 2600 ⁸
2366 2567 2535 2620 Εἱδὼν
2557 2568 2719 2621 αὑτὸν
2738 2570 3036 2640 παρῆλθεν,
3059 2571 3201 2639 ἀλλ’,
3224 2590 3241 2623 ι
3265 2574 3688 2645 Ἀντιπαρῆλθε.
3703 2595 3725 2625 ι

2145 2661 2212 2713 Τί
2250 2661 2339 2712 διὰ
2372 2660 2532 2715 τοῦτο
2561 2661 2777 2733 δηλῶν;
2812 2664 2911 2726 Ὠς
2943 2665 3134 2735 ἐπειδὴ
3166 2667 3414 2737 παρῆλθε
3442 2668 3533 2720 τὸν
3562 2669 3731 2737 νόμον

2145 2754 2173 2805 ὁ
2201 2753 2495 2824 ἄνθρωπος
2531 2756 2605 2826 μὴ
2643 2756 2891 2826 τηρήσας
2928 2757 3092 2809 αὐτὸν
3134 2759 3335 2825 ὑγιῶς,
3392 2760 3730 2830 ἀντιπαρῇλ⁴

2147 2841 2239 2894 θεν
2269 2844 2297 2895 ὁ
2329 2845 2494 2913 νόμος
2518 2845 2704 2911 αὑτὸν,
2739 2847 3057 2900 καταλιπὼν
3089 2847 3546 2919 ἀϐοήθητον.Κα¹ι
3565 2850 3727 2904 τοῦτό

2144 2933 2297 2985 ἐστιν
2327 2935 2356 2987 ὅ
2382 2953 2549 3005 φησιν
2578 2939 2605 2989 ό
2636 2938 2769 3000 Θεὸς
2800 2938 2888 2992 διὰ
2930 2940 3112 3008 Ὠσηέ·
3155 2958 3174 2991 ι
3229 2941 3528 2997 Ἐπελὰθου
3551 2942 3722 3014 νόμου

461 3049 557 3103 per
586 3032 778 3087 Oseam
819 3028 955 3083 dixit
984 3028 1165 3081 Deus:
1209 3042 1227 3075 ι
1261 3022 1437 3078 Oblita
1478 3037 1537 3077 es
1576 3022 1710 3092 legis
1741 3022 1831 3077 Dei
1867 3026 1964 3089 tui,
1990 3033 2041 3078 et

2149 3028 2284 3081 Θεοῦ
2318 3045 2433 3095 σου,
2470 3031 2841 3102 ὲπιλαθοῦμαί
2870 3050 2964 3086 σου
2989 3034 3163 3103 κάγώ.
3199 3053 3218 3086 ι

463 3140 561 3195 ego
589 3124 877 3177 obliviscar
903 3121 975 3172 ιιιί
1005 3117 1070 3170 ’⁸.
1116 3133 1134 3166 ›

542 3236 559 3267 ι
617 3214 996 3268 Samaritanus
1039 3217 1215 3261 autem
1260 3205 1480 3275 quidam
1525 3204 1628 3260 iter
1661 3204 1864 3260 faciens
1898 3207 2043 3263 venit

462 3323 623 3363 secus
640 3323 761 3361 eum
785 3321 799 3358 :
825 3314 878 3359 et
906 3301 1095 3357 videns
1122 3313 1244 3352 eum
1283 3295 1655 3351 misericordia
1684 3306 1860 3352 motus
1884 3307 1987 3353 est.
2012 3316 2034 3349 ν

473 3400 627 3455 Venit
646 3397 811 3467 igitur
837 3395 976 3465 ejus,
1007 3392 1097 3462 qui
1125 3391 1265 3445 male
1285 3397 1539 3457 acceptus
1561 3388 1738 3442 fuerat
1759 3388 2040 3454 Dominus,

466 3499 672 3544 naturae
702 3488 958 3542 misertus
989 3493 1094 3548 est,
1133 3481 1290 3550 cujus
1332 3490 1449 3535 erat
1491 3494 1723 3550 parens;
1764 3479 2045 3535 condoluit

468 3583 666 3651 quibus
701 3580 874 3635 modis
904 3578 1085 3633 dolere
1116 3575 1265 3630 novit
1298 3574 1408 3635 illa,
1440 3588 1562 3643 quae
1595 3573 1937 3641 passionibus
1960 3583 2043 3628 est

467 3688 657 3734 vacua,
696 3669 1249 3741 prmstantissiniaque
1278 3673 1489 3727 natura,
1514 3673 1567 3716 et
1600 3662 1772 3716 factus
1802 3671 1885 3717 est
1903 3664 2043 3730 quod

464 3774 584 3817 erat
617 3764 724 3825 ille,
758 3760 849 3829 qui
898 3758 1436 3829 patiebaturabsque
1478 3764 1824 3822 peccatorum
1855 3754 2042 3823 plagis,

463 3868 515 3909 et
552 3864 777 3909 vocatur
813 3851 1211 3909 Samaritanus.
1269 3849 1519 3902 nimirum
1573 3848 1882 3902 custodiens
1930 3846 2041 3915 (91)

470 3949 751 4017 utriusque
786 3956 992 3999 naturae
1027 3944 1297 4004 notiones,
1345 3956 1573 3996 manens
1618 3941 1667 3994 id
1716 3943 1858 4009 quod
1905 3951 2043 4006 erat,

467 4043 643 4094 factus
675 4037 816 4107 quod
852 4052 955 4089 non
992 4045 1127 4087 erat.

542 4150 560 4182 ι
601 4131 666 4184 Ει
696 4128 1024 4198 appropians
1062 4126 1300 4195 alligavit
1331 4123 1553 4178 vulnera
1586 4124 1720 4191 eius,
1757 4124 2043 4181 infundem

463 4224 638 4278 oleum
666 4231 719 4275 et
738 4222 940 4273 vinum.
968 4237 985 4270 ›
1013 4218 1164 4287 Ligat
1189 4218 1481 4285 impietatis
1506 4216 1743 4286 plagam,
1773 4218 2041 4271 vinculum

466 4312 681 4379 pietatis
722 4309 995 4377 injicieus.
1050 4307 1244 4375 l’nrgat
1293 4307 1721 4374 intemperantiae
1751 4308 1922 4371 ulcus,
1959 4313 2042 4362 in-

2221 3232 2241 3265 ι
2273 3213 2595 3285 Σαμαρίτης
2628 3214 2685 3268 δέ
2729 3233 2816 3279 τις
2843 3216 3046 3271 ὁδεύων
3083 3217 3215 3288 ἦλθε
3259 3218 3380 3271 κατ’
3407 3219 3593 3282 αὑτὸν,
3627 3224 3727 3273 καὶ

2146 3305 2269 3361 ἰδὼν
2295 3306 2460 3359 αὑτὸν
2492 3305 2953 3380 ἐσπλαγχνίσθη.»
2980 3309 3239 3381 Ἔρχεται
3269 3309 3363 3364 οὖν
3388 3314 3417 3365 ό
3444 3314 3727 3383 Δεσπότης

2141 3398 2238 3452 τοῦ
2266 3399 2595 3470 πάσχοντος,
2631 3398 2866 3471 ᾤκτειρε
2903 3402 3003 3471 τὴν
3034 3403 3199 3471 φύσιν
3222 3443 3237 3467 ,
3273 3398 3341 3475 ἦς
3371 3405 3585 3476 ὑπῆρχε
3618 3424 3726 3458 πα-

2141 3491 2269 3561 τὴρ,
2321 3491 2664 3561 συνήλγησεν
2692 3487 2774 3555 οἷς
2795 3487 2901 3543 οἶδε
2933 3493 3152 3563 τρόποις
3179 3494 3364 3562 ἀλγεῖν
3394 3496 3496 3549 οὐκ
3525 3498 3727 3566 ἔχουσα

2146 3583 2319 3646 πάθος
2348 3585 2381 3653 ἡ
2419 3584 2737 3651 πανάγαθος
2771 3584 2957 3651 φύσις,
2992 3586 3086 3637 καὶ
3116 3586 3351 3654 γίνεται,
3385 3588 3523 3659 ὅπερ
3553 3592 3582 3641 ό
3620 3590 3729 3642 πά·-

2148 3694 2313 3746 σχων,
2343 3679 2518 3747 χωρὶς
2556 3678 2667 3731 τῶν
2694 3680 2794 3747 τῆς
2818 3678 3096 3749 ἁμαρτίας
3126 3679 3371 3749 πληγῶν,
3414 3684 3512 3734 καὶ
3540 3682 3733 3735 καλεῖ-

2146 3783 2237 3820 ται
2272 3767 2657 3837 Σαμαρείτης,
2709 3768 2879 3839 ἧγουν
2914 3768 3155 3837 φυλάξας
3196 3770 3466 3840 ἑκατέρας
3507 3772 3728 3839 φύσεως

2145 3859 2214 3911 τὰ
2252 3860 2616 3929 γνωρίσματα
2656 3875 2670 3889 ο
2708 3861 2900 3931 μείνας
2957 3861 3094 3929 ὅπερ
3137 3857 3241 3934 ἦν,
3283 3864 3379 3915 καὶ
3430 3865 3728 3934 γενόμενος

2146 3952 2284 4021 ὅπερ
2320 3953 2420 4003 οὐκ
2457 3947 2545 4021 ἦν.

2225 4146 2242 4178 ι
2292 4128 2405 4181 Καὶ.
2448 4126 2766 4197 προσελθὼν
2795 4127 3065 4199 κατέδησε
3098 4127 3168 4181 τὰ
3198 4128 3497 4199 τραύματα
3524 4130 3727 4193 αὑτοῦ,

2146 4221 2385 4290 ἐπιχέων
2408 4220 2587 4274 ἔλαιον
2611 4224 2704 4273 καὶ
2731 4217 2894 4274 οἶνον.
2934 4240 2953 4272 ι
2981 4223 3182 4291 Δεσμεί
3221 4221 3318 4291 τῆς
3345 4222 3609 4285 ἀσεϐείας
3631 4223 3729 4293 τὴν

2150 4316 2387 4384 πληγὴν,
2416 4315 2625 4377 ἐπιθεὶς
2652 4314 2742 4366 τὸν
2769 4313 2868 4381 τῆς
2898 4314 3180 4376 εὐσεϐείας
3203 4314 3422 4382 δεσμόν.
3458 4316 3728 4386 Καθαίρει

467 4416 729 4472 spcrgens
764 4400 1068 4453 sobrietatis
1097 4400 1301 4462 vinum,
1347 4400 1483 4467 quod
1542 4400 1898 4466 restringcndi
1939 4403 2039 4454 vim

2150 4411 2249 4477 τῆς
2285 4405 2584 4469 ἀκολασίας
2618 4407 2679 4458 τὸ
2718 4406 2899 4472 ἕλκος,
2945 4408 3037 4458 τὸν
3057 4407 3349 4459 στυπτικὸν
3384 4407 3482 4475 τῆς
3522 4424 3731 4478 suppo-

470 4494 653 4546 habet.
684 4490 941 4542 Avaritia
971 4492 1262 4557 appetitum
1307 4488 1566 4556 abstergit
1611 4487 1786 4541 olemn
1838 4490 2048 4544 miseri-

470 4586 671 4641 cordia:
702 4581 1007 4636 infundens.
1048 4580 1121 4632 Ila
1163 4594 1256 4648 per
1308 4590 1567 4646 praerepta
1619 4582 1767 4646 quasi
1806 4597 1900 4649 per
1930 4585 2046 4635 vin-

468 4677 610 4742 cuia,
648 4675 868 4728 vulnera
896 4669 1245 4741 coiligal,68
1283 4680 1336 4721 et
1356 4685 1449 4738 per
1473 4668 1806 4738 disciplinam
1838 4684 2047 4728 coercet

472 4767 891 4837 improbitatem,
913 4774 965 4819 et
993 4764 1143 4832 parvi
1165 4763 1329 4815 animi
1357 4762 1601 4814 timorem
1627 4777 1720 4829 spe
1743 4762 2044 4819 futurorum

473 4863 631 4917 tollit.
677 4862 871 4915 Vinum
916 4858 1059 4912 enim
1096 4852 1525 4922 constringendi,
1567 4853 1740 4906 oletlm
1779 4852 2046 4912 hilarandi

541 5002 585 5031 *3
620 5001 757 5054 Osee
792 5013 867 5061 vt,
896 4998 947 5051 6.

2151 4501 2319 4569 σύνης
2348 4498 2646 4565 ἐπιστάξας
2691 4494 2856 4552 οἶνον.
2901 4499 3245 4569 Ἀποσμήχει
3276 4500 3374 4568 τῆς
3410 4500 3728 4564 πλεονεξίας

2147 4594 2244 4661 τὴν
2276 4592 2477 4662 ὄρεξιν,
2519 4593 2612 4661 τῆς
2638 4590 3015 4661 ἐλεημοσύνης
3042 4593 3236 4660 ἐκχέας
3262 4591 3323 4642 τὸ
3350 4589 3551 4644 ἔλαιον.
3570 4592 3726 4644 Οὕτω

2146 4683 2237 4735 διὰ
2262 4683 2369 4735 τῶν
2400 4682 2630 4736 ἐντολῶν
2673 4681 2969 4749 συσφίγγει
3015 4683 3083 4733 τὰ
3129 4682 3440 4752 τραύματα,
3492 4684 3589 4735 καὶ
3638 4682 3726 4733 διὰ

2147 4776 2245 4844 τῆς
2274 4774 2631 4838 διδασκαλίας
2663 4773 2954 4843 ὲπιστύφει
2974 4774 3072 4844 τὴν
3090 4773 3381 4843 πονηρίαν,
3405 4776 3495 4825 καὶ
3517 4773 3725 4826 λεαίνει

2144 4867 2235 4921 τὸν
2264 4866 2602 4937 μικρόψυχον
2624 4869 2691 4937 τῇ
2714 4865 2821 4919 τῶν
2850 4865 3153 4935 μελλόντων
3180 4864 3360 4918 ἑλπίδι
3385 4882 3400 4896 ο
3427 4866 3723 4929 στυπτικὸς

1701 5089 2021 5152 Francisci
2057 5092 2267 5155 Scorsi
2299 5101 2485 5155 notae.

539 5226 651 5298 (89)
688 5222 777 5277 Uti
802 5224 1088 5298 pgiliceanr
1111 5223 1365 5298 tunicam.
1400 5220 1471 5273 lla
1499 5231 1725 5289 uterque
1750 5218 2043 5298 Gregorius

468 5292 727 5353 Nazianz.
750 5308 805 5349 et
834 5294 993 5365 Nyss.
1023 5293 1763 5365 allegoriceinterpretantur
1788 5292 2043 5359 pelliceas

470 5371 702 5432 tunicas,
734 5360 1106 5434 quas'Genes.
1136 5360 1203 5417 in
1241 5363 1417 5434 induit
1448 5361 1590 5415 Deus
1622 5360 1827 5430 primos
1847 5376 2045 5430 paren-

468 5453 567 5494 tes.
603 5430 710 5493 Sed
745 5430 798 5490 ἐι
843 5437 955 5490 loca
1015 5437 1205 5487 horum
1264 5430 1506 5494 Patrum,
1560 5436 1625 5484 ad
1676 5444 1794 5497 quae
1824 5434 2038 5486 videtur

468 5513 704 5564 alludere
737 5521 923 5561 eorum
952 5506 1154 5559 assecla
1182 5502 1564 5569 Theophanes,
1604 5511 1658 5555 et
1706 5517 1816 5554 rem
1862 5506 2033 5569 ipsam

469 5587 775 5633 adnulataln
805 5578 921 5631 vide
950 5576 1167 5629 humilia
1198 5573 1287 5625 24.

564 5651 673 5717 (90)
738 5647 856 5701 Viso
904 5664 963 5701 eo
1021 5643 1352 5717 παρῆλθεν.
1408 5640 1530 5717 Illac
1563 5641 1707 5717 verbi
1761 5642 2033 5717 ἀντιπαρ-

468 5712 596 5790 ἧλθε
638 5712 945 5775 observatio
1014 5718 1192 5771 locum
1238 5713 1399 5768 habet
1449 5713 1502 5766 in
1544 5713 1777 5767 editione
1824 5712 2035 5782 Gratea,

2146 5225 2236 5302 ubi
2270 5239 2375 5281 non
2411 5224 2683 5302 παρῆλθε,
2715 5231 2808 5302 sed
2841 5227 3218 5302 ἀντιπαρῆλοε
3273 5228 3467 5302 legitur
3489 5246 3591 5300 pro
3616 5247 3723 5302 quo

2144 5295 2212 5368 in,
2252 5306 2437 5350 nostra
2509 5295 2827 5366 simpliciter
2888 5295 3137 5362 habetur,
3199 5295 3503 5368 praeferiitf
3540 5295 3725 5367 Quare

2144 5367 2388 5438 etiamin
2419 5382 2534 5420 mea
2580 5368 2825 5421 versione
2866 5368 3110 5437 interjeci
3158 5367 3320 5424 verba
3356 5370 3469 5438 ipsa
3506 5370 3725 5437 Graeca,

2149 5436 2425 5504 inquibus
2457 5438 2537 5491 vis
2573 5439 2855 5490 sententia:
2882 5440 3123 5492 aucturis
3149 5443 3321 5506 posita
3344 5436 3428 5494 est
3453 5480 3473 5506 ,
3504 5453 3559 5494 et
3593 5442 3724 5495 abs-

2146 5506 2405 5577 queillis
2445 5508 2765 5560 evanescit:
2807 5511 2949 5577 quod
2996 5512 3048 5562 in
3096 5512 3217 5565 aliis
3262 5509 3535 5566 similibus
3585 5512 3726 5567 locis

2150 5575 2357 5629 videbis
2380 5592 2408 5628 a
2442 5592 2525 5629 me
2553 5575 2879 5631 factitatum.

2164 5714 2177 5723 Ἄ
2216 5648 2327 5713 till)
2368 5645 2697 5723 Custodiam.
2737 5647 2931 5723 Notum
2967 5658 3073 5721 est
3102 5648 3506 5723 Samaritanum
3543 5652 3725 5723 signi-

2149 5716 2313 5769 ticarc
2349 5716 2630 5772 custodem
2657 5733 2721 5771 cx
2758 5719 2941 5775 radice
