3990 6202
403 232 507 294 303

1613 221 2101 282 THEOPHANIS
2139 221 2481 283 CERAMEI

3556 217 3671 282 304

403 346 779 417 unusquisque
809 340 1081 414 propriam
1117 335 1421 394 mercedem
1455 335 1686 407 accipiet
1724 336 1792 390 ³⁸.
1826 333 1976 391 Felix

2086 338 2315 399 Exacto;
2361 339 2455 390 τδν
2505 339 2634 392 ἴδιον
2686 337 2880 409 μισθὸν
2929 337 3182 409 λήψεται.
3228 335 3519 407 Μακάριος
3561 337 3670 406 μὲν

399 438 568 510 igitur
611 436 702 492 ille
726 435 936 496 doctor,
967 429 1059 500 qui
1087 427 1348 484 doctrina
1371 426 1624 483 denarios
1662 426 1975 498 adaugebit,

403 532 662 588 nimirum
711 541 833 582 cum
880 521 1048 578 veluti
1094 521 1162 576 de
1199 536 1262 576 re
1305 535 1402 577 sua
1450 519 1747 575 domestica
1785 533 1976 573 sanum

399 627 647 685 verbum,
685 628 740 674 et
766 618 934 672 vitam
974 616 1088 689 09
1113 615 1280 671 verbo
1316 622 1734 669 consentaneam
1771 614 1980 683 impen-

399 715 555 771 derit.
586 710 834 766 Infelices
864 723 992 764 vero
1022 723 1212 763 omnes
1255 720 1318 761 ac
1345 704 1682 760 miserabiles
1707 705 1882 775 juxta,
1915 719 1980 760 ac

396 819 495 874 ego
526 815 667 870 sum,
695 799 788 870 qui
824 797 1058 852 inaniter
1101 795 1154 850 in
1193 808 1322 850 aere
1353 800 1780 863 perstrepentes,
1820 790 1976 861 quasi

395 912 469 950 tes
491 909 690 950 sonans
717 901 812 947 aut
830 887 1136 961 cymbalum
1156 887 1415 952 tinniens,
1438 881 1981 940 dimidium'elliciunt

396 989 578 1058 operis
615 987 767 1050 boni,
796 994 852 1040 et
880 984 998 1054 ejus
1041 981 1182 1052 quod
1217 979 1562 1050 praestantius
1593 987 1696 1044 est,
1729 985 1980 1048 expertes

398 1087 645 1136 manent.
675 1077 934 1133 Parabola
961 1075 1124 1146 igitur
1141 1075 1417 1129 hominem
1437 1073 1666 1142 lapsum,
1689 1079 1743 1126 et
1767 1069 1979 1124 Domini

398 1188 558 1243 erga,
596 1187 694 1226 nos
749 1169 1177 1225 misericordiam
1237 1165 1650 1222 demonstravit.
1709 1162 1982 1220 Describit

397 1265 563 1320 etiam
616 1263 864 1318 fortassis
910 1271 965 1316 et
1016 1275 1126 1324 me,
1178 1268 1234 1314 et
1272 1273 1460 1313 omnes
1491 1257 1696 1313 similes
1724 1257 1852 1323 mei,
1887 1256 1979 1326 qui

397 1371 551 1410 suam
585 1353 862 1423 negligant
893 1351 1143 1407 salutem.
1176 1348 1292 1420 Ego
1321 1349 1465 1403 enim
1501 1348 1590 1403 ille
1634 1364 1778 1414 sum,
1824 1347 1916 1418 qui
1947 1361 1977 1400 a

355 1431 358 1434 6
394 1447 617 1501 civitate
644 1445 906 1498 virtutum
934 1442 1099 1497 veluti
1133 1440 1202 1496 ab
1232 1439 1528 1496 Jerusalem
1556 1439 1976 1504 exterminatus,

395 1549 450 1592 et
488 1538 542 1591 in
591 1546 873 1605 peceatum
915 1535 1068 1604 quasi
1123 1533 1176 1588 in
1220 1531 1440 1588 Jericbo
1483 1546 1601 1586 mea
1637 1539 1829 1602 sponte
1856 1545 1980 1600 pro-

393 1639 621 1693 tractus,
669 1637 723 1684 et
768 1630 822 1683 in
873 1627 1088 1698 publica
1138 1625 1366 1694 hujusce
1416 1623 1540 1679 vita:
1582 1626 1668 1678 via
1700 1622 1754 1678 in
1805 1621 1978 1677 malas

392 1737 543 1777 meas
585 1721 959 1790 cogitationes,
1012 1719 1160 1775 velut
1204 1720 1257 1772 in
1311 1718 1548 1774 latrones
1599 1717 1910 1782 incurrens,
1947 1731 1975 1770 a
2006 1689 2053 1748 Β

394 1815 610 1884 quibus,
647 1814 729 1866 hei
768 1812 934 1866 mihi!
967 1801 1208 1865 honestae
1240 1809 1363 1864 vitae
1390 1809 1700 1864 actionibus
1722 1822 1753 1862 a
1777 1807 1978 1862 virtute

396 1903 657 1970 profectis
679 1911 876 1959 exutus
896 1902 1124 1973 apparui
1149 1901 1346 1966 nudus,
1372 1911 1426 1954 et
1456 1900 1654 1954 multas
1681 1915 1712 1954 a
1741 1901 1979 1969 peccatis

398 1999 608 2051 inustas
643 2011 752 2064 pra:
780 2010 866 2049 me
898 1995 1097 2049 vibices
1125 1991 1327 2048 ferens.
1359 1992 1426 2047 Et
1450 1992 1666 2062 quidem
1693 1992 1979 2048 semimor-

399 2100 520 2142 tuus
543 2089 826 2142 dimidium
859 2087 964 2142 mei
991 2087 1210 2153 retinui,
1246 2085 1358 2140 sola
1393 2101 1490 2156 spe
1521 2083 1782 2141 incolumi
1813 2083 1977 2140 comi-

397 2189 565 2233 talus.
621 2176 891 2233 Sacerdos
945 2191 1077 2231 vero
1155 2187 1211 2232 et
1249 2176 1434 2231 Levita
1477 2191 1562 2229 me
1605 2172 1977 2244 pralergressi

394 2280 542 2324 sunt.
604 2267 739 2322 Nam
791 2280 848 2324 et
892 2270 1090 2337 scripta
1138 2269 1224 2322 lex
1273 2277 1328 2323 et
1382 2268 1645 2322 naturalis
1687 2267 1757 2322 ob
1803 2282 1978 2322 meam

394 2361 818 2417 inobedientiam
870 2359 1200 2430 imperfectae
1249 2369 1646 2414 remanserunt.
1697 2359 1804 2414 Sed
1851 2359 1979 2415 ades

394 2455 530 2523 ipse,
557 2467 590 2508 ο
613 2451 882 2520 Salvator,
907 2463 957 2506 et
990 2459 1333 2522 praestantem
1357 2452 1500 2506 illam
1527 2451 1976 2520 compositionem

394 2542 499 2597 olei
583 2552 636 2597 et
691 2543 800 2596 vini
857 2544 1282 2598 misericorditer
1335 2542 1461 2596 mibi
1509 2542 1742 2608 instilla;
1790 2550 1845 2596 et
1882 2555 1979 2610 per

395 2635 714 2704 patientiam
768 2650 853 2690 me
907 2637 1218 2706 corrigens,
1278 2647 1330 2690 et
1389 2652 1484 2706 per
1543 2635 1975 2692 misericordiam

395 2728 711 2791 instruens,
767 2724 978 2797 ﬂagella
1035 2742 1122 2781 me
1175 2728 1469 2798 angoribus
1532 2737 1749 2797 propter
1800 2742 1976 2781 meam

395 2821 817 2884 contumaciam,
853 2826 906 2873 et
941 2827 1161 2886 propter
1197 2818 1623 2873 imbecillitatem
1668 2830 1756 2873 tua
1793 2818 1977 2888 longa-

394 2912 640 2964 nimitate
708 2909 814 2963 mei
872 2909 1153 2963 miserere.
1225 2907 1391 2964 lnduc
1457 2925 1544 2964 me
1602 2909 1655 2962 in
1717 2909 1974 2964 virtutum

396 2998 795 3065 diversorium;
828 2999 1060 3068 praecipe
1088 3006 1278 3053 sancto
1308 2997 1499 3068 angelo
1521 3014 1640 3054 meo
1661 3002 1893 3064 custodi,
1920 3009 1978 3055 ut
2003 3027 2048 3087 ο

394 3106 573 3145 meam
600 3089 832 3144 salutem
871 3097 1060 3155 curet;
1092 3099 1145 3144 et
1178 3088 1342 3143 veluti
1371 3093 1508 3145 duos
1556 3091 1808 3145 denarios
1851 3107 1952 3158 sup

393 3182 598 3253 peditet
619 3183 674 3237 in
698 3181 868 3236 Deum
920 3191 976 3237 et
1008 3182 1311 3250 proximum
1339 3183 1684 3238 eliaritatem.
1717 3183 1796 3238 Tu
1831 3185 1976 3240 enim

393 3289 456 3328 es
475 3274 566 3343 qui
594 3273 935 3328 inﬁrmitates
963 3283 1182 3329 nostras
1203 3275 1431 3343 curasti,
1452 3284 1506 3331 et
1533 3277 1640 3331 tuis
1662 3278 1977 3334 vulneribus

394 3367 619 3421 uulnera
674 3374 859 3420 nostra
917 3366 1220 3422 medicatus
1274 3382 1352 3433 es,
1409 3369 1503 3438 qui
1548 3384 1669 3423 cum
1721 3370 1882 3426 Patre
1921 3380 1976 3426 et

395 3458 598 3527 Spiritu
651 3456 1000 3524 glorilicaris,
1055 3458 1140 3512 cui
1189 3457 1414 3513 debetur
1464 3461 1642 3514 omnis
1695 3461 1868 3516 honor
1917 3462 1972 3515 in

394 3549 610 3605 saecula.
643 3548 838 3604 Amen.
1572 3568 1578 3573 λ

959 3661 1241 3720 llOMlLIA
1281 3663 1392 3720 Xll.

465 3757 544 3813 De
580 3757 825 3824 muliere,
856 3772 975 3829 quae
1005 3756 1230 3812 habebat
1269 3759 1516 3828 spiritum
1553 3760 1900 3828 inﬁrmitatis.

474 3851 605 3906 Fuci
641 3868 706 3907 ex
733 3866 892 3921 apum
924 3865 1121 3920 genere
1157 3851 1268 3922 (94)
1298 3865 1423 3908 sunt
1451 3853 1627 3924 ignavi
1649 3837 1704 3908 et
1730 3857 1968 3919 inutiles,

392 3949 483 4017 qui
519 3945 608 4000 ubi
657 3947 841 4000 vident
890 3960 1022 4015 apes
1067 3945 1135 4000 ab
1165 3946 1472 4001 alvearibus
1510 3949 1790 4002 avolantes
1831 3961 1884 4004 et
1919 3953 1971 4003 in

393 4050 545 4110 prata
585 4037 855 4108 profectas
893 4037 1028 4110 (95),
1053 4039 1311 4107 quidquid
1345 4049 1429 4094 est
1463 4050 1626 4094 tenue
1674 4051 1729 4095 et
1761 4042 1974 4112 lanugi-

395 4146 583 4186 nusutn
613 4131 906 4185 decussum
934 4145 963 4183 e
1001 4131 1172 4184 media
1219 4129 1412 4186 ﬂorum
1450 4137 1604 4187 ceina
1643 4135 1971 4203 decerpere,

395 4237 459 4276 ex
493 4237 597 4290 quo
629 4221 824 4275 deinde
873 4220 1047 4275 mellis
1083 4222 1419 4277 dulcedinem
1470 4223 1524 4278 in
1551 4239 1674 4278 cera
1715 4229 1923 4296 lingunt
1953 4244 1969 4281 :

398 4326 546 4380 tunc,
569 4315 676 4383 70
707 4315 947 4382 inquam,
978 4315 1028 4367 lti
1056 4315 1346 4380 latronum,
1377 4331 1474 4370 seu
1507 4318 1685 4386 potius
1713 4317 1892 4371 furum
1916 4320 1970 4373 in

2083 429 2178 483 οὖν
2203 431 2233 482 6
2261 429 2606 493 διδάσκαλος,
2641 431 2700 494 ὃς
2732 430 3034 502 ὲτταυξήσει
3062 430 3135 484 τά
3171 431 3272 498 τῆς
3311 428 3673 491 διδασκαλίας

2082 518 2316 589 δηνάρια
2339 560 2353 582 ,
2383 519 2596 573 οἴκοθεν
2628 521 3096 590 προσδαπανήσας
3139 519 3300 586 λόγον
3326 517 3488 588 ὀρθὸν
3510 558 3528 582 ,
3570 519 3673 571 καὶ

2085 611 2203 681 βίον
2235 612 2315 682 τῷ
2350 611 2495 682 λόγῳ
2560 613 2879 666 ἀκόλουθον.
2937 611 3149 664 ’Λθλιοι
3195 611 3252 662 δὲ
3299 611 3347 663 ol
3393 610 3513 663 κατ’
3563 609 3670 678 ὲμέ

2081 705 2284 768 πάντες
2321 708 2416 758 καὶ
2449 705 2673 758 δείλαιοι
2707 705 3029 775 ἐνηχοῦντες
3067 707 3149 768 εἰς
3196 705 3336 775 ἀέρα
3365 703 3452 757 διὰ
3500 702 3671 766 κενῑκς

2081 796 2158 861 ὡς
2186 797 2386 867 χαλκὸς
2417 797 2588 867 ἠχῶν,
2638 798 2672 868 ἢ
2717 799 3096 868 περικτυποῦν
3127 797 3414 866 τύμπανον
3445 796 3504 861 ἐξ
3533 798 3672 866 mtt-

2085 890 2234 952 σείας
2256 889 2316 942 τὸ
2340 889 2505 943 καλὸν
2536 889 2956 961 κατορθοῦντες,
2977 891 3071 944 καὶ
3104 890 3361 960 μένοντες
3393 890 3672 953 ἐλλειπεῖς

2081 981 2174 1036 τοῦ
2218 981 2511 1051 βελτίονος.
2573 982 2634 1035 Ἦ
2668 982 2770 1052 μὲν
2822 978 2918 1036 οὖν
2961 982 3252 1053 παραϐολὴ
3284 981 3384 1052 τὴν
3415 981 3525 1034 τῶν
3568 983 3671 1034 ἀν-

2083 1073 2320 1144 θρώπων
2346 1075 2644 1137 ἔκπτωσιν,
2671 1075 2765 1126 καὶ
2796 1073 2858 1126 τὸ
2899 1074 2980 1137 είς
3021 1075 3168 1143 ἡμᾶς
3200 1072 3293 1126 τοῦ
3335 1072 3473 1125 Θεοῦ
3516 1072 3673 1144 ἔλεος

2083 1163 2422 1228 ἐπεδείξατο.
2483 1164 2830 1234 ’Υπογράφει
2881 1164 2939 1217 δὲ
2998 1165 3138 1234 τάχα
3195 1164 3342 1232 κάμὲ
3400 1165 3498 1216 καὶ
3537 1164 3674 1225 τοὺς

2085 1254 2216 1317 ῐσως
2253 1255 2379 1324 ἐμοὶ
2405 1255 2505 1324 τῆς
2541 1254 2693 1322 σφῶν
2721 1255 2998 1325 σωτηρίας
3030 1255 3500 1324 όλιγωρήσαντας.
3521 1251 3674 1320 Ἐγὼ

2082 1346 2192 1416 γάρ
2231 1347 2348 1415 εἰμι
2375 1348 2403 1398 6
2428 1345 2681 1415 καθάπερ
2711 1346 2771 1410 ἐξ
2813 1345 3173 1416 Ἰερουσαλὴμ
3195 1345 3297 1415 τῆς
3319 1346 3427 1398 τῶν
3450 1345 3676 1414 ἀρετῶν

2083 1439 2294 1502 πόλεως
2325 1439 2794 1511 ἐξοστρακισθεὶς,
2825 1442 2919 1494 καὶ
2945 1441 3082 1510 πρὸς
3113 1439 3214 1508 τὴν
3241 1438 3342 1508 τῆς
3384 1439 3672 1510 ἁμαρτίας

2095 1528 2309 1601 Ἱεριχὼ
2347 1530 2670 1600 αὐτομόλως
2717 1529 3043 1599 ὑποσυρεὶς,
3085 1529 3182 1583 καὶ
3213 1529 3272 1580 ὲν
3297 1531 3365 1600 τῇ
3401 1528 3674 1600 λεωφόρῳ

2083 1624 2181 1692 τῆς
2222 1621 2388 1692 ζωῆς,
2427 1621 2502 1686 ὡς
2545 1621 2882 1685 λωποδύταις
2925 1621 3220 1674 ὑποπεσὼν
3273 1624 3382 1684 τοῖς
3420 1622 3670 1689 ἐμαυτοῦ

2083 1716 2342 1782 πονηροῖς
2382 1713 2688 1782 λογισμοῖς,
2726 1714 2817 1782 ὑφ’
2850 1706 2924 1764 ὧν
2955 1713 3326 1782 γυμνωσθεὶς,
3358 1714 3526 1782 οἴμοι,
3565 1715 3669 1782 τῆς

2081 1801 2420 1872 εὐσχήμονος
2491 1800 2695 1871 βιωτῆς
2769 1801 3027 1872 πράξεων
3090 1802 3369 1872 ὲναρέτων
3437 1803 3668 1872 ὠράοην

2081 1897 2316 1968 γυμνὸς,
2340 1896 2545 1961 πολλὰς
2570 1896 2858 1968 ἁμαρτιῶν
2889 1899 3285 1969 ἐπιφερόμενος
3320 1897 3665 1967 σμῶδιγγας.

2091 1988 2398 2060 Ἥμιθανὴς
2426 1989 2483 2043 δὲ
2508 1989 2712 2058 γέγονα
2735 1991 2830 2042 καὶ
2862 1991 3158 2060 ἡμίτομος,
3191 1991 3362 2060 μόνην
3386 1992 3485 2060 τὴν
3507 1990 3670 2043 ἐλπίο

2080 2083 2148 2139 δα
2200 2081 2388 2148 ζῶσαν
2433 2083 2894 2154 περιφερόμενος.
2940 2084 3146 2152 Ἰερεὺς
3196 2083 3252 2136 δὲ
3297 2087 3394 2137 καὶ
3423 2084 3668 2153 Λευῖτης

2080 2173 2458 2249 ἀντιπαρῆλθέ
2503 2195 2571 2247 με
2599 2193 2613 2208 ο
2647 2177 2742 2230 καὶ
2777 2179 2804 2230 6
2841 2177 3069 2246 φυσικὸς
3101 2177 3212 2246 γὰρ
3248 2177 3408 2245 νόμος
3433 2216 3448 2237 ,
3500 2180 3596 2229 καὶ
3633 2179 3664 2229 6

2079 2272 2329 2342 γραπτδς
2362 2271 2423 2335 ἐξ
2451 2270 2593 2340 ἐμῆς
2627 2269 2915 2332 ἀπειθείας
2944 2271 3081 2323 ἁσυν
3095 2269 3259 2331 τελεῖς
3284 2269 3659 2336 ἐγεγόνεισαν.

2093 2361 2255 2416 Ἀλλὰ
2285 2362 2516 2432 πάρεσο,
2537 2362 2722 2430 Σῶτερ
2751 2361 2932 2425 αὐτὸς,
2961 2362 3060 2433 τὴν
3090 2360 3262 2432 καλὴν
3292 2360 3581 2428 συζυγίαν,
3603 2359 3662 2412 τὸ

2079 2453 2265 2506 ἔλαιον
2293 2452 2391 2505 καὶ
2423 2453 2515 2504 τὸν
2540 2447 2685 2504 οἶνον
2717 2450 3021 2521 συμπαθῶς
3056 2449 3365 2512 ἐπιστάζων
3402 2467 3516 2518 μοι,
3551 2466 3662 2518 μα-

2080 2544 2374 2615 κροθύμως
2397 2543 2656 2613 ἐλέγχων,
2690 2545 2782 2597 καὶ
2830 2545 2948 2613 μετ’
2995 2545 3179 2603 ἐλέους
3244 2543 3518 2595 παιδεύων
3566 2559 3658 2610 με,

2084 2637 2368 2706 μαστίσων
2394 2638 2508 2699 τοῖς
2540 2639 2869 2706 πειρασμοῖς
2899 2635 2988 2689 διὰ
3015 2635 3115 2706 τὴν
3147 2635 3454 2697 ἀπείθειαν,
3492 2634 3660 2686 ἐλεῶν

2080 2733 2147 2801 τῇ
2181 2729 2540 2801 μακροθυμία
2571 2730 2657 2783 διὰ
2686 2730 2785 2799 τὴν
2815 2729 3125 2794 ἀσθένειαν,
3160 2729 3424 2796 είσάγαγέ
3468 2745 3534 2796 με
3578 2728 3662 2791 εἰς

2079 2822 2141 2875 τὸ
2171 2821 2277 2875 τῶν
2307 2823 2518 2892 ἀρετῶν
2552 2821 2890 2892 πανδοχεῖον.
2917 2821 3193 2874 Ἔντειλον
3226 2821 3303 2891 τῷ
3330 2819 3662 2889 φυλάττοντί

2085 2929 2152 2982 με
2185 2911 2325 2983 ἁγίῳ
2357 2914 2575 2984 ἀγγέλῳ
2625 2912 3028 2984 ἐπιμεληθῆναι
3073 2913 3176 2983 τῆς
3216 2912 3496 2981 σωτηρίας
3533 2928 3659 2980 μου,

2081 3003 2178 3057 καὶ
2207 3004 2283 3066 ὡς
2316 3005 2410 3058 δύο
2435 3005 2669 3076 δηνάρια
2696 3005 3008 3076 χορηγῆσαι
3045 3021 3136 3074 μοι
3196 3005 3296 3070 τὴν
3339 3005 3419 3065 είς
3464 3002 3523 3055 σε
3568 3003 3664 3055 καὶ

2085 3095 2178 3149 τὸν
2207 3095 2438 3165 πλησίον
2467 3099 2711 3170 ἀγάπην.
2749 3097 2821 3149 Σὺ
2856 3097 2966 3166 γὰρ
2993 3097 3022 3148 6
3053 3099 3153 3159 τὰς
3180 3095 3469 3156 ἀσθενείας
3502 3095 3665 3163 ἡμῶν

2087 3187 2455 3259 θεραπεύσας,
2493 3190 2588 3243 καὶ
2616 3190 2685 3242 τὰ
2720 3189 3012 3260 τραύματα
3047 3191 3162 3251 τοῖς
3195 3189 3310 3248 σοῖς
3343 3185 3664 3257 τραύμασιν

2088 3281 2406 3352 ἰασάμενος,
2430 3284 2458 3335 6
2486 3283 2584 3335 σὺν
2617 3281 2792 3352 Πατρὶ
2823 3281 2920 3334 καὶ
2963 3280 3246 3350 Ιινεύματι
3279 3279 3664 3350 δοξαζόμενος,

2083 3367 2127 3442 ᾧ
2152 3375 2357 3447 πρέπει
2383 3377 2532 3429 πᾶσα
2561 3375 2694 3446 τιμὴ
2724 3377 2804 3439 εἰς
2833 3376 2959 3439 τοὺς
2991 3374 3218 3439 αἰῶνας,
3261 3374 3460 3444 Ἀμήν.

2683 3673 2933 3725 ΟΜΙΛῙᾹ
2961 3671 3060 3724 IB'.

2256 3764 2397 3832 Περὶ
2431 3763 2542 3830 τῆς
2579 3763 2850 3832 ἐχούσης
2877 3762 3115 3832 πνεῦμα
3143 3762 3484 3827 ἀσθενείας.

2156 3856 2221 3908 Ui
2248 3859 2493 3927 κηφῆνες
2537 3851 2678 3918 εἶδός
2723 3856 2840 3908 ἐστι
2894 3854 3199 3925 μελλισσῶν
3243 3855 3413 3926 ἀργόν
3452 3871 3513 3907 τε
3566 3855 3662 3909 καὶ

2081 3949 2376 4021 ἄχρηστον.
2409 3943 2569 4002 Οὗτοι
2612 3947 2745 4016 γοῦν
2785 3947 3024 4018 ὁπηνίκα
3077 3950 3176 4010 τὰς
3223 3947 3486 4017 μελίσσας
3531 3948 3662 4000 θεά-

2083 4056 2269 4094 σαιντο
2294 4041 2399 4094 τῶν
2413 4040 2655 4112 σίμϐλων
2673 4041 3080 4110 ἀφιπταμένας,
3109 4039 3198 4094 καὶ
3227 4039 3359 4109 πρὸς
3383 4038 3663 4109 λειμῶνας

2080 4135 2391 4206 χωρούσας,
2445 4137 2538 4187 καὶ
2583 4133 2928 4206 δρεπομένας
2958 4133 3070 4185 τῶν
3105 4133 3313 4184 ἀνθέων
3343 4131 3406 4182 τὸ
3438 4129 3660 4190 λεπτὶν,

2080 4229 2175 4282 καὶ
2212 4229 2444 4298 χνοῶδες
2490 4228 2586 4298 τῆς
2617 4229 2674 4280 ὲν
2704 4230 2770 4298 τῇ
2816 4228 2966 4297 μέσῳ
3002 4226 3175 4295 κόμης
3211 4223 3554 4294 ὲκτιναχθὲν,
3598 4226 3660 4289 ἐξ

2080 4316 2140 4376 οὗ
2171 4321 2611 4392 κηροπλαστοῡσι
2647 4320 2740 4373 τοῦ
2775 4321 2991 4390 μέλιτος
3021 4321 3119 4389 τὴν
3145 4318 3479 4386 γλυκύτητα,
3503 4333 3656 4386 τηνι-

398 4420 606 4458 morem
643 4406 963 4470 insilientcs,
1015 4415 1069 4460 et
1108 4407 1160 4460 in
1205 4408 1386 4463 alveos
1433 4409 1753 4466 invadentes
1791 4412 1971 4468 elabo-

2086 4387 2263 4469 καῦτα
2295 4415 2346 4468 οἱ
2375 4416 2622 4485 κηφῆνες
2652 4387 2798 4464 οὗτοί
2831 4387 3162 4482 λῃστρικῶς,
3192 4409 3396 4480 μᾶλλον
3418 4409 3474 4462 δὲ
3499 4409 3661 4479 δίκην

398 4509 575 4550 ratum
600 4511 735 4566 epns
753 4495 1052 4549 clanculum
1080 4501 1244 4552 edunt
1263 4499 1398 4568 (96);
1422 4501 1510 4554 ubi
1536 4516 1662 4557 vero
1683 4503 1972 4560 redeuntes

393 4587 638 4642 semine:
657 4600 808 4656 apes,
829 4587 1226 4641 irremeabiletn
1247 4601 1535 4657 capessunt
1551 4590 1756 4662 fugam,
1776 4595 1974 4667 quippe

469 4709 514 4740 ‘°
551 4707 568 4761 l
611 4705 736 4758 Cor.
781 4717 864 4767 ut,
907 4702 961 4757 8.

2080 4508 2331 4563 κλεπτῶν
2393 4507 2844 4577 εἰσπηδήσαντες,
2895 4505 2988 4556 καὶ
3027 4505 3165 4572 πρὸς
3208 4503 3276 4556 τά
3319 4501 3522 4571 σίμϐλα
3551 4519 3664 4571 χω-

2083 4601 2348 4674 ρήσαντες
2405 4597 2514 4650 τῶν
2574 4595 2841 4666 μελιττῶι
2901 4593 3000 4665 τὴν
3038 4593 3312 4664 γεωργίαν
3367 4592 3663 4664 ἁρπαλέως

1635 4796 1955 4860 Francisci
1989 4801 2197 4862 Scorsi
2232 4809 2418 4864 notae.

469 4905 582 4973 (9i)
630 4902 765 4956 Fuci
804 4914 868 4954 ea:
922 4913 1082 4973 agunt
1123 4901 1327 4973 genere.
1389 4896 1696 4964 Scriptores
1758 4899 1982 4967 apiaria:

401 4978 478 5027 rei
525 4967 777 5042 κηφῆνας
809 4968 1015 5042 ἀργούς
1046 4970 1195 5042 fucos
1215 4967 1427 5036 ignavos
1463 4977 1676 5042 vocant,
1709 4983 1812 5042 qua
1839 4983 1978 5042 ‘voce

400 5055 565 5098 ullltll‘
584 5037 959 5104 hostenct'nns
975 5040 1163 5092 Latina
1182 5037 1626 5105 interpretatione
1638 5037 1976 5095 coneinimus

403 5115 696 5184 Virgiliano
721 5111 946 5163 carmini
993 5107 1178 5178 Georg.
1208 5123 1260 5161 tv
1287 5117 1338 5161 et
1380 5105 1606 5160 Afneid.
1638 5123 1674 5174 ι,
1708 5109 1799 5161 ubi
1833 5109 1973 5164 idem

397 5187 658 5256 repetitur
689 5196 872 5256 vers-ns
896 5198 910 5234 :

502 5254 756 5326 Ignavum
791 5250 936 5326 fucos
972 5266 1124 5326 pecus
1158 5267 1189 5326 α
1222 5248 1544 5326 prwsepibus
1575 5263 1773 5305 arcent.

398 5321 566 5380 Arisi.
603 5333 756 5377 Vocat
795 5321 1032 5390 νωθροὺς
1089 5332 1140 5375 et
1158 5322 1452 5390 ἀκέντρους
1487 5336 1663 5392 segnes
1693 5331 1749 5377 et
1790 5321 1973 5376 aculeo

399 5413 597 5462 cassos,
617 5393 685 5447 ob
713 5406 874 5461 quam
900 5392 1282 5462 proprietatem
1311 5402 1456 5446 recte
1485 5405 1668 5446 noster
1687 5394 1772 5446 hic
1799 5394 1875 5447 ait
1895 5395 1977 5456 είς

396 5459 606 5536 ἄμυναν
637 5459 811 5516 ἐλθεῖν
863 5461 922 5512 οὐ
949 5459 1225 5536 δύνασθαι,
1245 5466 1325 5536 ,αα
1351 5478 1404 5516 se
1437 5462 1817 5531 defendendum
1849 5478 1975 5536 con-

397 5531 541 5605 gredi
575 5551 677 5589 non
711 5548 899 5602 posse;
938 5531 1166 5600 ideoque
1207 5534 1275 5588 ab
1309 5548 1472 5603 apum
1506 5549 1740 5589 occursu
1777 5532 1969 5602 prolu-

432 5622 546 5659 ere.

399 5627 584 5747 “23%)
625 5674 689 5730 In
717 5685 870 5746 prata
899 5673 1184 5745 profectas.
1209 5672 1409 5730 Desunt
1434 5673 1548 5731 lucc
1587 5678 1752 5733 verba
1783 5677 1836 5733 in
1867 5692 1976 5733 uno

2087 4901 2227 4976 cod_._
2260 4906 2355 4958 καὶ
2384 4906 2527 4976 πρὸς
2576 4905 2848 4976 λειμῶνας
2876 4904 3199 4975 χωρούσας;
3235 4904 3446 4960 reddidi
3474 4914 3653 4962 tamen

2087 4990 2154 5028 ex
2185 4973 2258 5046 7V.
2289 4986 2347 5046 et
2367 4973 2457 5045 6.,
2487 4979 2541 5030 in
2569 4973 2767 5046 quibus
2790 4992 2853 5029 ea
2882 4973 3163 5042 leguntur.

2157 5045 2271 5115 (96)
2316 5043 2628 5101 Clanculum
2668 5048 2849 5101 edunt.
2897 5046 3026 5099 Fuci
3075 5043 3322 5113 quamvis
3367 5046 3662 5102 conﬁciant

2085 5113 2261 5180 favos,
2290 5116 2603 5186 perﬁciendi
2635 5126 2814 5170 tamen
2861 5116 3037 5170 mellis
3087 5115 3347 5169 facultate
3389 5133 3496 5186 non
3535 5119 3660 5186 pol-

2081 5186 2195 5240 lent
2220 5203 2234 5252 ;
2265 5185 2446 5254 sed,nt
2473 5187 2791 5242 Aristoteles
2820 5190 2917 5250 ait,
2938 5196 3230 5242 veSCuntur
3255 5194 3367 5238 tum
3397 5185 3518 5254 ipsi,
3539 5185 3660 5241 itum

2083 5258 2332 5327 ipsorum
2362 5257 2490 5326 pulli
2527 5258 2682 5311 melle
2703 5260 2848 5327 quod
2879 5272 3009 5325 apes
3035 5256 3390 5310 elaborarint.
3423 5257 3482 5310 ld
3514 5259 3662 5327 quod

2082 5329 2289 5382 diserte
2322 5326 2589 5382 Hesiodus
2621 5330 2672 5380 in
2704 5326 3067 5396 'i'lieOgonia':

2093 5421 2176 5473 Ὀἱ
2209 5420 2264 5472 δ’
2289 5417 2508 5474 ἔντοσθε
2543 5419 2793 5490 μένοντες
2823 5421 2914 5490 ἐπὶ
2945 5419 3147 5489 ρεφέας
3187 5419 3328 5472 κατά
3355 5417 3621 5487 σίμϐλους

2097 5491 2404 5559 Ἀλλότριον
2434 5488 2682 5559 κάματον
2716 5488 2984 5560 σφετέρην
3023 5491 3103 5552 εἰς
3134 5491 3358 5559 γαστέρ’
3385 5490 3661 5558 ἀμῶνται.

2081 5585 2148 5638 At
2177 5584 2258 5637 illi
2286 5585 2431 5638 intus
2463 5595 2825 5654 permanentes
2853 5583 3111 5650 cooperti:
3150 5583 3204 5635 in
3231 5583 3478 5638 alveariis

2086 5656 2324 5710 Alienum
2355 5657 2589 5711 laborent
2619 5670 2768 5709 suum
2807 5656 2862 5707 in
2897 5663 3124 5708 ventrem
3151 5662 3372 5708 metunt.
