3990 6202
281 273 400 369 eos

1698 304 2026 367 HOMILIA
2067 304 2205 364 ΧΠ.

3451 309 3558 378 310

281 414 720 487 ἑπαχθήσονται.
751 433 769 465 ι
795 411 907 469 Καὶ
929 412 1039 466 ἰδοὺ
1072 415 1212 486 γυνὴ
1244 415 1444 485 ἔχουσα
1475 415 1694 488 πνεῦμα
1713 417 1876 471 ἀσθε-

1985 413 2220 468 cauteria
2253 410 2352 477 (2).
2417 429 2435 462 ι
2473 411 2540 466 Ει
2565 425 2693 467 ecce
2726 412 2942 478 mulier,
2979 428 3100 484 quae
3129 415 3365 472 habebat
3391 422 3561 489 Spiri-

279 509 438 573 νείας
487 507 586 578 ἐτη
626 507 760 560 δέκα
815 508 907 560 καὶ
940 506 1105 562 ὀκτώ.
1172 528 1190 560 ι
1225 509 1370 580 Ὅρα
1415 508 1512 564 τοῦ
1568 511 1744 566 κακοῦ
1773 513 1875 584 τὴν

280 603 573 668 ἐπίτασιν,
614 602 869 672 ἐννόησον
895 602 952 655 δὲ
1001 602 1232 674 καὶτῆς
1280 603 1566 666 ἀσθενείας
1596 605 1658 659 τδ
1708 605 1876 677 μέγε-

281 695 400 759 θος,
476 696 536 748 ἐν
586 695 778 757 πόσοις
804 695 940 748 ἐτῶν
977 695 1251 766 περιόδοις
1283 696 1365 761 είς
1387 697 1489 767 γῆν
1525 699 1558 767 ἡ
1585 697 1748 753 ἀθλία
1779 699 1877 753 κέ-

280 805 433 858 annos
461 788 754 858 κτηνηδὸν,
789 789 928 858 μήτε
957 789 1095 859 πρὸς
1123 789 1194 842 τὰ
1219 789 1448 860 οὐράνια
1482 791 1656 862 κάλλη
1687 791 1877 846 ὲνατε-

279 879 460 944 νίζειν
514 879 801 950 ἰσχύουσα,
839 879 978 950 μήτε
1010 880 1108 940 τὰς
1164 879 1319 949 ὄψεις
1343 880 1454 934 τῶν
1487 879 1878 935 συναντώντων

281 971 616 1043 περιαθρετν
671 971 972 1042 δυναμένη,
1007 971 1144 1024 ἀλλά
1193 972 1492 1041 μηνοειδῶς
1542 972 1878 1044 καμπομένη

280 1065 453 1136 δίκην
483 1066 669 1132 στοᾶς,
695 1063 790 1119 τοῦ
821 1065 1080 1136 δαίμονος
1127 1059 1217 1119 οἷά
1238 1083 1384 1128 τινος
1421 1065 1742 1137 μολυϐδίνου
1777 1065 1880 1137 βά-

283 1175 422 1227 ρους
450 1157 752 1228 βρίθοντος,
806 1159 901 1212 καὶ
923 1160 1015 1212 τὸν
1039 1157 1211 1213 νῶτον
1247 1157 1676 1226 συγκύπτοντος.
1707 1162 1880 1216 Ἰεται

281 1249 476 1302 τοίνυν
525 1250 619 1302 ἐπὶ
671 1248 772 1320 τὴν
814 1251 962 1302 ῐασιν
1016 1248 1318 1318 αὐτόμολος
1368 1252 1396 1304 6
1427 1249 1641 1321 Σωτὴρ,
1679 1251 1744 1304 ὲκ
1782 1251 1882 1322 τῆς

281 1340 521 1410 ἐνούσης
550 1340 700 1410 αὑτῷ
738 1339 982 1408 ἐμφύτου
1021 1340 1160 1411 πρὸς
1189 1341 1284 1394 τὸν
1325 1341 1617 1413 ἄνθρωπον
1646 1342 1883 1414 γαληνό-

281 1448 476 1500 τητος.
509 1429 741 1502 ἐλεήσας
773 1430 872 1502 τὴν
904 1429 1068 1499 φύσιν
1097 1431 1436 1502 παιζομένην
1462 1432 1636 1497 οὓτως
1663 1433 1768 1487 ὑπὸ
1783 1434 1878 1488 τοῦ

280 1521 574 1590 δαίμονος,
619 1521 712 1574 καὶ
957 1523 1228 1592 ἐπαφίησι
1251 1501 1350 1593 τῆς
1391 1501 1552 1578 νόσου
1583 1526 1878 1595 λυτήριον*

288 1630 312 1665 e
346 1612 540 1678 Γύναι,
569 1613 905 1668 ἀπολέλυσαι
930 1615 1032 1684 τῆς
1062 1614 1352 1679 ἀσθενείας
1409 1633 1526 1671 σου.
1575 1635 1594 1669 ι
1641 1618 1753 1670 Καὶ
1801 1619 1882 1690 τῷ

281 1704 438 1773 λόγῳ
462 1705 792 1776 προστίθησι
823 1705 922 1776 τὴν
955 1705 1100 1776 ἀρήν
1121 1723 1135 1737 ο
1169 1725 1189 1758 ι
1235 1707 1509 1778 Ἐπέθηκε
1527 1708 1659 1780 γὰρ,
1689 1710 1877 1781 φησὶν,

283 1795 381 1848 ἐπ’
413 1796 549 1866 αὐτῇ
595 1797 694 1861 τὰς
740 1799 954 1870 χεῖρας,
997 1798 1091 1852 καὶ
1122 1800 1463 1869 παραχρῆμα
1493 1800 1872 1872 6wantith

289 1886 492 1955 Ἀθρει
514 1887 578 1958 δὴ
601 1887 702 1956 τῆς
723 1887 905 1957 ψυχῆς
926 1888 1022 1942 καὶ
1045 1889 1140 1942 τοῦ
1171 1889 1426 1960 σώματος
1450 1890 1510 1944 τὸ
1540 1890 1881 1960 κατάλληλον

286 1978 614 2049 ςάρμακον.
662 1978 892 2049 Ἐπειδὴ
925 1978 1056 2050 γὰρ,
1089 1979 1192 2050 τῆς
1223 1981 1402 2051 ψυχῆς
1453 1983 1878 2055 ἀμαρτησάσης,

283 2071 452 2140 ἐδόθη
501 2070 579 2142 τῷ
616 2072 834 2144 Σατανᾷ
886 2073 949 2125 τὸ
981 2071 1143 2143 σῶμα
1185 2073 1323 2146 πρὸς
1381 2074 1629 2140 κόλασιν,
1660 2075 1750 2129 διὰ
1783 2077 1882 2148 μὲν

283 2161 388 2215 τοῦ
428 2163 589 2231 λόγου
651 2163 884 2217 ἀπολύει
923 2164 1024 2235 τὴν
1051 2165 1233 2236 ψυχὴν
1279 2167 1378 2237 τῆς
1433 2167 1545 2220 τῶν
1591 2168 1883 2241 ἁμαρτιῶν

286 2258 512 2327 ἐνοχῆς,
536 2257 625 2310 διά
655 2256 713 2310 δὲ
737 2257 839 2326 τῆς
864 2257 1018 2321 θείας
1042 2258 1186 2328 ἀφῆς
1245 2258 1467 2329 ἀνορθοϊ
1493 2259 1554 2312 τὸ
1585 2261 1744 2332 σῶμα
1783 2261 1885 2332 τῆς

286 2350 373 2411 εἰς
403 2348 509 2415 γῆν
539 2347 948 2413 κατανεύσειης,

370 2460 392 2493 ε
435 2439 786 2511 Ἀποκριθεὶς
802 2442 860 2496 δὲ
886 2443 913 2496 6
937 2444 1415 2515 ἀρχισυνάγωγος,
1447 2446 1777 2515 ἀγανακτῶν
1797 2449 1883 2503 δτι

287 2532 372 2603 τῷ
407 2533 678 2603 Σαϐϐάτῳ
709 2531 1083 2605 ἐθεράπευσεν
1117 2539 1145 2590 6
1173 2535 1406 2608 Ἰησοῦς,
1437 2537 1591 2608 ἔλεγε
1619 2539 1696 2610 τῷ
1721 2539 1882 2611 ϐχλῳο

292 2627 398 2694 ἐξ
433 2628 640 2700 ἡμέραι
664 2630 826 2694 εἰσὶν,
859 2631 918 2682 ὲν
934 2624 1025 2694 αῖς
1054 2631 1138 2683 δεῖ
1162 2630 1496 2702 ἐργάζεσθαι
1520 2648 1535 2662 ·
1573 2633 1632 2686 ἐν
1656 2636 1886 2698 ταύταις

291 2715 393 2774 οὖν
440 2723 729 2795 ἐρχόμενοι
789 2723 1190 2796 θεραπεύεσθε,
1248 2726 1345 2778 καὶ
1373 2725 1447 2798 μὴ
1477 2729 1544 2798 τῇ
1578 2726 1763 2801 ἡμέρᾳ
1788 2727 1884 2781 τοῦ

290 2813 606 2871 Σαϐϐἀτου.
645 2835 665 2870 ι
707 2818 798 2880 Ὠς
818 2817 1056 2888 χαλεπὸν
1087 2817 1259 2884 πάθος
1288 2819 1316 2872 ό
1340 2819 1555 2888 φθόνος,
1580 2821 1679 2891 τὴν
1703 2821 1886 2894 ψυχὴν

292 2908 593 2982 ὑποτήκων
618 2910 716 2964 τοῦ
737 2911 1057 2980 τρέφοντος,
1092 2911 1188 2965 καὶ
1242 2912 1425 2968 λαθεῖν
1458 2914 1533 2986 μὴ
1560 2914 1886 2986 δυνάμενος,

291 3003 404 3056 κᾶν
429 3002 566 3071 πρὸς
591 3001 774 3071 ὀλίγον
804 3001 1149 3074 ὑποκριτικῷ
1171 3004 1501 3076 προσωπείῳ
1527 3005 1884 3073 καλύποιτο,

290 3093 372 3156 ὡς
406 3091 521 3164 πῦρ
546 3094 605 3146 ὲν
639 3093 864 3164 ἀχύροις
919 3093 1336 3163 καλυπτόμενον
1377 3095 1580 3165 δριμὺν
1615 3096 1714 3167 μὲν
1747 3097 1888 3162 τέως
1910 3131 1955 3194 C

291 3184 509 3238 καπνὸν
533 3184 877 3249 ἀναδίδωσιν,
919 3187 968 3239 εί
995 3187 1052 3240 δέ
1081 3204 1230 3250 τινος
1254 3187 1407 3259 τύχοι
1432 3188 1519 3242 διὰ
1544 3189 1734 3258 πνοῆς,
1757 3191 1882 3246 τότε

293 3275 654 3348 ἁναῤῥιπίζει
702 3276 804 3348 τὴν
845 3278 1022 3347 φλόγα
1056 3281 1135 3342 εἰς
1173 3280 1485 3350 τούμφανές
1510 3299 1524 3314 ο
1555 3281 1804 3337 τοιοῦτόν
1829 3300 1884 3338 τι

294 3367 503 3438 συνέϐη
541 3370 637 3421 καὶ
698 3371 831 3441 περὶ
882 3371 975 3425 τὸν
1006 3371 1360 3442 ἀπόπληκτον
1405 3373 1597 3428 τοῦτον
1622 3376 1884 3448 ἀρχισυν-

292 3459 516 3529 άγωγον
562 3461 646 3528 δς,
682 3463 777 3516 τοῦ
831 3463 1039 3534 Κυρίου
1070 3464 1436 3530 διδάσκοντος,
1495 3465 1653 3521 ὥδινε
1684 3469 1783 3537 μὲν
1823 3469 1883 3522 ἐν

291 3555 641 3626 ἀπορρήτοις
665 3556 759 3609 τὸν
783 3557 979 3626 φθόνον
1002 3596 1018 3622 ,
1057 3559 1279 3628 κατεῖχε
1306 3557 1363 3610 δὲ
1394 3558 1550 3628 μόλις
1611 3559 1884 3630 μηδεμίαν

291 3646 576 3717 εὑρίσκων
597 3648 791 3717 λαϐήν.
824 3650 897 3702 Τὸ
930 3650 989 3703 δὲ
1019 3650 1327 3722 παράδοξον
1353 3649 1542 3720 θαῦμα
1573 3652 1881 3721 τεθεακὼς,

290 3740 624 3812 διαρῥήσσει
655 3745 754 3813 τὴν
786 3743 1192 3813 ὲνδομυχοῦσαν
1245 3741 1471 3805 κακίαν,
1498 3743 1590 3796 καὶ
1626 3745 1708 3806 είς
1766 3744 1884 3814 φῶς

292 3833 573 3903 προσάγει
608 3832 706 3886 τοῦ
740 3833 936 3903 φθόνου
967 3835 1028 3888 τὸ
1063 3833 1486 3904 ἀμϐλωθρίδιον.
1547 3835 1733 3904 ’Δφεὶς
1769 3836 1882 3908 γάρ

290 3924 624 3995 θαυμάζειν,
655 3927 756 3996 τὴν
785 3926 879 3980 τοῦ
910 3928 1076 3997 νόμου
1106 3928 1422 3996 παράϐασιν
1446 3927 1609 3999 δῆθεν
1636 3929 1881 4000 προϐάλ-

289 4019 473 4082 λεται,
501 4018 561 4071 οὗ
613 4017 676 4072 τδ
724 4018 1005 4073 Σάϐϐατον
1032 4019 1238 4089 μᾶλλον
1268 4019 1467 4090 τιμῶν.
1502 4021 1535 4093 ἢ
1561 4023 1675 4086 τοῖς
1710 4021 1879 4093 θερα-

289 4111 624 4178 πευομένοις
655 4109 985 4180 ἐπιφθονῶν.
1035 4109 1178 4164 Ἀλλ’
1211 4111 1646 4184 ἁνεπικούρητον
1681 4115 1771 4168 ἀεὶ
1819 4114 1882 4168 τὸ

286 4203 490 4273 ψεῦδος
513 4205 606 4272 ἀφ’
631 4203 850 4270 ἑαυτοῦ,
882 4205 1056 4275 ῥᾷστα
1111 4204 1263 4274 παρὰ
1295 4204 1405 4257 τῶν
1457 4206 1752 4277 σωφρόνων
1803 4206 1882 4260 δι-

288 4295 674 4366 ελεγχόμενον.
720 4295 781 4350 ’0
813 4296 914 4365 μὲν
943 4296 1053 4368 γάρ
1083 4295 1140 4349 δὲ
1189 4295 1555 4366 δυσφορηκὼς
1584 4299 1877 4367 ἀναισχυν-

287 4389 380 4442 τεῖ
403 4389 725 4460 προφανῶς,
755 4390 851 4444 καὶ
879 4388 957 4461 τῷ
989 4388 1227 4461 θαύματι
1251 4386 1535 4456 ἀντεξάγει
1559 4389 1656 4460 τῆς
1681 4387 1876 4443 ἑαυτοῦ

1983 516 2094 562 tum
2134 503 2469 560 inﬁrmitatis
2514 504 2671 559 anuis
2715 504 2902 561 decem
2933 514 2988 560 et
3021 517 3165 564 octo.
3206 528 3225 560 ι
3263 511 3561 569 Considera

1984 611 2250 668 quantum
2305 599 2600 653 increverit
2631 599 2857 667 malum,
2897 611 2952 656 et
2983 617 3146 670 quam
3185 620 3378 676 magna
3423 607 3570 664 iulir-

1987 693 2149 747 mitas
2197 692 2397 758 fuerit;
2430 707 2528 762 per
2558 700 2692 763 quot
2723 707 2996 748 annorum
3027 699 3198 766 spatia
3243 699 3566 756 miserabilis

1981 787 2180 842 mulier
2209 787 2475 856 pecudum
2514 786 2622 841 ritu
2655 801 2857 842 cernua
2893 802 2993 843 nec
3021 788 3074 842 in
3106 789 3228 846 coeli
3260 791 3566 861 pulchritu-

1981 877 2165 931 dinem
2198 877 2363 948 ﬁgere
2399 879 2668 940 obtutum,
2702 893 2882 948 neque
2933 878 2986 933 in
3017 883 3422 938 occurrentium
3458 885 3564 939 sibi

1981 969 2163 1025 vultus
2181 977 2432 1040 potuerat
2462 969 2686 1035 intueri,
2710 972 2804 1026 sed
2827 973 3011 1026 lunata
3027 981 3370 1043 curvataque
3397 977 3568 1030 instar

1979 1063 2233 1128 fornicis,
2281 1064 2530 1120 daemone
2569 1066 2724 1134 quasi
2787 1065 3024 1136 quodam
3074 1067 3280 1137 plumbi
3329 1071 3567 1139 pondere

1981 1155 2346 1226 opprimente,
2397 1165 2455 1213 et
2497 1157 2720 1213 dorsum
2771 1158 3080 1216 inﬂecteate
3126 1160 3436 1229 pandabat;
3499 1164 3567 1215 ad

1988 1262 2108 1302 eam
2142 1247 2312 1317 igitur
2337 1249 2634 1304 sanandam
2680 1260 2876 1321 sponte
2908 1267 3004 1306 sua
3033 1250 3192 1306 Jesus
3219 1253 3479 1313 accurrit.
3513 1262 3569 1307 et

1982 1354 2081 1408 pro
2112 1341 2300 1394 innata
2352 1341 2454 1396 sibi
2499 1355 2627 1413 erga
2679 1343 2954 1398 hominem
2990 1343 3280 1400 clementia
3315 1352 3565 1398 naturam

1980 1432 2276 1488 humanam
2313 1431 2395 1488 sic
2437 1432 2772 1489 ludiﬁcatam
2821 1450 2850 1489 a
2886 1437 3132 1491 daemone
3166 1437 3469 1500 miseratus,
3513 1447 3569 1490 et

1979 1541 2168 1582 vocem
2196 1529 2396 1583 emittit
2423 1529 2594 1584 morbi
2623 1529 2978 1600 expultricem
3006 1549 3020 1586 :
3055 1550 3072 1584 ι
3109 1530 3320 1594 Mulier,
3344 1531 3567 1586 dimissa

1981 1634 2042 1676 es
2067 1621 2136 1676 ab
2168 1621 2490 1676 inﬁrmitate
2517 1632 2640 1688 tua;
2683 1642 2702 1675 ι
2734 1633 2789 1678 et
2823 1624 2989 1679 verbo
3024 1633 3226 1682 tactum
3270 1624 3513 1695 adiungit
3549 1641 3564 1679 ι

1991 1727 2010 1763 ι
2045 1708 2489 1780 lmposuitenim,
2525 1711 2724 1781 inquit,
2762 1712 2837 1766 illi
2872 1727 3066 1769 manus
3097 1723 3150 1769 et
3191 1721 3373 1769 erecta
3402 1723 3506 1769 est.
3540 1731 3559 1764 ι

1985 1805 2284 1862 Considera
2338 1822 2471 1862 vero
2529 1818 2924 1880 congruentem
2983 1811 3199 1880 corpori
3254 1820 3310 1866 et
3374 1812 3567 1866 animus

1985 1899 2091 1970 72
2142 1899 2498 1956 medicinam.
2551 1901 2820 1968 Quoniam
2863 1904 3011 1958 enim
3057 1917 3321 1974 peccante
3383 1904 3567 1960 anima

1983 1992 2244 2046 traditum
2273 1999 2392 2046 erat
2419 1991 2637 2048 Satanae
2668 2009 2868 2064 corpus
2900 1997 2965 2050 ad
3001 2011 3237 2064 poenam,
3279 2012 3376 2067 per
3405 2001 3568 2052 verba

1985 2083 2209 2154 quidem
2242 2099 2274 2139 a
2315 2096 2666 2156 peccatorum
2723 2097 2874 2142 reatu
2907 2089 2984 2160 (3)
3033 2089 3263 2144 absolvit
3309 2091 3566 2153 animam,

1986 2188 2085 2243 per
2134 2175 2375 2230 divinmn
2423 2192 2553 2233 vero
2593 2188 2954 2247 contactum,
3005 2196 3206 2252 corpus
3253 2182 3308 2237 in
3364 2193 3566 2237 terram

1987 2275 2148 2322 antea
2177 2281 2409 2338 vergens
2441 2269 2706 2323 restituit.

2063 2473 2083 2506 ι
2123 2453 2474 2523 Respondens
2511 2466 2692 2511 autem
2723 2456 3183 2530 archisynagogus
3244 2459 3555 2528 indignans,

1986 2545 2132 2616 quod
2168 2545 2406 2600 Sabbato
2425 2557 2670 2601 curasset
2704 2545 2885 2614 Jesus,
2919 2547 3136 2603 dicebat
3167 2551 3334 2604 turbae
3379 2567 3392 2603 :
3463 2551 3570 2604 Sex

1988 2637 2105 2692 dies
2138 2646 2285 2700 sunt,
2331 2636 2612 2705 inquibus
2645 2647 2859 2706 oportet
2906 2638 3149 2706 operari;
3196 2637 3252 2691 in
3303 2639 3386 2693 his
3434 2654 3566 2708 ergo

1987 2731 2189 2792 venite,
2215 2738 2270 2784 et
2298 2729 2587 2796 curamiui,
2617 2737 2672 2784 et
2696 2745 2801 2784 non
2849 2730 2902 2784 in
2948 2730 3036 2785 die
3061 2731 3306 2786 Sabbati.
3339 2751 3358 2784 ι
3395 2732 3567 2799 Quam

1990 2831 2147 2876 atrox
2196 2831 2281 2876 est
2330 2820 2548 2876 invidiae
2607 2821 2789 2891 passio
2834 2820 3078 2876 altricem
3137 2821 3282 2877 illius
3330 2825 3567 2879 animum

1990 2912 2112 2966 tabe
2140 2912 2434 2966 conﬁciens
2463 2909 2562 2982 (4),
2592 2925 2712 2980 qua:
2760 2926 2933 2980 neque
2973 2910 3140 2966 latere
3167 2919 3362 2980 potest,
3398 2913 3564 2966 etiam

1989 3004 2034 3059 si
2064 3003 2337 3074 paulisper
2363 3013 2648 3074 personata
2671 3002 2809 3059 facie
2845 3003 3234 3062 abscondatur.
3307 3001 3376 3059 Ut
3433 3005 3572 3073 ignis

1989 3095 2090 3149 sub
2119 3093 2291 3164 paleis
2331 3095 2580 3150 conditus
2621 3108 2800 3149 acrem
2833 3094 3051 3149 interim
3083 3094 3286 3148 fumum
3350 3094 3571 3160 emittit,

1987 3185 2031 3241 si
2072 3201 2200 3240 vero
2233 3201 2357 3243 eum
2386 3185 2554 3241 eﬁlari
2586 3186 2886 3255 contingat,
2916 3186 3028 3258 jam
3061 3187 3261 3241 excitat
3293 3185 3566 3242 ﬂammant

1988 3288 2193 3347 aperte,
2227 3279 2407 3334 simile
2442 3279 2695 3348 quiddam
2724 3290 2780 3334 et
2821 3279 2948 3334 lmic
2997 3279 3196 3335 stolido
3252 3280 3565 3351 archisyua-

1989 3389 2126 3444 gogo
2170 3376 2426 3431 usuvenit
2465 3394 2478 3430 :
2523 3376 2616 3446 qui
2657 3376 2886 3432 docente
2940 3376 3166 3431 Domino
3240 3376 3293 3430 iu
3361 3377 3569 3432 intimis

1988 3469 2300 3536 praecordiis
2326 3471 2660 3540 parturiebat
2687 3469 2968 3536 invidiam,
3039 3484 3270 3540 eamque
3323 3470 3567 3524 contine-

1989 3560 2082 3616 bat
2109 3577 2252 3629 aegre
2275 3561 2477 3616 nullam
2500 3561 2678 3616 adhuc
2703 3571 2897 3617 nactus
2925 3562 3296 3628 occasionem,
3324 3561 3413 3616 ubi
3439 3575 3568 3615 vero

1987 3655 2322 3724 inopinatum
2361 3655 2685 3712 miraculum
2725 3656 2877 3719 vidit,
2911 3657 3168 3711 latentem
3217 3654 3270 3709 in
3320 3663 3570 3724 penetra-

1985 3746 2128 3803 libus
2151 3747 2334 3804 cordis
2374 3747 2672 3818 nequitiam
2705 3749 2962 3817 erumpit,
2995 3755 3048 3802 et
3113 3745 3320 3815 profert
3376 3745 3430 3799 iu
3481 3745 3566 3798 ln-

1986 3855 2102 3895 cem
2160 3841 2434 3896 abortutn.
2491 3840 2676 3895 Mirari
2740 3841 2885 3895 enim
2941 3839 3203 3894 omittens
3240 3836 3430 3906 objicit
3485 3835 3566 3890 illi

1985 3932 2129 3999 quod
2161 3932 2332 4002 legem
2377 3929 2637 3987 videlicet
2683 3930 2962 3996 violasset,
3029 3945 3135 3983 non
3199 3938 3305 3982 tam
3339 3925 3566 3981 Sabbati

1988 4021 2255 4076 rationem
2289 4020 2520 4085 habens,
2546 4036 2710 4091 quam
2743 4021 2948 4076 sanatis
2996 4018 3358 4074 valetudinem
3421 4017 3567 4072 invi-

1986 4114 2140 4169 dens.
2173 4112 2283 4170 Sed
2327 4113 2670 4169 mendacium
2705 4124 2919 4181 semper
2972 4109 3172 4165 auxilio
3231 4108 3566 4176 destituitur,

1985 4215 2040 4262 et
2098 4219 2128 4260 a
2171 4205 2509 4276 sapientibus
2565 4203 2823 4260 facillime
2867 4205 3198 4273 coarguitur.
3260 4202 3364 4270 Qui
3417 4204 3563 4258 enim

1985 4298 2174 4367 iniquo
2225 4299 2408 4352 animo
2462 4312 2576 4353 rem
2635 4295 2864 4360 ferebat,
2931 4295 3038 4350 vim
3096 4304 3280 4364 aperta
3327 4295 3566 4363 loquitur

1990 4390 2349 4462 impudentia.
2405 4399 2461 4446 et
2522 4389 2787 4446 miraculo
2837 4404 2950 4446 suae
3025 4389 3193 4459 ipsius
3258 4387 3566 4444 invidentia:

1532 4505 1861 4568 Francisci
1890 4505 2101 4569 Scorsi
2139 4513 2331 4568 nottn.

367 4613 446 4680 (9.)
467 4609 525 4664 lu
544 4607 738 4665 Graeco
756 4617 839 4664 est
861 4608 1163 4680 καυτῆρες,
1184 4609 1282 4664 sed
1309 4607 1452 4663 idem
1469 4608 1632 4671 valet,
1656 4609 1875 4680 eadem-
1905 4615 1950 4670 ι)
1981 4619 2216 4680 sanatos
2232 4609 2558 4664 credendum
2593 4620 2696 4676 est,
2723 4621 2779 4664 ut
2813 4609 3153 4664 Maldonatus
3184 4610 3282 4662 ait.

289 4678 404 4749 quo
438 4682 613 4735 forma
661 4690 770 4734 tum
806 4678 1114 4750 origine'ac
1147 4679 1466 4750 καυτήριον,
1497 4679 1639 4750 quod
1681 4678 1873 4737 Latine

289 4751 602 4806 cauterium
637 4751 870 4815 reddas;
907 4761 1097 4805 cauter
1121 4760 1300 4805 autem
1334 4751 1512 4804 minus
1542 4758 1627 4805 est
1659 4750 1710 4804 in
1749 4767 1868 4806 usu.

290 4825 602 4891 Utrumque
653 4821 979 4876 vocabulum
1024 4821 1295 4890 signiﬁcat
1355 4819 1560 4874 ferrum
1619 4820 1868 4890 ignitum,

292 4894 384 4948 vel
439 4894 866 4946 instrumentum
927 4892 1249 4958 chirurgicus
1301 4891 1460 4950 artis.
1517 4905 1628 4958 quo
1676 4907 1871 4947 carnes

290 4962 527 5034 putrida
563 4963 890 5034 adurutgur,
924 4963 1008 5016 vel
1043 4972 1201 5034 certe
1225 4968 1525 5034 ttotautur._
1545 4960 1666 5014 Vult
1705 4961 1872 5028 igitur

290 5029 355 5088 ea
397 5033 715 5096 tinetaphora
757 5030 1156 5102 Theophanes:
1191 5031 1246 5084 in
1277 5031 1478 5102 quibus
1505 5029 1650 5085 Deus
1681 5047 1785 5084 non
1811 5047 1876 5086 ea

292 5106 472 5158 utitur
519 5100 985 5169 providentia.'ut
1034 5103 1240 5155 morbis
1296 5100 1560 5169 malisque
1601 5104 1874 5169 corporis,

289 5174 381 5228 vel
431 5173 501 5225 ab
542 5181 697 5226 utero
731 5173 920 5227 matris
960 5172 1282 5236 contractis,
1337 5170 1578 5225 futuram
1625 5182 1878 5226 coerceat

291 5243 730 5312 improbitatem,
756 5258 850 5296 eos
875 5257 972 5312 per
1001 5243 1105 5297 alia
1143 5244 1394 5311 graviora
1428 5242 1688 5312 remedia,
1715 5243 1870 5312 quasi

288 5311 394 5383 per
416 5313 756 5367 adustionem
793 5311 1108 5382 pufrel’actaa
1142 5313 1325 5383 carnis
1355 5326 1384 5364 a
1417 5311 1562 5366 vitiis
1600 5315 1716 5366 suis
1738 5311 1867 5367 esse

290 5382 606 5448 Sanaiidos;
629 5383 782 5452 juxta
822 5383 975 5445 illttd,
1003 5384 1148 5452 quod
1178 5382 1369 5435 orabat
1402 5383 1465 5436 D.
1497 5383 1829 5452 Augustinus
1849 5396 1862 5407 '

290 5455 401 5508 Hie
448 5470 564 5519 ure,
605 5451 692 5506 hic
726 5469 869 5517 seca,
894 5462 951 5506 ut
985 5451 1040 5506 in
1085 5462 1337 5507 a'ternum
1382 5469 1592 5520 parcas.
1646 5451 1870 5506 Correxi

289 5539 429 5577 vero
458 5539 524 5576 ex
555 5523 619 5578 C.
655 5523 718 5577 V.
749 5524 837 5578 ubi
879 5524 1078 5578 reetius
1114 5523 1376 5590 scriptum
1412 5535 1495 5578 est
1535 5521 1687 5578 ἄλλοι
1738 5523 1873 5578 alio-

292 5611 418 5649 rum
450 5594 776 5663 scripturam
800 5594 914 5647 ἀλλ’
953 5595 1002 5648 οἱ
1034 5593 1326 5663 καυτῆρες.

368 5666 448 5732 (5)
493 5664 534 5715 Α
571 5675 902 5731 peccatorum
951 5676 1121 5717 reatu.
1159 5663 1314 5716 Nulla
1353 5663 1557 5717 mentio
1591 5663 1642 5716 in
1694 5663 1873 5718 Evan-

293 5737 443 5803 gciio
476 5743 694 5802 peccata
730 5736 853 5787 huic
903 5735 1111 5787 mulieri
1159 5733 1328 5786 fuisse
1371 5732 1720 5794 coudonata;
1777 5735 1872 5788 sed

300 5818 487 5861 tamen
521 5805 587 5861 de
607 5804 880 5875 plerisque
909 5804 999 5874 qui
1033 5818 1282 5878 corpore,
1310 5805 1492 5861 animo
1517 5804 1677 5860 ctiam
1705 5803 1870 5861 fuisse

2056 4679 2132 4749 (ὦ)
2176 4679 2317 4734 Tabe
2377 4681 2682 4750 conﬁciens.
2735 4681 2787 4736 In
2841 4680 2961 4736 Vat.
3009 4681 3202 4748 legitur
3246 4679 3560 4748 ὕποτύφων,

1981 4752 2320 4809 succendens.
2360 4753 2454 4807 sed
2506 4756 2706 4806 rectius
2745 4752 2929 4806 censui
2985 4766 3049 4803 ex
3083 4749 3203 4802 aliis
3238 4765 3394 4809 tnss.,
3425 4754 3563 4802 61:0-

1979 4822 2183 4891 τήκων,
2209 4822 2546 4893 labefaciens.
2581 4822 2644 4875 Et
2669 4822 2912 4893 profecto
2928 4821 3050 4893 hinc
3071 4819 3380 4893 invidentur:
3408 4821 3560 4893 tabes

1981 4887 2067 4945 cui
2105 4887 2389 4960 povtaru'tn
2423 4907 2525 4945 non
2563 4887 2846 4946 decantata
2872 4891 2896 4943 ?
2925 4889 3069 4942 Edax
3097 4887 3239 4942 livor
3263 4889 3388 4944 inde
3412 4890 3557 4944 dicta

1981 4962 2196 5022 Ovidio,
2226 4964 2409 5016 Antor.
2453 4961 2544 5016 lib.
2578 4978 2592 5016 l
2628 4981 2640 5016 :

2051 5031 2194 5099 Quid
2227 5033 2372 5094 mihi,
2401 5032 2539 5086 livor
2562 5033 2716 5094 cllas,
2745 5032 2957 5103 ignavos
2989 5027 3177 5098 objicis
3199 5045 3367 5085 annos
3391 5034 3418 5086 .’

1976 5101 2268 5157 Lucretius
2297 5103 2526 5171 pulchre
2558 5103 2652 5157 lib.
2684 5101 2784 5156 ηιξ

2049 5172 2287 5226 Macerat
2321 5173 2522 5226 invidia
2555 5184 2674 5227 ante
2701 5171 2879 5227 oculos
2914 5173 3062 5227 illum
3095 5190 3206 5228 esse
3235 5178 3514 5237 potentem,

2047 5241 2214 5296 Illum
2237 5244 2522 5311 aspectari,
2561 5243 2704 5296 claro
2736 5246 2830 5312 qui
2853 5244 3045 5297 incedit
3069 5245 3288 5305 honore,

2048 5313 2157 5380 Ipsi
2185 5315 2313 5366 sein
2339 5313 2573 5384 tenebris
2594 5313 2729 5367 volvi
2753 5331 3001 5384 annoque
3027 5325 3340 5384 queruntur.

1973 5384 2186 5440 Salsum
2223 5393 2306 5437 est
2336 5385 2498 5437 etiam
2524 5383 2652 5436 illud
2681 5383 3016 5453 epigramma
3049 5401 3114 5438 ex
3140 5383 3360 5438 Antbol.
3389 5383 3484 5439 lib.
3511 5400 3550 5448 ι,

1969 5465 2023 5508 et
2058 5455 2118 5506 τὸ
2149 5454 2440 5522 ὁποτήκων
2472 5454 2616 5521 quod
2643 5457 2719 5507 ait
2753 5465 2964 5519 noster,
2999 5463 3150 5508 notat
3177 5473 3188 5506 :

1978 5525 2040 5577 '0
2071 5524 2266 5594 φθόνος
2301 5524 2419 5594 ἐστὶ
2453 5524 2742 5594 κάκιστονσ
2771 5527 2883 5594 ἔχει
2917 5525 2973 5578 δέ
3004 5542 3056 5578 τι
3087 5522 3251 5576 καλὸν
3278 5523 3338 5576 ἐν
3370 5522 3545 5593 αὐτῷ⁸

1971 5595 2141 5666 Τήκει
2170 5593 2279 5662 γὰρ
2303 5593 2583 5666 φθονερῶν
2614 5593 2866 5666 annua,
2894 5597 2987 5649 καὶ
3017 5594 3267 5666 καρδίην.

1973 5663 2188 5720 Grande
2239 5663 2439 5717 malum
2474 5663 2680 5720 invidit:
2702 5663 2799 5720 ἐει
2826 5684 2844 5731 ;
2894 5677 3067 5718 tamen
3093 5665 3191 5717 hoc
3222 5663 3472 5808 binlillmis
3499 5665 3554 5718 in

3296 5752 3308 5786 ι
3359 5752 3387 5790 a
3423 5744 3499 5788 est
3530 5748 3548 5788 .'

3296 5737 3387 5790 illa
3423 5744 3499 5788 est
3530 5748 3548 5788 .'

1972 5805 2078 5863 Cor
2104 5806 2262 5864 etiam
2292 5823 2505 5863 osorum
2536 5808 2772 5876 decorat,
2810 5817 2966 5878 atque
2992 5804 3194 5862 oculos.
