3990 6202
411 282 519 344 32‘!

1627 260 2117 325 TIlEOPHANlS
2152 256 2489 317 CERAMEI

3572 243 3693 305 328

412 396 569 451 dines
622 405 744 446 esse
789 382 1225 456 pra-dicationem
1271 377 1540 448 Evangelii
1593 374 1983 435 recusantium,

2108 373 2317 425 liSwaw
2348 364 2441 421 οὖν
2489 364 2576 418 διὰ
2614 362 2817 417 τούτων
2848 364 3013 427 νοεῖν,
3041 362 3123 414 ὅτι
3173 363 3325 432 τρεῖς
3353 361 3542 428 τάξεις
3573 370 3695 414 εισι

411 487 744 545 (ἔναιοωιιιη,
776 479 1109 535 Judaeorum,
1137 472 1245 543 79
1277 481 1327 525 et
1366 470 1607 541 gentium
1638 468 1769 538 legis
1798 482 1990 534 exper-

416 580 569 631 tium.
603 571 773 628 Graeci
816 569 960 623 enim
993 580 1144 619 vana:
1187 564 1470 634 sapientia:
1500 561 1689 616 intenti
1723 561 1774 614 in
1805 558 1989 612 mundi

414 664 843 722 consideratiOne
888 676 947 715 se
990 659 1135 728 ipsos
1180 665 1513 724 occupantes
1558 660 1749 706 veram‘
1776 649 1991 718 sapien-

411 763 540 813 tiam
571 773 675 811 non
701 762 1043 821 reet-perunt,
1068 748 1317 803 humanis
1351 745 1647 799 rationibus
1673 742 1853 795 omnia
1880 756 1992 793 mc—

412 851 629 903 ticntes.
662 850 862 916 Agrum
901 846 1041 895 hunc
1072 840 1325 892 mundum
1359 851 1501 904 smpe
1534 834 1813 901 Scriptura
1847 832 1983 900 ligu-

412 954 528 996 rate
563 948 743 993 vocat.
778 936 841 990 Et
873 936 974 989 hoc
1009 935 1059 987 in
1093 932 1347 1001 parabola
1394 928 1728 982 zizaniorum
1762 925 1994 979 dilucide

413 1035 548 1087 dixit
577 1030 848 1091 Salvator,
884 1040 1002 1079 cum
1047 1037 1234 1091 agrum
1280 1019 1569 1090 appellavit
1618 1019 1877 1069 nmndum
1906 1015 1988 1079 ⁸⁶;

410 1124 541 1193 quin
578 1120 741 1173 etiam
771 1132 897 1185 ager
930 1114 1016 1167 ille
1050 1114 1358 1166 thesaurum
1402 1108 1779 1163 absconditum
1821 1107 1996 1159 conti-

412 1227 548 1268 nens
596 1208 826 1263 mundus
870 1216 951 1259 est
984 1221 998 1256 :
1033 1204 1084 1257 in
1137 1216 1245 1270 quo
1295 1200 1459 1253 etiam
1509 1197 1648 1250 ﬁlias
1692 1194 1993 1249 Jerusalem

413 1306 647 1369 adjnrat,
675 1318 794 1369 qua:
819 1301 868 1352 in
898 1298 1120 1352 Cantico
1152 1294 1387 1362 loquitur
1410 1306 1608 1360 sponsa
1641 1307 1653 1342 :
1688 1307 1705 1340 ι
1739 1284 1993 1354 Adjuravi

415 1393 670 1459 vo.-,Iili:e
697 1390 1016 1451 Jerusalem,
1040 1389 1089 1438 in
1118 1385 1405 1438 virtutibus
1430 1384 1541 1452 agri
1556 1380 1654 1434 ⁵⁷.»
1682 1380 1993 1435 Graecorum

414 1486 580 1556 igitur
612 1482 876 1551 sapientia
918 1496 1038 1533 cum
1077 1479 1128 1531 in
1161 1476 1528 1546 speculatione
1561 1472 1795 1527 naturali
1836 1468 1996 1537 hujus

414 1577 599 1632 mundi
634 1577 739 1627 vim
780 1588 994 1627 onmem
1039 1586 1189 1624 suam
1225 1566 1577 1637 impendisset
1624 1564 1993 1618 exhausisset-

415 1684 541 1736 qoe,
582 1668 874 1719 salutarem
928 1662 1108 1717 renuit
1154 1660 1612 1730 przedicationem.
1647 1655 1817 1711 Judaei
1865 1670 1995 1708 vero

415 1759 738 1827 Decalogum
791 1756 923 1825 legis
975 1770 1006 1807 a
1055 1754 1280 1807 Domino
1315 1751 1453 1805 data:
1481 1750 1633 1820 quasi
1666 1751 1824 1801 boum
1870 1747 1997 1816 juga

416 1851 659 1917 quinque
692 1864 811 1900 cum
859 1845 1217 1912 accepissent,
1254 1856 1482 1911 eamque
1526 1848 1790 1909 quantum
1837 1852 1999 1891 sensu

415 1940 767 2001 ducerentur,
803 1935 1216 1996 intellexissent,
1250 1943 1303 1986 et
1332 1941 1592 2002 quantum
1625 1931 1692 1983 ad
1727 1929 1998 1983 exteriora

372 2018 729 2097 'corpusqué
772 2025 1066 2093 pertinent,
1121 2032 1385 2090 pra2cepta
1439 2033 1659 2073 servare
1710 2015 1913 2079 conati,
1969 2029 1999 2067 a

418 2120 588 2190 gratia
625 2117 823 2171 Christi
856 2115 1199 2169 exciderunt.
1229 2111 1479 2180 Perjuga
1514 2123 1640 2161 vero
1675 2107 1999 2176 Decalognnt

418 2209 759 2264 adumbravit
794 2247 809 2272 ,
843 2206 1095 2276 quoniam
1127 2213 1249 2271 apta
1276 2211 1403 2257 sunt
1430 2217 1497 2256 ex
1525 2215 1642 2255 sese
1672 2200 1925 2262 invicem,
1949 2206 2003 2251 et

416 2302 572 2369 quasi
619 2303 901 2369 conjugata
937 2306 1227 2365 prtrcepta.
1265 2294 1498 2359 Etenim,
1541 2312 1557 2344 ι
1600 2292 1798 2362 Diliges
1824 2288 2003 2345 Dami-

418 2409 548 2446 num
609 2390 781 2449 Deum
848 2399 996 2443 tuum
1058 2397 1109 2441 et
1167 2385 1471 2454 proximum
1542 2392 1692 2436 tuum
1753 2382 1892 2435 sicut
1954 2392 2005 2435 te

420 2483 598 2553 ipsum
618 2481 664 2512 ⁸⁸
682 2522 695 2547 ,
727 2500 745 2532 ι
769 2481 979 2548 gemina
999 2478 1213 2546 quidem
1239 2481 1505 2545 praecepta
1526 2483 1670 2538 sunt,
1692 2488 1855 2525 unum
1876 2487 2004 2525 vero

421 2574 701 2641 utriusque
729 2570 1226 2637 charitatisjugum.
1246 2568 1342 2631 Ita,
1376 2584 1393 2616 ι
1426 2564 1541 2618 Νοιι
1572 2565 1856 2629 furaberis,
1886 2563 2003 2618 Non

419 2663 830 2727 adulteraberis,
874 2681 891 2713 ι
931 2662 1189 2715 diﬂernnt
1223 2659 1438 2729 quidem
1477 2662 1618 2710 inter
1641 2657 1825 2720 se,sed
1847 2656 2005 2710 ambo

420 2772 528 2810 uno
587 2754 935 2809 continentia:
992 2752 1203 2806 vinculo
1282 2750 1641 2818 colligantur;
1705 2747 1793 2803 fur
1857 2750 2001 2803 enim

419 2859 500 2902 cst
536 2846 672 2918 (24),
706 2856 759 2901 et
789 2846 878 2915 qui
910 2845 1087 2898 aufert
1120 2844 1318 2907 aliena,
1348 2854 1399 2897 et
1430 2844 1522 2912 qui
1573 2841 1827 2896 thalamis
1870 2842 2004 2897 insi-

420 2940 600 2994 diatur
633 2939 820 2992 alienis
868 2955 881 2991 :
914 2946 967 2991 et
1001 2952 1087 2990 res
1118 2936 1333 3004 quidem
1381 2936 1623 3002 subjecta
1657 2934 1769 3003 (9.5)
1802 2934 1999 3003 duplex

2094 466 2203 519 τῶν
2263 461 2769 533 παραιτησαμένων
2818 457 2884 510 τὸ
2941 454 3304 523 εύαγγελικὸν
3392 458 3694 524 κήρυγμα.

2094 555 2378 626 Ἕλληνες,
2438 552 2699 614 Ἰουδαῖοι,
2739 548 2832 601 καὶ
2862 546 2929 600 τα
2979 547 3158 615 ἄνομα
3191 546 3342 614 ἔθνη.
3378 548 3445 599 Οἰ
3478 564 3537 598 τε
3576 552 3697 613 γὰρ

2092 652 2159 718 τῇ
2221 646 2432 716 ματαία
2510 642 2672 711 σοφία
2729 639 3117 709 προσκείμενοι
3171 637 3436 704 ’Έλληνες
3495 640 3555 688 ἐν
3618 640 3694 705 τῇ

2092 737 2425 805 κατανοήσει
2455 735 2549 786 τοῦ
2578 732 2788 801 κόσμου
2826 733 2968 797 σφᾶς
3020 730 3216 790 αὐτοὺς
3258 729 3695 797 ἀσχολὴσαντες,

2092 830 2191 900 τὴν
2255 827 2433 897 ἁληίλῆ
2487 826 2682 894 σοφίαν
2733 823 2795 873 οὐ
2847 821 3218 890 παρεδέξαντο
3262 820 3549 890 λογισμοῖς
3592 822 3702 872 ἁν-

2097 920 2395 992 θρωπίνοις
2444 918 2503 971 τὸ
2548 919 2655 968 πᾶν
2703 914 3122 983 ἐπιτρέψαντες.
3193 912 3391 981 Ἀγρὸν
3444 913 3538 964 τὸν
3593 913 3701 964 x6-

2099 1030 2237 1082 σμον
2271 1008 2551 1081 τροπικῶς
2602 1009 2634 1076 ἡ
2686 1005 2876 1075 Γραφὴ
2936 1004 3197 1065 πολλάκις
3256 1004 3530 1071 ὠνόμασε,
3591 1004 3699 1055 καὶ

2093 1105 2255 1158 τοῦτο
2303 1101 2671 1169 σεσαφήνικεν
2727 1099 2754 1149 ὀ
2789 1098 2980 1164 Σωτὴρ
3037 1098 3094 1147 ὲν
3146 1098 3213 1164 τῇ
3265 1096 3371 1145 τῶν
3418 1096 3693 1157 ζιζανίων

2098 1194 2407 1266 παραϐολῇ,
2430 1192 2599 1261 ἀγρὸν
2626 1190 2714 1243 τὸν
2736 1191 2939 1257 κ’ἓσμον
2962 1187 3151 1239 εἰπών.
3174 1186 3335 1239 Ἀλλὰ
3356 1189 3451 1239 καὶ
3468 1188 3495 1235 ὁ
3517 1187 3698 1254 ἀγρὸς

2096 1288 2124 1339 ὁ
2161 1286 2302 1355 ἔχων
2325 1281 2712 1351 κεκρυμμένον
2747 1281 2837 1332 τὸν
2883 1279 3158 1348 Οησαυρδν
3190 1281 3216 1330 ὁ
3259 1280 3463 1347 κόσμος
3509 1280 3698 1338 ἐστὶν,

2098 1380 2156 1432 ὲν
2196 1372 2240 1445 ᾧ
2283 1377 2377 1428 καὶ
2436 1374 2646 1443 ὁρκίζει
2694 1372 2793 1435 τὰς
2848 1371 3161 1440 Θυγατέρας

2096 1471 2281 1539 νύμφη
2321 1468 2415 1520 τοῦ
2454 1469 2770 1537 ’ᾼσματος·
2816 1484 2834 1516 ι
2881 1466 3119 1533 ’Ὡρκισα
3176 1464 3341 1530 ὑμᾶς.
3385 1462 3697 1531 θυγατέρες

2109 1560 2573 1631 Ἰερουσαλὴμεὲν
2604 1560 2723 1619 ταῖς
2754 1557 3037 1625 δυνάμεσι,
3074 1556 3165 1607 καὶ
3196 1557 3253 1606 ὲν
3286 1556 3401 1614 ταῖς
3442 1553 3695 1621 ἱσχύσεσι

2098 1654 2191 1706 τοῦ
2225 1651 2415 1722 ἀγροῦ.
2454 1670 2472 1703 ι
2513 1650 2573 1701 Ἦ
2607 1649 2736 1718 γοῦν
2780 1647 3070 1716 Ἑλληνικὴ
3106 1646 3267 1713 σοφία
3296 1648 3351 1696 ἐν
3384 1648 3448 1714 τῇ
3479 1647 3693 1713 φυσικῇ

3237 1370 3609 1438 Ἰερουσαλὴμ

2030 1717 2070 1771 Β
2104 1746 2431 1814 κατανοήσει
2456 1742 2647 1794 τούτου
2671 1739 2767 1793 τοῦ
2798 1739 2972 1808 ἀγροῦ
3001 1740 3179 1790 πᾶσαν
3211 1736 3380 1805 αὐτῆς
3404 1736 3505 1805 τὴν
3535 1737 3698 1803 ἰσχὺν

2101 1834 2485 1905 ὲκκενώσασα,
2513 1830 2787 1885 ἀπείπατο
2822 1829 2882 1881 τὸ
2918 1830 3184 1897 σωτήριον
3215 1832 3504 1897 κήρυγμα.
3556 1828 3699 1878 Ἰου-

2104 1926 2247 1979 δαῖοι
2282 1925 2339 1978 δὲ
2380 1924 2634 1993 καθάπερ
2671 1922 2841 1990 ζεύγη
2895 1922 3056 1973 πέντε
3105 1920 3395 1988 δεξάμενοι
3445 1919 3543 1988 τὴν
3594 1918 3699 1969 τοῦ

2102 2017 2308 2088 Κυρίου
2344 2016 2638 2083 δεκάλογον
2683 2014 2960 2083 αἰσθητῶς
2994 2030 3051 2064 τε
3088 2011 3295 2079 ταύτην
3345 2010 3702 2080 ἐκλαμεανό-

2106 2127 2279 2180 μενοι,
2303 2108 2400 2162 καὶ¹
2444 2106 2765 2175 σωματικὰς
2789 2105 2887 2166 τὰς
2918 2103 3138 2166 ἐντολάς
3166 2103 3461 2171 φυλάττειν
3487 2103 3693 2171 πειρὼ-

2106 2219 2259 2271 μενοι
2308 2201 2406 2269 τῆς
2444 2202 2501 2251 ὲν
2536 2198 2762 2268 Χριστῷ
2806 2197 3064 2261 ἐξέπεσον
3095 2196 3340 2265 χάριτος.
3378 2195 3606 2262 Ζεύγεσι
3639 2194 3700 2247 δὲ

2106 2296 2295 2346 εἴκασε
2330 2291 2428 2361 τὴν
2456 2290 2775 2357 δεκάλογον,
2801 2289 2990 2357 ἐπειδὴ
3015 2288 3334 2357 ἐξέρχονται
3364 2286 3611 2355 ἀλλήλων
3637 2290 3696 2338 αἱ

2106 2384 2322 2437 ἑντολα)⁸
2354 2383 2516 2435 οἱονεὶ
2547 2381 2974 2450 συνεζευγμέναι
3010 2380 3435 2449 τυγχάνυουσαι.
3469 2378 3543 2428 Τὸ
3560 2378 3696 2445 γάρ’

2107 2496 2127 2529 ‹
2182 2478 2516 2544 Ἀγαπήσεις
2550 2476 2752 2544 Κύριον
2795 2476 2886 2527 τὸν
2916 2474 3047 2525 Θεόν
3076 2489 3191 2532 σου,
3227 2473 3319 2525 καὶ
3358 2472 3447 2522 τὸν
3466 2470 3702 2539 πλησίον

2108 2584 2200 2620 σου
2244 2567 2319 2631 ὡς
2358 2568 2576 2631 ἑαυτὸν,
2602 2586 2619 2617 ι
2656 2566 2749 2618 δύο
2782 2568 2881 2635 μέν
2909 2568 3048 2617 εἰσιν
3083 2565 3313 2628 ἐντολαὶ,
3338 2560 3417 2626 εἷς
3441 2563 3496 2614 δὲ
3527 2566 3553 2613 ὁ
3592 2562 3702 2628 τῆς

2105 2662 2425 2730 ἀμφοτέρας
2456 2659 2676 2729 ἀγάπης
2707 2658 2891 2725 ζυγός.
2940 2656 3099 2709 Οὕτω
3144 2658 3240 2707 καὶ
3271 2657 3332 2707 τό
3358 2671 3371 2683 ·
3411 2674 3427 2705 ι
3455 2654 3545 2723 Mi;
3570 2655 3709 2705 κλέ-

2105 2752 2238 2823 ψῃς,
2284 2753 2375 2821 Μὴ
2428 2752 2746 2821 μονχεύσῃς,
2786 2768 2804 2801 ι
2854 2749 3103 2819 ἀλλήλοις
3142 2747 3242 2813 μὲν
3291 2747 3701 2815 διενηνόχατον,

2107 2848 2283 2900 συνδεῖ
2298 2848 2340 2900 δ’
2359 2848 2524 2915 ἄμφω
2550 2842 2629 2909 εἷς
2656 2846 2874 2914 δεσμὸς,
2905 2847 2938 2915 ἡ
2967 2845 3297 2915 ἐγκράτεια·
3324 2843 3561 2912 κλέπτης
3587 2846 3703 2911 γὰρ

2106 2938 2199 2989 καὶ⁵
2237 2941 2265 2990 ὁ
2294 2937 2469 2988 συλῶν
2499 2936 2568 2988 τὰ
2609 2934 2889 3003 ἀλλότρια,
2938 2937 3031 2986 καὶ
3069 2936 3097 2986 ὁ
3130 2932 3437 3003 ἀλλοτρίοις
3474 2933 3705 2983 ἐπιϐου-

420 3040 537 3094 est;
567 3030 709 3096 quod
746 3042 873 3081 vero
906 3026 1067 3079 emt-it
1116 3033 1399 3093 utramque
1447 3024 1526 3077 vel
1571 3025 1838 3093 prohibet,
1869 3024 2000 3076 sim-

2108 3028 2277 3080 λεύων
2317 3027 2660 3096 κηδεύμασιν
2689 3041 2703 3056 ο
2736 3026 2828 3078 καὶ
2857 3025 2926 3077 τά
2963 3026 3060 3095 μὲν
3104 3026 3441 3093 ὑποκείμενα
3475 3024 3589 3078 δύο.
3624 3023 3705 3076 Τὸ

420 3120 565 3190 plex.
603 3118 761 3173 Vides
798 3129 855 3171 ut
889 3116 1291 3187 sapientissime
1323 3131 1388 3170 co
1416 3116 1556 3185 quod
1584 3130 1821 3169 convexa
1845 3116 2000 3184 juga-

423 3221 587 3281 taque
632 3221 899 3281 praecepta
938 3210 1070 3276 sint,
1096 3208 1225 3278 juga
1260 3208 1553 3262 vocentur?
1585 3206 1672 3260 illa
1708 3207 1871 3261 etiam
1909 3207 2000 3260 bo~

422 3306 524 3359 bus
551 3304 837 3366 assimilat,
868 3317 931 3356 eo
962 3304 1103 3372 quod
1129 3316 1195 3355 ex
1221 3316 1323 3354 una
1350 3310 1499 3369 parte
1528 3299 1831 3367 spiritualia
1854 3308 2004 3362 sunt,

370 3462 373 3467 ι
422 3384 490 3453 ex
520 3398 688 3451 altera
721 3410 849 3449 vero
880 3393 1252 3465 symbolorum
1304 3392 1391 3446 illa
1444 3391 1692 3446 crassitie
1737 3392 1947 3444 obtecta
1989 3407 2004 3443 :

423 3506 546 3545 nam
578 3498 632 3544 et
661 3503 853 3559 purum
900 3485 1227 3547 animalbos
1260 3494 1363 3549 est,
1399 3493 1453 3538 et
1496 3484 1561 3536 ad
1597 3492 1757 3537 terrae
1797 3483 2009 3537 labores

424 3594 640 3661 nmmo,
667 3590 720 3634 et
752 3578 926 3633 hebeti
962 3592 1126 3632 sensu
1175 3576 1479 3647 praeditum.
1514 3572 1682 3628 Judaei
1720 3588 1849 3643 ergo
1885 3590 2007 3627 eum

424 3681 617 3734 horum
654 3672 904 3731 custodes
936 3683 1055 3725 esse
1084 3669 1186 3724 sibi
1221 3668 1557 3731 viderentur,
1586 3664 1788 3719 Christi
1817 3665 2006 3735 jugum

424 3770 883 3822 detrectaverunt.
918 3760 1061 3816 Utile
1080 3758 1257 3829 ’porro
1291 3763 1375 3811 est
1410 3765 1463 3811 et
1494 3755 1621 3809 illud
1665 3754 2009 3808 animadver-

428 3868 560 3915 tere.
591 3856 706 3911 Non
743 3856 883 3909 enim
918 3852 1054 3907 dixit
1086 3867 1101 3907 :
1133 3849 1268 3919 Juga
1298 3849 1459 3903 boum
1507 3848 1611 3901 etni
1660 3848 1915 3916 quinque,
1955 3857 2009 3901 ct

427 3959 641 4004 aratum
692 3963 789 4013 eo;
828 3948 948 4009 sed,
984 3945 1063 3997 Eo
1097 3944 1380 4012 probatum
1431 3940 1542 3993 illa.
1569 3939 1705 4006 Quid
1757 3941 1857 3993 hoc
1904 3941 2007 3996 sibi

426 4042 578 4097 vult?
605 4039 774 4095 Judaei
805 4052 937 4094 sane
960 4034 1309 4107 quantumvis
1340 4046 1559 4088 servare
1589 4031 1692 4086 sibi
1722 4032 2009 4088 videantur

498 4182 546 4215 “
581 4180 773 4236 Matth.
817 4194 938 4247 χιιι,
968 4177 1057 4243 58,
1089 4177 1180 4231 43.
1257 4175 1301 4208 ⁸⁷
1335 4175 1582 4240 εοιιωιι,
1613 4176 1669 4232 5.

2102 3122 2159 3174 δὲ
2191 3120 2501 3191 ὲνεργὸν,ἦ
2556 3122 2822 3191 ἀπεῖργον
2868 3119 3092 3172 ἁπλοῦν.
3142 3119 3309 3188 Ὁρᾷς
3358 3122 3504 3180 ὅπως
3561 3135 3706 3169 παν-

2106 3214 2288 3281 σόφως
2336 3212 2505 3279 ζεύγη
2540 3210 2639 3274 τὰς
2685 3209 2906 3271 ἐντολάς
2954 3209 3098 3262 κατὰ
3140 3210 3400 3277 συζυγίαν
3447 3210 3699 3262 ἐκάλεσε.

2107 3303 2271 3357 Βουσὶ
2320 3304 2418 3356 καὶ
2456 3302 2661 3365 ταύτας
2716 3303 2994 3371 ἀφομοιοῖ,
3052 3301 3146 3354 ἆτε
3202 3304 3349 3370 ἱεράς
3380 3301 3547 3363 οὖδας
3604 3301 3705 3352 καὶ

2114 3392 2417 3465 συμϐολικῇ
2478 3393 2894 3463 καλυπτομένας
2950 3394 3242 3463 παχύτητι.
3288 3394 3543 3462 ΚαΟαρὶν
3589 3398 3703 3461 γάρ

2110 3489 2250 3553 ζῶον
2280 3490 2373 3540 καὶ
2412 3487 2679 3557 γεηπόνον
2726 3487 3079 3557 ἀμϐλυτέραν
3122 3486 3243 3557 ἕχον
3287 3487 3385 3557 τὴν
3418 3486 3703 3555 αἰσθησιν.

2110 3583 2172 3635 Oi
2206 3577 2299 3633 οὖν
2341 3580 2587 3633 Ἰουδαῖοι
2609 3578 2814 3631 τούτων
2845 3578 3085 3646 φύλακες
3113 3574 3256 3631 εἶναι
3286 3577 3577 3640 δοκοῦντες
3602 3578 3705 3629 τὸν

2109 3670 2202 3723 τοῦ
2251 3669 2488 3741 Χριστοῦ
2526 3670 2691 3738 ζυγὸν
2740 3673 3155 3743 παρῃτήσαντο.
3197 3670 3318 3739 Χρὴ
3371 3669 3427 3721 δὲ
3472 3670 3705 3721 κάκεῖιο

2107 3762 2281 3831 δήπου
2317 3762 2539 3814 σκοπεῖν
2565 3774 2578 3788 ⁸
2608 3760 2669 3812 οὐ
2712 3760 2821 3832 γὰρ
2862 3757 3006 3825 εἷπε,
3057 3760 3237 3829 Ζεύγη
3270 3760 3411 3829 βοῶν
3448 3762 3704 3830 ἠγόρασα

2109 3854 2297 3919 πέντε,
2334 3852 2427 3906 καὶ
2460 3852 2769 3924 πορεύομαι
2816 3853 3161 3923 ἀροτριάσαι,
3209 3852 3369 3919 ἀλλὰ,
3406 3871 3424 3904 ι
3460 3851 3700 3921 Πορεύο-

2112 3964 2208 4015 μαι
2253 3944 2544 4015 δοκιμάσαι
2582 3945 2745 3997 αὐτά.
2777 3962 2796 3995 ι
2827 3943 2891 3995 Τί
2941 3943 3035 3998 οὖν
3073 3942 3233 3998 τοῦτό
3274 3946 3469 4010 ὲστιν;
3507 3944 3702 4013 ἐπειδὴ

2112 4038 2271 4107 μόνον
2328 4036 2653 4107 δοκιμασταί
2712 4036 2851 4089 εἰσιν
2904 4038 2954 4089 οί
3000 4036 3243 4090 Ἰουδαῖοι
3276 4037 3385 4090 τῶν
3442 4035 3703 4098 ἐντολῶν,

1746 4176 1792 4208 ⁸⁸
1828 4176 2018 4231 Matth.
2058 4193 2190 4243 xm,
2226 4178 2317 4243 57,
2343 4179 2433 4233 59.

1656 4315 1977 4377 Francisci
2009 4318 2222 4378 Scorsi
2260 4325 2445 4377 notua.

504 4446 615 4516 (21)
671 4443 782 4516 ἕξειν
807 4444 942 4497 enim
965 4452 1063 4497 est.
1122 4442 1265 4498 Belle
1312 4444 1399 4497 hic
1447 4454 1635 4498 auctor
1660 4442 2011 4512 ἁλληγορίζει
2039 4445 2093 4504 D
2122 4443 2318 4516 dicam,
2350 4454 2636 4516 quatenus
2653 4445 2752 4499 sub
2778 4458 2885 4498 uno
2906 4444 3247 4516 continentia;
3297 4445 3524 4516 nomine
3548 4461 3703 4500 com-

432 4518 485 4571 in
516 4514 810 4583 'jugatione
836 4520 1247 4583 praeceptorum,
1278 4521 1333 4566 et
1364 4528 1492 4566 sane
1518 4528 1689 4581 usque
1719 4516 1783 4567 ad
1813 4529 2014 4582 praece-

433 4581 580 4655 ptum
605 4581 935 4655 'charitatis
974 4582 1245 4655 geminum
1279 4591 1422 4635 recte
1452 4584 1693 4655 procedit
1717 4581 1968 4651 allegoria
1996 4600 2009 4637 :

431 4652 575 4725 Quod
638 4662 815 4706 autem
870 4652 937 4725 ad
1004 4652 1206 4704 furtum
1278 4660 1335 4703 et
1386 4652 1732 4725 _adult_erium
1796 4655 2012 4716 attinet,

430 4720 657 4780 eatenus
713 4720 975 4791 procedit,
1029 4730 1294 4791 quatenus
1334 4720 1655 4775 adulterium
1710 4732 1792 4777 est
1825 4735 2014 4777 contra

430 4789 726 4865 justitiam,
778 4794 965 4861 inquo
1019 4806 1138 4845 cum
1198 4789 1340 4842 furto
1399 4792 1774 4865 cognationem
1831 4793 2010 4865 habet.

434 4859 631 4919 Eadem
664 4864 804 4915 enim
836 4859 1009 4915 virtus
1044 4872 1331 4925 utrumque
1378 4859 1540 4913 cllieit
1570 4872 1623 4911 et
1650 4871 1813 4915 vetat.
1842 4861 2010 4915 Ellicit

434 4947 490 4985 ut
545 4945 788 4985 servetur
834 4933 921 4999 jus
960 4933 1194 4985 alienum
1243 4931 1502 4993 illaesum;
1550 4932 1739 4984 tumin
1788 4934 2013 4985 muliere

436 5014 544 5056 tum
583 5005 631 5053 in
676 5018 754 5065 re,
789 5013 931 5054 vetat
956 5018 1021 5054 ne
1052 5000 1293 5053 laedatur.
1321 5000 1389 5053 At
1416 5015 1542 5054 vero
1570 5002 1610 5052 si
1659 5017 1744 5053 res
1789 5003 2013 5055 ulterius

433 5084 487 5125 et
510 5071 761 5123 subtilsns
814 5072 1171 5137 disquiratur,
1231 5084 1333 5121 nun
1388 5072 1707 5123 convenient
1733 5071 1933 5125 lurtuiu
1962 5080 2017 5123 et

435 5141 785 5203 adulterium,
831 5156 1001 5207 neque
1073 5143 1124 5192 in
1153 5141 1401 5201 materia,
1457 5156 1633 5209 neque
1690 5142 1743 5194 in
1805 5143 2013 5203 forma;

437 5229 558 5266 nam
582 5211 632 5262 in
668 5220 932 5276 pra-cepto
964 5224 1065 5263 non
1108 5210 1445 5263 adulterandi
1500 5221 1710 5264 vetatur
1733 5216 1896 5266 etiam
1929 5225 2015 5264 res

434 5296 612 5333 omnis
642 5294 869 5331 venerea
908 5279 1215 5340 inhonesm,
1246 5295 1364 5347 qua:
1412 5283 1651 5349 proiecto
1680 5296 1783 5336 non
1821 5282 2015 5333 adver-

432 5358 585 5405 satur
612 5348 852 5420 justitiaz,
886 5349 981 5401 sed
1013 5348 1602 5420 temperantimJtaqne
1624 5352 1682 5402 τὸ
1716 5351 2007 5417 ὑποκείμε-

435 5438 545 5483 νον,
594 5436 678 5472 res
730 5419 978 5488 nimirum
1025 5421 1287 5486 subjecta,
1324 5419 1526 5488 duplex’
1578 5430 1681 5484 est,
1737 5432 1789 5475 et
1839 5424 2009 5474 virtus

436 5492 620 5559 etiam,
645 5503 737 5540 seu
762 5485 959 5559 forma,
982 5500 1101 5557 qua:
1128 5485 1217 5540 dat
1242 5485 1476 5557 speciem
1507 5502 1773 5559 prmeepto
1791 5492 2010 5559 duplex.

439 5558 820 5611 Verumtamen
869 5558 981 5630 haec
1015 5573 1117 5630 non
1155 5560 1391 5612 auritieis
1416 5562 1613 5613 trutina
1660 5558 2008 5630 expendenda

436 5637 584 5700 sunt,
635 5631 886 5698 etjugata
922 5628 1183 5700 hare__duo
1212 5638 1475 5697 prazcepta
1517 5646 1637 5683 cum
1686 5628 2013 5700 'l‘heophane

438 5698 540 5752 dici
598 5696 803 5767 possint
854 5699 969 5753 rudi
1021 5696 1281 5763 Minerva,
1315 5696 1605 5754 etnomine
1660 5696 2011 5767 tenusfutita

2118 4513 2547 4583 prehenduntur.
2593 4513 2726 4567 Nam
2784 4516 3081 4585 ἐγκράτεια
3145 4514 3349 4577 Graace.
3407 4527 3461 4569 et
3511 4515 3704 4571 Latine

2113 4584 2470 4647 continentia,
2490 4599 2607 4638 eam
2643 4585 2747 4635 vim
2778 4584 2958 4650 habet,
2988 4597 3043 4637 ut
3072 4600 3175 4637 non
3204 4586 3377 4638 solum
3430 4587 3704 4655 signiticet

2114 4669 2143 4705 ιι
2199 4654 2561 4722 voluptatibus
2609 4657 2874 4722 Corporis,
2911 4658 3001 4708 sed
3050 4656 3263 4708 etiatna
3309 4654 3702 4710 rebus’alienis

2114 4722 2523 4794 abstinentiam.
2570 4723 2834 4794 lsoerates
2882 4725 3090 4778 τούτων
3144 4726 3474 4794 ἐγκράτειαν
3536 4727 3700 4779 ἄσκει

2115 4792 2359 4864 πάντων,
2419 4792 2516 4860 ἀφ’
2564 4790 2637 4846 ὧν
2694 4795 3013 4862 κρατεῖσθαι
3062 4794 3159 4863 τὴν
3186 4790 3189 4791 ν
3216 4790 3395 4864 ψυχὴν
3428 4797 3659 4863 αἰσχρόν
3683 4813 3697 4826 ⁸

2116 4860 2316 4915 Exerce
2337 4865 2387 4915 in
2417 4865 2497 4915 Itis
2528 4860 2765 4915 omnibus
2792 4860 3195 4927 continentiam,
3223 4860 3253 4915 ἰι
3295 4860 3495 4933 ’ᾴιὶὶίηιε
3524 4860 3700 4918 teneri

2114 4934 2346 5004 animum
2415 4946 2562 5004 turpe
2593 4946 2687 4987 est.
2750 4934 2914 4997 Idem,
2960 4936 3290 5003 ἐγκράτειαν
3347 4938 3510 4987 ἄσκει
3567 4937 3696 5004 κέρ-

2110 5002 2253 5063 δους.
2286 5001 2676 5057 Continentiam
2710 5020 2889 5056 exerce
2918 5021 2948 5056 a
2989 5001 3277 5069 cupiditate
3315 5005 3475 5057 lucri.
3505 5001 3702 5057 Exerit-

2112 5075 2195 5195 [la
2222 5073 2345 5149 Ialia
2390 5087 2454 5126 ex
2517 5072 2719 5125 Graecis
2763 5089 3074 5142 congerere,
3142 5087 3205 5127 ac
3245 5077 3415 5127 multo
3441 5077 3612 5143 magis
3634 5091 3702 5128 ex

2162 5142 2325 5194 atlnis
2351 5144 2416 5195 de
2466 5144 2686 5195 nomine
2730 5146 3076 5195 continentia-
3105 5153 3188 5195 est
3214 5143 3326 5195 otio
3352 5147 3504 5195 abuti
3530 5149 3582 5195 in
3622 5161 3702 5195 re.

2162 5142 2325 5194 atinis
2351 5144 2416 5196 de
2466 5144 2686 5196 nomine
2730 5146 3076 5197 continentia-
3105 5153 3188 5196 est
3214 5143 3326 5197 otio
3352 5147 3504 5197 abuti
3530 5142 3582 5197 in
3622 5161 3703 5208 re,

2114 5226 2233 5279 qua:
2258 5221 2312 5263 ut
2338 5226 2368 5264 a
2400 5213 2811 5278 concionatore,
2844 5227 2951 5265 non
2976 5229 3005 5265 a
3029 5212 3353 5268 scholastice
3381 5218 3701 5283 accipienda

2116 5293 2217 5336 est.

2181 5352 2294 5421 (25)
2341 5351 2409 5403 Et
2466 5368 2544 5405 res
2580 5352 2787 5421 quidem
2824 5351 3086 5420 subjecta.
3133 5351 3261 5408 Haec
3322 5355 3513 5418 verba,
3577 5370 3701 5424 qute

2110 5424 2335 5476 nimintn
2387 5433 2650 5493 quantum
2691 5432 3015 5477 sententiam
3071 5425 3311 5479 auctoris
3374 5426 3701 5493 explanant,

2112 5495 2289 5564 reperi
2325 5492 2379 5544 in
2430 5492 2620 5545 “Kal
2682 5494 2751 5564 τά
2800 5493 2908 5564 μὲν,
2956 5494 3295 5564 ύποκείμενα
3354 5492 3473 5558 δύο,
3519 5496 3583 5547 τὸ
3641 5495 3701 5547 δὲ

2392 5563 2489 5614 καὶ
2518 5561 2787 5632 ἁπειργὸν
2817 5562 3051 5629 ἁπλοῦν,
3102 5561 3311 5635 reliqua
3339 5566 3429 5620 hic
3457 5568 3698 5635 notanda

2150 5646 2368 5687 lelllﬂS.
