3990 6202
388 251 488 314 331

1599 255 2096 321 THEOPHANIS
2133 259 2476 320 CERAMEI

3544 265 3658 330 332

391 363 826 422 communionem
891 376 987 430 per
1069 361 1230 418 ﬁdem
1310 375 1601 436 praeparat.
1684 369 1788 422 Sed
1848 386 1963 424 Cllltl

2074 373 2427 446 χωλεύοντες,
2464 373 2559 428 καὶ
2605 373 2653 426 οἱ
2681 373 2758 443 τῷ
2793 373 3036 444 φραγμῷ
3068 375 3166 444 τῆς
3195 376 3478 446 ἁμαρτίας
3502 395 3664 452 περι.

384 470 585 513 natura
645 467 830 511 nostra
897 454 1066 511 libero
1117 456 1344 513 arbitrio
1401 458 1624 528 pradita
1691 462 1781 528 sit,
1814 471 1869 514 et
1903 463 1968 516 ad

388 554 642 609 virtutem
687 567 750 604 ac
810 551 996 605 vitium
1040 563 1340 622 spontaneo
1383 566 1532 610 motu
1578 557 1806 626 feratur,
1863 575 1970 628 quo

386 655 546 714 pacto
602 641 868 714 praecipit,
907 651 964 696 ut
1003 642 1256 699 invitatos
1284 648 1476 717 cogat?
1503 649 1592 704 Ait
1631 652 1775 706 enim
1813 671 1826 707 :
1871 652 1967 707 Exi

391 739 443 788 in
479 735 592 788 vias
620 744 673 788 et
707 748 886 803 sepes,
913 746 967 790 et
991 737 1252 806 compelle
1295 739 1496 794 intrare
1519 781 1535 806 ,
1587 751 1646 796 ut
1689 744 1971 813 impleatur

385 828 580 882 domus
631 842 772 881 mea.
845 826 947 880 Per
997 831 1378 886 necessitatem
1429 833 1530 886 hoc
1583 834 1701 889 loco
1737 852 1843 890 non
1887 848 1970 892 est

388 919 729 987 intelligenda
779 918 1055 986 violentia,
1077 920 1174 975 sed
1221 922 1440 978 afﬂictio
1466 924 1601 997 (27),
1635 943 1756 996 quae
1786 930 1969 984 multis

386 1024 756 1081 saepenumero
786 1009 978 1064 salutis
1010 1013 1352 1068 conciliatrix
1387 1014 1510 1070 fuit.
1552 1016 1700 1072 Multi
1743 1021 1885 1073 enim
1915 1020 1966 1073 in

388 1103 716 1158 tentationes
752 1101 934 1157 varias
961 1101 1286 1170 incidentes,
1319 1120 1416 1175 per
1443 1121 1540 1162 eas
1567 1108 1811 1164 melioris
1843 1110 1966 1164 honi

389 1197 494 1250 vim
529 1197 766 1250 sentiunt
797 1212 812 1248 :
845 1203 1006 1264 atque
1033 1196 1106 1249 ita
1138 1195 1216 1262 fit,
1257 1206 1317 1252 ut
1350 1197 1714 1254 involuntaria
1741 1200 1968 1256 tentatio

387 1304 552 1343 causa
579 1289 704 1350 illis.
746 1297 799 1342 ct
832 1290 1048 1343 occasio
1079 1289 1273 1344 salutis
1313 1293 1534 1346 evadat.
1579 1292 1797 1347 Utinam
1839 1309 1968 1348 vero

387 1383 662 1452 contingat
691 1391 744 1436 et
775 1383 930 1436 nobis
966 1383 1158 1436 futurae
1191 1382 1332 1437 illius
1362 1398 1532 1438 meum
1569 1385 1779 1439 deliciis
1809 1384 1969 1452 liqui-

387 1474 509 1526 dius
543 1488 606 1526 ac
633 1472 926 1539 perfectius
957 1473 1085 1534 frui,
1119 1488 1241 1528 cunt
1273 1472 1412 1528 Deus
1442 1475 1495 1527 in
1526 1475 1706 1530 medio
1734 1475 1958 1528 deorum

388 1564 732 1618 beatitudinis
780 1563 988 1618 fructus
1034 1567 1385 1620 intercutibus
1429 1565 1640 1620 abunde
1685 1566 1962 1629 concedet,

385 1675 503 1729 quae
531 1659 748 1727 quidem
791 1674 895 1713 non
942 1669 1020 1713 est
1065 1660 1208 1714 aliud
1245 1659 1346 1714 nisi
1396 1671 1620 1727 sanctae,
1649 1671 1703 1714 et
1742 1661 1967 1714 vivificae

2079 470 2409 538 ειργόμενοι.
2446 467 2678 530 Τούτους
2717 467 2962 530 ἅπαντας
3017 470 3046 520 ὁ
3091 467 3446 538 εὐαγγελικδς
3496 473 3664 540 λόγος

2077 560 2165 614 διὰ
2196 560 2428 622 πίστεως
2461 558 2555 611 τοῦ
2597 557 2860 628 μυστικοῦ
2896 559 3117 616 δείπνου
3154 565 3451 632 μετασχεῖν
3513 583 3664 636 παρ-

2077 653 2402 704 εσκεύασεν.
2446 650 2607 704 Ἀλλὰ
2627 651 2728 720 τῆς
2759 651 3035 722 ἡμετέρας
3085 652 3301 721 φύσεως
3328 655 3664 727 τιμηθείσης

2079 743 2546 812 αὐτεξουσιότητι,
2601 744 2698 796 καὶ
2747 741 2848 811 τὴν
2898 743 3037 812 πρὸς
3087 743 3309 814 ἀρετὴν,
3372 745 3403 814 ἢ
3456 749 3668 800 κακίαν

2075 838 2252 907 ὁρμὴν
2301 834 2533 905 ἐχούσης
2582 834 2902 897 ἀδέσποτον,
2963 833 3082 896 πῶς
3134 836 3472 903 ἀναγκάζειν
3530 841 3664 902 τοὺς

2077 927 2448 998 κεκλημένους
2479 925 2805 996 παρεγγυᾷ;
2849 923 2987 995 Φησὶ
3012 922 3122 994 γάρ
3147 942 3162 956 ·
3202 925 3426 989 Ἔξελθε
3453 929 3532 989 είς
3558 929 3667 991 τὰς

2075 1020 2227 1082 ὁδοὺς
2261 1021 2355 1072 καὶ
2384 1019 2698 1089 φραγμοὺς,
2738 1019 2835 1071 κα)⁵
2881 1017 3200 1080 ἀνάγκασον
3241 1018 3530 1084 εἰσελθεῖν,
3569 1021 3664 1074 ῖνα

2076 1113 2310 1182 γεμισθῇ
2343 1113 2370 1164 ό
2403 1107 2550 1174 οἶκός
2582 1128 2706 1181 μου.
2741 1110 3014 1180 ’Δνάγκην
3048 1109 3283 1164 ἐνταῦθα
3312 1111 3372 1163 οὐ
3392 1099 3504 1182 ’τὴν
3534 1112 3667 1180 βίαν

2076 1206 2344 1273 προσήκει
2365 1206 2530 1269 νοεῖν,
2553 1202 2686 1256 ἀλλὰ
2713 1202 2811 1272 τὴν
2838 1201 3050 1265 πολλοῖς
3079 1202 3339 1266 πολλάκις
3362 1204 3666 1274 γινομένην

2077 1293 2334 1364 πρόξενον
2365 1292 2640 1363 σωτηρίας
2682 1292 3030 1362 περίστασιν.
3087 1292 3281 1345 Πολλοὶ
3321 1294 3429 1361 γὰρ
3463 1311 3665 1362 πειρα-

2077 1391 2234 1456 σμοῖς
2260 1385 2676 1454 περιπεσόντες,
2707 1383 2772 1436 δι’
2802 1382 2984 1437 αὐτῶν
3020 1385 3079 1437 ὲν
3111 1383 3364 1454 αἰσθήσει
3395 1384 3664 1452 γεγόνασι

2074 1477 2169 1530 τοῦ
2201 1477 2490 1547 βελτίονος,
2521 1477 2614 1528 καὶ
2645 1476 2924 1546 σωτηρίας
2956 1477 3143 1538 αὐτοῖς
3180 1475 3208 1527 ό
3237 1475 3493 1537 ἀκούσιος
3529 1493 3664 1527 πει-

2077 1567 2283 1638 ρασμὸς
2312 1567 2534 1632 γέγονεν
2560 1565 2751 1626 αῐτιος.
2783 1563 2995 1617 Γὲνοιτο
3019 1564 3074 1616 δὲ
3103 1563 3197 1617 καὶ
3222 1565 3370 1633 ἡμᾶς
3403 1564 3499 1616 τοῦ
3526 1566 3664 1634 μέλ-

2073 1660 2257 1722 λοντος
2286 1657 2496 1711 ἐκείνου
2543 1656 2764 1710 δείπνου
2804 1659 3223 1726 κατατρυφῆσαι
3270 1657 3661 1726 ὲκτυπιὶιτερόν

385 1750 667 1806 Trinitatis
696 1766 820 1806 vera
850 1751 1085 1820 cognitio
1105 1794 1119 1816 ,
1154 1753 1242 1806 cui
1274 1753 1524 1807 convenit
1559 1751 1740 1807 omnis
1770 1752 1960 1821 gloria,

2074 1769 2152 1816 τε,
2177 1752 2271 1806 καὶ
2305 1751 2660 1816 τελειότερον,
2693 1749 2932 1819 ὁπηνίκα
2957 1750 3087 1813 Θεὸς
3114 1751 3171 1802 έν
3204 1750 3358 1821 μέσῳ
3387 1750 3526 1804 θεῶν
3556 1751 3662 1818 τὴν

387 1848 558 1897 honor
590 1854 643 1898 et
677 1843 948 1899 veneratio
979 1858 1120 1899 nunc
1155 1856 1209 1899 et
1233 1859 1445 1914 semper
1473 1853 1526 1898 et
1555 1843 1606 1898 in
1627 1842 1822 1898 smeula
1858 1859 1961 1900 sai-

383 1933 649 1987 rulorum.
694 1937 885 1987 Amen.

2073 1840 2352 1911 μακαρίαν
2382 1841 2682 1894 ἀπόλαυσιν
2703 1841 2816 1903 τοῖς
2855 1837 3024 1902 ἀξίοις
3057 1836 3364 1909 χαρίζεται,
3395 1839 3519 1909 ἥτις
3553 1840 3664 1891 οὐκ

2067 1933 2204 2003 ἄλλη
2236 1933 2320 1994 τίς
2360 1933 2530 1993 ἐστιν,
2577 1929 2691 1984 ἀλλ’
2732 1931 2765 2000 ὴ
2812 1931 2912 1999 τῆς
2961 1931 3144 1998 ἁγίας,
3186 1931 3281 1984 καὶ
3333 1929 3665 2001 ζωαρχικῆς

383 2030 610 2101 Τριάδος
648 2029 856 2102 ἀληθὴς
904 2030 1251 2100 κατανόησις,
1385 2031 1586 2103 πρέπει
1628 2031 1777 2085 πᾶσα
1841 2029 1991 2096 δόξα,
2031 2032 2188 2100 τιμὴ,
2226 2017 2321 2083 καὶ
2356 2028 2728 2100 προσκύνησις
2775 2026 2896 2093 νῦν,
2955 2028 3046 2080 καὶ
3091 2029 3202 2095 ἀεὶ,
3274 2029 3370 2082 καὶ
3413 2030 3494 2091 είς
3527 2029 3662 2090 τοὺς

384 2122 584 2184 αἰῶνας
609 2123 720 2175 τῶν
751 2122 986 2176 αἰώνων.
1039 2124 1232 2194 Ἀμήν.

948 2235 1230 2294 HOMILIA
1270 2238 1410 2294 XIV.

389 2347 666 2401 Dominiea
697 2359 818 2402 ante
870 2349 1067 2402 Christi
1105 2353 1453 2405 nativitatem.
1508 2353 1572 2406 In
1629 2355 1800 2410 illud:
1833 2374 1850 2406 ι
1883 2354 1971 2408 Li-

460 2421 548 2470 ber
574 2422 925 2486 generationis
958 2419 1067 2490 ('28)
1106 2420 1233 2476 Jesu
1266 2423 1460 2476 Christi
1484 2422 1618 2478 Filii
1656 2426 1844 2482 Darid.
1877 2445 1895 2476 ι

453 2547 748 2601 Attoliente
775 2564 834 2603 se
863 2564 1024 2619 supra
1060 2551 1394 2604 horizontem
1430 2553 1532 2607 hoc
1563 2553 1696 2619 sole,
1731 2555 1820 2623 Qui
1864 2555 1964 2609 sub

385 2652 602 2690 sensum
630 2638 795 2700 cadit,
821 2647 1089 2693 astrorum
1119 2641 1261 2694 nitor
1283 2642 1638 2696 absconditur
1680 2645 1974 2713 majoribus

385 2722 763 2789 splendoribus
793 2737 1125 2793 occupatus;
1163 2726 1285 2782 Sole
1317 2745 1444 2784 vero
1469 2731 1699 2798 justitiae
1730 2734 1875 2787 velut
1905 2750 1970 2787 ex

385 2815 592 2868 oriente
620 2815 754 2869 uteri
789 2815 1027 2884 Virginei
1061 2830 1408 2888 exsurgente,
1440 2821 1658 2875 Patrum
1684 2822 1972 2890 Catalogns

388 2905 459 2956 uti
494 2905 696 2958 chorus
724 2906 997 2959 steitarum
1028 2908 1302 2976 prtulncet,
1333 2921 1386 2964 et
1415 2911 1642 2965 sublatis
1673 2913 1973 2980 intelligen-

389 2995 474 3046 tiae
501 2993 702 3048 facibus
745 2999 1028 3051 adventum
1054 2998 1254 3052 Christi
1292 3001 1616 3068 praenuntiat
1652 3002 1787 3070 (29).
1821 3003 1971 3068 Quo-

2646 2242 2892 2294 OMIAIA
2942 2241 3042 2295 ω’.

2075 2355 2342 2423 Κυριακῇ
2373 2354 2487 2422 πρὸ
2512 2353 2624 2422 τῆς
2651 2353 2912 2421 Χριστοῦ
2965 2371 3312 2423 γεννησεως
3333 2373 3355 2391 ο
3414 2358 3517 2423 Εἲς
3540 2360 3610 2412 τό
3631 2373 3659 2393 ο

2150 2449 2166 2476 σ
2182 2428 2397 2491 Βίϐλος
2417 2425 2711 2494 γενέσεως
2734 2425 2932 2491 Ἰησοῦ
2951 2427 3208 2493 Χριστοῦ
3244 2427 3379 2482 Υιοῦ
3409 2429 3610 2484 Δαόἱδ.
3625 2449 3651 2481 ι

2143 2539 2250 2592 Τοῦ
2285 2539 2388 2609 μὲν
2418 2537 2680 2608 αἰσθητοῦ
2706 2539 2859 2609 ἡλίου
2885 2540 2984 2592 τοῦ
3033 2540 3312 2611 ὁρίζοντος
3380 2542 3658 2614 ὑπερτέλο

2073 2634 2280 2697 λον-ξος,
2305 2632 2360 2684 αἱ
2391 2630 2646 2701 ἀστραῖαι
2661 2629 2885 2698 ἀγλαΐαι
2906 2630 3271 2685 καλύπτονται
3294 2635 3409 2696 τοῖς
3437 2634 3666 2703 μείζοσι

2077 2721 2586 2793 στενοχωρούμεναι
2636 2722 3041 2790 πλαγία-μασι⁹
3074 2723 3171 2777 τοῦ
3194 2723 3252 2777 δὲ
3314 2725 3496 2778 Ἠλίου
3551 2727 3662 2796 τῆς

2072 2813 2442 2884 δικαιοσύνης,
2485 2815 2560 2877 ὡς
2592 2815 2651 2880 ἐξ
2670 2815 2937 2886 ἀνατολῆς
2961 2816 3060 2886 τῆς
3084 2816 3428 2888 Παρθενικῆς
3456 2818 3662 2890 νηδύος

2073 2907 2406 2976 ἀνίσχοντος,
2421 2909 2449 2960 ό
2465 2908 2575 2960 τῶν
2591 2907 2842 2978 πατέρων
2860 2907 3179 2976 κατάλογος,
3195 2907 3344 2962 ὥσπε
3353 2928 3385 2980 ρ
3401 2910 3534 2962 ἀστέ
3543 2929 3666 2980 ρων

2073 2999 2256 3069 χορὸς,
2289 2999 2610 3069 προλάμπει
2671 3001 2890 3070 νοηταῖς
2951 3003 3346 3071 μαρμαρυγαῖς
3390 3019 3662 3071 φρυκτω-

396 3085 541 3137 niam
611 3085 773 3154 igitur
804 3097 1020 3141 sanctus
1058 3087 1339 3146 Mattha‘us
1355 3105 1512 3144 suum
1557 3092 1715 3146 hodie
1747 3107 1963 3146 exorsus

2082 3091 2363 3162 ρούμενος.
2420 3091 2576 3144 Ἐπεὶ
2620 3085 2713 3144 οὖν
2771 3093 2798 3144 ὁ
2849 3092 2994 3161 ἱερὸς
3060 3093 3340 3156 Ματοαῖος
3385 3092 3476 3146 τοῦ
3528 3097 3659 3146 κατ’

387 3173 729 3242 Evangelium
767 3176 819 3230 in
855 3179 1088 3246 quodam
1119 3180 1270 3248 quasi
1304 3181 1492 3234 monili
1522 3190 1802 3236 consertos
1836 3182 1958 3236 illos

385 3269 723 3321 cnnmeravit
756 3286 770 3323 :
809 3285 906 3338 age
933 3270 1040 3338 jam
1069 3272 1394 3342 genealogite
1414 3288 1634 3341 scopum
1673 3275 1958 3344 investige-

390 3374 529 3411 nms.
563 3357 660 3410 llic
690 3359 832 3412 enim
875 3370 1192 3415 cieterorutn
1239 3362 1694 3431 evangelistarum
1731 3365 1960 3432 primus,

387 3449 495 3518 82
523 3459 644 3504 octo
668 3461 789 3520 post
809 3466 982 3506 annos
1013 3452 1150 3523 (50),
1167 3467 1231 3507 ex
1257 3467 1364 3522 quo
1385 3452 1638 3509 Christus
1659 3466 1970 3525 assumptus

2069 3184 2233 3239 αὑτὸν
2267 3185 2600 3254 Εὐαγγελίου
2635 3186 2939 3256 ἀρχόμενος
2979 3189 3242 3257 σήμερον,
3271 3188 3345 3249 ὼς
3380 3189 3440 3239 ὲν
3492 3188 3660 3258 ὅρμῳ

2069 3276 2178 3329 τινὶ
2199 3275 2428 3340 τούτους
2459 3277 2773 3348 ἠρίθμησε·
2818 3280 2952 3347 φέρε
3007 3279 3097 3331 τὸν
3144 3281 3243 3345 τῆς
3295 3279 3656 3346 γενεαλογίας

2073 3367 2274 3420 σκοπὸν
2300 3367 2668 3438 ἐξετάσωμεν.
2706 3368 2930 3439 Πρῶτος
2961 3371 3058 3438 μὲν
3078 3370 3182 3442 γὰρ
3209 3363 3365 3434 οὗτος
3395 3371 3506 3424 τῶν
3551 3371 3653 3425 ἆλ-

2071 3457 2182 3512 λων
2225 3457 2634 3526 εὐαγγελιστῶν
2696 3457 2835 3530 μετὰ
2877 3459 3119 3530 ὀκταετῆ
3169 3461 3361 3531 χρόνον
3422 3461 3524 3532 τῆς
3552 3460 3656 3513 τοῦ

1613 3609 1935 3671 Francisci
1969 3610 2178 3672 Scorsi
2210 3619 2397 3675 notio.

461 3737 574 3806 (27)
610 3736 712 3791 Sed
738 3739 967 3808 afﬂictio.
1009 3737 1211 3790 Nomen
1252 3739 1599 3808 περίστασις,
1646 3738 1964 3808 plerumque

387 3808 652 3876 significat
698 3809 759 3861 τὸ
790 3809 1026 3876 συμϐάν,
1082 3809 1322 3862 accidens
1350 3818 1398 3862 et
1432 3809 1798 3861 circumstans.
1845 3808 1958 3862 lloc

386 3880 505 3931 Ιυι·ο
535 3893 599 3932 eo
651 3879 820 3948 utitur
849 3877 1234 3946 Theophanes,
1277 3879 1645 3948 utsignit‘tcet
1671 3877 1955 3930 calamita-

391 3965 519 4012 ιυιιι,
559 3956 612 3999 et
661 3947 1029 4012 afllictionem,
1061 3965 1180 4016 qua:
1219 3947 1695 4001 hominiaccidcre
1721 3962 1957 4016 eumque

387 4020 763 4078 circumstare,
801 4028 855 4070 et
907 4015 1212 4087 opprimere
1273 4017 1446 4072 solet:
1511 4015 1680 4079 Unde,
1736 4017 1956 4085 inquit,

382 4105 446 4158 ex
493 4088 572 4140 his
627 4104 763 4154 saepe
799 4088 1154 4158 covnpellitur,
1216 4097 1270 4141 ut
1313 4089 1561 4158 animant
1590 4096 1858 4158 coiwertat
1889 4087 1957 4138 ad

385 4157 590 4220 Deum;
637 4168 797 4225 atque
831 4159 972 4213 hanc
1019 4159 1135 4211 vult
1177 4172 1298 4212 esse
1349 4158 1501 4210 illam
1551 4157 1952 4223 impulsionem,

385 4233 449 4280 de
481 4242 583 4294 qua
625 4227 820 4280 dicitur
849 4229 900 4280 in
953 4227 1284 4296 Evangelia:
1342 4225 1411 4278 Et
1443 4227 1691 4294 compelle
1740 4227 1961 4278 intrare.

385 4297 512 4349 Post
549 4298 706 4364 paulo
743 4295 1123 4365 πειρασμοὺς,
1158 4295 1391 4364 appellat
1437 4310 1572 4364 quas
1622 4305 1748 4348 ante
1807 4311 1963 4366 περι-

387 4367 632 4426 στάσεις,
680 4381 778 4435 ego
820 4368 953 4419 verti
987 4367 1320 4430 tentationcs,
1384 4367 1603 4418 neruine
1628 4366 1820 4418 «uinus
1879 4368 1960 4418 la-

2061 3753 2154 3796 seu
2189 3751 2559 3794 enarratorem
2596 3741 2697 3796 hoc
2730 3741 2846 3795 loco
2893 3742 2977 3812 egi
3009 3758 3026 3806 ς
3078 3757 3178 3797 nec
3217 3743 3441 3799 verbum
3480 3748 3654 3803 verbo

2061 3812 2248 3864 curavi
2283 3813 2508 3864 reddere
2544 3812 2680 3865 fidus
2716 3812 3007 3883 interpres'
3039 3815 3396 3883 Φρυκτωρεῖν
3425 3829 3480 3870 et
3501 3819 3642 3872 idem

2061 3895 2205 3948 pass.
2271 3882 2715 3951 φρυκτῳρεῑσϐαι
2741 3890 2824 3936 est
2871 3882 3082 3950 signum
3113 3898 3144 3937 e
3175 3882 3392 3951 specula
3415 3889 3652 3941 sublatis

2058 3951 2267 4024 facibus
2301 3952 2449 4024 dare.
2484 3950 2616 4024 Nam
2646 3959 2700 4004 et
2741 3954 2983 4024 φρυκτὸς
3014 3952 3099 4005 fax
3136 3950 3242 4018 est,
3292 3969 3396 4024 qua
3427 3957 3651 4024 signum-

2057 4018 2430 4084 hujuscemodi
2469 4021 2668 4073 datur:
2699 4017 3121 4091 ειζῷρυκτὼριον
3159 4017 3383 4090 specula
3419 4017 3652 4079 ex'cuhi-

2060 4098 2239 4160 torum
2296 4091 2360 4143 ad
2412 4091 2722 4158 hujusntodi
2777 4095 2935 4160 signa
2985 4091 3361 4160 prmicrenda;
3421 4094 3478 4147 in
3543 4097 3652 4150 hac

2063 4159 2225 4227 igitur
2263 4161 2485 4228 propria
2533 4159 3002 4216 notatione-Nisus
3055 4171 3141 4216 est
3188 4163 3317 4215 mihi
3352 4162 3395 4216 Τ
3402 4165 3650 4230 heopha-

2066 4244 2162 4282 nes
2191 4246 2320 4282 usus
2350 4231 2453 4283 hoc
2482 4232 2668 4293 verbo,
2695 4240 2752 4284 ut
2777 4231 3116 4299 significaret
3155 4233 3387 4285 chorum
3410 4245 3644 4287 sancto-

2067 4313 2187 4352 rum
2273 4300 2540 4363 Patrum,
2603 4316 2831 4368 quorum
2878 4302 3157 4369 catalogus
3214 4301 3264 4353 in
3327 4303 3652 4371 genealogia

2067 4380 2404 4432 recensctur,
2469 4371 2624 4435 quasi
2681 4371 2866 4424 stellas
2931 4381 3055 4423 ante
3124 4381 3374 4424 exortum
3437 4372 3650 4426 Christi

389 4448 526 4508 uno,
561 4435 655 4487 scd
697 4446 874 4508 tamen
915 4449 1093 4508 sacro,
1131 4448 1184 4488 et
1236 4435 1303 4487 ad
1337 4448 1454 4508 rem
1483 4437 1800 4508 signandum
1839 4450 1957 4508 una:
1991 4439 2034 4492 D
2065 4439 2422 4506 praelucentes
2468 4439 2586 4508 ejus
2616 4441 2907 4493 adventum
2943 4439 3233 4508 splendore
3277 4455 3380 4494 suo
3425 4443 3647 4496 sublato

389 4504 534 4557 xime
597 4505 943 4557 necessario:
993 4504 1219 4556 allusum
1269 4504 1413 4556 enim
1460 4506 1525 4557 ad
1592 4505 1719 4556 illud
1771 4503 1958 4558 Jacobi

385 4589 505 4639 t'ap.
537 4587 550 4624 ι
583 4590 596 4626 :
661 4571 827 4625 Omne
855 4573 1110 4643 gaudium
1153 4573 1474 4638 existimate,
1523 4573 1736 4642 fratres,
1763 4589 1878 4626 cum
1904 4575 1961 4626 in

388 4644 706 4696 tcntationea
737 4649 942 4714 sarias
1002 4643 1288 4696 incideritis
1313 4658 1332 4695 :
1365 4645 1551 4696 Πᾶσαν
1601 4644 1776 4714 χαράν
1825 4646 1963 4712 ἡγή-

388 4718 577 4774 σασυε,
637 4713 858 4780 ἀδελφοί
918 4731 1044 4782 μου,
1087 4715 1214 4766 ὅταν
1259 4716 1586 4784 πειρασμοῖς
1625 4713 1962 4784 περιπέσητε

385 4785 674 4846 ποικίλοις.
734 4785 894 4853 Atqui
941 4785 1041 4836 huc
1092 4785 1208 4838 loco
1255 4787 1588 4853 πειρασμοὶ,
1624 4788 1818 4850 quthus
1867 4786 1962 4838 lae-

387 4855 609 4905 tandum
644 4867 715 4904 ait
765 4854 803 4908 S
859 4854 1118 4917 Jacobus,
1151 4862 1276 4908 sunt
1328 4856 1703 4922 περιστάσεις,
1733 4857 1962 4906 circum-

389 4936 598 4992 stantes
628 4923 942 4977 amictioncs
984 4925 1208 4990 hujusce
1249 4924 1388 4986 vitae,
1419 4939 1539 4992 qua:
1592 4925 1782 4977 salutis
1812 4937 1960 4989 sunt,

388 5001 447 5046 ut
465 4991 536 5064 ait
558 4991 932 5064 Theophanes,
953 4995 1224 5064 πρόξενοι,
1243 4991 1646 5064 conciliatrices.

465 5061 578 5128 (98)
622 5060 774 5115 Liber
818 5060 1191 5131 generationis.
1249 5063 1421 5132 Hujus
1470 5063 1716 5116 Ilomilite
1774 5063 1964 5119 titulus

391 5133 443 5185 in
481 5133 724 5200 utrisque
765 5137 924 5186 codd.
984 5133 1101 5188 Vat.
1133 5136 1202 5187 ita
1238 5149 1295 5186 se
1327 5135 1510 5196 habet,
1571 5145 1628 5185 ιιι
1658 5133 1960 5198 edidimus;

388 5203 443 5256 in
487 5203 654 5274 codd_.
670 5201 1067 5258 Parisiensibus
1102 5205 1343 5274 additu-nt
1374 5221 1388 5257 :
1446 5203 1542 5274 καὶ
1587 5203 1716 5271 περὶ
1741 5202 1959 5274 Θάμαρ,

392 5285 439 5326 ct
481 5275 546 5326 dc
613 5271 866 5336 Thamar,
925 5284 978 5326 et
1026 5275 1081 5328 in
1134 5274 1264 5335 alio,
1301 5272 1379 5344 εις
1433 5272 1533 5344 τὴν
1596 5274 1834 5343 ἱστορίαν
1868 5271 1966 5342 τῆς

395 5344 622 5414 Θάμαρ,
657 5346 721 5397 de
760 5360 862 5412 qua
909 5346 966 5397 fit
995 5346 1193 5397 mentio
1227 5347 1279 5414 in
1307 5343 1506 5396 Christi
1535 5345 1866 5411 genealogia,
1912 5356 1966 5398 et

393 5416 518 5481 quia
564 5413 772 5467 caneris
819 5415 1042 5467 omisais
1094 5415 1146 5466 in
1199 5413 1315 5477 ejus
1369 5413 1672 5467 enarranda
1739 5414 1962 5468 historia

387 5489 606 5551 popu'o,
661 5494 714 5536 et
747 5484 1038 5551 allegorice
1106 5484 1170 5534 de
1209 5482 1424 5536 Christo
1478 5495 1531 5537 et
1583 5485 1824 5537 Ecclesia
1881 5487 1964 5538 in—

391 5555 728 5618 terpretanda
773 5553 986 5624 longius
1017 5553 1284 5609 detinetur
1334 5562 1524 5608 auctor
1570 5555 1622 5608 in
1679 5558 1782 5609 hoc
1846 5570 1964 5608 ser-

388 5637 568 5675 mone.

464 5689 574 5760 (9.9)
613 5690 897 5747 Adventum
923 5691 1122 5747 Christi
1155 5696 1497 5760 pra'nnntiat.
1561 5694 1958 5764 Conjectorcm,

2066 4509 2449 4628 Braenuntiare.
2499 4509 2632 4563 Nam
2696 4517 2758 4564 ut
2807 4526 2871 4564 ex
2933 4510 3233 4578 epigrapha
3281 4511 3649 4581 intelligitur,

2112 4577 2344 4628 ominica
2377 4578 2461 4628 die
2491 4581 2734 4628 proxime
2778 4584 3129 4628 antecedente
3159 4579 3360 4628 Christi
3393 4581 3642 4628 Natalem

2112 4577 2344 4630 ominica
2377 4578 2461 4631 die
2491 4581 2734 4646 proxime
2778 4577 3129 4632 antecedente
3159 4579 3360 4633 Christi
3391 4577 3642 4635 Natalem

2066 4649 2229 4710 diem,
2256 4647 2385 4700 illttd
2421 4649 2768 4717 Evangelium
2806 4651 3015 4715 legitur.
3052 4647 3121 4700 Ea
3177 4650 3340 4716 igitur
3370 4654 3434 4703 de
3476 4667 3642 4705 causa

2065 4717 2219 4784 plane
2252 4718 2705 4787 περιφραστικῶς
2731 4720 2890 4782 venti,
2941 4719 3226 4771 adventum
3263 4719 3468 4773 Christi
3494 4738 3642 4788 pree-

2066 4788 2300 4841 nuntiat.

2133 4857 2248 4925 (5ιι)
2287 4857 2415 4911 Octo
2451 4867 2563 4929 post
2600 4874 2789 4913 annos.
2835 4857 2893 4911 S.
2919 4857 3223 4913 Matthzeum
3261 4860 3497 4929 primum
3527 4877 3644 4914 om-

2067 4929 2212 4999 nium
2242 4927 2700 4999 etangciistarum
2735 4929 3018 4995 scripsisse
3054 4927 3407 4999 Evunge'lium
3457 4945 3638 4992 suum,

2067 4997 2119 5049 in
2143 4995 2401 5051 confesso
2433 5006 2675 5067 estapud
2707 5013 2930 5063 omnes;
2961 5000 3120 5069 idque
3147 4995 3404 5054 cautibus
3425 5010 3641 5055 canstat

2065 5082 2131 5118 ex
2171 5081 2335 5131 anno,
2365 5083 2472 5136 quo
2507 5069 2750 5136 scripsit,
2780 5069 2871 5136 qtti
2921 5068 3271 5123 l‘nit’Christi
3319 5071 3413 5134 sl,
3446 5082 3642 5124 nttrao
3736 5089 3742 5094 ·

2065 5135 2145 5188 dit
2169 5135 2452 5189 Annalium
2477 5139 2726 5192 conditor
2754 5135 2818 5190 ad
2849 5141 2988 5192 hunc
3018 5154 3219 5192 annum
3243 5157 3265 5205 ;.
3292 5157 3357 5194 eo
3385 5142 3641 5193 nimirum

2069 5215 2309 5274 lt'lIIpOI’e
2332 5223 2440 5274 quo
2471 5219 2694 5279 apertus
2737 5218 2820 5261 est
2848 5209 3028 5262 aditus
3080 5211 3146 5261 ad
3178 5213 3487 5264 edocendas
3511 5228 3644 5279 gen-

2069 5286 2168 5339 tes,
2237 5291 2344 5348 quo
2393 5279 2506 5346 ipse
2573 5277 2998 5348 Mattlneusﬂad~
3042 5281 3190 5346 ipsas
3241 5277 3640 5348 expeditionem

2065 5347 2405 5418 adornabat;
2451 5357 2508 5399 ut
2559 5349 2813 5402 nimirum
2872 5347 3137 5412 Hebraeis,
3177 5347 3374 5418 quibus
3407 5352 3474 5402 ad
3521 5367 3640 5403 eam

2066 5416 2206 5468 diem
2241 5421 2642 5487 praedicnt-rat,
2708 5420 3035 5486 relinqueret
3089 5416 3227 5473 idem
3292 5420 3638 5487 Evangelium

2067 5483 2249 5553 patrio
2273 5483 2520 5542 sermone
2543 5483 2935 5556 conscriptum.
2967 5488 3098 5543 Vide
3129 5492 3302 5558 ipsum
3323 5483 3645 5541 Batonium'.

2066 5559 2157 5624 qui
2194 5571 2377 5611 censet
2403 5561 2625 5612 omnino
2652 5563 2983 5625 sequendum
3030 5560 3247 5613 Eusebii
3299 5560 3639 5617 Chronicon;

2067 5629 2211 5692 quod
2269 5629 2432 5680 etiam
2475 5639 2693 5683 secutus
2725 5639 2831 5694 est,
2891 5639 2949 5680 ut
3009 5631 3260 5690 advertit,
3311 5638 3498 5682 noster
3557 5631 3637 5680 hic

2068 5707 2277 5755 auctor.
2314 5699 2484 5752 Porro
2510 5698 2650 5769 quod
2697 5700 2772 5752 ait
2825 5701 3099 5768 eleganter
3133 5701 3234 5769 hic.
3261 5698 3644 5761 Ecclesiastes,
