3974 6200
309 265 395 334 341

1624 273 1950 332 HOMILIA
1993 275 2144 334 XIV.

3419 276 3524 339 342

306 399 393 452 ego
415 394 528 435 vero
576 380 916 443 condemnor,
984 383 1074 451 qui
1125 381 1295 437 ﬁlium
1345 396 1521 438 meum
1575 384 1754 439 δοιοιιι
1801 385 1875 437 illi
1915 401 2020 442 non
2071 387 2330 443 dederim.
2368 407 2385 439 ι
2456 388 2531 443 Ita
2577 405 2683 443 uno
2733 401 2884 460 partu
2938 391 3179 457 Phares,
3225 403 3277 446 et
3326 393 3520 446 Zuram

303 493 331 530 c
352 476 452 530 lidit
479 474 720 528 Thamar.

364 566 580 634 Φανερόν
604 566 699 634 μὲν
731 561 846 630 οὖν,
879 567 956 630 ὡς
983 568 1084 638 τὴν
1114 568 1174 635 ἐξ
1200 568 1372 622 ὲθνῶν
1405 569 1702 640 ἐκκλησίαν
1756 572 1833 623 εί·
1862 573 1903 627 Α

305 662 508 724 κὸνιζεν.
543 659 617 710 Τά
644 658 752 727 γάρ
778 659 905 727 ἔθνη
937 659 1006 712 τὰ
1037 661 1134 730 μὲν
1174 661 1384 724 ἁθεῖαν,
1438 662 1508 715 τὰ
1565 662 1624 715 δὲ
1679 661 1857 714 πολυο

303 753 433 805 οεῒαν
457 751 770 820 νοσήσαντα,
797 753 890 804 καὶ
914 753 1207 824 τὸ’σπέρμα
1228 754 1327 824 τῆς
1347 755 1604 818 πίστεως,
1628 755 1721 808 καὶ
1737 755 1833 823 τῆς

303 844 408 896 κατ’
428 844 585 912 αὐτὴν
608 843 961 915 δικαιοσύνης
996 848 1076 909 είς
1105 849 1205 913 τὴν
1224 846 1326 914 γῆν
1354 846 1454 917 τῆς
1485 847 1835 914 πλάνης,’καὶ

301 936 390 985 τῶν
417 933 590 986 παθῶν
616 934 882 1004 ἐκχέαντα
906 936 1119 1004 ἔμεινεν
1153 938 1414 1008 ἀνήροτα.
1451 938 1605 990 Ἐπεὶ
1632 937 1836 1007 μηδένα

301 1023 484 1092 uan
511 1024 564 1087 ἐξ
597 1025 778 1077 αὐτῶν
811 1027 844 1095 ἡ
889 1027 1188 1098 Ἐκκλησία
1219 1028 1540 1097 ἒκίσσησεν,
1595 1028 1835 1098 ἁρπάζει

300 1117 374 1165 τὸν
404 1117 459 1167 ὲκ
484 1116 571 1168 τοῦ
597 1116 768 1168 Ἰούδα
803 1118 1049 1187 καρπόν·
1095 1123 1233 1180 νοεῖς
1278 1119 1335 1172 δὲ
1373 1120 1588 1179 πάντως
1626 1118 1716 1173 τὸν
1769 1120 1834 1170 ἐκ

298 1206 380 1270 τῆς
405 1203 564 1257 Ἰούδα
617 1206 792 1274 φυλῆς
831 1207 1190 1261 ἁνατείλαντα
1231 1209 1458 1270 Κύριον.
1518 1209 1834 1272 ’Λκούοντες

297 1296 360 1361 δὲ,
381 1296 448 1357 ὡς
473 1296 667 1361 Ἰούδας
697 1300 777 1361 εἰς
802 1299 872 1351 τὰ
893 1299 1142 1368 πρόϐατα
1170 1301 1533 1371 πορευόμενος
1553 1304 1617 1368 τῇ
1637 1301 1834 1369 Θάμαρ

299 1384 416 1436 κατὰ
443 1384 666 1453 πάροδον
685 1386 1071 1456 ἐκοινώνησεν,
1104 1388 1166 1440 οὐ
1187 1387 1526 1458 ξενιζώμεθα
1545 1406 1559 1420 ⁸
1583 1388 1836 1441 ἐντεῦθεν

297 1475 388 1542 γὰρ
418 1477 609 1543 μᾶλλον
643 1478 962 1548 συναίρεται
988 1477 1049 1531 τὸ
1074 1478 1392 1533 ἀκόλουθον·
1443 1481 1540 1533 καὶ
1575 1481 1684 1550 γὰρ
1721 1483 1749 1534 ὁ
1777 1480 1836 1544 ἐξ

306 1566 450 1619 Ἰούδα
474 1567 705 1637 Χριστὸς
727 1571 1160 1639 προηγουμένως
1193 1569 1292 1639 μὲν
1326 1572 1406 1633 είς
1445 1570 1514 1623 τὰ
1587 1569 1836 1640 πρόϐατα

295 1656 543 1726 ἀπεστάλη
580 1659 736 1710 οτκου
768 1658 1008 1730 Ἰσραὴλ,
1051 1659 1126 1722 ώς
1162 1661 1370 1723 ἐκεῖνός
1427 1676 1614 1730 φησιν,
1671 1660 1835 1727 ἐνηρ-

293 1748 414 1818 γήθη
437 1749 487 1802 δὲ
505 1751 648 1804 κατὰ
678 1751 908 1821 πάροδον
931 1753 964 1822 ἡ
989 1752 1230 1822 σωτηρία
1253 1754 1365 1815 τοῖς
1395 1751 1624 1806 ἔθνεσιν.
1673 1752 1838 1822 Ὁρᾷς

294 1839 392 1902 πῶς
422 1840 674 1910 ὴθεωρία
721 1846 785 1912 τῇ
827 1844 1040 1914 ἱστορίᾳ
1073 1844 1519 1912 συμφθέγγεται;
1552 1843 1836 1914 Δαμϐἁνει

290 1931 368 1985 οὖν
391 1933 736 2001 ὴἚκκλησία,
761 1935 835 1998 ώς
856 1935 958 2004 μὲν
987 1935 1271 1989 δακτύλιον
1298 1935 1389 1988 τὸν
1415 1935 1713 2008 ἀρραϐῶνα
1739 1935 1841 2003 τῆς
1873 1927 1913 1982 Β

292 2025 516 2088 πίστεως,
537 2026 636 2078 καὶ
652 2026 748 2094 τῆς
781 2026 1244 2097 συγκεχωσμένης
1269 2028 1479 2087 εἰκόνος
1499 2025 1597 2095 τὴν
1627 2025 1836 2080 ἐπανά-

291 2117 448 2185 ληιξνιν,
466 2120 526 2188 ἢν
540 2118 698 2188 δηλοῖ
727 2121 756 2189 ὴ
775 2121 832 2171 ἐν
849 2123 916 2191 τῇ
937 2120 1196 2193 σφενδόνῃ
1209 2121 1408 2188 γλυφὴ,
1428 2119 1523 2173 καὶ
1541 2119 1640 2190 τὴν
1661 2119 1838 2190 ζώνην

289 2209 374 2277 τὴν
398 2210 864 2280 περιξωννύουσαν
883 2212 1051 2282 αὐτὴν
1096 2214 1195 2281 τὴν
1247 2213 1479 2282 δύναμιν
1528 2212 1624 2265 τοῦ
1651 2213 1840 2279 Εὐαγο

291 2303 446 2369 γελίου
463 2305 552 2372 τῆς
571 2305 819 2374 χάριτος.
851 2305 947 2358 καὶ
963 2305 1063 2375 τὴν
1089 2306 1307 2376 ῥάϐδον,
1327 2324 1400 2376 φη
1411 2308 1470 2375 μὶ
1488 2307 1551 2376 δὴ
1571 2306 1662 2357 τδν
1686 2323 1842 2358 (καθ’

293 2394 389 2461 ρὸν,
426 2394 489 2446 δι’
512 2388 571 2448 οὗ
605 2397 666 2447 ἐν
686 2398 752 2465 τῇ
787 2395 975 2448 στάσει
1018 2397 1117 2465 τῆς
1149 2397 1386 2456 πίστεως
1450 2397 1838 2468 στηριζόμεθα,

292 2490 375 2539 καὶ
425 2489 542 2552 τοὺς
589 2489 953 2554 ὑλακτῶντας
1014 2491 1163 2562 ἡμᾶς
1219 2489 1384 2553 κύνας
1415 2490 1836 2560 ἐκτρεπόμεθαο

292 2582 373 2632 καὶ
412 2581 573 2633 τίκτει
624 2581 717 2634 δύο
751 2582 942 2646 παῖδας
978 2583 1036 2635 ὲν
1073 2585 1172 2654 μιᾷ
1200 2583 1300 2652 τῆς
1322 2583 1501 2653 ψυχῆς
1531 2584 1683 2654 νηδύϊ
1744 2583 1843 2654 τὴν

292 2670 438 2738 ὀρθὴν
486 2671 697 2736 πίστιν,
736 2674 831 2725 καὶ
859 2673 959 2744 τὴν
997 2672 1105 2727 τῶν
1154 2674 1378 2742 ἀγαθῶν
1425 2675 1602 2745 ἔργων
1667 2675 1840 2732 συνεί-

289 2764 447 2829 δησιν.

351 2857 406 2908 Εἰ
433 2858 486 2910 δὲ
523 2854 612 2908 δεῖ
647 2855 974 2924 μεταϐαλεῖν
999 2854 1098 2925 τὴν
1136 2855 1396 2924 ἱστορίαν,
1422 2856 1518 2909 καὶ
1541 2857 1617 2918 είς
1647 2855 1844 2925 ἠθικὴν

291 2947 522 3018 Θεωρίαν,
561 2947 730 3002 τοῦτο
785 2947 974 3014 σαφῶς
1035 2946 1420 3015 διδασκόμεθα,
1470 2947 1543 3008 ώς
1595 2948 1630 3016 ἡ
1667 2945 1845 3017 ώραία

291 3039 467 3110 Θάμαρ
512 3040 742 3110 ἐκείνη,
802 3039 991 3110 ἐπειδὴ
1038 3039 1384 3107 Πινρασμὸς
1453 3038 1843 3109 ἑρμηνεύεται,

292 3134 526 3201 σημαίνει
565 3133 675 3202 τὴν
730 3131 922 3201 ἡδ’,νὴν
966 3132 1069 3200 τὴν
1115 3130 1324 3200 ὡραίαν
1377 3133 1456 3193 είς
1507 3132 1719 3200 ὅρασιν,
1751 3129 1846 3183 καὶ

292 3223 454 3289 ἡδεῖαν
472 3227 549 3287 είς
583 3221 816 3294 βρῶσιν,
843 3221 1050 3292 πικρὰν
1083 3221 1140 3274 δὲ
1170 3221 1270 3291 τὴν
1316 3220 1543 3292 ὕστερον
1594 3220 1847 3274 ἀνάδοσιν

290 3316 521 3384 ἔχουσαν,
550 3315 683 3386 μέλι
709 3314 818 3383 γάρ
864 3313 1165 3376 ἀποστάζει
1227 3313 1337 3366 ἀπὸ
1359 3313 1467 3366 τῶν
1497 3315 1597 3383 τῆς
1650 3313 1849 3376 κακίας

292 3407 494 3474 χειλέων
545 3410 635 3470 εἰς
663 3408 888 3476 πικρίαν
919 3405 1231 3474 καταλῆγον
1254 3404 1436 3474 χολῆς.
1477 3403 1625 3474 Αὕτη
1649 3404 1780 3470 γοῦν
1815 3405 1849 3474 ή

289 3501 435 3570 ἡδονὴ
477 3499 875 3568 είσποιουμένη
914 3499 1180 3566 πρότερον
1209 3497 1270 3549 τὸ
1301 3499 1360 3550 ὲν
1397 3497 1531 3566 ἡμῖν
1585 3496 1855 3565 ἐπιθυμη-

291 3590 424 3640 τικὸν
448 3590 544 3643 καὶ
574 3588 891 3654 θυμοειδὲς,
955 3587 1024 3640 τά
1073 3587 1178 3641 ὑπ’
1225 3585 1448 3656 ἐξουσίᾳ
1485 3583 1581 3637 τοῦ
1606 3583 1849 3652 λογικοῦ,

292 3681 373 3734 καὶ
391 3680 575 3749 ὥσπερ
601 3679 929 3732 συνοικοῦσα
957 3679 1191 3745 τούτοις,
1216 3677 1405 3747 ὥσπερ
1438 3676 1516 3748 τῷ
1550 3672 1664 3747 Ἦρ
1693 3679 1724 3746 ὴ
1749 3676 1857 3728 Θά·

293 3791 414 3842 μαρ,
449 3777 542 3827 καὶ
565 3772 649 3841 τῷ
676 3773 873 3826 ’Δῦνᾶν
897 3773 1139 3834 θανατοῖ,
1173 3771 1271 3826 καὶ
1324 3771 1518 3823 θάπτει
1565 3770 1736 3822 ταῦτα
1775 3771 1856 3832 είς

289 3864 505 3932 ἀλογίαν
538 3867 881 3935 μετάγουσα.
911 3858 1044 3917 Εῐτα
1068 3863 1190 3917 κατ’
1216 3862 1383 3916 αὐτοῦ
1411 3861 1504 3917 τοῦ
1537 3862 1655 3923 νοὸς
1687 3878 1855 3932 στρα-

288 3955 511 4022 τεύεται,
539 3958 638 4011 καὶ
665 3956 1038 4009 ὑποσαίνουσα
1065 3954 1144 4025 τῷ
1175 3954 1315 4024 νόθῳ
1344 3954 1530 4008 κάλλει
1552 3953 1750 4024 χρῆται
1780 3951 1856 4022 τῷ

289 4049 575 4120 οίκέτῃ,ὼς
609 4047 932 4118 μαστροπῷ.
959 4048 1056 4115 Είη
1073 4046 1117 4098 δ’
1142 4047 1208 4099 ἂν
1237 4045 1332 4100 τοῦ
1347 4047 1466 4109 νοὸς
1479 4047 1700 4114 οἰκέτης
1715 4048 1750 4114 ἡ
1769 4045 1856 4099 αί-

288 4139 494 4208 σθησις,
511 4141 583 4192 δι’
605 4135 676 4212 ἦς
692 4143 758 4209 τῇ
779 4138 1026 4210 ἁμαρτίᾳ
1053 4138 1446 4210 συμπλέκεται,
1469 4139 1696 4209 προδοὺς
1721 4137 1858 4208 πρά-

286 4234 548 4304 τερονζτὴν
569 4233 790 4305 ῥάϐδον,
817 4236 909 4286 καὶ
921 4232 1020 4302 τὴν
1035 4231 1235 4302 ζώνην,
1276 4231 1371 4285 καὶ
1401 4231 1492 4284 τὸν
1548 4229 1856 4291 δακτύλιον,

286 4325 422 4395 ἅπερ
439 4325 572 4396 παρ’
591 4325 751 4395 ἡμῶν
773 4325 942 4378 κακία
964 4327 1150 4392 ζητεῖ·
1188 4324 1522 4393 δουλαγωγεῖ
1545 4324 1652 4390 γὰρ
1684 4324 1856 4393 ἡμᾶς,

287 4415 357 4477 ὼς
378 4416 656 4486 βούλεται,
704 4417 908 4469 τούτων
937 4415 1298 4484 γυμνώσασα.
1341 4417 1408 4468 Ἠ
1448 4415 1546 4486 μὲν
1575 4415 1668 4468 οὖν
1712 4414 1857 4484 ζώνη

286 4510 464 4580 ἐπειδὴ
481 4509 886 4579 συσφίγγειτὴν
902 4510 1094 4578 ὀσφὺν,
1109 4510 1202 4562 καὶ
1216 4510 1528 4564 ἀναστέλλει
1539 4509 1859 4582 ὁιαρρέοντα

1877 3283 1919 3340 C

2004 568 2229 622 Planum
2259 569 2422 634 igitur
2444 578 2525 622 est
2548 583 2645 638 per
2665 584 2782 623 eam
2815 573 3189 627 adumbratam
3220 574 3512 630 Ecclesiam
3609 572 3614 580 ’

1937 663 2199 731 εοιιιιῖιιηι.
2258 661 2462 717 Gentes
2513 661 2656 715 enim
2721 665 2915 731 partim
2977 665 3262 729 atheismo,
3319 671 3513 734 partim

1939 752 2251 811 idololatriae
2275 752 2461 806 morbo
2483 751 2709 814 affectae,
2730 763 2782 806 et
2797 753 2909 823 86
2927 754 3135 815 ﬁdei.et
3151 755 3263 820 eius
3284 771 3401 824 quae
3422 773 3511 813 se-

1935 844 2167 902 cundum
2225 844 2384 900 ﬁdem
2419 852 2522 907 est,
2553 841 2776 912 iustitiae
2832 860 3013 899 semen
3061 861 3158 915 per
3201 862 3438 912 errores,
3463 857 3516 903 et

1936 936 2216 1005 passiones
2271 950 2436 999 suas,
2505 935 2652 990 velut
2702 935 2755 988 in
2817 945 3013 988 terram
3089 939 3517 1007 pro‘l’uudentcs,

1937 1031 2226 1096 inaratum,
2251 1029 2618 1098 incultumque
2645 1044 2833 1099 agrum
2857 1028 3112 1083 Ecclesia:
3131 1029 3517 1095 destituerunt,

1940 1121 2126 1176 Postea
2161 1135 2285 1174 vero
2320 1135 2479 1188 quam
2526 1119 2728 1174 nullum
2753 1135 2818 1174 ex
2845 1119 2930 1174 his
2963 1120 3195 1175 fructum
3246 1125 3516 1192 excerpsit

1941 1211 2200 1270 Ecclesia,
2234 1225 2355 1265 eum
2391 1210 2634 1272 abstulit,
2668 1210 2757 1276 qui
2786 1225 2849 1262 ex
2879 1209 3014 1263 Juda
3047 1219 3164 1271 est;
3197 1212 3306 1265 seis
3337 1221 3515 1266 autem

1937 1303 2156 1357 omnino
2183 1318 2246 1356 ex
2278 1301 2424 1356 Iudae
2478 1302 2616 1355 tribu
2657 1301 2940 1355 Dominum
2995 1313 3173 1355 ortum
3205 1319 3343 1358 esse.
3381 1304 3514 1358 Cum

1936 1408 2063 1448 vero
2113 1393 2394 1447 audiamus
2433 1391 2622 1446 ludam
2653 1392 2716 1446 ad
2744 1393 2887 1447 ovile
2939 1393 3239 1462 profectum
3276 1410 3371 1462 per
3417 1397 3520 1449 itrr

1937 1485 2255 1542 convenisse
2300 1501 2423 1540 cum
2460 1485 2721 1549 Thamar,
2753 1500 2822 1540 ne
2849 1499 3180 1554 evagemur;
3221 1486 3343 1542 hinc
3370 1487 3512 1540 enim

1939 1579 2109 1648 magis
2147 1578 2318 1633 series
2349 1577 2620 1645 allegoriae
2673 1576 2965 1646 colligitur.
3011 1577 3225 1631 Etenim
3265 1587 3420 1631 natus
3450 1593 3513 1632 ex

1937 1669 2071 1724 Iuda
2104 1669 2352 1726 Christus
2407 1670 2746 1739 potissimum
2797 1670 3015 1739 quidem
3045 1671 3109 1724 ad
3144 1685 3271 1725 oves
3319 1670 3513 1725 donius

1938 1762 2104 1818 Israel
2176 1762 2372 1816 missus
2427 1770 2530 1826 est,
2578 1770 2636 1815 ut
2681 1760 2797 1831 ipse
2845 1761 3017 1829 dixit;
3080 1763 3174 1816 sed
3233 1777 3328 1830 per
3379 1763 3518 1815 viam

1938 1857 2164 1910 salutem
2200 1854 2441 1926 gentium
2479 1863 2734 1920 operatus
2775 1863 2876 1909 est.
2929 1853 3092 1909 Vides
3141 1855 3218 1907 uti
3263 1855 3520 1923 allegoria

1943 1946 2184 2002 historia;
2247 1947 2515 2001 conciliat.
2578 1945 2785 2011 Accipit
2836 1945 3000 2013 igitur
3056 1943 3303 1999 Ecclesia
3363 1945 3520 2009 quasi

1944 2040 2199 2095 annulum
2244 2040 2605 2094 arrhabonem
2643 2037 2788 2101 ﬁdei,
2823 2047 2879 2092 et
2931 2038 3234 2092 obscuratae
3274 2037 3526 2104 imaginis

1945 2132 2370 2192 renovationem.
2421 2147 2584 2202 quam
2631 2130 2868 2186 ostendit
2922 2130 3056 2200 pulse
3113 2129 3280 2198 ipsius
3339 2128 3524 2182 annuli

1947 2224 2227 2287 caelatura,
2259 2233 2314 2277 et
2342 2223 2634 2293 cingulum,
2683 2220 2826 2290 quod
2856 2235 2974 2276 eam
3004 2219 3260 2288 incingat,
3298 2219 3400 2272 hoc
3439 2223 3525 2272 est

1946 2315 2200 2369 virtutem
2260 2314 2588 2382 evangelica:
2640 2314 2860 2384 gratim;
2897 2321 2950 2366 et
2983 2312 3252 2374 baculum,
3307 2324 3523 2363 crucem

1949 2406 2092 2470 dico,
2145 2418 2238 2473 per
2286 2419 2447 2473 quam
2507 2402 2778 2468 fulcimur,
2836 2411 2894 2457 ιιι
2941 2412 3148 2456 stemus
3197 2404 3248 2454 iu
3281 2401 3420 2462 ﬁde;
3471 2408 3529 2453 et

1950 2513 2112 2553 canes
2173 2497 2329 2552 nobis
2381 2496 2716 2550 oblatrantes
2769 2510 3039 2556 arcemus.
3069 2505 3124 2550 et
3151 2494 3202 2547 iu
3233 2509 3341 2548 uno
3375 2501 3529 2546 utero

1951 2586 2146 2640 animae
2178 2586 2316 2640 ﬁlios
2360 2586 2604 2657 geminos
2633 2586 2800 2653 parit,
2838 2593 3040 2640 rectam
3091 2582 3248 2638 ﬁdem
3276 2592 3332 2637 et
3358 2582 3529 2636 bono-

1953 2692 2070 2730 rum
2107 2689 2328 2743 operum
2359 2674 2775 2730 conscientiam.

2021 2859 2172 2926 Quod
2205 2860 2247 2913 si
2284 2859 2337 2912 in
2379 2858 2636 2912 moralem
2689 2854 3179 2912 considerationem
3213 2863 3532 2908 convertere

1952 2952 2234 3010 historiam
2288 2966 2424 3019 opus
2463 2949 2570 3011 sit,
2617 2949 2747 3006 hinc
2791 2948 2955 3002 etiam
3017 2955 3201 3015 aperte
3249 2946 3528 3005 docemur,

1952 3044 2094 3115 quod
2141 3044 2347 3098 scilicet
2376 3041 2597 3111 pulchra
2628 3041 2716 3095 illa
2743 3039 3003 3105 Thamar,
3034 3054 3156 3109 quae
3199 3039 3532 3093 Amaritudi-

1955 3152 2068 3188 nem
2117 3135 2229 3205 (47)
2264 3149 2362 3190 suo
2395 3134 2612 3188 nomine
2665 3132 2883 3202 signat,
2932 3131 3153 3186 denotat
3207 3131 3530 3198 voluptatem

1956 3224 2238 3294 pulchram
2271 3222 2490 3292 quidem
2542 3229 2784 3292 aspectu,
2825 3229 2880 3277 et
2910 3230 3127 3291 gustatu
3177 3219 3413 3279 dulcem.
3439 3219 3531 3272 sed

1955 3331 2197 3370 amaram
2224 3316 2276 3369 in
2306 3315 2597 3381 digerendo
2625 3331 2638 3367 :
2667 3312 2826 3369 melle
2855 3313 2999 3378 enim
3025 3311 3286 3366 distillant
3317 3311 3539 3364 malitiae

1954 3413 2118 3472 labia,
2174 3411 2316 3480 quod
2371 3409 2426 3464 in
2477 3409 2600 3464 bilis
2652 3408 3068 3464 amaritudinem
3129 3407 3352 3463 desinit.
3409 3407 3532 3463 ηενρ

1956 3505 2116 3574 igitur
2162 3502 2408 3572 voluptas
2447 3500 2714 3570 principio
2765 3499 2981 3570 quidem
3036 3499 3451 3566 concupiscendi
3483 3510 3535 3547 et

1954 3596 2220 3650 irascendi
2255 3594 2542 3650 facultates
2579 3595 2777 3650 rationi
2805 3595 3080 3664 subjectas
3111 3594 3357 3648 adsciscit
3385 3592 3486 3646 sibi
3519 3635 3534 3657 ,

1956 3696 2154 3740 etcum
2189 3686 2292 3740 illis
2328 3701 2688 3741 consuescens
2719 3687 2794 3739 uti
2830 3701 2951 3741 cum
2979 3684 3052 3738 Er
3084 3695 3140 3740 et
3168 3684 3353 3754 Aynau
3391 3683 3536 3736 Tha-

1959 3793 2076 3831 mar
2105 3793 2199 3832 eas
2232 3779 2450 3841 occidit,
2483 3794 2546 3833 ac
2577 3779 2791 3849 sepelit.
2840 3778 2972 3832 Cum
3024 3777 3220 3830 avertit
3244 3792 3271 3827 a
3305 3775 3532 3833 ratione.

1958 3881 2139 3938 postea
2195 3880 2427 3925 utentem
2470 3871 2638 3940 ipsam
2701 3869 3029 3938 aggreditur,
3064 3876 3120 3921 et
3151 3865 3372 3919 mentita
3417 3864 3527 3931 pul-

1957 3963 2267 4017 chritudine
2322 3962 2549 4016 illicicns
2600 3959 2858 4014 famulum
2896 3958 3136 4018 adhibet,
3181 3965 3236 4008 ut
3270 3957 3534 4010 lenonem.

1957 4052 2128 4106 Porro
2160 4061 2339 4106 autem
2371 4050 2571 4105 mentis
2622 4048 2851 4104 famulus
2884 4061 3074 4102 sensus
3121 4054 3226 4111 est,
3255 4060 3351 4114 per
3377 4058 3536 4114 quem

1959 4154 2182 4215 peccato
2220 4143 2465 4198 irretitur
2507 4141 2726 4197 tradens
2775 4150 2901 4196 ante
2948 4139 3222 4202 baculum,
3258 4148 3310 4191 et
3349 4137 3541 4206 cingu-

1958 4233 2090 4299 lum,
2136 4242 2190 4288 et
2241 4231 2498 4286 annulum
2529 4269 2544 4292 ,
2597 4243 2719 4299 qua;
2745 4244 2772 4281 a
2806 4228 2965 4282 nobis
3018 4227 3252 4296 nequitia
3295 4224 3536 4292 ﬂagitat.

1959 4326 2118 4381 simul
2169 4325 2310 4379 enim
2344 4337 2406 4378 ac
2453 4322 2561 4377 illis
2611 4336 2708 4378 nos
2751 4319 3016 4391 spoliarit,
3052 4335 3152 4374 suo
3192 4320 3454 4374 arbitratu
3487 4320 3537 4372 in

1960 4419 2270 4471 servitutem
2306 4413 2525 4481 redigit.
2554 4411 2699 4466 Zona
2728 4411 2992 4480 siquidem
3035 4409 3289 4480 quoniam
3326 4409 3542 4463 lumbos

1961 4509 2260 4579 praecingit,
2298 4516 2354 4562 et
2402 4505 2638 4561 tunicam
2694 4504 3020 4561 diiﬂnentem
3069 4503 3120 4558 in
3168 4503 3235 4557 iis
3278 4501 3538 4556 continet.

286 4599 372 4652 τὸν
385 4602 596 4671 χιτῶνα
617 4603 709 4655 ἐπὶ
729 4603 827 4671 τὴν
857 4601 994 4667 ἰξὺν,
1019 4601 1280 4671 σημαίνει
1301 4601 1356 4654 δὲ
1399 4601 1461 4653 τὸ
1490 4600 1744 4672 σώφρονα
1768 4600 1850 4653 λο-

1964 4600 2332 4669 temperantiae
2374 4597 2640 4668 signiﬁcat
2684 4597 3062 4667 cogitationes,
3099 4609 3195 4663 per
3223 4608 3358 4660 quas
3388 4606 3543 4645 coer-

285 4693 500 4763 γισμδν,
524 4693 608 4747 δι’
635 4685 695 4746 οὗ
724 4695 827 4763 ἦτε
851 4693 1230 4762 ἁπολαυστικὴ
1276 4691 1371 4746 τοῦ
1419 4692 1536 4762 βίου
1591 4693 1860 4761 χαυνζτης

290 4785 662 4848 συστέλλεται,
701 4786 859 4855 καὶὴ
898 4785 972 4855 μὴ
1035 4783 1324 4854 πρέπουσα
1366 4783 1474 4837 τῶν
1504 4783 1720 4851 νεφρῶν
1762 4801 1860 4836 συ-

287 4878 578 4944 σφίγγεται
626 4878 895 4948 πύρωσις.
939 4878 1142 4930 Τοῦτον
1169 4875 1262 4929 τὸν
1311 4876 1570 4945 σώφρονα
1598 4874 1864 4947 λογισμὸν

290 4967 608 5039 ἀφαιροῦσα
646 4971 678 5040 ἠ
714 4969 901 5040 ἡδονὴ,
934 4971 994 5022 τὸ
1021 4968 1116 5022 τοῦ
1146 4967 1266 5031 νοὸς
1296 4966 1569 5036 ἀνδρῶδες
1618 4965 1866 5035 ἐξίτηλον

288 5061 689 5130 ἀπεργάζεται,
722 5063 866 5116 ὥστε
899 5061 1190 5133 προδοῦναι
1215 5062 1311 5114 καὶ⁹
1348 5059 1448 5130 τὴν
1480 5057 1576 5113 τοῦ
1623 5057 1864 5112 συνειδό-

287 5167 374 5216 τος
392 5153 733 5226 ἐλευθερίαν,
757 5155 824 5224 ἢν
852 5154 1196 5207 αἰνίττεταιὸ
1216 5152 1522 5215 δακτύλιος,
1546 5150 1642 5204 καὶ
1669 5149 1869 5204 ἀπολέ-

1965 4701 2116 4746 cetur
2171 4689 2506 4745 delectabilis
2561 4689 2686 4744 vitm
2739 4688 2920 4751 luxus,
2961 4695 3235 4741 etrenum
3287 4680 3542 4735 indecens

1967 4785 2126 4839 ardor
2178 4782 2578 4854 comprimitur.
2636 4781 2783 4836 Hanc
2842 4777 3210 4847 temperantia:
3274 4775 3538 4828 rationem

1964 4873 2208 4927 adimens
2255 4872 2498 4939 voluptas
2525 4870 2636 4940 87
2659 4869 2906 4923 debilitat
2927 4866 3121 4921 mentis
3145 4865 3310 4919 robur
3331 4904 3346 4928 ,
3376 4863 3446 4917 ita
3481 4874 3540 4914 ut

1963 4962 2125 5017 etiam
2143 4961 2479 5017 nobilitatem
2498 4959 2838 5015 conscientiae
2857 4957 3068 5028 prodat,
3088 4955 3234 5026 quod
3257 4954 3548 5009 adumbrat

1965 5055 2237 5119 annulus,
2293 5063 2348 5109 et.
2399 5055 2610 5123 signum
2673 5051 2925 5123 imaginis
2981 5049 3191 5118 penlat.
3244 5048 3398 5115 Quod
3451 5062 3544 5116 per

1965 5147 2295 5216 sculpturam
2328 5145 2379 5199 in
2413 5145 2530 5215 pala
2581 5143 2762 5198 annuli
2813 5143 2926 5213 (48)
2959 5141 3153 5197 factam
3200 5140 3544 5210 exprimitur.

1522 5296 1839 5360 Francisci
1873 5294 2078 5357 Scorsi
2115 5301 2303 5356 noue.

353 5429 468 5498 (47)
505 5433 637 5496 Qun:
659 5430 1086 5483 ammitudiuem.
1117 5428 1186 5482 [δικ
1222 5427 1404 5498 radice
1424 5435 1577 5487 ἾἾῚΞ.
1610 5425 1750 5492 quod
1783 5432 1866 5498 εδει

286 5493 632 5564 «inarescere,
689 5503 907 5560 tit-nan
969 5513 1160 5551 nomen
1221 5496 1624 5551 lleemauticum
1653 5509 1750 5563 per
1772 5493 1866 5545 de-

289 5563 626 5624 tractionem
657 5570 816 5624 unius
870 5569 1140 5633 radicalis,
1175 5578 1230 5621 ct
1270 5566 1598 5619 additionem
1655 5563 1868 5618 servilis

285 5652 342 5698 η.
377 5639 486 5693 Alii
525 5639 1002 5708 Thamarpalmam
1041 5638 1482 5708 interpretantur.

355 5711 473 5780 (£8)
507 5708 717 5780 lupata
759 5700 962 5766 annuli.
1019 5700 1218 5763 Aunuli
1265 5706 1382 5777 pala
1431 5713 1514 5760 cst
1577 5700 1872 5772 pars~cjus

1972 5420 2130 5490 plana
2165 5429 2218 5471 et
2245 5417 2433 5490 latior,
2458 5417 2510 5490 in
2542 5415 2819 5490 quaaan
2854 5408 3550 5490 w-teresnsigillitmexscul-

1976 5477 2152 5558 ittunt,
2178 5489 2331 5558 apud
2366 5477 2479 5558 nos?
2501 5477 3016 5558 inseritu'rgemma.
3048 5477 3550 5558 Cic._.de_fahuloso

1976 5548 2175 5614 annulo
2205 5548 2368 5626 Cygis
2392 5574 2404 5609 :
2431 5555 2512 5609 lbi
2539 5571 2657 5609 cum
2686 5556 2857 5626 mtth
2881 5548 3202 5626 ejusaunuli
3225 5552 3291 5601 ad
3322 5549 3549 5626 palmam

1977 5618 2314 5690 converteret:
2367 5645 2399 5680 a
2444 5626 2590 5679 nullo
2651 5618 2936 5690 videbatur.
2993 5622 3102 5690 ipse
3163 5631 3335 5690 autem
3374 5618 3549 5690 cornici

1980 5698 2203 5754 videbat.
2259 5686 2332 5751 Ea
2391 5695 2649 5767 c;av66vq
2711 5686 2936 5750 Graecis:
2990 5688 3138 5745 Unde
3195 5689 3337 5744 inter
3381 5686 3551 5742 cilicia
