3974 6200
306 276 417 341 εισι

1504 272 1994 332 THEOPHANIS
2028 271 2371 332 CERAMEI

3451 261 3587 324 33?.-

310 393 645 457 deuotahot,
691 392 831 461 quod
868 391 1066 442 bonum
1107 403 1241 443 sane
1276 388 1659 454 jndiciocirca
1692 389 1889 440 bonum

2018 387 2136 450 :ia;,
2161 387 2220 437 ού
2255 385 2476 437 δύναται
2515 382 2643 435 ἰδεῖν
2674 380 2764 434 τὸν
2786 380 2920 434 Θεόν
2951 398 2965 414 ο
2996 381 3044 434 εἰ
3077 380 3134 434 δὲ
3160 381 3259 450 τῆς
3290 378 3570 447 ἁμαρτίας

310 486 514 540 erranti
544 485 780 543 videtur,
828 497 884 535 re
924 490 1100 533 autem
1142 496 1291 544 vera,
1328 481 1526 535 malum
1558 489 1679 545 est;
1725 481 1803 533 sic
1835 489 1888 531 et

315 577 432 641 ipsa
468 584 782 641 sycomorea
834 569 1010 630 planta
1062 567 1195 622 ficus
1229 569 1444 636 quidem
1498 569 1899 638 apparet'(60l,,

322 670 376 711 et
414 671 587 712 tamen
626 656 797 725 reipsa
849 657 982 711 ﬁcus
1031 674 1132 711 non
1184 667 1286 714 est.
1336 658 1469 711 Dum
1509 659 1670 726 igitur
1704 658 1891 714 subter

1994 475 2303 544 ύπεραρθῇ.
2336 473 2431 527 καὶ
2454 472 2719 541 κρείττων
2744 471 2949 541 ταύτης
2986 471 3151 542 ὀφθῇ.
3194 471 3298 539 ὁρᾷ
3326 470 3421 523 τὸν
3455 486 3572 536 φω-

1994 566 2219 636 τοδότην
2272 564 2500 632 Ἰησοῦν.
2538 564 2637 634 τὴν
2681 564 2855 626 ὅντως
2895 564 3172 633 σωτηρίαν
3204 562 3572 632 ὲκφωνοῦσαν

1995 659 2143 728 αὐτῷ
2167 677 2179 690 °
2221 678 2238 711 ι
2277 659 2524 729 Σήμερον
2557 657 2802 729 σωτηρία
2824 657 2900 727 τῷ
2933 656 3070 726 οίκῳ
3110 674 3226 711 σου.
3263 675 3282 710 ι

315 765 709 821 sycomoream,
735 752 836 805 hoc
867 763 947 805 est
975 753 1167 807 subter
1206 764 1486 822 peceatum
1548 755 1813 824 quispiam
1876 755 1967 819 sit,
2012 756 2177 810 Deum
2214 756 2396 809 videre
2431 772 2535 807 non
2574 764 2752 822 potest
2787 772 2800 807 :
2835 755 2877 808 si
2924 770 3053 808 vero
3091 772 3151 810 se
3179 771 3346 823 supra
3380 768 3581 823 pecca-

315 854 427 896 tum
464 844 659 910 elevet,
700 855 754 899 et
784 847 1034 912 superior
1066 845 1155 899 illo
1186 847 1451 911 videatur,
1482 845 1587 913 iam
1621 846 1883 915 conspicit
1920 846 2057 901 lucis
2094 847 2337 900 datorem
2383 843 2595 911 Jesum,
2630 853 2686 900 et
2744 859 2893 907 eum,
2925 846 3016 913 qui
3088 855 3174 900 est
3219 859 3344 898 vera
3392 844 3575 906 Salus,

316 938 585 992 dicentem
618 938 719 992 sibi
753 958 767 992 :
804 958 821 990 ‹
849 937 1023 994 Hodie
1053 939 1196 993 salus
1224 939 1401 993 domui
1443 950 1545 994 tuae
1569 939 1712 995 facta
1739 950 1872 995 εει.»

394 1051 414 1083 ι
436 1029 752 1098 Suspiciens
780 1031 920 1083 enim
940 1029 1117 1094 Jesus,
1139 1030 1334 1097 inquit,
1351 1030 1483 1084 vidit
1510 1030 1679 1097 Illum,
1699 1040 1754 1084 et
1779 1030 1890 1084 ait:

318 1122 601 1187 Zacchme,
647 1120 907 1177 festinans
949 1122 1234 1187 descende,
1261 1123 1383 1188 quia
1426 1122 1584 1175 hodie
1633 1122 1685 1175 in
1732 1123 1896 1176 domo

322 1228 410 1270 tua
454 1225 673 1283 oportet
723 1231 806 1268 me
839 1230 1081 1269 manere.
1115 1235 1133 1267 ι
1170 1214 1214 1269 Ο
1247 1216 1460 1268 beatam
1494 1230 1704 1278 vocem,
1730 1231 1891 1283 quam

324 1311 616 1364 Zacchteus
648 1308 892 1370 audivit;
946 1324 978 1360 ο
1023 1309 1256 1361 divinam
1292 1309 1342 1362 in
1380 1309 1624 1362 homines
1651 1308 1893 1377 benigni-

323 1412 494 1453 tatem
523 1439 538 1463 ,
587 1416 707 1466 quae
758 1401 1025 1476 publicani
1083 1401 1240 1453 fidem
1283 1402 1563 1456 celeritate
1615 1401 1894 1468 pnevenit.

325 1489 497 1542 Simul
530 1490 675 1542 enim
726 1505 848 1543 eum
886 1490 1019 1543 vidit
1055 1489 1330 1557 paululum
1372 1506 1401 1543 e
1451 1491 1682 1543 terrenis
1717 1489 1901 1543 subla-

329 1592 462 1642 tmu,
500 1583 564 1633 ad
607 1597 665 1633 se
692 1591 844 1633 vocat
882 1582 1154 1635 hominem
1189 1582 1482 1649 perditum,
1516 1581 1761 1635 fiduciam
1791 1583 1901 1633 im-

328 1674 562 1740 pertiens
594 1672 694 1737 illi,
725 1675 812 1740 qui
854 1674 1001 1742 loqui
1042 1689 1148 1726 non
1191 1674 1443 1728 audebat.
1483 1674 1573 1728 Sic
1597 1684 1653 1729 et
1686 1675 1737 1727 in
1769 1690 1898 1743 pro-

2079 1045 2097 1079 ι
2138 1026 2469 1095 ’Δναϐλέψας
2496 1027 2628 1097 γὰρ,
2671 1026 2860 1095 φησὶν,
2891 1027 2920 1078 ὁ
2971 1023 3183 1093 Ἰησοῦς
3215 1020 3355 1076 εἶδεν
3380 1024 3576 1089 αὐτὸν,

2003 1119 2094 1171 καὶ⁵
2135 1113 2259 1171 εἷπε
2294 1133 2308 1147 ⁸
2362 1120 2625 1188 Ζακχαῖε,
2663 1116 2905 1179 σπεύσας
2956 1115 3229 1186 κατάϐηθι
3266 1131 3281 1145 ο
3335 1120 3584 1187 σήμερον

2002 1212 2112 1283 γὰρ
2140 1211 2304 1281 ὲν⁰τῷ
2348 1211 2484 1281 οἴκῳ
2513 1229 2605 1263 σου
2638 1211 2719 1263 δεῖ
2764 1226 2834 1279 με
2887 1211 3086 1277 μεῖναι.
3125 1227 3146 1259 ι
3181 1205 3255 1261 Ὠ
3295 1210 3584 1279 μακαρίας

2004 1307 2207 1375 φωνῆς,
2232 1300 2297 1376 ἦς
2319 1304 2347 1353 ὁ
2377 1305 2644 1372 Ζακχαῖος
2686 1301 3031 1370 ὑπήκουσενὲ
3063 1296 3134 1352 Ὠ
3170 1301 3356 1369 Θεῖκῆς
3388 1302 3585 1368 φιλαν-

2005 1394 2250 1466 θρωπίας
2304 1394 2588 1463 φθασάσης
2623 1396 2688 1461 τῇ
2741 1392 3007 1461 ταχύτητι
3062 1390 3154 1444 τοῦ
3196 1391 3429 1444 τελώνου
3481 1393 3585 1460 τὴν

1979 1488 2222 1540 minui!
2263 1486 2436 1554 Ὀμοῦ
2464 1485 2571 1557 γὰρ
2617 1482 2758 1537 εἶδεν
2792 1484 2954 1537 αὑτὸν
2989 1485 3189 1554 μικρὸν
3234 1484 3343 1538 τῶν
3373 1486 3587 1554 γηΐνων

2006 1579 2410 1648 ὑπεραρθέντα,
2440 1579 2535 1631 καὶ
2563 1577 2955 1648 προσκαλεῖται
3000 1575 3092 1629 τὸν
3118 1575 3459 1640 ἀπολωλότα,
3489 1578 3591 1629 καὶ

2009 1669 2331 1737 μεταδίδωσι
2368 1667 2603 1737 θάρσους
2648 1666 2724 1735 τῷ
2771 1666 3206 1735 ἁπαρρησιάστῳ
3246 1680 3260 1694 ·
3297 1664 3439 1718 οὕτω
3491 1665 3591 1719 καὶ

328 1766 508 1830 dignm
541 1764 706 1817 ﬁlium
744 1781 807 1819 se
851 1766 1040 1833 gessit.
1075 1764 1176 1820 Ubi
1212 1781 1333 1819 eum
1370 1766 1503 1820 vidit
1544 1781 1572 1820 a
1615 1783 1900 1837 porcorum

2018 1761 2080 1831 τῷ
2125 1759 2319 1828 ἀσώτῳ
2366 1761 2527 1811 ποιεῖ.
2575 1757 2742 1827 Ὁμοῦ
2790 1774 2848 1809 τε
2898 1752 3013 1809 εἷδε-
3052 1757 3142 1809 τὸν
3188 1756 3421 1827 χοιρώδη
3466 1757 3587 1825 βίον

329 1856 579 1909 coovictu
625 1855 956 1923 seiunctum,
999 1867 1053 1912 et
1101 1858 1166 1912 ad
1226 1867 1506 1927 paternatn
1550 1859 1765 1919 domum
1816 1874 1907 1913 re-

331 1961 571 2008 versum,
609 1947 767 2015 longe
794 1947 1008 2000 obviam
1038 1962 1343 2003 occurrens
1369 1949 1684 2018 complexus
1714 1958 1817 2013 est,
1852 1960 1908 2003 et

332 2038 527 2090 collum
552 2039 853 2093 osculatus.
875 2038 1020 2093 Talis
1044 2051 1128 2095 est
1148 2039 1404 2095 Dominus
1421 2051 1635 2097 noster:
1661 2042 1909 2110 quamvis

333 2131 605 2185 sexcentis
665 2131 896 2184 maculis
948 2131 1119 2185 notati
1181 2135 1384 2195 simus,
1446 2132 1692 2200 quamvis
1742 2132 1906 2187 oblita

333 2238 494 2277 emno
522 2224 595 2276 sit
630 2223 736 2276 vita
781 2235 1000 2289 nostra;
1034 2223 1078 2278 si
1117 2225 1280 2278 modo
1308 2237 1614 2293 promptum
1651 2227 1908 2280 ostende-

336 2315 506 2367 rimus
561 2316 825 2375 animum.
891 2324 945 2369 et
1005 2331 1164 2371 unam
1229 2318 1561 2385 pmniteutia:
1617 2318 1911 2389 laerymam

336 2408 623 2471 stillemus,
656 2408 843 2462 statim
881 2408 1074 2477 recipit
1122 2424 1220 2463 nos
1261 2411 1312 2463 iu
1351 2412 1502 2464 ulnas
1533 2426 1682 2472 suas,
1709 2420 1757 2464 et
1794 2410 1911 2478 pla-

339 2499 568 2553 cabilem
623 2514 778 2555 suam
830 2508 1079 2555 naturam
1128 2504 1386 2566 ostendit,
1418 2514 1471 2555 et
1514 2502 1909 2571 praeteritorum

336 2592 579 2646 omnium
609 2603 956 2661 peccatorum
989 2593 1353 2648 obliviscitur.
1393 2593 1500 2650 Sed
1533 2594 1909 2651 revertendum

339 2680 480 2734 unde
508 2682 733 2750 digressi
767 2696 988 2737 sumus:
1030 2700 1048 2734 ι
1074 2680 1360 2747 Zaccbaae,
1396 2683 1667 2738 festinans
1689 2685 1913 2739 descen-

339 2774 425 2829 de.
464 2791 485 2827 ι
549 2774 699 2827 Nunc
751 2790 878 2830 vere
936 2776 1232 2830 Zacchzeus
1270 2778 1517 2839 evasisti.
1574 2792 1721 2832 nunc
1773 2777 1910 2832 facta

334 2865 546 2919 nomini
585 2881 824 2934 congrua
860 2867 1172 2920 ostendisti.
1215 2867 1510 2923 Zaccltmus
1540 2874 1707 2930 enim,
1735 2869 1914 2924 victo-

342 2971 454 3010 rem
514 2957 563 3009 vi
622 2957 857 3009 nominis
905 2957 1018 3027 (61)
1066 2958 1281 3025 signat;
1329 2975 1475 3013 nunc
1529 2961 1694 3029 igitur
1742 2962 1914 3015 victor

342 3047 541 3102 diceris
567 3060 908 3115 peccatorum
929 3048 1271 3114 uZacchree,
1297 3049 1563 3106 festinans
1590 3053 1907 3116 descende,»

342 3154 512 3206 quare
548 3138 960 3196 festinationem
992 3142 1278 3212 adjungit?
1311 3143 1378 3198 Ut
1409 3144 1585 3197 discas
1620 3161 1723 3198 non
1754 3161 1914 3211 opor-

347 3240 460 3285 tere
493 3231 799 3287 socorditer
832 3242 885 3286 et
915 3233 1272 3303 negligenter,
1311 3236 1405 3288 sed
1435 3235 1604 3289 alacri
1642 3244 1918 3305 prompto-

348 3332 456 3385 que
486 3319 667 3373 studio
698 3318 905 3388 ingredi
945 3320 1051 3391 91
1093 3323 1234 3376 viam
1280 3324 1515 3379 virtutis.
1553 3323 1725 3379 Fluxa
1773 3326 1915 3380 enim

346 3418 433 3463 est
469 3411 573 3463 vita
606 3421 810 3475 nostra,
847 3416 1092 3482 adeoque
1120 3424 1334 3481 oportet
1380 3416 1445 3467 ad
1496 3416 1695 3471 booum
1725 3433 1917 3486 capes~

348 3503 572 3554 seudum
602 3517 702 3556 nos
725 3501 1005 3568 festinare,
1027 3504 1157 3559 dum
1180 3506 1283 3561 hoc
1304 3506 1545 3576 corporis
1575 3508 1919 3562 tabernaculo

348 3593 685 3648 circututemi
726 3611 932 3649 sumus.
972 3594 1077 3650 Sed
1111 3597 1255 3651 enim
1310 3597 1522 3652 videtur
1573 3599 1677 3652 hoc
1718 3600 1917 3653 dictum

351 3684 550 3738 tradito
581 3700 611 3739 a
643 3685 801 3742 nobis
848 3687 1140 3741 intellectui
1181 3689 1460 3744 adversari
1497 3691 1918 3758 quodammodO.

350 3776 406 3828 Si
466 3777 610 3829 enim
682 3779 1000 3842 praclarum
1059 3779 1318 3834 Zacchzco
1388 3782 1486 3836 fuit
1548 3797 1918 3854 sycomoream

348 3871 643 3924 ascendere
679 3872 730 3939 (a
762 3873 992 3927 terrenis
1034 3875 1233 3941 quippe
1284 3874 1562 3939 sublatus,
1600 3884 1649 3927 ct
1701 3886 1921 3944 peccato

348 3964 599 4030 superior
628 3964 803 4019 factus
827 3966 961 4035 est),
986 3982 1089 4035 qua
1132 3968 1342 4021 ratione
1374 3968 1599 4035 jubetur
1625 3971 1921 4024 descende-
1972 3954 1979 3959 ”

353 4054 451 4109 te?
484 4071 503 4106 ι
543 4053 804 4110 Zacchaee
838 4056 981 4112 enim
1027 4056 1223 4126 inquit,
1278 4056 1541 4112 festinans
1573 4058 1915 4114 descendere

353 4147 472 4212 Quo
522 4159 680 4218 pacto
719 4164 867 4211 eum,
909 4151 998 4217 qui
1054 4151 1190 4205 bene
1234 4153 1575 4217 ascenderat,
1621 4152 1814 4206 incitat
1855 4154 1920 4205 ad

353 4242 830 4297 descendendum?
856 4243 1008 4309 Quod
1034 4245 1099 4298 ad
1128 4244 1446 4300 historicum
1471 4260 1687 4299 sensum
1708 4246 1920 4312 attinet,

350 4330 423 4383 ab
444 4322 646 4384 arbore
665 4345 785 4385 eum
804 4330 1137 4388 descendere
1162 4331 1600 4403 Salvatorjubct,
1627 4335 1920 4403 anagogica

2009 1852 2465 1921 ἀποσεισάμενον,
2498 1851 2593 1903 καὶ
2630 1850 2765 1918 πρὸς
2795 1850 2894 1919 τὴν
2942 1850 3219 1918 πατρικὴν
3259 1850 3447 1903 ἑστίαν
3476 1868 3589 1903 πα-

2006 1946 2466 2016 λινδρομήσαντα,
2516 1945 2612 2005 καὶ
2659 1942 2933 2013 μακρόθεν
2971 1941 3196 2011 δραμὼν
3237 1941 3589 2013 περιεπλάκη

2010 2039 2242 2109 φιλήσας
2271 2039 2362 2091 τὸν
2395 2036 2685 2107 τράχηλον.
2733 2033 2985 2099 Τοιοῦτος
3013 2035 3040 2086 ὁ
3066 2034 3333 2104 ἡμέτερος
3379 2035 3590 2087 Δεσπό-

2008 2147 2109 2200 της
2131 2145 2147 2160 ·
2182 2129 2285 2183 κᾶν
2321 2128 2545 2199 μυρίαις
2587 2128 2773 2196 κηλῖσι
2804 2125 3227 2196 κατεστιγμένοι
3261 2126 3453 2194 ἐσμὲν,
3483 2126 3592 2178 κᾶν

2012 2221 2354 2292 βορϐορώδης
2387 2222 2535 2272 ἐστὶν
2569 2223 2596 2273 ὁ
2628 2219 2740 2290 βίος
2769 2218 2948 2289 ἡμῶν,
2980 2219 3029 2271 εί
3066 2217 3371 2288 προθυμίαν
3420 2220 3593 2287 μόνην

2010 2312 2437 2382 ὲπιδειξαίμεθα,
2466 2314 2562 2366 καὶ
2581 2310 2815 2379 δάκρυον
2843 2309 3241 2380 μεταγνώσεως
3264 2310 3591 2375 ὲπιστάξαι-

2015 2423 2134 2476 μεν,
2163 2405 2326 2465 εὐθὺς
2356 2402 2790 2470 ἐναγκαλίζεται,
2820 2402 2917 2471 τὴν
2954 2401 3085 2453 ἵλεω
3112 2399 3276 2468 φύσιν
3308 2401 3588 2454 ἐνδείκνυ-

2010 2513 2120 2560 ται,
2180 2495 2396 2547 πάντων
2440 2493 2551 2545 τῶν
2603 2492 2885 2564 προτέρων
2937 2490 3382 2544 ἐπιλανθάνεται.
3447 2489 3588 2543 Ἀλλ“

2012 2588 2273 2642 ὲπαντέον
2313 2586 2433 2639 ὅθεν
2468 2585 2757 2655 ἐξέϐημεν.
2797 2603 2815 2637 ι
2848 2587 3107 2654 Ζακχαῖε,
3142 2582 3384 2646 σπεύσας
3419 2584 3592 2636 κατά-

2012 2680 2161 2750 ϐηθι.
2196 2698 2215 2729 ›
2249 2677 2363 2731 Νῦν
2387 2678 2553 2740 ὄντως
2589 2679 2856 2746 Ζακχαῖος
2914 2677 3148 2745 γέγονας
3176 2692 3192 2707 ο
3228 2674 3325 2730 νῦν
3356 2679 3421 2745 τῇ
3454 2675 3592 2742 κλή.

2017 2789 2099 2824 σει
2146 2770 2482 2840 κατάλληλον
2528 2769 2808 2833 ἐπέδειξας
2846 2770 2943 2836 τὴν
2973 2767 3279 2838 ἐνέργειαν.
3325 2769 3596 2838 Ζακχαῖος

2015 2864 2124 2934 γὰρ
2175 2863 2432 2931 νικητὴς
2486 2860 2850 2931 ἑρμηνεύεται
2880 2878 2891 2889 ·
2925 2860 3020 2912 νῦν
3069 2861 3162 2913 οὖν
3203 2862 3431 2932 νικητὴς
3484 2860 3595 2914 τῶν

2018 2956 2617 3026 παθῶνὲχρημάτισας.
2644 2974 2661 3006 ι
2699 2957 2953 3025 Ζακχαῖε,
2981 2955 3226 3017 σπεύσας
3257 2954 3589 3023 κατάϐηθι.»

2019 3049 2119 3101 Διὰ
2154 3048 2205 3100 τί
2239 3050 2332 3099 καὶ
2376 3048 2475 3116 τὴν
2526 3046 2761 3115 σπουδὴν
2794 3046 3190 3117 προστίθησινς
3232 3047 3353 3099 Ἵνα
3387 3045 3594 3118 μάθῃς,

2015 3139 2089 3200 ὡς
2113 3139 2174 3192 οὐ
2210 3139 2317 3210 χρὴ
2350 3140 2613 3210 ῥαθύμως
2661 3138 2752 3191 καὶ
2802 3138 3022 3206 ἀμελῶς
3058 3140 3302 3208 μετιέναι
3332 3137 3433 3209 τὴν
3468 3140 3597 3209 ἀρε-

2017 3230 2136 3300 τὴν,
2168 3229 2303 3284 ἀλλὰ
2334 3232 2473 3300 μετὰ
2516 3228 2801 3298 προθύμου
2848 3229 3111 3298 σπουδῆς.
3157 3228 3375 3299 Ἐπειδὴ
3423 3245 3599 3294 παρο-

2016 3323 2140 3391 δική
2186 3324 2333 3375 ἐστιν
2371 3321 2586 3392 ἠμῶνή
2622 3319 2756 3389 ζωὴ.
2794 3320 2886 3372 καὶ
2923 3320 3029 3388 χρὴ
3064 3319 3318 3371 σπεύδειν
3345 3321 3492 3389 ἡμᾶς
3517 3321 3596 3382 είς

2019 3414 2081 3465 τὸ
2106 3413 2330 3480 ἀγαθὸν,
2366 3412 2475 3465 ἐστ’
2495 3412 2562 3464 ἂν
2592 3409 3037 3481 περιϐεϐλήμεθα
3068 3411 3127 3462 τὸ
3155 3411 3413 3481 σάρκινον
3440 3410 3601 3464 τοῦτο

2024 3506 2398 3575 περισκήνιον.
2469 3503 2632 3555 Ἀλλὰ
2687 3503 2835 3559 δοκεῖ
2882 3520 2999 3567 πως
3046 3503 3108 3555 τὸ
3158 3504 3320 3573 ῥητὸν
3355 3504 3600 3556 ἐναντίον

2020 3594 2158 3665 πρὸς
2189 3594 2279 3647 τὸν
2315 3593 2648 3648 ἀποδοθέντα
2685 3593 2907 3646 σκοπόν.
2938 3594 2999 3646 El
3026 3592 3134 3663 γὰρ
3169 3592 3308 3662 καλὴ
3328 3593 3421 3645 τοῦ
3453 3595 3602 3646 Ζακ-

2019 3689 2176 3757 χαίου
2206 3688 2238 3756 ἡ
2276 3687 2412 3755 πρὸς
2443 3685 2539 3756 τὴν
2572 3686 2947 3755 συκομοραίαν
2977 3685 3243 3749 ἀνάϐασις
3286 3685 3599 3755 (ὑπερήρθη

2019 3782 2130 3849 γὰρ
2159 3780 2268 3833 τῶν
2301 3780 2528 3847 γηΐνων,
2576 3779 2670 3832 καὶ
2706 3780 2818 3833 ἄνω
2863 3781 2962 3851 τῆς
3008 3778 3282 3848 ἁμαρτίας
3332 3778 3599 3847 ἐγένετο).

2022 3872 2141 3934 πῶς
2188 3871 2477 3925 κατελθεῖν
2538 3872 2894 3940 ὲγκελεύεται
2922 3889 2937 3903 ο
2975 3891 2993 3922 ι
3032 3870 3303 3943 Ζακχαῖε,
3357 3870 3603 3934 σπεύσας

2022 3950 2327 4034 κατάϐηθις
2365 3983 2382 4015 ι
2432 3964 2556 4026 Πῶς
2585 3964 2678 4016 τὸν
2722 3963 2906 4026 καλῶς
2949 3962 3241 4015 ἀνελθόντα
3276 3961 3599 4015 ὲπισπεύδει

2022 4057 2157 4127 πρὸς
2181 4055 2281 4125 τὴν
2308 4054 2642 4121 κατάϐασιν;
2682 4054 2996 4124 Ἱστορικῶς
3031 4054 3131 4123 μὲν
3162 4054 3270 4107 ἀπὸ
3300 4053 3394 4106 τοῦ
3423 4051 3602 4122 φυτοῦ

2021 4151 2052 4202 ὑ
2080 4149 2273 4219 Σωτὴρ
2297 4149 2580 4201 κατελθεῖν
2602 4133 2817 4200 κελεύει
2846 4164 2862 4180 ο
2888 4146 3253 4214 ἀναγωγικῶς
3279 4146 3337 4198 δὲ
3359 4145 3606 4198 διδάσκει

2024 4242 2190 4312 ἡμᾶς.
2225 4240 2302 4304 ὡς
2331 4240 2473 4310 ἀρχὴ
2504 4240 2793 4309 μετανοίας
2814 4238 2891 4308 τῷ
2920 4239 3302 4309 ἀμαρτήσαντι
3337 4239 3436 4289 οὐκ
3468 4237 3603 4305 ἄλλη

2022 4350 2106 4396 τις
2134 4332 2392 4402 ἁρμόδιος
2422 4332 2531 4402 εἴη,
2566 4330 2641 4393 ὡς
2668 4333 2701 4401 ἡ
2745 4329 3074 4393 κατάϐασις.
3112 4327 3262 4397 Αὕτη
3293 4328 3349 4380 δέ
3393 4327 3545 4379 ἐστιν
3571 4327 3604 4396 ή

355 4436 485 4476 vero
518 4424 954 4479 consideratione
991 4441 1090 4479 nos
1137 4428 1290 4480 docet
1319 4428 1524 4481 nullum
1566 4428 1727 4481 alium
1758 4429 1914 4498 magis

2034 4422 2283 4493 μακαρία
2336 4422 2687 4485 ταπείνωσις,
2731 4423 2766 4490 ὴ
2804 4423 3026 4475 ἐναντία
3064 4423 3164 4491 τῆς
3215 4419 3609 4488 δαιμονιὼδους

357 4515 607 4567 idoneum
642 4527 762 4567 esse
809 4516 1106 4583 pmnitendi
1141 4517 1462 4585 principium
1505 4533 1666 4587 quam
1700 4520 1924 4573 descen-

354 4620 499 4661 sum.
554 4603 680 4659 llzee
730 4620 860 4660 vero
909 4616 992 4661 est
1038 4606 1166 4661 felix
1224 4610 1521 4675 humilitas,
1573 4626 1636 4665 ex
1697 4612 1923 4665 adverso

348 4696 558 4751 diaboli
603 4700 871 4767 superbia:
925 4700 1276 4775 opposita.,c
1318 4700 1599 4761 ΖςιειιΙιιιυιε.
1663 4702 1926 4756 [υδιὶιιωιε

357 4788 657 4856 descende;
695 4807 714 4841 ι
768 4790 851 4844 vis
904 4791 1278 4861 pmniteutiam
1359 4791 1676 4860 auspicari?
1734 4792 1927 4845 fomla-

361 4888 621 4946 mentum,
661 4890 715 4934 et
765 4882 1142 4937 inconcussam
1200 4883 1531 4952 poenitentiae
1574 4884 1742 4937 basim
1791 4901 1930 4954 pone

362 4973 752 5041 humilitatem;
806 4975 1077 5031 descende
1124 4985 1183 5030 ut
1233 4974 1497 5030 attollaris
1537 4975 1792 5029 virtutum
1834 4976 1932 5030 alis

2031 4516 2336 4586 ὲπάρσεως.
2380 4533 2398 4565 ι
2453 4516 2714 4583 Ζακχαῖε,
2769 4514 3013 4576 σπεύσας
3061 4511 3365 4579 κατάϐηθις
3424 4510 3607 4579 βούλει

2034 4608 2363 4677 μετανοῆσαι
2385 4623 2400 4671 ;
2448 4605 2762 4674 ὑποϐάθραν
2798 4606 2897 4674 τῆς
2918 4603 3224 4672 μετανοίας.
3245 4603 3339 4655 καὶ
3357 4602 3609 4654 ἄσειστον

2027 4701 2269 4769 κρηπῖῗα
2307 4698 2398 4761 θὲς
2428 4699 2527 4765 τὴν
2553 4696 2887 4750 ταπείνωσιν
2917 4714 2931 4728 ο
2959 4693 3231 4763 κατάϐηθι
3260 4693 3349 4746 ῖνα
3384 4691 3605 4760 ὑψωθῇς

2026 4796 2138 4854 τοῖς
2170 4794 2389 4861 πτεροῖς
2422 4789 2531 4843 τῶν
2576 4788 2788 4860 ἀρετῶν
2832 4786 3227 4857 ἁνυψούμενος.
3274 4783 3439 4838 Ἀλλὰ
3466 4783 3548 4847 τίς
3575 4785 3608 4853 ἡ

2028 4884 2122 4936 τοῦ
2149 4880 2516 4954 ἀρχιτελώνου
2545 4880 2847 4949 ἐπαγγελία
2882 4879 3238 4948 ἀκούσωμεν,
3273 4875 3416 4948 μετὰ
3437 4875 3500 4928 τὸ
3521 4876 3612 4928 τὸν

2033 4975 2236 5045 Κύριον
2268 4973 2630 5038 ὐποδέξασθαι
2670 4973 2832 5027 οἴκοι.

1588 5129 1911 5190 Francisci
1947 5127 2160 5190 Scorsi
2205 5136 2391 5190 notae.

435 5276 550 5348 (60)
595 5273 755 5348 Ficus
786 5275 995 5347 quidem
1024 5288 1257 5346 apparet.
1294 5278 1369 5332 Ex
1406 5277 1717 5331 Dioscoride
1746 5294 1929 5341 supra,

365 5347 479 5417 pot.
512 5348 605 5410 57,
645 5347 971 5418 ﬁt'oisimilis
1002 5364 1316 5418 sycomorus
1373 5349 1591 5409 dicitur.
1657 5364 1754 5401 nec
1802 5349 1935 5401 licus

369 5430 546 5472 tamen
583 5431 688 5473 εει.
723 5417 820 5471 llic
846 5417 1140 5471 autemest
1168 5420 1393 5487 abrupta
1427 5418 1695 5472 sententia
1724 5419 1775 5471 in
1811 5418 1932 5471 eod.

368 5488 431 5543 P.
476 5488 865 5555 deficientibus,
896 5489 1118 5541 omnino
1174 5488 1495 5542 necessariis
1540 5498 1660 5555 post
1713 5488 1935 5540 verbum

365 5558 516 5678 δοκῇ
541 5559 641 5627 μὲν
679 5559 783 5621 his,
818 5554 960 5612 εἶναι
992 5557 1156 5628 συκῆ,
1194 5559 1255 5609 οὐ
1286 5557 1394 5629 μὴν
1422 5560 1488 5629 τῇ
1543 5554 1777 5628 άληθεία
1818 5559 1940 5608 ἐστι

371 5643 473 5678 συκ
501 5660 535 5678 ..

371 5643 535 5681 συκῇ.

442 5660 556 5771 ἴθι.)
608 5696 868 5761 Victorem
907 5699 954 5753 vi
1000 5697 1247 5753 nominis.
1277 5695 1517 5752 Hebraeis
1542 5707 1661 5765 ny:
1692 5705 1777 5751 est
1822 5696 1941 5749 vi..-

2041 5293 2183 5341 cere,
2221 5286 2275 5332 et
2308 5277 2536 5331 victoria
2567 5277 2786 5330 mutatis
2826 5275 3061 5343 punctis,
3107 5288 3231 5344 quae
3286 5275 3616 5345 posteriores

2042 5350 2251 5400 rahhini
2273 5356 2658 5413 opposuerunt.
2688 5347 2769 5400 Ab
2794 5347 2893 5399 hac
2911 5347 3123 5399 videtur
3143 5344 3415 5399 deducere
3438 5344 3615 5398 Theo-

2039 5421 2243 5485 phanes
2293 5417 2537 5471 Zacchtei
2587 5432 2817 5477 nomen.
2877 5417 3021 5484 quod
3087 5415 3367 5467 victoriam
3417 5428 3617 5485 sonare

2041 5484 2172 5550 vutt,
2216 5488 2431 5556 dempta
2467 5496 2644 5540 tamen
2682 5487 2922 5554 principe
2957 5485 3131 5539 littera
3159 5501 3174 5551 ;
3201 5485 3293 5538 sed
3328 5485 3487 5556 video
3509 5484 3615 5536 hoc

2041 5572 2235 5610 nomen
2286 5554 2692 5625 inierpretatum
2725 5571 2938 5624 puram,
2989 5563 3046 5610 et
3096 5556 3315 5625 quidem
3349 5554 3553 5608 rectius
3583 5570 3613 5607 a

2041 5636 2159 5693 ΠΗ,
2194 5628 2338 5696 quod
2369 5638 2452 5682 est
2477 5641 2669 5696 purum
2701 5641 2829 5680 esse.
