3974 6200
266 300 358 364 357
1623 305 1818 366 HOMI

1924 307 1954 364 Χ
1993 305 2154 367 XVI.

3409 307 3519 371 358

267 408 525 482 θησαυροῦ
556 407 653 477 τῆς
681 409 910 481 καρδίας
946 411 1112 467 καινά
1145 412 1241 467 καὶ
1279 411 1508 469 παλαιά.
1557 415 1818 486 Ὀπηνίκα

1929 418 2013 474 sui
2046 431 2188 471 nova
2243 421 2299 469 et
2354 421 2536 470 vetera
2587 415 2653 469 ⁸⁸.
2696 415 2924 483 Quando
2949 428 3078 470 vero
3141 414 3420 485 virtutem,
3455 435 3520 474 ac

262 506 312 559 δὲ
343 505 619 575 σύγκρισιν
645 502 873 573 ἀρετῆς,
908 504 1006 557 καὶ
1035 506 1238 569 κακίας
1261 505 1436 560 ἐθέλει
1469 509 1826 578 ποιήσασθαι,

260 598 344 650 δύο
369 597 677 667 ἀνθρώπους
709 597 1344 667 ὲναντιογνωμονοῦντας
1367 600 1721 670 παρίστησιν,
1751 603 1830 666 ὡς

258 691 340 742 ςδν
364 689 606 742 πλούσιον
633 727 650 752 ,
684 687 781 741 καὶ
810 688 902 741 τὸν
939 688 1216 760 Λάζαρον,
1249 693 1346 745 κα)⁵
1369 691 1465 746 δύο
1497 694 1672 760 υἱοὺς,
1702 696 1831 760 τοὺς

261 781 355 834 ὑπὸ
393 779 592 848 πατρὸς
650 779 1048 842 κελευσθέντας
1077 783 1158 845 είς
1214 781 1306 835 τὸν
1345 783 1518 854 ἀγρὸν
1547 785 1826 854 ἀπελθεῖν,

260 875 341 927 καὶ
368 871 460 934 τὰς
492 872 585 924 δύο
633 872 733 936 τὰς
785 871 844 925 ὲν
871 871 952 943 τῷ
998 872 1226 942 μύλωνι,
1262 867 1336 928 ὧν
1361 875 1460 945 τῆς
1488 879 1618 946 μιᾶς
1653 895 1831 950 παρα-

257 965 674 1035 λαμϐανομένης,
708 965 741 1035 ἡ
783 965 953 1036 ἑτέρα
984 965 1230 1035 ἀφίεται.
1290 967 1452 1023 Ἀλλά
1499 971 1596 1023 καὶ
1641 972 1693 1024 οἱ
1735 970 1828 1024 δύο

257 1056 370 1119 υἱοὶ,
398 1048 469 1108 ὧν
495 1056 522 1106 ὀ
551 1054 652 1124 μὲν
683 1054 867 1125 ἔμεινε
903 1056 1001 1110 σὺν
1033 1056 1112 1126 τῷ
1150 1057 1349 1128 Πατρὶ,
1397 1061 1426 1112 ὁ
1470 1059 1528 1113 δὲ
1574 1059 1827 1130 συϐώτης

257 1147 487 1217 ἐγένετοι,
557 1148 798 1218 ἀρετῆς,
868 1150 965 1202 καὶ
1042 1149 1244 1214 κακίας
1297 1147 1440 1222 ἦσαν
1498 1153 1825 1224 ὑπόδειγμα.

256 1240 531 1296 Κάνταῦθα
559 1240 689 1309 γοῦν
714 1241 1039 1311 παράλληλα
1069 1241 1264 1307 τιθεὶς,
1293 1244 1472 1312 οἴησιν
1502 1247 1600 1298 καὶ
1627 1249 1826 1301 ταπεί-

255 1352 420 1398 νωσιν,
477 1335 572 1386 καὶ
628 1335 925 1405 Φαρισαῖον
1001 1335 1098 1388 καὶ
1181 1335 1425 1406 τελώνην
1487 1338 1822 1408 παρέλαϐεν.

259 1446 276 1476 ι
308 1427 609 1497 Ἀνθρωποι
658 1425 752 1478 δύο
805 1424 1084 1497 ἀνέϐησαν
1119 1427 1200 1489 είς
1253 1429 1315 1480 τὸ
1345 1428 1490 1498 ἱερὸν
1521 1431 1827 1501 προσεύξα-

254 1519 395 1572 σθαι·
436 1537 454 1570 ι
493 1519 556 1570 ὲκ
615 1517 712 1570 τοῦ
751 1521 955 1582 εἰπεῖν,
1028 1519 1385 1586 Ἀνέϐησαν,
1425 1523 1680 1589 φαίνεται
1741 1525 1825 1576 ὅτι

254 1610 641 1680 μετεωρότερος
673 1605 742 1680 ἦν
771 1610 875 1679 τῆς
908 1609 1120 1673 πόλεως
1145 1611 1174 1662 ὁ
1207 1612 1356 1674 ναός.
1389 1613 1550 1664 Στοαὶ
1584 1614 1692 1684 γὰρ
1723 1616 1824 1668 κά-

175 1689 178 1694 ’
250 1700 403 1753 τωθεν
432 1702 494 1752 ἐκ
521 1700 636 1755 τῶν
671 1701 977 1770 κρηπίδων,
1006 1703 1102 1755 καὶ⁵
1133 1704 1320 1772 ἀψῖδες
1372 1705 1672 1774 ἀμοιϐαδὸν
1727 1708 1821 1760 τὸν

1934 507 2124 562 vitium
2147 505 2260 560 vult
2282 506 2335 559 in
2370 504 2765 560 contentionem
2791 505 3081 572 adducere,
3111 506 3247 561 duos
3275 508 3523 564 h0mines

1934 597 2222 654 contrariis
2249 597 2445 652 studiis
2477 597 2805 652 dissidentes
2829 597 3145 663 committit,
3178 608 3234 654 ut
3287 599 3513 656 divitem

1932 701 1986 746 et
2006 689 2274 744 Lazarum
2304 688 2388 754 '°;
2416 698 2471 742 et
2497 688 2634 743 duos
2664 687 2804 742 ﬁlios
2829 704 3020 758 agrum
3054 705 3085 744 a
3123 701 3350 759 parente
3401 695 3523 763 jus-

1931 800 2023 840 sos
2062 784 2212 838 adire
2264 783 2334 848 ",
2388 791 2444 837 et
2494 783 2632 838 duas
2684 783 2736 836 in
2792 782 2953 848 mola,
3033 799 3261 853 quarum
3346 786 3518 840 altera

1932 886 2234 945 assumpta,
2281 874 2678 944 deri-linquitur
2701 874 2870 930 altera
2894 876 2977 943 7';
3009 877 3138 945 quin
3191 888 3245 932 et
3269 879 3374 932 duo
3405 879 3524 947 filii,

1931 983 2162 1037 quorum
2197 967 2332 1021 alter
2363 967 2502 1034 apud
2534 975 2742 1036 patrem
2793 967 3015 1032 mansit,
3071 969 3209 1022 alter
3261 971 3520 1026 subulcus

1929 1057 2103 1114 evasit
2140 1058 2208 1122 ⁷³,
2246 1058 2482 1123 virtutis,
2527 1067 2581 1111 et
2627 1059 2746 1112 vitii
2792 1057 3083 1125 imaginem
3145 1060 3404 1116 referunt.
3461 1062 3528 1116 Et

1931 1153 2034 1208 hoc
2062 1153 2224 1223 igitur
2255 1151 2373 1206 loco
2412 1150 2874 1206 existimationem
2930 1151 3040 1214 sui,
3093 1151 3512 1208 demissionem-

1929 1261 2032 1316 que
2065 1245 2178 1316 9!.
2228 1244 2460 1298 invicem
2503 1259 2804 1313 apponens,
2841 1243 3176 1299 Pbarismum
3207 1254 3260 1299 et
3279 1247 3526 1302 Publica-

1930 1352 2058 1390 num
2091 1336 2319 1391 assumit
2351 1353 2365 1390 :
2399 1354 2416 1386 ι
2455 1334 2572 1390 Duo
2611 1336 2861 1392 homines
2888 1339 3252 1393 ascenderunt
3291 1340 3343 1394 in
3385 1349 3524 1395 tem-

1928 1429 2071 1499 plum
2101 1437 2158 1481 ut
2183 1436 2425 1482 orarent.
2461 1447 2480 1480 ›
2501 1428 2634 1482 Dum
2653 1444 2746 1483 eos
2793 1432 3109 1486 ascendisse
3128 1432 3282 1497 dicit,
3313 1434 3364 1486 in
3383 1433 3530 1487 edito

1927 1518 2164 1574 civitatis
2181 1517 2545 1586 locofpositum
2579 1517 2834 1586 templum
2861 1518 2972 1591 (67)
2993 1522 3251 1576 ostendit.
3277 1521 3526 1576 Porticus

1927 1610 2070 1664 enim
2099 1626 2126 1662 a
2159 1608 2614 1674 fundamentis,et
2635 1609 2871 1665 fornices
2891 1613 3131 1667 vicissim
3155 1612 3529 1669 sul‘l'ulcientes

1929 1702 2190 1772 templum
2226 1703 2278 1755 in
2300 1701 2634 1757 altitudinem
2670 1703 2842 1775 ipsum
2878 1705 3368 1762 elevabant.Ertra
3399 1725 3526 1763 vero

248 1793 360 1846 ναὸν
376 1792 756 1862 ἐπερείδουσαι
776 1795 858 1856 εἰς
871 1794 930 1847 τὸ
949 1793 1082 1862 ὕψος
1098 1795 1262 1848 αὑτὸν
1283 1797 1818 1868 μετεώριξον.⁹Ἐξω-

1925 1765 2118 1860 lapidei
2134 1790 2332 1860 gradus
2343 1807 2407 1845 ex
2429 1791 2536 1845 imo
2549 1791 2664 1846 solo
2680 1765 2745 1846 ad
2767 1770 2935 1864 usque
2949 1805 3133 1863 portas
3148 1799 3524 1866 erigebantur,

247 1885 324 1936 θεν
348 1883 400 1936 δὲ
431 1883 636 1938 λίθιναι
674 1884 936 1955 βαθμίδες
968 1888 1035 1940 ὲκ
1060 1886 1172 1939 τῶν
1207 1887 1654 1958 χθαμαλωτέρων
1689 1893 1817 1964 ἀχρι

245 1977 339 2028 τῶν
378 1976 570 2030 πυλῶν
595 1977 688 2030 τοῦ
717 1978 848 2031 ναοῦ
900 1978 1247 2050 διηγείροντο
1272 1997 1286 2011 ·
1335 1981 1410 2043 ὡς
1439 1986 1601 2036 παντὶ
1631 1985 1818 2053 βουλο-

247 2068 375 2139 μένῳ
411 2070 678 2123 εἰσελθεῖν
701 2071 760 2123 ὲν
789 2071 866 2141 τῷ
899 2071 1053 2143 ἱερῷ,
1099 2071 1375 2142 εὑρίσκειν
1427 2077 1686 2148 ἀνωφερῆ
1717 2077 1817 2149 τὴν

243 2163 519 2216 είσέλευσιν
541 2180 558 2191 ·
583 2161 674 2215 διὰ
694 2162 852 2216 τοῦτό
883 2181 1082 2234 φησιν·
1152 2185 1173 2218 ι
1216 2166 1530 2235 Ἄνθρωποι
1558 2167 1652 2220 δύο
1689 2170 1814 2222 ἀνέο

241 2256 426 2324 ϐησανο
456 2273 476 2308 ι
507 2255 659 2325 καλὴ
692 2254 790 2325 μὲν
811 2251 904 2308 οὖν
935 2258 1033 2310 καὶ
1062 2259 1094 2328 ὴ
1120 2258 1243 2311 καθ’
1267 2260 1513 2328 ἱστορίαν
1542 2259 1815 2329 σαφήνεια

241 2347 325 2399 τοῦ
353 2347 506 2400 τόπου
557 2347 660 2417 τὴν
715 2347 866 2401 θέσιν
920 2349 1416 2421 ἐφερμηνεύουσαο
1470 2349 1605 2404 ἀλλά
1640 2352 1719 2422 τῷ
1750 2369 1814 2421 γε

240 2437 507 2506 φιλομαθεί
525 2439 637 2490 οὐκ
662 2441 867 2511 ἀρκετὴ
901 2441 1002 2511 τῆς
1045 2443 1289 2513 ἱστορίας
1318 2443 1352 2512 ἡ
1392 2441 1653 2513 μάθησις,
1676 2443 1812 2498 ἀλλά

241 2529 460 2596 βατεύων
482 2532 570 2592 εἰς
603 2531 840 2600 θεωρίαν
867 2533 895 2584 ὁ
923 2531 1048 2596 νοῦς
1095 2532 1174 2602 τῷ
1209 2535 1309 2604 τῆς
1337 2534 1636 2602 ἀναγωγῆς
1673 2537 1813 2604 φωτὶ

239 2621 688 2692 ἑλλαμπρὺνεται.
739 2622 805 2676 Τί
849 2620 946 2678 οὖν
973 2625 1094 2678 ἐστι
1143 2627 1204 2678 τὸ
1249 2629 1545 2697 νοούμενον
1593 2629 1657 2680 ὲκ
1689 2629 1807 2694 τοῦ,

245 2732 263 2763 ι
300 2714 606 2784 Ἄνθρωποι
659 2716 754 2769 δύο
795 2719 1072 2790 ἀνέϐησαν
1106 2722 1186 2784 είς
1226 2719 1288 2774 τὸ
1326 2722 1472 2788 ἱερὸν
1512 2723 1820 2793 προσεύξα-

241 2807 386 2871 σθαι;
417 2828 435 2859 ι
465 2807 746 2876 Ἐδήλωσε
781 2811 880 2880 τῆς
914 2813 1225 2884 προσευχῆς
1255 2813 1354 2884 τὴν
1381 2815 1555 2883 ἰσχὺν,
1591 2815 1701 2868 ἀπὸ
1725 2814 1820 2868 τοῦ

239 2898 409 2964 φάναι,
432 2900 557 2953 Ἀνέ
569 2901 767 2970 ϐησαν.
805 2903 930 2956 Ἐπὶ
956 2902 1108 2970 καλῷ
1143 2906 1241 2976 μὲν
1270 2907 1600 2977 ἀμφοτέρων
1631 2909 1662 2978 ἠ
1690 2910 1826 2978 πρὸς

237 2990 291 3040 τὸ
333 2992 472 3060 ἱερὸν
498 2993 778 3057 ἀνάϐασις
798 3008 811 3022 ⁸
849 2999 1164 3066 προσευχῆς
1196 2996 1305 3066 ¹γὰρ
1351 2998 1514 3068 χάριν
1541 2999 1820 3069 ἀναϐεϐή-

237 3100 404 3140 κατον.
464 3083 530 3138 Ἡ
583 3085 642 3138 δὲ
676 3087 959 3159 προσευχὴ
995 3089 1164 3158 γῆθεν
1223 3090 1416 3158 ἀνάγει
1464 3091 1602 3160 πρὸς
1630 3092 1825 3163 αἰθέρα

237 3177 314 3228 τὸν
347 3179 814 3250 προσευχόμενον,
851 3181 944 3234 καὶ
969 3185 1086 3245 τοῖς
1107 3183 1366 3251 ἀγγέλοις
1420 3185 1536 3237 ἑνοῖ
1581 3186 1672 3238 τὸν
1724 3185 1821 3238 ἄν·

237 3273 458 3340 θρωπον,
493 3275 884 3344 ἐπιθιγγάνειν
913 3293 974 3329 τε
1018 3277 1437 3346 παρασκευάζει
1473 3281 1586 3341 τοῖς
1629 3279 1818 3340 ἀΰλοις

233 3369 313 3418 τὶν
330 3367 532 3423 ἕνυλον.
576 3365 711 3422 Εἶτα
739 3369 806 3423 δι’
838 3369 1019 3422 αὐτῶν
1047 3367 1077 3422 ὁ
1107 3369 1232 3433 νοῦς
1272 3369 1644 3440 φωτιζόμενος
1674 3388 1822 3442 χειρ-

233 3461 542 3525 αγωγεῖται,
586 3459 663 3523 ὡς
717 3461 965 3530 ἐφικτὸν,
1005 3462 1144 3529 πρὸς
1174 3460 1274 3532 τὴν
1329 3461 1426 3514 τοῦ
1457 3463 1594 3515 Θεοῦ
1647 3480 1822 3515 κατα-

236 3549 426 3619 νόησιν.
458 3552 528 3604 Et
556 3569 642 3615 τις
669 3552 822 3622 ὑμῶν
853 3552 1160 3622 φιλοπόνως
1193 3553 1406 3622 ἀνέγνω
1428 3555 1528 3624 τὴν
1567 3554 1822 3624 ’Λσκητι-

314 3667 340 3697 ⁹
362 3667 559 3722 Matth.
583 3681 667 3733 ιιι,
693 3666 782 3721 52.
861 3669 911 3700 ⁷ο
930 3667 1063 3723 Luc.
1091 3682 1207 3736 xvr,
1243 3669 1386 3724 l9."
1419 3667 1613 3722 Matth.
1642 3685 1755 3734 xxi,
1785 3667 1880 3722 ‘28.

1926 1883 1998 1938 ita
2031 1893 2109 1948 ιιι,
2133 1882 2386 1952 quisquis
2433 1882 2487 1936 itt
2509 1882 2764 1953 templum
2810 1884 3021 1956 ingredi
3049 1887 3226 1951 vellet,
3266 1888 3522 1943 acclivem

1925 1977 2130 2029 aditum
2159 1975 2452 2029 inveniret.
2538 1973 2662 2028 Ideo
2716 1976 2885 2032 altu
2948 1977 3065 2032 Duo
3132 1982 3379 2036 homines
3440 1997 3528 2034 as-

1924 2069 2224 2125 cenderunt
2273 2069 2326 2122 in
2375 2068 2656 2137 templum,
2712 2079 2770 2123 ut
2838 2082 3084 2126 orarent.
3127 2093 3146 2125 ›
3192 2074 3370 2144 Atque
3413 2075 3528 2130 hare

1928 2161 2209 2215 cohaerens
2233 2158 2475 2214 historiae
2493 2159 2789 2214 declaratio
2822 2161 2935 2232 (68)
2957 2164 3095 2218 belle
3125 2165 3304 2230 habet,
3327 2177 3388 2222 ut
3407 2184 3528 2237 quae

1923 2253 2158 2322 positum
2201 2251 2308 2307 loci
2367 2252 2722 2321 exposuerit:
2755 2263 2809 2306 at
2846 2270 2975 2309 vero
3003 2256 3246 2312 discendi
3300 2260 3530 2328 cupidus

1935 2360 2041 2400 non
2078 2344 2635 2400 sathabethistoriam
2657 2347 2912 2402 didicisse
2936 2349 3040 2403 nisi
3072 2366 3227 2405 mens
3249 2352 3298 2406 in
3323 2354 3530 2423 allego-

1923 2438 2058 2490 riam
2102 2440 2405 2507 pervadens
2444 2453 2638 2494 sensus
2683 2440 2962 2510 anagogiei
3033 2441 3153 2496 luce
3199 2444 3523 2500 illustretur.

1922 2529 2060 2594 Quid
2085 2529 2247 2598 igitur
2275 2529 2361 2585 his
2391 2530 2572 2584 verbis
2604 2531 3012 2601 intelligendum
3038 2552 3051 2587 :
3092 2552 3109 2584 ι
3139 2534 3254 2588 Duo
3277 2537 3531 2608 homine,

1921 2623 2286 2676 ascenderunt
2337 2622 2390 2676 in
2456 2623 2714 2693 templum
2771 2630 2829 2676 ut
2868 2625 3133 2678 orarent?
3181 2625 3328 2681 Sane
3355 2644 3420 2682 ex
3456 2646 3522 2682 eo

1923 2713 2067 2783 quod
2100 2712 2415 2768 ascendisse
2457 2712 2612 2776 dicit,
2649 2713 2755 2767 vim
2779 2715 3044 2770 orationis
3075 2720 3338 2772 ostendit.
3375 2719 3521 2774 Bene

1929 2805 2174 2875 profecto
2210 2804 2444 2859 habebat
2479 2806 2762 2858 amborum
2797 2807 2852 2859 in
2911 2807 3173 2876 templum
3231 2825 3520 2877 ascensus,

1929 2898 2120 2954 orandi
2179 2898 2377 2967 quippe
2427 2896 2601 2966 gratia
2662 2899 3050 2954 ascenderunt.
3118 2900 3305 2959 Oratio
3356 2920 3527 2973 porro

1929 2990 2112 3046 evehit
2150 3000 2398 3044 orantem
2425 2989 2475 3042 in
2501 2989 2947 3056 cmlumeterra,
3009 3003 3066 3048 et
3124 3011 3244 3049 cum
3310 3000 3520 3068 angelis

1927 3081 2165 3138 associat
2219 3080 2515 3146 hominem,
2567 3096 2801 3152 eumque
2854 3099 2921 3138 ex
2977 3087 3207 3140 materia
3257 3093 3523 3144 constitu-

1927 3184 2038 3229 tum
2074 3176 2146 3228 ita
2169 3181 2470 3242 comparat,
2509 3182 2569 3227 ut
2595 3175 2659 3227 ad
2691 3190 2788 3230 eos
2820 3177 3000 3246 possit
3040 3180 3368 3249 pertingere,
3423 3186 3520 3254 qui

1926 3267 1995 3320 ab
2026 3267 2171 3319 omni
2207 3265 2432 3319 materia
2456 3263 2684 3332 sejuncti
2711 3278 2856 3320 sunt.
2886 3266 3084 3322 Postea
3124 3286 3219 3339 per
3244 3287 3339 3326 eos
3395 3274 3522 3328 iliu-

1933 3361 2143 3415 ntinata
2171 3375 2324 3414 mens
2347 3361 2412 3412 ad
2440 3359 2530 3412 Dei
2569 3359 2842 3425 notitiam,
2877 3371 3141 3428 quantum
3170 3362 3253 3418 fas
3301 3375 3402 3420 est'
3421 3367 3518 3421 ho-

1936 3451 2070 3507 mini
2102 3465 2319 3521 capere,
2383 3450 2789 3506 manuducitur.
2856 3451 2912 3506 Si
2966 3454 3090 3522 quis
3112 3465 3350 3509 vestrum
3402 3469 3520 3511 stu-

1927 3547 2082 3601 diose
2135 3543 2263 3614 legit
2293 3544 2576 3599 Asceticas
2602 3544 2778 3600 scalas
2821 3545 2958 3616 (69),
3005 3547 3150 3616 quod
3178 3548 3379 3604 dictum
3413 3560 3520 3616 est,

1960 3667 2002 3696 '"
2033 3661 2225 3716 Matth.
2264 3675 2414 3725 μιν,
2442 3659 2533 3714 41.
2631 3660 2680 3692 ’⁸
2724 3660 2970 3728 Lucav,
3018 3662 3042 3716 1
3077 3679 3234 3733 seqq.

1456 3781 1791 3845 Francisci
1829 3780 2036 3843 Scorsi
2075 3785 2268 3839 notae.

293 3881 402 3952 (67)
445 3881 689 3952 Positum
741 3883 1014 3952 templum.
1071 3883 1146 3940 De
1187 3882 1294 3938 hoc
1348 3883 1473 3938 vide
1537 3883 1805 3938 Joannem
1842 3893 1884 3948 ο
1921 3882 2108 3935 verbis
2140 3881 2204 3952 de
2238 3875 2508 3952 principio
2532 3914 2546 3939 ,
2586 3874 3079 3952 medio,__et_llne_
3103 3879 3366 3952 orationis
3403 3883 3522 3938 dis-

230 3951 513 4021 Fraptistam
565 3951 986 4021 thlalpandum
1052 3969 1164 4009 soc.
1219 3953 1348 4008 Jesu
1416 3955 1484 4008 de
1535 3955 1814 4023 Apparatu

230 4025 385 4087 urbis,
419 4034 474 4077 et
509 4023 697 4090 templi
731 4023 1225 4093 llierosolymitani,
1257 4025 1344 4077 ubi
1385 4025 1499 4078 haec
1535 4029 1601 4078 ad
1636 4042 1818 4078 amus-

227 4094 337 4165 siui
361 4103 416 4165 et
447 4093 710 4165 graphice
745 4095 1007 4165 describit
1052 4093 1128 4165 [in
1155 4104 1340 4147 catena
1374 4098 1440 4165 qd
1469 4093 1814 4165 Jeremiam}.

290 4162 396 4232 (68)
439 4163 726 4216 Coha'rens
764 4163 1002 4217 historice
1033 4162 1351 4218 declaratio.
1386 4163 1501 4218 Non
1537 4167 1607 4218 ita
1641 4162 1817 4219 cuine-

229 4233 369 4284 rebat
399 4247 600 4286 sensus
639 4234 691 4286 in
732 4235 968 4300 exempl.
1023 4233 1082 4287 P.
1127 4234 1289 4288 sicuti
1327 4234 1607 4289 cohaerere
1658 4251 1812 4289 suam

229 4301 464 4356 historia:
498 4303 921 4368 explicationem
953 4315 1144 4358 auctor
1183 4305 1337 4358 dicit.
1379 4303 1512 4357 Nam
1536 4321 1601 4359 ex
1635 4307 1815 4359 Evan-

229 4372 343 4438 gelii
381 4372 572 4426 verbis
597 4373 772 4440 primo
803 4373 922 4426 loco
951 4375 1143 4441 positis
1179 4393 1190 4428 :
1232 4374 1347 4427 Duo
1373 4374 1605 4429 homines
1630 4393 1815 4429 ascen-

231 4443 439 4507 derunt,
467 4458 641 4509 usque
673 4442 739 4494 ad
781 4457 842 4494 ea
909 4445 1104 4497 iterum
1171 4448 1421 4508 recitata,
1477 4448 1700 4499 deerant
1751 4462 1812 4499 ea

226 4513 424 4581 omnia,
452 4527 574 4580 qua:
605 4512 739 4581 legis
771 4513 997 4575 inserta,
1027 4522 1080 4567 et
1105 4516 1282 4569 addita
1312 4532 1339 4567 ιι
1368 4515 1523 4569 nobis
1551 4518 1814 4571 beneﬁcio

226 4583 341 4634 eod.
394 4580 460 4636 G.
517 4580 879 4646 Quid'autem
929 4585 1186 4653 scriptori
1233 4584 1534 4652 indiligenti
1572 4588 1814 4640 occasio-

228 4668 338 4701 nem
364 4653 482 4718 eius
515 4653 805 4721 l'ragmeuti
834 4654 1120 4707 omittendi
1148 4656 1359 4708 dederit
1389 4655 1545 4707 facile
1569 4667 1650 4709 est
1682 4673 1812 4721 con-

223 4721 427 4794 jicere;
463 4737 587 4774 nam
609 4719 743 4790 post
771 4722 863 4776 illa
892 4723 1170 4794 Evangelii
1203 4727 1366 4794 verba
1397 4723 1682 4794 ἄνθρωποι
1719 4719 1812 4780 δύο

229 4790 519 4865 ἀνέϐησαν,
554 4803 855 4865 sequuntur
895 4793 1038 4863 καλὴ
1065 4790 1174 4862 μὲν
1203 4792 1298 4846 οὖν
1331 4796 1484 4865 καὶμὴ
1507 4790 1633 4848 καθ’
1669 4797 1814 4849 toto-

234 4863 372 4927 ρίαν,
408 4873 540 4920 etc..
578 4864 671 4915 sed
705 4877 828 4916 eum
861 4865 1052 4916 eadem
1103 4873 1419 4932 repetantur
1472 4863 1642 4930 intra,
1683 4867 1811 4920 sub-

221 4932 398 5009 iunxit
436 4933 673 5009 scriptor
710 4934 789 4996 εἰς
818 4933 878 4985 τὸ
923 4933 1074 5004 ἱερὸν
1108 4933 1516 5006 προσεύξασθαι
1556 4938 1813 4993 interme-

229 5013 328 5053 tlllS
366 5017 602 5056 OllllSSIS.

293 5070 405 5144 (69)
438 5073 701 5126 Aacetieas
730 5073 928 5126 scalas.
964 5071 1189 5144 Diﬂicile
1218 5085 1302 5128 est
1356 5074 1650 5144 indigitare
1687 5092 1809 5131 cer-

225 5149 329 5216 tum
362 5143 540 5195 locum
570 5144 657 5196 ubi
703 5158 956 5211 expresse
981 5146 1039 5198 ὃ.
1061 5142 1301 5198 Joannes
1327 5142 1621 5206 Climacue.
1648 5163 1806 5216 quem

227 5210 308 5261 hic
324 5223 538 5284 testem
574 5210 823 5280 producit
844 5227 1057 5279 auctor,
1087 5216 1153 5268 de
1189 5230 1298 5284 quo
1329 5218 1510 5269 itidem
1545 5210 1692 5270 horti.
1719 5218 1808 5280 14,

225 5280 410 5357 n._‘29,
459 5286 660 5357 mentio
705 5286 826 5348 fuit,
869 5280 1397 5357 SflllttlllitlIIi-llath
1429 5287 1645 5352 haheat,
1683 5305 1803 5357 qua:

223 5351 470 5427 refertur.
501 5351 649 5427 ⁸Νειιιι
682 5360 847 5427 gradu
883 5354 975 5427 εἴξὸ,
1031 5355 1120 5408 ubi
1171 5355 1306 5424 Περὶ
1348 5355 1448 5425 τῆς
1481 5351 1670 5427 ἱερᾶς,
1701 5351 1808 5412 ’καὶ

227 5422 430 5489 μητρὸς
457 5421 566 5473 τῶν
588 5421 828 5505 ,ἀρετῶν
874 5424 988 5506 τῆς,
1030 5421 1314 5506 μακαρίας
1363 5421 1701 5506 προσευχῆς,
1731 5429 1811 5482 De

222 5504 432 5563 sancto,
480 5502 527 5563 et
553 5494 807 5546 virtutum
852 5494 1101 5563 genitrice
1123 5494 1381 5561 oratione,
1411 5494 1528 5550 haec
1579 5494 1750 5551 habet
1796 5515 1811 5553 :

233 5555 396 5636 ’ᾼρχὴ
435 5562 532 5636 μὲν
565 5555 873 5634 προσευχῆξ
930 5565 1230 5636 προσϐολαὶ
1261 5555 1658 5636 μονολογίστως
1691 5570 1815 5621 διω-

222 5631 447 5706 κέμεναι
497 5634 559 5686 ἐκ
610 5631 922 5704 προοιμίων
974 5631 1188 5698 ἀυτῶν,
1230 5631 1476 5706 μεσότης
1515 5639 1575 5690 τὸ
1611 5641 1676 5690 ὲνα
1698 5642 1809 5702 τοῖς

223 5698 554 5777 λεγομένοις,
589 5706 622 5776 ἢ
659 5698 973 5777 νοουμένοις
1021 5707 1207 5775 μόνοις
1231 5698 1378 5759 εἶναι
1407 5698 1507 5777 τὴν
1537 5698 1802 5773 διάνοιαν,

220 5770 277 5822 τὸ
317 5771 373 5823 δὲ
413 5770 622 5846 ταύτης
656 5770 865 5830 τέλειον
917 5770 1144 5849 ἁρπαγὴ
1181 5777 1318 5849 πρὸς
1343 5770 1570 5849 Κύριον.
1596 5770 1808 5845 Quibus

1924 3953 2082 4012 serit,
2118 3950 2192 4002 uti
2221 3945 2286 4000 ex
2322 3948 2423 3999 hac
2472 3945 2741 3998 luculenta
2779 3946 3012 4000 Matthzei
3047 3947 3242 4002 Iiaderi
3269 3953 3516 4008 versione

1923 4024 2146 4091 planum
2190 4025 2319 4091 est:
2373 4015 2700 4091 Principium
2741 4017 3002 4091 orationis
3035 4028 3116 4091 est
3162 4018 3521 4091 obstrepentes

1921 4085 2111 4143 inentis
2155 4086 2529 4138 distractione:
2568 4085 2757 4136 statim
2812 4085 2877 4139 ab
2924 4087 3115 4148 initio,
3159 4089 3274 4141 δοίο
3324 4096 3519 4146 mentis

1920 4172 2050 4214 nutu
2080 4157 2330 4225 repellere
2370 4170 2389 4209 :
2422 4154 2653 4225 medium
2693 4170 2810 4225 vero
2845 4173 2965 4209 cum
3013 4173 3158 4211 mens
3190 4158 3244 4210 in
3279 4161 3346 4212 iis
3389 4171 3512 4217 tan-

1920 4243 2031 4284 tum
2065 4231 2248 4292 lueret,
2285 4242 2403 4297 qua:
2450 4224 2760 4297 meditanda
2787 4235 2836 4278 et
2870 4233 3153 4297 tractanda
3184 4235 3460 4296 proposuit
3491 4247 3522 4297 ς’

1917 4302 2040 4370 ﬁnis
2070 4310 2146 4353 est
2177 4295 2445 4370 ruptnein
2465 4295 2689 4370 _Deum._
2709 4298 2882 4370 etque
2917 4296 2970 4350 in
3001 4295 3250 4352 eamdem
3291 4295 3512 4358 sentent-

1920 4363 2068 4432 tiam,
2093 4371 2219 4424 licet
2239 4363 2357 4420 'non
2375 4367 2564 4436 iisdem
2580 4363 2784 4427 verbis,
2803 4367 3194 4436 interpretatur
3210 4371 3514 4428 Climacutn

1921 4441 2211 4510 Dionysius
2233 4435 2669 4510 Chartusianus;
2721 4438 2809 4490 ubi
2848 4435 3029 4510 agitur
3060 4441 3126 4493 de
3172 4441 3364 4495 mediis
3411 4461 3512 4498 an-

1916 4508 2074 4581 gelis,
2114 4511 2166 4562 in
2194 4509 2394 4581 quibus
2423 4516 2684 4581 versetur
2715 4521 2908 4572 orans,
2962 4508 3050 4581 ubi
3109 4512 3339 4564 mediam
3377 4515 3512 4570 dicit

1915 4576 2257 4644 orationem,
2293 4578 2346 4630 in
2381 4578 2467 4632 his
2500 4576 2721 4648 quidem
2762 4593 2928 4648 supra
2962 4580 3152 4633 relatis
3186 4583 3368 4637 verbis
3401 4600 3512 4638 noo

1917 4660 2172 4720 apparet;
2202 4659 2368 4720 atque
2399 4646 2567 4720 haud‘
2583 4648 2697 4701 scio
2728 4661 2796 4701 an
2829 4646 3037 4717 uspiam
3065 4650 3191 4720 alibi
3224 4655 3364 4719 apud
3392 4653 3513 4707 Cl‘i-v

1918 4715 2132 4776 niacum
2160 4715 2220 4775 id
2250 4715 2491 4788 legatur.
2533 4715 2761 4771 Possum
2794 4715 3063 4787 suspicari
3106 4715 3506 4788 Theophanem

1917 4792 2018 4846 hoc
2052 4791 2274 4848 Climaci
2307 4787 2426 4844 loco
2447 4787 2508 4841 τὸ
2531 4789 2849 4861 νοουμέλνοις
2879 4789 3128 4861 accipere
3155 4787 3508 4861 ριὀνοεραίς

1915 4861 2153 4924 οὐσίαις,
2188 4861 2449 4914 nimirum
2508 4858 2773 4912 mentibus
2813 4857 3128 4917 ewlestibus.
3163 4873 3282 4925 qua:
3329 4857 3512 4916 solum

1917 4934 1970 4986 iu
2005 4931 2417 5000 intelligentiam
2445 4930 2666 5000 cadunt,
2695 4936 2748 4981 et
2770 4939 3030 5000 praeterea
3052 4943 3157 5000 pro
3185 4929 3512 5000 λεγομένοις

1916 5004 2111 5072 legisse
2139 4999 2503 5072 μεσουμένοις
2533 4998 2586 5050 in
2614 5013 2713 5052 suo
2748 4999 2931 5072 aliquo
2965 4997 3154 5052 codice
3181 4997 3415 5072 ms.,:ita
3445 5012 3510 5058 ut

1917 5070 2223 5128 Climaeunt
2261 5074 2314 5126 in
2347 5071 2494 5124 hunc
2533 5083 2752 5123 sensum
2789 5070 3180 5135 interpretetur
3211 5089 3225 5126 :
3268 5071 3508 5126 Mentem

1921 5156 2179 5205 nostram,
2205 5157 2323 5194 cum
2358 5144 2429 5194 ad
2459 5139 2688 5192 medium
2705 5140 3020 5204 processerit
3049 5141 3329 5206 orationis,
3356 5143 3500 5209 γίνε-

1922 5213 2046 5266 σθαι
2094 5215 2154 5266 ὲν
2195 5214 2309 5274 τοῖς
2357 5209 2786 5280 μεσουμένοιςῆ
2846 5209 3184 5279 νοουμένοις,
3242 5212 3344 5265 hoc
3396 5223 3505 5276 est,

1921 5284 2126 5337 versari
2181 5297 2302 5336 cum
2360 5278 2433 5335 iis
2483 5279 2580 5347 qui
2635 5278 2798 5332 medii
2857 5278 2986 5333 sunt
3028 5279 3172 5334 inter
3225 5281 3398 5334 Deum
3447 5293 3510 5336 et

1918 5356 2215 5417 hominem,
2247 5363 2300 5405 et
2329 5351 2445 5406 solo
2490 5348 2764 5402 intellectu
2807 5350 3079 5412 videntur,
3117 5351 3369 5404 nimirum
3402 5367 3506 5404 an-

1921 5426 2074 5492 gelis.
2099 5422 2255 5489 Quod
2293 5423 2338 5476 si
2370 5423 2464 5476 cui.
2496 5420 2612 5473 hac
2644 5432 2773 5492 mea
2803 5421 3148 5492 conjectario,
3191 5421 3270 5472 vel
3318 5423 3504 5490 potius

1921 5489 2186 5547 divinatio
2210 5509 2315 5545 non
2339 5493 2584 5561 placeat,
2607 5489 2768 5543 aliam
2797 5491 2942 5544 inibo
2957 5491 3306 5561 conjec-laudi
3324 5489 3499 5555 ’viam,

1919 5581 1990 5619 ac
2017 5565 2193 5618 dicam
2223 5559 2530 5615 non—unum
2568 5563 2709 5613 hunc
2743 5562 2915 5612 locum
2949 5559 3340 5630 Theophanem
3379 5577 3498 5629 spe-

1916 5648 2117 5694 classe,
2146 5633 2241 5686 sed
2275 5635 2427 5700 plura
2464 5631 2694 5689 (llimaci
2738 5633 2905 5691 dicta,
2940 5631 3068 5698 quin
3125 5633 3288 5683 etiam
3323 5632 3504 5697 facta;

1923 5723 2045 5759 nam
2079 5708 2253 5771 quoad
2287 5705 2453 5765 dicta,
2491 5704 2571 5755 sic
2606 5703 2844 5768 loquitur
2870 5700 3144 5771 Climacus
3193 5705 3358 5769 gradu
3387 5703 3500 5771 jam

1917 5770 2180 5832 t‘elato'58
2211 5790 2226 5828 :
2260 5773 2326 5825 Τί
2380 5775 2489 5844 γὰρ
2541 5771 2873 5841 ὑψηλότερον
2903 5770 3107 5839 ἀγαθὸν
3139 5771 3233 5824 τοῦ
3263 5771 3338 5841 τῷ
3387 5770 3496 5824 Ku-
