3974 6200
333 255 438 321 36]

1721 252 2049 314 HOMILIA
2087 250 2220 316 XVI

3490 255 3595 320 362

338 388 364 420 ε
401 368 546 421 Ὅσα
573 363 830 438 ηὐξάμην
863 361 1131 418 ἀποδώσω
1163 379 1246 417 σοι
1270 381 1283 395 ο
1322 379 1342 416 ι
1393 363 1488 418 καὶ
1534 364 1663 434 περὶ
1701 362 1919 432 Ἰεφθάε

2042 363 2174 432 quod
2242 361 2522 434 fugitivum
2597 361 2918 432 Pmphetam
2963 359 3247 417 audiamus
3319 361 3586 418 dicentem

333 460 604 521 θύσαντος
635 458 736 528 τὴν
762 456 950 521 παῖδα,
980 456 1200 528 φησὶνή
1233 456 1447 528 Γραφὴ,
1475 456 1551 522 ὠς
1582 456 1799 511 ἐτέλεσε
1821 456 1920 528 τὴν

334 551 509 621 εὐχὴν
531 548 724 604 αὐτοῦ.
797 547 962 602 Ἀλλά
1001 547 1056 600 τί
1092 547 1230 618 πρὸς
1284 547 1553 617 ἀλλήλους
1606 546 1920 611 ἀπειδόντες

326 642 500 710 ὑμεῖς
532 637 916 693 συνεστείλατε
943 637 1043 699 τάς
1071 636 1279 709 όφρῦςς
1309 634 1498 708 Οἶμαι,
1529 637 1629 708 τὴν
1673 636 1918 708 ἱστορίαν

332 733 558 786 ἐοίκατε
587 731 810 800 ἀγνοεῖν
830 746 843 760 ⁶
872 729 993 784 ἀλλ’
1014 729 1064 783 εί
1117 727 1215 784 καὶ
1264 727 1544 800 πάρεργος
1573 731 1606 800 η
1638 729 1922 800 ἀφήγησις

330 824 476 894 πρὸς
507 821 608 893 τὴν
636 819 1014 892 προκειμένην
1042 819 1322 886 ὑπόθεσιν,
1352 820 1504 888 ὅμως
1542 817 1819 890 ἐπιτεμὼν
1847 818 1925 890 τῷ

328 915 483 984 λόγῳ
505 913 575 969 τά
612 913 840 968 πλείονα
861 911 1228 984 ἐπιτροχάδην
1274 909 1483 982 ταύτην
1512 911 1646 982 ὑμῖν
1668 911 1924 982 διηγήσο-

331 1021 458 1073 μαι.
1245 1019 1248 1024 ’

413 1179 628 1250 Ἰεφθάε
657 1178 728 1252 ἦν
777 1179 1118 1252 Γαλααδίτης
1149 1179 1316 1251 ἀνὴρ,
1362 1179 1690 1251 ἀποτεχθεὶς
1734 1180 1836 1251 μὲν
1865 1179 1928 1246 ἐξ

324 1275 610 1345 ἑταιρίδος
640 1271 873 1344 μητρὸς,
908 1270 1143 1342 εὐσεϐὴς
1178 1270 1240 1324 δέ
1274 1271 1370 1325 καὶ
1401 1271 1574 1334 πολὺς
1601 1269 1703 1341 τὴν
1729 1269 1923 1342 ⁵ἰσχύν.

329 1363 508 1430 Οὗτος
539 1365 740 1438 κριτὴς
771 1365 1016 1435 κατέστη
1069 1364 1273 1428 παντὸς
1299 1363 1397 1419 τοῦ
1431 1363 1565 1420 λαοῦ
1586 1377 1600 1394 °
1663 1379 1928 1436 κατετρο-

332 1459 510 1513 ποῦτο
532 1459 589 1512 δὲ
619 1459 742 1512 τότε
763 1458 856 1512 τὸν
883 1456 1107 1528 Ἰσραὴλ
1150 1453 1381 1528 ’Δμμὼν
1406 1457 1434 1510 6
1463 1455 1766 1527 ἀλλόφυλος
1791 1472 1806 1487 ⁸
1833 1455 1930 1510 καὶ

331 1551 402 1606 τά
434 1551 538 1620 μὶν
559 1551 668 1604 τῶν
698 1549 972 1621 Ἐϐραίων
997 1545 1067 1622 ἦν
1097 1551 1156 1604 ἐν
1193 1548 1368 1621 στενῷ
1417 1549 1615 1621 κομιδῇ
1645 1565 1662 1581 ο
1690 1549 1718 1602 6
1743 1548 1801 1602 δὲ
1831 1546 1927 1603 ἀλ-

326 1642 568 1712 λόφυλος
594 1641 760 1712 ᾔρετο
787 1643 856 1712 τῇ
891 1640 1039 1713 νίκῃ,
1077 1641 1173 1695 καὶ⁹
1219 1640 1538 1712 ύπέροφρυς
1571 1635 1662 1712 ἦν.
1709 1639 1767 1696 '0
1795 1639 1928 1711 γοῦν

346 1734 566 1803 Ἰεφθάε
605 1732 840 1803 στρατὸν
879 1731 1215 1802 συναγείρας
1271 1731 1433 1801 ἁδρὸν
1481 1734 1926 1802 καταστρατηγεῖ
1956 1713 2002 1774 Β

332 1827 429 1880 τὸν
459 1825 790 1880 ἀντίπαλονο
823 1823 964 1879 ἀλλά
995 1824 1134 1895 πρὸς
1162 1823 1264 1896 τὴν
1294 1824 1604 1896 παράταξιν
1651 1824 1810 1893 ἐξιὼν
1839 1826 1930 1880 εὐ-

333 1919 442 1992 χὴν
467 1917 677 1989 ηὔξατο
704 1918 784 1985 τῷ
827 1916 972 1989 Θεῷ,
1005 1917 1065 1972 οὐ
1097 1918 1240 1972 πάνυ
1279 1916 1371 1972 τὸν
1401 1917 1562 1987 λόγον
1591 1917 1931 1990 περισκεψά-

343 2027 534 2082 μενος,
565 2010 665 2076 ὡς,
695 2009 746 2064 εί
776 2008 988 2077 γένοιτο
1037 2009 1148 2062 τῶν
1193 2007 1408 2080 ἐχθρῶν
1434 2009 1732 2081 ἐγκρατὴς,
1768 2011 1826 2063 ἐν
1849 2010 1929 2081 τῷ

333 2102 716 2171 ὐπονοστῆσαι
745 2101 854 2155 ἀπὸ
882 2100 980 2154 τοῦ
1041 2099 1286 2171 πολέμου
1321 2099 1416 2154 τὸν
1449 2101 1720 2172 πρότερον
1779 2101 1930 2168 ἐξελ-

332 2194 506 2249 θόντα
529 2195 625 2265 τῆς
652 2194 853 2259 οίκίας,
882 2193 980 2249 καὶ
1011 2195 1427 2264 συναντήσαντα
1454 2193 1830 2248 ὁλοκαυτῶσαι
1850 2193 1929 2266 τῷ

333 2287 442 2358 τῆς
470 2287 627 2357 νίκης
651 2285 814 2358 αἰτίῳ
853 2285 996 2357 Θεῷ.
1031 2285 1298 2340 Ἦττᾶται
1335 2282 1429 2340 οὖν
1452 2286 1481 2338 6
1521 2284 1770 2358 ’Δμμὼν,
1798 2287 1932 2358 κρα-

335 2383 427 2434 τεῖ
455 2383 485 2434 6
525 2380 766 2451 Ἰσραὴλ,
799 2380 894 2433 καὶ
915 2382 1043 2441 τοὺς
1069 2377 1406 2448 ἀλλοφύλους
1435 2377 1712 2443 διοδεύσας
1747 2378 1934 2450 ληῖζεο

335 2490 459 2538 ται,
490 2474 586 2528 καὶ
619 2473 648 2528 6
673 2471 982 2544 στρατηγὸς
1010 2459 1263 2524 ἐπάνεισι
1301 2473 1368 2542 τῇ
1405 2470 1534 2542 νίκῃ
1571 2473 1664 2525 καὶ
1702 2473 1815 2535 τοῖς
1837 2469 1933 2526 λα-

342 2568 546 2637 φύροις
584 2605 600 2629 ,
656 2565 732 2629 ὡς
795 2563 961 2628 εἰκὸς,
1001 2563 1495 2634 λαμπρυνάμενος.
1553 2562 1725 2633 Kal};
1776 2561 1931 2629 πόλις

339 2654 804 2726 εὐαγγελισθεῖσα
818 2655 876 2708 τὸ
891 2655 1155 2725 τρόπαιον
1177 2654 1407 2725 διεχεῖτο
1428 2655 1579 2708 πάσα
1601 2653 1738 2724 πρὸς
1759 2653 1935 2707 ἀπαν-

340 2752 472 2821 τὴν,
508 2752 648 2820 μετά
681 2747 883 2818 χορῶν,
913 2747 1010 2801 καὶ
1032 2746 1338 2816 τυμπάνων
1375 2746 1466 2799 τὸν
1495 2745 1806 2816 στρατηγὸν
1837 2746 1932 2798 ἐκ·

342 2839 670 2902 θειάζουσα.
692 2836 765 2889 Τὸ
799 2835 844 2889 6‘
883 2834 1138 2888 ἐντεῦθεν
1178 2835 1293 2905 ἔχει
1341 2851 1399 2888 τι
1435 2834 1758 2904 σκυθρωπὸν
1792 2835 1934 2906 ηδι-

344 2933 569 3003 ήγηοις.
615 2927 922 2996 Θυγάτριον
982 2922 1050 2998 ἦν
1110 2927 1189 2998 τῷ
1255 2926 1468 2997 Ἰεφθάε
1505 2927 1815 2998 μονογενὲς,
1840 2929 1936 2983 καὶ

349 3021 501 3091 μάλα
526 3019 719 3082 καλὸν,
749 3019 852 3088 ήδη
882 3017 980 3071 τοῦ
1001 3018 1182 3090 γάμου
1200 3017 1299 3087 τὴν
1315 3018 1463 3089 ὥραν
1486 3018 1628 3089 ἔχον.
1661 3015 1777 3072 Ἐπ’
1794 3021 1931 3092 αὐτῇ
1960 3067 2004 3130 C

344 3113 405 3166 δὲ
448 3112 593 3183 μόνη
628 3112 657 3162 6
696 3109 878 3181 πατὴρ
906 3110 1004 3171 τὰς
1028 3110 1255 3173 ἐλπίδας
1278 3110 1539 3173 ἐσάλευε,
1569 3109 1816 3180 διάδοχον
1843 3111 1933 3164 τοῦ

347 3203 570 3272 γένους,
607 3201 701 3255 καὶ
744 3200 1085 3270 κληρονόμον
1141 3199 1352 3268 ταύτην
1403 3199 1546 3264 ἕξειν
1600 3201 1934 3270 ἡγούμενοςο

346 3296 495 3365 τάχα
525 3311 627 3348 που
652 3295 748 3348 καὶ
779 3295 858 3357 είς
889 3294 950 3345 τὸ
983 3293 1128 3362 ἱερὸν
1155 3293 1501 3364 προσφοιτῶν
1530 3293 1638 3348 ἀπὸ
1679 3297 1779 3364 τῆς
1808 3308 1938 3346 παι-

347 3389 441 3451 δὺς
475 3387 758 3457 ἀπήρχετο
780 3385 888 3438 τῶν
921 3385 1121 3456 εὐχῶν.
1155 3385 1306 3467 ιξύτη
1336 3385 1431 3438 τοῦ
1471 3385 1668 3455 φύντος
1706 3386 1940 3454 εὐαγγε-

348 3481 604 3534 λισθεῖσα
634 3482 703 3533 es
726 3479 986 3549 τρόπαια,
1012 3481 1106 3532 καὶ
1126 3481 1300 3549 χαρᾶς
1326 3478 1762 3547 ὑποπλησθεῖσα,
1789 3479 1941 3543 seu.

353 3576 571 3627 ίσταται
605 3571 748 3642 μάλα
781 3573 1020 3641 γοργῶς,
1052 3573 1146 3626 καὶ
1169 3571 1462 3640 νυμφικῶς
1494 3571 1696 3640 ἐαυτὴν
1721 3571 1938 3642 κοσμή-

352 3684 524 3727 σασα,
552 3665 732 3728 ἐξεισικ
751 3663 846 3717 τοῦ
879 3665 1146 3734 θαλάμου,
1174 3664 1395 3718 πάντων
1449 3663 1575 3726 τοὺς
1623 3663 1940 3734 ὀφθαλμοὺς

349 3757 431 3828 τῷ
466 3755 656 3810 κάλλει
687 3753 1051 3824 ἐπισπωμένη
1091 3754 1225 3823 πρὸς
1253 3751 1477 3822 ἑαυτήν.
1524 3748 1938 3820 Ἐπιταχύνασα

353 3847 452 3904 οὖν
481 3847 580 3918 τὴν
615 3846 845 3917 πορείαν
868 3846 1064 3918 πρώτη
1089 3845 1167 3915 τῷ
1197 3845 1370 3915 πατρὶ
1386 3843 1667 3914 δυστυχῶς
1695 3843 1936 3913 ἀπαντᾷ,

283 3935 296 3944 ’
351 3946 449 3998 καὶ
477 3943 851 4015 περιϐαλοῦσα
890 3943 982 3996 τὸν
1014 3941 1218 4010 αὐχένα
1246 3940 1366 4010 μετ’
1401 3940 1609 4007 αἰδοῦς,
1645 3941 1742 3996 καὶ
1767 3941 1937 3995 πόθου

355 4034 564 4107 θερμοῦ
592 4035 983 4106 κατησπάζετο
1025 4032 1422 4104 χαριστηρίους
1461 4035 1686 4103 ἀφιεῖσα
1725 4033 1938 4104 φωνάς.

352 4131 500 4201 Πρὸς
528 4129 703 4182 ταῦτα
725 4127 978 4195 όἸεφθάε
1000 4124 1288 4195 ἀνῴμωξε,
1315 4126 1436 4192 καὶ,
1470 4125 1655 4196 Οτμοι,
1674 4123 1939 4196 θύγατερ,

351 4219 537 4283 εἶπεν,
601 4222 685 4275 ὅτι
752 4236 811 4273 σε
877 4217 1212 4272 καταθύσειν
1242 4218 1502 4289 ηὐξάμην
1557 4217 1700 4288 Θεῷ.
1764 4217 1939 4283 Είδέ,

2026 455 2179 509 Deo:
2216 470 2234 504 ι
2266 452 2611 521 Quaecunque
2661 453 2805 518 vovi,
2831 452 3052 508 reddam
3107 452 3203 508 tibi
3234 453 3300 518 ⁷⁸,
3348 471 3368 506 ι
3424 463 3476 509 et
3525 457 3590 510 de

2025 542 2218 614 Iephte
2272 545 2614 600 sacrificante
2658 544 2821 598 tiliam
2888 559 3060 601 sacrm
3124 543 3342 601 Littera:
3413 547 3592 601 dicunt

2005 637 2243 703 'fecisse,
2274 636 2412 691 sicut
2446 627 2670 692 voverat
2699 637 2765 690 ⁷⁷.
2797 636 2902 691 Sed
2969 637 3095 706 quid
3121 641 3256 692 alter
3282 640 3343 692 ad
3372 638 3598 694 alterum

2028 744 2131 785 ora
2159 729 2494 792 obvertistis,
2519 737 2574 783 et
2609 730 2898 799 supercilia
2946 731 3331 786 contraxistis?
3393 730 3571 802 signil‘t

2029 823 2185 888 catis,
2223 832 2282 876 ut
2319 823 2578 889 arbitror,
2613 823 2894 877 historiam
2937 821 3224 892 ignorare;
3265 823 3356 877 sed
3409 840 3603 892 quam-

2029 914 2114 969 vis
2137 913 2258 981 ejus
2288 915 2530 970 narratio
2565 930 2668 970 non
2697 916 2968 985 pertineat
3005 916 3068 968 ad
3123 918 3454 984 propositum
3515 934 3604 971 ar-

1919 1067 1928 1072 ν
2027 1014 2362 1076 gumentum,
2429 1016 2610 1062 tamen
2686 1005 3070 1074 compendium
3134 1007 3313 1061 verbis
3381 1008 3602 1073 faciens,

2027 1098 2234 1154 cursim
2264 1112 2384 1155 eam
2405 1099 2560 1153 vobis
2595 1113 2887 1170 exponam.
3196 1143 3200 1150 .

2099 1189 2295 1262 Jephte
2316 1192 2397 1246 vir
2424 1190 2732 1247 Galaadites
2767 1191 2868 1245 l'uit
2907 1209 2920 1246 :
2949 1200 3003 1245 ct
3045 1206 3350 1261 quanquam
3390 1209 3454 1248 ex
3497 1210 3609 1249 ma-

2034 1291 2115 1339 tre
2145 1284 2432 1339 meretrice
2460 1294 2637 1352 natus,
2680 1284 2879 1352 pietate
2941 1293 3120 1339 tamen
3177 1294 3230 1338 ct
3288 1285 3607 1342 fortitudine

2029 1373 2341 1446 praestabat.
2368 1373 2649 1445 Iliejudex
2681 1376 2772 1429 toti
2805 1374 3006 1446 populo
3039 1384 3287 1446 praeerat.
3326 1377 3494 1434 Porro
3513 1393 3610 1448 per

2032 1465 2085 1521 id
2111 1475 2321 1536 tempus
2352 1466 2584 1520 Ammon
2611 1467 2908 1538 alienigena
2963 1469 3255 1539 subegerat
3307 1467 3604 1525 lsraelem:

2035 1564 2196 1628 atque
2231 1558 2284 1612 in
2314 1573 2538 1629 magnas
2559 1560 2838 1628 angustias
2869 1559 3099 1615 deducta
3129 1575 3216 1616 res
3253 1560 3606 1617 Hebraeorum

2033 1657 2173 1724 erat.
2205 1647 2516 1719 Alienigena
2543 1664 2671 1704 vero
2709 1649 2796 1704 ille
2819 1649 3040 1704 victoria
3093 1651 3266 1707 elatus
3313 1652 3609 1708 insolesce—

2035 1739 2145 1796 bat.
2170 1739 2380 1810 'Jephte
2429 1741 2592 1812 igitur
2623 1755 2850 1811 magnas
2908 1742 3090 1812 copias
3146 1755 3366 1799 coactas
3419 1756 3606 1800 contra

2034 1831 2252 1888 hostem
2281 1833 2449 1895 ducit.
2487 1849 2548 1887 ac
2589 1849 2906 1906 progressus
2933 1834 2986 1889 in
3023 1836 3194 1891 aciem
3231 1845 3413 1890 votum
3464 1840 3612 1892 vovit

2033 1922 2167 1989 Deo,
2207 1939 2312 1979 non
2335 1924 2468 1979 satis
2499 1927 2660 1978 verba
2690 1925 3042 1982 considerans
3066 1926 3204 1997 (71),
3261 1927 3323 1986 si.
3371 1927 3609 1983 hostium

2033 2021 2322 2089 potiretur,
2362 2021 2676 2091 quicunque
2719 2021 2928 2091 primus
2981 2035 3234 2088 egressus
3289 2021 3448 2077 domo
3505 2023 3606 2077 sibi

2033 2130 2065 2170 c
2091 2115 2234 2171 bello
2267 2125 2561 2171 revertenti
2587 2118 2905 2186 procederet
2929 2117 3168 2184 obviam,
3200 2133 3325 2174 eum
3367 2117 3611 2174 victoria}

2036 2207 2247 2261 auctori
2272 2206 2382 2262 Deo
2414 2207 2469 2262 in
2499 2206 2875 2262 holocaustum
2903 2223 2931 2260 a
2963 2223 3024 2264 se
3068 2206 3428 2265 oﬂ‘erendum.
3482 2207 3610 2265 Vin-

2036 2297 2176 2353 citur
2204 2311 2335 2369 ergo
2361 2300 2612 2365 Ammon,
2666 2305 2829 2368 atque
2867 2295 3036 2353 Israel
3081 2307 3304 2354 strenue
3350 2315 3464 2355 rem
3521 2315 3616 2370 ge-

2033 2403 2182 2456 rens,
2206 2405 2271 2446 ac
2291 2403 2626 2460 persequens
2652 2389 2860 2460 praedas
2886 2392 2996 2460 agit
3023 2406 3037 2444 :
3079 2397 3133 2444 et
3155 2389 3263 2444 dux
3304 2389 3532 2447 victoria
3559 2402 3612 2448 et

2036 2481 2248 2550 apoliis,
2275 2489 2334 2536 ut
2371 2497 2470 2552 par
2497 2493 2638 2546 erat,
2665 2482 2992 2550 conspicuus
3025 2480 3186 2538 redit.
3218 2482 3296 2536 Ac
3333 2483 3522 2539 civitas
3548 2485 3615 2539 de

2035 2576 2314 2646 triumpho
2349 2577 2546 2632 certior
2583 2576 2720 2632 facta
2747 2573 2914 2630 effusa
2936 2584 3020 2630 est
3070 2576 3249 2630 omnis
3316 2575 3367 2630 in
3419 2589 3613 2632 occur-

2043 2681 2186 2734 sum,
2214 2667 2396 2723 choris
2445 2680 2510 2724 ac
2565 2665 2835 2738 tympanis
2884 2664 3075 2720 ducem
3126 2667 3193 2720 ad
3261 2665 3454 2721 cmlum
3506 2667 3615 2722 tolo

2042 2759 2188 2815 lens.
2253 2759 2521 2815 Ceterum
2585 2758 2794 2829 reliqua
2847 2758 3090 2812 narratio
3158 2759 3398 2812 continet
3461 2759 3615 2815 triste

2040 2850 2294 2920 quiddam
2332 2849 2597 2905 :(iliolam
2625 2847 2819 2920 Iephte
2856 2849 3098 2916 unicam,
3152 2857 3208 2905 et
3264 2848 3446 2920 specie
3483 2850 3617 2906 insi-

2039 2955 2224 3012 gnem,
2251 2955 2316 2996 ac
2346 2941 2550 3012 nuptiis
2572 2939 2683 3010 jam
2716 2949 2984 2996 maturam
3010 2941 3263 2996 habebat.
3292 2941 3346 2996 In
3372 2943 3483 3013 ipsa
3505 2957 3615 2998 una

2041 3048 2164 3102 spes
2191 3049 2316 3090 suas
2344 3035 2583 3106 agitabat
2609 3044 2780 3106 pater,
2811 3049 2972 3106 quam
3008 3044 3064 3091 et
3089 3050 3258 3100 genus
3295 3045 3621 3106 propagatu-

2041 3141 2176 3191 ram,
2201 3135 2254 3181 et
2281 3126 2650 3182 haeretlitatetn
2677 3125 2929 3181 inituram
2962 3125 3254 3197 cogitabat.
3287 3125 3350 3180 Et
3370 3125 3620 3183 fortassis

2039 3217 2104 3270 ad
2141 3217 2398 3288 templum
2446 3231 2568 3272 cum
2621 3217 2936 3284 ventitaret,
2982 3227 3106 3273 vota
3171 3217 3553 3288 auspicabatur
3586 3234 3617 3272 a

2040 3308 2170 3364 illia.
2208 3308 2332 3364 llaec
2361 3311 2427 3364 de
2449 3308 2691 3378 parentis
2723 3308 2938 3378 tropaeis
2977 3307 3155 3362 laetum
3204 3307 3454 3362 nuntium
3496 3323 3620 3364 cum

2044 3401 2362 3470 accepisset,
2412 3401 2607 3472 gaudio
2647 3399 2886 3456 delibuta
2936 3399 3190 3455 ocissime
3263 3400 3495 3470 prosilit,
3565 3409 3622 3455 et

2039 3509 2252 3564 sponsae
2282 3495 2386 3548 ritu
2421 3503 2678 3549 exornata
2715 3509 2746 3550 e
2795 3493 3032 3548 thalamo
3058 3492 3334 3564 egreditur
3377 3493 3620 3550 omnium

2043 3590 2094 3642 in
2121 3601 2178 3641 se
2211 3587 2280 3641 ob
2312 3585 2772 3655 pulchritudinem
2797 3585 2988 3642 oculos
3017 3593 3260 3641 vertens.
3299 3587 3472 3658 Igitur
3519 3587 3623 3642 iter
3673 3575 3676 3580 ’

2044 3677 2357 3732 accelerans
2388 3675 2630 3732 omnium
2668 3676 2842 3746 prima
2873 3676 3085 3748 parenti
3121 3675 3408 3734 infeliciter
3436 3692 3626 3732 occur-

2043 3771 2226 3834 rit;et
2268 3783 2390 3824 cum
2443 3769 2752 3824 reverentia
2807 3766 3165 3839 ﬂagrantique
3227 3767 3423 3824 allecto
3480 3767 3620 3824 collo

2042 3861 2156 3930 ejus
2187 3861 2471 3930 implicito,
2493 3861 2864 3932 gratulationis
2890 3861 3053 3916 verba
3097 3861 3354 3916 emittena
3413 3859 3624 3918 salvere

2037 3953 2282 4026 jubebat.
2323 3951 2404 4006 Ad
2437 3955 2549 4007 haec
2577 3950 2768 4020 Jephte
2795 3950 3090 4021 ingemuit;
3131 3961 3205 4014 et,
3234 3949 3331 4005 llei
3359 3950 3510 4016 mihi,
3539 3949 3626 4005 in-

2041 4047 2180 4116 quit,
2214 4043 2340 4104 lilia.
2382 4042 2526 4112 quod
2565 4041 2746 4098 Deote
2775 4041 2898 4098 vovi
2929 4041 3334 4096 immulandam.
3368 4040 3472 4097 Sed
3497 4042 3621 4097 hei!

2046 4136 2172 4190 audi
2209 4134 2435 4203 virginis
2481 4134 2730 4203 ingenua:
2759 4146 2970 4195 vocem.
3001 4139 3057 4187 et
3117 4132 3356 4203 pulchre
3398 4147 3624 4202 genero-

2046 4239 2135 4280 sos
2161 4224 2382 4294 spiritus
2407 4216 2691 4280 considera
2707 4222 3002 4294 paululum.
3029 4220 3140 4293 ω
3161 4221 3342 4278 Primo
3373 4235 3485 4276 rem
3515 4229 3625 4276 tam

351 4317 592 4370 ἄκουσον
626 4311 885 4381 εὐγενοῦς
941 4310 1215 4382 παρθένου
1272 4309 1498 4380 φωνῆς’
1529 4309 1646 4365 ἀλλ’
1700 4310 1935 4364 ἐνταῦθα

2047 4315 2380 4385 inepiuatam
2403 4315 2627 4369 audiens
2660 4327 2897 4382 maerore
2930 4322 3073 4368 tacta
3108 4321 3193 4368 est
3231 4329 3246 4366 :
3281 4322 3402 4384 post
3439 4329 3496 4367 se
3542 4312 3628 4382 ip-

355 4407 558 4459 σκόπει
615 4420 706 4475 μοι
739 4401 961 4472 εὐγενὲς
999 4381 1257 4471 ῴρόνημα
1297 4401 1570 4473 παρθένου
1602 4402 1794 4473 καλῆς.
1831 4402 1935 4457 Μι-

2047 4381 2162 4463 sam
2197 4406 2434 4476 collegit,
2480 4414 2558 4472 et,
2607 4405 2754 4461 omni
2785 4421 2816 4460 a
2839 4420 2898 4461 se
2933 4418 3166 4462 excusso
3206 4381 3422 4469 timore,
3460 4381 3628 4460 totam

352 4497 490 4567 κρὸν
526 4495 976 4562 ἐπιστυγνάσασα
997 4493 1074 4564 τῷ
1100 4492 1397 4563 παραλόγῳ
1417 4491 1517 4564 τῆς
1545 4493 1716 4564 ἀκοῆς
1743 4493 1943 4547 ἀνέλα-

353 4589 452 4641 ϐεν
482 4586 702 4658 ἑαυτὴν,
729 4585 826 4640 καὶ
845 4586 1030 4638 πᾶσαν
1053 4583 1257 4638 δειλίαν
1274 4584 1334 4649 ἐξ
1350 4584 1550 4654 ἑαυτῆς
1575 4583 1941 4652 ἐκϐάλλουσα,

351 4684 454 4748 ὅλη
487 4682 582 4736 τοῦ
615 4679 892 4752 πατρικοῦ
937 4679 1245 4751 θελήματος
1280 4679 1514 4748 γίνεται.
1576 4679 1861 4750 ’Δγχουσα
1887 4679 1945 4734 δὲ

354 4777 425 4828 τά
454 4776 670 4844 δάκρυα
723 4773 830 4827 τῶν
869 4771 1168 4842 ὀφθαλμῶν
1229 4769 1618 4840 ἐπιγενόμενα,
1651 4765 1740 4822 οἷα
1771 4770 1830 4824 δέ
1859 4787 1946 4833 τις

355 4867 578 4940 είαρινὴ
623 4865 803 4938 ἀηδὼν
857 4864 1058 4919 αίλινον
1093 4864 1375 4935 μυρομένη
1406 4861 1572 4933 ᾠδὴν,
1604 4861 1790 4934 ἠρέμα
1833 4878 1951 4926 πως

357 4963 572 5030 ἔφασκε
627 4959 706 5028 τῷ
769 4959 978 5029 πατρί⁸
1014 4957 1220 5024 Πάτερ,
1254 4956 1303 5007 εί
1339 4957 1400 5008 ἐν
1441 4954 1566 5024 ἐμοὶ
1616 4952 1836 5023 ἧνοιξας
1887 4952 1948 5007 τὸ

427 5080 474 5111 ⁷⁸
499 5076 652 5132 lenae
678 5091 777 5142 xu,
804 5073 889 5129 io.
979 5071 1172 5129 "Jud.
1208 5087 1320 5136 ut,
1359 5071 1454 5128 59.

2049 4514 2110 4556 se
2163 4499 2404 4572 parentis
2453 4499 2720 4554 voluntati
2799 4498 3067 4570 permisit.
3146 4496 3443 4569 Lacrymas
3499 4513 3629 4554 vero

2049 4608 2116 4648 ex
2163 4594 2336 4649 oculis
2398 4593 2700 4663 reprimens
2756 4592 2869 4663 jam
2909 4600 3286 4664 erumpentes;
3348 4600 3402 4646 et
3450 4591 3628 4661 qualis

2050 4697 2218 4738 verno
2245 4692 2484 4755 tempore
2510 4684 2738 4739 luscinia
2780 4683 2896 4755 (72)
2936 4683 3148 4755 lugubri
3197 4680 3470 4736 cantilena
3529 4681 3628 4737 de-

2051 4775 2270 4844 plorans
2306 4775 2514 4846 placide
2537 4786 2746 4847 patrem
2790 4785 2872 4832 est
2916 4775 3151 4830 allocuta
3185 4789 3199 4828 :
3250 4772 3431 4840 Pater,
3469 4772 3513 4827 si
3571 4771 3627 4828 in

2051 4880 2232 4921 meum
2281 4876 2444 4938 caput
2498 4881 2561 4922 os
2603 4877 2752 4922 tuum
2804 4865 3036 4921 Domino
3089 4865 3376 4936 aperuisti,
3432 4864 3633 4934 perﬁce

2051 4956 2323 5025 quomodo
2353 4967 2537 5014 votum
2567 4955 2893 5028 nuncupaati
2924 4962 3099 5010 tuum.
3151 4951 3275 5022 Quo
3322 4964 3482 5028 pacto
3543 4952 3626 5009 af-

1601 5138 1931 5202 Francisci
1968 5139 2182 5204 Scorsi
2209 5147 2400 5203 notas.

432 5271 549 5338 (71)
594 5266 714 5321 Νυη
761 5269 889 5320 satis
942 5266 1095 5338 verba
1151 5261 1514 5338 considerans.
1566 5259 1941 5338 Temerariurn

361 5329 542 5413 ἰςὶιιιιί
567 5338 976 5413 Jcphtevotum
1019 5334 1213 5413 fuisse
1239 5337 1318 5386 his
1371 5332 1549 5413 verbis
1587 5329 1828 5412 insinuat
1859 5333 1946 5413 hic

362 5401 551 5474 pater,
577 5401 869 5476 et'qnidem
899 5421 1042 5468 vere,
1070 5408 1214 5472 quod
1236 5402 1478 5476 ostendit
1504 5401 1736 5476 Suarius
1755 5411 1946 5476 noster

364 5499 498 5539 tvm.
538 5471 593 5534 Il
632 5471 704 5531 Ife
752 5479 1023 5546 reiigione.
1074 5471 1166 5526 lib.
1203 5488 1262 5546 tt,
1305 5487 1428 5546 cap.
1464 5473 1552 5533 10,
1599 5473 1687 5525 ubi
1846 5471 1948 5524 hoc

362 5538 620 5614 sithtil'tus
649 5538 1126 5616 qumritﬂlahctur
1156 5545 1210 5616 id
1243 5538 1406 5595 etiam
1439 5557 1500 5594 ex
1531 5550 1719 5594 sancto
1752 5538 1944 5592 Hiero-

364 5639 554 5696 nymo,
589 5614 684 5673 lib.
715 5635 728 5672 ι
760 5619 956 5669 Contra
989 5614 1327 5696 Jouiut'itnmu
1353 5651 1391 5696 ,I
1420 5628 1608 5696 parum
1638 5621 1800 5696 .attle.
1833 5624 1945 5690 tne-

362 5680 658 5757 diunﬁubi
684 5686 1103 5755 ailrcprebendi
1127 5685 1343 5738 solitum
1368 5680 1562 5749 Jephte
1600 5685 1668 5736 ab
1709 5680 1948 5736 llebra’is

745 5783 1021 5842 PATROL.
1058 5780 1175 5842 Gn.
1217 5775 1532 5837 CXXXII.

2051 5263 2161 5315 voti
2199 5259 2474 5314 temerarii
2512 5276 2525 5313 :
2557 5259 2694 5313 Nunt
2721 5259 2766 5311 si
2791 5258 2962 5322 canis,
2983 5254 3264 5326 inquiunt.
3295 5255 3632 5320 occurrisset,

2052 5333 2097 5384 ai
2128 5331 2334 5395 asinus,
2375 5331 2501 5398 quid
2527 5330 2717 5396 faceret
2738 5329 2764 5380 1
2788 5339 2843 5384 et
2867 5323 3144 5398 subiungit
3169 5342 3185 5380 :
3211 5323 3294 5398 Ea:
3312 5339 3415 5394 quo
3449 5326 3634 5379 volunt

2052 5395 2446 5468 dispensatione
2483 5395 2576 5452 Dei
2611 5398 2834 5465 factum,
2859 5408 2912 5449 ut
2947 5395 3037 5466 qui
3067 5395 3367 5468 imperfecte
3396 5409 3631 5468 voverat,

2053 5465 2282 5523 errorem
2321 5471 2419 5523 rati
2451 5472 2503 5522 in
2536 5469 2660 5536 ﬁlia:
2689 5481 2851 5521 morte
2894 5465 3130 5523 sentiret.
3170 5465 3392 5536 llmcex
3445 5465 3635 5518 HiCI'O'

2055 5555 2236 5609 nytno.
2270 5539 2411 5593 Idem
2446 5534 2606 5607 igitur
2639 5541 2722 5593 «le
2769 5541 2870 5593 hoc
2917 5538 3240 5609 votosentit
3275 5534 3360 5609 hic
3419 5545 3634 5600 auctor,

2051 5604 2177 5664 cum
2210 5626 2331 5664 cum
2365 5604 2631 5664 nonsatis
2665 5613 2825 5664 verba
2865 5607 3162 5677 dispertisse
3195 5604 3346 5656 dicit.

2124 5680 2241 5750 (72)
2271 5678 2439 5736 Vento
2464 5689 2698 5749 tempore
2715 5675 2962 5727 [νεάνιδα
2989 5677 3116 5731 Vide
3142 5675 3384 5740 hom.v1,
3404 5686 3518 5730 not.
3547 5677 3628 5729 l-i.

3163 5767 3240 5825 12
