3974 6200
306 293 414 356 347

1527 289 2026 352 THEOPHANIS
2063 288 2408 348 (XERAMEI

3477 287 3592 351 348

313 431 331 460 ι
382 406 658 463 Publiceni
718 402 1025 475 pratcedent
1078 419 1174 458 vos
1221 403 1273 456 in
1325 416 1550 473 regnum
1589 404 1717 466 Dei;
1758 422 1776 454 ι
1810 403 1909 457 ali~

2026 401 2173 456 Θεοῦ.
2215 421 2235 449 ι
2283 400 2511 453 ’Λλλοτε
2553 397 2833 462 ὀνειδίζων
2858 396 2984 460 τοὺς
3015 397 3362 464 δανείζοντας
3392 400 3480 453 ἐπ’
3508 403 3602 454 ἑλ-

307 499 528 568 quando
579 497 741 552 etiam
801 494 1202 562 reprehendens
1249 509 1362 554 ros.
1397 495 1495 563 qui
1535 509 1630 562 spe
1678 493 1904 550 fauoris

311 592 586 661 repetendi
641 596 880 642 mutuam
945 587 1076 640 dant
1143 589 1424 656 pecuniam
1475 607 1488 642 :
1549 605 1570 638 ι
1614 586 1803 641 Nonne
1853 595 1907 641 et

310 681 600 750 publicani,
651 679 848 748 inquit,
880 678 982 732 hoc
1014 678 1260 732 faciunt?
1293 697 1311 730 ι
1355 677 1489 732 Cum
1540 678 1682 733 enim
1726 677 1907 746 publi-

309 790 505 828 canum
559 773 824 838 nominat,
868 785 934 826 eo
965 773 1186 825 nomine
1219 771 1598 840 complectitur
1630 770 1745 840 (52)
1779 784 1909 823 ava-

312 881 452 929 rum,
504 865 788 932 iniustum,
849 873 1160 931 raptorem,
1220 863 1353 917 lucri
1409 863 1709 930 cupidum;
1761 861 1906 931 quod

312 962 452 1013 idem
503 969 608 1019 est.
650 974 712 1012 ac
746 960 790 1014 si
822 958 972 1014 dicas
1015 959 1173 1012 idolis
1222 958 1587 1023 servientem;
1639 956 1906 1022 siquidem

315 1053 511 1108 Paulus
548 1052 811 1107 idolorum
847 1055 1163 1108 servitutem
1207 1053 1490 1107 avaritiam
1521 1052 1814 1122 appellavit
1839 1052 1906 1107 ⁸⁸.

317 1146 422 1201 Sed
451 1163 570 1202 cum
605 1163 712 1200 non
741 1147 1062 1216 simpliciter
1087 1147 1454 1216 publicanum,
1489 1149 1582 1202 sed
1611 1149 1908 1217 principem

318 1240 728 1307 publicanorum
761 1238 1081 1294 Zacchzeum
1124 1247 1277 1293 vocet
1306 1240 1656 1308 evangelista,
1696 1239 1912 1292 malitia:

321 1328 744 1394 magnitudinem
771 1337 941 1383 notat.
968 1328 1079 1382 lloc
1101 1330 1246 1383 enim
1283 1329 1523 1383 obtinuit
1554 1331 1911 1395 consuetudo,

318 1433 372 1473 ιιι
428 1423 645 1488 quando
681 1424 804 1491 quis
867 1423 917 1476 in
951 1421 1130 1491 aliquo
1184 1438 1381 1491 genere
1435 1423 1588 1477 boum
1638 1424 1716 1476 vel
1761 1423 1914 1477 malta

316 1513 452 1567 artis
507 1513 888 1582 perfectionem
925 1515 993 1568 sit
1024 1524 1389 1582 consecutus,
1447 1517 1783 1586 principatus
1815 1530 1914 1568 no-

319 1621 439 1657 men
499 1621 621 1658 cum
674 1605 1013 1673 professione
1081 1618 1458 1677 componatur.
1518 1609 1596 1660 Ita
1662 1612 1917 1676 princeps

321 1697 586 1750 latronum
659 1697 798 1767 (53),
865 1700 1118 1768 princeps
1167 1714 1486 1768 coquornm,
1538 1699 1790 1768 princeps
1839 1699 1918 1753 fa-

2013 495 2127 548 πίδι
2150 495 2246 548 τοῦ
2269 493 2606 564 κομίσασθαι
2636 492 2848 546 δάνειον
2880 507 2894 521 ο
2932 509 2952 542 ι
2993 489 3131 559 Οὐχὶ
3165 492 3262 545 καὶ
3287 493 3336 545 οἱ
3366 493 3606 549 τελῶναι

2011 590 2073 644 τὸ
2125 589 2261 642 αὐτὸ
2318 587 2601 653 ποιούσινς
2635 605 2652 638 ι
2725 585 2786 638 Ὀ
2827 585 2937 656 γὰρ
2999 584 3243 655 τελώνην
3295 585 3492 652 εἰπὼν,
3548 591 3608 640 ἐν

2012 679 2201 750 ταύτῷ
2249 679 2697 750 παραλαμϐάνει,
2731 678 2828 731 καὶ
2864 677 3219 746 πλεονέκτην,
3257 680 3354 731 καὶ
3397 678 3608 742 ἄδικον,

2016 774 2113 826 καὶ
2142 772 2392 844 ἅρπαγα,
2426 773 2520 824 καὶ
2549 771 2886 840 φιλάργυρον
2922 784 2938 800 ⁸
2975 770 3173 822 ταυτδν
3195 769 3253 822 δέ
3287 771 3487 834 εἰπεῖν,
3523 771 3611 824 ὅτι

2015 866 2112 919 καὶ
2158 867 2272 927 τοῖς
2320 864 2563 927 εἰδώλοις
2616 862 2990 932 λατρεύονταδ
3029 865 3056 915 ὁ
3095 862 3194 930 μὲν
3235 863 3344 933 γὰρ
3393 862 3616 925 Παῦλος

2017 956 2464 1026 εἰδωλολατρείαν
2509 955 2609 1026 τὴν
2638 953 3006 1025 φιλαργυρίαν
3047 953 3279 1020 ἐκάλεσε
3306 971 3321 986 ο
3367 956 3465 1008 καὶ
3488 956 3616 1008 οὐδὲ

2021 1049 2264 1120 τελώνην
2296 1047 2509 1112 ἀπλῶς,
2563 1046 2679 1101 ἀλλ’
2725 1045 3098 1117 ἀρχιτελώνην
3134 1045 3164 1098 ὁ
3212 1047 3618 1118 εὐαγγελιστῆς

2017 1143 2391 1212 τὸνΖακχαῖον
2419 1139 2726 1210 ώνομακὼς
2743 1141 2842 1209 τὴν
2867 1137 3234 1191 ἐπίτασιν¹τοῦ
3261 1137 3436 1192 κακοῦ
3467 1158 3618 1210 παρ-

2019 1235 2309 1304 εδήλωσεν.
2352 1233 2510 1287 Οὕτω
2560 1232 2670 1304 γὰρ
2717 1235 2751 1303 ὴ
2796 1231 3054 1301 συνήθεια
3093 1230 3188 1283 τοῦ
3251 1232 3308 1282 ἐν
3337 1230 3468 1283 εῖδει
3502 1232 3621 1284 τινὶ

2020 1327 2245 1390 κακίας,
2299 1327 2332 1397 ἢ
2385 1327 2590 1396 ἀρετῆς
2650 1327 2733 1390 είς
2783 1326 2952 1396 ἄκρον
2999 1324 3315 1388 ἐλάσαντος,
3372 1323 3472 1394 τὴν
3517 1324 3622 1392 τῆς

2022 1421 2202 1491 ἀρχῆς
2248 1420 2628 1490 προσηγορίαν
2687 1417 3016 1488 προστίθησι
3060 1417 3137 1487 τῷ
3195 1415 3620 1486 ἐπιτηδεύματι,

2022 1515 2213 1584 ὥσπερ
2239 1513 2599 1584 ἀρχιλῃστὴν,
2640 1513 2673 1583 ἦ
2701 1511 3125 1583 ἀρχιμάγειρον,
3159 1510 3191 1581 ἢ
3225 1510 3615 1580 ἀρχιτέκτονα.

2026 1607 2092 1660 Εἰ
2143 1605 2275 1674 γοῦν
2315 1608 2342 1659 ὁ
2391 1604 2632 1673 τελώνης
2677 1603 2774 1656 νῦν
2804 1604 2884 1666 είς
2916 1601 3172 1654 τοσοῦτον
3211 1602 3488 1672 ἀσκήσας,
3523 1601 3622 1653 καὶ

2025 1701 2128 1768 τὴν
2184 1698 2379 1766 ἀκλεῆ,
2415 1699 2511 1750 καὶ
2557 1695 2872 1764 ἀκάθαρτον
2904 1693 3186 1747 πολιτείαν
3217 1693 3392 1756 οὕτως
3426 1695 3619 1761 ἐπιτηο

320 1791 540 1843 hrorum
604 1791 822 1845 dicitur.
862 1791 1020 1845 Nunc
1083 1793 1248 1860 igitur
1295 1793 1340 1846 si
1377 1793 1695 1861 publicanus
1723 1833 1738 1858 ,
1792 1807 1914 1847 cum

2026 1793 2256 1857 δεύσας,
2297 1792 2372 1854 ώς
2408 1791 2500 1842 καὶ
2536 1792 2649 1847 τοῖς
2689 1789 2870 1850 ἄλλοις
2900 1785 2994 1840 τοῦ
3039 1785 3210 1839 κακοῦ
3247 1785 3504 1853 γενέσθαι
3537 1786 3620 1838 δι-

321 1898 493 1952 nsque
522 1898 585 1935 eo
614 1883 973 1947 exercuisset,
1010 1893 1063 1936 et
1106 1883 1309 1938 infame
1362 1883 1750 1953 impurumque
1795 1884 1919 1938 vitae

323 1979 624 2032 inSIitutum
691 1978 765 2031 ita
836 1986 1154 2046 persecutus
1209 1988 1397 2042 essm,
1458 1988 1518 2034 ut.
1574 1980 1695 2034 aliis
1756 1979 1917 2034 etiam

329 2072 483 2123 malae
522 2071 654 2124 artis
681 2072 936 2140 magister
966 2071 1240 2138 CYadCl‘ei,
1288 2071 1572 2126 Dominum
1601 2081 1778 2126 tamen
1809 2088 1924 2141 ptr-

327 2165 552 2219 nitentia
608 2165 897 2234 propitium
937 2166 1036 2220 sibi
1071 2165 1218 2231 fecit,
1269 2166 1389 2234 quis
1424 2182 1530 2220 non
1578 2166 1724 2220 omni
1769 2167 1924 2222 festi-

327 2261 570 2322 natione,
613 2260 900 2329 studioque
951 2261 1227 2330 confugiat
1276 2262 1341 2315 ad
1394 2261 1536 2316 hanc
1593 2262 1924 2328 poenitentia:

328 2351 648 2404 medicinam
701 2352 957 2406 divinitus
1009 2352 1230 2406 datam?
1268 2353 1373 2408 Sed
1429 2369 1458 2406 a
1516 2353 1824 2422 principio,
1878 2353 1921 2405 si

329 2442 564 2509 videtur,
608 2445 1023 2513 explicationem
1079 2455 1390 2512 repetamus
1413 2446 1480 2496 ".
1519 2464 1538 2496 ι
1571 2444 1624 2498 lu
1658 2445 1745 2498 illo
1787 2453 1926 2499 tem-

328 2551 458 2605 pore
493 2535 649 2591 Jesus
695 2537 1100 2604 perambulabat
1147 2536 1402 2592 Jcricho:
1433 2547 1486 2590 et
1525 2551 1653 2591 ecce
1703 2536 1784 2589 vir
1831 2550 1925 2588 no-

331 2629 474 2682 mine
508 2628 819 2694 Zacclueus,
850 2639 906 2684 et
935 2631 1020 2686 hic
1047 2641 1164 2685 erat
1196 2631 1450 2700 princeps
1485 2631 1924 2698 publicanorum,

328 2731 384 2777 et
427 2724 540 2791 ipse
593 2723 782 2790 dives;
836 2735 890 2778 et
943 2726 1220 2792 quaerebat
1273 2725 1457 2779 videre
1510 2723 1714 2779 Jcsum.
1749 2742 1768 2775 ι
1824 2722 1928 2777 Re-

331 2816 647 2868 vertebatnr
683 2829 814 2869 sane
854 2814 1114 2867 Dominus
1138 2816 1190 2866 in
1223 2813 1544 2878 Jerusalem,
1576 2829 1642 2867 ex
1667 2813 1924 2877 Galilara;

330 2913 385 2956 et
414 2921 532 2956 cum
563 2914 746 2972 posset
783 2905 943 2958 aliam
997 2905 1136 2958 inire
1173 2905 1310 2957 viam
1361 2904 1447 2973 (ex
1478 2902 1723 2958 Samaria
1779 2903 1926 2957 enim

333 2993 510 3048 facilis
574 3003 692 3048 erat
766 2996 973 3049 reditus
1025 2997 1078 3048 in
1132 2993 1480 3058 Jerusalem),
1533 3003 1686 3049 certo
1751 3005 1928 3050 tamen

331 3087 445 3155 89
471 3086 698 3141 consilio
727 3103 823 3156 per
851 3087 1070 3142 Jerieho
1105 3087 1232 3140 fecit
1257 3087 1360 3140 iter
1384 3103 1398 3152 ;
1434 3087 1477 3141 si
1509 3087 1686 3154 primo
1709 3102 1766 3140 se
1797 3085 1930 3141 olle—

337 3186 542 3230 rentem
570 3217 586 3242 ,
632 3189 987 3247 apertamque
1017 3189 1326 3247 spectemus
1364 3179 1648 3240 rationem,
1669 3188 1729 3232 ut
1750 3177 1930 3232 Barti-

337 3285 530 3324 mzeum
566 3285 596 3324 a
632 3271 883 3326 cmcitate
920 3269 1176 3324 liberaret
1198 3269 1266 3336 ‘°,
1315 3279 1370 3325 et
1413 3271 1714 3340 principem
1753 3270 1932 3340 publi-

336 3379 600 3418 canorum
639 3361 956 3417 Zacchreum
1013 3363 1078 3417 ad
1115 3361 1492 3432 pteuitentiam
1524 3370 1829 3416 revocaret.
1871 3360 1929 3416 Si

339 3469 470 3509 vero
525 3456 698 3525 magis
759 3455 1047 3525 mysticam
1105 3473 1118 3509 :
1181 3455 1438 3524 quoniam
1497 3453 1807 3523 parabolice
1864 3453 1931 3508 de

336 3547 546 3601 Adamo
581 3555 706 3602 ante
740 3547 1084 3616 pramiserat
1113 3546 1250 3618 (51),
1296 3547 1439 3617 quod
1481 3547 1820 3603 descendens
1859 3562 1925 3603 ex

335 3636 638 3692 Jerusalem
680 3636 733 3690 in
777 3635 1000 3692 Jericho
1035 3637 1297 3691 inciderat
1344 3637 1395 3690 in
1443 3637 1705 3701 latrones,
1734 3646 1788 3692 et
1822 3653 1926 3691 nu-

337 3732 460 3792 dus.
517 3728 847 3798 sauciusque
904 3728 1130 3783 relictus
1178 3727 1381 3794 fuerat,
1431 3737 1486 3783 et
1525 3743 1590 3784 ex
1638 3729 1928 3784 contrariis

335 3821 627 3890 oportebat
677 3819 872 3873 confici
929 3819 1197 3872 vulnerati
1236 3818 1562 3873 rnedicinam
1600 3818 1927 3891 (contrario-

337 3927 454 3964 rum
503 3911 647 3966 enim
697 3910 968 3964 contraria
1023 3909 1424 3964 medicamenta
1474 3908 1665 3979 Sttnt);
1719 3909 1925 3966 idcirco

337 4005 643 4074 regreditur
681 4003 802 4057 vice
841 4018 992 4057 versa
1033 4000 1283 4056 Salvator
1320 4017 1387 4056 ex
1415 3999 1638 4055 Jerieho
1683 4003 1736 4056 in
1768 4000 1926 4056 Jeru-

334 4096 502 4149 salem
539 4094 813 4150 reducens
839 4111 931 4165 per
961 4096 1311 4164 semetipsum
1337 4110 1424 4160 eo,
1458 4096 1598 4149 unde
1624 4095 1922 4157 deciderat,

334 4188 609 4242 hominem
645 4189 1011 4243 vulneratum.
1059 4187 1282 4243 Jericho
1313 4188 1456 4242 enim
1493 4189 1772 4242 descensus
1810 4187 1923 4258 (55)

334 4281 749 4349 interpretatur,
785 4283 1012 4334 denotat
1044 4296 1174 4335 vero
1199 4281 1410 4334 ruinam
1443 4279 1496 4333 in
1528 4295 1690 4349 quam
1723 4279 1924 4335 cecidit

333 4373 542 4442 lapsum
585 4390 755 4440 genus
805 4374 1125 4428 humanum.
1180 4373 1285 4428 Sed
1321 4373 1562 4428 historia:
1595 4375 1795 4427 seriem
1833 4388 1923 4427 re-

2021 1888 2313 1951 δάσκαλος,
2377 1884 2639 1956 μετανοίᾳ
2699 1883 2790 1936 τὸν
2844 1882 3047 1951 Κύριον
3088 1880 3376 1942 ίλεώσατο,
3414 1879 3500 1940 τίς
3556 1880 3621 1932 ού

2023 1979 2367 2050 προσδράμοι
2397 1977 2517 2047 μετ’
2550 1975 2812 2040 ἐπείξεως
2838 1973 3020 2043 πάσης
3049 1973 3188 2042 πρὸς
3214 1972 3274 2024 τὺ
3304 1974 3403 2040 τῆς
3442 1989 3619 2040 μετα-

2023 2075 2170 2136 νοίας
2199 2072 2440 2124 Οεὸδοτον
2459 2072 2773 2141 φάρμακον.
2821 2067 2986 2135 Ἀλλ’,
3017 2069 3062 2120 εἰ
3081 2066 3250 2130 δοκεῖ,
3282 2066 3492 2120 ἀνωθεν
3521 2066 3623 2135 τὴν

2023 2167 2282 2234 διήγησιν
2319 2165 2704 2234 ἀναλάϐωμεν.
2741 2183 2760 2215 ι
2797 2163 2886 2233 Τῷ
2917 2161 3097 2232 καιρῷ
3139 2161 3337 2232 ἐκείνῳ
3363 2161 3626 2229 διίρχετο

2025 2259 2053 2309 ὁ
2097 2257 2306 2326 Ἰησοῦς
2356 2258 2456 2326 τὴν
2507 2255 2742 2326 Ἰεριχὼ,
2792 2255 2888 2308 καὶ
2941 2253 3050 2307 ἰδοὺ
3095 2255 3236 2323 ἀνὴρ
3280 2252 3624 2320 καλούμενος

2025 2349 2252 2416 ὀνόματι
2299 2350 2593 2418 Ζακχαῖος,
2643 2349 2738 2401 καὶ
2778 2347 2940 2409 αὐτὸς
2974 2342 3043 2418 ἦν
3093 2345 3491 2416 ἀρχιτελώνης,
3529 2346 3624 2396 καὶ

2027 2436 2180 2504 οὗτος
2224 2438 2292 2512 ἦν
2341 2441 2620 2504 πλούσιος,
2676 2442 2772 2494 καὶ
2817 2439 3004 2509 ἐζήτει
3048 2440 3178 2492 ἰδεῖν
3214 2438 3305 2492 τὸν
3339 2439 3566 2508 Κύριον.
3602 2459 3620 2489 ι

2033 2537 2176 2587 Ἰετο
2215 2535 2316 2602 μὲν
2345 2535 2372 2585 δ
2414 2533 2606 2603 Σωτὴρ
2641 2533 2705 2583 ἐκ
2749 2532 2849 2601 τῆς
2885 2532 3179 2593 Γαλιλαίας
3215 2531 3296 2592 είς
3343 2529 3627 2597 Ἰερουσα-

2027 2625 2161 2694 λὴμ,
2207 2626 2506 2695 δυνάμενος
2559 2625 2656 2678 καὶ
2695 2624 2789 2678 ἀπ’
2842 2624 3009 2692 ἄλλης
3044 2624 3179 2676 ίέναι
3207 2622 3366 2682 ὁδοῦ,
3392 2623 3487 2674 καὶ
3511 2623 3626 2691 γὰρ

2029 2721 2094 2772 ὲκ
2127 2719 2443 2789 Σαμαρείας
2475 2719 2657 2790 ῥᾴδιον
2684 2718 2858 2771 ἐλθεῖν
2914 2719 2994 2781 είς
3040 2717 3406 2786 Ἰερουσαλήμ
3431 2734 3446 2747 ο
3473 2718 3627 2786 ὅμως

2029 2809 2394 2878 οἱκονομικῶς
2445 2810 2536 2862 διὰ
2596 2810 2692 2878 τῆς
2743 2808 2957 2879 Ἰεριγὼ
3009 2809 3416 2877 εἰσπορεύεται.
3469 2808 3630 2861 Κατά

2035 2901 2134 2971 μὲν
2174 2902 2234 2955 τὸ
2291 2903 2426 2955 πᾶσι
2462 2901 2816 2972 φαινόμενον,
2866 2903 2955 2956 ἴνα
3011 2904 3107 2956 καὶ
3154 2905 3244 2957 τὸν
3286 2904 3630 2972 Βαρτιμαίον

2031 2997 2130 3065 τῆς
2176 2994 2439 3065 ἀϐλεψίας
2477 2995 2722 3064 ἰάσηται,
2781 2996 2875 3048 καὶ
2916 2995 3006 3048 τὸν
3052 2997 3427 3067 ἀρχιτελώνην
3479 3001 3631 3052 Ζακι

1956 3121 1999 3178 C
2032 3089 2186 3158 χαῖον
2230 3089 2312 3150 είς
2349 3088 2642 3157 μετάνοιαν
2687 3088 3072 3158 ἐπισπάσηται
3097 3106 3113 3121 ο
3152 3090 3294 3143 κατά
3343 3091 3400 3142 εέ
3433 3108 3650 3159 μυστιτ

2033 3178 2277 3248 κώτερον
2332 3179 2512 3247 λόγον,
2571 3179 2805 3249 ἐπείπερ
2847 3177 2986 3249 ἔφθη
3042 3179 3321 3250 προειπὼν
3379 3180 3630 3251 παραόοο

2031 3270 2202 3334 λικῶς
2239 3272 2368 3341 περὶ
2416 3269 2509 3324 τοῦ
2558 3271 2753 3341 Ἀδὰμ,
2791 3269 2866 3334 ὡς
2909 3271 3117 3324 κατιὼν
3167 3272 3227 3338 ἐξ
3266 3271 3631 3344 Ἰερουσαλὴμ.

2032 3367 2112 3428 εἰς
2186 3363 2398 3436 Ἰεριχὼ
2447 3364 2677 3436 λῃσταῖς
2735 3362 3056 3433 περιέπεσε,
3128 3364 3222 3417 καὶ
3271 3364 3370 3432 τὴν
3430 3365 3628 3434 στολὴν

2032 3453 2311 3524 ἀφῃρέθη,
2361 3453 2451 3507 κτὶ
2479 3449 2830 3523 τραυματίας
2875 3451 3118 3518 ἐγένετο,
3157 3451 3262 3505 ἔδει
3287 3451 3344 3505 δέ
3395 3453 3485 3506 διά
3515 3453 3629 3507 τῶν

2031 3546 2294 3599 ἐναντίων
2343 3544 2603 3614 γενέσθαι
2651 3544 2750 3598 τοῦ
2793 3543 3098 3614 πληγέντος
3150 3544 3250 3611 τὴν
3299 3544 3468 3600 ῐασιν.
3524 3547 3630 3614 (Ta

2031 3639 2140 3710 γὰρ
2172 3639 2390 3692 ἐναντία
2419 3637 2530 3691 τῶν
2578 3637 2840 3690 ἐναντίων
2871 3637 3011 3691 είσὶν
3043 3637 3297 3707 ἰάματα.)
3331 3638 3430 3691 Διά
3462 3638 3628 3692 τοῦτο

2027 3731 2232 3786 ἄνεισιν
2272 3733 2300 3784 ὀ
2337 3733 2530 3802 Σωτὴρ
2559 3731 2939 3801 ἀντιστρόφως
2977 3729 3036 3796 ἐξ
3090 3729 3306 3802 Ἱεριχὼ
3352 3731 3493 3800 πρὸς
3523 3732 3625 3802 τὴν

2042 3822 2418 3892 Ἰερουσαλὴμ,
2475 3822 2698 3890 ἀνάγων
2745 3821 2813 3874 δι’
2861 3821 3062 3875 ἑαυτοῦ
3115 3821 3209 3875 τὸν
3253 3823 3625 3894 τραυματίαν,

2026 3913 2150 3967 ὅθεν
2218 3914 2581 3967 ἐκπέπτωκεν
2622 3929 2635 3943 ⁸
2706 3912 2923 3984 Ἱεριχὼ
3000 3914 3112 3984 γάρ
3169 3914 3477 3978 κατάϐασις
3535 3915 3627 3984 έρ-

2030 4007 2351 4079 μηνεύεται,
2381 4006 2534 4077 δηλοῑ
2565 4007 2620 4060 δέ
2657 4005 2758 4078 τὴν
2805 4008 3155 4078 καταφορὰν,
3187 4008 3268 4071 είς
3301 4007 3371 4078 ἢν
3398 4007 3630 4072 ὀλισθῆ·

2028 4116 2127 4153 σαν
2159 4099 2432 4151 κατέπεσε
2473 4098 2534 4151 τὸ
2575 4097 2945 4168 ἀνθρώπινον.
2991 4098 3156 4166 Ἀλλά
3202 4098 3302 4169 τὴν
3342 4099 3628 4170 ἱστορικὴν

2025 4190 2351 4244 ἀκολουθίαν
2400 4189 2850 4261 ἐπανελάὸωμεν.
2922 4210 2941 4243 ι
2993 4192 3297 4262 Διήρχετο,
3343 4192 3552 4261 φησὶν,
3599 4195 3628 4246 ὁ

2039 4282 2268 4352 Ἰησοῦς.
2303 4301 2321 4333 ι
2365 4283 2439 4336 Τὸ
2482 4283 2539 4336 δὲ
2567 4281 2663 4335 τοῦ
2695 4282 2828 4336 λαοῦ
2873 4283 3080 4354 πλῆθος
3109 4284 3171 4336 τὸ
3204 4284 3305 4353 μὲν
3335 4285 3628 4354 προεπόμ-

2025 4393 2178 4441 πευε,
2211 4375 2271 4428 τὸ
2295 4375 2352 4428 δὲ
2383 4375 2687 4446 παρείπετο
2729 4374 2807 4446 τῷ
2845 4376 2946 4446 τῆς
2979 4376 3345 4440 διδασκαλίας
3385 4377 3626 4444 ὑφελκύσ-

334 4479 615 4518 sinuamus
648 4481 663 4515 ι
695 4483 714 4515 ι
757 4464 1191 4526 Perambulabat,
1231 4465 1425 4534 inquit.
1452 4463 1634 4530 Jesus,
1675 4484 1692 4518 ι
1732 4481 1794 4519 ac
1821 4481 1917 4534 po—

2030 4483 2194 4538 μενον
2235 4469 2525 4538 πείσματι.
2556 4465 2666 4522 Ἤν
2701 4467 2811 4539 γὰρ
2853 4467 2976 4522 θεία
3018 4469 3202 4540 χάρις,
3248 4469 3345 4522 καὶ
3378 4468 3626 4540 ἄρῤητος

339 4556 447 4627 puli
469 4555 686 4624 quidem
714 4555 1003 4610 multitudo
1033 4571 1243 4626 pompa:
1261 4556 1496 4626 quadam
1521 4558 1700 4625 specie
1725 4557 1919 4626 partim

403 4701 448 4734 ³⁷
475 4698 645 4754 Matth
699 4714 811 4763 ut,
840 4698 931 4753 51.
1007 4697 1052 4730 ⁸⁸
1081 4696 1279 4767 Ephes.
1309 4713 1360 4763 v,
1399 4699 1451 4754 5.
1529 4701 1575 4734 ⁸³
1609 4699 1738 4756 Luc.
1769 4718 1880 4768 XIX,
1915 4702 1938 4756 1
1969 4717 2124 4773 seqq.

2031 4561 2144 4622 τοῖς
2177 4559 2270 4612 τοῦ
2297 4559 2551 4630 Σωτῆρος
2584 4561 2764 4626 λόγοις
2800 4562 3201 4634 συντρέχουσα,
3239 4564 3334 4615 καὶ
3367 4563 3467 4626 τάς
3501 4562 3624 4616 τῶν

2239 4703 2284 4734 ⁸⁸
2328 4702 2492 4756 Marc.
2539 4718 2592 4762 κ.
2637 4703 2730 4757 16.

1567 4819 1887 4881 Francisci
1918 4819 2125 4885 Scorsi
2171 4827 2360 4882 noue.

404 4921 518 4989 (52)
555 4921 631 4975 Eo
663 4922 872 4975 nomine
915 4919 1303 4988 complectitur.
1341 4918 1476 4974 Vide
1509 4929 1632 4974 nota
1671 4922 1916 4989 proxima

333 5007 450 5062 qua!
473 4993 794 5052 protulimus
819 5007 881 5043 ex
904 4993 1092 5044 Suida.

407 5062 520 5130 (55)
556 5060 801 5132 Princeps
824 5059 1111 5132 latronum.
1161 5059 1550 5132 Ἀρχιλῃστής.
1599 5062 1712 5117 Hoc
1748 5079 1917 5119 voca-

333 5136 459 5188 bulo
497 5133 663 5186 utitur
719 5131 937 5201 Joseph.
987 5130 1149 5185 Ilebr.
1191 5132 1259 5184 de
1305 5130 1531 5187 Ezechia
1569 5133 1775 5187 latrone
1804 5135 1915 5201 pri-

335 5203 526 5274 mario,
584 5215 741 5269 quem
790 5199 1038 5274 Herodes
1115 5201 1352 5274 sustulit.
1409 5203 1750 5256 Καταῦαλὼν
1806 5199 1914 5274 γὰρ

346 5272 620 5346 Ἐζεκίαν,
653 5272 849 5346 inquit,
871 5272 962 5323 τὶν
1008 5271 1364 5346 ἀρχιλῃστὴν,
1403 5275 1494 5327 τὸν
1525 5277 1767 5346 προσεχῆ
1793 5271 1912 5346 ,τῆς

336 5345 535 5414 Συρίας
569 5341 1016 5414 ,κατατρέχονταΔ
1041 5341 1158 5414 σὺν.
1180 5341 1425 5414 ίίμεγάλῳ
1453 5341 1655 5412 στίφει,
1702 5341 1912 5398 ’τοῦτον

337 5411 630 5486 κατασχών
668 5413 884 5486 κτείνει
935 5411 1031 5486 καὶ
1077 5411 1456 5486 πολλοὺςῌτῶν
1487 5411 1585 5486 σὺν
1639 5415 1788 5485 αύτῷ
1815 5415 1913 5486 λῃ-

340 5483 501 5567 στών.
524 5484 762 5567 Meminit
787 5493 840 5536 et
865 5482 1273 5551 hujus'nominis
1301 5484 1602 5567 Etymolpg.
1625 5482 1911 5567 magnum;

340 5555 538 5607 dicitur
570 5555 756 5626 etiam.
782 5562 1129 5626 commutato
1146 5554 1796 5623 compositionis‘ordine.
1828 5554 1918 5626 λῄ-

339 5640 592 5693 σταρχος,
631 5635 684 5678 et
711 5623 1025 5694 λῃστάρχης
1049 5623 1276 5677 habetur
1317 5626 1370 5679 in
1401 5627 1650 5681 versione
1678 5626 1817 5680 LXX
1859 5623 1912 5680 in

334 5681 644 5819 fen'e's."et
687 5681 780 5749 lib".
831 5681 1154 5764 lVl'lt'egum
1204 5703 1259 5749 et
1316 5696 1455 5766 apud
1513 5695 1804 5784 Jcremipm
1867 5706 1921 5750 et

363 5779 551 5819 satam.

363 5779 551 5819 Sttlalll.

2095 4922 2207 4990 (54)
2240 4923 2371 4975 Ante
2393 4921 2742 4981 prwmiserat.
2774 4919 2922 4975 Verli
2957 4918 3041 4976 sic
3088 4935 3152 4974 ex
3173 4920 3457 4976 emendata
3477 4922 3619 4976 scri-

2021 5005 2177 5060 ptura
2238 4994 2358 5046 col.
2421 4993 2488 5047 G.
2537 4992 2675 5063 έφΟη
2739 4990 3044 5063 προειπών.
3095 4990 3227 5063 Nam
3263 4991 3314 5044 in
3370 4990 3619 5059 P.aper-

2014 5075 2130 5116 tum
2185 5072 2268 5132 es}
2331 5065 2582 5116 mendum
2614 5060 2753 5132 ἔφην
2782 5060 3087 5132 προειπών.
3130 5060 3246 5115 Non
3271 5063 3417 5116 enim
3452 5063 3518 5132 de
3557 5072 3618 5117 se

2019 5134 2151 5187 dicit
2225 5131 2585 5198 Tthphanes
2636 5129 3070 5201 :‘Prwoccnpavi
3129 5132 3337 5196 dicere;
3388 5129 3482 5185 sed
3547 5133 3616 5184 de

2009 5203 2256 5271 ,Christo,
2312 5203 2454 5269 quod
2499 5213 2787 5271 antequam
2842 5202 3157 5257 Zaccltazum
3194 5203 3261 5256 ad
3290 5219 3350 5255 se
3380 5216 3616 5255 conver-

2021 5282 2177 5334 teret,
2206 5283 2675 5340 praeoccupaverat
2716 5273 3028 5343 parabolice
3078 5273 3259 5343 dicere
3295 5273 3360 5343 de
3389 5273 3617 5343 homine

2017 5344 2128 5406 illo,
2162 5344 2252 5411 qui
2277 5343 2608 5396 descendens
2639 5341 3051 5398 ab‘Jerusalem
3087 5343 3139 5396 in
3198 5341 3436 5411 Jeriglto,
3473 5342 3617 5396 inei-

2015 5404 2244 5466 derat'in
2267 5413 2501 5484 latrones
2535 5429 2655 5484 cap.
2685 5430 2716 5468 χ
2738 5413 2897 5484 Luca:
2927 5430 2940 5479 ;
2974 5414 3114 5466 unde
3145 5404 3615 5484 [ιιιιιοάντιστρό-

2020 5501 2136 5552 cpta;
2192 5483 2494 5552 regreditur
2545 5481 2660 5552 ipSe
2698 5499 2762 5539 ex
2796 5483 3013 5539 Jericho
3044 5487 3097 5537 in
3139 5481 3437 5537 Jerusalem
3471 5481 3610 5549 {pe-

2019 5551 2174 5608 rinde
2197 5555 2355 5624 quasi,
2384 5551 2528 5607 facto
2561 5551 2673 5624 ipse
2704 5570 2803 5609 suo
2837 5553 3148 5622 significare
3201 5553 3362 5604 vellet
3421 5553 3608 5607 reduci

2021 5625 2088 5678 ab
2127 5637 2194 5694 se,
2215 5623 2485 5694 hominem
2514 5641 2578 5680 eo
2613 5627 2751 5679 unde
2773 5625 3052 5694 peccando
3083 5623 3376 5694 deciderat.

2095 5693 2207 5760 (55)
2237 5691 2445 5746 Iericho
2497 5696 2635 5748 enim
2669 5691 2970 5750 descensus.
3013 5691 3141 5748 Vide
3167 5695 3311 5748 hom.
3359 5692 3449 5763 fl,
3481 5702 3608 5748 nota

2025 5763 2114 5832 88,
2138 5763 2226 5818 ubi
2246 5763 2312 5819 de
2341 5765 2441 5820 hoc
2469 5769 2688 5836 etytuel.
