  <div class='ocr_page' id='page_1' title='image "/cluster/home/n/w/nwhite01/storage/ocr_20150623/132/hvd.32044073502361/213.png"; bbox 0 0 3974 6200; ppageno 0'>
   <div class='ocr_carea' id='block_1_1' title="bbox 286 304 395 368">
    <p class='ocr_par' dir='ltr' id='par_1_1' title="bbox 286 304 395 368">
     <span class='ocr_line' id='line_1_1' title="bbox 286 304 395 368; baseline -0.028 1"><span class='ocrx_word' id='word_1_1' title='bbox 286 304 395 368; x_wconf 41' lang='lat'><strong>351&#39;</strong></span> 
     </span>
    </p>
   </div>
   <div class='ocr_carea' id='block_1_2' title="bbox 1483 303 2349 365">
    <p class='ocr_par' dir='ltr' id='par_1_2' title="bbox 1483 303 2349 365">
     <span class='ocr_line' id='line_1_2' title="bbox 1483 303 2349 365; baseline -0.002 -2"><span class='ocrx_word' id='word_1_2' title='bbox 1483 303 1974 363; x_wconf 75' lang='lat' dir='ltr'><strong>TIIEOPHANIS</strong></span> <span class='ocrx_word' id='word_1_3' title='bbox 2007 303 2349 365; x_wconf 80' lang='lat' dir='ltr'><strong>CERAMEI</strong></span> 
     </span>
    </p>
   </div>
   <div class='ocr_carea' id='block_1_3' title="bbox 3430 295 3543 359">
    <p class='ocr_par' dir='ltr' id='par_1_3' title="bbox 3430 295 3543 359">
     <span class='ocr_line' id='line_1_3' title="bbox 3430 295 3543 359; baseline -0.027 0"><span class='ocrx_word' id='word_1_4' title='bbox 3430 295 3543 359; x_wconf 70' lang='lat'><strong>339.</strong></span> 
     </span>
    </p>
   </div>
   <div class='ocr_carea' id='block_1_4' title="bbox 289 412 1887 489">
    <p class='ocr_par' dir='ltr' id='par_1_4' title="bbox 289 418 1869 489">
     <span class='ocr_line' id='line_1_4' title="bbox 289 418 1869 489; baseline -0.001 -16"><span class='ocrx_word' id='word_1_5' title='bbox 289 420 624 485; x_wconf 80' lang='lat' dir='ltr'><strong>denotahat,</strong></span> <span class='ocrx_word' id='word_1_6' title='bbox 670 420 811 489; x_wconf 89' lang='lat' dir='ltr'><strong>quod</strong></span> <span class='ocrx_word' id='word_1_7' title='bbox 848 419 1046 471; x_wconf 80' lang='lat' dir='ltr'><strong>bonum</strong></span> <span class='ocrx_word' id='word_1_8' title='bbox 1086 433 1220 473; x_wconf 86' lang='lat' dir='ltr'><strong>sane</strong></span> <span class='ocrx_word' id='word_1_9' title='bbox 1256 418 1638 484; x_wconf 22' lang='lat' dir='ltr'><strong>judicio‘circa</strong></span> <span class='ocrx_word' id='word_1_10' title='bbox 1672 420 1869 471; x_wconf 81' lang='lat' dir='ltr'><strong>booum</strong></span> 
     </span>
    </p>
   </div>
   <div class='ocr_carea' id='block_1_5' title="bbox 1991 412 3549 489">
    <p class='ocr_par' dir='ltr' id='par_1_5' title="bbox 1991 412 3549 483">
     <span class='ocr_line' id='line_1_5' title="bbox 1991 412 3549 483; baseline -0.003 -12"><span class='ocrx_word' id='word_1_11' title='bbox 1991 420 2115 481; x_wconf 67' lang='grc' dir='ltr'>πίας,</span> <span class='ocrx_word' id='word_1_12' title='bbox 2141 420 2200 469; x_wconf 72' lang='grc' dir='ltr'><strong>οὐ</strong></span> <span class='ocrx_word' id='word_1_13' title='bbox 2234 418 2455 469; x_wconf 78' lang='grc' dir='ltr'>δύναται</span> <span class='ocrx_word' id='word_1_14' title='bbox 2493 415 2622 468; x_wconf 81' lang='grc' dir='ltr'>ἰδεῖν</span> <span class='ocrx_word' id='word_1_15' title='bbox 2653 413 2742 467; x_wconf 71' lang='grc' dir='ltr'><strong>τὸν</strong></span> <span class='ocrx_word' id='word_1_16' title='bbox 2764 414 2899 468; x_wconf 81' lang='grc' dir='ltr'>Θεόν</span> <span class='ocrx_word' id='word_1_17' title='bbox 2930 432 2943 447; x_wconf 88' lang='grc'><strong>·</strong></span> <span class='ocrx_word' id='word_1_18' title='bbox 2976 414 3022 467; x_wconf 80' lang='grc' dir='ltr'><strong>εί</strong></span> <span class='ocrx_word' id='word_1_19' title='bbox 3056 413 3113 468; x_wconf 73' lang='grc' dir='ltr'><strong>δὲ</strong></span> <span class='ocrx_word' id='word_1_20' title='bbox 3138 415 3239 483; x_wconf 79' lang='grc' dir='ltr'><strong>τῆς</strong></span> <span class='ocrx_word' id='word_1_21' title='bbox 3269 412 3549 482; x_wconf 80' lang='grc' dir='ltr'>ἁμαρτίας</span> 
     </span>
    </p>
   </div>
   <div class='ocr_carea' id='block_1_6' title="bbox 289 511 1867 576">
    <p class='ocr_par' dir='ltr' id='par_1_6' title="bbox 289 511 1867 576">
     <span class='ocr_line' id='line_1_6' title="bbox 289 511 1867 576; baseline -0.002 -11"><span class='ocrx_word' id='word_1_22' title='bbox 289 514 494 567; x_wconf 75' lang='lat' dir='ltr'><strong>erranti</strong></span> <span class='ocrx_word' id='word_1_23' title='bbox 523 513 760 571; x_wconf 87' lang='lat' dir='ltr'><strong>videtur.</strong></span> <span class='ocrx_word' id='word_1_24' title='bbox 807 526 864 563; x_wconf 90' lang='lat' dir='ltr'><strong>re</strong></span> <span class='ocrx_word' id='word_1_25' title='bbox 903 519 1079 562; x_wconf 87' lang='lat' dir='ltr'><strong>autem</strong></span> <span class='ocrx_word' id='word_1_26' title='bbox 1122 525 1270 573; x_wconf 73' lang='lat' dir='ltr'><strong>vera,</strong></span> <span class='ocrx_word' id='word_1_27' title='bbox 1307 511 1506 563; x_wconf 84' lang='lat' dir='ltr'><strong>malum</strong></span> <span class='ocrx_word' id='word_1_28' title='bbox 1538 520 1658 576; x_wconf 86' lang='lat' dir='ltr'><strong>est;</strong></span> <span class='ocrx_word' id='word_1_29' title='bbox 1704 512 1781 564; x_wconf 84' lang='lat' dir='ltr'><strong>sic</strong></span> <span class='ocrx_word' id='word_1_30' title='bbox 1814 520 1867 562; x_wconf 92' lang='lat' dir='ltr'><strong>et</strong></span> 
     </span>
    </p>
   </div>
   <div class='ocr_carea' id='block_1_7' title="bbox 294 596 1879 669">
    <p class='ocr_par' dir='ltr' id='par_1_7' title="bbox 294 596 1879 669">
     <span class='ocr_line' id='line_1_7' title="bbox 294 596 1879 669; baseline 0.001 -18"><span class='ocrx_word' id='word_1_31' title='bbox 294 604 410 668; x_wconf 78' lang='lat' dir='ltr'><strong>ipsa</strong></span> <span class='ocrx_word' id='word_1_32' title='bbox 447 612 760 669; x_wconf 71' lang='lat' dir='ltr'><strong>sycomorc-a</strong></span> <span class='ocrx_word' id='word_1_33' title='bbox 813 598 989 659; x_wconf 80' lang='lat' dir='ltr'><strong>planta</strong></span> <span class='ocrx_word' id='word_1_34' title='bbox 1041 596 1174 651; x_wconf 78' lang='lat' dir='ltr'><strong>licus</strong></span> <span class='ocrx_word' id='word_1_35' title='bbox 1208 599 1423 666; x_wconf 77' lang='lat' dir='ltr'><strong>quidem</strong></span> <span class='ocrx_word' id='word_1_36' title='bbox 1477 611 1697 668; x_wconf 82' lang='lat' dir='ltr'><strong>apparet</strong></span> <span class='ocrx_word' id='word_1_37' title='bbox 1733 600 1879 669; x_wconf 53' lang='lat'><strong>(60),,</strong></span> 
     </span>
    </p>
   </div>
   <div class='ocr_carea' id='block_1_8' title="bbox 300 685 1875 756">
    <p class='ocr_par' dir='ltr' id='par_1_8' title="bbox 300 685 1875 756">
     <span class='ocr_line' id='line_1_8' title="bbox 300 685 1875 756; baseline 0.004 -19"><span class='ocrx_word' id='word_1_38' title='bbox 300 696 354 738; x_wconf 87' lang='lat' dir='ltr'><strong>et</strong></span> <span class='ocrx_word' id='word_1_39' title='bbox 392 698 565 739; x_wconf 85' lang='lat' dir='ltr'><strong>tamen</strong></span> <span class='ocrx_word' id='word_1_40' title='bbox 605 685 776 753; x_wconf 87' lang='lat' dir='ltr'><strong>reipsa</strong></span> <span class='ocrx_word' id='word_1_41' title='bbox 828 686 961 739; x_wconf 74' lang='lat' dir='ltr'><strong>ficus</strong></span> <span class='ocrx_word' id='word_1_42' title='bbox 1010 703 1111 739; x_wconf 92' lang='lat' dir='ltr'><strong>non</strong></span> <span class='ocrx_word' id='word_1_43' title='bbox 1163 697 1264 743; x_wconf 86' lang='lat' dir='ltr'><strong>est.</strong></span> <span class='ocrx_word' id='word_1_44' title='bbox 1314 687 1448 741; x_wconf 90' lang='lat' dir='ltr'><strong>Dum</strong></span> <span class='ocrx_word' id='word_1_45' title='bbox 1488 690 1649 756; x_wconf 76' lang='lat' dir='ltr'><strong>igitur</strong></span> <span class='ocrx_word' id='word_1_46' title='bbox 1682 690 1875 753; x_wconf 84' lang='lat' dir='ltr'><strong>subter</strong></span> 
     </span>
    </p>
   </div>
   <div class='ocr_carea' id='block_1_9' title="bbox 1974 504 3550 576">
    <p class='ocr_par' dir='ltr' id='par_1_9' title="bbox 1974 504 3550 576">
     <span class='ocr_line' id='line_1_9' title="bbox 1974 504 3550 576; baseline -0.002 -18"><span class='ocrx_word' id='word_1_47' title='bbox 1974 507 2282 576; x_wconf 65' lang='lat' dir='ltr'><strong>bmpapﬁﬁ.</strong></span> <span class='ocrx_word' id='word_1_48' title='bbox 2315 506 2410 559; x_wconf 74' lang='grc' dir='ltr'>καὶ</span> <span class='ocrx_word' id='word_1_49' title='bbox 2433 506 2698 574; x_wconf 72' lang='grc' dir='ltr'><strong>κρείττων</strong></span> <span class='ocrx_word' id='word_1_50' title='bbox 2722 505 2927 574; x_wconf 73' lang='grc' dir='ltr'>ταύτης</span> <span class='ocrx_word' id='word_1_51' title='bbox 2964 505 3129 576; x_wconf 74' lang='grc' dir='ltr'>ὀφθῇ,</span> <span class='ocrx_word' id='word_1_52' title='bbox 3173 506 3277 573; x_wconf 79' lang='grc' dir='ltr'><strong>ὁρᾷ</strong></span> <span class='ocrx_word' id='word_1_53' title='bbox 3305 504 3400 557; x_wconf 74' lang='grc' dir='ltr'><strong>τὸν</strong></span> <span class='ocrx_word' id='word_1_54' title='bbox 3433 520 3550 570; x_wconf 80' lang='grc' dir='ltr'><strong>φω-</strong></span> 
     </span>
    </p>
   </div>
   <div class='ocr_carea' id='block_1_10' title="bbox 1972 596 3550 668">
    <p class='ocr_par' dir='ltr' id='par_1_10' title="bbox 1972 596 3550 668">
     <span class='ocr_line' id='line_1_10' title="bbox 1972 596 3550 668; baseline -0.001 -19"><span class='ocrx_word' id='word_1_55' title='bbox 1972 598 2199 668; x_wconf 78' lang='grc' dir='ltr'>τοδότην</span> <span class='ocrx_word' id='word_1_56' title='bbox 2252 596 2479 665; x_wconf 79' lang='grc' dir='ltr'>Ἰησοῦν.</span> <span class='ocrx_word' id='word_1_57' title='bbox 2516 598 2616 667; x_wconf 79' lang='grc' dir='ltr'>τὴν</span> <span class='ocrx_word' id='word_1_58' title='bbox 2659 597 2833 659; x_wconf 76' lang='grc' dir='ltr'>ὅντως</span> <span class='ocrx_word' id='word_1_59' title='bbox 2873 597 3151 667; x_wconf 78' lang='grc' dir='ltr'><strong>σωτηρίαν</strong></span> <span class='ocrx_word' id='word_1_60' title='bbox 3182 596 3550 665; x_wconf 80' lang='grc' dir='ltr'>ὲκφωνοῦσαν</span> 
     </span>
    </p>
   </div>
   <div class='ocr_carea' id='block_1_11' title="bbox 1974 690 3261 762">
    <p class='ocr_par' dir='ltr' id='par_1_11' title="bbox 1974 690 3261 762">
     <span class='ocr_line' id='line_1_11' title="bbox 1974 690 3261 762; baseline 0 -18"><span class='ocrx_word' id='word_1_61' title='bbox 1974 690 2122 760; x_wconf 83' lang='grc' dir='ltr'>αὐτῷ</span> <span class='ocrx_word' id='word_1_62' title='bbox 2147 709 2158 721; x_wconf 87' lang='grc'><strong>·</strong></span> <span class='ocrx_word' id='word_1_63' title='bbox 2199 710 2217 743; x_wconf 82' lang='grc' dir='ltr'><strong>ι</strong></span> <span class='ocrx_word' id='word_1_64' title='bbox 2256 691 2502 762; x_wconf 83' lang='grc' dir='ltr'><strong>Σήμερον</strong></span> <span class='ocrx_word' id='word_1_65' title='bbox 2535 692 2781 762; x_wconf 85' lang='grc' dir='ltr'>σωτηρία</span> <span class='ocrx_word' id='word_1_66' title='bbox 2801 690 2879 760; x_wconf 83' lang='grc' dir='ltr'>τῷ</span> <span class='ocrx_word' id='word_1_67' title='bbox 2911 690 3048 760; x_wconf 85' lang='grc' dir='ltr'>οίκῳ</span> <span class='ocrx_word' id='word_1_68' title='bbox 3088 708 3205 746; x_wconf 88' lang='grc' dir='ltr'>σου.</span> <span class='ocrx_word' id='word_1_69' title='bbox 3241 709 3261 744; x_wconf 72' lang='grc' dir='ltr'><strong>ι</strong></span> 
     </span>
    </p>
   </div>
   <div class='ocr_carea' id='block_1_12' title="bbox 294 780 3558 858">
    <p class='ocr_par' dir='ltr' id='par_1_12' title="bbox 294 780 3558 858">
     <span class='ocr_line' id='line_1_12' title="bbox 294 780 3558 858; baseline 0.003 -26"><span class='ocrx_word' id='word_1_70' title='bbox 294 792 688 848; x_wconf 86' lang='lat' dir='ltr'><strong>sycomoream,</strong></span> <span class='ocrx_word' id='word_1_71' title='bbox 714 780 815 833; x_wconf 84' lang='lat' dir='ltr'><strong>hoc</strong></span> <span class='ocrx_word' id='word_1_72' title='bbox 845 790 926 834; x_wconf 79' lang='lat' dir='ltr'><strong>est</strong></span> <span class='ocrx_word' id='word_1_73' title='bbox 953 782 1145 835; x_wconf 79' lang='lat' dir='ltr'><strong>subter</strong></span> <span class='ocrx_word' id='word_1_74' title='bbox 1185 794 1465 852; x_wconf 72' lang='lat' dir='ltr'><strong>peccatum</strong></span> <span class='ocrx_word' id='word_1_75' title='bbox 1526 785 1792 856; x_wconf 72' lang='lat' dir='ltr'><strong>quispiam</strong></span> <span class='ocrx_word' id='word_1_76' title='bbox 1855 786 1945 850; x_wconf 90' lang='lat' dir='ltr'><strong>sit,</strong></span> <span class='ocrx_word' id='word_1_77' title='bbox 1990 788 2155 841; x_wconf 77' lang='lat' dir='ltr'><strong>Deum</strong></span> <span class='ocrx_word' id='word_1_78' title='bbox 2193 788 2375 841; x_wconf 85' lang='lat' dir='ltr'><strong>videre</strong></span> <span class='ocrx_word' id='word_1_79' title='bbox 2409 804 2513 841; x_wconf 86' lang='lat' dir='ltr'><strong>non</strong></span> <span class='ocrx_word' id='word_1_80' title='bbox 2554 798 2730 855; x_wconf 68' lang='lat' dir='ltr'><strong>potest</strong></span> <span class='ocrx_word' id='word_1_81' title='bbox 2764 806 2778 841; x_wconf 88' lang='lat'><strong>:</strong></span> <span class='ocrx_word' id='word_1_82' title='bbox 2812 788 2855 842; x_wconf 88' lang='lat' dir='ltr'><strong>si</strong></span> <span class='ocrx_word' id='word_1_83' title='bbox 2901 804 3031 842; x_wconf 71' lang='lat' dir='ltr'><strong>vero</strong></span> <span class='ocrx_word' id='word_1_84' title='bbox 3069 805 3128 844; x_wconf 76' lang='lat' dir='ltr'><strong>se</strong></span> <span class='ocrx_word' id='word_1_85' title='bbox 3156 805 3325 858; x_wconf 87' lang='lat' dir='ltr'><strong>supra</strong></span> <span class='ocrx_word' id='word_1_86' title='bbox 3358 802 3558 858; x_wconf 79' lang='lat' dir='ltr'><strong>pecca-</strong></span> 
     </span>
    </p>
   </div>
   <div class='ocr_carea' id='block_1_13' title="bbox 294 872 3552 947">
    <p class='ocr_par' dir='ltr' id='par_1_13' title="bbox 294 872 3552 947">
     <span class='ocr_line' id='line_1_13' title="bbox 294 872 3552 947; baseline 0.002 -23"><span class='ocrx_word' id='word_1_87' title='bbox 294 882 405 924; x_wconf 89' lang='lat' dir='ltr'><strong>tmn</strong></span> <span class='ocrx_word' id='word_1_88' title='bbox 443 872 637 937; x_wconf 77' lang='lat' dir='ltr'><strong>elevet,</strong></span> <span class='ocrx_word' id='word_1_89' title='bbox 679 884 732 926; x_wconf 89' lang='lat' dir='ltr'><strong>et</strong></span> <span class='ocrx_word' id='word_1_90' title='bbox 763 875 1012 940; x_wconf 82' lang='lat' dir='ltr'><strong>superior</strong></span> <span class='ocrx_word' id='word_1_91' title='bbox 1044 874 1134 929; x_wconf 78' lang='lat' dir='ltr'><strong>illo</strong></span> <span class='ocrx_word' id='word_1_92' title='bbox 1164 876 1430 941; x_wconf 88' lang='lat' dir='ltr'><strong>videatur,</strong></span> <span class='ocrx_word' id='word_1_93' title='bbox 1460 875 1565 943; x_wconf 84' lang='lat' dir='ltr'><strong>jam</strong></span> <span class='ocrx_word' id='word_1_94' title='bbox 1599 877 1861 946; x_wconf 70' lang='lat' dir='ltr'><strong>conspicit</strong></span> <span class='ocrx_word' id='word_1_95' title='bbox 1898 877 2035 933; x_wconf 89' lang='lat' dir='ltr'><strong>lucis</strong></span> <span class='ocrx_word' id='word_1_96' title='bbox 2072 879 2315 933; x_wconf 84' lang='lat' dir='ltr'><strong>datorem</strong></span> <span class='ocrx_word' id='word_1_97' title='bbox 2361 876 2571 943; x_wconf 79' lang='lat' dir='ltr'><strong>Jesnm,</strong></span> <span class='ocrx_word' id='word_1_98' title='bbox 2608 886 2663 933; x_wconf 90' lang='lat' dir='ltr'><strong>et</strong></span> <span class='ocrx_word' id='word_1_99' title='bbox 2721 892 2870 941; x_wconf 85' lang='lat' dir='ltr'><strong>eum,</strong></span> <span class='ocrx_word' id='word_1_100' title='bbox 2902 879 2994 947; x_wconf 80' lang='lat' dir='ltr'><strong>qui</strong></span> <span class='ocrx_word' id='word_1_101' title='bbox 3066 889 3152 934; x_wconf 88' lang='lat' dir='ltr'><strong>est</strong></span> <span class='ocrx_word' id='word_1_102' title='bbox 3196 893 3323 931; x_wconf 87' lang='lat' dir='ltr'><strong>vera</strong></span> <span class='ocrx_word' id='word_1_103' title='bbox 3370 878 3552 941; x_wconf 66' lang='lat' dir='ltr'><strong>Salus,</strong></span> 
     </span>
    </p>
   </div>
   <div class='ocr_carea' id='block_1_14' title="bbox 294 965 1850 1025">
    <p class='ocr_par' dir='ltr' id='par_1_14' title="bbox 294 965 1850 1025">
     <span class='ocr_line' id='line_1_14' title="bbox 294 965 1850 1025; baseline 0.003 -7"><span class='ocrx_word' id='word_1_104' title='bbox 294 965 562 1020; x_wconf 72' lang='lat' dir='ltr'><strong>dicentem</strong></span> <span class='ocrx_word' id='word_1_105' title='bbox 596 966 698 1020; x_wconf 84' lang='lat' dir='ltr'><strong>sibi</strong></span> <span class='ocrx_word' id='word_1_106' title='bbox 731 986 745 1021; x_wconf 91' lang='lat'><strong>:</strong></span> <span class='ocrx_word' id='word_1_107' title='bbox 781 987 799 1018; x_wconf 79' lang='grc' dir='ltr'><strong>ι</strong></span> <span class='ocrx_word' id='word_1_108' title='bbox 828 966 1001 1022; x_wconf 88' lang='lat' dir='ltr'><strong>Hodie</strong></span> <span class='ocrx_word' id='word_1_109' title='bbox 1031 968 1174 1021; x_wconf 84' lang='lat' dir='ltr'><strong>salus</strong></span> <span class='ocrx_word' id='word_1_110' title='bbox 1201 969 1379 1022; x_wconf 88' lang='lat' dir='ltr'><strong>domui</strong></span> <span class='ocrx_word' id='word_1_111' title='bbox 1421 980 1523 1025; x_wconf 72' lang='lat' dir='ltr'><strong>tua:</strong></span> <span class='ocrx_word' id='word_1_112' title='bbox 1547 969 1691 1025; x_wconf 77' lang='lat' dir='ltr'><strong>facta</strong></span> <span class='ocrx_word' id='word_1_113' title='bbox 1717 981 1850 1025; x_wconf 61' lang='grc' dir='ltr'><strong>θείη</strong></span> 
     </span>
    </p>
   </div>
   <div class='ocr_carea' id='block_1_15' title="bbox 372 1056 1868 1128">
    <p class='ocr_par' dir='ltr' id='par_1_15' title="bbox 372 1056 1868 1128">
     <span class='ocr_line' id='line_1_15' title="bbox 372 1056 1868 1128; baseline 0.003 -18"><span class='ocrx_word' id='word_1_114' title='bbox 372 1079 391 1110; x_wconf 76' lang='grc' dir='ltr'><strong>ι</strong></span> <span class='ocrx_word' id='word_1_115' title='bbox 414 1056 729 1125; x_wconf 85' lang='lat' dir='ltr'><strong>Suspiciens</strong></span> <span class='ocrx_word' id='word_1_116' title='bbox 757 1059 897 1111; x_wconf 81' lang='lat' dir='ltr'><strong>enim</strong></span> <span class='ocrx_word' id='word_1_117' title='bbox 918 1057 1095 1123; x_wconf 84' lang='lat' dir='ltr'><strong>.lesus,</strong></span> <span class='ocrx_word' id='word_1_118' title='bbox 1118 1059 1312 1127; x_wconf 93' lang='lat' dir='ltr'><strong>inquit,</strong></span> <span class='ocrx_word' id='word_1_119' title='bbox 1329 1060 1461 1113; x_wconf 87' lang='lat' dir='ltr'><strong>vidit</strong></span> <span class='ocrx_word' id='word_1_120' title='bbox 1487 1060 1656 1128; x_wconf 81' lang='lat' dir='ltr'><strong>Illum,</strong></span> <span class='ocrx_word' id='word_1_121' title='bbox 1677 1070 1731 1116; x_wconf 86' lang='lat' dir='ltr'><strong>et</strong></span> <span class='ocrx_word' id='word_1_122' title='bbox 1756 1061 1868 1115; x_wconf 86' lang='lat' dir='ltr'><strong>ait:</strong></span> 
     </span>
    </p>
   </div>
   <div class='ocr_carea' id='block_1_16' title="bbox 296 1148 1875 1218">
    <p class='ocr_par' dir='ltr' id='par_1_16' title="bbox 296 1148 1875 1218">
     <span class='ocr_line' id='line_1_16' title="bbox 296 1148 1875 1218; baseline 0.003 -15"><span class='ocrx_word' id='word_1_123' title='bbox 296 1149 578 1215; x_wconf 70' lang='lat' dir='ltr'><strong>luceluce,</strong></span> <span class='ocrx_word' id='word_1_124' title='bbox 623 1148 884 1205; x_wconf 84' lang='lat' dir='ltr'><strong>festinans</strong></span> <span class='ocrx_word' id='word_1_125' title='bbox 926 1151 1212 1216; x_wconf 74' lang='lat' dir='ltr'><strong>descende,</strong></span> <span class='ocrx_word' id='word_1_126' title='bbox 1239 1153 1360 1218; x_wconf 86' lang='lat' dir='ltr'><strong>quia</strong></span> <span class='ocrx_word' id='word_1_127' title='bbox 1405 1152 1562 1205; x_wconf 86' lang='lat' dir='ltr'><strong>hodie</strong></span> <span class='ocrx_word' id='word_1_128' title='bbox 1611 1153 1663 1206; x_wconf 91' lang='lat' dir='ltr'><strong>in</strong></span> <span class='ocrx_word' id='word_1_129' title='bbox 1709 1153 1875 1207; x_wconf 87' lang='lat' dir='ltr'><strong>domo</strong></span> 
     </span>
    </p>
   </div>
   <div class='ocr_carea' id='block_1_17' title="bbox 299 1244 1868 1314">
    <p class='ocr_par' dir='ltr' id='par_1_17' title="bbox 299 1244 1868 1314">
     <span class='ocr_line' id='line_1_17' title="bbox 299 1244 1868 1314; baseline 0.002 -18"><span class='ocrx_word' id='word_1_130' title='bbox 299 1255 386 1297; x_wconf 88' lang='lat' dir='ltr'><strong>tua</strong></span> <span class='ocrx_word' id='word_1_131' title='bbox 431 1253 650 1311; x_wconf 83' lang='lat' dir='ltr'><strong>oportet</strong></span> <span class='ocrx_word' id='word_1_132' title='bbox 699 1259 783 1296; x_wconf 87' lang='lat' dir='ltr'><strong>me</strong></span> <span class='ocrx_word' id='word_1_133' title='bbox 816 1258 1058 1298; x_wconf 88' lang='lat' dir='ltr'><strong>manere.</strong></span> <span class='ocrx_word' id='word_1_134' title='bbox 1092 1264 1111 1295; x_wconf 74' lang='grc' dir='ltr'><strong>ι</strong></span> <span class='ocrx_word' id='word_1_135' title='bbox 1148 1244 1192 1299; x_wconf 93' lang='grc' dir='ltr'><strong>Ο</strong></span> <span class='ocrx_word' id='word_1_136' title='bbox 1225 1246 1437 1298; x_wconf 83' lang='lat' dir='ltr'><strong>beatam</strong></span> <span class='ocrx_word' id='word_1_137' title='bbox 1471 1261 1681 1309; x_wconf 88' lang='lat' dir='ltr'><strong>vocem,</strong></span> <span class='ocrx_word' id='word_1_138' title='bbox 1708 1262 1868 1314; x_wconf 86' lang='lat' dir='ltr'><strong>quam</strong></span> 
     </span>
    </p>
   </div>
   <div class='ocr_carea' id='block_1_18' title="bbox 301 1336 1871 1408">
    <p class='ocr_par' dir='ltr' id='par_1_18' title="bbox 301 1336 1871 1408">
     <span class='ocr_line' id='line_1_18' title="bbox 301 1336 1871 1408; baseline 0.001 -18"><span class='ocrx_word' id='word_1_139' title='bbox 301 1337 594 1391; x_wconf 71' lang='lat' dir='ltr'><strong>Zacchteus</strong></span> <span class='ocrx_word' id='word_1_140' title='bbox 624 1336 868 1398; x_wconf 85' lang='lat' dir='ltr'><strong>audivit;</strong></span> <span class='ocrx_word' id='word_1_141' title='bbox 922 1352 955 1389; x_wconf 91' lang='lat'><strong>0</strong></span> <span class='ocrx_word' id='word_1_142' title='bbox 1000 1338 1233 1390; x_wconf 81' lang='lat' dir='ltr'><strong>divinam</strong></span> <span class='ocrx_word' id='word_1_143' title='bbox 1269 1339 1320 1392; x_wconf 87' lang='lat' dir='ltr'><strong>in</strong></span> <span class='ocrx_word' id='word_1_144' title='bbox 1357 1339 1601 1393; x_wconf 79' lang='lat' dir='ltr'><strong>homines</strong></span> <span class='ocrx_word' id='word_1_145' title='bbox 1628 1340 1871 1408; x_wconf 78' lang='lat' dir='ltr'><strong>benigni-</strong></span> 
     </span>
    </p>
   </div>
   <div class='ocr_carea' id='block_1_19' title="bbox 296 1428 1871 1499">
    <p class='ocr_par' dir='ltr' id='par_1_19' title="bbox 296 1428 1871 1499">
     <span class='ocr_line' id='line_1_19' title="bbox 296 1428 1871 1499; baseline 0.004 -19"><span class='ocrx_word' id='word_1_146' title='bbox 296 1438 470 1480; x_wconf 83' lang='lat' dir='ltr'><strong>tatem</strong></span> <span class='ocrx_word' id='word_1_147' title='bbox 499 1467 515 1491; x_wconf 93' lang='lat'><strong>,</strong></span> <span class='ocrx_word' id='word_1_148' title='bbox 564 1443 684 1493; x_wconf 71' lang='lat' dir='ltr'><strong>qua:</strong></span> <span class='ocrx_word' id='word_1_149' title='bbox 735 1428 1002 1499; x_wconf 85' lang='lat' dir='ltr'><strong>publicani</strong></span> <span class='ocrx_word' id='word_1_150' title='bbox 1060 1430 1218 1483; x_wconf 84' lang='lat' dir='ltr'><strong>tidem</strong></span> <span class='ocrx_word' id='word_1_151' title='bbox 1261 1431 1540 1486; x_wconf 73' lang='lat' dir='ltr'><strong>celeritate</strong></span> <span class='ocrx_word' id='word_1_152' title='bbox 1592 1431 1871 1499; x_wconf 73' lang='lat' dir='ltr'><strong>pnevenit.</strong></span> 
     </span>
    </p>
   </div>
   <div class='ocr_carea' id='block_1_20' title="bbox 302 1497 1878 1586">
    <p class='ocr_par' dir='ltr' id='par_1_20' title="bbox 302 1497 1878 1586">
     <span class='ocr_line' id='line_1_20' title="bbox 302 1497 1878 1586; baseline 0.003 -17"><span class='ocrx_word' id='word_1_153' title='bbox 302 1516 473 1569; x_wconf 78' lang='lat' dir='ltr'><strong>Simul</strong></span> <span class='ocrx_word' id='word_1_154' title='bbox 507 1518 652 1570; x_wconf 86' lang='lat' dir='ltr'><strong>enim</strong></span> <span class='ocrx_word' id='word_1_155' title='bbox 703 1534 824 1571; x_wconf 84' lang='lat' dir='ltr'><strong>eum</strong></span> <span class='ocrx_word' id='word_1_156' title='bbox 862 1497 995 1571; x_wconf 75' lang='lat' dir='ltr'><strong>vidit</strong></span> <span class='ocrx_word' id='word_1_157' title='bbox 1032 1518 1306 1586; x_wconf 80' lang='lat' dir='ltr'><strong>paululum</strong></span> <span class='ocrx_word' id='word_1_158' title='bbox 1349 1536 1378 1573; x_wconf 89' lang='lat' dir='ltr'><strong>e</strong></span> <span class='ocrx_word' id='word_1_159' title='bbox 1427 1497 1659 1573; x_wconf 84' lang='lat' dir='ltr'><strong>terrenis</strong></span> <span class='ocrx_word' id='word_1_160' title='bbox 1694 1521 1878 1574; x_wconf 90' lang='lat' dir='ltr'><strong>subla-</strong></span> 
     </span>
    </p>
   </div>
   <div class='ocr_carea' id='block_1_21' title="bbox 305 1610 1877 1678">
    <p class='ocr_par' dir='ltr' id='par_1_21' title="bbox 305 1610 1877 1678">
     <span class='ocr_line' id='line_1_21' title="bbox 305 1610 1877 1678; baseline 0.001 -16"><span class='ocrx_word' id='word_1_161' title='bbox 305 1618 439 1669; x_wconf 87' lang='lat' dir='ltr'><strong>tum,</strong></span> <span class='ocrx_word' id='word_1_162' title='bbox 476 1610 541 1661; x_wconf 87' lang='lat' dir='ltr'><strong>ad</strong></span> <span class='ocrx_word' id='word_1_163' title='bbox 583 1625 642 1661; x_wconf 88' lang='lat' dir='ltr'><strong>se</strong></span> <span class='ocrx_word' id='word_1_164' title='bbox 669 1620 820 1661; x_wconf 78' lang='lat' dir='ltr'><strong>vorat</strong></span> <span class='ocrx_word' id='word_1_165' title='bbox 857 1610 1130 1664; x_wconf 78' lang='lat' dir='ltr'><strong>hominem</strong></span> <span class='ocrx_word' id='word_1_166' title='bbox 1165 1612 1459 1678; x_wconf 84' lang='lat' dir='ltr'><strong>perditum,</strong></span> <span class='ocrx_word' id='word_1_167' title='bbox 1492 1612 1737 1664; x_wconf 82' lang='lat' dir='ltr'><strong>ﬁduciam</strong></span> <span class='ocrx_word' id='word_1_168' title='bbox 1768 1614 1877 1664; x_wconf 69' lang='lat' dir='ltr'><strong>im.</strong></span> 
     </span>
    </p>
   </div>
   <div class='ocr_carea' id='block_1_22' title="bbox 303 1700 1874 1774">
    <p class='ocr_par' dir='ltr' id='par_1_22' title="bbox 303 1700 1874 1774">
     <span class='ocr_line' id='line_1_22' title="bbox 303 1700 1874 1774; baseline 0.007 -25"><span class='ocrx_word' id='word_1_169' title='bbox 303 1701 539 1767; x_wconf 74' lang='lat' dir='ltr'><strong>pet-tiens</strong></span> <span class='ocrx_word' id='word_1_170' title='bbox 570 1700 670 1765; x_wconf 89' lang='lat' dir='ltr'><strong>illi,</strong></span> <span class='ocrx_word' id='word_1_171' title='bbox 701 1703 788 1768; x_wconf 88' lang='lat' dir='ltr'><strong>qui</strong></span> <span class='ocrx_word' id='word_1_172' title='bbox 829 1702 975 1770; x_wconf 87' lang='lat' dir='ltr'><strong>loqui</strong></span> <span class='ocrx_word' id='word_1_173' title='bbox 1018 1718 1124 1754; x_wconf 90' lang='lat' dir='ltr'><strong>non</strong></span> <span class='ocrx_word' id='word_1_174' title='bbox 1167 1704 1420 1757; x_wconf 76' lang='lat' dir='ltr'><strong>audebat.</strong></span> <span class='ocrx_word' id='word_1_175' title='bbox 1458 1704 1549 1758; x_wconf 88' lang='lat' dir='ltr'><strong>Sic</strong></span> <span class='ocrx_word' id='word_1_176' title='bbox 1573 1714 1629 1759; x_wconf 88' lang='lat' dir='ltr'><strong>et</strong></span> <span class='ocrx_word' id='word_1_177' title='bbox 1662 1705 1714 1757; x_wconf 90' lang='lat' dir='ltr'><strong>in</strong></span> <span class='ocrx_word' id='word_1_178' title='bbox 1745 1721 1874 1774; x_wconf 90' lang='lat' dir='ltr'><strong>pro-</strong></span> 
     </span>
    </p>
   </div>
   <div class='ocr_carea' id='block_1_23' title="bbox 2056 1054 3554 1130">
    <p class='ocr_par' dir='ltr' id='par_1_23' title="bbox 2056 1054 3554 1130">
     <span class='ocr_line' id='line_1_23' title="bbox 2056 1054 3554 1130; baseline 0.001 -19"><span class='ocrx_word' id='word_1_179' title='bbox 2056 1077 2074 1111; x_wconf 74' lang='grc' dir='ltr'><strong>ι</strong></span> <span class='ocrx_word' id='word_1_180' title='bbox 2116 1059 2447 1128; x_wconf 76' lang='grc' dir='ltr'>’Δναϐλέψας</span> <span class='ocrx_word' id='word_1_181' title='bbox 2474 1060 2605 1130; x_wconf 75' lang='grc' dir='ltr'>γὰρ,</span> <span class='ocrx_word' id='word_1_182' title='bbox 2649 1059 2838 1129; x_wconf 82' lang='grc' dir='ltr'>φησὶν,</span> <span class='ocrx_word' id='word_1_183' title='bbox 2868 1061 2897 1112; x_wconf 88' lang='grc' dir='ltr'>ὁ</span> <span class='ocrx_word' id='word_1_184' title='bbox 2949 1057 3160 1127; x_wconf 80' lang='grc' dir='ltr'>Ἰησοῦς</span> <span class='ocrx_word' id='word_1_185' title='bbox 3192 1054 3334 1110; x_wconf 82' lang='grc' dir='ltr'>εἶδεν</span> <span class='ocrx_word' id='word_1_186' title='bbox 3357 1059 3554 1123; x_wconf 80' lang='grc' dir='ltr'>αὐτὸν,</span> 
     </span>
    </p>
   </div>
   <div class='ocr_carea' id='block_1_24' title="bbox 1980 1146 3561 1221">
    <p class='ocr_par' dir='ltr' id='par_1_24' title="bbox 1980 1146 3561 1221">
     <span class='ocr_line' id='line_1_24' title="bbox 1980 1146 3561 1221; baseline 0.001 -19"><span class='ocrx_word' id='word_1_187' title='bbox 1980 1151 2072 1203; x_wconf 79' lang='grc' dir='ltr'>καὶ</span> <span class='ocrx_word' id='word_1_188' title='bbox 2112 1146 2236 1204; x_wconf 76' lang='grc' dir='ltr'>εἷπε</span> <span class='ocrx_word' id='word_1_189' title='bbox 2271 1165 2285 1180; x_wconf 78' lang='grc'><strong>⁸</strong></span> <span class='ocrx_word' id='word_1_190' title='bbox 2340 1153 2603 1221; x_wconf 86' lang='grc' dir='ltr'>Ζακχαῖε,</span> <span class='ocrx_word' id='word_1_191' title='bbox 2640 1149 2883 1212; x_wconf 76' lang='grc' dir='ltr'><strong>σπεύσας</strong></span> <span class='ocrx_word' id='word_1_192' title='bbox 2933 1148 3206 1220; x_wconf 87' lang='grc' dir='ltr'>κατάϐηθι</span> <span class='ocrx_word' id='word_1_193' title='bbox 3244 1165 3258 1179; x_wconf 88' lang='grc'><strong>·</strong></span> <span class='ocrx_word' id='word_1_194' title='bbox 3313 1154 3561 1221; x_wconf 76' lang='grc' dir='ltr'><strong>σήμερον</strong></span> 
     </span>
    </p>
   </div>
   <div class='ocr_carea' id='block_1_25' title="bbox 1980 1238 3560 1315">
    <p class='ocr_par' dir='ltr' id='par_1_25' title="bbox 1980 1238 3560 1315">
     <span class='ocr_line' id='line_1_25' title="bbox 1980 1238 3560 1315; baseline 0 -19"><span class='ocrx_word' id='word_1_195' title='bbox 1980 1244 2089 1315; x_wconf 77' lang='grc' dir='ltr'>γὰρ</span> <span class='ocrx_word' id='word_1_196' title='bbox 2117 1246 2172 1296; x_wconf 76' lang='grc' dir='ltr'><strong>ὲν</strong></span> <span class='ocrx_word' id='word_1_197' title='bbox 2189 1244 2281 1314; x_wconf 82' lang='grc' dir='ltr'><strong>’τῷ</strong></span> <span class='ocrx_word' id='word_1_198' title='bbox 2326 1244 2461 1314; x_wconf 81' lang='grc' dir='ltr'>οἴκῳ</span> <span class='ocrx_word' id='word_1_199' title='bbox 2490 1262 2582 1296; x_wconf 88' lang='grc' dir='ltr'><strong>σου</strong></span> <span class='ocrx_word' id='word_1_200' title='bbox 2614 1244 2695 1296; x_wconf 85' lang='grc' dir='ltr'>δεῖ</span> <span class='ocrx_word' id='word_1_201' title='bbox 2741 1259 2811 1313; x_wconf 84' lang='grc' dir='ltr'><strong>με</strong></span> <span class='ocrx_word' id='word_1_202' title='bbox 2863 1244 3063 1310; x_wconf 86' lang='grc' dir='ltr'>μεῖναι.</span> <span class='ocrx_word' id='word_1_203' title='bbox 3102 1261 3122 1292; x_wconf 69' lang='grc' dir='ltr'><strong><em>ι</em></strong></span> <span class='ocrx_word' id='word_1_204' title='bbox 3158 1238 3231 1295; x_wconf 80' lang='grc' dir='ltr'><strong><em>Ὦ</em></strong></span> <span class='ocrx_word' id='word_1_205' title='bbox 3271 1245 3560 1314; x_wconf 73' lang='grc' dir='ltr'><strong>μακαρίας</strong></span> 
     </span>
    </p>
   </div>
   <div class='ocr_carea' id='block_1_26' title="bbox 1981 1330 3562 1408">
    <p class='ocr_par' dir='ltr' id='par_1_26' title="bbox 1981 1330 3562 1408">
     <span class='ocr_line' id='line_1_26' title="bbox 1981 1330 3562 1408; baseline -0.002 -20"><span class='ocrx_word' id='word_1_206' title='bbox 1981 1339 2184 1406; x_wconf 76' lang='grc' dir='ltr'>φωνῆς,</span> <span class='ocrx_word' id='word_1_207' title='bbox 2209 1332 2274 1408; x_wconf 81' lang='grc' dir='ltr'>ἧς</span> <span class='ocrx_word' id='word_1_208' title='bbox 2296 1336 2323 1385; x_wconf 87' lang='grc' dir='ltr'>ὁ</span> <span class='ocrx_word' id='word_1_209' title='bbox 2353 1338 2620 1405; x_wconf 77' lang='grc' dir='ltr'><strong>Ζακχαῖος</strong></span> <span class='ocrx_word' id='word_1_210' title='bbox 2663 1336 3008 1403; x_wconf 78' lang='grc' dir='ltr'>ὑπήκουσενί</span> <span class='ocrx_word' id='word_1_211' title='bbox 3040 1330 3110 1386; x_wconf 73' lang='grc' dir='ltr'>Ὠ</span> <span class='ocrx_word' id='word_1_212' title='bbox 3146 1334 3333 1402; x_wconf 83' lang='grc' dir='ltr'>θεῖκῆς</span> <span class='ocrx_word' id='word_1_213' title='bbox 3365 1336 3562 1402; x_wconf 73' lang='grc' dir='ltr'>φιλαν-</span> 
     </span>
    </p>
   </div>
   <div class='ocr_carea' id='block_1_27' title="bbox 1981 1424 3561 1497">
    <p class='ocr_par' dir='ltr' id='par_1_27' title="bbox 1981 1424 3561 1497">
     <span class='ocr_line' id='line_1_27' title="bbox 1981 1424 3561 1497; baseline 0 -19"><span class='ocrx_word' id='word_1_214' title='bbox 1981 1426 2227 1497; x_wconf 86' lang='grc' dir='ltr'>θρωπίας</span> <span class='ocrx_word' id='word_1_215' title='bbox 2280 1426 2565 1496; x_wconf 69' lang='grc' dir='ltr'>φθασάσης</span> <span class='ocrx_word' id='word_1_216' title='bbox 2599 1429 2664 1494; x_wconf 81' lang='grc' dir='ltr'>τῇ</span> <span class='ocrx_word' id='word_1_217' title='bbox 2718 1425 2984 1494; x_wconf 79' lang='grc' dir='ltr'>ταχύτητι</span> <span class='ocrx_word' id='word_1_218' title='bbox 3039 1424 3131 1477; x_wconf 72' lang='grc' dir='ltr'>τοῦ</span> <span class='ocrx_word' id='word_1_219' title='bbox 3173 1425 3406 1478; x_wconf 75' lang='grc' dir='ltr'>τελώνου</span> <span class='ocrx_word' id='word_1_220' title='bbox 3457 1428 3561 1494; x_wconf 74' lang='grc' dir='ltr'>τὴν</span> 
     </span>
    </p>
   </div>
   <div class='ocr_carea' id='block_1_28' title="bbox 1984 1514 3563 1589">
    <p class='ocr_par' dir='ltr' id='par_1_28' title="bbox 1984 1514 3563 1589">
     <span class='ocr_line' id='line_1_28' title="bbox 1984 1514 3563 1589; baseline 0 -18"><span class='ocrx_word' id='word_1_221' title='bbox 1984 1520 2199 1571; x_wconf 60' lang='grc' dir='ltr'>πίσητινί</span> <span class='ocrx_word' id='word_1_222' title='bbox 2240 1518 2413 1586; x_wconf 86' lang='grc' dir='ltr'><strong>Ὃμοῦ</strong></span> <span class='ocrx_word' id='word_1_223' title='bbox 2441 1518 2548 1589; x_wconf 76' lang='grc' dir='ltr'>γὰρ</span> <span class='ocrx_word' id='word_1_224' title='bbox 2594 1514 2735 1569; x_wconf 72' lang='grc' dir='ltr'>εἶδεν</span> <span class='ocrx_word' id='word_1_225' title='bbox 2769 1518 2930 1571; x_wconf 74' lang='grc' dir='ltr'>αὑτὸν</span> <span class='ocrx_word' id='word_1_226' title='bbox 2966 1519 3166 1588; x_wconf 73' lang='grc' dir='ltr'>μικρὸν</span> <span class='ocrx_word' id='word_1_227' title='bbox 3211 1518 3320 1571; x_wconf 82' lang='grc' dir='ltr'>τῶν</span> <span class='ocrx_word' id='word_1_228' title='bbox 3350 1520 3563 1588; x_wconf 75' lang='grc' dir='ltr'>γηΐνων</span> 
     </span>
    </p>
   </div>
   <div class='ocr_carea' id='block_1_29' title="bbox 1983 1609 3566 1680">
    <p class='ocr_par' dir='ltr' id='par_1_29' title="bbox 1983 1609 3566 1680">
     <span class='ocr_line' id='line_1_29' title="bbox 1983 1609 3566 1680; baseline -0.001 -17"><span class='ocrx_word' id='word_1_229' title='bbox 1983 1611 2083 1663; x_wconf 82' lang='grc' dir='ltr'><strong>ὑπε</strong></span> <span class='ocrx_word' id='word_1_230' title='bbox 2095 1610 2386 1679; x_wconf 80' lang='grc' dir='ltr'>ραρθέντα,</span> <span class='ocrx_word' id='word_1_231' title='bbox 2417 1610 2511 1663; x_wconf 75' lang='grc' dir='ltr'><strong>καὶ</strong></span> <span class='ocrx_word' id='word_1_232' title='bbox 2540 1610 2932 1680; x_wconf 84' lang='grc' dir='ltr'>προσκαλεῖται</span> <span class='ocrx_word' id='word_1_233' title='bbox 2976 1609 3069 1662; x_wconf 74' lang='grc' dir='ltr'>τὸν</span> <span class='ocrx_word' id='word_1_234' title='bbox 3094 1609 3436 1673; x_wconf 74' lang='grc' dir='ltr'>ἀπολωλότα,</span> <span class='ocrx_word' id='word_1_235' title='bbox 3464 1612 3566 1665; x_wconf 79' lang='grc' dir='ltr'>καὶ</span> 
     </span>
    </p>
   </div>
   <div class='ocr_carea' id='block_1_30' title="bbox 1986 1698 3567 1769">
    <p class='ocr_par' dir='ltr' id='par_1_30' title="bbox 1986 1698 3567 1769">
     <span class='ocr_line' id='line_1_30' title="bbox 1986 1698 3567 1769; baseline -0.001 -17"><span class='ocrx_word' id='word_1_236' title='bbox 1986 1700 2307 1769; x_wconf 79' lang='grc' dir='ltr'>μεταδίδωσι</span> <span class='ocrx_word' id='word_1_237' title='bbox 2344 1699 2578 1769; x_wconf 76' lang='grc' dir='ltr'>θάρσους</span> <span class='ocrx_word' id='word_1_238' title='bbox 2624 1699 2700 1768; x_wconf 80' lang='grc' dir='ltr'><strong>τῷ</strong></span> <span class='ocrx_word' id='word_1_239' title='bbox 2746 1700 3182 1769; x_wconf 71' lang='grc' dir='ltr'>ἀπαρρησιάστῳ</span> <span class='ocrx_word' id='word_1_240' title='bbox 3221 1714 3236 1727; x_wconf 82' lang='grc'><strong>”</strong></span> <span class='ocrx_word' id='word_1_241' title='bbox 3273 1698 3415 1752; x_wconf 76' lang='grc' dir='ltr'>οὕτω</span> <span class='ocrx_word' id='word_1_242' title='bbox 3466 1699 3567 1753; x_wconf 72' lang='grc' dir='ltr'><strong>καὶ</strong></span> 
     </span>
    </p>
   </div>
   <div class='ocr_carea' id='block_1_31' title="bbox 303 1784 1887 1867">
    <p class='ocr_par' dir='ltr' id='par_1_31' title="bbox 303 1791 1876 1867">
     <span class='ocr_line' id='line_1_31' title="bbox 303 1791 1876 1867; baseline 0.006 -25"><span class='ocrx_word' id='word_1_243' title='bbox 303 1793 484 1857; x_wconf 70' lang='lat' dir='ltr'><strong>dignm</strong></span> <span class='ocrx_word' id='word_1_244' title='bbox 517 1791 681 1845; x_wconf 82' lang='lat' dir='ltr'><strong>ﬁlium</strong></span> <span class='ocrx_word' id='word_1_245' title='bbox 719 1809 782 1847; x_wconf 88' lang='lat' dir='ltr'><strong>se</strong></span> <span class='ocrx_word' id='word_1_246' title='bbox 827 1795 1015 1862; x_wconf 78' lang='lat' dir='ltr'><strong>gessit.</strong></span> <span class='ocrx_word' id='word_1_247' title='bbox 1052 1793 1152 1849; x_wconf 90' lang='lat' dir='ltr'><strong>Ubi</strong></span> <span class='ocrx_word' id='word_1_248' title='bbox 1187 1811 1309 1848; x_wconf 90' lang='lat' dir='ltr'><strong>eum</strong></span> <span class='ocrx_word' id='word_1_249' title='bbox 1346 1796 1479 1850; x_wconf 80' lang='lat' dir='ltr'><strong>vidit</strong></span> <span class='ocrx_word' id='word_1_250' title='bbox 1519 1811 1548 1849; x_wconf 75' lang='grc' dir='ltr'><strong>ει</strong></span> <span class='ocrx_word' id='word_1_251' title='bbox 1591 1813 1876 1867; x_wconf 85' lang='lat' dir='ltr'><strong>porcorum</strong></span> 
     </span>
    </p>
   </div>
   <div class='ocr_carea' id='block_1_32' title="bbox 1991 1784 3561 1867">
    <p class='ocr_par' dir='ltr' id='par_1_32' title="bbox 1991 1785 3561 1862">
     <span class='ocr_line' id='line_1_32' title="bbox 1991 1785 3561 1862; baseline -0.003 -16"><span class='ocrx_word' id='word_1_252' title='bbox 1991 1793 2056 1862; x_wconf 76' lang='grc' dir='ltr'>τῷ</span> <span class='ocrx_word' id='word_1_253' title='bbox 2101 1790 2295 1860; x_wconf 82' lang='grc' dir='ltr'>ἀσώτῳ</span> <span class='ocrx_word' id='word_1_254' title='bbox 2342 1793 2502 1843; x_wconf 87' lang='grc' dir='ltr'>ποιεῖ.</span> <span class='ocrx_word' id='word_1_255' title='bbox 2551 1789 2717 1859; x_wconf 81' lang='grc' dir='ltr'><strong>Ὀμοῦ</strong></span> <span class='ocrx_word' id='word_1_256' title='bbox 2766 1807 2824 1842; x_wconf 87' lang='grc' dir='ltr'><strong>τε</strong></span> <span class='ocrx_word' id='word_1_257' title='bbox 2874 1785 2989 1842; x_wconf 79' lang='grc' dir='ltr'>εἶδε</span> <span class='ocrx_word' id='word_1_258' title='bbox 3027 1790 3118 1842; x_wconf 68' lang='grc' dir='ltr'><strong>τὸν</strong></span> <span class='ocrx_word' id='word_1_259' title='bbox 3163 1790 3396 1860; x_wconf 77' lang='grc' dir='ltr'>χοιρώδη</span> <span class='ocrx_word' id='word_1_260' title='bbox 3442 1792 3561 1859; x_wconf 70' lang='grc' dir='ltr'>βίον</span> 
     </span>
    </p>
   </div>
   <div class='ocr_carea' id='block_1_33' title="bbox 304 1883 1883 1955">
    <p class='ocr_par' dir='ltr' id='par_1_33' title="bbox 304 1883 1883 1955">
     <span class='ocr_line' id='line_1_33' title="bbox 304 1883 1883 1955; baseline 0.006 -20"><span class='ocrx_word' id='word_1_261' title='bbox 304 1883 554 1936; x_wconf 85' lang='lat' dir='ltr'><strong>convictu</strong></span> <span class='ocrx_word' id='word_1_262' title='bbox 600 1883 932 1950; x_wconf 72' lang='lat' dir='ltr'><strong>seiunctum,</strong></span> <span class='ocrx_word' id='word_1_263' title='bbox 974 1896 1029 1940; x_wconf 91' lang='lat' dir='ltr'><strong>et</strong></span> <span class='ocrx_word' id='word_1_264' title='bbox 1076 1887 1142 1941; x_wconf 89' lang='lat' dir='ltr'><strong>ad</strong></span> <span class='ocrx_word' id='word_1_265' title='bbox 1201 1897 1481 1955; x_wconf 87' lang='lat' dir='ltr'><strong>paternam</strong></span> <span class='ocrx_word' id='word_1_266' title='bbox 1526 1889 1740 1944; x_wconf 90' lang='lat' dir='ltr'><strong>domum</strong></span> <span class='ocrx_word' id='word_1_267' title='bbox 1792 1904 1883 1944; x_wconf 84' lang='lat' dir='ltr'><strong>re-</strong></span> 
     </span>
    </p>
   </div>
   <div class='ocr_carea' id='block_1_34' title="bbox 306 1974 1883 2047">
    <p class='ocr_par' dir='ltr' id='par_1_34' title="bbox 306 1974 1883 2047">
     <span class='ocr_line' id='line_1_34' title="bbox 306 1974 1883 2047; baseline 0.007 -24"><span class='ocrx_word' id='word_1_268' title='bbox 306 1988 547 2036; x_wconf 74' lang='lat' dir='ltr'><strong>versum,</strong></span> <span class='ocrx_word' id='word_1_269' title='bbox 585 1974 742 2042; x_wconf 78' lang='lat' dir='ltr'><strong>longe</strong></span> <span class='ocrx_word' id='word_1_270' title='bbox 769 1975 983 2028; x_wconf 80' lang='lat' dir='ltr'><strong>obviam</strong></span> <span class='ocrx_word' id='word_1_271' title='bbox 1013 1991 1315 2032; x_wconf 79' lang='lat' dir='ltr'><strong>occurrens</strong></span> <span class='ocrx_word' id='word_1_272' title='bbox 1344 1978 1660 2047; x_wconf 75' lang='lat' dir='ltr'><strong>complexus</strong></span> <span class='ocrx_word' id='word_1_273' title='bbox 1689 1988 1793 2043; x_wconf 70' lang='grc' dir='ltr'>ρει,</span> <span class='ocrx_word' id='word_1_274' title='bbox 1827 1991 1883 2034; x_wconf 81' lang='lat' dir='ltr'><strong>et</strong></span> 
     </span>
    </p>
   </div>
   <div class='ocr_carea' id='block_1_35' title="bbox 307 2065 1883 2140">
    <p class='ocr_par' dir='ltr' id='par_1_35' title="bbox 307 2065 1883 2140">
     <span class='ocr_line' id='line_1_35' title="bbox 307 2065 1883 2140; baseline 0.006 -24"><span class='ocrx_word' id='word_1_275' title='bbox 307 2065 503 2117; x_wconf 77' lang='lat' dir='ltr'><strong>collum</strong></span> <span class='ocrx_word' id='word_1_276' title='bbox 528 2067 827 2120; x_wconf 77' lang='lat' dir='ltr'><strong>osculatus.</strong></span> <span class='ocrx_word' id='word_1_277' title='bbox 850 2067 994 2122; x_wconf 81' lang='lat' dir='ltr'><strong>Talis</strong></span> <span class='ocrx_word' id='word_1_278' title='bbox 1019 2079 1102 2123; x_wconf 88' lang='lat' dir='ltr'><strong>est</strong></span> <span class='ocrx_word' id='word_1_279' title='bbox 1122 2067 1379 2125; x_wconf 85' lang='lat' dir='ltr'><strong>Dominus</strong></span> <span class='ocrx_word' id='word_1_280' title='bbox 1396 2080 1610 2126; x_wconf 88' lang='lat' dir='ltr'><strong>noster:</strong></span> <span class='ocrx_word' id='word_1_281' title='bbox 1636 2072 1883 2140; x_wconf 78' lang='lat' dir='ltr'><strong>quamvis</strong></span> 
     </span>
    </p>
   </div>
   <div class='ocr_carea' id='block_1_36' title="bbox 308 2158 1881 2228">
    <p class='ocr_par' dir='ltr' id='par_1_36' title="bbox 308 2158 1881 2228">
     <span class='ocr_line' id='line_1_36' title="bbox 308 2158 1881 2228; baseline 0.005 -19"><span class='ocrx_word' id='word_1_282' title='bbox 308 2158 580 2212; x_wconf 79' lang='lat' dir='ltr'><strong>sexcentis</strong></span> <span class='ocrx_word' id='word_1_283' title='bbox 640 2159 871 2212; x_wconf 90' lang='lat' dir='ltr'><strong>maculis</strong></span> <span class='ocrx_word' id='word_1_284' title='bbox 922 2160 1093 2214; x_wconf 87' lang='lat' dir='ltr'><strong>notati</strong></span> <span class='ocrx_word' id='word_1_285' title='bbox 1155 2164 1359 2224; x_wconf 85' lang='lat' dir='ltr'><strong>simus,</strong></span> <span class='ocrx_word' id='word_1_286' title='bbox 1420 2162 1667 2228; x_wconf 78' lang='lat' dir='ltr'><strong>quamvis</strong></span> <span class='ocrx_word' id='word_1_287' title='bbox 1718 2163 1881 2217; x_wconf 83' lang='lat' dir='ltr'><strong>oblita</strong></span> 
     </span>
    </p>
   </div>
   <div class='ocr_carea' id='block_1_37' title="bbox 308 2250 1883 2323">
    <p class='ocr_par' dir='ltr' id='par_1_37' title="bbox 308 2250 1883 2323">
     <span class='ocr_line' id='line_1_37' title="bbox 308 2250 1883 2323; baseline 0.004 -20"><span class='ocrx_word' id='word_1_288' title='bbox 308 2266 468 2304; x_wconf 77' lang='lat' dir='ltr'><strong>emno</strong></span> <span class='ocrx_word' id='word_1_289' title='bbox 496 2252 569 2304; x_wconf 90' lang='lat' dir='ltr'><strong>sit</strong></span> <span class='ocrx_word' id='word_1_290' title='bbox 604 2250 711 2303; x_wconf 87' lang='lat' dir='ltr'><strong>vita</strong></span> <span class='ocrx_word' id='word_1_291' title='bbox 755 2262 975 2317; x_wconf 85' lang='lat' dir='ltr'><strong>nostra;</strong></span> <span class='ocrx_word' id='word_1_292' title='bbox 1008 2252 1052 2307; x_wconf 90' lang='lat' dir='ltr'><strong>si</strong></span> <span class='ocrx_word' id='word_1_293' title='bbox 1092 2254 1254 2307; x_wconf 88' lang='lat' dir='ltr'><strong>modo</strong></span> <span class='ocrx_word' id='word_1_294' title='bbox 1282 2266 1589 2323; x_wconf 84' lang='lat' dir='ltr'><strong>promptum</strong></span> <span class='ocrx_word' id='word_1_295' title='bbox 1626 2257 1883 2310; x_wconf 86' lang='lat' dir='ltr'><strong>ostende-</strong></span> 
     </span>
    </p>
   </div>
   <div class='ocr_carea' id='block_1_38' title="bbox 311 2342 1934 2425">
    <p class='ocr_par' dir='ltr' id='par_1_38' title="bbox 311 2342 1934 2425">
     <span class='ocr_line' id='line_1_38' title="bbox 311 2342 1934 2425; baseline 0.006 -32"><span class='ocrx_word' id='word_1_296' title='bbox 311 2342 481 2394; x_wconf 86' lang='lat' dir='ltr'><strong>rimus</strong></span> <span class='ocrx_word' id='word_1_297' title='bbox 536 2343 800 2403; x_wconf 84' lang='lat' dir='ltr'><strong>animum,</strong></span> <span class='ocrx_word' id='word_1_298' title='bbox 865 2352 920 2397; x_wconf 91' lang='lat' dir='ltr'><strong>et</strong></span> <span class='ocrx_word' id='word_1_299' title='bbox 979 2360 1138 2399; x_wconf 81' lang='lat' dir='ltr'><strong>unum</strong></span> <span class='ocrx_word' id='word_1_300' title='bbox 1204 2347 1535 2414; x_wconf 67' lang='lat' dir='ltr'><strong>pmuiteutia:</strong></span> <span class='ocrx_word' id='word_1_301' title='bbox 1591 2348 1934 2425; x_wconf 40' lang='lat' dir='ltr'><strong>lacrymam.</strong></span> 
     </span>
    </p>
   </div>
   <div class='ocr_carea' id='block_1_39' title="bbox 310 2434 1885 2509">
    <p class='ocr_par' dir='ltr' id='par_1_39' title="bbox 310 2434 1885 2509">
     <span class='ocr_line' id='line_1_39' title="bbox 310 2434 1885 2509; baseline 0.004 -22"><span class='ocrx_word' id='word_1_302' title='bbox 310 2434 598 2498; x_wconf 77' lang='lat' dir='ltr'><strong>stillemns,</strong></span> <span class='ocrx_word' id='word_1_303' title='bbox 631 2436 817 2490; x_wconf 82' lang='lat' dir='ltr'><strong>statim</strong></span> <span class='ocrx_word' id='word_1_304' title='bbox 855 2436 1048 2506; x_wconf 87' lang='lat' dir='ltr'><strong>recipit</strong></span> <span class='ocrx_word' id='word_1_305' title='bbox 1096 2452 1193 2493; x_wconf 83' lang='lat' dir='ltr'><strong>nos</strong></span> <span class='ocrx_word' id='word_1_306' title='bbox 1235 2440 1287 2492; x_wconf 90' lang='lat' dir='ltr'><strong>iu</strong></span> <span class='ocrx_word' id='word_1_307' title='bbox 1325 2441 1476 2494; x_wconf 81' lang='lat' dir='ltr'><strong>ulnas</strong></span> <span class='ocrx_word' id='word_1_308' title='bbox 1507 2456 1655 2502; x_wconf 82' lang='lat' dir='ltr'><strong>suas,</strong></span> <span class='ocrx_word' id='word_1_309' title='bbox 1682 2451 1732 2494; x_wconf 91' lang='lat' dir='ltr'><strong>et</strong></span> <span class='ocrx_word' id='word_1_310' title='bbox 1769 2440 1885 2509; x_wconf 82' lang='lat' dir='ltr'><strong>pla-</strong></span> 
     </span>
    </p>
   </div>
   <div class='ocr_carea' id='block_1_40' title="bbox 312 2526 1883 2599">
    <p class='ocr_par' dir='ltr' id='par_1_40' title="bbox 312 2526 1883 2599">
     <span class='ocr_line' id='line_1_40' title="bbox 312 2526 1883 2599; baseline 0.008 -24"><span class='ocrx_word' id='word_1_311' title='bbox 312 2526 541 2579; x_wconf 79' lang='lat' dir='ltr'><strong>cabilem</strong></span> <span class='ocrx_word' id='word_1_312' title='bbox 597 2542 752 2581; x_wconf 86' lang='lat' dir='ltr'><strong>suam</strong></span> <span class='ocrx_word' id='word_1_313' title='bbox 804 2536 1053 2583; x_wconf 67' lang='lat' dir='ltr'><strong>nataram</strong></span> <span class='ocrx_word' id='word_1_314' title='bbox 1102 2533 1360 2595; x_wconf 81' lang='lat' dir='ltr'><strong>ostendit,</strong></span> <span class='ocrx_word' id='word_1_315' title='bbox 1392 2543 1445 2583; x_wconf 83' lang='lat' dir='ltr'><strong>et</strong></span> <span class='ocrx_word' id='word_1_316' title='bbox 1488 2532 1883 2599; x_wconf 66' lang='lat' dir='ltr'><strong>praeteritorum</strong></span> 
     </span>
    </p>
   </div>
   <div class='ocr_carea' id='block_1_41' title="bbox 310 2619 1883 2687">
    <p class='ocr_par' dir='ltr' id='par_1_41' title="bbox 310 2619 1883 2687">
     <span class='ocr_line' id='line_1_41' title="bbox 310 2619 1883 2687; baseline 0.008 -18"><span class='ocrx_word' id='word_1_317' title='bbox 310 2619 553 2672; x_wconf 86' lang='lat' dir='ltr'><strong>omnium</strong></span> <span class='ocrx_word' id='word_1_318' title='bbox 583 2630 930 2687; x_wconf 88' lang='lat' dir='ltr'><strong>peccatorum</strong></span> <span class='ocrx_word' id='word_1_319' title='bbox 961 2621 1327 2676; x_wconf 78' lang='lat' dir='ltr'><strong>obliviscitur.</strong></span> <span class='ocrx_word' id='word_1_320' title='bbox 1366 2621 1474 2678; x_wconf 90' lang='lat' dir='ltr'><strong>Sed</strong></span> <span class='ocrx_word' id='word_1_321' title='bbox 1506 2624 1883 2681; x_wconf 78' lang='lat' dir='ltr'><strong>revertendum</strong></span> 
     </span>
    </p>
   </div>
   <div class='ocr_carea' id='block_1_42' title="bbox 313 2706 1887 2776">
    <p class='ocr_par' dir='ltr' id='par_1_42' title="bbox 313 2706 1887 2776">
     <span class='ocr_line' id='line_1_42' title="bbox 313 2706 1887 2776; baseline 0.006 -18"><span class='ocrx_word' id='word_1_322' title='bbox 313 2706 454 2761; x_wconf 88' lang='lat' dir='ltr'><strong>mnle</strong></span> <span class='ocrx_word' id='word_1_323' title='bbox 481 2708 707 2776; x_wconf 78' lang='lat' dir='ltr'><strong>digressi</strong></span> <span class='ocrx_word' id='word_1_324' title='bbox 741 2724 961 2764; x_wconf 86' lang='lat' dir='ltr'><strong>sumus:</strong></span> <span class='ocrx_word' id='word_1_325' title='bbox 1004 2728 1022 2761; x_wconf 77' lang='grc' dir='ltr'><strong>ι</strong></span> <span class='ocrx_word' id='word_1_326' title='bbox 1047 2708 1333 2775; x_wconf 70' lang='lat' dir='ltr'><strong>Zaccbaae,</strong></span> <span class='ocrx_word' id='word_1_327' title='bbox 1370 2712 1641 2767; x_wconf 81' lang='lat' dir='ltr'><strong>festinans</strong></span> <span class='ocrx_word' id='word_1_328' title='bbox 1662 2714 1887 2769; x_wconf 86' lang='lat' dir='ltr'><strong>descen-</strong></span> 
     </span>
    </p>
   </div>
   <div class='ocr_carea' id='block_1_43' title="bbox 312 2800 1883 2869">
    <p class='ocr_par' dir='ltr' id='par_1_43' title="bbox 312 2800 1883 2869">
     <span class='ocr_line' id='line_1_43' title="bbox 312 2800 1883 2869; baseline 0.006 -18"><span class='ocrx_word' id='word_1_329' title='bbox 312 2800 398 2856; x_wconf 87' lang='lat' dir='ltr'><strong>de.</strong></span> <span class='ocrx_word' id='word_1_330' title='bbox 438 2818 459 2853; x_wconf 69' lang='grc' dir='ltr'><strong>ι</strong></span> <span class='ocrx_word' id='word_1_331' title='bbox 523 2800 672 2855; x_wconf 77' lang='lat' dir='ltr'><strong>Nunc</strong></span> <span class='ocrx_word' id='word_1_332' title='bbox 724 2817 851 2858; x_wconf 87' lang='lat' dir='ltr'><strong>vere</strong></span> <span class='ocrx_word' id='word_1_333' title='bbox 909 2803 1205 2858; x_wconf 74' lang='lat' dir='ltr'><strong>Zacclneus</strong></span> <span class='ocrx_word' id='word_1_334' title='bbox 1243 2806 1489 2869; x_wconf 85' lang='lat' dir='ltr'><strong>evasisti,</strong></span> <span class='ocrx_word' id='word_1_335' title='bbox 1547 2822 1693 2861; x_wconf 91' lang='lat' dir='ltr'><strong>nunc</strong></span> <span class='ocrx_word' id='word_1_336' title='bbox 1746 2807 1883 2862; x_wconf 81' lang='lat' dir='ltr'><strong>facta</strong></span> 
     </span>
    </p>
   </div>
   <div class='ocr_carea' id='block_1_44' title="bbox 308 2892 1887 2961">
    <p class='ocr_par' dir='ltr' id='par_1_44' title="bbox 308 2892 1887 2961">
     <span class='ocr_line' id='line_1_44' title="bbox 308 2892 1887 2961; baseline 0.004 -17"><span class='ocrx_word' id='word_1_337' title='bbox 308 2892 519 2945; x_wconf 77' lang='lat' dir='ltr'><strong>nomini</strong></span> <span class='ocrx_word' id='word_1_338' title='bbox 558 2908 797 2961; x_wconf 78' lang='lat' dir='ltr'><strong>congrua</strong></span> <span class='ocrx_word' id='word_1_339' title='bbox 833 2896 1144 2949; x_wconf 88' lang='lat' dir='ltr'><strong>ostendisti.</strong></span> <span class='ocrx_word' id='word_1_340' title='bbox 1188 2895 1483 2952; x_wconf 61' lang='lat' dir='ltr'><strong>Zacchmus</strong></span> <span class='ocrx_word' id='word_1_341' title='bbox 1512 2903 1679 2961; x_wconf 60' lang='lat' dir='ltr'><strong>enim.</strong></span> <span class='ocrx_word' id='word_1_342' title='bbox 1708 2900 1887 2954; x_wconf 84' lang='lat' dir='ltr'><strong>victo-</strong></span> 
     </span>
    </p>
   </div>
   <div class='ocr_carea' id='block_1_45' title="bbox 314 2984 1887 3059">
    <p class='ocr_par' dir='ltr' id='par_1_45' title="bbox 314 2984 1887 3059">
     <span class='ocr_line' id='line_1_45' title="bbox 314 2984 1887 3059; baseline 0.006 -23"><span class='ocrx_word' id='word_1_343' title='bbox 314 2998 428 3036; x_wconf 82' lang='lat' dir='ltr'><strong>rem</strong></span> <span class='ocrx_word' id='word_1_344' title='bbox 487 2984 536 3036; x_wconf 90' lang='lat' dir='ltr'><strong>vi</strong></span> <span class='ocrx_word' id='word_1_345' title='bbox 595 2984 830 3037; x_wconf 88' lang='lat' dir='ltr'><strong>nominis</strong></span> <span class='ocrx_word' id='word_1_346' title='bbox 877 2986 990 3056; x_wconf 74' lang='grc'><strong>(61)</strong></span> <span class='ocrx_word' id='word_1_347' title='bbox 1038 2986 1253 3055; x_wconf 78' lang='lat' dir='ltr'><strong>signat;</strong></span> <span class='ocrx_word' id='word_1_348' title='bbox 1301 3004 1447 3042; x_wconf 89' lang='lat' dir='ltr'><strong>nunc</strong></span> <span class='ocrx_word' id='word_1_349' title='bbox 1502 2991 1666 3059; x_wconf 68' lang='lat' dir='ltr'><strong>igitur</strong></span> <span class='ocrx_word' id='word_1_350' title='bbox 1714 2992 1887 3045; x_wconf 88' lang='lat' dir='ltr'><strong>victor</strong></span> 
     </span>
    </p>
   </div>
   <div class='ocr_carea' id='block_1_46' title="bbox 315 3074 1879 3146">
    <p class='ocr_par' dir='ltr' id='par_1_46' title="bbox 315 3074 1879 3146">
     <span class='ocr_line' id='line_1_46' title="bbox 315 3074 1879 3146; baseline 0.006 -20"><span class='ocrx_word' id='word_1_351' title='bbox 315 3074 514 3129; x_wconf 87' lang='lat' dir='ltr'><strong>diceris</strong></span> <span class='ocrx_word' id='word_1_352' title='bbox 539 3087 880 3142; x_wconf 78' lang='lat' dir='ltr'><strong>peccatorum</strong></span> <span class='ocrx_word' id='word_1_353' title='bbox 902 3096 944 3130; x_wconf 66' lang='grc' dir='ltr'>ξι</span> <span class='ocrx_word' id='word_1_354' title='bbox 960 3077 1243 3144; x_wconf 74' lang='lat' dir='ltr'><strong>Zacchzee,</strong></span> <span class='ocrx_word' id='word_1_355' title='bbox 1269 3079 1535 3136; x_wconf 79' lang='lat' dir='ltr'><strong>festinans</strong></span> <span class='ocrx_word' id='word_1_356' title='bbox 1561 3084 1879 3146; x_wconf 63' lang='lat' dir='ltr'><strong>descende,»</strong></span> 
     </span>
    </p>
   </div>
   <div class='ocr_carea' id='block_1_47' title="bbox 1985 1883 3564 1953">
    <p class='ocr_par' dir='ltr' id='par_1_47' title="bbox 1985 1883 3564 1953">
     <span class='ocr_line' id='line_1_47' title="bbox 1985 1883 3564 1953; baseline 0.001 -17"><span class='ocrx_word' id='word_1_357' title='bbox 1985 1883 2440 1953; x_wconf 81' lang='grc' dir='ltr'>ἀποσεισάμενον,</span> <span class='ocrx_word' id='word_1_358' title='bbox 2475 1883 2570 1936; x_wconf 75' lang='grc' dir='ltr'>καὶ</span> <span class='ocrx_word' id='word_1_359' title='bbox 2607 1883 2741 1950; x_wconf 81' lang='grc' dir='ltr'>πρὸς</span> <span class='ocrx_word' id='word_1_360' title='bbox 2771 1883 2870 1952; x_wconf 80' lang='grc' dir='ltr'>τὴν</span> <span class='ocrx_word' id='word_1_361' title='bbox 2917 1883 3195 1952; x_wconf 83' lang='grc' dir='ltr'>πατρικὴν</span> <span class='ocrx_word' id='word_1_362' title='bbox 3235 1883 3422 1936; x_wconf 82' lang='grc' dir='ltr'>ἑστίαν</span> <span class='ocrx_word' id='word_1_363' title='bbox 3452 1903 3564 1937; x_wconf 83' lang='grc' dir='ltr'>πα·</span> 
     </span>
    </p>
   </div>
   <div class='ocr_carea' id='block_1_48' title="bbox 1981 1974 3563 2048">
    <p class='ocr_par' dir='ltr' id='par_1_48' title="bbox 1981 1974 3563 2048">
     <span class='ocr_line' id='line_1_48' title="bbox 1981 1974 3563 2048; baseline -0.001 -17"><span class='ocrx_word' id='word_1_364' title='bbox 1981 1977 2441 2048; x_wconf 79' lang='grc' dir='ltr'>λινδρομησαντα,</span> <span class='ocrx_word' id='word_1_365' title='bbox 2491 1977 2587 2029; x_wconf 75' lang='grc' dir='ltr'>καὶ</span> <span class='ocrx_word' id='word_1_366' title='bbox 2635 1975 2907 2045; x_wconf 74' lang='grc' dir='ltr'>μακρόθεν</span> <span class='ocrx_word' id='word_1_367' title='bbox 2946 1974 3171 2044; x_wconf 83' lang='grc' dir='ltr'>δραμὼν</span> <span class='ocrx_word' id='word_1_368' title='bbox 3212 1975 3563 2048; x_wconf 84' lang='grc' dir='ltr'>περιεπλάκη</span> 
     </span>
    </p>
   </div>
   <div class='ocr_carea' id='block_1_49' title="bbox 1985 2066 3566 2140">
    <p class='ocr_par' dir='ltr' id='par_1_49' title="bbox 1985 2066 3566 2140">
     <span class='ocr_line' id='line_1_49' title="bbox 1985 2066 3566 2140; baseline 0.001 -19"><span class='ocrx_word' id='word_1_369' title='bbox 1985 2070 2217 2140; x_wconf 79' lang='grc' dir='ltr'><strong>φιλήσας</strong></span> <span class='ocrx_word' id='word_1_370' title='bbox 2245 2071 2337 2122; x_wconf 79' lang='grc' dir='ltr'><strong>τὸν</strong></span> <span class='ocrx_word' id='word_1_371' title='bbox 2369 2069 2660 2139; x_wconf 73' lang='grc' dir='ltr'>τράχηλον.</span> <span class='ocrx_word' id='word_1_372' title='bbox 2707 2066 2959 2131; x_wconf 81' lang='grc' dir='ltr'>Τοιοῦτος</span> <span class='ocrx_word' id='word_1_373' title='bbox 2988 2068 3015 2119; x_wconf 83' lang='grc' dir='ltr'>ὁ</span> <span class='ocrx_word' id='word_1_374' title='bbox 3040 2067 3307 2137; x_wconf 79' lang='grc' dir='ltr'>ἡμέτερος</span> <span class='ocrx_word' id='word_1_375' title='bbox 3353 2069 3566 2122; x_wconf 80' lang='grc' dir='ltr'>Δεσπό-</span> 
     </span>
    </p>
   </div>
   <div class='ocr_carea' id='block_1_50' title="bbox 1983 2158 3568 2231">
    <p class='ocr_par' dir='ltr' id='par_1_50' title="bbox 1983 2158 3568 2231">
     <span class='ocr_line' id='line_1_50' title="bbox 1983 2158 3568 2231; baseline -0.001 -18"><span class='ocrx_word' id='word_1_376' title='bbox 1983 2178 2083 2230; x_wconf 89' lang='grc' dir='ltr'><strong>της</strong></span> <span class='ocrx_word' id='word_1_377' title='bbox 2106 2176 2121 2191; x_wconf 90' lang='grc'><strong>·</strong></span> <span class='ocrx_word' id='word_1_378' title='bbox 2157 2160 2259 2214; x_wconf 74' lang='grc' dir='ltr'>κᾶν</span> <span class='ocrx_word' id='word_1_379' title='bbox 2295 2160 2519 2231; x_wconf 81' lang='grc' dir='ltr'>μυρίαις</span> <span class='ocrx_word' id='word_1_380' title='bbox 2562 2160 2748 2229; x_wconf 81' lang='grc' dir='ltr'>κηλῖσι</span> <span class='ocrx_word' id='word_1_381' title='bbox 2778 2158 3201 2230; x_wconf 77' lang='grc' dir='ltr'>κατεστιγμένοι</span> <span class='ocrx_word' id='word_1_382' title='bbox 3236 2160 3429 2228; x_wconf 73' lang='grc' dir='ltr'>ἐσμὲν,</span> <span class='ocrx_word' id='word_1_383' title='bbox 3458 2159 3568 2212; x_wconf 80' lang='grc' dir='ltr'><strong>κᾶν</strong></span> 
     </span>
    </p>
   </div>
   <div class='ocr_carea' id='block_1_51' title="bbox 1986 2250 3568 2322">
    <p class='ocr_par' dir='ltr' id='par_1_51' title="bbox 1986 2250 3568 2322">
     <span class='ocr_line' id='line_1_51' title="bbox 1986 2250 3568 2322; baseline 0.001 -18"><span class='ocrx_word' id='word_1_384' title='bbox 1986 2252 2328 2322; x_wconf 84' lang='grc' dir='ltr'>βορϐορώδης</span> <span class='ocrx_word' id='word_1_385' title='bbox 2362 2254 2509 2304; x_wconf 73' lang='grc' dir='ltr'>ἐστὶν</span> <span class='ocrx_word' id='word_1_386' title='bbox 2543 2254 2570 2305; x_wconf 85' lang='grc' dir='ltr'>ὁ</span> <span class='ocrx_word' id='word_1_387' title='bbox 2602 2251 2715 2321; x_wconf 83' lang='grc' dir='ltr'>βίος</span> <span class='ocrx_word' id='word_1_388' title='bbox 2744 2254 2777 2322; x_wconf 79' lang='grc' dir='ltr'><strong>ἡ</strong></span> <span class='ocrx_word' id='word_1_389' title='bbox 2788 2251 2922 2321; x_wconf 83' lang='grc' dir='ltr'>μῶν,</span> <span class='ocrx_word' id='word_1_390' title='bbox 2954 2252 3003 2303; x_wconf 88' lang='grc' dir='ltr'><strong>εί</strong></span> <span class='ocrx_word' id='word_1_391' title='bbox 3040 2250 3346 2321; x_wconf 78' lang='grc' dir='ltr'>προθυμίαν</span> <span class='ocrx_word' id='word_1_392' title='bbox 3393 2254 3568 2321; x_wconf 75' lang='grc' dir='ltr'>μόνην</span> 
     </span>
    </p>
   </div>
   <div class='ocr_carea' id='block_1_52' title="bbox 1984 2342 3566 2413">
    <p class='ocr_par' dir='ltr' id='par_1_52' title="bbox 1984 2342 3566 2413">
     <span class='ocr_line' id='line_1_52' title="bbox 1984 2342 3566 2413; baseline -0.001 -15"><span class='ocrx_word' id='word_1_393' title='bbox 1984 2344 2411 2413; x_wconf 78' lang='grc' dir='ltr'>ἑπιδειξαίμεθα,</span> <span class='ocrx_word' id='word_1_394' title='bbox 2441 2346 2535 2397; x_wconf 57' lang='grc' dir='ltr'><strong>κατ⁹</strong></span> <span class='ocrx_word' id='word_1_395' title='bbox 2554 2342 2790 2412; x_wconf 78' lang='grc' dir='ltr'>δάκρυον</span> <span class='ocrx_word' id='word_1_396' title='bbox 2816 2342 3215 2412; x_wconf 76' lang='grc' dir='ltr'>μεταγνώσεως</span> <span class='ocrx_word' id='word_1_397' title='bbox 3238 2342 3566 2409; x_wconf 80' lang='grc' dir='ltr'>ὲπιστάξαι-</span> 
     </span>
    </p>
   </div>
   <div class='ocr_carea' id='block_1_53' title="bbox 1988 2432 3563 2507">
    <p class='ocr_par' dir='ltr' id='par_1_53' title="bbox 1988 2432 3563 2507">
     <span class='ocr_line' id='line_1_53' title="bbox 1988 2432 3563 2507; baseline -0.001 -18"><span class='ocrx_word' id='word_1_398' title='bbox 1988 2454 2108 2507; x_wconf 83' lang='grc' dir='ltr'>μεν,</span> <span class='ocrx_word' id='word_1_399' title='bbox 2137 2436 2301 2497; x_wconf 79' lang='grc' dir='ltr'>εὐθὺς</span> <span class='ocrx_word' id='word_1_400' title='bbox 2330 2434 2764 2502; x_wconf 80' lang='grc' dir='ltr'>ὲναγκαλίζεται,</span> <span class='ocrx_word' id='word_1_401' title='bbox 2794 2434 2891 2503; x_wconf 75' lang='grc' dir='ltr'><strong>τὴν</strong></span> <span class='ocrx_word' id='word_1_402' title='bbox 2928 2434 3057 2486; x_wconf 82' lang='grc' dir='ltr'>ἵλεω</span> <span class='ocrx_word' id='word_1_403' title='bbox 3085 2432 3250 2501; x_wconf 80' lang='grc' dir='ltr'>φύσιν</span> <span class='ocrx_word' id='word_1_404' title='bbox 3282 2434 3563 2487; x_wconf 81' lang='grc' dir='ltr'>ἐνδείκνυ-</span> 
     </span>
    </p>
   </div>
   <div class='ocr_carea' id='block_1_54' title="bbox 1984 2522 3563 2596">
    <p class='ocr_par' dir='ltr' id='par_1_54' title="bbox 1984 2522 3563 2596">
     <span class='ocr_line' id='line_1_54' title="bbox 1984 2522 3563 2596; baseline -0.003 -17"><span class='ocrx_word' id='word_1_405' title='bbox 1984 2544 2093 2592; x_wconf 88' lang='grc' dir='ltr'>ται,</span> <span class='ocrx_word' id='word_1_406' title='bbox 2153 2526 2370 2580; x_wconf 78' lang='grc' dir='ltr'>πάντων</span> <span class='ocrx_word' id='word_1_407' title='bbox 2414 2525 2524 2576; x_wconf 79' lang='grc' dir='ltr'>τῶν</span> <span class='ocrx_word' id='word_1_408' title='bbox 2576 2524 2858 2596; x_wconf 81' lang='grc' dir='ltr'>προτέρων</span> <span class='ocrx_word' id='word_1_409' title='bbox 2910 2522 3356 2577; x_wconf 76' lang='grc' dir='ltr'>ἐπιλανθάνεται.</span> <span class='ocrx_word' id='word_1_410' title='bbox 3421 2523 3563 2576; x_wconf 76' lang='grc' dir='ltr'>Ἀλλ’</span> 
     </span>
    </p>
   </div>
   <div class='ocr_carea' id='block_1_55' title="bbox 1986 2615 3567 2688">
    <p class='ocr_par' dir='ltr' id='par_1_55' title="bbox 1986 2615 3567 2688">
     <span class='ocr_line' id='line_1_55' title="bbox 1986 2615 3567 2688; baseline -0.002 -15"><span class='ocrx_word' id='word_1_411' title='bbox 1986 2619 2246 2673; x_wconf 81' lang='grc' dir='ltr'>ὲπαντέον</span> <span class='ocrx_word' id='word_1_412' title='bbox 2286 2617 2407 2671; x_wconf 83' lang='grc' dir='ltr'>ὅθεν</span> <span class='ocrx_word' id='word_1_413' title='bbox 2442 2617 2729 2688; x_wconf 74' lang='grc' dir='ltr'>ἐξέϐημεν.</span> <span class='ocrx_word' id='word_1_414' title='bbox 2770 2636 2789 2669; x_wconf 75' lang='grc' dir='ltr'><strong>ι</strong></span> <span class='ocrx_word' id='word_1_415' title='bbox 2821 2619 3080 2686; x_wconf 82' lang='grc' dir='ltr'>Ζακχαῖε,</span> <span class='ocrx_word' id='word_1_416' title='bbox 3114 2615 3358 2680; x_wconf 83' lang='grc' dir='ltr'>σπεύσας</span> <span class='ocrx_word' id='word_1_417' title='bbox 3392 2618 3567 2670; x_wconf 85' lang='grc' dir='ltr'>κατά-</span> 
     </span>
    </p>
   </div>
   <div class='ocr_carea' id='block_1_56' title="bbox 1986 2707 3567 2781">
    <p class='ocr_par' dir='ltr' id='par_1_56' title="bbox 1986 2707 3567 2781">
     <span class='ocr_line' id='line_1_56' title="bbox 1986 2707 3567 2781; baseline -0.009 -17"><span class='ocrx_word' id='word_1_418' title='bbox 1986 2711 2134 2781; x_wconf 88' lang='grc' dir='ltr'>ϐηθι.</span> <span class='ocrx_word' id='word_1_419' title='bbox 2169 2730 2187 2761; x_wconf 75' lang='grc' dir='ltr'><strong>ι</strong></span> <span class='ocrx_word' id='word_1_420' title='bbox 2222 2709 2336 2762; x_wconf 79' lang='grc' dir='ltr'><strong>Νῦν</strong></span> <span class='ocrx_word' id='word_1_421' title='bbox 2360 2710 2526 2773; x_wconf 76' lang='grc' dir='ltr'>ὅντως</span> <span class='ocrx_word' id='word_1_422' title='bbox 2561 2710 2829 2778; x_wconf 77' lang='grc' dir='ltr'>Ζακχαῖος</span> <span class='ocrx_word' id='word_1_423' title='bbox 2887 2709 3120 2777; x_wconf 79' lang='grc' dir='ltr'>γέγονας</span> <span class='ocrx_word' id='word_1_424' title='bbox 3150 2725 3165 2740; x_wconf 89' lang='grc'><strong>·</strong></span> <span class='ocrx_word' id='word_1_425' title='bbox 3201 2707 3298 2763; x_wconf 83' lang='grc' dir='ltr'>νῦν</span> <span class='ocrx_word' id='word_1_426' title='bbox 3328 2712 3394 2779; x_wconf 80' lang='grc' dir='ltr'>τῇ</span> <span class='ocrx_word' id='word_1_427' title='bbox 3427 2709 3567 2777; x_wconf 68' lang='grc' dir='ltr'>κλή.</span> 
     </span>
    </p>
   </div>
   <div class='ocr_carea' id='block_1_57' title="bbox 1990 2800 3570 2873">
    <p class='ocr_par' dir='ltr' id='par_1_57' title="bbox 1990 2800 3570 2873">
     <span class='ocr_line' id='line_1_57' title="bbox 1990 2800 3570 2873; baseline 0.001 -19"><span class='ocrx_word' id='word_1_428' title='bbox 1990 2819 2072 2855; x_wconf 82' lang='grc' dir='ltr'><strong>σει</strong></span> <span class='ocrx_word' id='word_1_429' title='bbox 2119 2801 2455 2872; x_wconf 73' lang='grc' dir='ltr'>κατάλληλον</span> <span class='ocrx_word' id='word_1_430' title='bbox 2500 2800 2781 2865; x_wconf 72' lang='grc' dir='ltr'>ἐπέδειξας</span> <span class='ocrx_word' id='word_1_431' title='bbox 2818 2802 2915 2868; x_wconf 79' lang='grc' dir='ltr'><strong>τὴν</strong></span> <span class='ocrx_word' id='word_1_432' title='bbox 2946 2800 3252 2871; x_wconf 81' lang='grc' dir='ltr'>ἐνέργειαν.</span> <span class='ocrx_word' id='word_1_433' title='bbox 3297 2803 3570 2873; x_wconf 78' lang='grc' dir='ltr'>Ζακχαῖος</span> 
     </span>
    </p>
   </div>
   <div class='ocr_carea' id='block_1_58' title="bbox 1988 2892 3571 2965">
    <p class='ocr_par' dir='ltr' id='par_1_58' title="bbox 1988 2892 3571 2965">
     <span class='ocr_line' id='line_1_58' title="bbox 1988 2892 3571 2965; baseline -0.001 -18"><span class='ocrx_word' id='word_1_434' title='bbox 1988 2894 2097 2964; x_wconf 80' lang='grc' dir='ltr'>γάρ</span> <span class='ocrx_word' id='word_1_435' title='bbox 2148 2894 2405 2962; x_wconf 79' lang='grc' dir='ltr'>νικητὴς</span> <span class='ocrx_word' id='word_1_436' title='bbox 2458 2892 2864 2963; x_wconf 77' lang='grc' dir='ltr'>ἑρμηνεύεται·</span> <span class='ocrx_word' id='word_1_437' title='bbox 2898 2894 2992 2945; x_wconf 78' lang='grc' dir='ltr'>νῦν</span> <span class='ocrx_word' id='word_1_438' title='bbox 3042 2893 3135 2946; x_wconf 77' lang='grc' dir='ltr'><strong>οὖν</strong></span> <span class='ocrx_word' id='word_1_439' title='bbox 3176 2896 3403 2965; x_wconf 74' lang='grc' dir='ltr'>νικητὴς</span> <span class='ocrx_word' id='word_1_440' title='bbox 3457 2894 3571 2948; x_wconf 83' lang='grc' dir='ltr'>τῶν</span> 
     </span>
    </p>
   </div>
   <div class='ocr_carea' id='block_1_59' title="bbox 1990 2986 3562 3058">
    <p class='ocr_par' dir='ltr' id='par_1_59' title="bbox 1990 2986 3562 3058">
     <span class='ocr_line' id='line_1_59' title="bbox 1990 2986 3562 3058; baseline 0 -18"><span class='ocrx_word' id='word_1_441' title='bbox 1990 2986 2589 3057; x_wconf 82' lang='grc' dir='ltr'>παθῶνὲχρημάτισας.</span> <span class='ocrx_word' id='word_1_442' title='bbox 2616 3005 2633 3038; x_wconf 76' lang='grc' dir='ltr'><strong>ι</strong></span> <span class='ocrx_word' id='word_1_443' title='bbox 2671 2990 2925 3058; x_wconf 83' lang='grc' dir='ltr'>Ζακχαῖε,</span> <span class='ocrx_word' id='word_1_444' title='bbox 2954 2988 3199 3050; x_wconf 67' lang='grc' dir='ltr'>σπεύσας</span> <span class='ocrx_word' id='word_1_445' title='bbox 3229 2988 3562 3058; x_wconf 61' lang='grc' dir='ltr'>κατάϐηθι..</span> 
     </span>
    </p>
   </div>
   <div class='ocr_carea' id='block_1_60' title="bbox 1992 3078 3568 3153">
    <p class='ocr_par' dir='ltr' id='par_1_60' title="bbox 1992 3078 3568 3153">
     <span class='ocr_line' id='line_1_60' title="bbox 1992 3078 3568 3153; baseline 0.001 -22"><span class='ocrx_word' id='word_1_446' title='bbox 1992 3079 2091 3132; x_wconf 88' lang='grc' dir='ltr'>Διά</span> <span class='ocrx_word' id='word_1_447' title='bbox 2126 3079 2177 3131; x_wconf 85' lang='grc' dir='ltr'><strong>τί</strong></span> <span class='ocrx_word' id='word_1_448' title='bbox 2212 3081 2304 3131; x_wconf 66' lang='grc' dir='ltr'>καὶ</span> <span class='ocrx_word' id='word_1_449' title='bbox 2348 3079 2447 3147; x_wconf 82' lang='grc' dir='ltr'>τὴν</span> <span class='ocrx_word' id='word_1_450' title='bbox 2498 3078 2733 3147; x_wconf 77' lang='grc' dir='ltr'>σπουδὴν</span> <span class='ocrx_word' id='word_1_451' title='bbox 2766 3079 3162 3149; x_wconf 74' lang='grc' dir='ltr'>προστίθησινς</span> <span class='ocrx_word' id='word_1_452' title='bbox 3204 3080 3325 3132; x_wconf 83' lang='grc' dir='ltr'>’Ὶνα</span> <span class='ocrx_word' id='word_1_453' title='bbox 3360 3079 3568 3153; x_wconf 78' lang='grc' dir='ltr'>μάθῃς,</span> 
     </span>
    </p>
   </div>
   <div class='ocr_carea' id='block_1_61' title="bbox 314 3165 1887 3243">
    <p class='ocr_par' dir='ltr' id='par_1_61' title="bbox 314 3165 1886 3241">
     <span class='ocr_line' id='line_1_61' title="bbox 314 3165 1886 3241; baseline 0.007 -24"><span class='ocrx_word' id='word_1_454' title='bbox 314 3181 485 3233; x_wconf 83' lang='lat' dir='ltr'><strong>quare</strong></span> <span class='ocrx_word' id='word_1_455' title='bbox 520 3165 932 3224; x_wconf 79' lang='lat' dir='ltr'><strong>festinationem</strong></span> <span class='ocrx_word' id='word_1_456' title='bbox 964 3171 1249 3241; x_wconf 79' lang='lat' dir='ltr'><strong>adjuugit?</strong></span> <span class='ocrx_word' id='word_1_457' title='bbox 1282 3172 1349 3228; x_wconf 89' lang='lat' dir='ltr'><strong>Ut</strong></span> <span class='ocrx_word' id='word_1_458' title='bbox 1380 3174 1557 3227; x_wconf 86' lang='lat' dir='ltr'><strong>discas</strong></span> <span class='ocrx_word' id='word_1_459' title='bbox 1591 3191 1695 3227; x_wconf 91' lang='lat' dir='ltr'><strong>non</strong></span> <span class='ocrx_word' id='word_1_460' title='bbox 1726 3191 1886 3240; x_wconf 86' lang='lat' dir='ltr'><strong>opor-</strong></span> 
     </span>
    </p>
   </div>
   <div class='ocr_carea' id='block_1_62' title="bbox 1991 3165 3571 3243">
    <p class='ocr_par' dir='ltr' id='par_1_62' title="bbox 1991 3170 3571 3243">
     <span class='ocr_line' id='line_1_62' title="bbox 1991 3170 3571 3243; baseline 0.003 -21"><span class='ocrx_word' id='word_1_461' title='bbox 1991 3170 2061 3230; x_wconf 81' lang='grc' dir='ltr'>ὡς</span> <span class='ocrx_word' id='word_1_462' title='bbox 2085 3170 2146 3223; x_wconf 81' lang='grc' dir='ltr'><strong>οὐ</strong></span> <span class='ocrx_word' id='word_1_463' title='bbox 2182 3170 2288 3241; x_wconf 82' lang='grc' dir='ltr'><strong>χρὴ</strong></span> <span class='ocrx_word' id='word_1_464' title='bbox 2322 3171 2584 3241; x_wconf 75' lang='grc' dir='ltr'>ῥᾳθύμως</span> <span class='ocrx_word' id='word_1_465' title='bbox 2632 3170 2723 3223; x_wconf 82' lang='grc' dir='ltr'>καὶ</span> <span class='ocrx_word' id='word_1_466' title='bbox 2774 3171 2993 3238; x_wconf 84' lang='grc' dir='ltr'>ἀμελῶς</span> <span class='ocrx_word' id='word_1_467' title='bbox 3030 3173 3275 3241; x_wconf 82' lang='grc' dir='ltr'>μετιέναι</span> <span class='ocrx_word' id='word_1_468' title='bbox 3304 3172 3404 3243; x_wconf 78' lang='grc' dir='ltr'>τὴν</span> <span class='ocrx_word' id='word_1_469' title='bbox 3440 3175 3571 3243; x_wconf 77' lang='grc' dir='ltr'>ἀρε·</span> 
     </span>
    </p>
   </div>
   <div class='ocr_carea' id='block_1_63' title="bbox 318 3259 1890 3335">
    <p class='ocr_par' dir='ltr' id='par_1_63' title="bbox 318 3259 1890 3335">
     <span class='ocr_line' id='line_1_63' title="bbox 318 3259 1890 3335; baseline 0.004 -24"><span class='ocrx_word' id='word_1_470' title='bbox 318 3268 431 3312; x_wconf 89' lang='lat' dir='ltr'><strong>tere</strong></span> <span class='ocrx_word' id='word_1_471' title='bbox 465 3259 771 3315; x_wconf 85' lang='lat' dir='ltr'><strong>socorditer</strong></span> <span class='ocrx_word' id='word_1_472' title='bbox 803 3270 857 3314; x_wconf 90' lang='lat' dir='ltr'><strong>et</strong></span> <span class='ocrx_word' id='word_1_473' title='bbox 887 3262 1243 3332; x_wconf 72' lang='lat' dir='ltr'><strong>negligenter.</strong></span> <span class='ocrx_word' id='word_1_474' title='bbox 1282 3265 1376 3318; x_wconf 87' lang='lat' dir='ltr'><strong>sed</strong></span> <span class='ocrx_word' id='word_1_475' title='bbox 1406 3265 1575 3319; x_wconf 85' lang='lat' dir='ltr'><strong>alacri</strong></span> <span class='ocrx_word' id='word_1_476' title='bbox 1614 3275 1890 3335; x_wconf 85' lang='lat' dir='ltr'><strong>prompto-</strong></span> 
     </span>
    </p>
   </div>
   <div class='ocr_carea' id='block_1_64' title="bbox 320 3347 1887 3419">
    <p class='ocr_par' dir='ltr' id='par_1_64' title="bbox 320 3347 1887 3419">
     <span class='ocr_line' id='line_1_64' title="bbox 320 3347 1887 3419; baseline 0.006 -20"><span class='ocrx_word' id='word_1_477' title='bbox 320 3359 427 3412; x_wconf 87' lang='lat' dir='ltr'><strong>que</strong></span> <span class='ocrx_word' id='word_1_478' title='bbox 457 3347 638 3401; x_wconf 85' lang='lat' dir='ltr'><strong>studio</strong></span> <span class='ocrx_word' id='word_1_479' title='bbox 670 3347 878 3416; x_wconf 79' lang='lat' dir='ltr'><strong>ingredi</strong></span> <span class='ocrx_word' id='word_1_480' title='bbox 917 3349 1022 3419; x_wconf 80' lang='lat'><strong>91</strong></span> <span class='ocrx_word' id='word_1_481' title='bbox 1065 3353 1205 3406; x_wconf 91' lang='lat' dir='ltr'><strong>viam</strong></span> <span class='ocrx_word' id='word_1_482' title='bbox 1251 3353 1486 3408; x_wconf 88' lang='lat' dir='ltr'><strong>virtutis.</strong></span> <span class='ocrx_word' id='word_1_483' title='bbox 1524 3353 1697 3409; x_wconf 79' lang='lat' dir='ltr'><strong>Fluxa</strong></span> <span class='ocrx_word' id='word_1_484' title='bbox 1744 3356 1887 3411; x_wconf 89' lang='lat' dir='ltr'><strong>enim</strong></span> 
     </span>
    </p>
   </div>
   <div class='ocr_carea' id='block_1_65' title="bbox 318 3438 1889 3516">
    <p class='ocr_par' dir='ltr' id='par_1_65' title="bbox 318 3438 1889 3516">
     <span class='ocr_line' id='line_1_65' title="bbox 318 3438 1889 3516; baseline 0.007 -26"><span class='ocrx_word' id='word_1_485' title='bbox 318 3446 404 3491; x_wconf 88' lang='lat' dir='ltr'><strong>est</strong></span> <span class='ocrx_word' id='word_1_486' title='bbox 439 3438 545 3491; x_wconf 87' lang='lat' dir='ltr'><strong>vita</strong></span> <span class='ocrx_word' id='word_1_487' title='bbox 578 3449 781 3504; x_wconf 87' lang='lat' dir='ltr'><strong>nostra,</strong></span> <span class='ocrx_word' id='word_1_488' title='bbox 817 3444 1063 3511; x_wconf 88' lang='lat' dir='ltr'><strong>adeoque</strong></span> <span class='ocrx_word' id='word_1_489' title='bbox 1091 3454 1306 3511; x_wconf 87' lang='lat' dir='ltr'><strong>oportet</strong></span> <span class='ocrx_word' id='word_1_490' title='bbox 1351 3445 1416 3497; x_wconf 91' lang='lat' dir='ltr'><strong>ad</strong></span> <span class='ocrx_word' id='word_1_491' title='bbox 1468 3445 1667 3500; x_wconf 89' lang='lat' dir='ltr'><strong>bonum</strong></span> <span class='ocrx_word' id='word_1_492' title='bbox 1696 3463 1889 3516; x_wconf 76' lang='lat' dir='ltr'><strong>caprs~</strong></span> 
     </span>
    </p>
   </div>
   <div class='ocr_carea' id='block_1_66' title="bbox 319 3529 1891 3607">
    <p class='ocr_par' dir='ltr' id='par_1_66' title="bbox 319 3529 1891 3607">
     <span class='ocr_line' id='line_1_66' title="bbox 319 3529 1891 3607; baseline 0.006 -25"><span class='ocrx_word' id='word_1_493' title='bbox 319 3531 543 3583; x_wconf 83' lang='lat' dir='ltr'><strong>seudum</strong></span> <span class='ocrx_word' id='word_1_494' title='bbox 573 3546 672 3585; x_wconf 83' lang='lat' dir='ltr'><strong>nos</strong></span> <span class='ocrx_word' id='word_1_495' title='bbox 696 3529 976 3597; x_wconf 81' lang='lat' dir='ltr'><strong>festinare,</strong></span> <span class='ocrx_word' id='word_1_496' title='bbox 998 3534 1128 3588; x_wconf 88' lang='lat' dir='ltr'><strong>dum</strong></span> <span class='ocrx_word' id='word_1_497' title='bbox 1151 3536 1254 3590; x_wconf 88' lang='lat' dir='ltr'><strong>hoc</strong></span> <span class='ocrx_word' id='word_1_498' title='bbox 1275 3536 1517 3607; x_wconf 85' lang='lat' dir='ltr'><strong>corporis</strong></span> <span class='ocrx_word' id='word_1_499' title='bbox 1546 3538 1891 3593; x_wconf 80' lang='lat' dir='ltr'><strong>tabernaculo</strong></span> 
     </span>
    </p>
   </div>
   <div class='ocr_carea' id='block_1_67' title="bbox 318 3621 1889 3684">
    <p class='ocr_par' dir='ltr' id='par_1_67' title="bbox 318 3621 1889 3684">
     <span class='ocr_line' id='line_1_67' title="bbox 318 3621 1889 3684; baseline 0.007 -11"><span class='ocrx_word' id='word_1_500' title='bbox 318 3621 655 3676; x_wconf 81' lang='lat' dir='ltr'><strong>circumtccti</strong></span> <span class='ocrx_word' id='word_1_501' title='bbox 697 3639 903 3678; x_wconf 84' lang='lat' dir='ltr'><strong>sumus.</strong></span> <span class='ocrx_word' id='word_1_502' title='bbox 943 3623 1047 3679; x_wconf 89' lang='lat' dir='ltr'><strong>Sed</strong></span> <span class='ocrx_word' id='word_1_503' title='bbox 1082 3626 1225 3679; x_wconf 92' lang='lat' dir='ltr'><strong>enim</strong></span> <span class='ocrx_word' id='word_1_504' title='bbox 1281 3627 1493 3681; x_wconf 87' lang='lat' dir='ltr'><strong>videtur</strong></span> <span class='ocrx_word' id='word_1_505' title='bbox 1544 3629 1647 3683; x_wconf 91' lang='lat' dir='ltr'><strong>hoc</strong></span> <span class='ocrx_word' id='word_1_506' title='bbox 1689 3629 1889 3684; x_wconf 83' lang='lat' dir='ltr'><strong>dictum</strong></span> 
     </span>
    </p>
   </div>
   <div class='ocr_carea' id='block_1_68' title="bbox 321 3712 1889 3787">
    <p class='ocr_par' dir='ltr' id='par_1_68' title="bbox 321 3712 1889 3787">
     <span class='ocr_line' id='line_1_68' title="bbox 321 3712 1889 3787; baseline 0.009 -22"><span class='ocrx_word' id='word_1_507' title='bbox 321 3712 521 3766; x_wconf 79' lang='lat' dir='ltr'><strong>tradito</strong></span> <span class='ocrx_word' id='word_1_508' title='bbox 552 3728 582 3767; x_wconf 86' lang='lat' dir='ltr'><strong>a</strong></span> <span class='ocrx_word' id='word_1_509' title='bbox 614 3713 771 3770; x_wconf 80' lang='lat' dir='ltr'><strong>nobis</strong></span> <span class='ocrx_word' id='word_1_510' title='bbox 818 3716 1110 3770; x_wconf 82' lang='lat' dir='ltr'><strong>intellectui</strong></span> <span class='ocrx_word' id='word_1_511' title='bbox 1152 3719 1431 3773; x_wconf 88' lang='lat' dir='ltr'><strong>adversari</strong></span> <span class='ocrx_word' id='word_1_512' title='bbox 1468 3721 1889 3787; x_wconf 79' lang='lat' dir='ltr'><strong>quodammodo.</strong></span> 
     </span>
    </p>
   </div>
   <div class='ocr_carea' id='block_1_69' title="bbox 321 3803 1889 3883">
    <p class='ocr_par' dir='ltr' id='par_1_69' title="bbox 321 3803 1889 3883">
     <span class='ocr_line' id='line_1_69' title="bbox 321 3803 1889 3883; baseline 0.007 -27"><span class='ocrx_word' id='word_1_513' title='bbox 321 3803 376 3856; x_wconf 92' lang='lat' dir='ltr'><strong>Si</strong></span> <span class='ocrx_word' id='word_1_514' title='bbox 436 3805 581 3857; x_wconf 88' lang='lat' dir='ltr'><strong>enim</strong></span> <span class='ocrx_word' id='word_1_515' title='bbox 652 3808 970 3871; x_wconf 70' lang='lat' dir='ltr'><strong>praeclarum</strong></span> <span class='ocrx_word' id='word_1_516' title='bbox 1029 3807 1288 3863; x_wconf 72' lang='lat' dir='ltr'><strong>Zacchzeo</strong></span> <span class='ocrx_word' id='word_1_517' title='bbox 1358 3811 1456 3865; x_wconf 79' lang='lat' dir='ltr'><strong>fuit</strong></span> <span class='ocrx_word' id='word_1_518' title='bbox 1518 3826 1889 3883; x_wconf 87' lang='lat' dir='ltr'><strong>sycomoream</strong></span> 
     </span>
    </p>
   </div>
   <div class='ocr_carea' id='block_1_70' title="bbox 319 3899 1891 3974">
    <p class='ocr_par' dir='ltr' id='par_1_70' title="bbox 319 3899 1891 3974">
     <span class='ocr_line' id='line_1_70' title="bbox 319 3899 1891 3974; baseline 0.008 -25"><span class='ocrx_word' id='word_1_519' title='bbox 319 3899 613 3953; x_wconf 82' lang='lat' dir='ltr'><strong>ascendere</strong></span> <span class='ocrx_word' id='word_1_520' title='bbox 649 3901 700 3968; x_wconf 87' lang='lat' dir='ltr'><strong>(a</strong></span> <span class='ocrx_word' id='word_1_521' title='bbox 732 3902 963 3955; x_wconf 86' lang='lat' dir='ltr'><strong>terrenis</strong></span> <span class='ocrx_word' id='word_1_522' title='bbox 1004 3903 1203 3970; x_wconf 87' lang='lat' dir='ltr'><strong>quippe</strong></span> <span class='ocrx_word' id='word_1_523' title='bbox 1255 3904 1532 3968; x_wconf 85' lang='lat' dir='ltr'><strong>sublatus,</strong></span> <span class='ocrx_word' id='word_1_524' title='bbox 1570 3914 1619 3957; x_wconf 92' lang='lat' dir='ltr'><strong>et</strong></span> <span class='ocrx_word' id='word_1_525' title='bbox 1671 3916 1891 3974; x_wconf 86' lang='lat' dir='ltr'><strong>peccato</strong></span> 
     </span>
    </p>
   </div>
   <div class='ocr_carea' id='block_1_71' title="bbox 318 3984 1949 4065">
    <p class='ocr_par' dir='ltr' id='par_1_71' title="bbox 318 3984 1949 4065">
     <span class='ocr_line' id='line_1_71' title="bbox 318 3984 1949 4065; baseline 0.006 -20"><span class='ocrx_word' id='word_1_526' title='bbox 318 3992 570 4059; x_wconf 88' lang='lat' dir='ltr'><strong>superior</strong></span> <span class='ocrx_word' id='word_1_527' title='bbox 599 3993 773 4048; x_wconf 82' lang='lat' dir='ltr'><strong>factus</strong></span> <span class='ocrx_word' id='word_1_528' title='bbox 797 3994 931 4064; x_wconf 90' lang='lat' dir='ltr'><strong>est),</strong></span> <span class='ocrx_word' id='word_1_529' title='bbox 956 4010 1060 4064; x_wconf 86' lang='lat' dir='ltr'><strong>qua</strong></span> <span class='ocrx_word' id='word_1_530' title='bbox 1102 3997 1313 4050; x_wconf 79' lang='lat' dir='ltr'><strong>ratione</strong></span> <span class='ocrx_word' id='word_1_531' title='bbox 1345 3997 1569 4065; x_wconf 87' lang='lat' dir='ltr'><strong>jubetur</strong></span> <span class='ocrx_word' id='word_1_532' title='bbox 1595 4000 1892 4054; x_wconf 75' lang='lat' dir='ltr'><strong>descende-</strong></span> <span class='ocrx_word' id='word_1_533' title='bbox 1942 3984 1949 3989; x_wconf 57' lang='grc'><strong>’</strong></span> 
     </span>
    </p>
   </div>
   <div class='ocr_carea' id='block_1_72' title="bbox 323 4082 1886 4155">
    <p class='ocr_par' dir='ltr' id='par_1_72' title="bbox 323 4082 1886 4155">
     <span class='ocr_line' id='line_1_72' title="bbox 323 4082 1886 4155; baseline 0.006 -22"><span class='ocrx_word' id='word_1_534' title='bbox 323 4083 421 4136; x_wconf 74' lang='lat' dir='ltr'><strong>te?</strong></span> <span class='ocrx_word' id='word_1_535' title='bbox 454 4100 473 4135; x_wconf 75' lang='grc' dir='ltr'><strong>ι</strong></span> <span class='ocrx_word' id='word_1_536' title='bbox 513 4082 774 4139; x_wconf 71' lang='grc' dir='ltr'>Ζαρειιτεε</span> <span class='ocrx_word' id='word_1_537' title='bbox 809 4085 952 4140; x_wconf 92' lang='lat' dir='ltr'><strong>enim</strong></span> <span class='ocrx_word' id='word_1_538' title='bbox 997 4085 1194 4155; x_wconf 86' lang='lat' dir='ltr'><strong>inquit,</strong></span> <span class='ocrx_word' id='word_1_539' title='bbox 1249 4085 1512 4141; x_wconf 75' lang='lat' dir='ltr'><strong>festinans</strong></span> <span class='ocrx_word' id='word_1_540' title='bbox 1543 4088 1886 4144; x_wconf 60' lang='lat' dir='ltr'><strong>descende.»</strong></span> 
     </span>
    </p>
   </div>
   <div class='ocr_carea' id='block_1_73' title="bbox 323 4175 1890 4247">
    <p class='ocr_par' dir='ltr' id='par_1_73' title="bbox 323 4175 1890 4247">
     <span class='ocr_line' id='line_1_73' title="bbox 323 4175 1890 4247; baseline 0.004 -18"><span class='ocrx_word' id='word_1_541' title='bbox 323 4175 443 4240; x_wconf 86' lang='lat' dir='ltr'><strong>Quo</strong></span> <span class='ocrx_word' id='word_1_542' title='bbox 492 4189 651 4247; x_wconf 89' lang='lat' dir='ltr'><strong>pacto</strong></span> <span class='ocrx_word' id='word_1_543' title='bbox 690 4193 837 4240; x_wconf 85' lang='lat' dir='ltr'><strong>eum,</strong></span> <span class='ocrx_word' id='word_1_544' title='bbox 879 4181 969 4247; x_wconf 91' lang='lat' dir='ltr'><strong>qui</strong></span> <span class='ocrx_word' id='word_1_545' title='bbox 1024 4180 1161 4235; x_wconf 87' lang='lat' dir='ltr'><strong>bene</strong></span> <span class='ocrx_word' id='word_1_546' title='bbox 1205 4182 1546 4247; x_wconf 66' lang='lat' dir='ltr'><strong>ascenderat,</strong></span> <span class='ocrx_word' id='word_1_547' title='bbox 1591 4183 1783 4236; x_wconf 92' lang='lat' dir='ltr'><strong>incitat</strong></span> <span class='ocrx_word' id='word_1_548' title='bbox 1825 4185 1890 4236; x_wconf 83' lang='lat' dir='ltr'><strong>ad</strong></span> 
     </span>
    </p>
   </div>
   <div class='ocr_carea' id='block_1_74' title="bbox 322 4271 1889 4342">
    <p class='ocr_par' dir='ltr' id='par_1_74' title="bbox 322 4271 1889 4342">
     <span class='ocr_line' id='line_1_74' title="bbox 322 4271 1889 4342; baseline 0.002 -18"><span class='ocrx_word' id='word_1_549' title='bbox 322 4271 801 4326; x_wconf 81' lang='lat' dir='ltr'><strong>descendendum?</strong></span> <span class='ocrx_word' id='word_1_550' title='bbox 827 4271 978 4337; x_wconf 86' lang='lat' dir='ltr'><strong>Quod</strong></span> <span class='ocrx_word' id='word_1_551' title='bbox 1004 4273 1070 4326; x_wconf 91' lang='lat' dir='ltr'><strong>ad</strong></span> <span class='ocrx_word' id='word_1_552' title='bbox 1098 4273 1417 4327; x_wconf 85' lang='lat' dir='ltr'><strong>historicum</strong></span> <span class='ocrx_word' id='word_1_553' title='bbox 1441 4289 1657 4329; x_wconf 88' lang='lat' dir='ltr'><strong>sensum</strong></span> <span class='ocrx_word' id='word_1_554' title='bbox 1678 4277 1889 4342; x_wconf 86' lang='lat' dir='ltr'><strong>attinet,</strong></span> 
     </span>
    </p>
   </div>
   <div class='ocr_carea' id='block_1_75' title="bbox 319 4352 1890 4433">
    <p class='ocr_par' dir='ltr' id='par_1_75' title="bbox 319 4352 1890 4433">
     <span class='ocr_line' id='line_1_75' title="bbox 319 4352 1890 4433; baseline 0.006 -23"><span class='ocrx_word' id='word_1_555' title='bbox 319 4358 392 4411; x_wconf 89' lang='lat' dir='ltr'><strong>ab</strong></span> <span class='ocrx_word' id='word_1_556' title='bbox 414 4352 616 4413; x_wconf 83' lang='lat' dir='ltr'><strong>arbore</strong></span> <span class='ocrx_word' id='word_1_557' title='bbox 635 4374 755 4414; x_wconf 89' lang='lat' dir='ltr'><strong>eum</strong></span> <span class='ocrx_word' id='word_1_558' title='bbox 775 4359 1107 4417; x_wconf 87' lang='lat' dir='ltr'><strong>descendere</strong></span> <span class='ocrx_word' id='word_1_559' title='bbox 1133 4359 1570 4431; x_wconf 85' lang='lat' dir='ltr'><strong>Salvatorjnbet,</strong></span> <span class='ocrx_word' id='word_1_560' title='bbox 1596 4366 1890 4433; x_wconf 72' lang='lat' dir='ltr'><strong>anagogica</strong></span> 
     </span>
    </p>
   </div>
   <div class='ocr_carea' id='block_1_76' title="bbox 1988 3260 3573 3333">
    <p class='ocr_par' dir='ltr' id='par_1_76' title="bbox 1988 3260 3573 3333">
     <span class='ocr_line' id='line_1_76' title="bbox 1988 3260 3573 3333; baseline 0.001 -19"><span class='ocrx_word' id='word_1_561' title='bbox 1988 3260 2108 3330; x_wconf 79' lang='grc' dir='ltr'>τὴν,</span> <span class='ocrx_word' id='word_1_562' title='bbox 2139 3260 2275 3314; x_wconf 86' lang='grc' dir='ltr'><strong>ἀλλά</strong></span> <span class='ocrx_word' id='word_1_563' title='bbox 2305 3263 2444 3332; x_wconf 73' lang='grc' dir='ltr'>μετὰ</span> <span class='ocrx_word' id='word_1_564' title='bbox 2488 3260 2773 3330; x_wconf 77' lang='grc' dir='ltr'>προθύμου</span> <span class='ocrx_word' id='word_1_565' title='bbox 2819 3262 3083 3331; x_wconf 80' lang='grc' dir='ltr'>σπουδῆς.</span> <span class='ocrx_word' id='word_1_566' title='bbox 3130 3262 3347 3333; x_wconf 78' lang='grc' dir='ltr'>Ἐπειδὴ</span> <span class='ocrx_word' id='word_1_567' title='bbox 3394 3280 3573 3328; x_wconf 81' lang='grc' dir='ltr'>παρο-</span> 
     </span>
    </p>
   </div>
   <div class='ocr_carea' id='block_1_77' title="bbox 1988 3352 3570 3423">
    <p class='ocr_par' dir='ltr' id='par_1_77' title="bbox 1988 3352 3570 3423">
     <span class='ocr_line' id='line_1_77' title="bbox 1988 3352 3570 3423; baseline 0 -17"><span class='ocrx_word' id='word_1_568' title='bbox 1988 3353 2111 3422; x_wconf 76' lang='grc' dir='ltr'>δική</span> <span class='ocrx_word' id='word_1_569' title='bbox 2158 3354 2305 3406; x_wconf 78' lang='grc' dir='ltr'>ἐστιν</span> <span class='ocrx_word' id='word_1_570' title='bbox 2342 3353 2557 3423; x_wconf 80' lang='grc' dir='ltr'><strong>ὴμῶνή</strong></span> <span class='ocrx_word' id='word_1_571' title='bbox 2593 3352 2727 3422; x_wconf 72' lang='grc' dir='ltr'>ζωὴ.</span> <span class='ocrx_word' id='word_1_572' title='bbox 2765 3352 2857 3404; x_wconf 73' lang='grc' dir='ltr'><strong>καὶ</strong></span> <span class='ocrx_word' id='word_1_573' title='bbox 2894 3353 3000 3422; x_wconf 80' lang='grc' dir='ltr'><strong>χρὴ</strong></span> <span class='ocrx_word' id='word_1_574' title='bbox 3036 3353 3290 3405; x_wconf 78' lang='grc' dir='ltr'>σπεύδειν</span> <span class='ocrx_word' id='word_1_575' title='bbox 3317 3355 3463 3423; x_wconf 75' lang='grc' dir='ltr'>ἡμᾶς</span> <span class='ocrx_word' id='word_1_576' title='bbox 3488 3356 3570 3418; x_wconf 80' lang='grc' dir='ltr'><strong>είς</strong></span> 
     </span>
    </p>
   </div>
   <div class='ocr_carea' id='block_1_78' title="bbox 1990 3442 3573 3515">
    <p class='ocr_par' dir='ltr' id='par_1_78' title="bbox 1990 3442 3573 3515">
     <span class='ocr_line' id='line_1_78' title="bbox 1990 3442 3573 3515; baseline 0.001 -20"><span class='ocrx_word' id='word_1_577' title='bbox 1990 3444 2052 3496; x_wconf 70' lang='grc' dir='ltr'>τὸ</span> <span class='ocrx_word' id='word_1_578' title='bbox 2077 3444 2302 3511; x_wconf 81' lang='grc' dir='ltr'>ἀγαθὸν,</span> <span class='ocrx_word' id='word_1_579' title='bbox 2337 3444 2447 3497; x_wconf 74' lang='grc' dir='ltr'>ἔστ’</span> <span class='ocrx_word' id='word_1_580' title='bbox 2467 3444 2534 3496; x_wconf 83' lang='grc' dir='ltr'>ἂν</span> <span class='ocrx_word' id='word_1_581' title='bbox 2564 3442 3009 3513; x_wconf 82' lang='grc' dir='ltr'>περιϐεϐλήμεθα</span> <span class='ocrx_word' id='word_1_582' title='bbox 3040 3445 3100 3496; x_wconf 73' lang='grc' dir='ltr'>τὸ</span> <span class='ocrx_word' id='word_1_583' title='bbox 3127 3444 3384 3515; x_wconf 81' lang='grc' dir='ltr'>σάρκινον</span> <span class='ocrx_word' id='word_1_584' title='bbox 3411 3444 3573 3498; x_wconf 76' lang='grc' dir='ltr'>τοῦτο</span> 
     </span>
    </p>
   </div>
   <div class='ocr_carea' id='block_1_79' title="bbox 1995 3534 3572 3606">
    <p class='ocr_par' dir='ltr' id='par_1_79' title="bbox 1995 3534 3572 3606">
     <span class='ocr_line' id='line_1_79' title="bbox 1995 3534 3572 3606; baseline 0.002 -19"><span class='ocrx_word' id='word_1_585' title='bbox 1995 3536 2369 3606; x_wconf 86' lang='grc' dir='ltr'>περισκήνιον.</span> <span class='ocrx_word' id='word_1_586' title='bbox 2441 3534 2603 3587; x_wconf 78' lang='grc' dir='ltr'>Ἀλλά</span> <span class='ocrx_word' id='word_1_587' title='bbox 2659 3535 2806 3591; x_wconf 78' lang='grc' dir='ltr'>δοκεῖ</span> <span class='ocrx_word' id='word_1_588' title='bbox 2853 3553 2970 3599; x_wconf 86' lang='grc' dir='ltr'><strong>πως</strong></span> <span class='ocrx_word' id='word_1_589' title='bbox 3018 3536 3079 3588; x_wconf 86' lang='grc' dir='ltr'><strong>τὸ</strong></span> <span class='ocrx_word' id='word_1_590' title='bbox 3130 3538 3291 3606; x_wconf 63' lang='grc' dir='ltr'>ῥητὸν</span> <span class='ocrx_word' id='word_1_591' title='bbox 3327 3538 3572 3590; x_wconf 68' lang='grc' dir='ltr'>ἐναντίον</span> 
     </span>
    </p>
   </div>
   <div class='ocr_carea' id='block_1_80' title="bbox 1991 3625 3574 3696">
    <p class='ocr_par' dir='ltr' id='par_1_80' title="bbox 1991 3625 3574 3696">
     <span class='ocr_line' id='line_1_80' title="bbox 1991 3625 3574 3696; baseline 0.001 -18"><span class='ocrx_word' id='word_1_592' title='bbox 1991 3626 2129 3695; x_wconf 71' lang='grc' dir='ltr'>πρὸς</span> <span class='ocrx_word' id='word_1_593' title='bbox 2161 3626 2251 3678; x_wconf 83' lang='grc' dir='ltr'><strong>τὸν</strong></span> <span class='ocrx_word' id='word_1_594' title='bbox 2286 3625 2619 3679; x_wconf 83' lang='grc' dir='ltr'>ἀποδοθέντα</span> <span class='ocrx_word' id='word_1_595' title='bbox 2656 3626 2878 3678; x_wconf 81' lang='grc' dir='ltr'>σκοπόν.</span> <span class='ocrx_word' id='word_1_596' title='bbox 2909 3626 2970 3678; x_wconf 77' lang='lat' dir='ltr'><strong>Ei</strong></span> <span class='ocrx_word' id='word_1_597' title='bbox 2998 3626 3105 3696; x_wconf 81' lang='grc' dir='ltr'><strong>γάρ</strong></span> <span class='ocrx_word' id='word_1_598' title='bbox 3141 3626 3279 3696; x_wconf 82' lang='grc' dir='ltr'>καλὴ</span> <span class='ocrx_word' id='word_1_599' title='bbox 3300 3627 3392 3680; x_wconf 77' lang='grc' dir='ltr'>τοῦ</span> <span class='ocrx_word' id='word_1_600' title='bbox 3424 3629 3574 3681; x_wconf 88' lang='grc' dir='ltr'>Ζακ-</span> 
     </span>
    </p>
   </div>
   <div class='ocr_carea' id='block_1_81' title="bbox 1990 3717 3571 3789">
    <p class='ocr_par' dir='ltr' id='par_1_81' title="bbox 1990 3717 3571 3789">
     <span class='ocr_line' id='line_1_81' title="bbox 1990 3717 3571 3789; baseline 0.001 -20"><span class='ocrx_word' id='word_1_601' title='bbox 1990 3720 2147 3788; x_wconf 81' lang='grc' dir='ltr'>χαίου</span> <span class='ocrx_word' id='word_1_602' title='bbox 2177 3719 2210 3787; x_wconf 83' lang='grc' dir='ltr'>ἡ</span> <span class='ocrx_word' id='word_1_603' title='bbox 2247 3719 2383 3786; x_wconf 79' lang='grc' dir='ltr'>πρὸς</span> <span class='ocrx_word' id='word_1_604' title='bbox 2414 3717 2510 3788; x_wconf 79' lang='grc' dir='ltr'>τὴν</span> <span class='ocrx_word' id='word_1_605' title='bbox 2542 3719 2918 3788; x_wconf 82' lang='grc' dir='ltr'>συκομοραίαν</span> <span class='ocrx_word' id='word_1_606' title='bbox 2948 3717 3215 3783; x_wconf 87' lang='grc' dir='ltr'>ἀνάϐασις</span> <span class='ocrx_word' id='word_1_607' title='bbox 3257 3719 3571 3789; x_wconf 78' lang='grc' dir='ltr'>(ὑπερήρθη</span> 
     </span>
    </p>
   </div>
   <div class='ocr_carea' id='block_1_82' title="bbox 1989 3811 3571 3883">
    <p class='ocr_par' dir='ltr' id='par_1_82' title="bbox 1989 3811 3571 3883">
     <span class='ocr_line' id='line_1_82' title="bbox 1989 3811 3571 3883; baseline 0.001 -19"><span class='ocrx_word' id='word_1_608' title='bbox 1989 3813 2101 3880; x_wconf 76' lang='grc' dir='ltr'>γὰρ</span> <span class='ocrx_word' id='word_1_609' title='bbox 2130 3811 2239 3864; x_wconf 84' lang='grc' dir='ltr'><strong>τῶν</strong></span> <span class='ocrx_word' id='word_1_610' title='bbox 2272 3812 2499 3879; x_wconf 82' lang='grc' dir='ltr'>γηΐνων,</span> <span class='ocrx_word' id='word_1_611' title='bbox 2547 3811 2641 3863; x_wconf 81' lang='grc' dir='ltr'>καὶ</span> <span class='ocrx_word' id='word_1_612' title='bbox 2676 3812 2788 3865; x_wconf 91' lang='grc' dir='ltr'><strong>ἀνω</strong></span> <span class='ocrx_word' id='word_1_613' title='bbox 2833 3814 2932 3883; x_wconf 77' lang='grc' dir='ltr'><strong>τῆς</strong></span> <span class='ocrx_word' id='word_1_614' title='bbox 2979 3812 3254 3881; x_wconf 85' lang='grc' dir='ltr'>ἁμαρτίας</span> <span class='ocrx_word' id='word_1_615' title='bbox 3303 3813 3571 3881; x_wconf 75' lang='grc' dir='ltr'>ἐγένετο),</span> 
     </span>
    </p>
   </div>
   <div class='ocr_carea' id='block_1_83' title="bbox 1993 3900 3575 3976">
    <p class='ocr_par' dir='ltr' id='par_1_83' title="bbox 1993 3900 3575 3976">
     <span class='ocr_line' id='line_1_83' title="bbox 1993 3900 3575 3976; baseline -0.001 -19"><span class='ocrx_word' id='word_1_616' title='bbox 1993 3902 2113 3965; x_wconf 84' lang='grc' dir='ltr'>πῶς</span> <span class='ocrx_word' id='word_1_617' title='bbox 2159 3903 2448 3956; x_wconf 85' lang='grc' dir='ltr'>κατελθεῖν</span> <span class='ocrx_word' id='word_1_618' title='bbox 2509 3904 2864 3972; x_wconf 83' lang='grc' dir='ltr'>ὲγκελεύεται</span> <span class='ocrx_word' id='word_1_619' title='bbox 2893 3921 2907 3935; x_wconf 70' lang='grc'><strong><em>⁸</em></strong></span> <span class='ocrx_word' id='word_1_620' title='bbox 2946 3923 2963 3955; x_wconf 78' lang='grc' dir='ltr'><strong>ι</strong></span> <span class='ocrx_word' id='word_1_621' title='bbox 3003 3900 3275 3976; x_wconf 78' lang='grc' dir='ltr'>Ζακχαῖε,</span> <span class='ocrx_word' id='word_1_622' title='bbox 3328 3904 3575 3969; x_wconf 76' lang='grc' dir='ltr'>σπεύσας</span> 
     </span>
    </p>
   </div>
   <div class='ocr_carea' id='block_1_84' title="bbox 1993 3982 3571 4065">
    <p class='ocr_par' dir='ltr' id='par_1_84' title="bbox 1993 3982 3571 4065">
     <span class='ocr_line' id='line_1_84' title="bbox 1993 3982 3571 4065; baseline 0.001 -17"><span class='ocrx_word' id='word_1_623' title='bbox 1993 3982 2299 4065; x_wconf 74' lang='grc' dir='ltr'>κατάϐηθις</span> <span class='ocrx_word' id='word_1_624' title='bbox 2336 4014 2353 4046; x_wconf 74' lang='grc' dir='ltr'><strong>ι</strong></span> <span class='ocrx_word' id='word_1_625' title='bbox 2403 3996 2527 4057; x_wconf 80' lang='grc' dir='ltr'><strong>Πῶς</strong></span> <span class='ocrx_word' id='word_1_626' title='bbox 2556 3996 2649 4047; x_wconf 82' lang='grc' dir='ltr'><strong>τὸν</strong></span> <span class='ocrx_word' id='word_1_627' title='bbox 2692 3994 2876 4058; x_wconf 85' lang='grc' dir='ltr'>καλῶς</span> <span class='ocrx_word' id='word_1_628' title='bbox 2920 3995 3212 4048; x_wconf 79' lang='grc' dir='ltr'>ἀνελθόντα</span> <span class='ocrx_word' id='word_1_629' title='bbox 3246 3996 3571 4050; x_wconf 52' lang='lat' dir='ltr'><strong>animos“</strong></span> 
     </span>
    </p>
   </div>
   <div class='ocr_carea' id='block_1_85' title="bbox 1992 4086 3573 4158">
    <p class='ocr_par' dir='ltr' id='par_1_85' title="bbox 1992 4086 3573 4158">
     <span class='ocr_line' id='line_1_85' title="bbox 1992 4086 3573 4158; baseline 0.001 -20"><span class='ocrx_word' id='word_1_630' title='bbox 1992 4088 2128 4158; x_wconf 76' lang='grc' dir='ltr'>πρὸς</span> <span class='ocrx_word' id='word_1_631' title='bbox 2152 4086 2251 4156; x_wconf 76' lang='grc' dir='ltr'>τὴν</span> <span class='ocrx_word' id='word_1_632' title='bbox 2280 4086 2612 4152; x_wconf 86' lang='grc' dir='ltr'>κατάϐασιν;</span> <span class='ocrx_word' id='word_1_633' title='bbox 2652 4086 2965 4156; x_wconf 84' lang='grc' dir='ltr'>Ἱστορικῶς</span> <span class='ocrx_word' id='word_1_634' title='bbox 3001 4087 3101 4156; x_wconf 77' lang='grc' dir='ltr'>μὲν</span> <span class='ocrx_word' id='word_1_635' title='bbox 3133 4087 3241 4140; x_wconf 77' lang='grc' dir='ltr'><strong>ἀπὸ</strong></span> <span class='ocrx_word' id='word_1_636' title='bbox 3271 4087 3365 4140; x_wconf 82' lang='grc' dir='ltr'>τοῦ</span> <span class='ocrx_word' id='word_1_637' title='bbox 3395 4086 3573 4156; x_wconf 81' lang='grc' dir='ltr'>φυτοῦ</span> 
     </span>
    </p>
   </div>
   <div class='ocr_carea' id='block_1_86' title="bbox 1992 4166 3577 4249">
    <p class='ocr_par' dir='ltr' id='par_1_86' title="bbox 1992 4166 3577 4249">
     <span class='ocr_line' id='line_1_86' title="bbox 1992 4166 3577 4249; baseline -0.001 -16"><span class='ocrx_word' id='word_1_638' title='bbox 1992 4181 2022 4233; x_wconf 77' lang='grc' dir='ltr'><strong>ὁ</strong></span> <span class='ocrx_word' id='word_1_639' title='bbox 2051 4179 2243 4249; x_wconf 80' lang='grc' dir='ltr'>Σωτὴρ</span> <span class='ocrx_word' id='word_1_640' title='bbox 2268 4180 2550 4232; x_wconf 84' lang='grc' dir='ltr'>κατελθεῖν</span> <span class='ocrx_word' id='word_1_641' title='bbox 2572 4166 2787 4232; x_wconf 75' lang='grc' dir='ltr'>κελεύει</span> <span class='ocrx_word' id='word_1_642' title='bbox 2816 4196 2832 4212; x_wconf 74' lang='grc' dir='ltr'><strong><em>ο</em></strong></span> <span class='ocrx_word' id='word_1_643' title='bbox 2858 4179 3225 4247; x_wconf 84' lang='grc' dir='ltr'>ἀναγωγικῶς</span> <span class='ocrx_word' id='word_1_644' title='bbox 3250 4179 3307 4232; x_wconf 84' lang='grc' dir='ltr'><strong>δὲ</strong></span> <span class='ocrx_word' id='word_1_645' title='bbox 3329 4180 3577 4233; x_wconf 77' lang='grc' dir='ltr'>διδάσκει</span> 
     </span>
    </p>
   </div>
   <div class='ocr_carea' id='block_1_87' title="bbox 1993 4270 3574 4343">
    <p class='ocr_par' dir='ltr' id='par_1_87' title="bbox 1993 4270 3574 4343">
     <span class='ocr_line' id='line_1_87' title="bbox 1993 4270 3574 4343; baseline -0.001 -19"><span class='ocrx_word' id='word_1_646' title='bbox 1993 4273 2160 4343; x_wconf 79' lang='grc' dir='ltr'>ἡμᾶς,</span> <span class='ocrx_word' id='word_1_647' title='bbox 2196 4271 2272 4334; x_wconf 82' lang='grc' dir='ltr'>ὡς</span> <span class='ocrx_word' id='word_1_648' title='bbox 2301 4270 2443 4340; x_wconf 75' lang='grc' dir='ltr'>ἀρχὴ</span> <span class='ocrx_word' id='word_1_649' title='bbox 2475 4272 2764 4340; x_wconf 78' lang='grc' dir='ltr'>μετανοίας</span> <span class='ocrx_word' id='word_1_650' title='bbox 2784 4270 2861 4340; x_wconf 82' lang='grc' dir='ltr'>τῷ</span> <span class='ocrx_word' id='word_1_651' title='bbox 2890 4272 3272 4342; x_wconf 79' lang='grc' dir='ltr'>ἀμαρτήσαντι</span> <span class='ocrx_word' id='word_1_652' title='bbox 3308 4273 3407 4323; x_wconf 83' lang='grc' dir='ltr'><strong>οὐκ</strong></span> <span class='ocrx_word' id='word_1_653' title='bbox 3437 4271 3574 4341; x_wconf 81' lang='grc' dir='ltr'>ἄλλη</span> 
     </span>
    </p>
   </div>
   <div class='ocr_carea' id='block_1_88' title="bbox 1992 4361 3575 4433">
    <p class='ocr_par' dir='ltr' id='par_1_88' title="bbox 1992 4361 3575 4433">
     <span class='ocr_line' id='line_1_88' title="bbox 1992 4361 3575 4433; baseline -0.001 -17"><span class='ocrx_word' id='word_1_654' title='bbox 1992 4381 2075 4427; x_wconf 82' lang='grc' dir='ltr'><strong>τις</strong></span> <span class='ocrx_word' id='word_1_655' title='bbox 2103 4362 2361 4432; x_wconf 82' lang='grc' dir='ltr'>ἁρμόδιος</span> <span class='ocrx_word' id='word_1_656' title='bbox 2392 4363 2501 4433; x_wconf 83' lang='grc' dir='ltr'>εἴη,</span> <span class='ocrx_word' id='word_1_657' title='bbox 2536 4362 2611 4425; x_wconf 83' lang='grc' dir='ltr'>ὡς</span> <span class='ocrx_word' id='word_1_658' title='bbox 2638 4366 2671 4433; x_wconf 83' lang='grc' dir='ltr'>ὴ</span> <span class='ocrx_word' id='word_1_659' title='bbox 2715 4362 3044 4426; x_wconf 75' lang='grc' dir='ltr'>κατάϐασις.</span> <span class='ocrx_word' id='word_1_660' title='bbox 3083 4361 3233 4431; x_wconf 81' lang='grc' dir='ltr'>Αὖτη</span> <span class='ocrx_word' id='word_1_661' title='bbox 3263 4362 3320 4413; x_wconf 83' lang='grc' dir='ltr'><strong>δέ</strong></span> <span class='ocrx_word' id='word_1_662' title='bbox 3364 4362 3516 4414; x_wconf 79' lang='grc' dir='ltr'>ἐστιν</span> <span class='ocrx_word' id='word_1_663' title='bbox 3542 4362 3575 4431; x_wconf 76' lang='grc' dir='ltr'><strong>ἡ</strong></span> 
     </span>
    </p>
   </div>
   <div class='ocr_carea' id='block_1_89' title="bbox 323 4452 1887 4528">
    <p class='ocr_par' dir='ltr' id='par_1_89' title="bbox 323 4452 1887 4528">
     <span class='ocr_line' id='line_1_89' title="bbox 323 4452 1887 4528; baseline 0.008 -27"><span class='ocrx_word' id='word_1_664' title='bbox 323 4465 454 4504; x_wconf 75' lang='lat' dir='ltr'><strong>vero</strong></span> <span class='ocrx_word' id='word_1_665' title='bbox 487 4452 924 4507; x_wconf 84' lang='lat' dir='ltr'><strong>consideratione</strong></span> <span class='ocrx_word' id='word_1_666' title='bbox 961 4469 1060 4507; x_wconf 87' lang='lat' dir='ltr'><strong>nos</strong></span> <span class='ocrx_word' id='word_1_667' title='bbox 1107 4456 1261 4508; x_wconf 77' lang='lat' dir='ltr'><strong>docet</strong></span> <span class='ocrx_word' id='word_1_668' title='bbox 1290 4456 1494 4511; x_wconf 76' lang='lat' dir='ltr'><strong>uuilum</strong></span> <span class='ocrx_word' id='word_1_669' title='bbox 1536 4458 1696 4510; x_wconf 85' lang='lat' dir='ltr'><strong>:tlium</strong></span> <span class='ocrx_word' id='word_1_670' title='bbox 1728 4460 1887 4528; x_wconf 75' lang='lat' dir='ltr'><strong>magis</strong></span> 
     </span>
    </p>
   </div>
   <div class='ocr_carea' id='block_1_90' title="bbox 1991 4452 3578 4528">
    <p class='ocr_par' dir='ltr' id='par_1_90' title="bbox 2003 4452 3578 4524">
     <span class='ocr_line' id='line_1_90' title="bbox 2003 4452 3578 4524; baseline 0 -18"><span class='ocrx_word' id='word_1_671' title='bbox 2003 4452 2253 4523; x_wconf 86' lang='grc' dir='ltr'>μακαρία</span> <span class='ocrx_word' id='word_1_672' title='bbox 2305 4452 2657 4516; x_wconf 81' lang='grc' dir='ltr'>ταπείνωσις,</span> <span class='ocrx_word' id='word_1_673' title='bbox 2701 4455 2735 4522; x_wconf 82' lang='grc' dir='ltr'>ἠ</span> <span class='ocrx_word' id='word_1_674' title='bbox 2773 4455 2995 4507; x_wconf 81' lang='grc' dir='ltr'>ἐναντία</span> <span class='ocrx_word' id='word_1_675' title='bbox 3033 4457 3134 4524; x_wconf 81' lang='grc' dir='ltr'>τῆς</span> <span class='ocrx_word' id='word_1_676' title='bbox 3184 4454 3578 4522; x_wconf 83' lang='grc' dir='ltr'>δαιμονιώδους</span> 
     </span>
    </p>
   </div>
   <div class='ocr_carea' id='block_1_91' title="bbox 325 4543 1893 4616">
    <p class='ocr_par' dir='ltr' id='par_1_91' title="bbox 325 4543 1893 4616">
     <span class='ocr_line' id='line_1_91' title="bbox 325 4543 1893 4616; baseline 0.005 -21"><span class='ocrx_word' id='word_1_677' title='bbox 325 4543 575 4595; x_wconf 89' lang='lat' dir='ltr'><strong>idoneum</strong></span> <span class='ocrx_word' id='word_1_678' title='bbox 610 4555 730 4595; x_wconf 86' lang='lat' dir='ltr'><strong>esse</strong></span> <span class='ocrx_word' id='word_1_679' title='bbox 778 4544 1075 4611; x_wconf 75' lang='lat' dir='ltr'><strong>pmnitcndi</strong></span> <span class='ocrx_word' id='word_1_680' title='bbox 1111 4545 1432 4613; x_wconf 89' lang='lat' dir='ltr'><strong>principium</strong></span> <span class='ocrx_word' id='word_1_681' title='bbox 1474 4563 1636 4616; x_wconf 81' lang='lat' dir='ltr'><strong>quam</strong></span> <span class='ocrx_word' id='word_1_682' title='bbox 1669 4550 1893 4603; x_wconf 78' lang='lat' dir='ltr'><strong>descen-</strong></span> 
     </span>
    </p>
   </div>
   <div class='ocr_carea' id='block_1_92' title="bbox 321 4630 1892 4703">
    <p class='ocr_par' dir='ltr' id='par_1_92' title="bbox 321 4630 1892 4703">
     <span class='ocr_line' id='line_1_92' title="bbox 321 4630 1892 4703; baseline 0.005 -16"><span class='ocrx_word' id='word_1_683' title='bbox 321 4647 467 4688; x_wconf 88' lang='lat' dir='ltr'><strong>sum.</strong></span> <span class='ocrx_word' id='word_1_684' title='bbox 522 4630 648 4688; x_wconf 68' lang='lat' dir='ltr'><strong>Hazc</strong></span> <span class='ocrx_word' id='word_1_685' title='bbox 699 4648 829 4688; x_wconf 90' lang='lat' dir='ltr'><strong>vero</strong></span> <span class='ocrx_word' id='word_1_686' title='bbox 877 4645 961 4689; x_wconf 90' lang='lat' dir='ltr'><strong>est</strong></span> <span class='ocrx_word' id='word_1_687' title='bbox 1007 4633 1135 4689; x_wconf 81' lang='lat' dir='ltr'><strong>felix</strong></span> <span class='ocrx_word' id='word_1_688' title='bbox 1193 4638 1491 4703; x_wconf 85' lang='lat' dir='ltr'><strong>humilitas,</strong></span> <span class='ocrx_word' id='word_1_689' title='bbox 1542 4655 1605 4694; x_wconf 76' lang='lat' dir='ltr'><strong>ex</strong></span> <span class='ocrx_word' id='word_1_690' title='bbox 1666 4642 1892 4695; x_wconf 77' lang='lat' dir='ltr'><strong>adverso</strong></span> 
     </span>
    </p>
   </div>
   <div class='ocr_carea' id='block_1_93' title="bbox 316 4724 1895 4804">
    <p class='ocr_par' dir='ltr' id='par_1_93' title="bbox 316 4724 1895 4804">
     <span class='ocr_line' id='line_1_93' title="bbox 316 4724 1895 4804; baseline 0.006 -27"><span class='ocrx_word' id='word_1_691' title='bbox 316 4724 526 4780; x_wconf 80' lang='lat' dir='ltr'><strong>diaboli</strong></span> <span class='ocrx_word' id='word_1_692' title='bbox 571 4728 840 4795; x_wconf 66' lang='lat' dir='ltr'><strong>superbia:</strong></span> <span class='ocrx_word' id='word_1_693' title='bbox 893 4729 1245 4804; x_wconf 51' lang='lat' dir='ltr'><strong>opposita.“</strong></span> <span class='ocrx_word' id='word_1_694' title='bbox 1287 4729 1569 4790; x_wconf 66' lang='lat' dir='ltr'><strong>Zacrha-v.</strong></span> <span class='ocrx_word' id='word_1_695' title='bbox 1632 4732 1895 4786; x_wconf 67' lang='lat' dir='ltr'><strong>festinans</strong></span> 
     </span>
    </p>
   </div>
   <div class='ocr_carea' id='block_1_94' title="bbox 324 4816 1895 4889">
    <p class='ocr_par' dir='ltr' id='par_1_94' title="bbox 324 4816 1895 4889">
     <span class='ocr_line' id='line_1_94' title="bbox 324 4816 1895 4889; baseline 0.003 -20"><span class='ocrx_word' id='word_1_696' title='bbox 324 4816 625 4884; x_wconf 83' lang='lat' dir='ltr'><strong>descende;</strong></span> <span class='ocrx_word' id='word_1_697' title='bbox 664 4834 683 4869; x_wconf 75' lang='grc' dir='ltr'><strong>ι</strong></span> <span class='ocrx_word' id='word_1_698' title='bbox 737 4818 819 4872; x_wconf 89' lang='lat' dir='ltr'><strong>vis</strong></span> <span class='ocrx_word' id='word_1_699' title='bbox 873 4819 1247 4888; x_wconf 73' lang='lat' dir='ltr'><strong>pmniteutiam</strong></span> <span class='ocrx_word' id='word_1_700' title='bbox 1328 4820 1645 4889; x_wconf 81' lang='lat' dir='ltr'><strong>auspicari?</strong></span> <span class='ocrx_word' id='word_1_701' title='bbox 1703 4821 1895 4874; x_wconf 79' lang='lat' dir='ltr'><strong>fomla-</strong></span> 
     </span>
    </p>
   </div>
   <div class='ocr_carea' id='block_1_95' title="bbox 328 4909 1899 4983">
    <p class='ocr_par' dir='ltr' id='par_1_95' title="bbox 328 4909 1899 4983">
     <span class='ocr_line' id='line_1_95' title="bbox 328 4909 1899 4983; baseline 0.004 -22"><span class='ocrx_word' id='word_1_702' title='bbox 328 4916 588 4974; x_wconf 87' lang='lat' dir='ltr'><strong>mentum,</strong></span> <span class='ocrx_word' id='word_1_703' title='bbox 630 4918 684 4962; x_wconf 90' lang='lat' dir='ltr'><strong>et</strong></span> <span class='ocrx_word' id='word_1_704' title='bbox 734 4909 1111 4965; x_wconf 86' lang='lat' dir='ltr'><strong>inconcussam</strong></span> <span class='ocrx_word' id='word_1_705' title='bbox 1168 4912 1499 4981; x_wconf 71' lang='lat' dir='ltr'><strong>pamitentiae</strong></span> <span class='ocrx_word' id='word_1_706' title='bbox 1543 4912 1711 4966; x_wconf 83' lang='lat' dir='ltr'><strong>basim</strong></span> <span class='ocrx_word' id='word_1_707' title='bbox 1760 4930 1899 4983; x_wconf 87' lang='lat' dir='ltr'><strong>pone</strong></span> 
     </span>
    </p>
   </div>
   <div class='ocr_carea' id='block_1_96' title="bbox 329 5001 1900 5069">
    <p class='ocr_par' dir='ltr' id='par_1_96' title="bbox 329 5001 1900 5069">
     <span class='ocr_line' id='line_1_96' title="bbox 329 5001 1900 5069; baseline 0.003 -15"><span class='ocrx_word' id='word_1_708' title='bbox 329 5001 720 5069; x_wconf 79' lang='lat' dir='ltr'><strong>humilitatem;</strong></span> <span class='ocrx_word' id='word_1_709' title='bbox 775 5003 1045 5059; x_wconf 86' lang='lat' dir='ltr'><strong>descende</strong></span> <span class='ocrx_word' id='word_1_710' title='bbox 1093 5013 1151 5058; x_wconf 92' lang='lat' dir='ltr'><strong>ut</strong></span> <span class='ocrx_word' id='word_1_711' title='bbox 1201 5003 1465 5058; x_wconf 86' lang='lat' dir='ltr'><strong>attollaris</strong></span> <span class='ocrx_word' id='word_1_712' title='bbox 1505 5004 1760 5057; x_wconf 83' lang='lat' dir='ltr'><strong>virtutum</strong></span> <span class='ocrx_word' id='word_1_713' title='bbox 1802 5005 1900 5059; x_wconf 78' lang='lat' dir='ltr'><strong>alis</strong></span> 
     </span>
    </p>
   </div>
   <div class='ocr_carea' id='block_1_97' title="bbox 2000 4544 3577 4617">
    <p class='ocr_par' dir='ltr' id='par_1_97' title="bbox 2000 4544 3577 4617">
     <span class='ocr_line' id='line_1_97' title="bbox 2000 4544 3577 4617; baseline -0.001 -17"><span class='ocrx_word' id='word_1_714' title='bbox 2000 4546 2305 4617; x_wconf 80' lang='grc' dir='ltr'>ὲπάρσεως.</span> <span class='ocrx_word' id='word_1_715' title='bbox 2349 4563 2368 4595; x_wconf 76' lang='grc' dir='ltr'><strong>ι</strong></span> <span class='ocrx_word' id='word_1_716' title='bbox 2423 4547 2683 4614; x_wconf 85' lang='grc' dir='ltr'>Ζακχαῖε,</span> <span class='ocrx_word' id='word_1_717' title='bbox 2738 4546 2982 4610; x_wconf 69' lang='grc' dir='ltr'>σπεύσας</span> <span class='ocrx_word' id='word_1_718' title='bbox 3030 4544 3335 4613; x_wconf 82' lang='grc' dir='ltr'>κατάϐηθι;</span> <span class='ocrx_word' id='word_1_719' title='bbox 3394 4544 3577 4613; x_wconf 64' lang='grc' dir='ltr'>βούλει</span> 
     </span>
    </p>
   </div>
   <div class='ocr_carea' id='block_1_98' title="bbox 2003 4636 3579 4707">
    <p class='ocr_par' dir='ltr' id='par_1_98' title="bbox 2003 4636 3579 4707">
     <span class='ocr_line' id='line_1_98' title="bbox 2003 4636 3579 4707; baseline -0.001 -17"><span class='ocrx_word' id='word_1_720' title='bbox 2003 4638 2333 4707; x_wconf 77' lang='grc' dir='ltr'>μετανοῆσαι</span> <span class='ocrx_word' id='word_1_721' title='bbox 2354 4654 2369 4702; x_wconf 89' lang='grc'><strong>;</strong></span> <span class='ocrx_word' id='word_1_722' title='bbox 2416 4637 2731 4705; x_wconf 77' lang='grc' dir='ltr'>ὑποϐάθραν</span> <span class='ocrx_word' id='word_1_723' title='bbox 2767 4637 2866 4707; x_wconf 71' lang='grc' dir='ltr'>τῆς</span> <span class='ocrx_word' id='word_1_724' title='bbox 2887 4636 3194 4705; x_wconf 85' lang='grc' dir='ltr'>μετανοίας.</span> <span class='ocrx_word' id='word_1_725' title='bbox 3215 4637 3308 4689; x_wconf 72' lang='grc' dir='ltr'>καὶ</span> <span class='ocrx_word' id='word_1_726' title='bbox 3327 4636 3579 4689; x_wconf 81' lang='grc' dir='ltr'>ἄσειστον</span> 
     </span>
    </p>
   </div>
   <div class='ocr_carea' id='block_1_99' title="bbox 1996 4725 3575 4799">
    <p class='ocr_par' dir='ltr' id='par_1_99' title="bbox 1996 4725 3575 4799">
     <span class='ocr_line' id='line_1_99' title="bbox 1996 4725 3575 4799; baseline -0.001 -19"><span class='ocrx_word' id='word_1_727' title='bbox 1996 4731 2238 4799; x_wconf 75' lang='grc' dir='ltr'>κρηπῖῗα</span> <span class='ocrx_word' id='word_1_728' title='bbox 2276 4729 2367 4792; x_wconf 79' lang='grc' dir='ltr'><strong>θὲς</strong></span> <span class='ocrx_word' id='word_1_729' title='bbox 2397 4730 2496 4797; x_wconf 80' lang='grc' dir='ltr'>τὴν</span> <span class='ocrx_word' id='word_1_730' title='bbox 2522 4728 2855 4782; x_wconf 75' lang='grc' dir='ltr'>ταπείνωσιν</span> <span class='ocrx_word' id='word_1_731' title='bbox 2886 4746 2899 4760; x_wconf 91' lang='grc'><strong>·</strong></span> <span class='ocrx_word' id='word_1_732' title='bbox 2928 4726 3200 4796; x_wconf 86' lang='grc' dir='ltr'>κατάϐηθι</span> <span class='ocrx_word' id='word_1_733' title='bbox 3229 4727 3318 4780; x_wconf 80' lang='grc' dir='ltr'>ἶνα</span> <span class='ocrx_word' id='word_1_734' title='bbox 3353 4725 3575 4795; x_wconf 70' lang='grc' dir='ltr'>ὑψωθῇς</span> 
     </span>
    </p>
   </div>
   <div class='ocr_carea' id='block_1_100' title="bbox 1995 4818 3578 4891">
    <p class='ocr_par' dir='ltr' id='par_1_100' title="bbox 1995 4818 3578 4891">
     <span class='ocr_line' id='line_1_100' title="bbox 1995 4818 3578 4891; baseline -0.003 -17"><span class='ocrx_word' id='word_1_735' title='bbox 1995 4825 2107 4884; x_wconf 87' lang='grc' dir='ltr'>τοῖς</span> <span class='ocrx_word' id='word_1_736' title='bbox 2140 4825 2358 4891; x_wconf 82' lang='grc' dir='ltr'>πτεροῖς</span> <span class='ocrx_word' id='word_1_737' title='bbox 2391 4821 2499 4874; x_wconf 86' lang='grc' dir='ltr'><strong>τῶν</strong></span> <span class='ocrx_word' id='word_1_738' title='bbox 2545 4820 2756 4891; x_wconf 83' lang='grc' dir='ltr'>ἀρετῶν</span> <span class='ocrx_word' id='word_1_739' title='bbox 2800 4819 3196 4890; x_wconf 79' lang='grc' dir='ltr'>ἀνυψούμενος.</span> <span class='ocrx_word' id='word_1_740' title='bbox 3243 4818 3408 4872; x_wconf 77' lang='grc' dir='ltr'>Ἀλλά</span> <span class='ocrx_word' id='word_1_741' title='bbox 3435 4818 3518 4882; x_wconf 86' lang='grc' dir='ltr'><strong>τίς</strong></span> <span class='ocrx_word' id='word_1_742' title='bbox 3545 4820 3578 4887; x_wconf 80' lang='grc' dir='ltr'>ἡ</span> 
     </span>
    </p>
   </div>
   <div class='ocr_carea' id='block_1_101' title="bbox 1996 4909 3581 4985">
    <p class='ocr_par' dir='ltr' id='par_1_101' title="bbox 1996 4909 3581 4985">
     <span class='ocr_line' id='line_1_101' title="bbox 1996 4909 3581 4985; baseline -0.003 -19"><span class='ocrx_word' id='word_1_743' title='bbox 1996 4914 2091 4966; x_wconf 83' lang='grc' dir='ltr'>τοῦ</span> <span class='ocrx_word' id='word_1_744' title='bbox 2118 4911 2485 4985; x_wconf 85' lang='grc' dir='ltr'>ἀρχιτελὼνου</span> <span class='ocrx_word' id='word_1_745' title='bbox 2512 4912 2815 4980; x_wconf 72' lang='grc' dir='ltr'>ἐπαγγελία</span> <span class='ocrx_word' id='word_1_746' title='bbox 2851 4912 3206 4982; x_wconf 83' lang='grc' dir='ltr'>ἀκούσωμεν,</span> <span class='ocrx_word' id='word_1_747' title='bbox 3242 4909 3385 4981; x_wconf 89' lang='grc' dir='ltr'><strong>μετά</strong></span> <span class='ocrx_word' id='word_1_748' title='bbox 3407 4909 3468 4962; x_wconf 86' lang='grc' dir='ltr'>τδ</span> <span class='ocrx_word' id='word_1_749' title='bbox 3491 4910 3581 4963; x_wconf 79' lang='grc' dir='ltr'><strong>τὸν</strong></span> 
     </span>
    </p>
   </div>
   <div class='ocr_carea' id='block_1_102' title="bbox 2001 5004 2801 5076">
    <p class='ocr_par' dir='ltr' id='par_1_102' title="bbox 2001 5004 2801 5076">
     <span class='ocr_line' id='line_1_102' title="bbox 2001 5004 2801 5076; baseline 0.001 -19"><span class='ocrx_word' id='word_1_750' title='bbox 2001 5005 2203 5076; x_wconf 80' lang='grc' dir='ltr'>Κύριον</span> <span class='ocrx_word' id='word_1_751' title='bbox 2236 5005 2598 5070; x_wconf 76' lang='grc' dir='ltr'>ὐποδέξασθαι</span> <span class='ocrx_word' id='word_1_752' title='bbox 2638 5004 2801 5059; x_wconf 84' lang='grc' dir='ltr'>οἶκοι.</span> 
     </span>
    </p>
   </div>
   <div class='ocr_carea' id='block_1_103' title="bbox 1556 5158 2358 5221">
    <p class='ocr_par' dir='ltr' id='par_1_103' title="bbox 1556 5158 2358 5221">
     <span class='ocr_line' id='line_1_103' title="bbox 1556 5158 2358 5221; baseline 0.002 -4"><span class='ocrx_word' id='word_1_753' title='bbox 1556 5158 1878 5219; x_wconf 82' lang='lat' dir='ltr'><strong>Francisci</strong></span> <span class='ocrx_word' id='word_1_754' title='bbox 1914 5158 2127 5221; x_wconf 89' lang='lat' dir='ltr'><strong>Scorsi</strong></span> <span class='ocrx_word' id='word_1_755' title='bbox 2172 5168 2358 5221; x_wconf 63' lang='lat' dir='ltr'><strong>notat.</strong></span> 
     </span>
    </p>
   </div>
   <div class='ocr_carea' id='block_1_104' title="bbox 401 5302 1896 5376">
    <p class='ocr_par' dir='ltr' id='par_1_104' title="bbox 401 5302 1896 5376">
     <span class='ocr_line' id='line_1_104' title="bbox 401 5302 1896 5376; baseline -0.003 -16"><span class='ocrx_word' id='word_1_756' title='bbox 401 5304 528 5376; x_wconf 65' lang='grc' dir='ltr'><strong>(60)Δ</strong></span> <span class='ocrx_word' id='word_1_757' title='bbox 561 5302 722 5376; x_wconf 71' lang='lat' dir='ltr'><strong>Ficus</strong></span> <span class='ocrx_word' id='word_1_758' title='bbox 753 5304 961 5375; x_wconf 78' lang='lat' dir='ltr'><strong>quidem</strong></span> <span class='ocrx_word' id='word_1_759' title='bbox 991 5316 1225 5374; x_wconf 80' lang='lat' dir='ltr'><strong>apparet.</strong></span> <span class='ocrx_word' id='word_1_760' title='bbox 1263 5305 1336 5360; x_wconf 79' lang='lat' dir='ltr'><strong>Ex</strong></span> <span class='ocrx_word' id='word_1_761' title='bbox 1372 5306 1684 5361; x_wconf 84' lang='lat' dir='ltr'><strong>Dioscoride</strong></span> <span class='ocrx_word' id='word_1_762' title='bbox 1713 5325 1896 5371; x_wconf 79' lang='lat' dir='ltr'><strong>supra,</strong></span> 
     </span>
    </p>
   </div>
   <div class='ocr_carea' id='block_1_105' title="bbox 331 5374 1901 5447">
    <p class='ocr_par' dir='ltr' id='par_1_105' title="bbox 331 5374 1901 5447">
     <span class='ocr_line' id='line_1_105' title="bbox 331 5374 1901 5447; baseline 0 -17"><span class='ocrx_word' id='word_1_763' title='bbox 331 5374 444 5445; x_wconf 82' lang='lat' dir='ltr'><strong>put.</strong></span> <span class='ocrx_word' id='word_1_764' title='bbox 479 5374 571 5439; x_wconf 83' lang='lat'><strong>57,</strong></span> <span class='ocrx_word' id='word_1_765' title='bbox 611 5374 937 5447; x_wconf 67' lang='lat' dir='ltr'><strong>ficosnnilis</strong></span> <span class='ocrx_word' id='word_1_766' title='bbox 969 5391 1284 5447; x_wconf 82' lang='lat' dir='ltr'><strong>sycomorus</strong></span> <span class='ocrx_word' id='word_1_767' title='bbox 1340 5378 1558 5437; x_wconf 85' lang='lat' dir='ltr'><strong>dicitur.</strong></span> <span class='ocrx_word' id='word_1_768' title='bbox 1624 5393 1721 5430; x_wconf 85' lang='lat' dir='ltr'><strong>nec</strong></span> <span class='ocrx_word' id='word_1_769' title='bbox 1769 5379 1901 5430; x_wconf 86' lang='lat' dir='ltr'><strong>licus</strong></span> 
     </span>
    </p>
   </div>
   <div class='ocr_carea' id='block_1_106' title="bbox 334 5444 1898 5515">
    <p class='ocr_par' dir='ltr' id='par_1_106' title="bbox 334 5444 1898 5515">
     <span class='ocr_line' id='line_1_106' title="bbox 334 5444 1898 5515; baseline 0.003 -19"><span class='ocrx_word' id='word_1_770' title='bbox 334 5459 513 5499; x_wconf 77' lang='lat' dir='ltr'><strong>tamen</strong></span> <span class='ocrx_word' id='word_1_771' title='bbox 549 5459 655 5501; x_wconf 79' lang='grc' dir='ltr'>εει.</span> <span class='ocrx_word' id='word_1_772' title='bbox 691 5444 786 5499; x_wconf 87' lang='lat' dir='ltr'><strong>llic</strong></span> <span class='ocrx_word' id='word_1_773' title='bbox 812 5444 1107 5499; x_wconf 58' lang='lat' dir='ltr'><strong>autem&#39;cst</strong></span> <span class='ocrx_word' id='word_1_774' title='bbox 1135 5448 1359 5515; x_wconf 84' lang='lat' dir='ltr'><strong>abrupta</strong></span> <span class='ocrx_word' id='word_1_775' title='bbox 1394 5448 1661 5501; x_wconf 88' lang='lat' dir='ltr'><strong>sententia</strong></span> <span class='ocrx_word' id='word_1_776' title='bbox 1690 5448 1741 5500; x_wconf 92' lang='lat' dir='ltr'><strong>in</strong></span> <span class='ocrx_word' id='word_1_777' title='bbox 1777 5448 1898 5500; x_wconf 89' lang='lat' dir='ltr'><strong>cod.</strong></span> 
     </span>
    </p>
   </div>
   <div class='ocr_carea' id='block_1_107' title="bbox 334 5516 1901 5584">
    <p class='ocr_par' dir='ltr' id='par_1_107' title="bbox 334 5516 1901 5584">
     <span class='ocr_line' id='line_1_107' title="bbox 334 5516 1901 5584; baseline -0.002 -15"><span class='ocrx_word' id='word_1_778' title='bbox 334 5516 397 5569; x_wconf 85' lang='grc' dir='ltr'>Ρ.</span> <span class='ocrx_word' id='word_1_779' title='bbox 442 5516 835 5584; x_wconf 23' lang='lat' dir='ltr'><strong>deﬁcientibus;</strong></span> <span class='ocrx_word' id='word_1_780' title='bbox 863 5517 1085 5569; x_wconf 87' lang='lat' dir='ltr'><strong>omnino</strong></span> <span class='ocrx_word' id='word_1_781' title='bbox 1140 5516 1461 5570; x_wconf 74' lang='lat' dir='ltr'><strong>necessariis</strong></span> <span class='ocrx_word' id='word_1_782' title='bbox 1507 5526 1627 5584; x_wconf 86' lang='lat' dir='ltr'><strong>post</strong></span> <span class='ocrx_word' id='word_1_783' title='bbox 1680 5518 1901 5570; x_wconf 89' lang='lat' dir='ltr'><strong>verbum</strong></span> 
     </span>
    </p>
   </div>
   <div class='ocr_carea' id='block_1_108' title="bbox 331 5581 1906 5706">
    <p class='ocr_par' dir='ltr' id='par_1_108' title="bbox 331 5581 1906 5706">
     <span class='ocr_line' id='line_1_108' title="bbox 331 5581 1906 5706; baseline 0.001 -71"><span class='ocrx_word' id='word_1_784' title='bbox 331 5585 482 5706; x_wconf 55' lang='lat' dir='ltr'><strong>boue:</strong></span> <span class='ocrx_word' id='word_1_785' title='bbox 508 5587 608 5655; x_wconf 83' lang='grc' dir='ltr'>μὲν</span> <span class='ocrx_word' id='word_1_786' title='bbox 645 5587 750 5649; x_wconf 83' lang='lat' dir='ltr'><strong>bis.</strong></span> <span class='ocrx_word' id='word_1_787' title='bbox 785 5581 926 5640; x_wconf 81' lang='grc' dir='ltr'>είναι</span> <span class='ocrx_word' id='word_1_788' title='bbox 958 5584 1122 5656; x_wconf 84' lang='grc' dir='ltr'>συκῆ,</span> <span class='ocrx_word' id='word_1_789' title='bbox 1160 5587 1222 5638; x_wconf 82' lang='grc' dir='ltr'><strong>οὐ</strong></span> <span class='ocrx_word' id='word_1_790' title='bbox 1253 5585 1360 5657; x_wconf 79' lang='grc' dir='ltr'><strong>μὴν</strong></span> <span class='ocrx_word' id='word_1_791' title='bbox 1388 5589 1455 5658; x_wconf 81' lang='grc' dir='ltr'>τῇ</span> <span class='ocrx_word' id='word_1_792' title='bbox 1508 5581 1743 5656; x_wconf 77' lang='grc' dir='ltr'>ἀληθεία</span> <span class='ocrx_word' id='word_1_793' title='bbox 1784 5588 1906 5637; x_wconf 77' lang='grc' dir='ltr'>ἐστι</span> 
     </span>
     <span class='ocr_line' id='line_1_109' title="bbox 336 5671 502 5706; baseline 0 0"><span class='ocrx_word' id='word_1_794' title='bbox 336 5671 440 5706; x_wconf 68' lang='lat' dir='ltr'><strong>oux</strong></span> <span class='ocrx_word' id='word_1_795' title='bbox 466 5688 502 5706; x_wconf 89' lang='lat'><strong>..</strong></span> 
     </span>
    </p>
   </div>
   <div class='ocr_carea' id='block_1_109' title="bbox 336 5671 502 5709">
    <p class='ocr_par' dir='ltr' id='par_1_109' title="bbox 336 5671 502 5709">
     <span class='ocr_line' id='line_1_110' title="bbox 336 5671 502 5709; baseline 0.012 -2"><span class='ocrx_word' id='word_1_796' title='bbox 336 5671 502 5709; x_wconf 68' lang='grc' dir='ltr'>συκῇ.</span> 
     </span>
    </p>
   </div>
   <div class='ocr_carea' id='block_1_110' title="bbox 409 5688 1907 5798">
    <p class='ocr_par' dir='ltr' id='par_1_110' title="bbox 409 5688 1907 5798">
     <span class='ocr_line' id='line_1_111' title="bbox 409 5688 1907 5798; baseline -0.008 -9"><span class='ocrx_word' id='word_1_797' title='bbox 409 5688 523 5798; x_wconf 40' lang='lat' dir='ltr'><strong>iiii.)</strong></span> <span class='ocrx_word' id='word_1_798' title='bbox 574 5724 834 5782; x_wconf 81' lang='lat' dir='ltr'><strong>Victorem</strong></span> <span class='ocrx_word' id='word_1_799' title='bbox 873 5727 920 5781; x_wconf 75' lang='lat' dir='ltr'><strong>vi</strong></span> <span class='ocrx_word' id='word_1_800' title='bbox 966 5725 1212 5781; x_wconf 69' lang='lat' dir='ltr'><strong>nominis.</strong></span> <span class='ocrx_word' id='word_1_801' title='bbox 1243 5723 1483 5781; x_wconf 67' lang='lat' dir='ltr'><strong>Hebraeis</strong></span> <span class='ocrx_word' id='word_1_802' title='bbox 1508 5735 1627 5794; x_wconf 70' lang='lat' dir='ltr'><strong>ny:</strong></span> <span class='ocrx_word' id='word_1_803' title='bbox 1658 5734 1742 5780; x_wconf 82' lang='lat' dir='ltr'><strong>est</strong></span> <span class='ocrx_word' id='word_1_804' title='bbox 1789 5726 1907 5778; x_wconf 88' lang='lat' dir='ltr'><strong>viu-</strong></span> 
     </span>
    </p>
   </div>
   <div class='ocr_carea' id='block_1_111' title="bbox 2007 5308 3585 5378">
    <p class='ocr_par' dir='ltr' id='par_1_111' title="bbox 2007 5308 3585 5378">
     <span class='ocr_line' id='line_1_112' title="bbox 2007 5308 3585 5378; baseline 0.002 -16"><span class='ocrx_word' id='word_1_805' title='bbox 2007 5323 2150 5371; x_wconf 88' lang='lat' dir='ltr'><strong>cere,</strong></span> <span class='ocrx_word' id='word_1_806' title='bbox 2187 5317 2241 5362; x_wconf 89' lang='lat' dir='ltr'><strong>et</strong></span> <span class='ocrx_word' id='word_1_807' title='bbox 2275 5308 2502 5361; x_wconf 87' lang='lat' dir='ltr'><strong>victoria</strong></span> <span class='ocrx_word' id='word_1_808' title='bbox 2534 5308 2753 5361; x_wconf 88' lang='lat' dir='ltr'><strong>mutatis</strong></span> <span class='ocrx_word' id='word_1_809' title='bbox 2794 5308 3029 5375; x_wconf 83' lang='lat' dir='ltr'><strong>punctis,</strong></span> <span class='ocrx_word' id='word_1_810' title='bbox 3075 5321 3198 5378; x_wconf 75' lang='lat' dir='ltr'><strong>quze</strong></span> <span class='ocrx_word' id='word_1_811' title='bbox 3254 5309 3585 5378; x_wconf 76' lang='lat' dir='ltr'><strong>posteriores</strong></span> 
     </span>
    </p>
   </div>
   <div class='ocr_carea' id='block_1_112' title="bbox 2008 5378 3584 5442">
    <p class='ocr_par' dir='ltr' id='par_1_112' title="bbox 2008 5378 3584 5442">
     <span class='ocr_line' id='line_1_113' title="bbox 2008 5378 3584 5442; baseline 0.002 -13"><span class='ocrx_word' id='word_1_812' title='bbox 2008 5379 2217 5430; x_wconf 86' lang='lat' dir='ltr'><strong>rahbiui</strong></span> <span class='ocrx_word' id='word_1_813' title='bbox 2239 5386 2624 5442; x_wconf 77' lang='lat' dir='ltr'><strong>opposuerunt.</strong></span> <span class='ocrx_word' id='word_1_814' title='bbox 2655 5379 2736 5432; x_wconf 83' lang='lat' dir='ltr'><strong>Ab</strong></span> <span class='ocrx_word' id='word_1_815' title='bbox 2761 5379 2860 5431; x_wconf 80' lang='lat' dir='ltr'><strong>hac</strong></span> <span class='ocrx_word' id='word_1_816' title='bbox 2878 5379 3091 5432; x_wconf 86' lang='lat' dir='ltr'><strong>videtur</strong></span> <span class='ocrx_word' id='word_1_817' title='bbox 3111 5379 3382 5433; x_wconf 86' lang='lat' dir='ltr'><strong>deducere</strong></span> <span class='ocrx_word' id='word_1_818' title='bbox 3405 5378 3584 5433; x_wconf 84' lang='lat' dir='ltr'><strong>Theo-</strong></span> 
     </span>
    </p>
   </div>
   <div class='ocr_carea' id='block_1_113' title="bbox 2005 5447 3585 5517">
    <p class='ocr_par' dir='ltr' id='par_1_113' title="bbox 2005 5447 3585 5517">
     <span class='ocr_line' id='line_1_114' title="bbox 2005 5447 3585 5517; baseline 0.003 -20"><span class='ocrx_word' id='word_1_819' title='bbox 2005 5451 2209 5514; x_wconf 86' lang='lat' dir='ltr'><strong>phanes</strong></span> <span class='ocrx_word' id='word_1_820' title='bbox 2259 5447 2503 5501; x_wconf 64' lang='lat' dir='ltr'><strong>Zacchzei</strong></span> <span class='ocrx_word' id='word_1_821' title='bbox 2554 5463 2785 5509; x_wconf 81' lang='lat' dir='ltr'><strong>nomen,</strong></span> <span class='ocrx_word' id='word_1_822' title='bbox 2845 5450 2987 5517; x_wconf 86' lang='lat' dir='ltr'><strong>quod</strong></span> <span class='ocrx_word' id='word_1_823' title='bbox 3054 5448 3334 5501; x_wconf 82' lang='lat' dir='ltr'><strong>victoriam</strong></span> <span class='ocrx_word' id='word_1_824' title='bbox 3384 5463 3585 5502; x_wconf 83' lang='lat' dir='ltr'><strong>sonare</strong></span> 
     </span>
    </p>
   </div>
   <div class='ocr_carea' id='block_1_114' title="bbox 2007 5518 3581 5586">
    <p class='ocr_par' dir='ltr' id='par_1_114' title="bbox 2007 5518 3581 5586">
     <span class='ocr_line' id='line_1_115' title="bbox 2007 5518 3581 5586; baseline 0.003 -20"><span class='ocrx_word' id='word_1_825' title='bbox 2007 5521 2138 5579; x_wconf 87' lang='lat' dir='ltr'><strong>vult,</strong></span> <span class='ocrx_word' id='word_1_826' title='bbox 2182 5518 2397 5586; x_wconf 83' lang='lat' dir='ltr'><strong>dempta</strong></span> <span class='ocrx_word' id='word_1_827' title='bbox 2433 5526 2610 5571; x_wconf 84' lang='lat' dir='ltr'><strong>tamen</strong></span> <span class='ocrx_word' id='word_1_828' title='bbox 2648 5519 2889 5586; x_wconf 84' lang='lat' dir='ltr'><strong>principe</strong></span> <span class='ocrx_word' id='word_1_829' title='bbox 2923 5518 3099 5572; x_wconf 61' lang='lat' dir='ltr'><strong>littera</strong></span> <span class='ocrx_word' id='word_1_830' title='bbox 3126 5535 3141 5584; x_wconf 87' lang='lat'><strong>;</strong></span> <span class='ocrx_word' id='word_1_831' title='bbox 3168 5520 3261 5572; x_wconf 86' lang='lat' dir='ltr'><strong>sed</strong></span> <span class='ocrx_word' id='word_1_832' title='bbox 3295 5519 3453 5571; x_wconf 72' lang='lat' dir='ltr'><strong>video</strong></span> <span class='ocrx_word' id='word_1_833' title='bbox 3474 5518 3581 5571; x_wconf 85' lang='lat' dir='ltr'><strong>hoc</strong></span> 
     </span>
    </p>
   </div>
   <div class='ocr_carea' id='block_1_115' title="bbox 2007 5588 3579 5658">
    <p class='ocr_par' dir='ltr' id='par_1_115' title="bbox 2007 5588 3579 5658">
     <span class='ocr_line' id='line_1_116' title="bbox 2007 5588 3579 5658; baseline 0.003 -21"><span class='ocrx_word' id='word_1_834' title='bbox 2007 5602 2200 5640; x_wconf 85' lang='lat' dir='ltr'><strong>nomen</strong></span> <span class='ocrx_word' id='word_1_835' title='bbox 2252 5588 2658 5655; x_wconf 88' lang='lat' dir='ltr'><strong>interpretatum</strong></span> <span class='ocrx_word' id='word_1_836' title='bbox 2691 5603 2905 5656; x_wconf 75' lang='lat' dir='ltr'><strong>purum,</strong></span> <span class='ocrx_word' id='word_1_837' title='bbox 2956 5596 3012 5643; x_wconf 89' lang='lat' dir='ltr'><strong>et</strong></span> <span class='ocrx_word' id='word_1_838' title='bbox 3064 5590 3283 5658; x_wconf 82' lang='lat' dir='ltr'><strong>quidem</strong></span> <span class='ocrx_word' id='word_1_839' title='bbox 3315 5588 3519 5642; x_wconf 86' lang='lat' dir='ltr'><strong>rectius</strong></span> <span class='ocrx_word' id='word_1_840' title='bbox 3549 5604 3579 5641; x_wconf 84' lang='lat' dir='ltr'><strong>a</strong></span> 
     </span>
    </p>
   </div>
   <div class='ocr_carea' id='block_1_116' title="bbox 2007 5657 2794 5727">
    <p class='ocr_par' dir='ltr' id='par_1_116' title="bbox 2007 5657 2794 5727">
     <span class='ocr_line' id='line_1_117' title="bbox 2007 5657 2794 5727; baseline -0.005 -11"><span class='ocrx_word' id='word_1_841' title='bbox 2007 5665 2124 5722; x_wconf 67' lang='lat' dir='ltr'><strong>n21,</strong></span> <span class='ocrx_word' id='word_1_842' title='bbox 2160 5657 2303 5726; x_wconf 78' lang='lat' dir='ltr'><strong>quod</strong></span> <span class='ocrx_word' id='word_1_843' title='bbox 2334 5669 2417 5713; x_wconf 89' lang='lat' dir='ltr'><strong>est</strong></span> <span class='ocrx_word' id='word_1_844' title='bbox 2442 5671 2635 5727; x_wconf 83' lang='lat' dir='ltr'><strong>purum</strong></span> <span class='ocrx_word' id='word_1_845' title='bbox 2665 5674 2794 5712; x_wconf 70' lang='lat' dir='ltr'><strong>esse.</strong></span> 
     </span>
    </p>
   </div>
  </div>
