3974 6200
303 304 412 369 357

1702 315 2033 377 HOMILIA
2073 315 2234 379 XVI.

3488 320 3598 383 358

305 415 594 488 θησαυροῦ
627 415 731 486 τῆς
759 418 988 490 καρδίας
1025 421 1190 476 καινά
1223 422 1320 478 καὶ
1357 421 1586 479 παλαιά.
1636 426 1894 497 Ὀπηνίκο

2008 429 2092 484 sui
2126 441 2266 482 nova
2323 433 2377 480 et
2432 432 2615 481 vetera
2666 427 2732 481 “.
2775 426 3004 494 Quando
3029 440 3158 482 vero
3220 427 3498 496 virtutem,
3534 447 3599 486 ac

301 511 364 563 δὲ
399 511 695 582 σύγκρισιν
723 511 952 582 ἀρετῆς,
986 513 1084 566 καὶ
1113 516 1317 579 κακίας
1339 515 1514 570 ἐθέλει
1547 519 1904 588 ποιήσασθαι,

298 603 401 656 δύο
430 604 756 675 ἀνθρώπους
787 605 1422 677 ὲναντιογνωμονοῦντας
1445 611 1800 681 παρίστησιν,
1830 613 1908 676 ὡς

296 696 398 748 τὸν
426 695 683 750 πλούσιον
711 735 728 761 ,
762 695 859 750 καὶ
888 697 980 750 τὸν
1017 698 1294 770 Λάζαρον,
1328 703 1424 755 καὶ
1447 701 1544 756 δύο
1575 703 1750 770 υἱοὺς,
1781 706 1909 770 τοὺς

301 787 415 839 ὑπὸ
459 787 668 856 πατρὸς
728 789 1126 851 κελευσθέντας
1155 793 1236 855 είς
1292 791 1385 845 τὸν
1423 793 1595 865 ἀγρὸν
1627 795 1904 865 ἀπελθεῖν,

300 880 402 934 καὶ
432 879 532 942 τὰς
565 880 661 932 δύο
711 881 811 944 τὰς
863 880 922 934 ὲν
950 880 1030 952 τῷ
1075 882 1304 952 μύλωνι,
1339 877 1415 938 ὧν
1440 885 1538 955 τῆς
1567 890 1696 956 μιᾶς
1731 906 1910 959 παρα-

298 972 752 1044 λαμϐανομένης,
785 974 820 1044 ἠ
861 973 1031 1045 ἑτέρα
1062 975 1308 1045 ἀφίεται.
1368 977 1531 1033 Ἀλλὰ
1577 981 1674 1032 καλ¹
1719 983 1771 1034 οἱ
1813 981 1906 1035 δύο

299 1063 437 1127 υἱοὶ,
467 1055 543 1116 ὧν
571 1064 598 1114 ό
629 1063 730 1132 μὲν
760 1062 946 1133 ἔμεινε
981 1065 1080 1118 σὺν
1111 1065 1190 1136 τῷ
1228 1067 1428 1138 Πατρὶ,
1475 1071 1504 1122 ὁ
1548 1069 1607 1124 δὲ
1652 1071 1905 1141 συϐώτης

303 1155 563 1226 ἐγένετο),
635 1156 876 1227 ἀρετῆς,
946 1159 1043 1211 καὶ
1120 1159 1322 1224 κακίας
1375 1156 1518 1232 ἦσαν
1576 1163 1902 1235 ὑπόδειγμα.

302 1249 610 1303 Κάνταῦθα
637 1249 767 1318 γοῦν
792 1250 1117 1321 παράλληλα
1147 1251 1342 1317 τιθεὶς,
1371 1254 1550 1322 οἴησιν
1581 1257 1678 1308 καὶ
1705 1259 1904 1312 ταπεί-

301 1360 493 1407 νωσιν,
553 1343 651 1396 καὶ
706 1343 1002 1414 Φαρισαῖον
1079 1345 1176 1397 καὶ
1259 1344 1502 1416 τελώνην
1566 1348 1900 1418 παρέλαϐεν.

308 1453 330 1484 ι
367 1435 688 1506 ’Ἄνθρωποι
735 1434 830 1487 δύο
883 1433 1161 1506 ἀνέϐησαν
1197 1436 1278 1499 εἰς
1331 1438 1393 1490 τὸ
1423 1438 1568 1508 ἱερὸν
1599 1440 1905 1510 προσεύξα-

302 1527 468 1581 σθαι·
513 1546 532 1579 ι
573 1527 638 1580 ἐκ
694 1526 789 1580 τοῦ
829 1529 1032 1591 εἰπεῖν,
1107 1528 1463 1596 Ἀνέϐησαν,
1503 1533 1757 1599 φαίνεται
1819 1535 1902 1587 ὅτι

303 1619 718 1689 μετεωρότερος
750 1614 820 1689 ἦν
849 1619 952 1688 τῆς
986 1618 1197 1683 πόλεως
1222 1621 1251 1672 ὁ
1285 1622 1434 1684 ναός.
1468 1622 1628 1675 Στοαὶ
1662 1624 1770 1694 γὰρ
1801 1627 1902 1678 κά-

300 1708 479 1760 τωθεν
511 1711 576 1761 ὲκ
602 1709 712 1764 τῶν
749 1711 1054 1779 κρηπίδων,
1083 1712 1180 1764 κα)⁴
1209 1713 1398 1781 ἁψῖδες
1450 1715 1750 1784 ἀμοιϐαδὸν
1804 1718 1899 1770 τὸν

2012 518 2203 573 vitium
2226 516 2340 571 vult
2360 517 2413 570 in
2449 515 2844 572 contentionem
2870 518 3160 583 adducere,
3190 517 3326 573 duos
3354 520 3602 576 homines

2013 608 2300 664 contrariis
2327 609 2524 663 studiis
2555 608 2884 663 dissidentes
2907 609 3224 675 committit,
3257 620 3313 665 ut
3366 611 3592 669 divitem

2010 712 2065 756 et
2085 700 2353 755 Lazarum
2383 700 2466 765 '°;
2495 709 2550 754 et
2575 699 2714 754 duos
2743 698 2882 754 ﬁlios
2908 716 3099 771 agrum
3133 717 3163 755 a
3203 713 3428 770 parente
3479 707 3601 775 jus-

2009 811 2101 852 sos
2141 795 2291 850 adire
2343 795 2412 859 “,
2467 802 2522 849 et
2572 795 2710 850 duas
2762 795 2814 848 in
2871 794 3032 860 mola,
3112 811 3340 865 quarum
3425 798 3596 853 altera

2010 897 2312 956 assumpta,
2359 885 2756 955 deri-linquitur
2779 885 2949 941 altera
2973 888 3056 955 ";
3088 888 3217 957 quin
3269 901 3324 944 et
3349 891 3453 944 duo
3483 890 3602 959 lilii,

2009 994 2241 1048 quorum
2275 977 2410 1032 alter
2441 978 2580 1046 apud
2613 987 2820 1048 patrem
2871 979 3093 1044 mansit,
3149 981 3288 1034 alter
3339 983 3598 1038 subulcus

2007 1069 2181 1125 evasit
2218 1069 2286 1133 ⁷³,
2324 1069 2560 1135 virtutis,
2605 1077 2659 1122 et
2705 1070 2824 1124 vitii
2870 1069 3162 1136 imaginem
3223 1072 3482 1128 referunt.
3540 1075 3606 1129 Et

2009 1163 2113 1218 hoc
2140 1163 2303 1234 igitur
2333 1161 2451 1217 loco
2490 1162 2952 1218 existimationem
3008 1163 3118 1226 sui,
3171 1164 3590 1220 demissionem-

2007 1272 2110 1326 que
2143 1255 2256 1327 91‘.
2306 1255 2538 1310 invicem
2581 1270 2882 1324 apponens,
2919 1255 3254 1312 Pharisaaum
3285 1267 3338 1311 et
3357 1259 3604 1314 Publica-

2008 1363 2135 1400 num
2169 1347 2397 1401 assumit
2430 1364 2444 1401 :
2477 1366 2495 1398 ι
2534 1345 2650 1402 Duo
2689 1347 2938 1404 homines
2966 1351 3330 1405 ascenderunt
3368 1352 3420 1406 in
3463 1361 3602 1408 tem—

2005 1439 2149 1510 plum
2179 1448 2235 1492 ut
2262 1449 2503 1493 orarent.
2539 1458 2558 1492 ι
2579 1440 2712 1494 Dum
2731 1455 2824 1494 eos
2870 1445 3187 1498 ascendisse
3205 1444 3360 1510 dicit,
3391 1445 3442 1498 in
3460 1445 3607 1499 edito

2005 1528 2242 1584 civitatis
2259 1528 2624 1596 locofpositum
2657 1530 2911 1598 templum
2938 1530 3050 1603 (67)
3071 1533 3328 1588 ostendit.
3355 1533 3604 1588 Porticus

2004 1621 2148 1675 enim
2177 1636 2204 1672 a
2237 1619 2691 1685 fundamentis,et
2713 1621 2949 1677 fornices
2969 1624 3208 1679 vicissim
3233 1623 3606 1681 sttlTulcientes

2006 1713 2268 1782 ten-plum
2304 1714 2356 1765 iit
2378 1711 2711 1768 altitudinem
2749 1715 2919 1786 ipsum
2955 1717 3260 1772 elevabant.
3282 1719 3446 1772 Extra
3477 1737 3603 1774 vero

299 1802 434 1854 ναὸν
453 1801 834 1870 ἐπερείδουσαι
855 1804 936 1865 εἰς
949 1803 1008 1856 τὸ
1027 1801 1160 1872 ὕψος
1175 1804 1339 1858 αὐτὸν
1361 1807 1894 1878 μετεώριζον.Ἔξω-

2003 1775 2196 1871 lapidei
2211 1801 2410 1871 gradus
2421 1817 2485 1856 ex
2506 1802 2614 1855 imo
2627 1802 2741 1858 solo
2757 1775 2822 1857 ad
2845 1783 3012 1874 usque
3027 1817 3209 1874 portas
3225 1811 3600 1878 erigebantur,

299 1895 392 1944 θεν
421 1893 480 1945 δὲ
511 1893 712 1946 λίθιναι
751 1893 1014 1964 βαθμίδες
1046 1897 1112 1949 ὲκ
1138 1895 1249 1948 τῶν
1285 1896 1732 1968 χθαμαλωτέρων
1765 1903 1894 1974 ἄχρι

298 1985 410 2036 τῶν
457 1985 646 2038 πυλῶν
670 1986 766 2039 ⁴τοῦ
795 1986 925 2040 ναοῦ
977 1987 1324 2059 διηγείροντο
1349 2007 1363 2020 ·
1412 1992 1486 2053 ὡς
1516 1996 1678 2046 παντὶ
1708 1995 1896 2064 βουλο-

301 2076 454 2148 μένῳ
491 2070 754 2132 εἰσελθεῖν
779 2080 837 2132 ὲν
866 2079 944 2150 τῷ
977 2081 1130 2152 ἱερῷ,
1175 2081 1452 2152 εὑρίσκειν
1504 2087 1762 2158 ἀνωφερῆ
1794 2088 1894 2159 τὴν

297 2172 605 2224 εἰσέλευσιν
625 2188 637 2200 ⁸
660 2170 751 2223 διὰ
772 2171 929 2224 τοῦτό
960 2190 1158 2243 φησιν’
1229 2194 1250 2228 ι
1293 2176 1608 2245 Ἄνθρωποι
1635 2177 1728 2230 δύο
1767 2180 1891 2232 ἀνέ-

295 2265 509 2332 ϐησανο
542 2281 562 2315 ι
594 2263 734 2333 καλὴ
768 2263 868 2333 μὲν
889 2260 982 2318 οῦν
1012 2267 1110 2319 καὶ
1138 2269 1171 2337 ή
1198 2267 1320 2320 καθ’
1344 2269 1590 2338 ἱστορίαν
1619 2269 1892 2340 σαφήνεια

295 2355 397 2408 τοῦ
430 2356 592 2408 τόπου
637 2355 736 2426 τὴν
793 2355 942 2409 θέσιν
998 2359 1454 2431 ἐφερμηνεύουσα
1477 2378 1493 2391 ·
1547 2359 1683 2414 ἀλλὰ
1717 2362 1796 2432 τῷ
1826 2379 1891 2432 γε

296 2446 594 2515 φιλομαθεῖ
613 2447 713 2498 οὐκ
738 2450 944 2520 ἁρκετὴ
978 2449 1080 2520 τῆς
1121 2452 1367 2522 ἱστορίας
1395 2453 1429 2521 ἡ
1469 2451 1730 2522 μάθησις,
1753 2453 1889 2508 ἀλλὰ

297 2537 547 2606 βατεύων
569 2540 646 2600 εἰς
679 2540 917 2609 θεωρίαν
943 2541 972 2592 ὁ
999 2541 1125 2604 νοῦς
1171 2541 1250 2612 τῷ
1285 2545 1385 2612 τῆς
1414 2544 1712 2612 ἀναγωγῆς
1749 2547 1889 2614 φωτὶ

294 2629 764 2701 ἐλλαμπρύνεται.
816 2631 882 2685 Τί
925 2629 1023 2687 οὖν
1050 2635 1169 2687 ἐστι
1219 2636 1280 2688 τὸ
1326 2639 1621 2706 νοούμενον
1669 2639 1734 2690 ὲκ
1765 2638 1882 2704 τοῦ,

303 2742 324 2774 ι
370 2723 683 2792 Ἄνθρωποι
736 2725 830 2778 δύο
871 2727 1148 2799 ἀνέϐησαν
1182 2731 1262 2793 είς
1303 2729 1364 2782 τὸ
1402 2731 1549 2798 ἱερὸν
1588 2733 1896 2802 προσεύξα-

298 2816 468 2880 σθαις
502 2836 520 2868 ι
553 2815 822 2885 Ἐδήλωσε
857 2819 956 2889 τῆς
990 2822 1301 2892 προσευχῆς
1332 2822 1430 2893 τὴν
1457 2824 1631 2893 ἰσχὺν,
1667 2825 1776 2878 ἀπὸ
1801 2823 1896 2879 τοῦ

297 2908 493 2975 φάναι,
517 2909 843 2978 Ἀνέϐησαν.
881 2912 1006 2964 Ἐπὶ
1033 2911 1184 2978 καλῷ
1219 2915 1317 2984 μὲν
1347 2917 1676 2986 ἀμφοτέρων
1706 2919 1738 2988 ἡ
1766 2920 1903 2988 πρὸς

295 3000 360 3049 τὸ
409 3000 558 3069 ἱερὸν
585 3000 854 3066 ἀνάϐασις
875 3017 888 3030 ’
925 3007 1240 3075 προσευχῆς
1272 3005 1382 3076 γὰρ
1427 3007 1590 3078 χάριν
1617 3009 1895 3079 ἀναϐεϐή.

294 3109 488 3147 κατον.
551 3090 614 3145 Ἦ
659 3093 718 3146 δὲ
753 3095 1035 3167 προσευχὴ
1070 3097 1240 3167 γῆθεν
1299 3099 1492 3168 ἀνάγει
1540 3100 1678 3170 πρὸς
1707 3102 1902 3172 αἰθέρα

295 3186 388 3237 τὸν
425 3187 890 3258 προσευχόμενον,
926 3191 1162 3254 καὶτοῖς
1184 3192 1442 3260 ἀγγέλοις
1497 3194 1612 3246 ἑνοῖ
1657 3196 1748 3247 τὸν
1801 3195 1897 3248 ἄν-

294 3283 544 3349 θρωπον,
578 3283 960 3353 ἐπιθιγγάνειν
988 3302 1050 3338 τε
1094 3286 1512 3354 παρασκευάζει
1548 3291 1662 3350 τοῖς
1705 3289 1894 3350 ἀΰλοις

291 3378 386 3426 τὶν
407 3375 614 3430 ἕνυλον.
652 3373 786 3430 Εἷτά
814 3377 882 3431 δι’
914 3377 1095 3431 αὐτῶν
1124 3377 1153 3432 ὁ
1183 3379 1307 3442 νοῦς
1347 3379 1719 3449 φωτιζόμενος
1749 3398 1898 3452 χειρ-

291 3469 621 3533 αγωγεῖται,
663 3468 738 3532 ὡς
792 3470 1040 3538 ἐφικτὸν,
1081 3471 1221 3538 πρὸς
1250 3470 1350 3541 τὴν
1405 3471 1502 3524 τοῦ
1532 3472 1670 3525 Θεοῦ
1723 3490 1898 3525 κατα·

295 3558 511 3628 νόησιν.
543 3559 609 3611 Εἴ
632 3577 717 3624 τις
744 3561 898 3630 ὑμῶν
929 3561 1237 3631 φιλοπόνως
1269 3562 1482 3631 ἀνέγνω
1504 3563 1603 3633 τὴν
1643 3564 1898 3634 ’Λσκητι-

387 3674 416 3706 ⁸
442 3674 635 3729 Matth.
658 3689 742 3741 ιιι,
768 3675 858 3730 52.
937 3677 988 3709 ⁷⁸
1006 3676 1139 3732 Luc.
1168 3691 1284 3744 xvr,
1319 3677 1461 3732 l9.“
1495 3676 1688 3732 Matth.
1717 3695 1831 3742 χιιι,
1861 3677 1956 3732 28.

2003 1894 2076 1948 ita
2109 1904 2186 1958 ιιι,
2211 1892 2464 1962 quisquis
2511 1893 2564 1947 in
2587 1893 2841 1963 templum
2887 1896 3096 1966 ingredi
3126 1899 3302 1963 vellet,
3343 1899 3598 1955 acclivem

2002 1987 2207 2040 aditum
2235 1986 2529 2040 inveniret.
2615 1984 2739 2040 Ideo
2793 1987 2962 2042 aitu
3024 1988 3142 2044 Duo
3208 1993 3455 2047 homines
3516 2008 3605 2046 as-

2001 2079 2300 2135 cenderunt
2350 2080 2404 2133 in
2451 2079 2733 2148 templum,
2789 2090 2847 2134 ut
2915 2093 3161 2137 orarent.
3203 2103 3222 2136 ›
3269 2085 3447 2154 Atque
3490 2087 3605 2142 hare

2005 2171 2286 2226 cohaerens
2311 2169 2552 2225 historiae
2569 2170 2866 2225 declaratio
2898 2172 3012 2243 (68)
3034 2175 3172 2230 belle
3201 2177 3381 2242 habet,
3404 2188 3464 2233 ut
3483 2195 3604 2248 quae

1999 2263 2236 2333 positum
2279 2262 2384 2317 loci
2444 2263 2798 2332 exposuerit:
2832 2274 2886 2318 at
2923 2281 3051 2321 vero
3079 2267 3323 2323 discendi
3377 2272 3606 2340 cupidus

2010 2371 2118 2410 non
2155 2356 2412 2410 sathabet
2428 2355 2711 2410 historiam
2733 2358 2989 2413 didicisse
3012 2360 3116 2415 nisi
3149 2378 3304 2417 mens
3326 2363 3375 2418 in
3399 2366 3606 2435 allego-

2000 2448 2135 2500 riam
2178 2450 2482 2517 pervadens
2520 2463 2715 2505 sensus
2759 2451 3038 2522 anagogiei
3110 2453 3228 2507 luce
3275 2455 3599 2512 illustretur.

1999 2539 2138 2605 Quid
2161 2539 2324 2608 igitur
2352 2539 2437 2595 bis
2467 2541 2648 2595 verbis
2681 2542 3088 2612 intelligendum
3114 2564 3127 2599 :
3169 2563 3185 2594 ι
3216 2545 3330 2600 Duo
3353 2548 3607 2620 homines

1997 2633 2362 2687 ascenderunt
2413 2633 2466 2687 in
2532 2633 2790 2703 templum
2847 2640 2905 2687 ut
2944 2636 3209 2690 orarent?
3257 2637 3404 2692 Sane
3432 2655 3496 2694 ex
3532 2658 3599 2695 eo

2000 2723 2144 2793 quod
2177 2722 2491 2778 ascendisse
2533 2723 2688 2788 dicit,
2725 2724 2831 2778 vim
2855 2726 3120 2781 oratioms
3152 2731 3414 2783 ostendit.
3451 2731 3597 2785 Bene

2005 2815 2250 2884 profecto
2286 2815 2521 2869 habebat
2555 2816 2838 2869 amborum
2874 2817 2929 2870 in
2988 2819 3248 2888 templum
3307 2837 3595 2889 ascensus,

2005 2908 2196 2964 erandi
2255 2909 2452 2977 quippe
2503 2907 2678 2977 gratia
2739 2911 3126 2965 ascenderunt.
3194 2911 3381 2969 Oratio
3432 2899 3601 2985 porro

2005 3000 2188 3056 evehit
2227 3011 2474 3054 orantem
2500 2999 2550 3053 in
2577 2999 3022 3067 coelumeterra,
3085 3013 3142 3058 et
3199 3021 3320 3060 cum
3385 3011 3595 3080 angelis

2003 3091 2241 3148 associat
2295 3091 2591 3156 hominem,
2643 3106 2877 3162 eumque
2930 3109 2997 3149 ex
3052 3099 3282 3152 materia
3333 3105 3598 3156 constitu-

2003 3194 2114 3238 tum
2149 3185 2222 3237 ita
2245 3191 2546 3252 comparat,
2585 3192 2645 3237 ut
2671 3185 2735 3237 ad
2767 3201 2864 3241 eos
2895 3188 3075 3256 possit
3115 3191 3443 3261 pertingere,
3497 3197 3596 3266 qui

2002 3277 2070 3331 ab
2101 3277 2246 3330 omni
2283 3275 2508 3329 materia
2531 3273 2760 3343 sejuncti
2786 3289 2932 3331 sunt.
2961 3278 3159 3334 Postea
3199 3298 3294 3350 per
3320 3298 3414 3338 eos
3471 3285 3597 3339 illu-

2008 3372 2218 3425 ntittata
2247 3385 2398 3424 mens
2423 3372 2487 3422 ad
2515 3369 2606 3423 Dei
2644 3369 2916 3436 notitiam,
2952 3382 3216 3440 quantum
3245 3373 3328 3428 fas
3376 3379 3594 3432 est'ho-

2012 3462 2145 3517 mini
2177 3475 2394 3530 capere,
2457 3460 2864 3517 manuducitur.
2931 3462 2988 3516 Si
3041 3465 3164 3533 quis
3187 3475 3425 3521 vestrum
3478 3480 3596 3523 stu-

2003 3557 2157 3611 diose
2211 3553 2338 3625 legit
2368 3554 2651 3609 Asceticas
2677 3554 2854 3611 scalas
2897 3555 3034 3626 (69),
3079 3559 3224 3628 quod
3253 3559 3454 3616 dictum
3488 3571 3598 3628 est,

2035 3677 2078 3707 ἠ
2108 3672 2299 3726 Matth.
2339 3685 2489 3735 sxw,
2517 3669 2608 3724 41.
2705 3671 2755 3703 ⁷³
2799 3671 2931 3727 Luc.
2954 3689 3046 3739 xv,
3093 3674 3117 3728 1
3151 3691 3308 3745 seqq.

1531 3792 1866 3855 Francisci
1905 3790 2112 3854 Scorsi
2150 3795 2342 3849 notae.

364 3889 483 3960 (67)
528 3889 765 3961 Positum
816 3891 1090 3961 templum.
1145 3891 1221 3948 De
1263 3891 1370 3946 hoc
1423 3892 1548 3947 vide
1612 3892 1880 3948 Joannem
1917 3903 1959 3958 α
1996 3891 2182 3945 verbis
2215 3891 2279 3961 de
2312 3886 2582 3961 principio
2606 3924 2621 3950 ,
2661 3885 3150 3961 medio,__et_llne_r
3178 3891 3441 3947 orationis
3479 3895 3596 3950 dis-

289 3959 592 4030 Baptista")
640 3959 1062 4033 Willalpandum
1127 3977 1239 4018 soc.
1269 3961 1423 4033 VJesn
1491 3965 1560 4017 de
1609 3964 1889 4033 Apparatu

291 4033 465 4096 urbis,
500 4041 555 4084 et
590 4031 772 4102 templi
806 4032 1300 4102 Hierosolymitani,
1333 4033 1420 4086 ubi
1460 4033 1573 4087 haec
1611 4031 1676 4087 ad
1701 4031 1893 4088 amus-

288 4105 398 4156 sim
441 4110 497 4154 et
529 4101 785 4170 graphice
820 4101 1082 4155 describit
1108 4101 1204 4224 Jin
1229 4112 1416 4156 catena
1449 4107 1516 4154 ad
1545 4103 1888 4176 Jeremiam}.

361 4170 476 4224 (GSi
520 4171 801 4224 Coha'rens
839 4171 1078 4224 historia:
1147 4173 1426 4224 eclamtio.
1461 4171 1576 4224 Non
1611 4176 1682 4224 ita
1717 4177 1888 4224 onlne-

361 4170 476 4240 (68)
520 4171 801 4224 Coha-rens
839 4171 1078 4227 historia:
1108 4170 1426 4226 declaratio.
1461 4171 1576 4227 Non
1611 4176 1682 4228 ita
1717 4170 1892 4228 coitu}-

290 4243 447 4295 rehat
478 4255 675 4294 sensus
713 4243 766 4295 iu
807 4243 1043 4310 exetupl.
1097 4243 1158 4296 P.
1203 4243 1364 4298 sicuti
1402 4242 1682 4299 cohaerere
1734 4261 1888 4298 suam

292 4312 543 4365 historiae
577 4311 995 4378 explicationem
1028 4324 1219 4367 auctor
1257 4314 1412 4368 dicit.
1453 4313 1587 4367 Nam
1611 4330 1676 4369 ex
1709 4317 1890 4370 Evan-

289 4382 419 4450 gelii
459 4381 647 4435 verbis
671 4383 846 4449 primo
879 4382 996 4435 loco
1026 4385 1217 4450 positis
1253 4402 1266 4437 :
1307 4383 1422 4436 Duo
1448 4384 1680 4439 homines
1705 4403 1890 4440 ascen-

291 4457 518 4515 derunt,
546 4467 716 4518 usque
747 4451 813 4504 ad
856 4465 918 4503 ea
983 4454 1180 4506 iterum
1245 4457 1496 4518 recitata,
1551 4458 1774 4508 deerant
1825 4472 1887 4508 ea

288 4525 502 4590 ontnia.
531 4536 648 4589 quae
680 4521 813 4590 legis
845 4522 1072 4584 inserta,
1100 4531 1154 4576 et
1180 4525 1357 4578 addita
1386 4542 1413 4576 a
1443 4525 1598 4577 nobis
1625 4528 1888 4580 beneﬁcio

288 4594 416 4646 eod.
471 4589 537 4645 Ο.
591 4589 953 4656 Quid’autent
1004 4593 1260 4662 scriptori
1307 4594 1608 4662 indiligenti
1646 4598 1889 4650 occasio-

290 4679 413 4713 IIt‘Jll
441 4663 558 4726 ejus
591 4663 880 4730 l'ragtnenti
909 4663 1194 4717 omittendi
1222 4665 1433 4719 dederit
1463 4665 1620 4717 facile
1644 4677 1725 4718 est
1757 4683 1886 4719 cott-

285 4733 503 4804 jicere;
540 4745 662 4782 nam
696 4741 817 4800 post
845 4731 938 4785 illa
966 4732 1244 4804 Evangelii
1277 4737 1439 4804 verba
1471 4733 1757 4804 ἄνθρωποι
1793 4730 1887 4790 δύο

291 4799 593 4867 ἀνέϐησαν,
629 4799 930 4874 sequuntur
968 4799 1248 4873 καλημὲν
1276 4802 1371 4856 οὖν
1405 4806 1560 4874 καὶμὴ
1581 4799 1708 4859 καθ’
1743 4807 1888 4859 ἱστα-

296 4874 446 4940 ρίαν,
483 4882 615 4930 etc..
652 4873 745 4924 sed
779 4886 903 4925 eum
935 4876 1124 4926 eadem
1177 4883 1493 4942 repetantur
1546 4873 1716 4941 infra,
1757 4877 1885 4930 Stib-

281 4945 474 5016 junxit
511 4942 747 5016 scriptor
785 4943 864 5004 εἰς
893 4943 952 4994 τὸ
997 4943 1148 5015 ἱερὸν
1182 4943 1591 5016 προσεύξασθαι
1630 4947 1887 5002 ιιιιειδιιιε·

289 5025 400 5065 “IIS
440 5027 676 5065 OlllISSIS.

363 5080 479 5150 (69)
511 5083 775 5134 Asceticas
805 5081 1002 5135 scalas.
1037 5081 1262 5153 Diﬂicile
1291 5095 1375 5138 est
1429 5083 1723 5153 indigitare
1760 5101 1883 5141 cer-

283 5163 401 5226 tum
436 5153 612 5204 locum
643 5153 730 5204 ubi
771 5166 1031 5226 expresse
1055 5155 1113 5207 S.
1135 5152 1374 5208 Joannes
1399 5152 1695 5216 Climacus,
1721 5173 1880 5226 quem

285 5223 377 5274 hic
394 5233 610 5294 ‘testem
645 5224 898 5289 producit
919 5235 1131 5287 auctor,
1160 5226 1226 5278 de
1262 5240 1371 5294 quo
1401 5227 1582 5279 itidem
1618 5223 1766 5280 hom.
1793 5228 1882 5289 M,

286 5291 482 5367 ti._29,
529 5295 733 5367 metatio
778 5295 898 5356 fuit,
943 5291 1470 5367 Sflllﬂlltlﬁllll'hattc‘
1500 5296 1718 5361 habent,
1756 5315 1877 5367 quin

281 5363 540 5437 refertur.
570 5359 722 5437 _Nan_i
755 5369 921 5437 grqu
957 5363 1050 5437 {8,
1105 5364 1194 5418 ubi
1245 5365 1379 5437 Περὶ
1421 5365 1520 5435 τῆς
1553 5359 1744 5437 ἱερᾶς,
1774 5359 1882 5421 ’καὶ

283 5432 500 5500 μητρὸς
527 5431 902 5516 τῷνοάρετών
948 5433 1064 5516 τῆς
1105 5431 1386 5516 μακαρίας
1437 5431 1774 5516 προσευχῆς,
1805 5439 1885 5492 De

278 5514 502 5572 sancta,
548 5512 598 5553 et
626 5504 880 5556 virtutum
925 5504 1174 5572 genitrice
1196 5506 1454 5570 oratione,
1483 5504 1601 5560 tunc
1652 5504 1823 5562 habet
1870 5525 1885 5563 :

293 5571 466 5646 Ἀρχὴ
504 5572 604 5640 μὲν
637 5571 948 5644 προσευχῆς
1004 5574 1304 5646 προσϐολαὶ
1334 5576 1732 5644 μονολογίστως
1764 5580 1888 5631 διω-

277 5645 516 5715 κόμεναι
566 5646 631 5695 ἐκ
686 5647 996 5712 προοιμίων
1052 5645 1261 5707 αὐτῶν,
1303 5648 1544 5715 μεσότης
1589 5650 1648 5700 τὸ
1684 5651 1882 5712 ἐντοῖς

276 5713 626 5786 λεγομένοις,
661 5715 693 5785 ἢ
736 5716 1047 5786 νοουμένοις
1095 5715 1279 5784 μόνοις
1307 5713 1451 5768 εἶναι
1480 5713 1580 5786 τὴν
1610 5719 1876 5784 διάνοιαν,

273 5785 342 5837 τὸ
383 5783 441 5836 δὲ
481 5783 691 5856 ταύτης
727 5785 938 5840 τέλειον
991 5783 1218 5858 ἁρπαγὴ
1255 5787 1392 5859 πρὸς
1415 5783 1644 5859 Κύριον.
1669 5783 1882 5855 Quibus

1999 3963 2156 4023 serit,
2193 3959 2267 4011 ttti
2295 3955 2361 4011 ex
2397 3958 2497 4009 hac
2546 3955 2816 4009 luculenta
2854 3957 3088 4011 Matthazi
3121 3959 3316 4014 lladeri
3343 3965 3590 4020 versione

1999 4034 2221 4102 planum
2264 4036 2393 4102 est:
2447 4025 2775 4102 Principium
2816 4029 3078 4102 orationis
3109 4039 3191 4102 est
3237 4031 3596 4096 obstrepentes

1996 4097 2186 4153 hiemis
2230 4097 2604 4149 distractiones
2643 4097 2832 4147 statim
2887 4097 2952 4149 ab
2999 4098 3190 4159 initio,
3234 4101 3348 4153 solo
3399 4108 3594 4158 mentis

1995 4183 2124 4224 nutu
2155 4168 2404 4235 repellere
2444 4181 2463 4220 :
2497 4164 2728 4218 medium
2768 4181 2885 4218 vero
2919 4184 3039 4220 cum
3088 4185 3233 4223 mens
3265 4170 3318 4222 in
3353 4172 3422 4223 iis
3465 4183 3587 4229 tmt-

1995 4252 2106 4294 tum
2139 4241 2322 4302 lueret,
2359 4253 2479 4310 qua:
2525 4235 2835 4310 meditando
2861 4246 2911 4290 et
2945 4244 3227 4310 tractanda
3258 4247 3534 4308 proposuit
3567 4260 3596 4310 ς

1993 4312 2114 4381 ﬁnis
2145 4321 2220 4364 est
2251 4305 2519 4381 ruptnsin
2539 4305 2763 4381 ‘Deumn
2783 4309 2956 4381 Atque
2991 4308 3044 4360 in
3076 4305 3324 4364 eamdem
3358 4305 3586 4370 'senten;

1995 4375 2143 4443 itam,
2167 4381 2294 4435 licet
2314 4375 2431 4431 non
2449 4377 2638 4448 iisdem
2654 4375 2860 4438 verbis,
2879 4378 3268 4448 interpretatur
3285 4382 3588 4440 Clitnacum

1996 4452 2285 4520 Dionysius
2308 4446 2744 4520 Chartusianus;
2795 4449 2884 4501 ubi
2922 4446 3104 4520 agitur
3135 4453 3201 4504 de
3247 4453 3438 4506 mediis
3486 4472 3586 4510 an-

1991 4518 2149 4590 gelis,
2189 4518 2468 4590 inquibus
2499 4527 2759 4590 versetur
2790 4533 2982 4583 orans,
3036 4519 3125 4574 ubi
3183 4523 3413 4576 mediam
3451 4527 3585 4581 dicit

1990 4587 2332 4654 orationem,
2368 4589 2421 4640 in
2455 4589 2542 4642 his
2574 4587 2793 4658 quidem
2837 4603 3002 4658 supra
3037 4591 3226 4644 relatis
3260 4595 3442 4649 verbis
3475 4612 3584 4650 non

1992 4670 2246 4730 apparet;
2277 4669 2442 4728 atque
2474 4657 2640 4730 ΙιιιιιιιΔ
2657 4660 2772 4712 scio
2803 4673 2870 4712 an
2903 4657 3112 4727 uspiam
3139 4661 3265 4714 alibi
3298 4666 3438 4730 apud
3466 4665 3586 4718 Cli-

1992 4726 2206 4785 niacum
2242 4732 2294 4785 id
2325 4726 2566 4800 legatur.
2607 4726 2836 4782 Possum
2868 4726 3137 4798 suspicari
3180 4726 3580 4800 Theophanem

1992 4802 2092 4856 hoc
2127 4801 2349 4857 Climaci
2381 4798 2500 4854 loco
2521 4798 2582 4852 τὸ
2605 4800 2922 4871 νοουμένοις
2953 4800 3201 4871 accipere
3229 4798 3580 4871 ρτονοεραίς

1989 4871 2228 4934 οὐσίαις,
2263 4871 2523 4924 nimirum
2582 4867 2846 4923 mentibus
2887 4867 3202 4928 caelestibus.
3234 4867 3355 4935 qua:
3403 4867 3585 4927 solum

1991 4944 2044 4996 in
2079 4941 2492 5011 intelligentiam
2519 4941 2740 5011 cadunt,
2769 4947 2822 4992 et
2843 4950 3104 5011 praeterea
3125 4954 3231 5011 pro
3258 4939 3585 5011 λεγομένοις

1989 5014 2185 5082 legisse
2213 5009 2577 5081 μεσουμένοις
2607 5009 2660 5061 ἱιι
2689 5023 2787 5063 suo
2821 5009 3004 5082 aliquo
3038 5009 3227 5063 codice
3255 5009 3488 5082 ms.,fita
3519 5024 3584 5070 ιιι

1992 5080 2297 5138 Climacum
2335 5085 2388 5136 in
2420 5081 2568 5134 hunc
2606 5093 2826 5133 sensum
2861 5080 3252 5146 interpretetur
3284 5100 3298 5136 :
3342 5081 3580 5138 Mentem

1995 5166 2253 5216 nostram,
2279 5167 2397 5205 cum
2432 5153 2502 5204 ad
2533 5150 2762 5202 medium
2779 5151 3093 5220 processerit
3122 5152 3402 5218 orationis,
3430 5155 3574 5220 γίνεα

1996 5223 2120 5276 σθαι
2168 5225 2229 5276 ὲν
2269 5225 2383 5284 τοῖς
2431 5219 2860 5291 μεσουμένοις
2919 5221 3258 5290 νοουμένοις,
3316 5219 3578 5288 Ιιοοιτει,

1995 5295 2200 5346 versari
2254 5307 2375 5346 eum
2433 5288 2506 5345 iis
2557 5289 2656 5358 qui
2709 5288 2871 5342 medii
2930 5288 3060 5344 sunt
3102 5291 3245 5346 inter
3298 5291 3472 5346 Deum
3521 5305 3584 5348 es

1992 5365 2288 5426 hominem,
2321 5373 2374 5416 et
2402 5361 2518 5417 solo
2563 5357 2838 5412 intellectu
2881 5361 3152 5424 videntur,
3190 5362 3443 5416 nimirum
3476 5379 3580 5417 an-

1995 5435 2148 5503 gelis.
2172 5433 2329 5499 Quod
2367 5434 2410 5486 si
2444 5433 2537 5503 cui
2569 5430 2686 5483 haec
2718 5442 2847 5503 mea
2873 5432 3222 5503 coniectaria,
3265 5433 3344 5483 vel
3391 5434 3578 5501 potius

1995 5500 2260 5557 divinatio
2283 5519 2388 5556 non
2413 5502 2658 5571 placeat,
2680 5500 2842 5554 aliam
2871 5502 3016 5556 inibo
3040 5500 3572 5571 conjec-tandi’viam,

1992 5591 2064 5629 ac
2091 5575 2266 5628 dicam
2296 5570 2603 5625 nonfurtum
2642 5573 2783 5624 hunc
2816 5573 2988 5623 locum
3023 5570 3413 5640 Theophanem
3451 5589 3570 5641 spe-

1989 5658 2190 5705 ctasse,
2220 5644 2314 5696 sed
2347 5645 2500 5711 plura
2538 5641 2767 5699 Climaci
2812 5644 2978 5702 dicta,
3014 5643 3141 5709 quin
3197 5644 3360 5695 etiam
3396 5643 3576 5710 facta;

1996 5733 2118 5769 nam
2152 5719 2326 5781 quoad
2361 5715 2526 5776 dicta,
2564 5715 2644 5766 sic
2679 5714 2917 5779 loquitur
2943 5711 3218 5767 Climacus
3265 5716 3430 5781 gradu
3459 5715 3573 5782 jam

1989 5787 2158 5843 relato
2185 5786 2254 5840 58
2285 5801 2298 5840 :
2333 5784 2398 5836 Τί
2453 5786 2562 5855 γὰρ
2613 5783 2946 5852 ὑψηλότερον
2976 5781 3180 5850 ἀγαθὸν
3212 5783 3306 5836 τοῦ
3335 5783 3410 5853 τῷ
3460 5781 3570 5836 Ks-
