3974 6200
331 263 436 329 361

1721 257 2048 321 HOMILIA
2086 255 2220 322 XVI
2886 247 2904 276 ¹

3490 259 3595 325 362

337 395 362 428 τ
400 375 546 429 Ὅσα
573 371 830 445 ηὐξάμην
862 369 1130 424 ἀποδώσω
1163 385 1246 423 σοι
1270 387 1283 402 ο
1322 385 1342 422 1
1393 369 1488 424 καὶ
1534 370 1663 441 περὶ
1700 368 1919 438 Ἰεφθάε

2044 369 2174 437 ιιιοά
2243 366 2522 439 fugitivum
2597 365 2918 438 i’ropbetam
2963 364 3246 422 audiamus
3319 365 3586 422 dicentem

332 468 604 529 θύσαντος
635 465 735 535 τὴν
761 464 950 528 παῖδα,
981 463 1200 535 φησὶνὴ
1232 462 1447 534 Γραφὴ,
1475 462 1551 528 ὡς
1582 463 1798 517 ἐτέλεσε
1821 462 1920 534 τὴν

332 559 509 629 εὐχὴν
531 556 725 612 αὐτοῦ.
798 553 962 609 Ἀλλά
1002 554 1057 608 τί
1092 553 1230 625 πρὸς
1284 553 1553 624 ἀλλήλους
1606 552 1920 617 ἀπειδόντες

326 649 499 718 ὑμεῖς
532 645 915 701 συνεστείλατε
942 645 1043 706 τάς
1071 643 1279 716 όφρῦςς
1309 641 1499 714 Οἶμαι,
1529 643 1629 714 τὴν
1673 643 1918 714 ἱστορίαν

331 741 558 794 ἐοίκατε
587 738 811 807 ἀγνοεῖν
830 753 844 767 ο
872 736 992 792 ἀλλ’
1014 737 1065 790 εί
1117 735 1215 791 καὶ
1265 734 1544 806 πάρεργος
1573 738 1606 806 ἡ
1638 735 1922 806 ἀφήγησις

330 831 477 902 πρὸς
507 829 609 900 τὴν
635 827 1014 900 προκειμένην
1042 826 1322 894 ὑπόθεσιν,
1353 827 1504 894 ὅμως
1542 824 1820 896 ἐπιτεμὼν
1847 824 1925 896 τῷ

329 923 483 992 λόγῳ
505 921 575 976 τά
613 921 841 975 πλείονα
861 918 1229 991 ἐπιτροχάδην
1275 916 1483 990 ταύτην
1512 918 1646 989 ύμῖν
1669 918 1925 988 διηγήσο-

332 1029 460 1081 μαι.
1246 1027 1249 1034 '

413 1187 629 1258 Ἰεφθάε
659 1185 729 1260 ἦν
778 1186 1118 1258 Γαλααδίτης
1150 1186 1316 1257 ἀνὴρ,
1363 1185 1690 1257 ἀποτεχθεὶς
1735 1186 1836 1257 μέν
1866 1185 1928 1252 ἐξ

324 1282 611 1352 ἐταιρίδος
640 1279 874 1350 μητρὸς,
909 1277 1144 1349 εὐσεϐὴς
1179 1277 1241 1330 δέ
1275 1277 1371 1332 καὶ
1401 1277 1574 1340 πολὺς
1602 1274 1704 1346 τὴν
1730 1275 1924 1348 λσχύν.

329 1371 510 1437 Οὗτος
541 1372 740 1445 κριτὴς
771 1372 1017 1441 κατέστη
1070 1371 1274 1434 παντὸς
1300 1369 1398 1425 τοῦ
1431 1369 1566 1426 λαοῦ
1587 1383 1601 1400 ⁸
1663 1385 1929 1442 κατετρο-

332 1467 511 1520 ποῦτο
533 1466 589 1519 δὲ
620 1465 743 1518 τότε
765 1465 857 1518 τὸν
884 1463 1108 1534 Ἰσραὴλ
1151 1459 1382 1534 ’Δμμὼν
1407 1463 1436 1516 6
1463 1461 1766 1533 ἀλλόφυλος
1792 1477 1806 1492 ·
1833 1461 1931 1516 καὶ

332 1559 403 1613 τά
436 1559 539 1628 μὲν
560 1558 669 1611 τῶν
699 1556 973 1628 Ἐϐραίων
998 1551 1068 1628 ἦν
1098 1557 1158 1610 ἐν
1194 1554 1368 1626 στενῷ
1418 1554 1616 1627 κομιδῇ
1646 1571 1662 1586 ·
1691 1555 1720 1608 6
1744 1553 1802 1608 δέ
1832 1552 1928 1608 ἀλ-

329 1649 569 1718 λόφυλος
595 1648 761 1719 ᾔρετο
789 1650 857 1718 τῇ
892 1647 1040 1719 νίκῃ,
1079 1646 1174 1701 καὶ
1221 1646 1540 1717 ὐπέροφρυς
1572 1641 1663 1718 ἦν.
1710 1645 1768 1701 '0
1795 1643 1928 1716 γοῦν

346 1741 568 1810 Ἰεφθάε
605 1739 841 1810 στρατὸν
880 1737 1216 1808 συναγείρας
1272 1737 1434 1807 ἁδρὸν
1482 1739 1928 1808 καταστρατηγεῖ
1957 1719 2004 1780 Β

333 1835 430 1888 τὸν
461 1831 790 1887 ἀντίπαλον·
825 1829 966 1885 ἀλλὰ
995 1830 1135 1900 πρὸς
1163 1829 1266 1901 τὴν
1295 1829 1605 1902 παράταξιν
1652 1829 1812 1898 ἐξιὼν
1840 1832 1932 1885 εὐ-

335 1927 442 1998 χὴν
468 1925 538 1996 ηὐ
550 1923 678 1990 ξατο
705 1924 786 1991 τῷ
828 1922 974 1995 Θεῷ,
1007 1923 1066 1979 οὐ
1099 1924 1242 1978 πάνυ
1281 1922 1373 1977 τδν
1403 1922 1564 1992 λόγον
1593 1923 1932 1995 περισκεψά-

343 2033 534 2088 μενος,
567 2016 665 2083 ῶς,
695 2015 747 2071 εἰ
777 2015 990 2084 γένοιτο
1039 2014 1149 2068 τῶν
1195 2013 1410 2086 ἐχθρῶν
1436 2015 1734 2087 ἐγκρατὴς,
1769 2017 1828 2068 ἐν
1851 2015 1931 2086 τῷ

333 2108 718 2178 ὑπονοστῆσαι
746 2107 856 2161 ἀπὸ
884 2106 982 2160 τοῦ
1042 2105 1288 2176 πολέμου
1323 2104 1418 2159 τὸν
1451 2105 1722 2177 πρότερον
1781 2106 1932 2174 ἐξελ-

333 2202 507 2256 θόντα
530 2201 625 2272 τῆς
653 2200 854 2264 οἰκίας,
883 2200 981 2254 καὶ
1013 2200 1429 2269 συναντήσαντα
1455 2198 1831 2254 ὁλοκαυτῶσαι
1852 2197 1931 2271 τῷ

332 2294 444 2365 τῆς
472 2293 627 2363 νίκης
652 2291 815 2364 αἰτίῳ
854 2291 998 2363 Θεῷ.
1032 2291 1299 2345 Ἠττᾶται
1336 2287 1431 2344 οὖν
1454 2291 1483 2344 6
1522 2289 1772 2362 ’Δμμὼν,
1799 2307 1934 2363 κρα-

335 2391 428 2440 τεῖ
457 2389 487 2441 6
527 2386 768 2458 Ἰσραὴλ,
800 2387 1044 2447 καὶτοὺς
1070 2382 1408 2454 ἀλλοφύλους
1437 2383 1714 2448 διοδεύσας
1749 2383 1936 2454 ληίζε-

336 2497 460 2545 ται,
491 2480 588 2534 καὶ
620 2481 649 2534 6
675 2477 984 2550 στρατηγὸς
1011 2465 1265 2530 ἐπάνεισι
1303 2478 1370 2548 τῇ
1407 2475 1536 2548 νίκη
1573 2478 1666 2530 καὶ
1704 2478 1818 2540 τοῖς
1839 2474 1935 2532 λα-

343 2575 548 2643 φύροις
585 2611 600 2635 ,
657 2572 734 2635 ὡς
796 2569 963 2634 είκδς,
1003 2569 1496 2640 λαμπρυνάμενος.
1555 2567 1727 2638 Καὶή
1778 2567 1934 2634 πόλις

339 2660 805 2733 εὐαγγελισθεῖσα
819 2662 878 2714 :6
894 2661 1157 2731 τρόπαιον
1179 2660 1408 2731 διεχεῖτο
1429 2661 1580 2714 πᾶσα
1603 2658 1740 2729 πρὸς
1761 2659 1937 2712 an»

341 2759 475 2827 τὴν,
510 2757 649 2826 μετά
683 2753 884 2824 χορῶν,
915 2753 1012 2806 καὶ
1034 2752 1339 2822 τυμπάνων
1377 2751 1468 2804 τὸν
1497 2750 1808 2822 στρατηγὸν
1840 2751 1935 2804 ἐκο

343 2845 672 2908 δειάζουσα.
694 2842 768 2896 Τὸ
801 2841 845 2896 δ’
885 2839 1140 2894 ἐντεῦθεν
1181 2840 1294 2911 ἔχει
1343 2857 1402 2893 τι
1437 2839 1761 2909 σκυθρωπὸν
1794 2841 1830 2912 ὴ
1853 2840 1936 2894 6t-

345 2940 570 3010 ἠγησις.
617 2934 924 3002 Θυγάτριον
984 2928 1053 3004 ἦν
1112 2933 1192 3003 τῷ
1257 2932 1470 3002 Ἰεφθάε
1507 2933 1817 3004 μονογενὲς,
1843 2934 1938 2989 καὶ

350 3028 502 3099 μάλα
527 3026 721 3089 καλὸν,
751 3025 854 3095 ἤδη
884 3023 982 3078 τοῦ
1003 3025 1185 3096 γάμου
1203 3023 1301 3093 τὴν
1317 3023 1466 3095 ῶραν
1488 3024 1630 3096 ἔχον.
1663 3011 1780 3078 ἐᾱτο
1797 3027 1934 3098 αὐτῇ
1963 3073 2007 3137 C

345 3120 407 3174 δέ
450 3119 595 3190 μόνῃ
630 3119 658 3170 6
697 3116 880 3188 πατὴρ
907 3117 1006 3178 τὰς
1030 3116 1258 3179 ἐλπίδας
1280 3116 1542 3180 ἐσάλευε,
1573 3115 1819 3186 διάδοχον
1845 3117 1936 3170 τοῦ

347 3209 572 3280 γίνους,
609 3208 702 3262 καὶ
745 3207 1088 3277 κληρονόμον
1143 3205 1355 3275 ταύτην
1405 3205 1550 3270 ἐξειν
1604 3207 1936 3276 ἡγούμενος·

347 3304 497 3372 τάχα
527 3319 629 3355 που
653 3301 750 3356 καὶ
780 3303 861 3364 είς
891 3301 952 3352 τὸ
985 3299 1131 3369 ἱερὸν
1158 3299 1504 3370 προσφοιτῶν
1533 3299 1642 3354 ἀπὸ
1682 3303 1782 3370 τῆς
1811 3315 1942 3353 παι-

349 3397 442 3458 δὸς
477 3395 760 3464 ἀπήρχετο
782 3392 891 3446 τῶν
923 3392 1123 3462 εὐχῶν.
1158 3391 1309 3474 ξύτη
1339 3392 1434 3445 τοῦ
1473 3392 1672 3461 φύντος
1709 3393 1943 3460 εὐαγγε-

350 3489 606 3542 λισθεῖσα
636 3489 705 3540 τά
728 3486 988 3556 τρόπαια,
1015 3488 1110 3540 καὶ
1129 3488 1303 3556 χαρᾶς
1329 3485 1766 3554 ὐποπλησθεῖσα,
1792 3485 1944 3549 ἐξαν-

355 3583 572 3634 ίσταται
607 3579 751 3649 μάλα
783 3579 1023 3648 γοργῶς,
1056 3580 1148 3632 καὶ
1173 3577 1465 3646 νυμφικῶς
1497 3577 1699 3647 ἑαυτὴν
1725 3577 1941 3648 κοσμή-

354 3691 526 3733 σατα,
555 3672 734 3735 ἐξεισικ
753 3671 849 3723 τοῦ
881 3671 1149 3741 θαλάμου,
1177 3670 1398 3724 πάντων
1453 3670 1578 3732 τούς
1627 3669 1944 3740 ὀφθαλμοὺς

351 3765 433 3836 τῷ
468 3761 659 3816 κάλλει
691 3759 1055 3830 ἐπισπωμένη
1094 3760 1229 3829 πρὸς
1257 3758 1481 3828 ἑαυτήν.
1527 3755 1941 3826 Ἐπιταχύνασα

354 3854 454 3912 οὐν
483 3854 583 3925 τὴν
618 3854 849 3924 πορείαν
871 3853 1068 3924 πρώτη
1093 3851 1170 3922 τῷ
1202 3851 1374 3922 πατρὶ
1390 3849 1670 3921 δυστυχῶς
1698 3849 1940 3919 ἀπαντᾷ,

2027 460 2180 515 Deo:
2216 476 2234 510 ι
2266 457 2612 526 Qtttecunque
2661 457 2806 523 vovi,
2831 457 3052 513 reddam
3107 457 3203 512 tibi
3233 457 3300 522 ⁷⁸,
3347 475 3368 510 ι
3423 468 3477 513 et
3525 460 3590 514 de

2025 548 2219 619 Jephte
2273 551 2614 606 sacriﬁcante
2658 549 2821 603 liliam
2888 564 3060 606 sacrze
3123 547 3342 606 Littera:
3413 551 3592 605 dicunt

2006 643 2244 708 ’fecisse,
2274 642 2412 696 sicut
2446 632 2670 697 voverat
2699 643 2766 695 τ’.
2797 641 2902 696 Sed
2969 642 3094 712 quid
3121 646 3256 696 alter
3282 644 3343 696 ad
3372 643 3598 697 alterunt

2028 749 2131 790 ora
2159 735 2495 798 obvertistis,
2520 743 2575 788 et
2609 735 2898 804 supercilia
2946 735 3332 790 contraxistis?
3393 735 3572 807 signili

2029 829 2186 893 catis,
2224 837 2282 882 ut
2319 828 2578 894 arbitror,
2614 827 2894 882 historiam
2937 826 3224 897 ignorare;
3265 828 3356 882 sed
3410 844 3603 896 qnam-

2030 920 2114 975 vis
2138 919 2259 987 ejus
2289 920 2531 975 narratio
2565 935 2668 974 non
2697 920 2968 990 pertineat
3006 920 3068 971 ad
3123 922 3454 987 propositum
3515 938 3604 974 ar-

1921 1073 1930 1078 ,
2027 1020 2362 1082 gumentum,
2429 1021 2611 1067 tamen
2687 1010 3070 1079 compendium
3134 1011 3313 1065 verbis
3381 1011 3602 1076 faciens,

2027 1104 2234 1160 cursim
2265 1118 2384 1160 eam
2405 1103 2560 1158 vobis
2597 1117 2887 1174 exponam.
3197 1145 3201 1154 .

2100 1195 2296 1268 Jephte
2317 1197 2398 1251 vir
2425 1195 2732 1252 Galaadites
2768 1195 2869 1249 l'uit
2907 1204 3004 1250 :ct
3045 1209 3350 1265 quanquam
3391 1211 3455 1252 ex
3497 1213 3610 1252 ma-

2035 1296 2116 1344 tre
2146 1288 2434 1344 meretrice
2461 1299 2638 1357 natus,
2682 1287 2880 1356 pietate
2942 1296 3120 1343 tamen
3177 1298 3230 1342 et
3289 1288 3608 1346 fortitudine

2030 1378 2342 1451 prmstabat.
2369 1377 2651 1450 Hicjudex
2682 1381 2773 1433 toti
2805 1378 3006 1450 populo
3039 1388 3288 1450 praeerat.
3326 1380 3495 1438 Porro
3514 1397 3612 1451 per

2033 1470 2086 1526 id
2112 1480 2322 1540 tempus
2353 1470 2586 1525 Ammon
2613 1471 2909 1542 alienigena
2964 1472 3256 1542 subegerat
3308 1470 3604 1528 lsraelem:

2035 1569 2197 1634 atque
2232 1563 2285 1617 in
2315 1578 2539 1634 magnas
2561 1565 2839 1632 angustias
2869 1563 3100 1619 deducta
3130 1580 3218 1620 res
3254 1563 3607 1620 Hebraeorum

2033 1662 2174 1729 erat.
2205 1653 2518 1724 Alienigena
2543 1668 2672 1708 vero
2710 1654 2797 1708 ille
2820 1654 3041 1709 victoria
3093 1655 3267 1710 elatus
3314 1655 3611 1711 insolesce—

2036 1743 2381 1816 batuJephte
2430 1746 2592 1817 igitur
2625 1760 2851 1816 magnas
2909 1746 3090 1816 capias
3147 1759 3368 1802 coaetas
3421 1760 3607 1803 contra

2035 1836 2253 1894 hostem
2282 1838 2450 1900 ducit.
2489 1854 2548 1892 ac
2591 1853 2907 1910 progressus
2934 1839 2987 1894 in
3024 1840 3194 1895 aciem
3232 1849 3415 1894 votum
3465 1844 3613 1896 vovit

2034 1927 2168 1994 Deo,
2208 1943 2313 1984 non
2337 1929 2469 1984 satis
2500 1930 2661 1983 verba
2691 1929 3043 1986 considerans
3067 1930 3204 2001 (71),
3262 1931 3324 1990 si.
3373 1931 3611 1987 hostium

2035 2026 2322 2094 potiretur,
2363 2025 2677 2095 quicunque
2720 2025 2929 2096 primus
2983 2039 3235 2093 egressus
3290 2025 3450 2082 domo
3507 2027 3609 2080 sibi

2035 2135 2066 2176 e
2093 2119 2236 2176 bello
2268 2129 2562 2176 revertentt
2588 2122 2906 2190 procederet
2930 2121 3170 2188 obviam,
3202 2137 3326 2178 eum
3369 2121 3613 2178 victoria:

2037 2212 2248 2266 auctori
2274 2210 2384 2266 Deo
2416 2211 2470 2266 in
2500 2210 2876 2266 holocaustum
2905 2227 2933 2264 a
2965 2226 3026 2268 se
3069 2211 3431 2269 oﬂ'erendnm.
3485 2211 3612 2268 Vin-

2038 2302 2177 2356 citur
2206 2316 2336 2374 ergo
2362 2303 2614 2369 Ammon,
2668 2309 2830 2372 atque
2869 2299 3038 2358 Israel
3082 2311 3306 2358 strenue
3352 2319 3467 2359 rem
3523 2319 3618 2374 ge-

2035 2407 2184 2460 rens,
2207 2409 2272 2450 ac
2293 2407 2627 2464 persequens
2653 2393 2862 2464 pradas
2889 2397 2998 2465 agit
3024 2411 3039 2449 :
3081 2402 3135 2448 et
3157 2394 3265 2449 dux
3306 2393 3534 2452 victoria
3561 2406 3614 2452 et

2038 2486 2250 2556 spoliis,
2277 2493 2335 2540 ut
2372 2501 2472 2556 par
2499 2497 2640 2550 erat.
2667 2486 2995 2555 conspicuus
3027 2485 3188 2542 redit.
3221 2487 3298 2541 Ac
3335 2488 3525 2543 civitas
3549 2488 3617 2544 de

2037 2581 2315 2652 triumpho
2351 2581 2549 2637 certior
2585 2581 2723 2636 facta
2749 2577 2918 2635 eﬂ‘usa
2939 2589 3023 2634 est
3073 2581 3251 2634 omnis
3318 2580 3369 2634 in
3421 2593 3615 2636 occur-

2045 2686 2188 2739 sum,
2216 2671 2398 2728 choris
2447 2685 2513 2728 ac
2568 2670 2838 2743 tympanis
2887 2669 3078 2725 ducem
3129 2672 3196 2725 ad
3263 2669 3456 2726 cmlum
3509 2671 3617 2726 tol-

2043 2763 2190 2820 lens.
2255 2763 2524 2820 Caeterum
2588 2763 2796 2834 reliqua
2850 2763 3093 2818 narratio
3160 2763 3400 2817 continet
3463 2763 3618 2819 triste

2042 2855 2296 2926 quiddam
2334 2855 2600 2910 :liliolam
2627 2853 2822 2926 Iephte
2859 2855 3101 2921 unicam,
3155 2862 3210 2910 et
3267 2853 3448 2925 specie
3486 2854 3620 2910 insi-

2041 2960 2227 3018 gnem,
2253 2961 2319 3002 ac
2349 2947 2552 3018 nuptiis
2575 2945 2686 3016 jam
2719 2954 2988 3001 maturam
3013 2945 3265 3001 habebat.
3293 2945 3349 3001 In
3374 2947 3486 3018 ipsa
3508 2962 3618 3002 una

2043 3053 2167 3109 spes
2194 3055 2320 3096 suas
2347 3040 2586 3112 agitabat
2612 3049 2784 3111 pater,
2813 3053 2976 3110 quam
3011 3049 3066 3096 et
3092 3055 3260 3105 genus
3297 3049 3624 3111 propagatu-

2045 3147 2179 3197 ram,
2204 3141 2257 3187 et
2283 3132 2653 3188 bacredilatem
2679 3131 2932 3186 inituram
2965 3130 3256 3201 cogitabat.
3289 3130 3352 3185 Et
3374 3130 3622 3188 fortassis

2042 3223 2107 3276 ad
2144 3223 2401 3294 templum
2449 3238 2570 3278 cum
2623 3222 2940 3289 ventitaret,
2985 3231 3110 3278 vota
3174 3222 3556 3294 auspicabatur
3589 3239 3620 3278 a

2043 3314 2173 3370 lilia.
2211 3314 2334 3370 Ilaec
2365 3317 2430 3370 de
2453 3314 2694 3385 parentis
2725 3313 2942 3384 tropaeis
2980 3312 3158 3368 laetum
3208 3312 3458 3368 nuntium
3499 3328 3622 3369 cum

2047 3407 2366 3476 accepisset,
2415 3407 2610 3477 gaudio
2651 3405 2889 3462 delibuta
2939 3405 3194 3460 ocissime
3266 3405 3498 3476 prosilit,
3568 3415 3626 3460 et

2043 3515 2256 3570 sponsa:
2286 3500 2389 3554 ritu
2425 3509 2681 3555 exornata
2718 3515 2748 3555 e
2799 3499 3034 3554 thalamo
3061 3497 3336 3569 egreditur
3380 3498 3623 3555 omnium

2046 3595 2098 3647 in
2123 3607 2182 3647 se
2215 3592 2284 3646 ob
2315 3591 2775 3660 pulchritudinem
2801 3591 2991 3647 oculos
3020 3599 3264 3646 vertens.
3302 3592 3475 3663 Igitur
3522 3591 3626 3648 iter
3675 3577 3678 3584 ’

2047 3682 2361 3737 accclerans
2392 3681 2632 3736 omnium
2671 3681 2845 3751 prima
2877 3681 3088 3752 parenti
3124 3681 3412 3739 infeliciter
3439 3697 3629 3738 occur-

2047 3777 2230 3840 rit;et
2271 3788 2394 3829 cum
2447 3773 2755 3829 reverentia
2810 3771 3168 3844 ﬂagrantique
3231 3771 3427 3828 allecto
3484 3772 3623 3828 collo

2045 3867 2160 3936 ejus
2191 3867 2474 3936 implicito,
2496 3866 2869 3937 gratulationis
2894 3865 3057 3920 verba
3101 3865 3358 3920 emittens
3417 3864 3628 3922 salvere

285 3944 296 3952 ’
353 3953 450 4006 καὶ
477 3950 855 4023 περιϐαλοῦσα
893 3950 986 4002 τὸν
1017 3948 1222 4017 αὐχένα
1250 3947 1370 4016 μετ’
1405 3946 1613 4013 αἰδοῦς,
1649 3947 1746 4001 καὶ
1770 3947 1937 4001 πόθου

2044 3959 2285 4032 iubebat.
2327 3957 2407 4012 Ad
2441 3960 2553 4013 haec
2580 3955 2771 4026 Iephte
2799 3955 3094 4026 ingemuit;
3134 3966 3208 4018 et,
3239 3953 3334 4010 llei
3363 3955 3514 4020 mihi,
3543 3954 3630 4010 in-

357 4041 566 4115 θερμοῦ
595 4042 986 4113 κατησπάζετο
1027 4039 1426 4111 χαριστηρίους
1465 4041 1689 4109 ἀφιεῖσα
1729 4039 1941 4109 φωνάς.

354 4139 502 4208 Πρὸς
531 4135 706 4190 ταῦτα
728 4134 982 4202 όἸεφθάε
1003 4131 1292 4202 ἀνῴμωξε,
1319 4133 1440 4198 καὶ,
1475 4131 1659 4202 Οῐμοι,
1678 4129 1942 4202 θύγατερ,

355 4227 540 4290 εἶπεν,
604 4229 688 4282 ὅτι
756 4243 815 4280 σε
881 4225 1216 4279 καταθύσειν
1246 4224 1507 4296 ηὐξάμην
1562 4223 1704 4294 Θεῷ.
1767 4223 1942 4289 Είδέ,

2045 4052 2184 4122 quit,
2217 4049 2344 4110 lilia.
2387 4047 2530 4118 quod
2568 4045 2678 4103 Deo
2695 4054 2750 4103 te
2779 4047 2902 4103 vovi
2933 4046 3338 4102 immnlandam.
3372 4045 3476 4102 Sed
3501 4047 3625 4101 ltei!

2049 4141 2176 4196 audi
2213 4139 2438 4208 virginis
2485 4139 2734 4208 ingenua:
2763 4151 2975 4200 vocem,
3005 4145 3062 4192 et
3121 4137 3360 4207 pulchre
3401 4151 3629 4208 genero-

2049 4245 2138 4286 sos
2165 4229 2385 4299 spiritus
2411 4221 2695 4285 considera
2710 4227 3006 4299 paululum.
3033 4225 3144 4298 96
3165 4226 3347 4282 Primo
3377 4240 3489 4281 rem
3519 4234 3629 4281 tam

355 4325 594 4378 ἄκουσον
629 4317 890 4388 εὐγενοῦς
945 4317 1219 4389 παρθένου
1276 4315 1650 4388 φωνῆςσάλλ’
1705 4315 1937 4370 ἐνταῦθα

2051 4319 2384 4390 inopinatam
2407 4320 2632 4374 audiens
2663 4331 2902 4374 maerore
2935 4327 3077 4373 tacta
3112 4325 3196 4373 est
3235 4333 3250 4371 :
3284 4327 3406 4388 post
3443 4333 3500 4372 sc
3547 4317 3632 4388 ip-

359 4415 561 4466 σκόπει
617 4387 716 4482 μοι
742 4408 965 4478 εὐγενὲς
1003 4387 1261 4477 φρόνημα
1301 4407 1574 4479 παρθένου
1606 4407 1798 4478 καλῆς.
1834 4407 1937 4462 Μι-

2051 4387 2166 4468 sam
2201 4411 2438 4481 collegit,
2484 4419 2562 4476 et,
2611 4409 2758 4466 omni
2790 4389 2904 4466 a‘se
2937 4423 3170 4466 excusso
3210 4387 3427 4472 timore,
3464 4387 3633 4464 totam

356 4504 493 4574 xp6v
529 4502 981 4570 ἐπιστυγνάσασα
1001 4500 1078 4570 τῷ
1104 4499 1402 4570 παραλόγῳ
1422 4498 1522 4569 τῆς
1548 4499 1720 4569 ἀκοῆς
1747 4498 1948 4552 ἀνέλα-

357 4597 456 4648 6εν
485 4593 706 4665 ἑαυτὴν,
733 4592 831 4646 καὶ
850 4593 1034 4645 πᾶσαν
1057 4589 1262 4644 δειλίαν
1279 4590 1338 4656 ἐξ
1355 4590 1555 4660 ἐαυτῆς
1579 4589 1944 4657 ἐκϐάλλουσα,

356 4691 458 4754 ὅλη
490 4688 586 4742 τοῦ
619 4686 896 4758 πατρικοῦ
941 4687 1250 4758 θελήματος
1284 4685 1518 4755 γίνεται.
1580 4685 1864 4756 ’Δγχουσα
1891 4684 1950 4739 δέ

358 4784 430 4835 τά
459 4783 674 4850 δάκρυα
728 4780 835 4833 τῶν
875 4777 1173 4848 ὀφθαλμῶν
1233 4776 1622 4847 ἐπιγενόμενα,
1655 4770 1744 4828 οἷα
1775 4775 1834 4830 δέ
1863 4793 1950 4839 τις

361 4873 583 4946 είαρινὴ
628 4871 808 4946 ἀηδὼν
862 4870 1063 4924 αἴλινον
1098 4869 1380 4941 μυρομένη
1411 4867 1576 4940 ᾠδὴν,
1608 4867 1794 4940 ἡρέμα
1838 4883 1954 4931 πως

362 4969 577 5036 ἔφασκε
632 4965 711 5034 τῷ
775 4965 984 5034 πατρί’
1020 4963 1225 5031 Πάτερ,
1259 4962 1308 5013 εί
1345 4963 1404 5014 ἐν
1445 4960 1570 5030 ἐμοὶ
1621 4957 1840 5029 ἧνοιξας
1891 4958 1953 5013 :6

433 5087 480 5117 "
505 5082 658 5138 Jonas
684 5097 782 5149 xu,
809 5079 895 5135 10.
984 5078 1177 5136 "Jud.
1213 5093 1325 5142 ut,
1364 5077 1459 5134 39.

2053 4520 2114 4561 se
2167 4505 2408 4577 parentis
2458 4504 2724 4559 voluntati
2804 4503 3070 4574 permisit.
3150 4501 3447 4574 Lacrymas
3505 4517 3634 4558 vero

2053 4613 2120 4654 ex
2167 4599 2340 4654 oculis
2402 4599 2705 4668 reprimens
2761 4597 2873 4669 jam
2915 4605 3290 4668 erumpentes;
3351 4604 3406 4651 et
3455 4595 3632 4666 qualis

2054 4703 2224 4744 verno
2248 4697 2489 4760 tempore
2515 4689 2744 4744 luscinia
2785 4688 2902 4760 (72)
2941 4687 3153 4759 lugubri
3203 4684 3474 4741 cantilena
3533 4685 3633 4741 de-

2055 4781 2275 4851 plorans
2311 4781 2518 4851 placide
2541 4791 2750 4851 patrem
2795 4789 2876 4837 est
2921 4780 3155 4835 allocuta
3189 4793 3204 4832 :
3255 4775 3435 4844 Pater,
3473 4776 3517 4830 si
3575 4775 3632 4832 in

2056 4886 2236 4927 meum
2286 4881 2450 4943 caput
2503 4887 2565 4927 os
2607 4882 2757 4927 tuum
2808 4869 3040 4926 Domino
3094 4868 3380 4939 aperuisti,
3437 4867 3637 4938 perﬁce

2056 4961 2327 5031 quomodo
2357 4973 2542 5020 votum
2572 4959 2898 5033 nuncupaati
2929 4967 3103 5015 tuum.
3156 4955 3280 5026 Quo
3327 4968 3486 5031 pacto
3547 4956 3630 5013 af-

1606 5144 1936 5208 Francisci
1973 5145 2186 5210 Seorsi
2215 5152 2404 5209 nota.

331 5283 333 5285 ’
439 5277 555 5344 (71)
601 5272 720 5327 Νυη
767 5275 896 5326 satia
949 5273 1102 5344 verba
1156 5267 1519 5344 considerans.
1571 5266 1946 5344 Temerarium

365 5336 547 5420 igitur,
573 5345 983 5420 anhte‘votum
1025 5341 1219 5420 fuisse
1244 5343 1324 5392 his
1375 5339 1554 5420 verbis
1591 5336 1833 5418 insinuat
1865 5339 1952 5420 hic

367 5408 557 5480 Fater,
583 5408 875 5482 ct'qnident
905 5427 1049 5474 vere,
1077 5415 1220 5478 quod
1243 5409 1483 5482 ostendit»
1513 5408 1741 5482 Suarins
1760 5417 1952 5482 noster

368 5506 504 5545 tvm.
544 5477 598 5540 ’11
638 5477 710 5538 De
759 5486 1029 5552 religione,
1080 5477 1172 5532 lib.
1209 5495 1267 5540 ll,
1311 5494 1433 5552 cap.
1469 5479 1558 5540 l0,
1604 5479 1692 5531 ubi
1851 5477 1953 5530 hoc

366 5559 625 5617 stthtilius
655 5545 875 5624 ιμιξειηιῖ
897 5554 1133 5624 Habetnr
1161 5552 1216 5624 id
1248 5551 1411 5601 etiam
1445 5563 1506 5600 ex
1536 5555 1724 5600 sancto
1757 5545 1949 5598 lliern-

368 5645 560 5703 nytno,
595 5620 688 5680 ιιι›;
721 5643 734 5679 ι
767 5626 963 5676 (ζοηιηι
995 5620 1332 5703 Ιοινξιιὶημαηι
1359 5657 1396 5703 ,1
1425 5634 1614 5703 parum
1643 5627 1806 5703 ‘allle.
1838 5630 1950 5696 tne-

367 5685 663 5763 diuttt,'ubi
690 5693 1109 5762 aitrcprebendi
1134 5691 1348 5744 solitum
1374 5686 1567 5754 Jephte
1605 5691 1674 5743 ab
1714 5685 1954 5742 llcbt‘a’is

752 5791 1028 5850 PATROL.
1064 5786 1182 5848 GR.
1223 5781 1538 5843 CXXXII.

2056 5268 2166 5321 voti
2203 5263 2478 5320 temerarii
2517 5281 2530 5318 :
2562 5263 2698 5318 Nam
2725 5264 2772 5316 si
2797 5262 2967 5327 canis,
2988 5257 3270 5330 inquiunt.
3300 5258 3638 5330 occurrisset,

2057 5339 2102 5390 ai
2133 5337 2339 5400 asinus,
2380 5336 2506 5402 quid
2532 5335 2722 5402 facere!
2743 5333 2768 5386 7
2793 5344 2848 5389 et
2871 5326 3150 5401 subiungit
3175 5346 3190 5384 :
3216 5326 3300 5402 Ea:
3317 5343 3420 5398 quo
3453 5329 3639 5382 volunt

2057 5398 2450 5473 dispensatione
2487 5398 2581 5457 Dei
2615 5403 2840 5471 factum,
2864 5413 2918 5454 ut
2953 5398 3042 5471 qui
3071 5398 3372 5473 imperfecte
3401 5412 3636 5473 voverat,

2057 5469 2288 5528 errorem
2325 5476 2424 5528 rati
2457 5477 2508 5528 in
2541 5469 2665 5541 ﬁlim
2694 5487 2856 5527 morte
2898 5469 3134 5528 sentiret.
3175 5469 3298 5541 llaec
3321 5483 3396 5541 ex
3451 5469 3640 5523 Hiero-

2060 5560 2242 5615 Itytno.
2275 5545 2416 5598 Idem
2451 5538 2612 5612 igitur
2645 5546 2728 5598 -de
2775 5546 2875 5598 hoc
2922 5542 3245 5615 volosentit
3281 5538 3365 5615 hic
3424 5549 3640 5605 auctor,

2057 5608 2181 5670 cum
2215 5631 2336 5669 cum
2370 5608 2637 5668 non-satas
2670 5619 2830 5669 verba
2869 5611 3168 5681 dispexisse
3200 5608 3351 5660 dicit.

2129 5685 2246 5756 (7‘2)
2276 5683 2444 5740 Vento
2469 5694 2703 5754 tempore
2720 5685 2940 5732 Imrim’a
2959 5679 2969 5681 “
2995 5681 3122 5735 Vtile
3147 5679 3270 5730 110111
3287 5721 3296 5732 .
3315 5695 3389 5744 Vl,
3409 5690 3524 5735 not.
3552 5681 3634 5734 Η.

3168 5771 3245 5829 12
