3974 6200
432 308 539 374 367

1569 359 1574 366 .
1640 279 2137 365 THEOPHANIS
2177 299 2521 364 CERAMEI

3595 287 3702 358 36B

431 423 783 479 vantissimns
809 419 938 491 legis
966 426 1106 473 esset
1143 415 1167 470 ?
1193 415 1448 473 Videmus
1477 429 1603 473 vero
1634 417 1796 470 etiam
1824 429 2023 469 mrum-

2131 431 2229 484 μεν
2266 412 2323 466 δὲ
2355 413 2448 466 καὶ
2494 411 2609 479 τὸν,
2643 407 2913 463 πολύτλαν
2949 422 3156 462 εκεινον
3189 405 3312 460 Ἰὼϐ
3347 405 3404 460 ὲν
3440 409 3508 478 τῇ
3565 404 3702 476 πρδς

433 531 624 571 nosum
676 514 825 568 illttm
888 509 997 565 Job‘
1039 511 1090 564 in
1125 510 1487 580 disputatione
1512 523 1631 563 eum
1665 506 2009 579 regibus(79)

435 607 642 670 habita,
681 605 850 658 multa
897 601 1218 683 gloriantem
1259 615 1362 656 non
1392 599 1724 671 vituperari;
1767 600 1854 655 hic
1885 612 2012 653 vero

431 697 738 750 damnatur.
787 691 954 765 Cujus
1006 693 1082 748 rei
1131 693 1248 748 haec
1293 691 1430 746 ratio
1460 701 1564 754 est,
1604 691 1747 761 quod
1794 698 2014 744 sanctus

435 783 652 855 quidem
700 792 753 838 et
784 783 967 852 justus
1009 780 1112 838 Job
1152 797 1274 838 cum
1332 790 1480 836 recte
1516 780 1684 835 multa
1729 780 2010 850 gessisset,

435 891 662 949 quisque
701 875 812 932 Deo
855 886 1098 945 accepta,
1149 885 1202 932 et
1237 875 1341 946 ipsi
1377 873 1557 946 glorias:
1594 872 1831 938 fuerant,
1874 888 2014 928 nun-

436 986 594 1040 quam
631 970 779 1024 visus
822 977 906 1024 est
946 984 1006 1023 ea
1043 969 1277 1037 gloriose
1328 968 1646 1036 prmdicare,
1681 969 1772 1022 sed
1809 981 2013 1038 praero-

438 1063 650 1134 gativas
692 1077 819 1116 suas
863 1061 1101 1116 occultas
1135 1061 1342 1116 habuit.
1381 1059 1513 1116 Cum
1555 1075 1703 1125 vero,
1736 1061 1824 1129 qui
1869 1059 2015 1113 vide-

434 1156 637 1210 bantur
664 1153 844 1217 amici,
889 1153 1229 1208 inimicorum
1259 1154 1308 1207 in
1337 1153 1553 1206 modum
1597 1152 1672 1205 illi
1712 1152 2014 1221 exprobra-

434 1244 588 1307 hant,
620 1254 675 1298 et
711 1244 828 1300 sine
872 1243 978 1297 ulla
1016 1243 1387 1297 misericordia
1437 1242 1913 1297 ealmnniabantur
1943 1240 2014 1306 ⁸ο,

438 1336 760 1408 arundinem
803 1343 1116 1408 quassatam
1155 1333 1580 1404 confringentes,
1632 1343 1684 1388 et
1728 1335 2015 1387 semimor-

439 1407 587 1479 tuum
643 1425 985 1480 sermonibus
1040 1423 1154 1495 98
1200 1425 1312 1479 suis
1368 1424 1745 1488 dilacerantcs,
1804 1438 1869 1476 ex
1926 1422 2017 1476 illo

439 1519 846 1573 criminationes
875 1517 1251 1572 strenuissime
1284 1514 1533 1570 refellere
1564 1515 1793 1584 occepit,
1832 1525 1886 1567 et
1913 1514 2016 1567 im-

438 1621 728 1679 portunum
783 1625 970 1682 eorum
1023 1609 1280 1679 impetum
1328 1607 1691 1677 reprehendit,
1732 1607 1804 1660 ita
1853 1614 1932 1671 ut,
1971 1605 2017 1659 si

428 1718 540 1770 qua
575 1704 627 1756 in
665 1701 949 1772 gloriando
979 1700 1202 1755 suberat
1235 1699 1416 1770 culpa,
1443 1698 1560 1768 ejus
1594 1697 1814 1752 obnoxii
1848 1700 2017 1767 magis

2113 504 2238 568 τοὺς
2268 501 2510 573 βασιλεῖς
2538 498 2797 567 διαλέξει,
2833 500 2917 552 ὅτι
2963 497 3137 551 πολλὰ
3179 497 3609 568 καυχησάμενος
3638 499 3700 552 οὗ

2116 592 2535 663 κατακρίνεται,
2565 585 2723 654 οὗτος
2752 591 2808 645 δὲ
2866 589 3251 645 ὑπευθύνεται.
3294 589 3514 662 Ἐπειδὴ
3545 589 3577 642 6
3604 591 3705 660 μὲν

2115 678 2271 754 ἃγιος
2319 683 2414 736 καὶ
2445 681 2654 745 δίκαιος
2695 681 2847 747 Ἰὼϐ,
2891 680 2961 734 τὰ
2995 680 3193 734 εὐκλεῆ
3231 679 3326 734 καὶ
3371 681 3494 752 Θεῷ
3545 683 3707 736 ἀνδαο

2115 790 2277 828 νοντα
2327 771 2630 842 κατορθῶν,
2679 771 2938 824 οὐδέποτε
2971 770 3226 840 φαίνεται
3253 771 3704 843 καυχησάμενος,

2116 864 2233 918 an?
2287 863 2526 932 ἔκρυπτε
2565 863 2634 914 τὰ
2673 863 2849 915 οἰκεῖα
2887 861 3380 933 πλεονεκτήματα·
3425 865 3620 934 ἐπειδὴ
3649 849 3710 918 δὲ

2117 957 2167 1008 οἱ
2202 955 2493 1019 δοκοῦντες
2523 955 2669 1024 φίλοι
2698 954 2978 1018 ὠνείδιζον
3005 955 3422 1026 ἔχθροπρεπῶς,
3455 958 3552 1011 καὶ
3575 975 3711 1010 κατ-

2119 1049 2354 1119 ηγόρουν
2393 1048 2736 1118 ἀσυμπαθῶς
2772 1047 3021 1117 κάλαμον
3058 1049 3529 1119 συντετριμμένον
3569 1067 3709 1104 κατ-

2118 1141 2438 1211 εαγνύντες,
2493 1141 2589 1194 καὶ
2635 1139 2910 1211 ἡμιθνῆτα
2974 1143 3088 1204 τοῖς
3143 1139 3323 1208 λόγοις
3377 1141 3712 1204 αἰκίζοντες,

2118 1235 2239 1288 τότε
2273 1233 2461 1286 λοιπὸν
2480 1231 2774 1286 ἀποδύεται
2806 1233 2875 1285 τὰ
2896 1233 3222 1303 ἐγκλήματα
3245 1233 3388 1303 μάλα
3411 1234 3714 1302 γενναίως,

2119 1325 2214 1378 καὶ
2239 1323 2337 1394 τὴν
2362 1323 2596 1394 ἄκαιρον
2632 1324 2812 1377 αὐτῶν
2833 1324 3046 1395 ἐλέγχει
3079 1327 3422 1396 καταφορὰν,
3452 1325 3619 1388 ὥστε,
3665 1327 3720 1380 εῐ

2119 1433 2205 1478 τις
2231 1417 2381 1470 αἰτία
2410 1418 2513 1485 τῆς
2537 1416 2884 1486 καυχήσεως,
2925 1417 3101 1486 ἔνοχοι
3137 1417 3342 1485 μᾶλλον
3373 1420 3420 1470 οἱ
3457 1417 3533 1488 μὴ
3564 1418 3717 1471 δεόν-

2118 1525 2227 1570 τως
2263 1508 2767 1578 κατηγορήσαντες.
2812 1507 2870 1560 Ὀ
2900 1508 3201 1579 Φαρισαῖος
3221 1508 3298 1572 δὲ,
3338 1508 3569 1578 μηδενδς
3591 1513 3718 1579 ὲρε-

2123 1599 2387 1665 θῐζοντος,
2429 1599 2889 1671 ἀπηυθαδιάςετο,
2914 1601 3134 1655 πάντων
3167 1602 3359 1654 ἑαυτὸν
3392 1602 3709 1672 προτιθεὶς,

2121 1692 2234 1744 οὐδ’
2266 1691 2671 1760 ἐπιγινώσκων,
2711 1691 2764 1744 τί
2797 1691 2940 1744 κατὰ
2969 1691 3134 1760 φύσιν
3166 1691 3469 1762 ἐτύγχανεν
3500 1691 3598 1748 ὢν.
3651 1693 3716 1746 ΕΞ

439 1804 646 1856 essent,
697 1794 788 1862 qui
843 1792 1115 1846 immerito
1151 1791 1225 1846 illi
1266 1791 1662 1845 obtrectabant.
1712 1789 2016 1843 Pharismus

2128 1785 2230 1855 γὰρ
2259 1784 2515 1853 ἐγνώκει,
2553 1785 2636 1838 ὃτι
2667 1785 2958 1853 ἄνθρωπος
2983 1779 3073 1856 ἦν,
3131 1785 3347 1849 πάντως
3373 1784 3438 1838 ἂν
3464 1786 3582 1856 ᾔδει
3620 1786 3719 1838 καὶ

439 1902 589 1951 vero,
616 1885 833 1940 nemine
862 1885 1184 1952 lacessente,
1204 1885 1398 1955 agebat
1422 1883 1740 1946 insolenter,
1769 1881 2022 1936 omnibus

440 1993 499 2033 se
540 1978 716 2048 ipsum
761 1991 1105 2047 prmponens,
1137 1991 1332 2045 neque,
1368 1975 1497 2046 quid
1531 1983 1676 2030 esset
1715 1974 1891 2042 quoad
1923 1987 2022 2026 na-

442 2079 640 2134 turam,
669 2070 1017 2140 agnoscebat.
1053 2068 1109 2122 Si
1137 2067 1281 2121 enim
1317 2067 1584 2122 hominem
1607 2082 1665 2120 se
1692 2075 1876 2119 natum
1904 2078 2026 2120 esse

439 2168 763 2230 reputasset,
794 2160 1018 2215 omnino
1063 2170 1273 2213 natura:
1307 2157 1584 2212 ntiseriatn
1623 2158 2021 2223 intellexisset;

438 2254 582 2324 quod
610 2252 726 2307 ﬁeri
757 2267 865 2306 non
899 2251 1090 2322 possit,
1121 2259 1180 2304 ut
1208 2250 1370 2304 homo
1399 2264 1566 2319 purus
1592 2265 1621 2303 a
1644 2249 1893 2303 sordibus
1927 2249 2015 2314 sit,

440 2344 654 2399 etiamsi
709 2345 870 2398 unius
898 2343 1001 2399 diei
1049 2343 1118 2400 sit
1155 2341 1280 2409 ejus
1332 2341 1467 2407 vita,
1501 2351 1562 2396 ut
1606 2355 1760 2396 sacra
1802 2339 2025 2408 Eloquia

443 2436 639 2490 docent
691 2435 804 2508 (80)
841 2436 910 2491 δ’.
943 2433 1078 2502 Quis
1107 2435 1248 2490 enim
1305 2443 1412 2488 tam
1449 2434 1721 2498 excelsus,
1759 2441 1866 2485 tant
1915 2431 2024 2484 alta

442 2537 624 2581 mente
689 2537 854 2596 atque
899 2525 1125 2581 consilio
1153 2541 1182 2580 a
1211 2533 1401 2580 natura
1439 2525 1716 2594 praeditus,
1752 2532 1809 2579 ut
1852 2522 1935 2576 vel
1970 2523 2024 2576 in

443 2618 792 2688 cogitatione,
827 2618 910 2675 vel
947 2619 1002 2673 in
1038 2619 1272 2685 actione,
1308 2618 1378 2672 ab
1411 2618 1555 2672 omni
1591 2617 1760 2686 culpae
1794 2614 1913 2670 labe
1951 2615 2023 2670 sit

444 2709 616 2766 lber?
666 2711 817 2778 Quod
871 2727 1000 2768 vero
1045 2713 1217 2782 magis
1275 2712 1328 2766 in
1377 2712 1692 2767 barathrum
1747 2708 2018 2763 hominem

2119 1877 2217 1945 τὴν
2239 1876 2340 1945 τῆς
2371 1875 2589 1945 φύσεως
2625 1875 2943 1946 ἀθλιότητα,
2991 1875 3067 1938 ώς
3095 1875 3362 1929 ἀδύνατον
3420 1875 3718 1945 ἄνθρωπον

2121 1968 2229 2021 ἀπὸ
2287 1954 2462 2037 ῥύπου
2525 1965 2895 2037 καθαρεύειν,
2959 1967 3065 2020 κᾶν
3098 1967 3198 2037 μία
3224 1961 3472 2038 ἡμέραῇ
3530 1967 3566 2035 ἡ
3598 1965 3719 2038 ζωὴ

2122 2058 2309 2124 αὑτοῦ,
2335 2058 2409 2120 ὡς
2431 2057 2679 2112 διδάσκει
2711 2056 2778 2110 τὰ
2801 2056 3106 2126 Δόγια.Τίς
3144 2056 3254 2128 γὰρ
3301 2055 3477 2120 οὕτως
3508 2057 3722 2127 ὑψηλός

2123 2153 2218 2205 καὶ
2247 2151 2600 2221 μεγαλοφυὴς
2628 2151 2705 2221 τῷ
2727 2151 3060 2220 φρονήματι,
3093 2149 3170 2214 ὡς
3197 2151 3342 2204 κατά
3363 2167 3422 2204 τε
3466 2151 3722 2204 διάνοταν

2125 2248 2222 2300 καὶ
2247 2249 2449 2318 πρᾶξιν
2472 2245 2578 2312 ἔξω
2597 2245 2855 2314 γενέσθαι
2879 2246 3201 2300 παντάπασι.
3223 2246 3319 2301 τοῦ
3344 2247 3487 2301 κατὰ
3512 2248 3722 2301 κακίαν

2135 2339 2516 2409 μολύσματος;
2552 2340 2617 2392 ‘0
2639 2338 2695 2393 δὲ
2731 2337 2932 2410 μᾶλλον
2982 2339 3148 2393 αὐτὸν
3183 2339 3540 2412 ὲδαραθρωσε
3569 2339 3723 2394 τοῦτ’

2127 2425 2218 2502 ἦν,
2247 2430 2310 2483 τὸ
2344 2431 2439 2484 καὶ
2486 2430 2578 2483 τὸν
2631 2429 2875 2502 τελώνην
2903 2431 3084 2484 εἰπεῖν
3111 2430 3425 2502 δεικτικῶς⁹
3467 2450 3485 2484 ι
3517 2433 3592 2484 Ἦ
3620 2432 3722 2487 καὶ

2128 2525 2204 2587 ώς
2237 2519 2392 2586 οὗτος
2428 2525 2458 2576 ὁ
2489 2521 2750 2594 τελώνης.
2793 2543 2812 2577 ι
2847 2523 3040 2595 Πάσης
3091 2523 3200 2594 γὰρ
3232 2524 3333 2596 τῆς
3379 2525 3726 2596 οίκουμένης

2127 2615 2541 2686 ὑπερκουφὶσας
2603 2615 2800 2670 ἑαυτὸν
2846 2616 2926 2688 τῷ
2969 2616 3158 2689 πτερῷ
3199 2617 3298 2689 τῆς
3327 2617 3586 2689 οἰήσεως,
3621 2618 3728 2673 καὶ

2124 2709 2217 2763 τὸν
2247 2711 2491 2782 τελώνην
2527 2711 2910 2783 προστίθησιν.

444 2804 774 2871 deturbavit,
836 2806 965 2861 illud
1026 2805 1148 2872 fuit,
1205 2805 1348 2874 quod
1399 2805 1608 2871 signate
1655 2804 1834 2858 dixit:
1909 2821 1927 2855 ι
1971 2799 2070 2856 Vel
2142 2803 2305 2857 etiam
2358 2813 2418 2858 ut
2466 2805 2554 2858 hic
2607 2803 2970 2874 publicanus;
3020 2823 3041 2859 ι
3090 2819 3215 2861 cum
3247 2804 3391 2862 enim
3440 2821 3501 2864 se
3552 2821 3728 2880 supra

446 2916 640 2957 omnes
700 2915 838 2969 quos
872 2909 1016 2953 terra
1055 2899 1288 2956 sustinet
1329 2897 1576 2952 homines
1638 2896 1740 2952 alis
1777 2895 2042 2966 superbia:
2079 2895 2386 2961 extulisset,
2425 2897 2669 2967 adjungit
2701 2899 2864 2952 etiam
2897 2897 3263 2968 publicanum.

523 3015 542 3048 ι
582 2994 916 3048 Publicanus
949 3006 1078 3046 vero
1110 2991 1268 3060 longe
1307 3001 1480 3056 stans,
1509 3005 1684 3059 neque
1709 2989 1894 3045 oculos
1929 3003 2025 3044 vo-

447 3087 591 3142 lebat
619 3087 671 3139 in
701 3084 900 3139 emtum
939 3082 1146 3138 tollere.
1188 3101 1206 3136 ι
1239 3079 1476 3138 Observa
1505 3083 1773 3154 publicani
1807 3081 2025 3136 humili-

447 3188 612 3234 tatem
652 3196 667 3235 :
703 3175 892 3248 procul
921 3175 1068 3230 stetit
1109 3190 1211 3230 non
1241 3189 1402 3229 ausus
1430 3175 1494 3229 ad
1523 3190 1677 3229 sacra
1714 3174 1893 3244 templi
1933 3189 2028 3243 pe-

447 3271 673 3327 netralia
710 3271 989 3324 accedere.
1022 3265 1322 3322 Verebatur
1365 3268 1510 3321 enim
1541 3267 1766 3337 impuris
1800 3267 2026 3336 pedibus

449 3363 630 3433 templi
657 3361 1062 3416 sanctissimum
1094 3360 1305 3414 calcare
1335 3358 1720 3429 pavimentum,
1759 3373 1934 3428 neque
1959 3373 2025 3413 eo

449 3475 507 3514 se
541 3458 764 3528 dignum
798 3454 1159 3510 existimabat.
1199 3453 1497 3507 Verebatur
1523 3453 1682 3506 etiam
1725 3450 1792 3505 ad
1827 3451 2023 3506 cmlum

449 3550 634 3604 oculos
663 3547 871 3611 tollere,
904 3547 1100 3615 quippe
1137 3545 1228 3614 qui
1276 3546 1554 3614 degentem
1593 3542 1646 3595 in
1683 3541 1821 3597 malo
1856 3540 2025 3595 Deum

449 3649 802 3710 exasperarat
831 3655 844 3693 :
873 3621 1137 3692 didicerat
1162 3636 1418 3690 nimirum
1447 3651 1475 3688 a
1502 3633 1603 3690 Job
1627 3634 1694 3700 ⁸³,
1723 3635 1863 3703 quod
1886 3634 2027 3689 Deus

454 3735 746 3788 demissum
793 3732 966 3786 oculis
1008 3729 1257 3794 salvabit,
1313 3729 1539 3796 ideoque
1591 3740 1686 3780 eos
1722 3725 2028 3779 declinabat

453 3826 505 3879 in
533 3835 754 3886 terram,
791 3823 866 3875 uti
897 3831 948 3876 et
979 3837 1042 3875 ex
1067 3821 1252 3874 habitu
1287 3820 1402 3888 ipso
1427 3817 1692 3887 corporis,
1719 3826 1769 3871 et
1791 3831 1855 3871 ex
1884 3816 2024 3881 loco,

449 3925 504 3971 et
533 3932 597 3970 ex
630 3916 888 3985 petitione
917 3913 1196 3968 humilitas
1216 3912 1333 3980 ejus
1362 3913 1761 3966 ostenderetur.
1787 3908 2028 3964 lnsinuat

448 4007 610 4062 etiam
656 4005 912 4075 quiddam
949 4004 1114 4069 aliud,
1154 4003 1296 4074 quod
1321 4003 1521 4057 dictum
1551 4011 1637 4055 est
1668 4015 1685 4055 :
1733 4017 1751 4051 ι
1789 4001 1833 4054 Α
1874 3999 2028 4069 longe

449 4107 636 4164 stans;
677 4116 695 4149 ι
732 4097 887 4168 longe
912 4096 1119 4151 scilicet
1156 4111 1185 4149 a
1219 4094 1522 4163 perniciosa
1553 4091 1808 4147 Pharisaei
1833 4105 2026 4160 super-

449 4192 536 4244 hia
588 4190 788 4254 stabat,
837 4190 1165 4244 contrariam
1197 4198 1359 4258 atque
1405 4187 1496 4242 ille
1549 4187 1692 4240 viam
1728 4187 2025 4256 ingressus.

2203 3006 2224 3041 ι
2282 2989 2340 3041 '0
2365 2989 2421 3042 δὲ
2452 2988 2694 3062 τελώνης
2729 2991 3007 3062 μακρόθεν
3029 2990 3221 3057 ἑστὼς,
3246 2991 3347 3046 ούκ
3371 2991 3566 3064 ἤθελεν
3597 2994 3730 3050 οὐδὲ

2126 3083 2253 3144 τοὺς
2285 3081 2600 3152 ὀφθαλμοὺς
2621 3084 2700 3146 εἰς
2728 3082 2821 3138 τὸν
2859 3083 3091 3156 οὐρανὸν
3123 3084 3349 3156 ἐπᾶραι.
3383 3103 3404 3138 ι
3450 3086 3597 3157 Ὀρα
3618 3089 3730 3160 τὴν

2124 3177 2219 3231 τοῦ
2246 3177 2480 3231 τελώνου
2509 3177 2846 3232 ταπείνωσιν
2866 3193 2881 3211 ο
2910 3178 3132 3249 μακράν
3162 3195 3266 3231 που
3293 3177 3451 3249 ἔστη,
3475 3180 3551 3250 μὴ
3577 3180 3728 3253 θαρ-

2130 3271 2298 3341 ρήσας
2326 3271 2689 3343 προσεγγίσαι
2717 3271 2854 3343 πρὸς
2881 3271 2950 3324 τὰ
2981 3271 3101 3324 θεῖα
3127 3271 3408 3343 ἀνάκτορα
3427 3288 3444 3303 ο
3482 3266 3728 3345 κα-τωρσ-

2129 3362 2291 3432 ρώδει
2318 3361 2426 3434 γὰρ
2461 3363 2872 3434 κεχραμμένοις
2900 3361 3150 3433 πατῆσαι
3190 3364 3319 3417 ποσὶ
3349 3363 3412 3416 τὸ
3451 3365 3548 3418 τοῦ
3582 3364 3726 3419 ναοῦ

2128 3451 2432 3520 ἁγιώτατον
2459 3453 2707 3520 δάπεδον,
2735 3453 2886 3518 ἄξιον
2911 3455 3010 3507 οὐκ
3039 3454 3254 3526 ἔκρινεν
3279 3456 3475 3511 ἔαυτόν
3500 3472 3515 3486 ·
3549 3456 3729 3527 ηὐλα-

2127 3545 2274 3598 6εἰτο
2301 3545 2358 3598 δὲ
2392 3545 2486 3599 καὶ
2527 3546 2666 3617 πρὸς
2695 3546 2784 3599 τὸν
2814 3545 3049 3616 οὐρανὸν
3107 3546 3349 3610 ἀπιδεῖν,
3403 3545 3481 3610 ὡς
3514 3547 3610 3600 τὸν
3664 3549 3728 3602 ὲν

2125 3639 2375 3708 οὐρανοῖς
2419 3638 2846 3708 παραπικράνας
2908 3637 3082 3690 Θεόνο
3145 3637 3334 3709 ἐπειδὴ
3362 3637 3724 3709 ἐμεμαθήκει

2126 3731 2191 3782 ὲκ
2225 3729 2318 3783 τοῦ
2344 3728 2486 3792 Ἰὼϐ,
2539 3731 2622 3784 ὃτι
2661 3729 2866 3800 Κύριος
2908 3730 3335 3800 συγκεκυφότας
3389 3729 3724 3801 ὀφθαλμοὺς

2128 3820 2330 3874 σώσει·
2363 3821 2451 3873 διὰ
2472 3820 2632 3873 τοῦτο
2670 3820 2807 3890 πρὸς
2832 3819 2940 3889 γῆν
2980 3820 3254 3882 νενευκὼς
3276 3815 3368 3890 ἦν,
3403 3819 3478 3883 ὡς
3509 3823 3724 3890 ἐμφαίο

2127 3910 2313 3963 νεσθαι
2371 3909 2431 3962 τὸ
2488 3910 2745 3963 ταπεινὸν
2783 3910 2971 3974 αὑτοῦ,
3008 3913 3102 3963 καὶ
3145 3911 3210 3962 ὲκ
3261 3907 3357 3963 τοῦ
3407 3910 3722 3980 σχήματος,

2130 4005 2225 4058 καὶ
2259 4001 2355 4056 τοῦ
2379 4003 2571 4070 τόπου,
2603 4005 2700 4057 καὶ
2729 4005 2828 4074 τῆς
2859 4006 3152 4076 αἰτήσεως.
3229 4003 3524 4075 Ὑποδηλοί
3575 4006 3631 4058 δέ
3669 4026 3722 4060 τι

2129 4097 2225 4150 καὶ
2257 4096 2385 4151 ἄλλο
2409 4097 2469 4150 τὸ
2505 4114 2523 4148 ι
2565 4097 2838 4168 μακρόθεν
2862 4097 3068 4161 ἑστώς·
3117 4117 3134 4150 ι
3187 4096 3377 4168 πόρρω
3417 4099 3527 4171 γὰρ
3584 4099 3720 4170 ἔστη

2129 4181 2229 4257 τῆς
2256 4187 2587 4252 ἐπιϐλαὸοὖς
2618 4188 2712 4242 τοῦ
2734 4190 3033 4260 Φαρισαίου
3067 4191 3320 4260 οἰήσεως,
3342 4191 3439 4263 τὴν
3462 4193 3722 4247 ἐναντίαν

449 4282 543 4336 llle
575 4284 716 4337 enim
747 4297 806 4336 se
839 4283 1011 4351 ipsum
1038 4282 1210 4336 inStar
1242 4279 1404 4336 bulla:
1433 4278 1615 4333 verbis
1647 4275 1901 4343 inﬂabat;
1939 4277 2023 4331 hic

2133 4281 2344 4334 ἐκείνου
2403 4282 2626 4351 βαδίσας
2675 4283 2817 4337 ὁδόν.
2856 4283 2917 4336 Ὀ
2956 4284 3055 4352 μὲν
3110 4283 3352 4353 ὲξώγκου
3383 4261 3581 4339 ἑαυτὸν
3608 4291 3723 4350 τοῖς

452 4385 633 4428 autem
667 4388 956 4442 percussus
1001 4389 1031 4427 a
1077 4374 1410 4429 conscientia
1443 4386 1502 4428 se
1529 4370 1940 4440 comprimebat,
1974 4379 2029 4425 et

451 4466 520 4519 ob
580 4476 864 4534 peccatum
919 4466 1225 4531 contritus,
1285 4467 1510 4535 speique
1568 4465 1761 4519 baculo
1815 4464 2031 4519 innixus

519 4601 566 4632 ‘°
608 4599 799 4656 Matth.
840 4615 942 4668 xu,
981 4599 1072 4656 20.
1146 4601 1190 4633 "
1231 4598 1332 4657 Job
1373 4601 1522 4668 tv,4,
1563 4599 1713 4670 juxta
1753 4599 1917 4656 LXX.

2133 4373 2316 4442 λόγοις
2345 4373 2503 4445 δίκην
2524 4374 2897 4443 πομφόλυγος,
2923 4374 2951 4426 6
2984 4375 3042 4428 δὲ
3078 4375 3462 4429 συνεστέλλετο
3493 4377 3604 4430 ὑπὸ
3625 4378 3721 4430 τοῦ

2141 4465 2446 4529 συνειδότος
2483 4465 2889 4536 πληττόμενοςο
2939 4467 3034 4521 καὶ
3089 4468 3397 4534 συντριϐεὶς
3454 4467 3562 4522 ὑπὸ
3619 4467 3723 4536 τῆς

1995 4603 2045 4635 ⁸⁸
2081 4602 2181 4658 Job
2219 4617 2352 4668 xxtt,
2392 4602 2484 4660 29.

1696 4712 2026 4776 Francisci
2053 4715 2266 4778 Scorsi
2302 4722 2494 4777 notas.

527 4813 640 4884 (79)
681 4810 746 4868 In
774 4812 1130 4884 disparatione
1163 4826 1293 4884 cuni
1332 4809 1571 4884 regibus._
1603 4808 1704 4864 Hic
1735 4809 1884 4884 locus
1916 4809 2032 4879 ple-

449 4879 576 4937 nior
615 4879 794 4938 verbis
818 4879 902 4938 est
932 4883 985 4938 in
1013 4883 1136 4938 cod.
1177 4881 1347 4946 Gall.,
1393 4879 1520 4949 quae
1560 4880 1612 4933 in
1641 4895 1758 4949 mea
1792 4879 2031 4936 editione

457 4956 694 5017 restitui,
727 4968 1037 5024 quanquam
1072 4953 1138 5008 iis
1160 4947 1440 5024 detractis;
1463 4951 1596 5024 nihil
1631 4947 1770 5024 omei
1819 4950 2032 5024 videtur

463 5017 767 5085 sententiae,
788 5017 946 5090 prout
967 5038 1082 5078 eam
1106 5022 1326 5077 exhibet
1343 5020 1407 5076 C.
1423 5019 1485 5073 Ρ.
1507 5021 1608 5077 hoc
1635 5019 1791 5073 modo
1811 5036 1839 5090 :_
1862 5017 2033 5089 Ὀρώ-

493 5109 563 5144 st
609 5091 665 5144 δὲ
711 5088 805 5144 καῖ
849 5093 1119 5147 πολύτλαν
1153 5093 1363 5145 ἐκεῖνον
1411 5090 1534 5143 Ἰὼϐ
1574 5090 1632 5141 ὲν
1650 5093 1716 5158 τῇ
1749 5088 1883 5158 πρὸς
1908 5088 2035 5152 τοὺς

493 5110 563 5144 ,εν
609 5110 665 5144 οε
711 5110 805 5144 και
849 5110 1119 5147 πολυτλαν
1153 5110 1363 5145 εκεινον
1417 5110 1532 5143 γιωο
1574 5110 1632 5141 εν
1650 5110 1716 5158 τῃ
1749 5110 1883 5158 προς
1908 5110 2034 5152 τους

457 5110 700 5234 ἕσσιλείς
731 5162 985 5234 διαλέξει,
1017 5164 1100 5216 ὅτι
1129 5161 1302 5234 πρλλὰ
1328 5161 1744 5234 καυχήσάμενος
1774 5160 1834 5234 ού
1869 5159 2034 5234 κατα-

454 5226 723 5303 κρίνεται,
753 5226 911 5303 ουτος
929 5233 986 5284 δὲ
1016 5226 1670 5303 ὑπευθύνεταιεἜπείδῂ
1699 5232 1726 5282 6
1761 5226 2032 5303 usvﬁfyto;

467 5296 609 5367 Ἰὼϐ,
637 5296 742 5358 ctr.
781 5302 1046 5356 Culte-runt
1082 5318 1231 5372 rt'gvs
1274 5302 1504 5372 appellat
1552 5296 1769 5372 alni—eos
1801 5296 2028 5372 Ιιιιιιει

454 5375 688 5428 editione
731 5373 874 5426 LXX
911 5369 1285 5440 interpretum,
1312 5369 1410 5440 qui
1443 5371 1671 5440 singulis
1692 5369 2028 5440 _nominihus

460 5457 648 5498 eorum
685 5445 895 5498 titulum
927 5444 988 5494 τὸ
1025 5436 1278 5514 βασιλεύς
1323 5436 1564 5514 apponit.
1599 5437 1664 5514 Et
1689 5436 1888 5490 Pinetla
1928 5451 2026 5488 n0-

458 5523 568 5566 ster
599 5530 720 5567 eum
755 5516 926 5569 locum
956 5510 1319 5578 interpretans
1353 5528 1504 5577 reges
1539 5510 1703 5562 fuisse
1747 5521 1842 5575 pro
1875 5517 2025 5561 certo

461 5586 610 5646 |10nit
649 5588 698 5636 in
735 5585 826 5638 lib.
862 5583 1042 5637 Tobiae
1071 5577 1189 5650 cap.
1228 5597 1263 5633 ιι
1296 5599 1310 5635 :
1352 5581 1556 5632 Diserte
1578 5586 1718 5648 reges
1752 5577 2025 5650 appellan-

460 5661 598 5707 tur:
633 5654 771 5706 Nam
813 5656 946 5706 sicut
997 5648 1151 5706 beato
1195 5650 1330 5704 Ιοὸο
1387 5654 1713 5702 ἱηειιέιαοωιι
1770 5648 2022 5716 reges,izu

456 5721 545 5773 ἔτι
574 5737 813 5794 parentes
840 5735 884 5776 ct
918 5728 1124 5794 cognati
1153 5724 1268 5790 ejus
1296 5722 1609 5794 irridebgnt.

536 5786 644 5862 is»;
695 5792 757 5845 υτ
793 5812 943 5846 sai-ra
977 5786 1199 5864 ἶιξιυιμιὶῐι
1235 5795 1438 5847 docent.
1489 5790 1601 5846 Hoc
1650 5786 2017 5846 testimonium

2137 4827 2204 4867 ex
2238 4827 2359 4882 cap.
2382 4826 2512 4882 xiv,
2553 4825 2606 4882 ν.
2632 4811 2688 4874 4,
2722 4811 2841 4866 libri
2891 4808 2993 4882 Job
3023 4811 3361 4879 desumptum
3402 4811 3558 4879 juxta
3595 4826 3714 4864 ver-

2139 4879 2347 4936 sionem
2376 4879 2519 4935 LXX
2557 4881 2780 4950 interpr.
2817 4881 2908 4948 qui
2946 4882 3270 4935 versiculum
3308 4891 3563 4948 quartum
3591 4897 3714 4935 cum

2139 4951 2296 5006 initio
2325 4952 2582 5008 versiculi
2607 4951 2802 5021 quinti,
2828 4951 2915 5006 ubi
2943 4951 3010 5006 de
3033 4953 3298 5006 brevitate
3324 4951 3449 5006 vita:
3483 4953 3716 5005 hominis

2145 5025 2345 5088 agitur,
2392 5022 2786 5090 conjungentes
2839 5021 3103 5086 integram
3138 5024 3449 5086 hujusmodi
3489 5033 3715 5076 senten—

2141 5091 2267 5144 tiam
2302 5090 2654 5146 confecerunt
2684 5108 2698 5147 :
2733 5092 2864 5155 Quis
2905 5092 3042 5143 enim
3082 5094 3306 5144 mundus
3332 5092 3432 5144 erit
3462 5109 3495 5144 a
3519 5094 3717 5147 sorde?

2139 5160 2206 5213 At
2260 5177 2430 5222 nemo,
2476 5162 2574 5214 etsi
2624 5164 2782 5214 unius
2832 5161 2935 5214 diei
2977 5163 3044 5213 sit
3085 5163 3190 5214 vita
3251 5163 3364 5230 ejus
3403 5176 3559 5230 super
3607 5174 3715 5213 ter-

2138 5244 2252 5282 ram
2284 5246 2302 5281 :
2369 5231 2465 5294 Τίς
2517 5232 2627 5300 γὰρ
2681 5231 2921 5300 καθαρὸς
2969 5231 3119 5283 ἔσται
3155 5229 3518 5300 ἀπδίρύποη
3575 5229 3714 5282 Ἀλλ’

2134 5301 2308 5371 ούδεὶς
2345 5301 2440 5352 ἐὰν
2482 5303 2577 5354 καὶ
2625 5302 2720 5369 μία
2771 5303 2954 5371 ἡμέρα
2996 5304 3023 5352 ὁ
3077 5301 3191 5369 βίος
3241 5302 3408 5355 αὑτοῦ
3440 5304 3535 5354 ἐπὶ
3577 5302 3708 5369 γῆν.

2136 5369 2285 5424 llauc
2320 5377 2636 5425 sententiam
2682 5369 3058 5425 Patri-sinuin
3119 5384 3435 5441 receperunt
3467 5383 3522 5424 et
3552 5387 3712 5424 usur-

2134 5453 2261 5508 paut
2298 5459 2314 5494 :
2347 5441 2596 5495 tilcmens
2621 5443 2773 5493 Alex.
2820 5442 2972 5493 lib.”
3009 5441 3207 5495 Strum.
3237 5458 3282 5495 et
3328 5445 3416 5495 tib.
3450 5457 3541 5507 tv;
3578 5446 3709 5494 Am-

2133 5509 2368 5574 brosius,
2426 5513 2479 5564 in
2533 5511 2773 5572 Lucam;
2826 5514 3262 5577 Augustinuan
3317 5512 3466 5565 Psal.
3516 5512 3707 5576 I;Leo

2133 5580 2368 5648 pontifex
2392 5619 2407 5644 ,
2449 5597 2613 5634 Serm.
2654 5581 2725 5633 De
2755 5579 3010 5645 Natin’m
3054 5582 3382 5645 Bernartius,
3413 5598 3578 5636 ενι-ιιι.
3611 5580 3703 5644 ευ,

2131 5651 2184 5722 in
2225 5652 2403 5715 (2mm,
2437 5667 2571 5722 quos
2605 5667 2794 5704 omnes
2837 5653 2953 5720 lege
2988 5654 3130 5721 apud
3166 5652 3424 5710 Pntcdatn
3457 5666 3704 5708 ttOStrum

2130 5721 2185 5776 in
2215 5721 2781 5779 eruditis'Comment.
2813 5737 2935 5792 eap.
2971 5726 3134 5779 dicto.
