3974 6200
305 299 415 362 31ἰ9

1686 303 1846 362 ΗΟΜ
1864 303 1877 359 1

1997 314 2016 362 1
2056 305 2210 367 XVI.
3464 313 3570 376 370

303 412 586 484 ἁμαρτίας
606 417 673 486 τῇ
700 413 882 486 ῥάϐδῳ
904 414 1006 484 τῆς
1021 415 1236 477 ἐλπίδος
1259 416 1678 487 ἐπερειδόμενος
1711 435 1886 484 προσ-

1997 418 2247 476 laudabili
2279 435 2400 475 cum
2428 423 2676 487 audacia,
2713 434 2768 478 ut
2790 427 3004 494 quidam
3031 444 3092 482 ex
3120 428 3369 483 Patribus
3394 427 3570 497 loqui-

299 505 497 575 εὐχετο
534 507 656 574 μετ’
697 506 1104 576 ἐπαινουμένης
1159 507 1460 571 ἀναιδείας,
1525 511 1764 579 πατρική
1803 527 1886 572 τις

297 595 423 650 εἷπε
457 599 630 667 φωνή.
678 599 849 668 Ἐστη
887 593 982 652 οὖν
1012 599 1199 668 τηλόθι
1251 599 1590 670 δακρυχέων,
1628 601 1722 652 καὶ
1754 602 1882 669 στή-

298 689 402 744 θεα
441 691 597 760 χερσὶ
635 691 938 744 πατάσσων
961 732 976 755 ,
1015 691 1148 762 ώςή
1184 690 1470 761 θεολογικὴ
1526 691 1703 762 μοῦσά
1727 709 1882 762 φησι.

296 783 402 834 Διά
435 781 488 834 τί
515 782 571 834 δὲ
604 782 678 852 μὴ
720 782 819 852 τὴν
854 783 1102 854 κεφαλὴν
1145 783 1394 848 ἔτυπτεν,
1427 784 1459 856 ἢ
1498 784 1564 837 τὰ
1587 786 1812 853 γόνατα,
1851 785 1884 857 ἢ

295 871 434 926 ἄλλο
465 871 631 943 μέρος
680 872 775 926 τοῦ
825 871 1103 946 σώματος,
1135 874 1272 928 ἀλλά
1310 875 1372 928 τὸ
1407 875 1610 947 στῆθος,
1643 877 1886 932 ὲπάτασ-

298 978 430 1029 σεν;

323 1081 332 1087 ·
378 1075 397 1107 ι
449 1056 690 1109 Ἐτυπτε
725 1051 855 1127 γὰρ,
883 1056 1070 1126 φησὶν,
1098 1058 1177 1122 είς
1200 1060 1259 1113 τὸ
1282 1060 1478 1132 στῆθος
1501 1060 1666 1115 αὐτοῦ
1689 1061 1884 1130 λέγων·

310 1143 375 1198 '0
416 1145 574 1210 Θεὸς,
602 1147 852 1216 ἱλάσθητί
883 1167 974 1219 μοι
1034 1149 1114 1220 τῷ
1143 1152 1476 1222 ἁμαρτωλῷ.
1523 1173 1542 1206 ι
1577 1153 1797 1225 Ἐπειδὴ
1822 1156 1886 1208 ἐκ

294 1239 400 1302 τῆς
427 1238 662 1307 καρδίας
701 1240 748 1291 οί
785 1239 1062 1310 λογισμοὶ,
1093 1243 1140 1295 οί
1185 1243 1323 1314 πρὸς
1379 1243 1694 1309 πλεονεξίαν
1723 1245 1887 1300 αὑτὸν

291 1330 690 1400 διεγείροντες,
715 1331 811 1384 καὶ
823 1336 942 1395 ταῖς
982 1351 1040 1404 χε
1050 1335 1137 1404 pol.
1157 1335 1288 1405 πρὸς
1305 1335 1374 1389 τὰ
1393 1337 1606 1408 πονηρὰ
1622 1336 1887 1408 λήμματα

292 1419 612 1492 χρώμενος.
667 1423 733 1476 Ἦ
785 1424 842 1478 δὲ
891 1425 1093 1498 τοπικὴ
1121 1426 1220 1498 τῆς
1261 1427 1494 1498 καρδίας
1532 1428 1684 1492 θέσις
1715 1432 1773 1482 ὲν
1810 1431 1888 1499 τῷ

296 1513 495 1583 στήθει
534 1515 708 1578 ἐστὶν,
760 1517 989 1580 είκότως
1015 1518 1208 1574 τύπτει
1259 1521 1318 1574 τὸ
1347 1522 1582 1592 πονηρὸν
1614 1524 1888 1592 ἐργαστή-

297 1619 422 1674 ριον
458 1606 651 1669 αὐταῖς
674 1608 796 1671 ταῖς
825 1610 1040 1678 χερσὶν,
1070 1603 1159 1674 αἷς
1202 1610 1342 1682 πρὸς
1366 1612 1689 1678 πλεονεξίαν
1716 1614 1886 1685 ἐχρή-

298 1711 462 1750 σατο.

381 1809 400 1842 ι
452 1790 514 1844 '0
563 1790 720 1856 Θεὸς,
776 1791 1028 1864 ἱλάσθητί
1086 1812 1176 1865 μοι
1231 1795 1310 1867 τῷ
1359 1796 1691 1869 ἁμαρτωλῷ.
1734 1816 1754 1850 ι
1807 1799 1882 1853 Οὐ

293 1883 663 1954 δικαιωθῆναι
699 1885 882 1955 ζητεῖ,
929 1886 1046 1959 ᾔδει
1076 1887 1186 1959 γὰρ
1239 1889 1432 1961 ἑαυτὸν
1463 1891 1682 1956 ἀνάξιον
1725 1891 1885 1946 τοῦτο

295 1974 517 2041 λαϐεῖν,
573 1977 690 2029 ἀλλ’
737 1978 898 2031 ἵλεων
945 1979 1095 2050 αὐτῷ
1139 1981 1399 2049 γενέσθαι
1442 1984 1757 2055 παρακαλεῖ
1791 1986 1885 2037 τὸν

297 2067 442 2121 Θεόν
470 2084 485 2098 ο
534 2069 630 2122 καὶ
663 2069 723 2121 τὺ
752 2068 1005 2124 ἐντεῦθεν
1037 2073 1095 2124 τὸ
1127 2075 1361 2144 πρᾶγμα
1396 2076 1763 2144 ἀνέστραπτο.
1825 2077 1884 2129 Ὀ

299 2158 410 2228 μὲν
451 2157 563 2229 γὰρ
602 2159 902 2230 Φαρισαῖος
935 2155 1024 2213 οἷα
1053 2161 1268 2234 δένδρον
1318 2165 1506 2234 κομῶν
1534 2165 1614 2236 τῷ
1658 2166 1882 2238 καρπῷ,

294 2247 406 2317 τῆς
434 2248 546 2301 τῶν
567 2250 799 2303 ἐντολῶν
817 2251 1090 2323 φυλακῆς,
1113 2253 1372 2325 ἐξαίφνης
1391 2255 1465 2320 ὼς
1489 2257 1594 2309 ὒπδ
1627 2259 1884 2327 ῥαγδαίου

295 2340 646 2412 πνεύματος,
683 2341 762 2412 τῷ
827 2342 927 2412 τῆς
981 2345 1288 2412 κενοδοξίας
1322 2347 1508 2418 ἀνέμῳ
1544 2349 1885 2420 ἐκτιναχθεὶς

295 2432 500 2504 ὡράθη
551 2435 798 2504 γυμνὸς,
867 2435 944 2499 ὡς
991 2436 1307 2506 τερέϐινθος
1357 2439 1774 2508 ἀποϐεϐληκυῖα
1817 2441 1888 2494 τά

296 2525 506 2594 φύλλα,
552 2526 612 2579 τὸ
642 2527 736 2579 τοῦ
785 2527 1012 2581 Ἡσαΐου
1040 2531 1238 2583 εἰπεῖν.
1277 2530 1337 2583 Ὀ
1366 2531 1424 2583 δὲ
1450 2533 1886 2603 πεφορτισμένος

295 2619 405 2687 τῆς
448 2619 819 2690 φιλαργυρίας
865 2621 958 2674 τὸν
1008 2622 1279 2691 μόλιϐδον,
1316 2625 1397 2676 ἐνὶ
1434 2624 1579 2694 λόγῳ
1633 2627 1880 2695 νουνεχεί

298 2711 402 2764 καὶ
426 2713 668 2781 σχήματι
696 2713 940 2783 ταπεινῷ
995 2716 1054 2766 τὸ
1089 2714 1253 2786 βάρος
1285 2716 1393 2768 τῶν
1419 2717 1606 2771 κακῶν
1631 2719 1886 2771 ἀποτίθε-

298 2817 418 2854 ται.
456 2801 692 2870 Ἰλιγγιῶ
723 2802 1097 2872 λογιζόμενος,
1135 2805 1252 2868 πῶς
1284 2807 1312 2858 ό
1340 2805 1575 2868 δείλαιος
1595 2808 1886 2877 Φαρισαῖος

300 2893 495 2964 φέρων
522 2894 622 2964 τὴν
654 2896 849 2948 ἑαυτοῦ
884 2895 1062 2968 ψυχὴν
1085 2937 1102 2963 ,
1146 2896 1401 2968 καθάπερ
1439 2897 1644 2952 ὁλκάδα
1675 2899 1887 2969 μυρίων

299 2983 630 3054 πλήθουσαν
663 2986 1004 3055 ἀγωγίμων,
1053 2988 1135 3049 είς
1175 2987 1267 3040 τὸν
1304 2989 1500 3058 λιμένα
1533 2990 1701 3042 αὑτοῦ
1737 2991 1886 3062 ἱεροῦ

299 3071 628 3144 πεφθακὼς,
673 3078 906 3132 καὶτῶν
947 3077 1041 3132 τοῦ
1086 3079 1207 3142 νοδς
1237 3080 1524 3152 ,πηδαλίων
1565 3081 1882 3154 ἠμεληκὼς,

299 3167 510 3230 ἀθλίως
554 3168 710 3241 ῶφθη
754 3172 1149 3242 νεναυαγηκώς
1180 3189 1194 3204 ο
1223 3173 1311 3228 διὰ
1341 3173 1430 3242 τί;
1489 3191 1508 3225 t
1541 3175 1665 3229 Ὀτι
1712 3177 1819 3240 πᾶς
1859 3177 1888 3230 ό

302 3261 462 3331 ὑψῶν
488 3252 683 3315 ἑαυτὸν
712 3264 1213 3334 ταπεινωθήσεται,
1252 3267 1347 3320 καὶ
1372 3268 1401 3320 6
1434 3269 1710 3322 ταπεινῶν
1752 3269 1884 3322 ἑαυ-

297 3354 396 3408 τὸν
439 3353 812 3425 ὑψωθήσεται.
851 3375 869 3408 ι
918 3359 1081 3411 Δοκεῖ
1125 3376 1217 3427 μοι
1264 3359 1504 3414 ἐνταῦθα
1556 3361 1888 3434 ὑπογραφὴν

297 3463 430 3500 τινα
478 3447 751 3501 ποιεῖσθαι
790 3451 818 3502 ό
858 3449 1064 3519 Κύριος
1110 3452 1210 3520 τῆς
1248 3453 1478 3525 οἰήσεως
1545 3456 1636 3508 καὶ
1659 3457 1759 3526 τῆς
1787 3473 1889 3510 ται

298 3537 624 3601 πεινώσεως
657 3555 671 3569 ο
720 3541 813 3592 καὶ
865 3541 1009 3610 τάχα
1050 3557 1135 3604 τις
1180 3542 1246 3594 ὲκ
1306 3542 1516 3595 τούτων
1560 3543 1889 3613 ὁρμώμενος

301 3632 496 3687 ἄνοδον
519 3631 612 3684 ἐπὶ
642 3632 710 3685 τὰ
740 3631 891 3686 κάτω
919 3633 1018 3703 τὴν
1047 3632 1360 3699 κενοδοξίαν
1391 3635 1662 3705 ὁρίσαιτο.
1717 3633 1890 3688 Τοῦτο

299 3723 414 3794 γάρ
467 3724 562 3778 καὶ
619 3725 835 3796 ίστορία
881 3726 1097 3780 παλαιά
1154 3727 1506 3797 συμϐολικῶς
1564 3726 1886 3800 ὑπῃνίξατο.

313 3817 586 3887 ’Λὸειρὼν
616 3818 725 3888 γὰρ
751 3821 845 3872 καὶ
876 3819 1060 3873 Δαθάν
1095 3819 1235 3892 ὑπὲρ
1277 3821 1406 3884 τοὺς
1449 3819 1648 3884 ἄλλους
1680 3823 1889 3887 πάντας

299 3912 540 3975 ἑαυτοὺς
593 3912 831 3982 ἄραντες
884 3912 1248 3978 ἀλαζονικῶς,
1302 3915 1396 3966 καὶ
1455 3917 1551 3980 τῆς
1605 3915 1889 3986 ίεροσύνης

301 4004 448 4071 σφᾶς
481 4001 668 4067 ἀξίους
696 4004 982 4074 κρίναντες
1016 4004 1258 4072 ἰταμῶς,
1295 4004 1394 4074 τῆς
1426 4004 1530 4074 γῆς
1557 4003 1889 4076 διασχοὺσης

300 4095 615 4149 κατέδυσαν
647 4097 704 4148 ὲν
728 4094 807 4164 τῷ
832 4095 1107 4165 χάσματι,
1133 4096 1228 4148 καὶ
1254 4093 1562 4164 ὑψωθέντες
1581 4098 1648 4166 τῇ
1677 4096 1890 4166 διανοίᾳ

299 4187 778 4260 ἐταπεινώθησαν.
808 4189 952 4251 Πρὸς
978 4188 1150 4241 ταῦτα
1183 4188 1540 4254 σκοποῦντες,
1583 4189 1886 4258 ἀγαπητοὶ,

301 4280 630 4351 μετριάζειν
679 4279 1134 4349 ἐκπαιδευθῶμεν
1155 4317 1170 4343 ,
1200 4280 1296 4332 καὶ
1328 4280 1402 4349 μὴ
1425 4278 1637 4346 ἀλόγως
1666 4277 1891 4349 ἐπαίρε-

300 4371 435 4424 σθαι
461 4385 480 4402 ο
522 4371 598 4440 μὴ
626 4370 671 4425 δ’
707 4372 870 4441 εῐπερ
901 4373 1035 4441 ἡμῖν
1064 4387 1118 4423 τι
1149 4369 1258 4423 τῶν
1293 4369 1487 4434 δεξιῶν
1522 4369 1890 4441 κεκατώρθω-

1992 521 2097 577 tur,
2134 513 2478 582 precabatur.
2521 514 2678 570 Stetit
2704 517 2868 585 igitur
2893 519 3050 587 longe
3074 519 3493 587 collacrymans,
3518 529 3574 574 et

1996 606 2227 659 tnndeus
2275 615 2493 675 pectora
2547 608 2762 678 palmis,
2817 620 2876 664 ut
2931 612 3005 666 ait
3041 613 3344 684 theologica
3393 631 3572 670 musa.

1989 690 2169 759 Quare
2226 704 2405 749 autem
2459 711 2631 765 neque
2678 708 2860 766 caput,
2911 716 3085 770 neque
3135 718 3346 772 genua,
3402 722 3572 776 neque

1990 785 2150 840 aliam
2185 787 2429 856 corporis
2459 791 2800 860 partem,sed
2839 801 3027 860 pectus
3057 796 3300 862 ιιιιιςτινιειι
3336 801 3358 849 ?

2067 1073 2087 1107 ι
2120 1053 2486 1124 Percutiebat,
2518 1067 2715 1128 inquit,
2739 1068 2929 1128 peetus
2959 1073 3126 1114 suum
3151 1056 3335 1115 (licens
3362 1079 3375 1116 :
3408 1061 3571 1125 Deus,

1989 1148 2258 1218 prepitius
2290 1159 2406 1205 esto
2447 1152 2579 1206 mihi
2610 1153 2908 1221 peccaturi.
2958 1171 2976 1202 ι
3009 1151 3273 1206 Nimirum
3305 1170 3370 1207 ex
3406 1155 3572 1208 corde

1991 1243 2351 1312 cogitationes
2382 1244 2447 1298 ad
2499 1245 2779 1298 avaritiam
2829 1245 3004 1313 ipsum
3045 1245 3346 1299 excitantes
3383 1261 3578 1314 erupe-

1989 1344 2145 1400 rant;
2172 1344 2226 1389 et
2257 1336 2507 1390 manibus
2531 1336 2642 1407 99
2669 1338 2732 1389 ad
2770 1338 2998 1392 alienam
3045 1352 3159 1392 rem
3205 1337 3400 1406 injuste
3431 1337 3580 1390 acci-

1989 1425 2238 1493 piendam
2291 1425 2492 1481 abusus
2540 1426 2737 1481 fuerat.
2781 1427 2957 1482 Locus
2988 1428 3155 1494 enim,
3189 1427 3240 1482 in
3273 1443 3382 1497 quo
3413 1427 3576 1481 situm

1989 1526 2072 1570 est
2146 1531 2260 1582 cor,
2332 1528 2522 1587 pectus
2575 1528 2680 1574 est.
2741 1519 2930 1574 Merito
2992 1519 3156 1589 igitur
3217 1518 3578 1588 improbitatis

1987 1608 2257 1663 ofﬁcinam
2309 1611 2560 1665 manibus
2596 1611 2786 1666 iisdem
2824 1613 3104 1678 verberat,
3146 1627 3265 1682 quae
3297 1613 3362 1666 ad
3399 1611 3580 1666 avari-

1997 1698 2123 1753 tiam
2158 1698 2375 1754 fuerant
2407 1699 2704 1758 famulate.

2070 1809 2089 1843 ι
2132 1789 2298 1857 Deus,
2324 1791 2590 1861 propitius
2616 1801 2733 1848 esto
2753 1793 2880 1848 mihi
2912 1794 3203 1862 peccaturi.
3231 1813 3249 1846 ι
3277 1793 3390 1847 Non
3425 1793 3576 1863 petit,

1994 1893 2053 1937 ut
2080 1883 2449 1954 iustificetur;
2496 1885 2712 1941 videbat
2741 1887 2884 1941 enim
2918 1902 2976 1942 se
3008 1885 3313 1957 indignum,
3355 1887 3444 1956 qui
3477 1887 3580 1942 hoc

1994 1977 2338 2044 impetraret;
2371 1976 2463 2033 sed
2498 1977 2662 2032 Deum
2700 1979 2989 2048 propitium
3023 1981 3122 2034 sibi
3154 1995 3272 2035 esse
3300 1987 3572 2047 precatur.

1997 2069 2176 2138 Atque
2233 2070 2427 2124 exinde
2479 2070 2531 2124 in
2596 2073 2929 2126 contrarium
2987 2089 3159 2127 versae
3211 2085 3335 2128 sunt
3395 2087 3576 2127 rerum

1991 2162 2162 2216 vices.
2214 2161 2428 2216 Etenim
2478 2164 2788 2218 Pharisreus
2837 2165 2990 2234 quasi
3042 2167 3208 2221 arbor
3256 2167 3578 2234 superbieus

1996 2252 2211 2320 fructu,
2264 2253 2625 2309 observantia:
2677 2265 3069 2324 prmceptorum
3125 2267 3343 2327 repente
3403 2257 3577 2312 inanis

1995 2342 2182 2413 glorias
2211 2352 2390 2408 vento,
2418 2354 2475 2398 ut
2507 2359 2534 2398 a
2561 2346 2750 2415 Spiritu
2775 2346 3018 2402 violento
3049 2362 3367 2412 concussus,
3397 2348 3576 2402 nudus

1995 2436 2274 2500 apparuit,
2321 2445 2376 2490 et
2431 2438 2581 2502 quasi
2634 2439 2991 2502 terebinthus,
3026 2439 3247 2506 abiectis
3300 2438 3466 2505 foliis,
3518 2449 3577 2495 ut

1995 2523 2124 2578 illud
2171 2526 2320 2581 Isaiae
2370 2543 2628 2597 usurpem
2675 2530 2742 2583 ⁸³.
2781 2529 2876 2584 llic
2925 2540 3104 2584 autem
3152 2532 3392 2585 avaritim
3423 2533 3574 2600 quasi

1993 2616 2214 2686 plumbo
2265 2629 2656 2689 prtegravatus,
2704 2635 2811 2674 uno
2841 2621 3008 2674 verbo
3041 2622 3314 2690 sapienter
3342 2623 3576 2691 prolato,

1994 2708 2287 2778 habituque
2346 2709 2628 2778 demisso,
2692 2725 2831 2765 onus
2896 2713 3144 2781 deposuit
3207 2723 3574 2781 peccatorum.

1993 2800 2266 2872 Attonitus
2313 2799 2527 2868 btereo,
2571 2816 2690 2856 cum
2723 2802 2982 2870 recogito,
3010 2817 3118 2872 quo
3175 2816 3334 2873 pacto
3392 2803 3574 2857 infelix

1993 2892 2300 2948 Pharisaaus
2351 2894 2589 2948 animam
2639 2897 2788 2948 suam
2838 2896 2992 2964 quasi
3023 2896 3223 2949 'navim
3270 2896 3574 2951 onerariam

1995 2985 2268 3039 sexcentis
2299 2986 2549 3040 refertam
2583 2981 2853 3042 mercibus
2883 2987 3106 3051 vehens,
3137 2998 3189 3041 et
3221 2999 3373 3055 portu
3411 2977 3580 3042 etiam.

1999 3078 2116 3149 ipse
2167 3079 2349 3147 templi
2403 3089 2584 3148 capto,
2646 3080 2844 3134 mentis
2894 3079 3139 3150 neglecto
3189 3080 3569 3150 gubernaculo.

1997 3171 2378 3226 miserabiliter
2420 3171 2757 3240 naufragium
2803 3170 2984 3226 facere
3031 3172 3178 3225 visus
3223 3181 3328 3226 est.
3372 3171 3577 3238 Quant-

1994 3263 2220 3318 obrem?
2247 3281 2264 3315 ι
2289 3263 2422 3330 Quia
2448 3264 2626 3318 omnis
2647 3264 2735 3332 qui
2768 3277 2826 3317 se
2853 3263 3054 3316 exultat
3087 3261 3494 3330 humiliabitur;
3523 3275 3577 3319 et

1996 3356 2086 3424 qui
2129 3370 2188 3410 se
2234 3357 2523 3422 humiliat,
2580 3357 2930 3411 exaltabitur.
2991 3374 3011 3408 ι
3057 3355 3155 3410 llic
3190 3355 3318 3410 mihi
3364 3356 3578 3411 videtur

1995 3444 2413 3512 descriptionem
2449 3448 2734 3515 quamdam
2771 3446 2949 3501 facere
3001 3447 3258 3502 Dominus
3312 3447 3578 3515 superbiae

1999 3541 2052 3587 et
2084 3534 2434 3589 humilitatis.
2461 3536 2530 3590 Et
2564 3536 2794 3592 fortasse
2826 3536 3094 3606 quispiam
3142 3538 3226 3592 his
3266 3538 3447 3592 verbis
3475 3538 3578 3592 im-

1996 3624 2181 3696 pulsus
2230 3626 2447 3680 inanem
2496 3627 2742 3696 gloriam,
2791 3630 3157 3684 reversionem
3206 3629 3271 3683 ad
3324 3627 3577 3684 inferiora

1997 3732 2117 3772 esse
2145 3719 2430 3773 delinierit.
2468 3719 2750 3774 Hocxenim
2790 3721 2954 3776 etiam
2989 3733 3146 3776 vetus
3173 3721 3399 3776 historia
3431 3737 3578 3792 sym-

1995 3811 2172 3866 bolice
2201 3811 2440 3866 involvit.
2471 3813 2673 3868 Abiron
2709 3815 2852 3867 enim
2889 3823 2942 3869 et
3006 3815 3214 3868 Dathan
3257 3824 3579 3884 arroganter

1997 3919 2054 3958 se
2083 3917 2245 3972 supra
2275 3903 2409 3958 alios
2433 3904 2744 3970 offerentes,
2768 3917 2822 3959 et
2854 3907 3159 3960 sacerdotio
3189 3907 3376 3975 dignos
3401 3923 3455 3958 se
3485 3921 3580 3974 per

1999 3995 2392 4064 impudentiam
2417 3995 2768 4060 arbitrantes,
2793 3995 3114 4050 dehiscente
3134 4005 3275 4049 terra
3301 3996 3350 4049 iu
3373 3995 3577 4050 hiatum

1998 4087 2305 4151 subierunt,
2353 4096 2406 4140 et
2470 4088 2560 4155 qui
2623 4100 2718 4140 sua
2781 4087 3111 4157 cogitatione
3159 4088 3285 4142 elati
3341 4088 3577 4148 fuerant,

1998 4179 2239 4248 depressi
2271 4187 2421 4233 sunt.
2449 4178 2563 4232 lluc
2589 4179 2828 4232 animum
2859 4180 3221 4248 advertentes,
3250 4180 3576 4248 charissimi,

1997 4274 2292 4329 doceamur
2320 4275 2561 4330 modeste
2593 4291 2689 4330 nos
2713 4290 2922 4345 gerere,
2958 4291 3135 4345 neque
3168 4291 3328 4346 supra
3360 4276 3576 4330 modum

1997 4367 2281 4421 extollere.
2317 4366 2504 4436 Neque
2541 4367 2586 4421 si
2625 4368 2752 4437 quid
2798 4378 2944 4421 recte
2978 4379 3190 4438 gestum
3227 4383 3254 4420 a
3287 4367 3440 4421 nobis
3473 4375 3575 4432 est,

294 4483 393 4519 ται
420 4505 436 4528 ,
473 4465 565 4518 διὰ
595 4464 756 4518 τοῦτο
805 4464 1146 4534 ὑπερφέρειν
1185 4463 1293 4516 τῶν
1335 4463 1512 4518 ἀλλων
1554 4461 1886 4534 νομίζωμεν.

2001 4457 2604 4528 ideircu'praafereudos
2630 4475 2728 4513 nos
2756 4460 2877 4514 aliis
2903 4460 3295 4515 existimemus.
3327 4461 3432 4514 Sed
3454 4475 3578 4515 cum

311 4557 480 4610 ’Λλλά
516 4555 912 4628 κατορθοῦντες
943 4555 1170 4626 ψάλλειν
1213 4555 1557 4627 διδαχθῶμεν
1599 4556 1741 4626 μετά
1791 4555 1884 4610 τοῦ

296 4649 470 4703 Δαὸίδ
500 4664 514 4678 ·
555 4667 575 4700 ι
613 4649 704 4718 Μὴ
743 4650 900 4718 ἡμῖν,
932 4648 1131 4719 Κύριε,
1167 4649 1246 4718 μὴ
1279 4649 1436 4718 ἡμῖν,
1463 4647 1578 4701 ἀλλ’
1608 4649 1666 4700 έν
1695 4647 1778 4701 σοὶ
1798 4647 1887 4710 δὸς

295 4736 435 4806 ἡμῖν
490 4736 888 4805 ὲγκαυχᾶσθαι.
952 4755 972 4788 ι
1016 4738 1178 4808 ΙΙαρά
1233 4754 1328 4790 σου
1369 4737 1477 4806 γάρ
1535 4755 1553 4789 ι
1593 4737 1622 4790 6
1665 4737 1887 4802 ἔπαινος

297 4829 462 4898 ἡμῶν
509 4830 568 4881 ἐν
597 4829 868 4900 ἐκκλησίᾳ
903 4829 1146 4902 μεγάλῃ,
1187 4849 1208 4884 ι
1242 4829 1336 4884 τοῦ
1371 4829 1657 4900 μέλλοντος
1683 4831 1886 4904 δηλαδὴ

295 4919 520 4984 αἰῶνος.
551 4919 797 4991 ’Δληθῶς
812 4925 961 4992 γάρτ
1002 4921 1250 4994 Καρδίαν
1292 4922 1766 4993 συντετριμμένην
1790 4923 1888 4978 καὶ

294 5018 786 5083 τεταπεινωμένην
805 5015 833 5066 6
867 5013 1000 5078 Θεὸς
1031 5015 1133 5068 οὐκ
1154 5013 1530 5078 ὲξουδενώσει,
1553 5031 1573 5066 ι
1601 5014 1717 5068 ἀλλ’
1741 5033 1758 5066 ι
1796 5017 1887 5072 Ἐν

294 5108 365 5178 τῇ
385 5106 720 5160 ταπεινώσει
746 5107 994 5177 ἐμνήσθη
1014 5106 1170 5178 ἡμῶν
1186 5109 1215 5160 6
1249 5106 1475 5177 Κύριος.
1505 5115 1532 5162 ἰ
1567 5108 1810 5162 ’Δστεϊον
1830 5109 1886 5163 δὲ

295 5199 526 5252 κὶκεῖνο
569 5197 967 5268 προσειρῆσθαι
1024 5198 1120 5250 καὶ
1167 5199 1379 5268 χαρίεν,
1448 5196 1524 5262 ώς
1559 5198 1610 5252 οί
1649 5201 1890 5270 γεωργοὶ

291 5289 428 5350 τοὺς
481 5289 586 5360 μὲν
661 5291 814 5343 κάτω
880 5289 1205 5353 νενευκότας
1264 5289 1375 5343 τῶν
1429 5291 1720 5362 ἀσταχύων
1792 5295 1888 5347 καὶ

297 5381 592 5452 βρίθοντας
626 5382 798 5436 πολὺν
828 5381 921 5434 τὸν
951 5382 1168 5453 καρπὸν
1206 5383 1401 5454 φέρειν
1441 5383 1838 5456 τεκμαίρονται
1868 5402 1883 5418 ο

291 5472 428 5535 τοὺς
469 5471 526 5525 δὲ
587 5471 803 5543 ὀρθίους
878 5473 973 5545 καί
1029 5473 1332 5544 ἀνεμώδεις
1371 5514 1386 5537 ,
1449 5473 1719 5540 ἀλαζόνας
1792 5477 1886 5531 καὶ

295 5564 498 5628 κενοὺς
560 5563 914 5634 ὀνομάζουσι.
985 5563 1120 5618 Καὶ·
1151 5563 1263 5618 τῶν
1311 5562 1622 5633 ἀνθρώπων
1673 5566 1724 5620 οί
1787 5565 1888 5637 μὲν

368 5745 422 5780 ⁸³
461 5743 570 5801 Isa.
613 5760 690 5814 vt,
733 5744 788 5802 5.
906 5747 952 5780 “
992 5746 1136 5804 Psal.
1177 5762 1337 5816 cxut,
1381 5747 1432 5802 1.

1995 4550 2200 4618 aliquid
2244 4549 2380 4605 bene
2427 4561 2481 4605 et
2523 4566 2588 4605 ex
2635 4549 2838 4606 virtute
2883 4561 3059 4605 actum
3097 4567 3125 4602 a
3157 4551 3312 4605 nobis
3341 4551 3462 4619 erit,
3493 4566 3581 4606 as-

1995 4657 2310 4698 suescamus
2332 4657 2526 4697 canere
2557 4658 2678 4696 cum
2708 4643 2908 4697 David:
2936 4663 2954 4694 ι
2988 4642 3104 4696 Non
3130 4643 3306 4706 nobis,
3332 4642 3578 4704 Domine.

1995 4752 2102 4792 non
2137 4736 2312 4802 nobis,
2351 4736 2442 4790 sed
2474 4737 2679 4793 nomini
2731 4745 2821 4791 tuo
2873 4737 2938 4790 da
2989 4735 3212 4804 gloriam
3249 4733 3337 4799 ⁸δ;
3380 4753 3398 4785 ›
3440 4737 3579 4803 apud

1997 4838 2048 4884 te
2079 4827 2222 4882 enim
2250 4866 2266 4894 ,
2294 4845 2310 4878 ι
2337 4827 2480 4884 Laus
2503 4838 2688 4882 nostra
2716 4827 2770 4882 in
2790 4826 3023 4882 ecclesia
3047 4839 3240 4895 magna
3261 4825 3334 4889 ⁸³,
3372 4844 3390 4878 ι
3412 4825 3577 4880 futuri

1997 4917 2208 4974 scilicet
2261 4917 2463 4973 sweuli.
2518 4916 2662 4972 Vere
2735 4917 2877 4972 enim
2941 4935 2961 4968 ι
3020 4914 3126 4968 Cor
3177 4914 3470 4969 contritum
3525 4924 3581 4970 et

1999 5010 2340 5065 lmmiliatum
2387 5023 2494 5064 non
2532 5007 2793 5078 despiciet
2833 5005 2974 5061 Deus
3007 5005 3087 5073 ⁸⁶;
3121 5005 3215 5060 sed
3254 5024 3272 5056 ι
3304 5007 3363 5060 in
3397 5007 3580 5060 immi-

1997 5103 2150 5158 litate
2185 5103 2446 5156 Dominus
2477 5116 2688 5156 memor
2737 5099 2838 5154 fuit
2887 5098 3059 5153 nostri
3107 5099 3179 5156 ⁸⁷.
3217 5118 3233 5151 ι
3268 5100 3576 5156 Jucundum

1999 5209 2161 5264 porro
2189 5193 2315 5257 erit,
2346 5201 2400 5248 et
2429 5191 2560 5247 illud
2599 5192 2757 5246 dictis
2788 5189 3106 5259 adjungere.
3150 5191 3292 5260 quod
3329 5191 3578 5261 agricola:

1996 5301 2134 5357 quas
2161 5287 2339 5355 spicas
2360 5299 2471 5354 pra:
2493 5299 2658 5338 onere
2689 5283 2927 5337 viderint
2951 5294 3235 5354 vergentes
3261 5284 3314 5338 in
3352 5295 3572 5349 terram,

1996 5380 2220 5436 uberem
2272 5377 2508 5433 fructum
2561 5376 2820 5431 allaturos
2874 5391 2995 5432 esse
3049 5378 3380 5443 coniiciunt;
3440 5391 3574 5444 quius

1997 5486 2128 5526 vero
2170 5480 2348 5525 rectas
2379 5476 2526 5522 stare
2558 5483 2621 5523 ac
2658 5468 2816 5540 100
2848 5470 3022 5524 ventis
3055 5467 3337 5531 obnoxias,
3387 5479 3574 5534 super-

1997 5565 2093 5620 bas
2123 5572 2177 5618 et
2229 5563 2420 5617 inanes
2469 5569 2682 5615 vocant.
2719 5559 2810 5616 Sic
2853 5571 2906 5616 et
2945 5560 3221 5613 hominum
3260 5558 3572 5629 quicunque

1508 5748 1554 5781 ⁸⁸
1594 5749 1736 5805 Psal.
1781 5765 1895 5818 xxi,
1930 5747 2021 5804 26.
2098 5747 2146 5780 ⁸⁸
2187 5745 2330 5805 Psal.
2373 5764 2426 5816 ι,
2472 5747 2558 5806 19.
2638 5746 2683 5782 ⁸⁷
2720 5745 2868 5805 Psal.
2908 5756 3111 5809 cxxxv,
3149 5743 3249 5804 Ἦ.
