3974 6200
352 250 461 312 383

1537 239 2026 304 THEOPI—I.\NIS
2061 241 2402 316 CERAMEI

3491 236 3599 300 384

347 361 447 415 riis
479 357 717 430 praefecti
751 365 879 412 sunt
919 356 1066 410 vitiis
1102 355 1215 428 (95)
1253 373 1268 410 :
1305 361 1364 409 ut
1420 354 1558 409 alius
1592 352 1810 422 quidem
1851 351 1922 406 sit

2034 351 2316 413 συνέσεως,
2359 350 2454 404 καὶ
2509 349 2611 403 ὅσα
2665 349 2696 403 6
2751 345 2926 419 μέγας
2960 345 3186 404 Ἡσαΐας
3253 346 3600 418 ἠρίθμησεν,

344 451 556 507 daemon
609 451 723 514 irai,
772 448 909 502 alius
973 447 1153 502 inanis
1215 447 1418 518 gloriae,
1469 446 1608 500 alius
1659 444 1920 508 avaritiae,

346 544 484 596 alius
537 541 776 601 invidiae,
828 547 882 594 et
914 539 1056 595 alius
1090 541 1181 593 alii
1242 540 1444 610 praesit,
1477 539 1603 594 odio
1653 537 1925 604 intempe-

345 633 558 696 rantirc,
588 631 809 700 probro,
836 631 1071 699 pigritiae
1105 651 1119 686 :
1146 641 1195 685 et
1239 630 1446 700 singula
1481 631 1610 684 vitia
1642 639 1920 684 auctorem

345 723 646 792 proprium,
684 730 738 775 et
778 720 1142 789 perniciosum
1196 720 1503 774 hominibus
1547 720 1920 774 consiliarium

346 823 504 867 nacta
537 814 676 878 sint;
725 813 797 866 ita
831 821 888 865 ut
924 812 1069 866 cives
1098 812 1354 868 dicantur
1399 811 1705 882 huiusmodi
1757 813 1922 867 animi

347 903 815 970 perturbationum
890 902 1226 958 conditores.
1317 903 1453 957 Cum
1510 903 1673 973 igitur
1733 903 1924 957 audias

349 995 719 1046 lascivientem
753 993 900 1046 illum
946 994 1344 1048 adolescentem
1380 994 1468 1046 ttni
1502 995 1700 1048 civium
1741 993 1924 1047 adhae-

348 1088 505 1146 sisse,
559 1087 659 1139 hoc
713 1087 1010 1154 signiﬁcari
1055 1088 1224 1149 scias,
1252 1087 1397 1158 quod
1439 1087 1599 1142 unius
1635 1100 1703 1141 ex
1757 1087 1924 1154 vitiis,

349 1181 414 1230 ad
451 1194 570 1248 qua:
605 1179 876 1234 dzcmones
909 1181 1187 1251 instigant,
1226 1196 1441 1245 servus,
1485 1196 1549 1236 ac
1591 1181 1924 1252 mancipium

349 1269 527 1325 fartus
580 1273 670 1326 sit.
733 1269 790 1326 Si
843 1288 975 1326 vero
1025 1275 1188 1327 etiam
1243 1275 1308 1327 de
1359 1274 1578 1329 civitate
1629 1275 1926 1329 sciscitaris

349 1361 505 1427 cujus
536 1371 673 1428 erat,
700 1374 879 1418 custos
903 1371 958 1417 et
990 1379 1188 1432 praeses
1208 1366 1296 1434 qtti
1329 1365 1687 1421 adolescentis
1705 1382 1924 1435 operam

350 1468 541 1522 porcos
571 1456 826 1522 pascendi
860 1457 1142 1519 conduxit,
1174 1457 1387 1512 docebit
1417 1468 1466 1513 te
1502 1458 1772 1525 Psalmus,
1804 1475 1923 1513 cum

351 1545 622 1599 civitatem
683 1556 842 1601 vocat
901 1549 1162 1602 malarum
1226 1549 1573 1605 all‘ectionum
1633 1553 1924 1606 contuber-

350 1636 521 1690 nium.
573 1655 593 1689 ι
628 1636 750 1693 Vidi
836 1639 1178 1710 iniquitatem
1227 1652 1280 1697 et
1333 1643 1820 1699 contradictionem
1873 1644 1924 1698 in

2021 439 2196 502 οὕτως
2228 441 2277 493 oi
2303 435 2398 492 τοῦ
2430 438 2567 491 Θεοῦ
2601 437 2892 491 ἀντίπαλοι
2909 441 3035 499 ιτοίς
3073 437 3339 497 ἐναντίοις
3365 439 3602 507 τετάχαο

2022 550 2133 593 ται,
2165 531 2240 596 ὡς
2269 532 2432 586 ἄλλον
2458 532 2560 602 μὲν
2588 527 2734 585 εἶναι
2760 531 2852 582 τὸν
2878 530 3108 600 δαίμονα
3138 529 3233 581 τοῦ
3275 530 3474 599 θυμοῦ,
3505 532 3604 583 άλ-

2021 626 2114 678 λον
2149 625 2206 678 δὲ
2258 624 2362 694 τῆς
2421 622 2750 694 φιλοδοξίας,
2811 624 2999 692 ἕτερον
3050 622 3152 690 τῆς
3204 622 3602 692 φιλαργυρίας,

2022 718 2118 769 καὶ
2143 716 2302 772 ἀλλον
2333 715 2427 770 τοῦ
2464 715 2689 785 φθόνου,
2715 714 2812 768 καὶ
2864 713 3025 770 ἄλλον
3043 713 3225 775 ἄλλου,
3271 715 3365 767 τοῦ
3409 716 3607 783 μίσους

2022 810 2124 878 τῆς
2149 807 2467 872 ἀκολασίας,
2494 808 2596 877 τῆς
2641 805 2879 877 ὕϐρεως,
2926 805 3028 876 τῆς
3077 805 3328 876 ἀκηδίας,
3366 807 3462 859 καὶ
3493 805 3610 858 τῶν

2025 901 2214 955 παθῶν
2246 901 2475 954 ἕκαστον
2521 899 2824 970 ὲφευρετὴν
2855 898 2988 953 ῐδιον
3041 898 3304 968 κέκτηκε,
3357 899 3453 951 καὶ
3488 901 3609 960 τοῖς

2025 992 2336 1065 ἀνθρώποις
2396 991 2703 1060 σύμὸουλον
2755 990 3014 1060 πονηρὸν,
3065 989 3140 1053 ὡς
3181 989 3406 1053 πολίτας
3441 989 3611 1057 λέγε-

2026 1085 2152 1138 σθαι
2213 1084 2324 1137 τῶν
2382 1082 2574 1136 παθῶν
2608 1084 2736 1147 τοὺς
2764 1082 2970 1136 τούτων
3007 1081 3398 1152 δημιουργούς.
3434 1083 3615 1134 Ὅταν

2027 1177 2120 1230 οῦν
2179 1177 2440 1248 ἀκούσῃς,
2475 1175 2551 1239 ὼς
2581 1176 2996 1245 ἀποσκιρτήσας
3043 1176 3252 1232 ἐκεῖνος
3300 1175 3328 1225 6
3359 1173 3478 1234 νέος
3516 1173 3616 1227 ἐνὶ

2024 1270 2290 1341 ἐκολλήθη
2328 1274 2436 1322 τῶν
2476 1268 2733 1331 πολιτῶν,
2757 1267 2919 1320 τοῦτο
2947 1265 3242 1335 δηλοῦσθαι
3287 1264 3616 1334 κατάμαθε,

2022 1363 2098 1426 ώς
2123 1364 2203 1415 ἐνὶ
2235 1363 2344 1414 τῶν
2373 1360 2743 1430 δαιμονιωδῶν
2769 1360 2956 1414 παθῶν
2991 1359 3196 1428 λάτρης
3259 1359 3354 1410 καὶ
3384 1357 3620 1426 ὑποχεί-

2028 1473 2142 1527 ριος
2169 1455 2411 1523 γέγονεν.
2444 1455 2507 1507 El
2531 1450 2591 1506 δὲ
2628 1454 2724 1506 κα)⁵
2749 1453 2848 1522 τὴν
2879 1451 3034 1504 πόλιν
3069 1448 3253 1520 ζητεῖς
3296 1449 3515 1520 μαθεῖν,
3541 1446 3616 1520 ἧς

2025 1547 2313 1618 πολιοῦχος
2356 1543 2425 1617 ἦν
2462 1549 2490 1600 6
2526 1546 2950 1616 μισθωσάμενος
2986 1545 3079 1596 τδν
3129 1545 3249 1597 νέον
3283 1543 3616 1605 συοδωτεῖν,

2027 1639 2229 1703 διδάξει
2270 1655 2328 1690 σε
2362 1639 2390 1690 6
2422 1637 2664 1706 ψαλμὸς,
2703 1637 2800 1702 τὴν
2846 1636 3002 1689 πόλιν
3045 1635 3219 1703 λέγων
3267 1636 3485 1703 ἐκείνην
3507 1635 3620 1704 τὴν

351 1729 593 1796 civitate,
620 1741 674 1784 et
703 1730 856 1786 labor
888 1731 940 1786 in
983 1731 1162 1786 medio
1195 1721 1398 1802 ejusiet
1431 1733 1716 1800 iniustitia,
1745 1743 1798 1788 et
1827 1735 1927 1788 ini-

2034 1731 2094 1783 ἐκ
2145 1730 2254 1783 τῶν
2309 1728 2565 1799 πονηρῶν
2645 1728 3100 1797 ἐπιτηδευμάτων
3161 1727 3616 1797 συνῳκισμένην.

352 1823 557 1888 quitas,
591 1829 644 1874 et
669 1836 855 1885 usura,
887 1830 942 1875 et
971 1821 1128 1877 dolus
1163 1823 1216 1876 in
1251 1821 1447 1894 plateis
1487 1828 1730 1880 eorum'.
1770 1845 1788 1879 ι
1823 1827 1926 1892 Qui

355 1911 521 1980 igitur
553 1913 693 1966 hanc
721 1913 995 1966 civitatem
1034 1913 1286 1977 habebat,
1327 1915 1510 1972 emisit
1552 1917 1823 1972 hominem
1874 1920 1926 1974 in

353 2003 736 2060 villam-suam
798 2012 858 2058 ut
939 2015 1184 2074 pasceret
1241 2022 1454 2074 porcos.
1521 2007 1775 2064 Fortasse
1835 2027 1932 2080 per

355 2107 556 2164 porcos
595 2095 970 2150 abominanda:
1017 2105 1068 2152 et
1127 2096 1326 2151 rabidae
1365 2097 1591 2153 luxuria:
1623 2101 1806 2168 passio
1841 2101 1928 2155 in-

354 2185 548 2239 nuitttr
579 2202 596 2240 :
625 2186 679 2240 in
707 2201 810 2256 qua
843 2201 1130 2253 porcorum
1161 2204 1310 2245 more
1326 2190 1656 2255 volutantur,
1684 2193 1777 2262 qui
1806 2194 1930 2249 huic

353 2292 553 2344 spurco
588 2279 813 2334 demoni
843 2288 1053 2350 parent.
1095 2280 1266 2352 Hujus
1311 2298 1438 2338 vero
1468 2285 1642 2352 turpis
1671 2286 1930 2342 daemonis

355 2384 517 2438 agros
567 2369 809 2439 intellige
862 2371 1109 2426 homines
1157 2372 1343 2427 carnis
1393 2388 1503 2427 suae
1534 2383 1828 2436 amatores.
1877 2385 1931 2430 et

355 2461 724 2532 voluptatibus
758 2462 988 2518 deditos.
1025 2461 1238 2533 Optime
1267 2478 1432 2532 porro
1476 2465 1708 2522 lascivia:
1738 2468 1927 2522 vitium

355 2554 712 2608 similitudine
754 2569 1042 2624 porcorum
1083 2557 1447 2612 adumbravit.
1485 2557 1744 2628 Voluptas
1784 2563 1928 2615 enim

355 2646 529 2701 velut’i
565 2647 763 2702 circaco
808 2648 862 2702 in
905 2649 1102 2717 poculo
1137 2650 1374 2705 miscens
1426 2652 1699 2720 potionem
1752 2667 1929 2720 suam,

358 2747 413 2790 et
441 2737 736 2792 stultorum
766 2747 998 2793 mentem
1031 2740 1096 2795 ad
1157 2741 1321 2795 vitam
1366 2743 1596 2798 similem
1648 2745 1770 2800 vitae
1807 2760 1934 2815 por-

357 2842 544 2882 corum
580 2829 892 2896 traducens,
923 2845 1016 2884 eos
1065 2833 1118 2885 in
1151 2833 1470 2888 servitutem
1522 2835 1716 2903 redigit
1751 2851 1928 2891 suam.

358 2915 425 2972 Et
455 2919 612 2997 sicuti
645 2935 926 2988 porcorum
955 2921 1095 2976 oculi
1124 2924 1188 2977 ad
1217 2923 1324 2978 ima
1351 2935 1540 2994 suapte
1579 2935 1770 2982 natura
1801 2941 1932 2982 con-

2032 1840 2052 1874 t
2091 1817 2246 1875 Εἶδον
2310 1822 2540 1891 ἀνομίαν
2595 1822 2655 1874 ὲν
2704 1823 2770 1891 τῇ
2805 1822 2958 1873 πόλει
3020 1820 3115 1874 καὶ
3139 1819 3475 1886 ἀντιλογίαν,
3513 1820 3624 1871 καὶ
3694 1833 3702 1838 ·

2028 1915 2226 1981 ἀνομία
2277 1915 2375 1968 καὶ
2403 1915 2573 1977 κόπος
2617 1916 2675 1967 ἐν
2728 1915 2879 1984 μέσῳ
2928 1914 3120 1982 αὐτῆς,
3149 1915 3244 1966 καὶ
3271 1912 3477 1972 ἀδικία,
3511 1911 3622 1964 καὶ

2026 2006 2210 2069 τόκος,
2253 2007 2346 2058 καὶ
2383 2004 2536 2065 δόλος
2603 2005 2662 2056 ἐν
2723 2006 2848 2067 ταῖς
2907 2003 3194 2065 πλατείαις
3253 2001 3446 2071 αὐτῆς.
3482 2020 3502 2052 ›
3552 1999 3620 2054 ’0
3722 2018 3736 2025 ·

2027 2097 2160 2168 γοῦν
2182 2097 2278 2166 τὴν
2308 2099 2567 2164 τοιαύτην
2612 2094 2768 2148 πόλιν
2812 2095 2982 2147 οἰκῶν
3034 2093 3283 2163 ἐπεμψεν
3332 2092 3498 2145 αὑτὸν
3527 2091 3621 2150 εἰς

2027 2194 2119 2248 τὸν
2143 2194 2315 2264 ἀγρὸν
2340 2191 2506 2245 αὐτοῦ
2534 2191 2752 2262 βόσκειν
2781 2191 3022 2260 χοίρους,
3057 2189 3212 2260 Τάχα
3244 2188 3332 2242 διά
3360 2187 3471 2240 τῶν
3496 2187 3623 2258 χοίο

2032 2303 2142 2357 ρων
2168 2285 2230 2337 τὸ
2261 2284 2361 2353 τῆς
2398 2283 2662 2354 βδελυρᾶς
2690 2284 2786 2335 καὶ
2824 2281 3131 2344 λυσσώδους
3170 2279 3473 2343 ἀκολασίας
3503 2279 3623 2332 πά-

2031 2377 2124 2440 θος
2151 2377 2394 2448 ᾐνίξατο,
2421 2369 2464 2443 ᾧ
2498 2375 2751 2446 χοιρηδὸν
2775 2372 3219 2442 ἐγκαλινδοῦνται
3248 2373 3298 2425 oi
3325 2371 3402 2440 τῷ
3424 2370 3621 2441 μιαρῷ

2031 2470 2342 2539 πειθόμενοι
2394 2468 2633 2537 δαίμονι.
2677 2467 2912 2536 Ἀγροῦς
2959 2465 3014 2518 δὲ
3046 2467 3261 2534 νοήσεις
3291 2463 3388 2516 τοῦ
3423 2463 3625 2534 βδελυ·

2032 2561 2128 2631 ροῦ
2159 2560 2347 2615 τούτου
2379 2560 2633 2630 δαίμονος
2664 2558 2793 2621 τοὺς
2821 2557 3207 2628 φιλοσὰρκους,
3234 2557 3331 2610 καὶ
3384 2555 3624 2626 φιληδό-

2031 2671 2177 2717 νους.
2222 2652 2460 2724 Ἀριστα
2483 2652 2541 2706 δὲ
2571 2653 2631 2705 τὸ
2662 2651 2761 2718 τῆς
2787 2650 3087 2712 ἀκολασίας
3130 2647 3306 2713 πάθος
3339 2650 3455 2709 τοῖς
3495 2647 3622 2712 χοί-

2034 2762 2148 2815 ροις
2175 2744 2510 2814 παρείκασεν
2537 2756 2551 2772 ·
2580 2741 2738 2811 ἡγὰρ
2757 2741 2919 2810 ἡδονὴ
2942 2740 3197 2809 καθάπερ
3223 2738 3461 2807 κιρκαίῳ
3482 2752 3625 2806 κρα-

2031 2836 2162 2906 τῆρι
2198 2834 2291 2888 τὸν
2351 2832 2550 2889 ἑαυτοῦ
2583 2833 2838 2886 κυκεῶνα
2878 2833 3181 2904 κεράσασα,
3214 2830 3310 2882 καλ⁵
3369 2830 3464 2882 τον
3502 2828 3625 2882 τῶν

2032 2930 2289 2999 ἀφρόνων
2313 2926 2438 2981 νοῦν
2467 2926 2601 2998 πρὸς
2629 2927 2727 2994 τὴν
2752 2924 2986 2996 χοιρώδη
3007 2924 3151 2993 ζωὴν
3169 2922 3620 2993 μεταμείεουσα,

361 3010 502 3065 versi
535 3009 668 3064 nihil
702 3011 1126 3078 admirabilium,
1168 3013 1468 3068 etnlestium
1521 3029 1698 3071 rerum
1749 3016 1931 3086 perci-

2034 3023 2240 3092 λάτρας
2272 3019 2478 3090 ἑαυτῆς
2521 3020 2710 3089 τίθησι
2734 3035 2749 3049 ’
2787 3019 2882 3071 καὶ
2906 3016 3097 3087 ὥσπερ
3126 3016 3176 3070 oi
3206 3016 3316 3069 τῶν
3345 3015 3488 3068 συῶν
3515 3017 3629 3085 όφ-

359 3099 537 3168 piunt,
569 3100 642 3154 ita
675 3101 741 3154 ad
767 3101 880 3156 haec
905 3103 1032 3158 vitia
1077 3103 1355 3160 detractus
1391 3106 1606 3162 animus
1640 3123 1820 3165 rerum
1850 3108 1934 3165 itt-

362 3189 716 3261 telligibilium
750 3193 1200 3262 pulchritudinem
1252 3212 1356 3252 non
1405 3199 1590 3254 sentit.
1627 3197 1761 3255 Cum
1805 3216 1935 3257 vero

360 3286 543 3339 multa:
570 3285 678 3339 sint
704 3285 865 3356 106
885 3288 1183 3355 passiones,
1209 3303 1328 3358 qua:
1355 3291 1618 3347 rationem
1644 3292 1934 3349 humanam

361 3384 696 3446 oppugnant,
732 3377 934 3431 nullam
968 3378 1209 3447 profecto
1244 3390 1449 3436 tantam
1482 3382 1588 3437 vim
1618 3383 1780 3440 habet
1808 3386 1930 3451 alia,

361 3473 575 3519 utcum
630 3466 731 3522 hoc
783 3467 1078 3537 voluptatis
1137 3472 1326 3526 morbo
1373 3473 1700 3542 aequiparari
1750 3484 1935 3546 queat.

364 3553 609 3612 Pecudes
639 3559 785 3612 enim
838 3573 1028 3614 revera
1079 3560 1330 3617 homines
1375 3563 1521 3628 facit,
1571 3579 1731 3620 suum
1765 3583 1935 3634 more,

361 3647 606 3704 {adﬂate
653 3649 740 3703 illa
787 3651 1116 3721 gloriantes;
1189 3663 1250 3708 ut
1300 3655 1462 3710 etiam
1513 3657 1766 3714 sordibus
1806 3659 1936 3731 ipsis

369 3739 560 3796 satiari
586 3755 763 3812 usque
793 3744 1205 3814 concupiscant.

443 4039 466 4076 ι
506 4022 771 4094 Cupiebat
807 4025 954 4083 enim
986 4065 1002 4090 ,
1025 4027 1220 4098 inquit,
1253 4032 1440 4088 satiari
1487 4044 1731 4090 ventrem
1784 4051 1939 4093 suum

369 4113 436 4169 de
487 4115 696 4185 siliquis
759 4131 897 4186 quas
941 4120 1092 4189 porci
1140 4123 1519 4191 cowedebant,
1552 4141 1615 4181 ac
1661 4141 1821 4181 nemo
1865 4128 1939 4181 illi

2037 3112 2233 3183 θαλμοὶ
2256 3113 2336 3175 είς
2361 3111 2422 3164 τὸ
2449 3111 2601 3165 κάτω
2637 3108 2790 3180 παρά
2831 3107 2932 3178 τῆς
2967 3105 3184 3176 φύσεως
3242 3105 3626 3176 ἐστραμμένοι

2033 3205 2144 3261 τῶν
2169 3204 2436 3277 οὐρανίων
2487 3201 2783 3272 θαυμάτων
2822 3199 3071 3269 ἀπείρως
3098 3199 3342 3270 ἔχουσιν,
3376 3199 3550 3262 οὕτως
3586 3200 3628 3269 ή

2035 3299 2173 3370 πρὸς
2205 3298 2274 3352 τά
2295 3296 2441 3363 πάθη
2466 3292 2922 3350 κατασπασθεϊσα
2959 3292 3108 3366 ψυχὴ
3141 3293 3280 3365 πρὸς
3319 3291 3383 3345 τὸ
3426 3291 3630 3361 νοητὸν

2037 3391 2234 3454 κάλλος
2255 3390 2596 3459 ἀναισθητεῖ.
2630 3387 2847 3440 Πολλῶν
2881 3386 2939 3440 δὲ
2987 3387 3160 3440 ὄντων
3185 3383 3399 3450 παθῶν,
3426 3383 3461 3437 ἀ
3489 3385 3631 3448 τοῦς

2035 3483 2334 3553 λογισμοὺς
2360 3481 2470 3535 τῶν
2511 3479 2818 3552 ἀνθρώπων
2863 3478 3324 3547 καταγωνίζεται,
3359 3475 3630 3547 οὐδεμίαν

2037 3576 2160 3630 καθ’
2195 3575 2354 3646 ἡμῶν
2413 3574 2567 3644 ίσχὺν
2614 3574 2804 3640 ἕτερον
2863 3572 3034 3636 πάθος
3079 3572 3214 3642 ἔχει,
3239 3572 3318 3636 ὡς
3350 3573 3488 3642 πρὸς
3523 3571 3630 3643 τὴν

2037 3669 2192 3722 νόσον
2220 3667 2322 3737 τῆς
2355 3665 2547 3736 ἡδονῆς
2581 3664 2950 3729 ὲξισάζεσθαι.
2986 3663 3320 3734 Βοσκήματα
3347 3663 3457 3734 γάρ
3487 3664 3632 3734 ἀλη-

2039 3757 2146 3822 θῶς
2195 3757 2320 3818 τοῦς
2377 3754 2705 3825 ἀνθρώπους
2747 3755 2900 3807 ποιεῖ
2958 3756 3025 3825 τῇ
3060 3753 3258 3826 ἀτιμία
3288 3753 3449 3823 δίκην
3474 3755 3630 3806 συῶν

2040 3846 2516 3917 ἐκπομπεύοντας,
2561 3844 2637 3909 ὡς
2673 3845 2761 3898 ἀεὶ
2823 3845 3113 3917 ἐπιθυμεῖν
3143 3844 3504 3915 κορέννυσθαι
3526 3844 3628 3918 τοῦ

2045 3940 2382 4012 μιάσματος.

2101 4051 2119 4084 ι
2142 4030 2441 4101 Ἐπεθύμει
2469 4029 2602 4100 γάρ,
2636 4029 2791 4100 φησὶ,
2820 4030 3050 4102 γεμίσαι
3086 4030 3186 4100 τὴν
3208 4028 3420 4083 κοιλίαν
3453 4029 3628 4083 αὐτοῦ

2041 4126 2149 4180 ἀπὸ
2183 4124 2291 4178 τῶν
2320 4124 2612 4195 κερατίων,
2644 4116 2718 4177 ὧν
2742 4124 2927 4192 ⁴ἢσθιον
2959 4123 3009 4176 οί
3063 4125 3261 4192 χοῖροι,
3311 4124 3405 4175 καὶ
3447 4123 3632 4187 οὐδεὶς

369 4208 593 4273 dabat.»
628 4207 721 4264 Ille
771 4210 934 4280 igitur
962 4225 1027 4266 ex
1067 4221 1224 4268 attate
1255 4224 1306 4268 et
1337 4231 1498 4272 sensu
1545 4218 1931 4274 adolescentior

2045 4217 2216 4270 ἐδίδου
2241 4216 2410 4286 αὐτῷ.
2454 4233 2472 4266 ι
2523 4214 2579 4268 Ὀ
2617 4214 2715 4285 μὲν
2758 4213 2853 4267 οὖν
2888 4212 3157 4285 νεώτερος
3217 4212 3362 4266 κατά
3411 4212 3512 4282 τὴν
3541 4214 3632 4280 γέ-

366 4306 576 4352 tantum
601 4307 655 4354 et
686 4300 893 4355 subulci
939 4303 1242 4359 ministerio
1289 4304 1528 4363 lucratus
1571 4316 1677 4373 est,
1711 4319 1771 4362 ut
1803 4309 1931 4366 fame

2047 4326 2198 4362 νεσιν
2249 4309 2345 4361 καὶ
2371 4306 2470 4378 τὴν
2504 4307 2768 4378 φρόνησιν
2823 4305 3080 4360 τοσοῦτον
3131 4303 3388 4360 ἀπώνατο
3435 4307 3501 4358 ἐκ
3533 4306 3630 4358 τοῦ

369 4399 680 4457 angeretur,
711 4399 765 4444 et
799 4405 1083 4459 porcorum
1117 4396 1310 4464 pabulo
1335 4398 1539 4466 expleri
1581 4409 1921 4470 percuperet.

2047 4400 2303 4470 συϐώτης
2350 4397 2631 4467 γενέσθαι,
2686 4399 2810 4452 ὅσον
2866 4395 3135 4468 ἄγχεσθαι
3186 4397 3280 4451 τοῦ
3309 4397 3494 4468 λιμοῦ,
3532 4397 3632 4452 καὶ⁵

370 4479 497 4534 Haec
530 4490 655 4535 sunt
693 4491 992 4538 amatorum
1029 4488 1284 4556 nequitiae
1307 4493 1569 4558 praemia:
1608 4493 1760 4550 hisce
1789 4495 1931 4553 doni:

2043 4491 2355 4562 ίμείρεσθαι
2425 4491 2526 4559 τῆς
2569 4490 2865 4562 χοιρώδους
2932 4490 3319 4561 ἐμπλησθῆναι
3371 4490 3618 4559 τροφῆς.

369 4580 734 4628 assectatores
763 4589 892 4629 suos
935 4588 1313 4633 remuneratur
1344 4580 1626 4652 voluptas;
1663 4586 1800 4642 tales
1842 4587 1931 4642 bo-

2039 4583 2283 4640 Τοιαῦτα
2307 4582 2418 4636 τῶν
2452 4583 2698 4654 ἐραστῶν
2724 4583 2823 4653 τῆς
2855 4583 3054 4646 κακίας
3083 4583 3154 4636 τά
3191 4582 3419 4636 ἔπαθλα·
3445 4582 3634 4637 τοιού-

368 4678 531 4721 nores
574 4664 878 4722 daemonum
913 4667 1092 4726 solent
1127 4684 1269 4726 esse.
1318 4669 1419 4738 Qui
1454 4675 1600 4730 enim
1648 4687 1931 4748 temperate

2037 4696 2154 4745 τοις
2179 4677 2373 4749 δώροις
2398 4675 2669 4742 δεξιοῦται
2696 4676 2730 4746 ἡ
2761 4674 2926 4747 ἡδονὴ
2951 4675 3080 4741 τοὺς
3105 4676 3408 4748 ἑπομένους
3431 4675 3580 4748 αὗτῇ
3610 4691 3626 4706 ⁶

442 4823 464 4855 τ
492 4821 635 4880 Psal.
667 4840 775 4894 m,
811 4788 1159 4898 10,“,l2.

1602 4917 1928 4981 Francisci
1963 4919 2174 4983 Scorsi
2215 4924 2408 4983 notat.

445 5041 558 5114 (95)
603 5040 851 5114 Rrwfecti
901 5052 1022 5098 sunt
1055 5044 1218 5099 vitiis.
1255 5042 1408 5110 Quod
1455 5043 1728 5100 dmmones
1759 5043 1946 5098 distri-

371 5112 504 5174 buta
541 5112 793 5167 habeant
845 5115 1146 5168 ministeria
1224 5115 1432 5169 ratione

373 5183 651 5253 nationum
705 5182 899 5253 quibus
942 5184 1322 5253 impugnandis
1369 5182 1609 5253 praefecti
1646 5184 1778 5248 sint,
1816 5197 1945 5253 pro-

375 5253 554 5312 babile
581 5252 795 5323 videtur
809 5251 1286 5323 rtlteologis’etiam
1319 5251 1660 5323 scholasticis
1684 5268 1805 5323 cum
1831 5252 1878 5306 Μ
1889 5270 1945 5306 a-

378 5324 547 5392 gistro
587 5322 638 5376 in
667 5337 726 5383 tt.
766 5321 894 5392 dist.
939 5321 1101 5388 6,'et
1145 5323 1272 5377 illud
1318 5324 1567 5392 insinuat
1603 5322 1666 5376 D.
1701 5322 1943 5376 Thomas

381 5391 555 5455 ipart.
595 5402 786 5461 quaest.
818 5391 943 5453 106,
984 5401 1087 5446 art.
1110 5393 1160 5458 l,
1187 5394 1271 5447 his
1300 5392 1511 5447 verbis:
1544 5391 1806 5458 Deputant
1841 5394 1941 5445 sibi

380 5464 647 5533 ministros
705 5463 774 5515 ad
804 5463 1067 5515 hominum
1099 5465 1579 5533 impugnationem,
1597 5463 1752 5516 sicuti
1770 5471 1821 5533 et
1846 5478 1944 5533 an:

383 5531 482 5602 geli
546 5531 654 5602 Deo
707 5533 1009 5586 ministrant
1051 5532 1120 5602 ad
1155 5530 1448 5602 hominum
1500 5531 1742 5585 salutem.
1791 5530 1944 5596 Quod

385 5601 510 5654 mo
553 5601 715 5670 etiam
747 5603 1027 5670 dispertita
1082 5601 1312 5655 habeant
1343 5602 1488 5663 vitia,
1523 5611 1575 5655 et
1609 5609 1826 5670 peccata
1879 5602 1945 5653 ad

382 5683 502 5742 quae
531 5669 845 5728 sollicitent
869 5671 1141 5736 homines,
1185 5679 1243 5725 ut
1293 5670 1433 5726 alius
1473 5673 1679 5726 daemon
1717 5669 1946 5727 sitalius

2043 5043 2386 5112 potissimum
2425 5042 2707 5115 impulsor.
2748 5045 2800 5100 id
2855 5044 3018 5100 etiam
3073 5045 3457 5115 probabilitate
3516 5063 3628 5103 non

1528 5127 1845 5167 ersonarum
1891 5123 1947 5169 et
2041 5124 2212 5176 caret,
2260 5123 2317 5167 et
2347 5113 2498 5182 gravi
2563 5115 2786 5168 Patrum
2819 5113 3146 5170 auctoritate
3179 5118 3390 5178 nititur,
3449 5129 3505 5172 ut
3554 5121 3633 5173 ait

2043 5182 2295 5247 Sttaritts,
2333 5183 2428 5236 lib.
2471 5182 2665 5252 VlllDe
2693 5187 2910 5252 angelis,
2947 5201 3065 5251 cap.
3098 5186 3190 5247 21,
3225 5187 3389 5242 η.28.
3438 5187 3631 5244 Patres

2042 5268 2209 5324 porro
2236 5254 2350 5318 ipse
2381 5252 2512 5324 citat
2537 5251 2852 5321 Origenem,
2900 5254 3149 5308 abbatem
3186 5257 3447 5310 Serenum
3478 5259 3622 5324 apud

2043 5323 2381 5384 Cassianum,
2409 5321 2796 5393 ilieronymum
2825 5324 3157 5393 multisloeis
3185 5326 3238 5379 id
3266 5321 3626 5392 asserentem,

2050 5395 2368 5467 magistrum
2407 5389 2767 5467 AGuillel'tnum
2816 5389 3018 5459 Paris.,
3063 5403 3117 5449 et
3143 5396 3460 5467 aliosiquos
3514 5389 3632 5467 lege

2051 5459 2188 5527 apud
2210 5477 2384 5533 Ipsum
2405 5459 2593 5533 Suar.,
2625 5463 2675 5516 in
2699 5477 2926 5532 quorum
2956 5480 3236 5518 numerum
3270 5459 3632 5533 Theophanés

2054 5541 2239 5613 noster
2263 5531 2410 5655 aeni:
2438 5532 2529 5601 qui
2567 5531 2865 5589 dtemOnem
2893 5533 3180 5591 aemulandi
3219 5535 3311 5593 Dei
3362 5531 3542 5592 studio
3576 5535 3627 5591 id

2054 5615 2234 5655 conari
2308 5615 2374 5654 lCl
2407 5640 2422 5655 .

2052 5615 2234 5657 conart
2271 5615 2422 5656 OlCll.
