  <div class='ocr_page' id='page_1' title='image "/cluster/home/n/w/nwhite01/storage/ocr_20150623/132/hvd.32044073502361/235.png"; bbox 0 0 3974 6200; ppageno 0'>
   <div class='ocr_carea' id='block_1_1' title="bbox 431 366 589 410">
    <p class='ocr_par' dir='ltr' id='par_1_1' title="bbox 431 366 589 410">
     <span class='ocr_line' id='line_1_1' title="bbox 431 366 589 410; baseline -0.025 0"><span class='ocrx_word' id='word_1_1' title='bbox 431 366 589 410; x_wconf 71' lang='grc' dir='ltr'>ωσι-ιι</span> 
     </span>
    </p>
   </div>
   <div class='ocr_carea' id='block_1_2' title="bbox 432 422 2006 506">
    <p class='ocr_par' dir='ltr' id='par_1_2' title="bbox 432 422 2006 506">
     <span class='ocr_line' id='line_1_2' title="bbox 432 422 2006 506; baseline -0.022 -4"><span class='ocrx_word' id='word_1_2' title='bbox 432 445 677 502; x_wconf 85' lang='lat' dir='ltr'><strong>mactasti</strong></span> <span class='ocrx_word' id='word_1_3' title='bbox 716 435 1081 506; x_wconf 85' lang='lat' dir='ltr'><strong>Unigcnitum.</strong></span> <span class='ocrx_word' id='word_1_4' title='bbox 1116 428 1254 497; x_wconf 82' lang='lat' dir='ltr'><strong>Quid</strong></span> <span class='ocrx_word' id='word_1_5' title='bbox 1289 427 1450 497; x_wconf 87' lang='lat' dir='ltr'><strong>igitur</strong></span> <span class='ocrx_word' id='word_1_6' title='bbox 1488 424 1791 478; x_wconf 81' lang='lat' dir='ltr'><strong>communis</strong></span> <span class='ocrx_word' id='word_1_7' title='bbox 1844 422 2006 476; x_wconf 73' lang='lat' dir='ltr'><strong>Pater</strong></span> 
     </span>
    </p>
   </div>
   <div class='ocr_carea' id='block_1_3' title="bbox 398 530 806 596">
    <p class='ocr_par' dir='ltr' id='par_1_3' title="bbox 398 530 806 596">
     <span class='ocr_line' id='line_1_3' title="bbox 398 530 806 596; baseline -0.012 -10"><span class='ocrx_word' id='word_1_8' title='bbox 398 557 488 596; x_wconf 40' lang='lat' dir='ltr'><strong>.et&#39;</strong></span> <span class='ocrx_word' id='word_1_9' title='bbox 506 530 806 594; x_wconf 80' lang='lat' dir='ltr'><strong>Conditor?</strong></span> 
     </span>
    </p>
   </div>
   <div class='ocr_carea' id='block_1_4' title="bbox 502 698 2005 778">
    <p class='ocr_par' dir='ltr' id='par_1_4' title="bbox 502 698 2005 778">
     <span class='ocr_line' id='line_1_4' title="bbox 502 698 2005 778; baseline -0.012 -10"><span class='ocrx_word' id='word_1_10' title='bbox 502 737 518 768; x_wconf 77' lang='grc' dir='ltr'><strong>ι</strong></span> <span class='ocrx_word' id='word_1_11' title='bbox 561 713 683 778; x_wconf 71' lang='lat' dir='ltr'><strong>Fili,</strong></span> <span class='ocrx_word' id='word_1_12' title='bbox 724 721 778 766; x_wconf 89' lang='lat' dir='ltr'><strong>tu</strong></span> <span class='ocrx_word' id='word_1_13' title='bbox 835 720 1051 776; x_wconf 85' lang='lat' dir='ltr'><strong>semper</strong></span> <span class='ocrx_word' id='word_1_14' title='bbox 1110 716 1319 756; x_wconf 87' lang='lat' dir='ltr'><strong>mecum</strong></span> <span class='ocrx_word' id='word_1_15' title='bbox 1371 715 1460 764; x_wconf 86' lang='lat' dir='ltr'><strong>es;</strong></span> <span class='ocrx_word' id='word_1_16' title='bbox 1497 708 1550 754; x_wconf 92' lang='lat' dir='ltr'><strong>et</strong></span> <span class='ocrx_word' id='word_1_17' title='bbox 1611 699 1766 768; x_wconf 93' lang='grc' dir='ltr'><strong>ιιι</strong></span> <span class='ocrx_word' id='word_1_18' title='bbox 1821 698 2005 752; x_wconf 80' lang='lat' dir='ltr'><strong>omnia</strong></span> 
     </span>
    </p>
   </div>
   <div class='ocr_carea' id='block_1_5' title="bbox 403 789 2002 869">
    <p class='ocr_par' dir='ltr' id='par_1_5' title="bbox 403 789 2002 869">
     <span class='ocr_line' id='line_1_5' title="bbox 403 789 2002 869; baseline -0.013 -7"><span class='ocrx_word' id='word_1_19' title='bbox 403 826 542 863; x_wconf 81' lang='lat' dir='ltr'><strong>mea</strong></span> <span class='ocrx_word' id='word_1_20' title='bbox 579 818 670 861; x_wconf 70' lang='lat' dir='ltr'><strong>tua</strong></span> <span class='ocrx_word' id='word_1_21' title='bbox 701 813 846 859; x_wconf 87' lang='lat' dir='ltr'><strong>sunt.</strong></span> <span class='ocrx_word' id='word_1_22' title='bbox 882 797 1099 869; x_wconf 75' lang='lat' dir='ltr'><strong>Epulari</strong></span> <span class='ocrx_word' id='word_1_23' title='bbox 1148 805 1326 848; x_wconf 88' lang='lat' dir='ltr'><strong>autem</strong></span> <span class='ocrx_word' id='word_1_24' title='bbox 1354 803 1406 846; x_wconf 90' lang='lat' dir='ltr'><strong>et</strong></span> <span class='ocrx_word' id='word_1_25' title='bbox 1431 791 1669 862; x_wconf 83' lang='lat' dir='ltr'><strong>gaudere</strong></span> <span class='ocrx_word' id='word_1_26' title='bbox 1699 789 2002 860; x_wconf 85' lang='lat' dir='ltr'><strong>oportebat,</strong></span> 
     </span>
    </p>
   </div>
   <div class='ocr_carea' id='block_1_6' title="bbox 399 883 2008 971">
    <p class='ocr_par' dir='ltr' id='par_1_6' title="bbox 399 883 2008 971">
     <span class='ocr_line' id='line_1_6' title="bbox 399 883 2008 971; baseline -0.015 -15"><span class='ocrx_word' id='word_1_27' title='bbox 399 899 753 971; x_wconf 65' lang='lat' dir='ltr'><strong>.quiairater</strong></span> <span class='ocrx_word' id='word_1_28' title='bbox 785 908 908 947; x_wconf 82' lang='lat' dir='ltr'><strong>tuus</strong></span> <span class='ocrx_word' id='word_1_29' title='bbox 945 892 1030 945; x_wconf 91' lang='lat' dir='ltr'><strong>hic</strong></span> <span class='ocrx_word' id='word_1_30' title='bbox 1083 900 1331 942; x_wconf 88' lang='lat' dir='ltr'><strong>mortuus</strong></span> <span class='ocrx_word' id='word_1_31' title='bbox 1366 896 1506 947; x_wconf 86' lang='lat' dir='ltr'><strong>erat,</strong></span> <span class='ocrx_word' id='word_1_32' title='bbox 1541 894 1594 937; x_wconf 90' lang='lat' dir='ltr'><strong>et</strong></span> <span class='ocrx_word' id='word_1_33' title='bbox 1618 883 1845 946; x_wconf 87' lang='lat' dir='ltr'><strong>revixit;</strong></span> <span class='ocrx_word' id='word_1_34' title='bbox 1881 895 2008 950; x_wconf 87' lang='lat' dir='ltr'><strong>pcr-</strong></span> 
     </span>
    </p>
   </div>
   <div class='ocr_carea' id='block_1_7' title="bbox 429 974 2002 1054">
    <p class='ocr_par' dir='ltr' id='par_1_7' title="bbox 429 974 2002 1054">
     <span class='ocr_line' id='line_1_7' title="bbox 429 974 2002 1054; baseline -0.017 -3"><span class='ocrx_word' id='word_1_35' title='bbox 429 998 592 1054; x_wconf 88' lang='lat' dir='ltr'><strong>ierat,</strong></span> <span class='ocrx_word' id='word_1_36' title='bbox 659 1003 716 1044; x_wconf 89' lang='lat' dir='ltr'><strong>et</strong></span> <span class='ocrx_word' id='word_1_37' title='bbox 747 991 1001 1042; x_wconf 77' lang='lat' dir='ltr'><strong>inre-ntus</strong></span> <span class='ocrx_word' id='word_1_38' title='bbox 1032 992 1134 1038; x_wconf 87' lang='lat' dir='ltr'><strong>est.</strong></span> <span class='ocrx_word' id='word_1_39' title='bbox 1173 999 1191 1032; x_wconf 83' lang='grc'>›</span> <span class='ocrx_word' id='word_1_40' title='bbox 1231 979 1392 1033; x_wconf 85' lang='lat' dir='ltr'><strong>Vides</strong></span> <span class='ocrx_word' id='word_1_41' title='bbox 1426 977 1503 1030; x_wconf 94' lang='lat' dir='ltr'><strong>uti</strong></span> <span class='ocrx_word' id='word_1_42' title='bbox 1556 976 1794 1030; x_wconf 87' lang='lat' dir='ltr'><strong>restituit</strong></span> <span class='ocrx_word' id='word_1_43' title='bbox 1825 991 1920 1029; x_wconf 90' lang='lat' dir='ltr'><strong>eos</strong></span> <span class='ocrx_word' id='word_1_44' title='bbox 1950 974 2002 1026; x_wconf 94' lang='lat' dir='ltr'><strong>in</strong></span> 
     </span>
    </p>
   </div>
   <div class='ocr_carea' id='block_1_8' title="bbox 401 1066 2005 1157">
    <p class='ocr_par' dir='ltr' id='par_1_8' title="bbox 401 1066 2005 1157">
     <span class='ocr_line' id='line_1_8' title="bbox 401 1066 2005 1157; baseline -0.011 -20"><span class='ocrx_word' id='word_1_45' title='bbox 401 1087 657 1157; x_wconf 67' lang='lat' dir='ltr'><strong>.graliatu</strong></span> <span class='ocrx_word' id='word_1_46' title='bbox 685 1124 701 1150; x_wconf 93' lang='lat'><strong>,</strong></span> <span class='ocrx_word' id='word_1_47' title='bbox 726 1092 780 1135; x_wconf 89' lang='lat' dir='ltr'><strong>et</strong></span> <span class='ocrx_word' id='word_1_48' title='bbox 801 1076 1189 1146; x_wconf 70' lang='lat' dir='ltr'><strong>.interpOsitam</strong></span> <span class='ocrx_word' id='word_1_49' title='bbox 1219 1070 1522 1127; x_wconf 77' lang='lat' dir='ltr'><strong>inimicitia:</strong></span> <span class='ocrx_word' id='word_1_50' title='bbox 1570 1069 1862 1122; x_wconf 74' lang='lat' dir='ltr'><strong>maceriam</strong></span> <span class='ocrx_word' id='word_1_51' title='bbox 1893 1066 2005 1120; x_wconf 90' lang='lat' dir='ltr'><strong>sol-</strong></span> 
     </span>
    </p>
   </div>
   <div class='ocr_carea' id='block_1_9' title="bbox 431 1158 2004 1239">
    <p class='ocr_par' dir='ltr' id='par_1_9' title="bbox 431 1158 2004 1239">
     <span class='ocr_line' id='line_1_9' title="bbox 431 1158 2004 1239; baseline -0.015 -6"><span class='ocrx_word' id='word_1_52' title='bbox 431 1181 507 1233; x_wconf 88' lang='lat' dir='ltr'><strong>vit</strong></span> <span class='ocrx_word' id='word_1_53' title='bbox 534 1179 597 1239; x_wconf 74' lang='grc' dir='ltr'>ιτ,</span> <span class='ocrx_word' id='word_1_54' title='bbox 634 1173 931 1229; x_wconf 76' lang='lat' dir='ltr'><strong>concilians</strong></span> <span class='ocrx_word' id='word_1_55' title='bbox 958 1184 1053 1222; x_wconf 87' lang='lat' dir='ltr'><strong>eos</strong></span> <span class='ocrx_word' id='word_1_56' title='bbox 1082 1181 1219 1236; x_wconf 88' lang='lat' dir='ltr'><strong>quos</strong></span> <span class='ocrx_word' id='word_1_57' title='bbox 1249 1164 1421 1232; x_wconf 88' lang='lat' dir='ltr'><strong>prima</strong></span> <span class='ocrx_word' id='word_1_58' title='bbox 1449 1161 1778 1216; x_wconf 81' lang='lat' dir='ltr'><strong>dissociarat</strong></span> <span class='ocrx_word' id='word_1_59' title='bbox 1823 1158 2004 1212; x_wconf 88' lang='lat' dir='ltr'><strong>inimi-</strong></span> 
     </span>
    </p>
   </div>
   <div class='ocr_carea' id='block_1_10' title="bbox 432 1252 2007 1334">
    <p class='ocr_par' dir='ltr' id='par_1_10' title="bbox 432 1252 2007 1334">
     <span class='ocr_line' id='line_1_10' title="bbox 432 1252 2007 1334; baseline -0.015 -8"><span class='ocrx_word' id='word_1_60' title='bbox 432 1273 560 1327; x_wconf 87' lang='lat' dir='ltr'><strong>citia</strong></span> <span class='ocrx_word' id='word_1_61' title='bbox 589 1270 612 1324; x_wconf 84' lang='lat'><strong>?</strong></span> <span class='ocrx_word' id='word_1_62' title='bbox 652 1267 801 1334; x_wconf 82' lang='lat' dir='ltr'><strong>Quod</strong></span> <span class='ocrx_word' id='word_1_63' title='bbox 833 1263 995 1334; x_wconf 79' lang='lat' dir='ltr'><strong>igitur</strong></span> <span class='ocrx_word' id='word_1_64' title='bbox 1023 1261 1200 1327; x_wconf 88' lang='lat' dir='ltr'><strong>reipsa</strong></span> <span class='ocrx_word' id='word_1_65' title='bbox 1228 1256 1386 1320; x_wconf 68' lang='lat' dir='ltr'><strong>fecit,</strong></span> <span class='ocrx_word' id='word_1_66' title='bbox 1427 1257 1527 1310; x_wconf 88' lang='lat' dir='ltr'><strong>hoc</strong></span> <span class='ocrx_word' id='word_1_67' title='bbox 1573 1252 1843 1323; x_wconf 78' lang='lat' dir='ltr'><strong>parabolae</strong></span> <span class='ocrx_word' id='word_1_68' title='bbox 1891 1266 2007 1303; x_wconf 83' lang='lat' dir='ltr'><strong>ser-</strong></span> 
     </span>
    </p>
   </div>
   <div class='ocr_carea' id='block_1_11' title="bbox 435 1345 2009 1428">
    <p class='ocr_par' dir='ltr' id='par_1_11' title="bbox 435 1345 2009 1428">
     <span class='ocr_line' id='line_1_11' title="bbox 435 1345 2009 1428; baseline -0.015 -11"><span class='ocrx_word' id='word_1_69' title='bbox 435 1359 592 1417; x_wconf 75' lang='lat' dir='ltr'><strong>mone</strong></span> <span class='ocrx_word' id='word_1_70' title='bbox 645 1356 1087 1428; x_wconf 61' lang='lat' dir='ltr'><strong>repraseutavit,</strong></span> <span class='ocrx_word' id='word_1_71' title='bbox 1150 1350 1339 1404; x_wconf 82' lang='lat' dir='ltr'><strong>eadem</strong></span> <span class='ocrx_word' id='word_1_72' title='bbox 1406 1361 1568 1416; x_wconf 81' lang='lat' dir='ltr'><strong>opera</strong></span> <span class='ocrx_word' id='word_1_73' title='bbox 1617 1345 1907 1399; x_wconf 83' lang='lat' dir='ltr'><strong>ostendens</strong></span> <span class='ocrx_word' id='word_1_74' title='bbox 1955 1352 2009 1396; x_wconf 85' lang='lat' dir='ltr'><strong>ct</strong></span> 
     </span>
    </p>
   </div>
   <div class='ocr_carea' id='block_1_12' title="bbox 434 1433 2005 1514">
    <p class='ocr_par' dir='ltr' id='par_1_12' title="bbox 434 1433 2005 1514">
     <span class='ocr_line' id='line_1_12' title="bbox 434 1433 2005 1514; baseline -0.014 -7"><span class='ocrx_word' id='word_1_75' title='bbox 434 1451 858 1508; x_wconf 65' lang='lat' dir='ltr'><strong>intercedentem</strong></span> <span class='ocrx_word' id='word_1_76' title='bbox 899 1445 1048 1514; x_wconf 88' lang='lat' dir='ltr'><strong>prius</strong></span> <span class='ocrx_word' id='word_1_77' title='bbox 1077 1443 1218 1495; x_wconf 88' lang='lat' dir='ltr'><strong>inter</strong></span> <span class='ocrx_word' id='word_1_78' title='bbox 1245 1440 1466 1508; x_wconf 81' lang='lat' dir='ltr'><strong>angelos</strong></span> <span class='ocrx_word' id='word_1_79' title='bbox 1542 1437 1894 1504; x_wconf 83' lang='lat' dir='ltr'><strong>hominesque</strong></span> <span class='ocrx_word' id='word_1_80' title='bbox 1933 1433 2005 1486; x_wconf 86' lang='lat' dir='ltr'><strong>si-</strong></span> 
     </span>
    </p>
   </div>
   <div class='ocr_carea' id='block_1_13' title="bbox 415 1530 2001 1608">
    <p class='ocr_par' dir='ltr' id='par_1_13' title="bbox 415 1530 2001 1608">
     <span class='ocr_line' id='line_1_13' title="bbox 415 1530 2001 1608; baseline -0.016 -5"><span class='ocrx_word' id='word_1_81' title='bbox 415 1548 738 1608; x_wconf 55' lang='lat' dir='ltr'><strong>.multatetn,</strong></span> <span class='ocrx_word' id='word_1_82' title='bbox 769 1553 823 1594; x_wconf 91' lang='lat' dir='ltr'><strong>ct</strong></span> <span class='ocrx_word' id='word_1_83' title='bbox 872 1539 1070 1593; x_wconf 76' lang='lat' dir='ltr'><strong>factam</strong></span> <span class='ocrx_word' id='word_1_84' title='bbox 1119 1544 1304 1604; x_wconf 84' lang='lat' dir='ltr'><strong>postea</strong></span> <span class='ocrx_word' id='word_1_85' title='bbox 1349 1530 1847 1586; x_wconf 81' lang='lat' dir='ltr'><strong>reconciliationem</strong></span> <span class='ocrx_word' id='word_1_86' title='bbox 1904 1541 2001 1594; x_wconf 88' lang='lat' dir='ltr'><strong>per</strong></span> 
     </span>
    </p>
   </div>
   <div class='ocr_carea' id='block_1_14' title="bbox 431 1621 2006 1705">
    <p class='ocr_par' dir='ltr' id='par_1_14' title="bbox 431 1621 2006 1705">
     <span class='ocr_line' id='line_1_14' title="bbox 431 1621 2006 1705; baseline -0.014 -12"><span class='ocrx_word' id='word_1_87' title='bbox 431 1655 577 1702; x_wconf 85' lang='lat' dir='ltr'><strong>cum,</strong></span> <span class='ocrx_word' id='word_1_88' title='bbox 613 1637 704 1705; x_wconf 87' lang='lat' dir='ltr'><strong>qui</strong></span> <span class='ocrx_word' id='word_1_89' title='bbox 739 1632 954 1702; x_wconf 78' lang='lat' dir='ltr'><strong>proprio</strong></span> <span class='ocrx_word' id='word_1_90' title='bbox 1006 1627 1274 1694; x_wconf 79' lang='lat' dir='ltr'><strong>sanguine</strong></span> <span class='ocrx_word' id='word_1_91' title='bbox 1301 1625 1571 1693; x_wconf 78' lang='lat' dir='ltr'><strong>copulavit</strong></span> <span class='ocrx_word' id='word_1_92' title='bbox 1601 1621 1844 1676; x_wconf 66' lang='lat' dir='ltr'><strong>caelestia</strong></span> <span class='ocrx_word' id='word_1_93' title='bbox 1895 1630 2006 1672; x_wconf 89' lang='lat' dir='ltr'><strong>ter-</strong></span> 
     </span>
    </p>
   </div>
   <div class='ocr_carea' id='block_1_15' title="bbox 1606 215 2473 279">
    <p class='ocr_par' dir='ltr' id='par_1_15' title="bbox 1606 215 2473 279">
     <span class='ocr_line' id='line_1_15' title="bbox 1606 215 2473 279; baseline -0.007 0"><span class='ocrx_word' id='word_1_94' title='bbox 1606 219 1880 279; x_wconf 66' lang='lat' dir='ltr'><strong>TllEUI’I</strong></span> <span class='ocrx_word' id='word_1_95' title='bbox 1895 219 2094 277; x_wconf 68' lang='lat' dir='ltr'><strong>IANIS</strong></span> <span class='ocrx_word' id='word_1_96' title='bbox 2133 215 2473 277; x_wconf 64' lang='lat' dir='ltr'><strong>CERAMEI</strong></span> 
     </span>
    </p>
   </div>
   <div class='ocr_carea' id='block_1_16' title="bbox 644 321 2008 404">
    <p class='ocr_par' dir='ltr' id='par_1_16' title="bbox 644 331 1999 404">
     <span class='ocr_line' id='line_1_16' title="bbox 644 331 1999 404; baseline -0.014 -4"><span class='ocrx_word' id='word_1_97' title='bbox 644 343 945 404; x_wconf 69' lang='lat' dir='ltr'><strong>tradidisti;</strong></span> <span class='ocrx_word' id='word_1_98' title='bbox 983 348 1038 391; x_wconf 89' lang='lat' dir='ltr'><strong>at</strong></span> <span class='ocrx_word' id='word_1_99' title='bbox 1085 336 1362 390; x_wconf 85' lang='lat' dir='ltr'><strong>hominum</strong></span> <span class='ocrx_word' id='word_1_100' title='bbox 1399 332 1590 386; x_wconf 79' lang='lat' dir='ltr'><strong>salutis</strong></span> <span class='ocrx_word' id='word_1_101' title='bbox 1626 349 1786 383; x_wconf 68' lang='lat' dir='ltr'><strong>causa</strong></span> <span class='ocrx_word' id='word_1_102' title='bbox 1823 331 1999 398; x_wconf 83' lang='lat' dir='ltr'><strong>ipsum</strong></span> 
     </span>
    </p>
   </div>
   <div class='ocr_carea' id='block_1_17' title="bbox 2119 321 3697 404">
    <p class='ocr_par' dir='ltr' id='par_1_17' title="bbox 2119 321 3697 396">
     <span class='ocr_line' id='line_1_17' title="bbox 2119 321 3697 396; baseline -0.003 -16"><span class='ocrx_word' id='word_1_103' title='bbox 2119 327 2326 380; x_wconf 68' lang='grc' dir='ltr'>ἁσεεών</span> <span class='ocrx_word' id='word_1_104' title='bbox 2375 325 2680 396; x_wconf 72' lang='grc' dir='ltr'>ἀνθρώπων</span> <span class='ocrx_word' id='word_1_105' title='bbox 2729 325 2824 388; x_wconf 75' lang='grc' dir='ltr'><strong>καὶ</strong></span> <span class='ocrx_word' id='word_1_106' title='bbox 2875 324 3169 395; x_wconf 73' lang='grc' dir='ltr'><strong>βδελυρῶν,</strong></span> <span class='ocrx_word' id='word_1_107' title='bbox 3225 321 3303 387; x_wconf 56' lang='grc' dir='ltr'>οἷς</span> <span class='ocrx_word' id='word_1_108' title='bbox 3356 323 3697 396; x_wconf 72' lang='grc' dir='ltr'><strong>ἀπηχθόμην</strong></span> 
     </span>
    </p>
   </div>
   <div class='ocr_carea' id='block_1_18' title="bbox 3531 206 3698 288">
    <p class='ocr_par' dir='ltr' id='par_1_18' title="bbox 3531 206 3698 288">
     <span class='ocr_line' id='line_1_18' title="bbox 3531 206 3698 288; baseline -0.006 -17"><span class='ocrx_word' id='word_1_109' title='bbox 3531 206 3698 288; x_wconf 63' lang='grc'>,396</span> 
     </span>
    </p>
   </div>
   <div class='ocr_carea' id='block_1_19' title="bbox 2108 417 3699 488">
    <p class='ocr_par' dir='ltr' id='par_1_19' title="bbox 2108 417 3699 488">
     <span class='ocr_line' id='line_1_19' title="bbox 2108 417 3699 488; baseline -0.002 -18"><span class='ocrx_word' id='word_1_110' title='bbox 2108 417 2240 486; x_wconf 78' lang='grc' dir='ltr'>ἐγὼ,</span> <span class='ocrx_word' id='word_1_111' title='bbox 2281 421 2358 481; x_wconf 88' lang='grc' dir='ltr'>εἰς</span> <span class='ocrx_word' id='word_1_112' title='bbox 2385 419 2604 487; x_wconf 68' lang='grc' dir='ltr'>ίρλεθρον</span> <span class='ocrx_word' id='word_1_113' title='bbox 2638 417 2878 481; x_wconf 75' lang='grc' dir='ltr'>δέδωκας</span> <span class='ocrx_word' id='word_1_114' title='bbox 2914 419 3075 488; x_wconf 81' lang='grc' dir='ltr'><strong>χάριν</strong></span> <span class='ocrx_word' id='word_1_115' title='bbox 3104 420 3246 487; x_wconf 77' lang='grc' dir='ltr'>ἐμὴν</span> <span class='ocrx_word' id='word_1_116' title='bbox 3270 435 3280 447; x_wconf 90' lang='grc'>·</span> <span class='ocrx_word' id='word_1_117' title='bbox 3317 418 3458 486; x_wconf 83' lang='grc' dir='ltr'>ὑπὲρ</span> <span class='ocrx_word' id='word_1_118' title='bbox 3510 417 3567 470; x_wconf 79' lang='grc' dir='ltr'>δὲ</span> <span class='ocrx_word' id='word_1_119' title='bbox 3591 417 3699 484; x_wconf 71' lang='grc' dir='ltr'>τῆς</span> 
     </span>
    </p>
   </div>
   <div class='ocr_carea' id='block_1_20' title="bbox 2106 510 3697 580">
    <p class='ocr_par' dir='ltr' id='par_1_20' title="bbox 2106 510 3697 580">
     <span class='ocr_line' id='line_1_20' title="bbox 2106 510 3697 580; baseline -0.002 -18"><span class='ocrx_word' id='word_1_120' title='bbox 2106 513 2215 562; x_wconf 78' lang='grc' dir='ltr'>τῶν</span> <span class='ocrx_word' id='word_1_121' title='bbox 2249 510 2554 580; x_wconf 77' lang='grc' dir='ltr'>ἀνθρώπων</span> <span class='ocrx_word' id='word_1_122' title='bbox 2589 514 2865 579; x_wconf 76' lang='grc' dir='ltr'><strong>σωτηρίας</strong></span> <span class='ocrx_word' id='word_1_123' title='bbox 2923 511 3084 563; x_wconf 67' lang='grc' dir='ltr'>αὑτὸν</span> <span class='ocrx_word' id='word_1_124' title='bbox 3112 511 3353 569; x_wconf 82' lang='grc' dir='ltr'>τέθοκας</span> <span class='ocrx_word' id='word_1_125' title='bbox 3391 511 3482 562; x_wconf 84' lang='grc' dir='ltr'><strong>τὸν</strong></span> <span class='ocrx_word' id='word_1_126' title='bbox 3511 510 3697 563; x_wconf 61' lang='lat' dir='ltr'><strong>Move-</strong></span> 
     </span>
    </p>
   </div>
   <div class='ocr_carea' id='block_1_21' title="bbox 2107 599 3476 674">
    <p class='ocr_par' dir='ltr' id='par_1_21' title="bbox 2107 599 3476 674">
     <span class='ocr_line' id='line_1_21' title="bbox 2107 599 3476 674; baseline -0.004 -18"><span class='ocrx_word' id='word_1_127' title='bbox 2107 603 2262 674; x_wconf 80' lang='grc' dir='ltr'>γενῆ.</span> <span class='ocrx_word' id='word_1_128' title='bbox 2296 603 2361 656; x_wconf 87' lang='grc' dir='ltr'><strong>Τί</strong></span> <span class='ocrx_word' id='word_1_129' title='bbox 2399 599 2493 656; x_wconf 81' lang='grc' dir='ltr'>οὖν</span> <span class='ocrx_word' id='word_1_130' title='bbox 2514 605 2540 656; x_wconf 99' lang='lat'><strong>6</strong></span> <span class='ocrx_word' id='word_1_131' title='bbox 2569 603 2746 666; x_wconf 76' lang='grc' dir='ltr'>κοινὸς</span> <span class='ocrx_word' id='word_1_132' title='bbox 2785 603 2971 673; x_wconf 84' lang='grc' dir='ltr'>ιιατὴρ</span> <span class='ocrx_word' id='word_1_133' title='bbox 3005 603 3102 654; x_wconf 73' lang='grc' dir='ltr'><strong>καὶ</strong></span> <span class='ocrx_word' id='word_1_134' title='bbox 3130 601 3476 670; x_wconf 81' lang='grc' dir='ltr'>Δημιουργός</span> 
     </span>
    </p>
   </div>
   <div class='ocr_carea' id='block_1_22' title="bbox 2185 691 3701 764">
    <p class='ocr_par' dir='ltr' id='par_1_22' title="bbox 2185 691 3701 764">
     <span class='ocr_line' id='line_1_22' title="bbox 2185 691 3701 764; baseline -0.005 -12"><span class='ocrx_word' id='word_1_135' title='bbox 2185 718 2204 752; x_wconf 77' lang='grc' dir='ltr'><strong>ι</strong></span> <span class='ocrx_word' id='word_1_136' title='bbox 2252 696 2474 760; x_wconf 82' lang='grc' dir='ltr'><strong>Τέκνον,</strong></span> <span class='ocrx_word' id='word_1_137' title='bbox 2512 695 2576 748; x_wconf 81' lang='grc' dir='ltr'><strong>σὺ</strong></span> <span class='ocrx_word' id='word_1_138' title='bbox 2614 695 2848 748; x_wconf 63' lang='grc' dir='ltr'>πάντοτε</span> <span class='ocrx_word' id='word_1_139' title='bbox 2879 695 2995 764; x_wconf 88' lang='grc' dir='ltr'>μετ’</span> <span class='ocrx_word' id='word_1_140' title='bbox 3019 694 3157 763; x_wconf 73' lang='grc' dir='ltr'>ιμοῦ</span> <span class='ocrx_word' id='word_1_141' title='bbox 3189 691 3259 757; x_wconf 77' lang='grc' dir='ltr'><strong>εἴ,</strong></span> <span class='ocrx_word' id='word_1_142' title='bbox 3291 695 3384 746; x_wconf 84' lang='grc' dir='ltr'><strong>καὶ</strong></span> <span class='ocrx_word' id='word_1_143' title='bbox 3426 695 3606 746; x_wconf 66' lang='grc' dir='ltr'>πάντα</span> <span class='ocrx_word' id='word_1_144' title='bbox 3628 696 3701 745; x_wconf 67' lang='grc' dir='ltr'><strong>τὰ</strong></span> 
     </span>
    </p>
   </div>
   <div class='ocr_carea' id='block_1_23' title="bbox 2107 787 3698 860">
    <p class='ocr_par' dir='ltr' id='par_1_23' title="bbox 2107 787 3698 860">
     <span class='ocr_line' id='line_1_23' title="bbox 2107 787 3698 860; baseline -0.005 -15"><span class='ocrx_word' id='word_1_145' title='bbox 2107 793 2220 860; x_wconf 82' lang='grc' dir='ltr'><strong>ἐμά</strong></span> <span class='ocrx_word' id='word_1_146' title='bbox 2276 791 2346 843; x_wconf 79' lang='grc' dir='ltr'>σά</span> <span class='ocrx_word' id='word_1_147' title='bbox 2402 792 2571 842; x_wconf 80' lang='grc' dir='ltr'>ἐστιν.</span> <span class='ocrx_word' id='word_1_148' title='bbox 2607 788 2997 858; x_wconf 59' lang='grc' dir='ltr'>Εὑρρανθῆναι</span> <span class='ocrx_word' id='word_1_149' title='bbox 3059 787 3116 838; x_wconf 82' lang='grc' dir='ltr'>δὲ</span> <span class='ocrx_word' id='word_1_150' title='bbox 3161 788 3257 839; x_wconf 74' lang='grc' dir='ltr'>καὶ</span> <span class='ocrx_word' id='word_1_151' title='bbox 3286 787 3528 856; x_wconf 80' lang='grc' dir='ltr'>χαρῆναι</span> <span class='ocrx_word' id='word_1_152' title='bbox 3561 787 3698 849; x_wconf 78' lang='grc' dir='ltr'>ἔδει,</span> 
     </span>
    </p>
   </div>
   <div class='ocr_carea' id='block_1_24' title="bbox 2109 875 3704 950">
    <p class='ocr_par' dir='ltr' id='par_1_24' title="bbox 2109 875 3704 950">
     <span class='ocr_line' id='line_1_24' title="bbox 2109 875 3704 950; baseline -0.004 -13"><span class='ocrx_word' id='word_1_153' title='bbox 2109 886 2191 938; x_wconf 81' lang='grc' dir='ltr'>ὅτι</span> <span class='ocrx_word' id='word_1_154' title='bbox 2225 886 2252 937; x_wconf 93' lang='lat'><strong>6</strong></span> <span class='ocrx_word' id='word_1_155' title='bbox 2287 883 2510 950; x_wconf 75' lang='grc' dir='ltr'>ἀδελφός</span> <span class='ocrx_word' id='word_1_156' title='bbox 2538 899 2632 934; x_wconf 69' lang='grc' dir='ltr'><strong>σου</strong></span> <span class='ocrx_word' id='word_1_157' title='bbox 2672 875 2830 943; x_wconf 74' lang='grc' dir='ltr'>οὗτος</span> <span class='ocrx_word' id='word_1_158' title='bbox 2854 881 3044 949; x_wconf 83' lang='grc' dir='ltr'>νεκρὸς</span> <span class='ocrx_word' id='word_1_159' title='bbox 3067 875 3157 948; x_wconf 78' lang='grc' dir='ltr'>ἦν,</span> <span class='ocrx_word' id='word_1_160' title='bbox 3187 881 3282 932; x_wconf 85' lang='grc' dir='ltr'><strong>καί</strong></span> <span class='ocrx_word' id='word_1_161' title='bbox 3319 878 3580 948; x_wconf 65' lang='grc' dir='ltr'>ἀκέζησε,</span> <span class='ocrx_word' id='word_1_162' title='bbox 3602 880 3704 930; x_wconf 53' lang='lat' dir='ltr'><strong>Lai.</strong></span> 
     </span>
    </p>
   </div>
   <div class='ocr_carea' id='block_1_25' title="bbox 2110 970 3705 1044">
    <p class='ocr_par' dir='ltr' id='par_1_25' title="bbox 2110 970 3705 1044">
     <span class='ocr_line' id='line_1_25' title="bbox 2110 970 3705 1044; baseline -0.006 -15"><span class='ocrx_word' id='word_1_163' title='bbox 2110 974 2409 1037; x_wconf 89' lang='grc' dir='ltr'>ἀπολωλὼς</span> <span class='ocrx_word' id='word_1_164' title='bbox 2445 970 2534 1044; x_wconf 82' lang='grc' dir='ltr'>ἦν,</span> <span class='ocrx_word' id='word_1_165' title='bbox 2585 982 2679 1026; x_wconf 81' lang='grc' dir='ltr'>καὶ</span> <span class='ocrx_word' id='word_1_166' title='bbox 2729 971 2956 1042; x_wconf 75' lang='grc' dir='ltr'>εὑρέθη.</span> <span class='ocrx_word' id='word_1_167' title='bbox 2997 991 3016 1023; x_wconf 74' lang='grc' dir='ltr'><strong>ι</strong></span> <span class='ocrx_word' id='word_1_168' title='bbox 3063 971 3225 1041; x_wconf 85' lang='grc' dir='ltr'>Ὁρᾷς</span> <span class='ocrx_word' id='word_1_169' title='bbox 3280 972 3428 1033; x_wconf 78' lang='grc' dir='ltr'>ὅπως</span> <span class='ocrx_word' id='word_1_170' title='bbox 3479 972 3705 1040; x_wconf 81' lang='grc' dir='ltr'>εἰρηνο-</span> 
     </span>
    </p>
   </div>
   <div class='ocr_carea' id='block_1_26' title="bbox 2113 1065 3705 1134">
    <p class='ocr_par' dir='ltr' id='par_1_26' title="bbox 2113 1065 3705 1134">
     <span class='ocr_line' id='line_1_26' title="bbox 2113 1065 3705 1134; baseline -0.004 -13"><span class='ocrx_word' id='word_1_171' title='bbox 2113 1070 2281 1133; x_wconf 84' lang='grc' dir='ltr'>ποιεῖ,</span> <span class='ocrx_word' id='word_1_172' title='bbox 2332 1071 2423 1120; x_wconf 88' lang='grc' dir='ltr'>καί</span> <span class='ocrx_word' id='word_1_173' title='bbox 2483 1067 2603 1118; x_wconf 79' lang='grc' dir='ltr'>λύει</span> <span class='ocrx_word' id='word_1_174' title='bbox 2646 1067 2710 1118; x_wconf 79' lang='grc' dir='ltr'><strong>τὸ</strong></span> <span class='ocrx_word' id='word_1_175' title='bbox 2762 1065 2862 1134; x_wconf 77' lang='grc' dir='ltr'><strong>τῆς</strong></span> <span class='ocrx_word' id='word_1_176' title='bbox 2916 1067 3112 1134; x_wconf 74' lang='grc' dir='ltr'>ἔχθρας</span> <span class='ocrx_word' id='word_1_177' title='bbox 3159 1066 3494 1134; x_wconf 67' lang='grc' dir='ltr'>μεεό;οιχον,</span> <span class='ocrx_word' id='word_1_178' title='bbox 3531 1069 3608 1125; x_wconf 71' lang='grc' dir='ltr'><strong>εις</strong></span> <span class='ocrx_word' id='word_1_179' title='bbox 3639 1065 3705 1115; x_wconf 79' lang='grc' dir='ltr'>ἓν</span> 
     </span>
    </p>
   </div>
   <div class='ocr_carea' id='block_1_27' title="bbox 2113 1157 3705 1230">
    <p class='ocr_par' dir='ltr' id='par_1_27' title="bbox 2113 1157 3705 1230">
     <span class='ocr_line' id='line_1_27' title="bbox 2113 1157 3705 1230; baseline -0.004 -13"><span class='ocrx_word' id='word_1_180' title='bbox 2113 1164 2422 1224; x_wconf 75' lang='grc' dir='ltr'><strong>συνάπτων,</strong></span> <span class='ocrx_word' id='word_1_181' title='bbox 2457 1161 2602 1230; x_wconf 78' lang='grc' dir='ltr'>ἀπερ</span> <span class='ocrx_word' id='word_1_182' title='bbox 2633 1162 2666 1229; x_wconf 80' lang='grc' dir='ltr'>ἡ</span> <span class='ocrx_word' id='word_1_183' title='bbox 2691 1159 2886 1230; x_wconf 84' lang='grc' dir='ltr'><strong>πρώτη</strong></span> <span class='ocrx_word' id='word_1_184' title='bbox 2919 1160 3087 1228; x_wconf 71' lang='grc' dir='ltr'>ἔχθρα</span> <span class='ocrx_word' id='word_1_185' title='bbox 3114 1159 3386 1227; x_wconf 70' lang='grc' dir='ltr'><strong>διέσχισεν</strong></span> <span class='ocrx_word' id='word_1_186' title='bbox 3412 1175 3426 1221; x_wconf 87' lang='lat'><strong>;</strong></span> <span class='ocrx_word' id='word_1_187' title='bbox 3460 1161 3526 1210; x_wconf 86' lang='grc' dir='ltr'><em>Ὃ</em></span> <span class='ocrx_word' id='word_1_188' title='bbox 3563 1157 3705 1222; x_wconf 72' lang='grc' dir='ltr'>γοῦν</span> 
     </span>
    </p>
   </div>
   <div class='ocr_carea' id='block_1_28' title="bbox 2111 1249 3706 1322">
    <p class='ocr_par' dir='ltr' id='par_1_28' title="bbox 2111 1249 3706 1322">
     <span class='ocr_line' id='line_1_28' title="bbox 2111 1249 3706 1322; baseline -0.006 -13"><span class='ocrx_word' id='word_1_189' title='bbox 2111 1258 2293 1316; x_wconf 69' lang='grc' dir='ltr'>αὐτοῖς</span> <span class='ocrx_word' id='word_1_190' title='bbox 2326 1256 2508 1322; x_wconf 77' lang='grc' dir='ltr'>ἔργοις</span> <span class='ocrx_word' id='word_1_191' title='bbox 2549 1253 2854 1320; x_wconf 74' lang='grc' dir='ltr'><strong>ἐπλήρωσε,</strong></span> <span class='ocrx_word' id='word_1_192' title='bbox 2903 1251 3061 1304; x_wconf 85' lang='grc' dir='ltr'>τοῦτο</span> <span class='ocrx_word' id='word_1_193' title='bbox 3111 1252 3196 1302; x_wconf 69' lang='grc' dir='ltr'><strong>διὰ</strong></span> <span class='ocrx_word' id='word_1_194' title='bbox 3229 1251 3342 1302; x_wconf 78' lang='grc' dir='ltr'><strong>τῶν</strong></span> <span class='ocrx_word' id='word_1_195' title='bbox 3387 1249 3567 1316; x_wconf 69' lang='grc' dir='ltr'>λόγων</span> <span class='ocrx_word' id='word_1_196' title='bbox 3595 1250 3706 1316; x_wconf 65' lang='grc' dir='ltr'>τῆς</span> 
     </span>
    </p>
   </div>
   <div class='ocr_carea' id='block_1_29' title="bbox 2113 1344 3707 1418">
    <p class='ocr_par' dir='ltr' id='par_1_29' title="bbox 2113 1344 3707 1418">
     <span class='ocr_line' id='line_1_29' title="bbox 2113 1344 3707 1418; baseline -0.005 -16"><span class='ocrx_word' id='word_1_197' title='bbox 2113 1348 2428 1418; x_wconf 78' lang='grc' dir='ltr'>παραϐολῆς</span> <span class='ocrx_word' id='word_1_198' title='bbox 2469 1345 2838 1415; x_wconf 66' lang='grc' dir='ltr'><strong>ἐσχημάτισεν</strong></span> <span class='ocrx_word' id='word_1_199' title='bbox 2864 1359 2878 1370; x_wconf 83' lang='grc'>⁶</span> <span class='ocrx_word' id='word_1_200' title='bbox 2910 1346 2967 1395; x_wconf 87' lang='grc' dir='ltr'><strong>ἐν</strong></span> <span class='ocrx_word' id='word_1_201' title='bbox 2996 1344 3174 1412; x_wconf 77' lang='grc' dir='ltr'><strong>ταύτῷ</strong></span> <span class='ocrx_word' id='word_1_202' title='bbox 3198 1344 3562 1411; x_wconf 43' lang='grc' dir='ltr'>δηλαποιςσα,</span> <span class='ocrx_word' id='word_1_203' title='bbox 3602 1344 3707 1394; x_wconf 69' lang='grc' dir='ltr'>καὶ</span> 
     </span>
    </p>
   </div>
   <div class='ocr_carea' id='block_1_30' title="bbox 2109 1434 3703 1512">
    <p class='ocr_par' dir='ltr' id='par_1_30' title="bbox 2109 1434 3703 1512">
     <span class='ocr_line' id='line_1_30' title="bbox 2109 1434 3703 1512; baseline -0.004 -20"><span class='ocrx_word' id='word_1_204' title='bbox 2109 1447 2208 1512; x_wconf 77' lang='grc' dir='ltr'>τὴν</span> <span class='ocrx_word' id='word_1_205' title='bbox 2235 1440 2402 1494; x_wconf 73' lang='grc' dir='ltr'>πάλαι</span> <span class='ocrx_word' id='word_1_206' title='bbox 2425 1440 2532 1491; x_wconf 86' lang='grc' dir='ltr'><strong>τών</strong></span> <span class='ocrx_word' id='word_1_207' title='bbox 2560 1438 2811 1504; x_wconf 79' lang='grc' dir='ltr'>ἀγγέλων</span> <span class='ocrx_word' id='word_1_208' title='bbox 2845 1437 2984 1507; x_wconf 79' lang='grc' dir='ltr'>πρὸς</span> <span class='ocrx_word' id='word_1_209' title='bbox 3007 1437 3331 1503; x_wconf 80' lang='grc' dir='ltr'>ἀνθρώπους</span> <span class='ocrx_word' id='word_1_210' title='bbox 3367 1434 3703 1503; x_wconf 75' lang='grc' dir='ltr'>ἀπέχθειαν,</span> 
     </span>
    </p>
   </div>
   <div class='ocr_carea' id='block_1_31' title="bbox 2112 1525 3708 1601">
    <p class='ocr_par' dir='ltr' id='par_1_31' title="bbox 2112 1525 3708 1601">
     <span class='ocr_line' id='line_1_31' title="bbox 2112 1525 3708 1601; baseline -0.006 -16"><span class='ocrx_word' id='word_1_211' title='bbox 2112 1533 2208 1586; x_wconf 78' lang='grc' dir='ltr'>καὶ</span> <span class='ocrx_word' id='word_1_212' title='bbox 2236 1533 2335 1601; x_wconf 79' lang='grc' dir='ltr'>τὴν</span> <span class='ocrx_word' id='word_1_213' title='bbox 2368 1530 2599 1599; x_wconf 76' lang='grc' dir='ltr'>ὕστερον</span> <span class='ocrx_word' id='word_1_214' title='bbox 2627 1530 2931 1598; x_wconf 70' lang='grc' dir='ltr'>γενομένην</span> <span class='ocrx_word' id='word_1_215' title='bbox 2953 1525 3302 1596; x_wconf 71' lang='grc' dir='ltr'>καταλλαγὴν</span> <span class='ocrx_word' id='word_1_216' title='bbox 3327 1526 3415 1578; x_wconf 67' lang='grc' dir='ltr'><strong>διὰ</strong></span> <span class='ocrx_word' id='word_1_217' title='bbox 3445 1525 3540 1578; x_wconf 84' lang='grc' dir='ltr'><strong>τοῦ</strong></span> <span class='ocrx_word' id='word_1_218' title='bbox 3561 1527 3708 1577; x_wconf 76' lang='grc' dir='ltr'>ἐνώ-</span> 
     </span>
    </p>
   </div>
   <div class='ocr_carea' id='block_1_32' title="bbox 2113 1620 3708 1693">
    <p class='ocr_par' dir='ltr' id='par_1_32' title="bbox 2113 1620 3708 1693">
     <span class='ocr_line' id='line_1_32' title="bbox 2113 1620 3708 1693; baseline -0.004 -17"><span class='ocrx_word' id='word_1_219' title='bbox 2113 1642 2308 1687; x_wconf 88' lang='grc' dir='ltr'>σαντος</span> <span class='ocrx_word' id='word_1_220' title='bbox 2362 1625 2438 1691; x_wconf 78' lang='grc' dir='ltr'><strong>τῷ</strong></span> <span class='ocrx_word' id='word_1_221' title='bbox 2496 1623 2610 1693; x_wconf 83' lang='grc' dir='ltr'><strong>ἰδίῳ</strong></span> <span class='ocrx_word' id='word_1_222' title='bbox 2660 1623 2858 1690; x_wconf 80' lang='grc' dir='ltr'>αἵματι</span> <span class='ocrx_word' id='word_1_223' title='bbox 2914 1624 3032 1682; x_wconf 83' lang='grc' dir='ltr'>τοῖς</span> <span class='ocrx_word' id='word_1_224' title='bbox 3082 1621 3357 1688; x_wconf 71' lang='grc' dir='ltr'><strong>οὐρανίοις</strong></span> <span class='ocrx_word' id='word_1_225' title='bbox 3381 1620 3450 1672; x_wconf 83' lang='grc' dir='ltr'><strong>τά</strong></span> <span class='ocrx_word' id='word_1_226' title='bbox 3475 1621 3708 1686; x_wconf 75' lang='grc' dir='ltr'><strong>ἐπίγεια</strong></span> 
     </span>
    </p>
   </div>
   <div class='ocr_carea' id='block_1_33' title="bbox 399 1687 2008 1793">
    <p class='ocr_par' dir='ltr' id='par_1_33' title="bbox 399 1687 2006 1793">
     <span class='ocr_line' id='line_1_33' title="bbox 434 1687 1384 1705; baseline -0.012 -1"><span class='ocrx_word' id='word_1_227' title='bbox 620 1687 648 1705; x_wconf 60' lang='grc' dir='ltr'><strong>τ</strong></span> <span class='ocrx_word' id='word_1_228' title='bbox 676 1687 701 1688; x_wconf 53' lang='grc' dir='ltr'>η</span> <span class='ocrx_word' id='word_1_229' title='bbox 740 1687 751 1702; x_wconf 92' lang='grc'>.</span> <span class='ocrx_word' id='word_1_230' title='bbox 841 1687 853 1700; x_wconf 91' lang='grc'>.</span> <span class='ocrx_word' id='word_1_231' title='bbox 1111 1687 1137 1694; x_wconf 76' lang='lat'><strong>-</strong></span> <span class='ocrx_word' id='word_1_232' title='bbox 1371 1687 1384 1693; x_wconf 87' lang='lat'><strong>-</strong></span> 
     </span>
     <span class='ocr_line' id='line_1_34' title="bbox 399 1713 2006 1793; baseline -0.014 -7"><span class='ocrx_word' id='word_1_233' title='bbox 399 1729 905 1793; x_wconf 81' lang='lat' dir='ltr'><strong>-reuis,Christum</strong></span> <span class='ocrx_word' id='word_1_234' title='bbox 954 1736 1138 1773; x_wconf 86' lang='lat' dir='ltr'><strong>verum</strong></span> <span class='ocrx_word' id='word_1_235' title='bbox 1196 1719 1360 1771; x_wconf 83' lang='lat' dir='ltr'><strong>Deum</strong></span> <span class='ocrx_word' id='word_1_236' title='bbox 1417 1725 1685 1777; x_wconf 83' lang='lat' dir='ltr'><strong>nostrum,</strong></span> <span class='ocrx_word' id='word_1_237' title='bbox 1740 1713 1831 1782; x_wconf 87' lang='lat' dir='ltr'><strong>qui</strong></span> <span class='ocrx_word' id='word_1_238' title='bbox 1883 1727 2006 1766; x_wconf 87' lang='lat' dir='ltr'><strong>cum</strong></span> 
     </span>
    </p>
   </div>
   <div class='ocr_carea' id='block_1_34' title="bbox 2119 1687 3710 1793">
    <p class='ocr_par' dir='ltr' id='par_1_34' title="bbox 2119 1711 3710 1788">
     <span class='ocr_line' id='line_1_35' title="bbox 2119 1711 3710 1788; baseline -0.007 -16"><span class='ocrx_word' id='word_1_239' title='bbox 2119 1717 2356 1788; x_wconf 81' lang='grc' dir='ltr'><strong>Χριστοῦ</strong></span> <span class='ocrx_word' id='word_1_240' title='bbox 2385 1715 2478 1768; x_wconf 87' lang='grc' dir='ltr'><strong>τοῦ</strong></span> <span class='ocrx_word' id='word_1_241' title='bbox 2511 1713 2771 1784; x_wconf 77' lang='grc' dir='ltr'><strong>ἀληθινοῦ</strong></span> <span class='ocrx_word' id='word_1_242' title='bbox 2825 1711 2962 1765; x_wconf 83' lang='grc' dir='ltr'>Θεοῦ</span> <span class='ocrx_word' id='word_1_243' title='bbox 3005 1712 3188 1781; x_wconf 78' lang='grc' dir='ltr'>ἡμῶν,</span> <span class='ocrx_word' id='word_1_244' title='bbox 3216 1711 3309 1763; x_wconf 78' lang='grc' dir='ltr'><strong>τοῦ</strong></span> <span class='ocrx_word' id='word_1_245' title='bbox 3361 1713 3459 1763; x_wconf 67' lang='grc' dir='ltr'><strong>σὺν</strong></span> <span class='ocrx_word' id='word_1_246' title='bbox 3520 1713 3710 1777; x_wconf 69' lang='grc' dir='ltr'>Πατρὶ</span> 
     </span>
    </p>
   </div>
   <div class='ocr_carea' id='block_1_35' title="bbox 434 1809 2007 1881">
    <p class='ocr_par' dir='ltr' id='par_1_35' title="bbox 434 1809 2007 1881">
     <span class='ocr_line' id='line_1_36' title="bbox 434 1809 2007 1881; baseline -0.013 -4"><span class='ocrx_word' id='word_1_247' title='bbox 434 1825 592 1877; x_wconf 76' lang='lat' dir='ltr'><strong>Patre</strong></span> <span class='ocrx_word' id='word_1_248' title='bbox 655 1830 710 1873; x_wconf 91' lang='lat' dir='ltr'><strong>et</strong></span> <span class='ocrx_word' id='word_1_249' title='bbox 749 1827 936 1872; x_wconf 84' lang='lat' dir='ltr'><strong>sancto</strong></span> <span class='ocrx_word' id='word_1_250' title='bbox 971 1814 1173 1881; x_wconf 86' lang='lat' dir='ltr'><strong>Spiritu</strong></span> <span class='ocrx_word' id='word_1_251' title='bbox 1205 1809 1538 1879; x_wconf 79' lang='lat' dir='ltr'><strong>gloriﬁcatur</strong></span> <span class='ocrx_word' id='word_1_252' title='bbox 1566 1821 1731 1870; x_wconf 83' lang='lat' dir='ltr'><strong>none,</strong></span> <span class='ocrx_word' id='word_1_253' title='bbox 1777 1813 1832 1858; x_wconf 79' lang='lat' dir='ltr'><strong>et</strong></span> <span class='ocrx_word' id='word_1_254' title='bbox 1865 1820 2007 1858; x_wconf 80' lang='lat' dir='ltr'><strong>sein-</strong></span> 
     </span>
    </p>
   </div>
   <div class='ocr_carea' id='block_1_36' title="bbox 435 1904 1510 1984">
    <p class='ocr_par' dir='ltr' id='par_1_36' title="bbox 435 1904 1510 1984">
     <span class='ocr_line' id='line_1_37' title="bbox 435 1904 1510 1984; baseline -0.014 -16"><span class='ocrx_word' id='word_1_255' title='bbox 435 1933 529 1984; x_wconf 84' lang='lat' dir='ltr'><strong>per</strong></span> <span class='ocrx_word' id='word_1_256' title='bbox 559 1923 612 1965; x_wconf 73' lang='lat' dir='ltr'><strong>rt</strong></span> <span class='ocrx_word' id='word_1_257' title='bbox 646 1913 698 1966; x_wconf 90' lang='lat' dir='ltr'><strong>in</strong></span> <span class='ocrx_word' id='word_1_258' title='bbox 732 1909 925 1962; x_wconf 74' lang='lat' dir='ltr'><strong>sa&#39;cula</strong></span> <span class='ocrx_word' id='word_1_259' title='bbox 949 1904 1296 1958; x_wconf 62' lang='lat' dir='ltr'><strong>surculorum.</strong></span> <span class='ocrx_word' id='word_1_260' title='bbox 1317 1904 1510 1954; x_wconf 88' lang='lat' dir='ltr'><strong>Amen.</strong></span> 
     </span>
    </p>
   </div>
   <div class='ocr_carea' id='block_1_37' title="bbox 965 2015 1480 2072">
    <p class='ocr_par' dir='ltr' id='par_1_37' title="bbox 965 2015 1480 2072">
     <span class='ocr_line' id='line_1_38' title="bbox 965 2015 1480 2072; baseline -0.006 0"><span class='ocrx_word' id='word_1_261' title='bbox 965 2017 1248 2072; x_wconf 71' lang='lat' dir='ltr'><strong>HOMIIJA</strong></span> <span class='ocrx_word' id='word_1_262' title='bbox 1290 2015 1480 2070; x_wconf 76' lang='lat' dir='ltr'><strong>XVIII.</strong></span> 
     </span>
    </p>
   </div>
   <div class='ocr_carea' id='block_1_38' title="bbox 413 2107 2010 2175">
    <p class='ocr_par' dir='ltr' id='par_1_38' title="bbox 413 2107 2010 2175">
     <span class='ocr_line' id='line_1_39' title="bbox 413 2107 2010 2175; baseline -0.011 0"><span class='ocrx_word' id='word_1_263' title='bbox 413 2123 498 2175; x_wconf 72' lang='lat' dir='ltr'><strong>Jn</strong></span> <span class='ocrx_word' id='word_1_264' title='bbox 535 2119 628 2174; x_wconf 80' lang='lat' dir='ltr'><strong>illa</strong></span> <span class='ocrx_word' id='word_1_265' title='bbox 653 2117 847 2172; x_wconf 80' lang='lat' dir='ltr'><strong>verba:</strong></span> <span class='ocrx_word' id='word_1_266' title='bbox 889 2133 905 2164; x_wconf 82' lang='grc' dir='ltr'><strong>ι</strong></span> <span class='ocrx_word' id='word_1_267' title='bbox 950 2113 1082 2165; x_wconf 85' lang='lat' dir='ltr'><strong>Cum</strong></span> <span class='ocrx_word' id='word_1_268' title='bbox 1120 2111 1311 2163; x_wconf 78' lang='lat' dir='ltr'><strong>venerit</strong></span> <span class='ocrx_word' id='word_1_269' title='bbox 1343 2107 1507 2162; x_wconf 76' lang='lat' dir='ltr'><strong>Filius</strong></span> <span class='ocrx_word' id='word_1_270' title='bbox 1539 2108 1767 2160; x_wconf 78' lang='lat' dir='ltr'><strong>hominis</strong></span> <span class='ocrx_word' id='word_1_271' title='bbox 1807 2109 1863 2160; x_wconf 76' lang='lat' dir='ltr'><strong>in</strong></span> <span class='ocrx_word' id='word_1_272' title='bbox 1897 2108 2010 2175; x_wconf 79' lang='lat' dir='ltr'><strong>glo-</strong></span> 
     </span>
    </p>
   </div>
   <div class='ocr_carea' id='block_1_39' title="bbox 894 2180 1543 2248">
    <p class='ocr_par' dir='ltr' id='par_1_39' title="bbox 894 2180 1543 2248">
     <span class='ocr_line' id='line_1_40' title="bbox 894 2180 1543 2248; baseline -0.008 -11"><span class='ocrx_word' id='word_1_273' title='bbox 894 2186 972 2237; x_wconf 76' lang='lat' dir='ltr'><strong>ria</strong></span> <span class='ocrx_word' id='word_1_274' title='bbox 1013 2201 1135 2244; x_wconf 70' lang='lat' dir='ltr'><strong>stin,</strong></span> <span class='ocrx_word' id='word_1_275' title='bbox 1174 2200 1192 2231; x_wconf 69' lang='grc' dir='ltr'><strong>ι</strong></span> <span class='ocrx_word' id='word_1_276' title='bbox 1237 2190 1285 2233; x_wconf 79' lang='grc' dir='ltr'>ει</span> <span class='ocrx_word' id='word_1_277' title='bbox 1326 2180 1543 2248; x_wconf 81' lang='lat' dir='ltr'><strong>reliqua.</strong></span> 
     </span>
    </p>
   </div>
   <div class='ocr_carea' id='block_1_40' title="bbox 495 2269 2008 2352">
    <p class='ocr_par' dir='ltr' id='par_1_40' title="bbox 495 2269 2008 2352">
     <span class='ocr_line' id='line_1_41' title="bbox 495 2269 2008 2352; baseline -0.011 -14"><span class='ocrx_word' id='word_1_278' title='bbox 495 2285 661 2352; x_wconf 76' lang='lat' dir='ltr'><strong>Quod</strong></span> <span class='ocrx_word' id='word_1_279' title='bbox 688 2280 945 2333; x_wconf 73' lang='lat' dir='ltr'><strong>usuvenit</strong></span> <span class='ocrx_word' id='word_1_280' title='bbox 988 2279 1052 2329; x_wconf 85' lang='lat' dir='ltr'><strong>iis</strong></span> <span class='ocrx_word' id='word_1_281' title='bbox 1084 2276 1174 2343; x_wconf 89' lang='lat' dir='ltr'><strong>qui</strong></span> <span class='ocrx_word' id='word_1_282' title='bbox 1202 2289 1266 2327; x_wconf 85' lang='lat' dir='ltr'><strong>ex</strong></span> <span class='ocrx_word' id='word_1_283' title='bbox 1302 2274 1409 2326; x_wconf 88' lang='lat' dir='ltr'><strong>alta</strong></span> <span class='ocrx_word' id='word_1_284' title='bbox 1447 2273 1678 2340; x_wconf 86' lang='lat' dir='ltr'><strong>quadam</strong></span> <span class='ocrx_word' id='word_1_285' title='bbox 1713 2269 1930 2339; x_wconf 86' lang='lat' dir='ltr'><strong>specula</strong></span> <span class='ocrx_word' id='word_1_286' title='bbox 1957 2271 2008 2322; x_wconf 92' lang='lat' dir='ltr'><strong>in</strong></span> 
     </span>
    </p>
   </div>
   <div class='ocr_carea' id='block_1_41' title="bbox 411 2362 2009 2440">
    <p class='ocr_par' dir='ltr' id='par_1_41' title="bbox 411 2362 2009 2440">
     <span class='ocr_line' id='line_1_42' title="bbox 411 2362 2009 2440; baseline -0.012 -11"><span class='ocrx_word' id='word_1_287' title='bbox 411 2386 649 2429; x_wconf 81' lang='lat' dir='ltr'><strong>-vastntu</strong></span> <span class='ocrx_word' id='word_1_288' title='bbox 682 2370 900 2440; x_wconf 76' lang='lat' dir='ltr'><strong>pelagus</strong></span> <span class='ocrx_word' id='word_1_289' title='bbox 942 2366 1130 2419; x_wconf 80' lang='lat' dir='ltr'><strong>netilos</strong></span> <span class='ocrx_word' id='word_1_290' title='bbox 1161 2364 1474 2425; x_wconf 89' lang='lat' dir='ltr'><strong>demittunt,</strong></span> <span class='ocrx_word' id='word_1_291' title='bbox 1529 2362 1666 2415; x_wconf 88' lang='lat' dir='ltr'><strong>idem</strong></span> <span class='ocrx_word' id='word_1_292' title='bbox 1714 2376 1815 2428; x_wconf 86' lang='lat' dir='ltr'><strong>ego</strong></span> <span class='ocrx_word' id='word_1_293' title='bbox 1869 2375 2009 2413; x_wconf 83' lang='lat' dir='ltr'><strong>nunc</strong></span> 
     </span>
    </p>
   </div>
   <div class='ocr_carea' id='block_1_42' title="bbox 431 2453 2010 2535">
    <p class='ocr_par' dir='ltr' id='par_1_42' title="bbox 431 2453 2010 2535">
     <span class='ocr_line' id='line_1_43' title="bbox 431 2453 2010 2535; baseline -0.01 -13"><span class='ocrx_word' id='word_1_294' title='bbox 431 2485 552 2526; x_wconf 78' lang='lat' dir='ltr'><strong>sum</strong></span> <span class='ocrx_word' id='word_1_295' title='bbox 588 2474 866 2535; x_wconf 78' lang='lat' dir='ltr'><strong>expertus,</strong></span> <span class='ocrx_word' id='word_1_296' title='bbox 895 2475 1017 2513; x_wconf 89' lang='lat' dir='ltr'><strong>cum</strong></span> <span class='ocrx_word' id='word_1_297' title='bbox 1048 2457 1206 2510; x_wconf 87' lang='lat' dir='ltr'><strong>verba</strong></span> <span class='ocrx_word' id='word_1_298' title='bbox 1233 2455 1413 2509; x_wconf 83' lang='lat' dir='ltr'><strong>divina</strong></span> <span class='ocrx_word' id='word_1_299' title='bbox 1440 2455 1778 2522; x_wconf 77' lang='lat' dir='ltr'><strong>legerentur;</strong></span> <span class='ocrx_word' id='word_1_300' title='bbox 1814 2453 2010 2521; x_wconf 79' lang='lat' dir='ltr'><strong>quippe</strong></span> 
     </span>
    </p>
   </div>
   <div class='ocr_carea' id='block_1_43' title="bbox 434 2547 2009 2624">
    <p class='ocr_par' dir='ltr' id='par_1_43' title="bbox 434 2547 2009 2624">
     <span class='ocr_line' id='line_1_44' title="bbox 434 2547 2009 2624; baseline -0.011 -10"><span class='ocrx_word' id='word_1_301' title='bbox 434 2561 597 2616; x_wconf 87' lang='lat' dir='ltr'><strong>veluti</strong></span> <span class='ocrx_word' id='word_1_302' title='bbox 628 2564 910 2624; x_wconf 76' lang='lat' dir='ltr'><strong>correptus</strong></span> <span class='ocrx_word' id='word_1_303' title='bbox 937 2550 1201 2617; x_wconf 71' lang='lat' dir='ltr'><strong>vertigine</strong></span> <span class='ocrx_word' id='word_1_304' title='bbox 1229 2547 1308 2616; x_wconf 89' lang='lat'><strong>(9)</strong></span> <span class='ocrx_word' id='word_1_305' title='bbox 1328 2588 1343 2612; x_wconf 93' lang='lat'><strong>,</strong></span> <span class='ocrx_word' id='word_1_306' title='bbox 1371 2557 1424 2600; x_wconf 92' lang='lat' dir='ltr'><strong>et</strong></span> <span class='ocrx_word' id='word_1_307' title='bbox 1453 2557 1560 2601; x_wconf 91' lang='lat' dir='ltr'><strong>t0ta</strong></span> <span class='ocrx_word' id='word_1_308' title='bbox 1585 2557 2009 2613; x_wconf 78' lang='lat' dir='ltr'><strong>mentesuspen-</strong></span> 
     </span>
    </p>
   </div>
   <div class='ocr_carea' id='block_1_44' title="bbox 429 2635 2009 2711">
    <p class='ocr_par' dir='ltr' id='par_1_44' title="bbox 429 2635 2009 2711">
     <span class='ocr_line' id='line_1_45' title="bbox 429 2635 2009 2711; baseline -0.015 0"><span class='ocrx_word' id='word_1_309' title='bbox 429 2671 524 2711; x_wconf 74' lang='lat' dir='ltr'><strong>sus</strong></span> <span class='ocrx_word' id='word_1_310' title='bbox 556 2649 800 2710; x_wconf 85' lang='lat' dir='ltr'><strong>tenebar,</strong></span> <span class='ocrx_word' id='word_1_311' title='bbox 831 2661 952 2700; x_wconf 83' lang='lat' dir='ltr'><strong>cum</strong></span> <span class='ocrx_word' id='word_1_312' title='bbox 982 2641 1138 2711; x_wconf 85' lang='lat' dir='ltr'><strong>quasi</strong></span> <span class='ocrx_word' id='word_1_313' title='bbox 1166 2655 1232 2694; x_wconf 92' lang='lat' dir='ltr'><strong>ex</strong></span> <span class='ocrx_word' id='word_1_314' title='bbox 1259 2639 1404 2693; x_wconf 88' lang='lat' dir='ltr'><strong>edito</strong></span> <span class='ocrx_word' id='word_1_315' title='bbox 1433 2638 1553 2692; x_wconf 92' lang='lat' dir='ltr'><strong>loco</strong></span> <span class='ocrx_word' id='word_1_316' title='bbox 1583 2642 1633 2691; x_wconf 91' lang='lat' dir='ltr'><strong>in</strong></span> <span class='ocrx_word' id='word_1_317' title='bbox 1665 2637 1794 2691; x_wconf 89' lang='lat' dir='ltr'><strong>illud</strong></span> <span class='ocrx_word' id='word_1_318' title='bbox 1821 2635 2009 2689; x_wconf 82' lang='lat' dir='ltr'><strong>fortui-</strong></span> 
     </span>
    </p>
   </div>
   <div class='ocr_carea' id='block_1_45' title="bbox 365 2726 2010 2810">
    <p class='ocr_par' dir='ltr' id='par_1_45' title="bbox 365 2726 2010 2810">
     <span class='ocr_line' id='line_1_46' title="bbox 365 2726 2010 2810; baseline -0.015 -9"><span class='ocrx_word' id='word_1_319' title='bbox 365 2759 376 2768; x_wconf 71' lang='lat'><strong><em>&quot;</em></strong></span> <span class='ocrx_word' id='word_1_320' title='bbox 431 2745 610 2800; x_wconf 87' lang='lat' dir='ltr'><strong>dabile</strong></span> <span class='ocrx_word' id='word_1_321' title='bbox 637 2739 902 2810; x_wconf 84' lang='lat' dir='ltr'><strong>judicium</strong></span> <span class='ocrx_word' id='word_1_322' title='bbox 935 2734 1123 2789; x_wconf 86' lang='lat' dir='ltr'><strong>oculos</strong></span> <span class='ocrx_word' id='word_1_323' title='bbox 1171 2732 1370 2786; x_wconf 87' lang='lat' dir='ltr'><strong>mentis</strong></span> <span class='ocrx_word' id='word_1_324' title='bbox 1404 2730 1764 2784; x_wconf 84' lang='lat' dir='ltr'><strong>intenderem.</strong></span> <span class='ocrx_word' id='word_1_325' title='bbox 1817 2726 1896 2781; x_wconf 80' lang='lat' dir='ltr'><strong>Ac</strong></span> <span class='ocrx_word' id='word_1_326' title='bbox 1929 2731 2010 2778; x_wconf 81' lang='lat' dir='ltr'><strong>vi-</strong></span> 
     </span>
    </p>
   </div>
   <div class='ocr_carea' id='block_1_46' title="bbox 431 2820 2010 2900">
    <p class='ocr_par' dir='ltr' id='par_1_46' title="bbox 431 2820 2010 2900">
     <span class='ocr_line' id='line_1_47' title="bbox 431 2820 2010 2900; baseline -0.014 -6"><span class='ocrx_word' id='word_1_327' title='bbox 431 2839 600 2894; x_wconf 85' lang='lat' dir='ltr'><strong>debar</strong></span> <span class='ocrx_word' id='word_1_328' title='bbox 645 2833 784 2887; x_wconf 80' lang='lat' dir='ltr'><strong>mihi</strong></span> <span class='ocrx_word' id='word_1_329' title='bbox 821 2827 1218 2900; x_wconf 82' lang='lat' dir='ltr'><strong>quodammodo</strong></span> <span class='ocrx_word' id='word_1_330' title='bbox 1249 2838 1476 2878; x_wconf 90' lang='lat' dir='ltr'><strong>cernere</strong></span> <span class='ocrx_word' id='word_1_331' title='bbox 1514 2833 1712 2877; x_wconf 86' lang='lat' dir='ltr'><strong>terram</strong></span> <span class='ocrx_word' id='word_1_332' title='bbox 1747 2820 1926 2884; x_wconf 84' lang='lat' dir='ltr'><strong>ﬂetus,</strong></span> <span class='ocrx_word' id='word_1_333' title='bbox 1955 2831 2010 2873; x_wconf 89' lang='lat' dir='ltr'><strong>et</strong></span> 
     </span>
    </p>
   </div>
   <div class='ocr_carea' id='block_1_47' title="bbox 418 2912 2009 2985">
    <p class='ocr_par' dir='ltr' id='par_1_47' title="bbox 418 2912 2009 2985">
     <span class='ocr_line' id='line_1_48' title="bbox 418 2912 2009 2985; baseline -0.012 0"><span class='ocrx_word' id='word_1_334' title='bbox 418 2916 834 2985; x_wconf 76' lang='lat' dir='ltr'><strong>multitudinem</strong></span> <span class='ocrx_word' id='word_1_335' title='bbox 882 2921 1027 2974; x_wconf 84' lang='lat' dir='ltr'><strong>illam</strong></span> <span class='ocrx_word' id='word_1_336' title='bbox 1075 2916 1388 2980; x_wconf 87' lang='lat' dir='ltr'><strong>hominum,</strong></span> <span class='ocrx_word' id='word_1_337' title='bbox 1433 2923 1700 2984; x_wconf 89' lang='lat' dir='ltr'><strong>quotquot</strong></span> <span class='ocrx_word' id='word_1_338' title='bbox 1741 2928 1770 2966; x_wconf 90' lang='lat' dir='ltr'><strong>a</strong></span> <span class='ocrx_word' id='word_1_339' title='bbox 1823 2912 2009 2966; x_wconf 87' lang='lat' dir='ltr'><strong>mtnnli</strong></span> 
     </span>
    </p>
   </div>
   <div class='ocr_carea' id='block_1_48' title="bbox 2116 1807 3711 1886">
    <p class='ocr_par' dir='ltr' id='par_1_48' title="bbox 2116 1807 3711 1886">
     <span class='ocr_line' id='line_1_49' title="bbox 2116 1807 3711 1886; baseline -0.009 -15"><span class='ocrx_word' id='word_1_340' title='bbox 2116 1820 2210 1871; x_wconf 80' lang='grc' dir='ltr'><strong>καὶ</strong></span> <span class='ocrx_word' id='word_1_341' title='bbox 2234 1817 2376 1886; x_wconf 84' lang='grc' dir='ltr'>ἁγίῳ</span> <span class='ocrx_word' id='word_1_342' title='bbox 2407 1816 2692 1884; x_wconf 78' lang='grc' dir='ltr'>Πνεῦματι</span> <span class='ocrx_word' id='word_1_343' title='bbox 2743 1810 3106 1878; x_wconf 75' lang='grc' dir='ltr'>δοξαζομένου</span> <span class='ocrx_word' id='word_1_344' title='bbox 3170 1807 3287 1872; x_wconf 89' lang='grc' dir='ltr'>νῦν,</span> <span class='ocrx_word' id='word_1_345' title='bbox 3342 1809 3434 1860; x_wconf 76' lang='grc' dir='ltr'><strong>καὶ</strong></span> <span class='ocrx_word' id='word_1_346' title='bbox 3463 1810 3577 1870; x_wconf 77' lang='grc' dir='ltr'>ἀεὶ,</span> <span class='ocrx_word' id='word_1_347' title='bbox 3608 1810 3711 1858; x_wconf 63' lang='grc' dir='ltr'>καὶ</span> 
     </span>
    </p>
   </div>
   <div class='ocr_carea' id='block_1_49' title="bbox 2114 1902 3237 1972">
    <p class='ocr_par' dir='ltr' id='par_1_49' title="bbox 2114 1902 3237 1972">
     <span class='ocr_line' id='line_1_50' title="bbox 2114 1902 3237 1972; baseline -0.008 -10"><span class='ocrx_word' id='word_1_348' title='bbox 2114 1913 2196 1972; x_wconf 80' lang='grc' dir='ltr'>εἰς</span> <span class='ocrx_word' id='word_1_349' title='bbox 2226 1909 2354 1971; x_wconf 75' lang='grc' dir='ltr'>τοὺς</span> <span class='ocrx_word' id='word_1_350' title='bbox 2389 1908 2593 1969; x_wconf 79' lang='grc' dir='ltr'><strong>αἰῶνας</strong></span> <span class='ocrx_word' id='word_1_351' title='bbox 2623 1904 2734 1958; x_wconf 84' lang='grc' dir='ltr'>τῶν</span> <span class='ocrx_word' id='word_1_352' title='bbox 2769 1903 3006 1958; x_wconf 85' lang='grc' dir='ltr'>αἰώνων.</span> <span class='ocrx_word' id='word_1_353' title='bbox 3036 1902 3237 1971; x_wconf 82' lang='grc' dir='ltr'><strong>’Δμήν.</strong></span> 
     </span>
    </p>
   </div>
   <div class='ocr_carea' id='block_1_50' title="bbox 2704 2018 3096 2070">
    <p class='ocr_par' dir='ltr' id='par_1_50' title="bbox 2704 2018 3096 2070">
     <span class='ocr_line' id='line_1_51' title="bbox 2704 2018 3096 2070; baseline 0 0"><span class='ocrx_word' id='word_1_354' title='bbox 2704 2019 2948 2070; x_wconf 74' lang='lat' dir='ltr'><strong>OMIAIA</strong></span> <span class='ocrx_word' id='word_1_355' title='bbox 2991 2018 3096 2070; x_wconf 82' lang='lat' dir='ltr'><strong>IH&#39;.</strong></span> 
     </span>
    </p>
   </div>
   <div class='ocr_carea' id='block_1_51' title="bbox 2116 2105 3707 2176">
    <p class='ocr_par' dir='ltr' id='par_1_51' title="bbox 2116 2105 3707 2176">
     <span class='ocr_line' id='line_1_52' title="bbox 2116 2105 3707 2176; baseline -0.004 -13"><span class='ocrx_word' id='word_1_356' title='bbox 2116 2113 2216 2176; x_wconf 80' lang='grc' dir='ltr'><strong>Εἰς</strong></span> <span class='ocrx_word' id='word_1_357' title='bbox 2245 2113 2315 2163; x_wconf 85' lang='grc' dir='ltr'><strong>τό</strong></span> <span class='ocrx_word' id='word_1_358' title='bbox 2337 2126 2350 2139; x_wconf 87' lang='grc'><strong>·</strong></span> <span class='ocrx_word' id='word_1_359' title='bbox 2404 2129 2420 2159; x_wconf 76' lang='grc' dir='ltr'><strong>ι</strong></span> <span class='ocrx_word' id='word_1_360' title='bbox 2455 2110 2642 2160; x_wconf 76' lang='grc' dir='ltr'>’Ὅταν</span> <span class='ocrx_word' id='word_1_361' title='bbox 2675 2109 2821 2175; x_wconf 77' lang='grc' dir='ltr'>ἔλθῃ</span> <span class='ocrx_word' id='word_1_362' title='bbox 2850 2111 2882 2160; x_wconf 85' lang='grc' dir='ltr'><strong>ό</strong></span> <span class='ocrx_word' id='word_1_363' title='bbox 2944 2110 3073 2171; x_wconf 68' lang='grc' dir='ltr'>Υἱός</span> <span class='ocrx_word' id='word_1_364' title='bbox 3123 2105 3230 2158; x_wconf 84' lang='grc' dir='ltr'><strong>τοῦ</strong></span> <span class='ocrx_word' id='word_1_365' title='bbox 3274 2105 3596 2172; x_wconf 61' lang='grc' dir='ltr'>ἀνθρώπου</span> <span class='ocrx_word' id='word_1_366' title='bbox 3631 2108 3707 2157; x_wconf 69' lang='grc' dir='ltr'>ἐν</span> 
     </span>
    </p>
   </div>
   <div class='ocr_carea' id='block_1_52' title="bbox 2360 2177 3444 2247">
    <p class='ocr_par' dir='ltr' id='par_1_52' title="bbox 2360 2177 3444 2247">
     <span class='ocr_line' id='line_1_53' title="bbox 2360 2177 3444 2247; baseline -0.002 -15"><span class='ocrx_word' id='word_1_367' title='bbox 2360 2178 2433 2247; x_wconf 77' lang='grc' dir='ltr'>τῇ</span> <span class='ocrx_word' id='word_1_368' title='bbox 2480 2179 2630 2246; x_wconf 76' lang='grc' dir='ltr'>δόξῃ</span> <span class='ocrx_word' id='word_1_369' title='bbox 2672 2179 2880 2238; x_wconf 86' lang='grc' dir='ltr'>αὑτοῦ,</span> <span class='ocrx_word' id='word_1_370' title='bbox 2926 2197 2944 2229; x_wconf 74' lang='grc' dir='ltr'><strong>ι</strong></span> <span class='ocrx_word' id='word_1_371' title='bbox 2999 2179 3095 2228; x_wconf 77' lang='grc' dir='ltr'>καὶ</span> <span class='ocrx_word' id='word_1_372' title='bbox 3135 2179 3207 2230; x_wconf 78' lang='grc' dir='ltr'>τὰ</span> <span class='ocrx_word' id='word_1_373' title='bbox 3239 2177 3444 2230; x_wconf 74' lang='grc' dir='ltr'>λοιπά.</span> 
     </span>
    </p>
   </div>
   <div class='ocr_carea' id='block_1_53' title="bbox 2185 2269 3703 2342">
    <p class='ocr_par' dir='ltr' id='par_1_53' title="bbox 2185 2269 3703 2342">
     <span class='ocr_line' id='line_1_54' title="bbox 2185 2269 3703 2342; baseline -0.001 -17"><span class='ocrx_word' id='word_1_374' title='bbox 2185 2271 2310 2326; x_wconf 80' lang='grc' dir='ltr'>υἶόν</span> <span class='ocrx_word' id='word_1_375' title='bbox 2337 2291 2388 2325; x_wconf 85' lang='grc' dir='ltr'><strong>τι</strong></span> <span class='ocrx_word' id='word_1_376' title='bbox 2421 2273 2725 2342; x_wconf 78' lang='grc' dir='ltr'>πάσχουσιν</span> <span class='ocrx_word' id='word_1_377' title='bbox 2756 2271 2807 2322; x_wconf 82' lang='grc' dir='ltr'><strong>οἱ</strong></span> <span class='ocrx_word' id='word_1_378' title='bbox 2836 2271 2943 2323; x_wconf 86' lang='grc' dir='ltr'><strong>ἀπό</strong></span> <span class='ocrx_word' id='word_1_379' title='bbox 2969 2287 3113 2329; x_wconf 76' lang='grc' dir='ltr'>τινος</span> <span class='ocrx_word' id='word_1_380' title='bbox 3145 2269 3355 2338; x_wconf 70' lang='grc' dir='ltr'>ὑψηλῆς</span> <span class='ocrx_word' id='word_1_381' title='bbox 3380 2271 3703 2340; x_wconf 81' lang='grc' dir='ltr'>ἀκρωρείας</span> 
     </span>
    </p>
   </div>
   <div class='ocr_carea' id='block_1_54' title="bbox 2115 2363 3702 2436">
    <p class='ocr_par' dir='ltr' id='par_1_54' title="bbox 2115 2363 3702 2436">
     <span class='ocr_line' id='line_1_55' title="bbox 2115 2363 3702 2436; baseline -0.003 -17"><span class='ocrx_word' id='word_1_382' title='bbox 2115 2369 2192 2428; x_wconf 75' lang='grc' dir='ltr'>εἰς</span> <span class='ocrx_word' id='word_1_383' title='bbox 2225 2367 2419 2436; x_wconf 81' lang='grc' dir='ltr'>ἀχανές</span> <span class='ocrx_word' id='word_1_384' title='bbox 2456 2383 2508 2418; x_wconf 89' lang='grc' dir='ltr'><strong>τι</strong></span> <span class='ocrx_word' id='word_1_385' title='bbox 2543 2365 2990 2425; x_wconf 71' lang='grc' dir='ltr'><strong>κατακόπτοντες</strong></span> <span class='ocrx_word' id='word_1_386' title='bbox 3027 2365 3284 2430; x_wconf 77' lang='grc' dir='ltr'>πέλαγος,</span> <span class='ocrx_word' id='word_1_387' title='bbox 3321 2363 3570 2416; x_wconf 80' lang='grc' dir='ltr'>τοιοῦτον</span> <span class='ocrx_word' id='word_1_388' title='bbox 3599 2365 3702 2417; x_wconf 77' lang='grc' dir='ltr'><strong>νῦν</strong></span> 
     </span>
    </p>
   </div>
   <div class='ocr_carea' id='block_1_55' title="bbox 2114 2458 3705 2526">
    <p class='ocr_par' dir='ltr' id='par_1_55' title="bbox 2114 2458 3705 2526">
     <span class='ocr_line' id='line_1_56' title="bbox 2114 2458 3705 2526; baseline 0 -16"><span class='ocrx_word' id='word_1_389' title='bbox 2114 2460 2432 2512; x_wconf 70' lang='grc' dir='ltr'>ἐπεπόνθειν</span> <span class='ocrx_word' id='word_1_390' title='bbox 2481 2459 2590 2526; x_wconf 85' lang='grc' dir='ltr'><strong>ἐγὼ</strong></span> <span class='ocrx_word' id='word_1_391' title='bbox 2635 2459 2940 2526; x_wconf 77' lang='grc' dir='ltr'>ἰλιγγιάσας</span> <span class='ocrx_word' id='word_1_392' title='bbox 2961 2459 3016 2510; x_wconf 85' lang='grc' dir='ltr'><strong>ἐν</strong></span> <span class='ocrx_word' id='word_1_393' title='bbox 3059 2461 3178 2519; x_wconf 84' lang='grc' dir='ltr'>ταῖς</span> <span class='ocrx_word' id='word_1_394' title='bbox 3226 2458 3705 2524; x_wconf 81' lang='grc' dir='ltr'>ἀναγνωσθείσαις</span> 
     </span>
    </p>
   </div>
   <div class='ocr_carea' id='block_1_56' title="bbox 2112 2549 3700 2622">
    <p class='ocr_par' dir='ltr' id='par_1_56' title="bbox 2112 2549 3700 2622">
     <span class='ocr_line' id='line_1_57' title="bbox 2112 2549 3700 2622; baseline -0.001 -18"><span class='ocrx_word' id='word_1_395' title='bbox 2112 2554 2204 2606; x_wconf 75' lang='grc' dir='ltr'><strong>τοῦ</strong></span> <span class='ocrx_word' id='word_1_396' title='bbox 2238 2552 2443 2622; x_wconf 70' lang='grc' dir='ltr'>Κυρίου</span> <span class='ocrx_word' id='word_1_397' title='bbox 2489 2554 2715 2618; x_wconf 81' lang='grc' dir='ltr'>φωναῖς,</span> <span class='ocrx_word' id='word_1_398' title='bbox 2757 2552 2848 2603; x_wconf 78' lang='grc' dir='ltr'><strong>καὶ</strong></span> <span class='ocrx_word' id='word_1_399' title='bbox 2904 2549 3145 2618; x_wconf 77' lang='grc' dir='ltr'>γεγονὼς</span> <span class='ocrx_word' id='word_1_400' title='bbox 3195 2551 3315 2612; x_wconf 86' lang='grc' dir='ltr'>ὅλος</span> <span class='ocrx_word' id='word_1_401' title='bbox 3373 2553 3700 2621; x_wconf 83' lang='grc' dir='ltr'>μετάρσιος,</span> 
     </span>
    </p>
   </div>
   <div class='ocr_carea' id='block_1_57' title="bbox 2115 2643 3707 2714">
    <p class='ocr_par' dir='ltr' id='par_1_57' title="bbox 2115 2643 3707 2714">
     <span class='ocr_line' id='line_1_58' title="bbox 2115 2643 3707 2714; baseline -0.002 -15"><span class='ocrx_word' id='word_1_402' title='bbox 2115 2645 2373 2714; x_wconf 79' lang='grc' dir='ltr'>καθάπερ</span> <span class='ocrx_word' id='word_1_403' title='bbox 2409 2645 2518 2697; x_wconf 86' lang='grc' dir='ltr'><strong>ἀπό</strong></span> <span class='ocrx_word' id='word_1_404' title='bbox 2542 2661 2687 2706; x_wconf 86' lang='grc' dir='ltr'>τινος</span> <span class='ocrx_word' id='word_1_405' title='bbox 2740 2646 2972 2706; x_wconf 84' lang='grc' dir='ltr'>σκοπιᾶς</span> <span class='ocrx_word' id='word_1_406' title='bbox 3018 2643 3307 2706; x_wconf 75' lang='grc' dir='ltr'>ἀνατείνας</span> <span class='ocrx_word' id='word_1_407' title='bbox 3337 2644 3429 2696; x_wconf 75' lang='grc' dir='ltr'>τὸν</span> <span class='ocrx_word' id='word_1_408' title='bbox 3464 2644 3593 2697; x_wconf 90' lang='grc' dir='ltr'>νοῦν</span> <span class='ocrx_word' id='word_1_409' title='bbox 3620 2647 3707 2707; x_wconf 87' lang='grc' dir='ltr'>εἰς</span> 
     </span>
    </p>
   </div>
   <div class='ocr_carea' id='block_1_58' title="bbox 2113 2736 3702 2808">
    <p class='ocr_par' dir='ltr' id='par_1_58' title="bbox 2113 2736 3702 2808">
     <span class='ocr_line' id='line_1_59' title="bbox 2113 2736 3702 2808; baseline -0.002 -17"><span class='ocrx_word' id='word_1_410' title='bbox 2113 2742 2291 2792; x_wconf 86' lang='grc' dir='ltr'>ἐκεῖνο</span> <span class='ocrx_word' id='word_1_411' title='bbox 2315 2738 2375 2790; x_wconf 77' lang='grc' dir='ltr'>τὸ</span> <span class='ocrx_word' id='word_1_412' title='bbox 2401 2737 2632 2808; x_wconf 82' lang='grc' dir='ltr'>φοϐερὸν</span> <span class='ocrx_word' id='word_1_413' title='bbox 2670 2737 3004 2804; x_wconf 84' lang='grc' dir='ltr'>λογοθέσιον.</span> <span class='ocrx_word' id='word_1_414' title='bbox 3046 2736 3155 2789; x_wconf 81' lang='grc' dir='ltr'>Καί</span> <span class='ocrx_word' id='word_1_415' title='bbox 3186 2754 3300 2796; x_wconf 82' lang='grc' dir='ltr'><strong>πως</strong></span> <span class='ocrx_word' id='word_1_416' title='bbox 3335 2736 3432 2804; x_wconf 83' lang='grc' dir='ltr'>τὴν</span> <span class='ocrx_word' id='word_1_417' title='bbox 3463 2737 3573 2804; x_wconf 76' lang='grc' dir='ltr'>γῆν</span> <span class='ocrx_word' id='word_1_418' title='bbox 3604 2737 3702 2788; x_wconf 75' lang='grc' dir='ltr'><strong>τοῦ</strong></span> 
     </span>
    </p>
   </div>
   <div class='ocr_carea' id='block_1_59' title="bbox 2112 2829 3704 2900">
    <p class='ocr_par' dir='ltr' id='par_1_59' title="bbox 2112 2829 3704 2900">
     <span class='ocr_line' id='line_1_60' title="bbox 2112 2829 3704 2900; baseline -0.003 -16"><span class='ocrx_word' id='word_1_419' title='bbox 2112 2831 2469 2900; x_wconf 84' lang='grc' dir='ltr'>κλαυθμῶνος</span> <span class='ocrx_word' id='word_1_420' title='bbox 2512 2833 2882 2898; x_wconf 72' lang='grc' dir='ltr'>φαντάζομαι,</span> <span class='ocrx_word' id='word_1_421' title='bbox 2917 2831 3012 2882; x_wconf 64' lang='grc' dir='ltr'><strong>καί⁹</strong></span> <span class='ocrx_word' id='word_1_422' title='bbox 3043 2829 3142 2900; x_wconf 83' lang='grc' dir='ltr'>τὴν</span> <span class='ocrx_word' id='word_1_423' title='bbox 3193 2831 3290 2882; x_wconf 74' lang='grc' dir='ltr'>ἀπ’</span> <span class='ocrx_word' id='word_1_424' title='bbox 3340 2830 3536 2890; x_wconf 80' lang='grc' dir='ltr'>αἰῶνος</span> <span class='ocrx_word' id='word_1_425' title='bbox 3589 2830 3704 2880; x_wconf 69' lang='grc' dir='ltr'><strong>τῶν</strong></span> 
     </span>
    </p>
   </div>
   <div class='ocr_carea' id='block_1_60' title="bbox 2112 2923 3701 2994">
    <p class='ocr_par' dir='ltr' id='par_1_60' title="bbox 2112 2923 3701 2994">
     <span class='ocr_line' id='line_1_61' title="bbox 2112 2923 3701 2994; baseline -0.001 -18"><span class='ocrx_word' id='word_1_426' title='bbox 2112 2923 2415 2992; x_wconf 84' lang='grc' dir='ltr'>ἀνθρώπων</span> <span class='ocrx_word' id='word_1_427' title='bbox 2452 2923 2683 2994; x_wconf 76' lang='grc' dir='ltr'>πληθὺν,</span> <span class='ocrx_word' id='word_1_428' title='bbox 2723 2927 2817 2977; x_wconf 74' lang='grc' dir='ltr'>καὶ</span> <span class='ocrx_word' id='word_1_429' title='bbox 2842 2923 2941 2993; x_wconf 80' lang='grc' dir='ltr'>τὴν</span> <span class='ocrx_word' id='word_1_430' title='bbox 2968 2923 3206 2994; x_wconf 66' lang='grc' dir='ltr'>φρατὴν</span> <span class='ocrx_word' id='word_1_431' title='bbox 3233 2923 3400 2976; x_wconf 83' lang='grc' dir='ltr'>αὐτοῦ</span> <span class='ocrx_word' id='word_1_432' title='bbox 3424 2923 3578 2976; x_wconf 79' lang='grc' dir='ltr'>διανέ</span> <span class='ocrx_word' id='word_1_433' title='bbox 3593 2943 3701 2992; x_wconf 75' lang='grc' dir='ltr'>μη-</span> 
     </span>
    </p>
   </div>
   <div class='ocr_carea' id='block_1_61' title="bbox 435 3006 2008 3090">
    <p class='ocr_par' dir='ltr' id='par_1_61' title="bbox 435 3006 2004 3090">
     <span class='ocr_line' id='line_1_62' title="bbox 435 3006 2004 3090; baseline -0.011 -17"><span class='ocrx_word' id='word_1_434' title='bbox 435 3017 731 3090; x_wconf 80' lang='lat' dir='ltr'><strong>pritnordio</strong></span> <span class='ocrx_word' id='word_1_435' title='bbox 761 3014 1104 3070; x_wconf 81' lang='lat' dir='ltr'><strong>exstiterunt,</strong></span> <span class='ocrx_word' id='word_1_436' title='bbox 1134 3017 1246 3063; x_wconf 90' lang='lat' dir='ltr'><strong>tum</strong></span> <span class='ocrx_word' id='word_1_437' title='bbox 1286 3008 1430 3062; x_wconf 89' lang='lat' dir='ltr'><strong>illam</strong></span> <span class='ocrx_word' id='word_1_438' title='bbox 1466 3006 1780 3060; x_wconf 81' lang='lat' dir='ltr'><strong>horribilem</strong></span> <span class='ocrx_word' id='word_1_439' title='bbox 1817 3019 2004 3058; x_wconf 89' lang='lat' dir='ltr'><strong>eorum</strong></span> 
     </span>
    </p>
   </div>
   <div class='ocr_carea' id='block_1_62' title="bbox 2119 3006 3704 3090">
    <p class='ocr_par' dir='ltr' id='par_1_62' title="bbox 2119 3014 3704 3087">
     <span class='ocr_line' id='line_1_63' title="bbox 2119 3014 3704 3087; baseline 0 -20"><span class='ocrx_word' id='word_1_440' title='bbox 2119 3033 2220 3075; x_wconf 87' lang='grc' dir='ltr'>σιν,</span> <span class='ocrx_word' id='word_1_441' title='bbox 2250 3018 2349 3085; x_wconf 82' lang='grc' dir='ltr'>τὴν</span> <span class='ocrx_word' id='word_1_442' title='bbox 2377 3015 2563 3068; x_wconf 79' lang='grc' dir='ltr'>στάσιν</span> <span class='ocrx_word' id='word_1_443' title='bbox 2585 3016 2682 3087; x_wconf 82' lang='grc' dir='ltr'>τὴν</span> <span class='ocrx_word' id='word_1_444' title='bbox 2707 3017 2764 3066; x_wconf 87' lang='grc' dir='ltr'><strong>ἐν</strong></span> <span class='ocrx_word' id='word_1_445' title='bbox 2785 3018 2898 3079; x_wconf 85' lang='grc' dir='ltr'>τοῖς</span> <span class='ocrx_word' id='word_1_446' title='bbox 2925 3014 3139 3081; x_wconf 76' lang='grc' dir='ltr'>δεξιοῖς,</span> <span class='ocrx_word' id='word_1_447' title='bbox 3162 3016 3261 3086; x_wconf 77' lang='grc' dir='ltr'>τὴν</span> <span class='ocrx_word' id='word_1_448' title='bbox 3280 3017 3336 3067; x_wconf 76' lang='grc' dir='ltr'><strong>ἐν</strong></span> <span class='ocrx_word' id='word_1_449' title='bbox 3352 3019 3465 3078; x_wconf 85' lang='grc' dir='ltr'>τοῖς</span> <span class='ocrx_word' id='word_1_450' title='bbox 3485 3022 3704 3079; x_wconf 79' lang='grc' dir='ltr'>σκαιοῖς</span> 
     </span>
    </p>
   </div>
   <div class='ocr_carea' id='block_1_63' title="bbox 408 3098 2007 3184">
    <p class='ocr_par' dir='ltr' id='par_1_63' title="bbox 408 3098 2007 3184">
     <span class='ocr_line' id='line_1_64' title="bbox 408 3098 2007 3184; baseline -0.014 -13"><span class='ocrx_word' id='word_1_451' title='bbox 408 3113 856 3184; x_wconf 71' lang='lat' dir='ltr'><strong>~sejuttctionem,</strong></span> <span class='ocrx_word' id='word_1_452' title='bbox 885 3106 950 3157; x_wconf 90' lang='lat' dir='ltr'><strong>ad</strong></span> <span class='ocrx_word' id='word_1_453' title='bbox 1007 3104 1286 3165; x_wconf 85' lang='lat' dir='ltr'><strong>dexteram</strong></span> <span class='ocrx_word' id='word_1_454' title='bbox 1341 3100 1476 3153; x_wconf 88' lang='lat' dir='ltr'><strong>alios</strong></span> <span class='ocrx_word' id='word_1_455' title='bbox 1509 3098 1711 3161; x_wconf 88' lang='lat' dir='ltr'><strong>statui,</strong></span> <span class='ocrx_word' id='word_1_456' title='bbox 1759 3102 2007 3150; x_wconf 82' lang='lat' dir='ltr'><strong>exsortes</strong></span> 
     </span>
    </p>
   </div>
   <div class='ocr_carea' id='block_1_64' title="bbox 437 3189 2008 3264">
    <p class='ocr_par' dir='ltr' id='par_1_64' title="bbox 437 3189 2008 3264">
     <span class='ocr_line' id='line_1_65' title="bbox 437 3189 2008 3264; baseline -0.015 -3"><span class='ocrx_word' id='word_1_457' title='bbox 437 3206 572 3260; x_wconf 85' lang='lat' dir='ltr'><strong>alios</strong></span> <span class='ocrx_word' id='word_1_458' title='bbox 597 3204 662 3256; x_wconf 84' lang='lat' dir='ltr'><strong>ad</strong></span> <span class='ocrx_word' id='word_1_459' title='bbox 695 3201 996 3260; x_wconf 82' lang='lat' dir='ltr'><strong>sinistram,</strong></span> <span class='ocrx_word' id='word_1_460' title='bbox 1053 3194 1325 3264; x_wconf 83' lang='lat' dir='ltr'><strong>myriadas</strong></span> <span class='ocrx_word' id='word_1_461' title='bbox 1375 3189 1626 3246; x_wconf 90' lang='lat' dir='ltr'><strong>ordinum</strong></span> <span class='ocrx_word' id='word_1_462' title='bbox 1658 3190 1969 3258; x_wconf 78' lang='lat' dir='ltr'><strong>angelorum</strong></span> <span class='ocrx_word' id='word_1_463' title='bbox 1992 3228 2008 3252; x_wconf 84' lang='lat'><strong>,</strong></span> 
     </span>
    </p>
   </div>
   <div class='ocr_carea' id='block_1_65' title="bbox 436 3278 2008 3358">
    <p class='ocr_par' dir='ltr' id='par_1_65' title="bbox 436 3278 2008 3358">
     <span class='ocr_line' id='line_1_66' title="bbox 436 3278 2008 3358; baseline -0.015 -5"><span class='ocrx_word' id='word_1_464' title='bbox 436 3295 774 3354; x_wconf 86' lang='lat' dir='ltr'><strong>tremendum</strong></span> <span class='ocrx_word' id='word_1_465' title='bbox 810 3305 986 3358; x_wconf 85' lang='lat' dir='ltr'><strong>regem</strong></span> <span class='ocrx_word' id='word_1_466' title='bbox 1020 3297 1074 3341; x_wconf 90' lang='lat' dir='ltr'><strong>et</strong></span> <span class='ocrx_word' id='word_1_467' title='bbox 1109 3288 1479 3354; x_wconf 83' lang='lat' dir='ltr'><strong>incorruptum</strong></span> <span class='ocrx_word' id='word_1_468' title='bbox 1529 3283 1580 3335; x_wconf 92' lang='lat' dir='ltr'><strong>in</strong></span> <span class='ocrx_word' id='word_1_469' title='bbox 1617 3279 1840 3336; x_wconf 77' lang='lat' dir='ltr'><strong>ferendo</strong></span> <span class='ocrx_word' id='word_1_470' title='bbox 1863 3278 2008 3348; x_wconf 85' lang='lat' dir='ltr'><strong>judi-</strong></span> 
     </span>
    </p>
   </div>
   <div class='ocr_carea' id='block_1_66' title="bbox 436 3372 2014 3448">
    <p class='ocr_par' dir='ltr' id='par_1_66' title="bbox 436 3372 2014 3448">
     <span class='ocr_line' id='line_1_67' title="bbox 436 3372 2014 3448; baseline -0.013 -6"><span class='ocrx_word' id='word_1_471' title='bbox 436 3392 520 3444; x_wconf 76' lang='lat' dir='ltr'><strong>cio</strong></span> <span class='ocrx_word' id='word_1_472' title='bbox 551 3387 788 3442; x_wconf 88' lang='lat' dir='ltr'><strong>medium</strong></span> <span class='ocrx_word' id='word_1_473' title='bbox 819 3384 961 3436; x_wconf 89' lang='lat' dir='ltr'><strong>inter</strong></span> <span class='ocrx_word' id='word_1_474' title='bbox 989 3389 1245 3447; x_wconf 87' lang='lat' dir='ltr'><strong>utrasque</strong></span> <span class='ocrx_word' id='word_1_475' title='bbox 1294 3386 1477 3448; x_wconf 77' lang='lat' dir='ltr'><strong>partes</strong></span> <span class='ocrx_word' id='word_1_476' title='bbox 1510 3379 1654 3430; x_wconf 87' lang='lat' dir='ltr'><strong>velut</strong></span> <span class='ocrx_word' id='word_1_477' title='bbox 1696 3374 1750 3428; x_wconf 92' lang='lat' dir='ltr'><strong>in</strong></span> <span class='ocrx_word' id='word_1_478' title='bbox 1804 3372 2014 3443; x_wconf 71' lang='lat' dir='ltr'><strong>mquili-</strong></span> 
     </span>
    </p>
   </div>
   <div class='ocr_carea' id='block_1_67' title="bbox 437 3467 2012 3539">
    <p class='ocr_par' dir='ltr' id='par_1_67' title="bbox 437 3467 2012 3539">
     <span class='ocr_line' id='line_1_68' title="bbox 437 3467 2012 3539; baseline -0.013 -1"><span class='ocrx_word' id='word_1_479' title='bbox 437 3485 556 3538; x_wconf 89' lang='lat' dir='ltr'><strong>brio</strong></span> <span class='ocrx_word' id='word_1_480' title='bbox 586 3479 982 3539; x_wconf 85' lang='lat' dir='ltr'><strong>considentem,</strong></span> <span class='ocrx_word' id='word_1_481' title='bbox 1015 3484 1070 3527; x_wconf 88' lang='lat' dir='ltr'><strong>et</strong></span> <span class='ocrx_word' id='word_1_482' title='bbox 1101 3472 1344 3525; x_wconf 83' lang='lat' dir='ltr'><strong>actiones</strong></span> <span class='ocrx_word' id='word_1_483' title='bbox 1377 3477 1594 3523; x_wconf 86' lang='lat' dir='ltr'><strong>nostras</strong></span> <span class='ocrx_word' id='word_1_484' title='bbox 1623 3467 1767 3538; x_wconf 78' lang='lat' dir='ltr'><strong>iusta</strong></span> <span class='ocrx_word' id='word_1_485' title='bbox 1806 3467 2012 3521; x_wconf 87' lang='lat' dir='ltr'><strong>trutina</strong></span> 
     </span>
    </p>
   </div>
   <div class='ocr_carea' id='block_1_68' title="bbox 439 3560 2014 3646">
    <p class='ocr_par' dir='ltr' id='par_1_68' title="bbox 439 3560 2014 3646">
     <span class='ocr_line' id='line_1_69' title="bbox 439 3560 2014 3646; baseline -0.012 -15"><span class='ocrx_word' id='word_1_486' title='bbox 439 3573 896 3646; x_wconf 87' lang='lat' dir='ltr'><strong>perpendentem:</strong></span> <span class='ocrx_word' id='word_1_487' title='bbox 968 3566 1277 3620; x_wconf 81' lang='lat' dir='ltr'><strong>mercedum</strong></span> <span class='ocrx_word' id='word_1_488' title='bbox 1345 3561 1828 3627; x_wconf 85' lang='lat' dir='ltr'><strong>contrarietatem;</strong></span> <span class='ocrx_word' id='word_1_489' title='bbox 1889 3560 2014 3614; x_wconf 87' lang='lat' dir='ltr'><strong>hine</strong></span> 
     </span>
    </p>
   </div>
   <div class='ocr_carea' id='block_1_69' title="bbox 438 3650 2010 3728">
    <p class='ocr_par' dir='ltr' id='par_1_69' title="bbox 438 3650 2010 3728">
     <span class='ocr_line' id='line_1_70' title="bbox 438 3650 2010 3728; baseline -0.011 -8"><span class='ocrx_word' id='word_1_490' title='bbox 438 3665 660 3720; x_wconf 64' lang='lat' dir='ltr'><strong>cwleste</strong></span> <span class='ocrx_word' id='word_1_491' title='bbox 712 3671 964 3728; x_wconf 86' lang='lat' dir='ltr'><strong>regnum,</strong></span> <span class='ocrx_word' id='word_1_492' title='bbox 1011 3653 1220 3708; x_wconf 77' lang='lat' dir='ltr'><strong>felicem</strong></span> <span class='ocrx_word' id='word_1_493' title='bbox 1267 3651 1411 3706; x_wconf 89' lang='lat' dir='ltr'><strong>illam</strong></span> <span class='ocrx_word' id='word_1_494' title='bbox 1460 3651 1651 3716; x_wconf 90' lang='lat' dir='ltr'><strong>Edem,</strong></span> <span class='ocrx_word' id='word_1_495' title='bbox 1687 3650 2010 3719; x_wconf 82' lang='lat' dir='ltr'><strong>promissam</strong></span> 
     </span>
    </p>
   </div>
   <div class='ocr_carea' id='block_1_70' title="bbox 441 3741 2005 3818">
    <p class='ocr_par' dir='ltr' id='par_1_70' title="bbox 441 3741 2005 3818">
     <span class='ocr_line' id='line_1_71' title="bbox 441 3741 2005 3818; baseline -0.013 -6"><span class='ocrx_word' id='word_1_496' title='bbox 441 3757 663 3812; x_wconf 87' lang='lat' dir='ltr'><strong>mitibus</strong></span> <span class='ocrx_word' id='word_1_497' title='bbox 690 3765 913 3815; x_wconf 87' lang='lat' dir='ltr'><strong>terram,</strong></span> <span class='ocrx_word' id='word_1_498' title='bbox 940 3748 1323 3818; x_wconf 70' lang='lat' dir='ltr'><strong>iustorumque</strong></span> <span class='ocrx_word' id='word_1_499' title='bbox 1359 3743 1678 3798; x_wconf 87' lang='lat' dir='ltr'><strong>domicilia:</strong></span> <span class='ocrx_word' id='word_1_500' title='bbox 1724 3741 1874 3794; x_wconf 89' lang='lat' dir='ltr'><strong>illinc</strong></span> <span class='ocrx_word' id='word_1_501' title='bbox 1915 3755 2005 3794; x_wconf 81' lang='lat' dir='ltr'><strong>er-</strong></span> 
     </span>
    </p>
   </div>
   <div class='ocr_carea' id='block_1_71' title="bbox 439 3833 2016 3919">
    <p class='ocr_par' dir='ltr' id='par_1_71' title="bbox 439 3833 2016 3919">
     <span class='ocr_line' id='line_1_72' title="bbox 439 3833 2016 3919; baseline -0.013 -16"><span class='ocrx_word' id='word_1_502' title='bbox 439 3849 646 3919; x_wconf 77' lang='lat' dir='ltr'><strong>gastula</strong></span> <span class='ocrx_word' id='word_1_503' title='bbox 705 3841 1076 3903; x_wconf 84' lang='lat' dir='ltr'><strong>formidolosa,</strong></span> <span class='ocrx_word' id='word_1_504' title='bbox 1124 3837 1470 3892; x_wconf 85' lang='lat' dir='ltr'><strong>ebullientem</strong></span> <span class='ocrx_word' id='word_1_505' title='bbox 1515 3834 1717 3904; x_wconf 90' lang='lat' dir='ltr'><strong>ignem,</strong></span> <span class='ocrx_word' id='word_1_506' title='bbox 1767 3833 2016 3887; x_wconf 82' lang='lat' dir='ltr'><strong>tenebras</strong></span> 
     </span>
    </p>
   </div>
   <div class='ocr_carea' id='block_1_72' title="bbox 439 3926 2012 4002">
    <p class='ocr_par' dir='ltr' id='par_1_72' title="bbox 439 3926 2012 4002">
     <span class='ocr_line' id='line_1_73' title="bbox 439 3926 2012 4002; baseline -0.009 -10"><span class='ocrx_word' id='word_1_507' title='bbox 439 3939 762 4002; x_wconf 71' lang='lat' dir='ltr'><strong>exteriores,</strong></span> <span class='ocrx_word' id='word_1_508' title='bbox 799 3932 1090 3989; x_wconf 84' lang='lat' dir='ltr'><strong>stridorem</strong></span> <span class='ocrx_word' id='word_1_509' title='bbox 1142 3927 1408 3991; x_wconf 87' lang='lat' dir='ltr'><strong>dentium,</strong></span> <span class='ocrx_word' id='word_1_510' title='bbox 1473 3926 1834 3980; x_wconf 70' lang='lat' dir='ltr'><strong>immortale-ni</strong></span> <span class='ocrx_word' id='word_1_511' title='bbox 1879 3940 2012 3979; x_wconf 75' lang='lat' dir='ltr'><strong>con-</strong></span> 
     </span>
    </p>
   </div>
   <div class='ocr_carea' id='block_1_73' title="bbox 439 4018 2015 4093">
    <p class='ocr_par' dir='ltr' id='par_1_73' title="bbox 439 4018 2015 4093">
     <span class='ocr_line' id='line_1_74' title="bbox 439 4018 2015 4093; baseline -0.011 -6"><span class='ocrx_word' id='word_1_512' title='bbox 439 4033 682 4088; x_wconf 61' lang='lat' dir='ltr'><strong>scientiae</strong></span> <span class='ocrx_word' id='word_1_513' title='bbox 712 4040 973 4090; x_wconf 77' lang='lat' dir='ltr'><strong>vermem,</strong></span> <span class='ocrx_word' id='word_1_514' title='bbox 1006 4024 1096 4093; x_wconf 91' lang='lat' dir='ltr'><strong>qui</strong></span> <span class='ocrx_word' id='word_1_515' title='bbox 1119 4022 1354 4075; x_wconf 89' lang='lat' dir='ltr'><strong>animam</strong></span> <span class='ocrx_word' id='word_1_516' title='bbox 1389 4021 1592 4086; x_wconf 89' lang='lat' dir='ltr'><strong>pudore</strong></span> <span class='ocrx_word' id='word_1_517' title='bbox 1620 4035 1796 4072; x_wconf 88' lang='lat' dir='ltr'><strong>rerum</strong></span> <span class='ocrx_word' id='word_1_518' title='bbox 1824 4020 1876 4071; x_wconf 90' lang='lat' dir='ltr'><strong>in</strong></span> <span class='ocrx_word' id='word_1_519' title='bbox 1907 4018 2015 4072; x_wconf 84' lang='lat' dir='ltr'><strong>vita</strong></span> 
     </span>
    </p>
   </div>
   <div class='ocr_carea' id='block_1_74' title="bbox 442 4111 2016 4192">
    <p class='ocr_par' dir='ltr' id='par_1_74' title="bbox 442 4111 2016 4192">
     <span class='ocr_line' id='line_1_75' title="bbox 442 4111 2016 4192; baseline -0.01 -15"><span class='ocrx_word' id='word_1_520' title='bbox 442 4125 580 4177; x_wconf 89' lang='lat' dir='ltr'><strong>male</strong></span> <span class='ocrx_word' id='word_1_521' title='bbox 617 4131 892 4192; x_wconf 86' lang='lat' dir='ltr'><strong>gestarum</strong></span> <span class='ocrx_word' id='word_1_522' title='bbox 923 4125 1182 4186; x_wconf 85' lang='lat' dir='ltr'><strong>perpetuo</strong></span> <span class='ocrx_word' id='word_1_523' title='bbox 1208 4113 1445 4181; x_wconf 83' lang='lat' dir='ltr'><strong>exsugit,</strong></span> <span class='ocrx_word' id='word_1_524' title='bbox 1477 4122 1530 4166; x_wconf 92' lang='lat' dir='ltr'><strong>et</strong></span> <span class='ocrx_word' id='word_1_525' title='bbox 1566 4111 1876 4165; x_wconf 86' lang='lat' dir='ltr'><strong>earumdem</strong></span> <span class='ocrx_word' id='word_1_526' title='bbox 1905 4123 2016 4162; x_wconf 85' lang='lat' dir='ltr'><strong>tue-</strong></span> 
     </span>
    </p>
   </div>
   <div class='ocr_carea' id='block_1_75' title="bbox 438 4204 2012 4271">
    <p class='ocr_par' dir='ltr' id='par_1_75' title="bbox 438 4204 2012 4271">
     <span class='ocr_line' id='line_1_76' title="bbox 438 4204 2012 4271; baseline -0.007 -3"><span class='ocrx_word' id='word_1_527' title='bbox 438 4217 611 4270; x_wconf 86' lang='lat' dir='ltr'><strong>moria</strong></span> <span class='ocrx_word' id='word_1_528' title='bbox 647 4213 869 4267; x_wconf 81' lang='lat' dir='ltr'><strong>relricat</strong></span> <span class='ocrx_word' id='word_1_529' title='bbox 898 4208 1197 4264; x_wconf 87' lang='lat' dir='ltr'><strong>cruciatus.</strong></span> <span class='ocrx_word' id='word_1_530' title='bbox 1236 4204 1361 4259; x_wconf 68' lang='lat' dir='ltr'><strong>Hzec</strong></span> <span class='ocrx_word' id='word_1_531' title='bbox 1411 4216 1592 4259; x_wconf 88' lang='lat' dir='ltr'><strong>mente</strong></span> <span class='ocrx_word' id='word_1_532' title='bbox 1639 4205 1764 4256; x_wconf 90' lang='lat' dir='ltr'><strong>dum</strong></span> <span class='ocrx_word' id='word_1_533' title='bbox 1803 4214 2012 4271; x_wconf 87' lang='lat' dir='ltr'><strong>reputo.</strong></span> 
     </span>
    </p>
   </div>
   <div class='ocr_carea' id='block_1_76' title="bbox 439 4296 2015 4376">
    <p class='ocr_par' dir='ltr' id='par_1_76' title="bbox 439 4296 2015 4376">
     <span class='ocr_line' id='line_1_77' title="bbox 439 4296 2015 4376; baseline -0.008 -16"><span class='ocrx_word' id='word_1_534' title='bbox 439 4307 606 4361; x_wconf 87' lang='lat' dir='ltr'><strong>animi</strong></span> <span class='ocrx_word' id='word_1_535' title='bbox 662 4305 870 4376; x_wconf 86' lang='lat' dir='ltr'><strong>pendeo</strong></span> <span class='ocrx_word' id='word_1_536' title='bbox 922 4313 978 4356; x_wconf 90' lang='lat' dir='ltr'><strong>et</strong></span> <span class='ocrx_word' id='word_1_537' title='bbox 1030 4300 1416 4357; x_wconf 88' lang='lat' dir='ltr'><strong>contremisco.</strong></span> <span class='ocrx_word' id='word_1_538' title='bbox 1471 4297 1785 4352; x_wconf 85' lang='lat' dir='ltr'><strong>Clarissime</strong></span> <span class='ocrx_word' id='word_1_539' title='bbox 1856 4296 2015 4364; x_wconf 76' lang='grc' dir='ltr'><strong>ιι2</strong></span> 
     </span>
    </p>
   </div>
   <div class='ocr_carea' id='block_1_77' title="bbox 439 4389 2007 4460">
    <p class='ocr_par' dir='ltr' id='par_1_77' title="bbox 439 4389 2007 4460">
     <span class='ocr_line' id='line_1_78' title="bbox 439 4389 2007 4460; baseline -0.008 -10"><span class='ocrx_word' id='word_1_540' title='bbox 439 4399 584 4451; x_wconf 85' lang='lat' dir='ltr'><strong>enim</strong></span> <span class='ocrx_word' id='word_1_541' title='bbox 617 4397 734 4452; x_wconf 65' lang='lat' dir='ltr'><strong>hate</strong></span> <span class='ocrx_word' id='word_1_542' title='bbox 759 4394 945 4449; x_wconf 89' lang='lat' dir='ltr'><strong>omnia</strong></span> <span class='ocrx_word' id='word_1_543' title='bbox 978 4403 1236 4460; x_wconf 87' lang='lat' dir='ltr'><strong>tanquam</strong></span> <span class='ocrx_word' id='word_1_544' title='bbox 1278 4391 1331 4443; x_wconf 90' lang='lat' dir='ltr'><strong>in</strong></span> <span class='ocrx_word' id='word_1_545' title='bbox 1363 4389 1596 4460; x_wconf 77' lang='lat' dir='ltr'><strong>imagine</strong></span> <span class='ocrx_word' id='word_1_546' title='bbox 1622 4389 1853 4458; x_wconf 77' lang='lat' dir='ltr'><strong>subjecit</strong></span> <span class='ocrx_word' id='word_1_547' title='bbox 1880 4404 2007 4440; x_wconf 86' lang='lat' dir='ltr'><strong>ocu-</strong></span> 
     </span>
    </p>
   </div>
   <div class='ocr_carea' id='block_1_78' title="bbox 442 4481 2016 4556">
    <p class='ocr_par' dir='ltr' id='par_1_78' title="bbox 442 4481 2016 4556">
     <span class='ocr_line' id='line_1_79' title="bbox 442 4481 2016 4556; baseline -0.007 -13"><span class='ocrx_word' id='word_1_548' title='bbox 442 4491 509 4543; x_wconf 71' lang='lat' dir='ltr'><strong>&#39;.is</strong></span> <span class='ocrx_word' id='word_1_549' title='bbox 531 4484 904 4556; x_wconf 84' lang='lat' dir='ltr'><strong>Evangelium.</strong></span> <span class='ocrx_word' id='word_1_550' title='bbox 937 4481 1045 4538; x_wconf 89' lang='lat' dir='ltr'><strong>Sed</strong></span> <span class='ocrx_word' id='word_1_551' title='bbox 1075 4489 1292 4549; x_wconf 88' lang='lat' dir='ltr'><strong>sumpto</strong></span> <span class='ocrx_word' id='word_1_552' title='bbox 1321 4483 1591 4535; x_wconf 85' lang='lat' dir='ltr'><strong>sermonis</strong></span> <span class='ocrx_word' id='word_1_553' title='bbox 1621 4481 1777 4534; x_wconf 86' lang='lat' dir='ltr'><strong>initio</strong></span> <span class='ocrx_word' id='word_1_554' title='bbox 1825 4497 1888 4534; x_wconf 88' lang='lat' dir='ltr'><strong>ea</strong></span> <span class='ocrx_word' id='word_1_555' title='bbox 1923 4497 2016 4533; x_wconf 79' lang='lat' dir='ltr'><strong>ex-</strong></span> 
     </span>
    </p>
   </div>
   <div class='ocr_carea' id='block_1_79' title="bbox 445 4577 851 4651">
    <p class='ocr_par' dir='ltr' id='par_1_79' title="bbox 445 4577 851 4651">
     <span class='ocr_line' id='line_1_80' title="bbox 445 4577 851 4651; baseline -0.005 -20"><span class='ocrx_word' id='word_1_556' title='bbox 445 4582 709 4651; x_wconf 80' lang='lat' dir='ltr'><strong>plicemus</strong></span> <span class='ocrx_word' id='word_1_557' title='bbox 740 4577 794 4609; x_wconf 78' lang='lat'><strong>‘&quot;</strong></span> <span class='ocrx_word' id='word_1_558' title='bbox 838 4593 851 4629; x_wconf 91' lang='lat'><strong>:</strong></span> 
     </span>
    </p>
   </div>
   <div class='ocr_carea' id='block_1_80' title="bbox 516 4661 2011 4726">
    <p class='ocr_par' dir='ltr' id='par_1_80' title="bbox 516 4661 2011 4726">
     <span class='ocr_line' id='line_1_81' title="bbox 516 4661 2011 4726; baseline -0.009 -1"><span class='ocrx_word' id='word_1_559' title='bbox 516 4693 533 4725; x_wconf 79' lang='grc' dir='ltr'><strong>ι</strong></span> <span class='ocrx_word' id='word_1_560' title='bbox 585 4673 728 4726; x_wconf 86' lang='lat' dir='ltr'><strong>Dixit</strong></span> <span class='ocrx_word' id='word_1_561' title='bbox 755 4667 1052 4723; x_wconf 87' lang='lat' dir='ltr'><strong>Dominus:</strong></span> <span class='ocrx_word' id='word_1_562' title='bbox 1085 4666 1218 4721; x_wconf 86' lang='lat' dir='ltr'><strong>Cum</strong></span> <span class='ocrx_word' id='word_1_563' title='bbox 1251 4664 1461 4719; x_wconf 86' lang='lat' dir='ltr'><strong>venerit</strong></span> <span class='ocrx_word' id='word_1_564' title='bbox 1496 4661 1664 4716; x_wconf 82' lang='lat' dir='ltr'><strong>Filius</strong></span> <span class='ocrx_word' id='word_1_565' title='bbox 1696 4663 1931 4716; x_wconf 79' lang='lat' dir='ltr'><strong>hominis</strong></span> <span class='ocrx_word' id='word_1_566' title='bbox 1961 4661 2011 4713; x_wconf 92' lang='lat' dir='ltr'><strong>in</strong></span> 
     </span>
    </p>
   </div>
   <div class='ocr_carea' id='block_1_81' title="bbox 441 4755 2014 4830">
    <p class='ocr_par' dir='ltr' id='par_1_81' title="bbox 441 4755 2014 4830">
     <span class='ocr_line' id='line_1_82' title="bbox 441 4755 2014 4830; baseline -0.008 -13"><span class='ocrx_word' id='word_1_567' title='bbox 441 4766 610 4830; x_wconf 68' lang='lat' dir='ltr'><strong>gloria</strong></span> <span class='ocrx_word' id='word_1_568' title='bbox 638 4779 763 4824; x_wconf 84' lang='lat' dir='ltr'><strong>sua,</strong></span> <span class='ocrx_word' id='word_1_569' title='bbox 819 4769 875 4814; x_wconf 88' lang='lat' dir='ltr'><strong>et</strong></span> <span class='ocrx_word' id='word_1_570' title='bbox 900 4773 1089 4813; x_wconf 89' lang='lat' dir='ltr'><strong>omnes</strong></span> <span class='ocrx_word' id='word_1_571' title='bbox 1135 4755 1310 4828; x_wconf 86' lang='lat' dir='ltr'><strong>angeli</strong></span> <span class='ocrx_word' id='word_1_572' title='bbox 1345 4755 1459 4822; x_wconf 77' lang='lat' dir='ltr'><strong>ejus</strong></span> <span class='ocrx_word' id='word_1_573' title='bbox 1488 4769 1608 4808; x_wconf 86' lang='lat' dir='ltr'><strong>eum</strong></span> <span class='ocrx_word' id='word_1_574' title='bbox 1647 4770 1733 4820; x_wconf 73' lang='lat' dir='ltr'><strong>eo,</strong></span> <span class='ocrx_word' id='word_1_575' title='bbox 1773 4764 1898 4807; x_wconf 90' lang='lat' dir='ltr'><strong>tunc</strong></span> <span class='ocrx_word' id='word_1_576' title='bbox 1928 4768 2014 4805; x_wconf 88' lang='lat' dir='ltr'><strong>se-</strong></span> 
     </span>
    </p>
   </div>
   <div class='ocr_carea' id='block_1_82' title="bbox 437 4843 1983 4914">
    <p class='ocr_par' dir='ltr' id='par_1_82' title="bbox 437 4843 1983 4914">
     <span class='ocr_line' id='line_1_83' title="bbox 437 4843 1983 4914; baseline -0.005 -12"><span class='ocrx_word' id='word_1_577' title='bbox 437 4853 584 4905; x_wconf 73' lang='lat' dir='ltr'><strong>dehit</strong></span> <span class='ocrx_word' id='word_1_578' title='bbox 615 4853 665 4905; x_wconf 92' lang='lat' dir='ltr'><strong>in</strong></span> <span class='ocrx_word' id='word_1_579' title='bbox 696 4855 914 4904; x_wconf 85' lang='lat' dir='ltr'><strong>throno.</strong></span> <span class='ocrx_word' id='word_1_580' title='bbox 979 4865 998 4899; x_wconf 72' lang='grc' dir='ltr'><strong>ι</strong></span> <span class='ocrx_word' id='word_1_581' title='bbox 1045 4846 1309 4913; x_wconf 85' lang='lat' dir='ltr'><strong>Quoniam</strong></span> <span class='ocrx_word' id='word_1_582' title='bbox 1345 4847 1551 4914; x_wconf 80' lang='lat' dir='ltr'><strong>primus</strong></span> <span class='ocrx_word' id='word_1_583' title='bbox 1582 4843 1781 4897; x_wconf 81' lang='lat' dir='ltr'><strong>Christi</strong></span> <span class='ocrx_word' id='word_1_584' title='bbox 1813 4848 1983 4895; x_wconf 79' lang='lat' dir='ltr'><strong>adven</strong></span> 
     </span>
    </p>
   </div>
   <div class='ocr_carea' id='block_1_83' title="bbox 442 4923 2010 5011">
    <p class='ocr_par' dir='ltr' id='par_1_83' title="bbox 442 4923 2010 5011">
     <span class='ocr_line' id='line_1_84' title="bbox 442 4923 2010 5011; baseline -0.008 -13"><span class='ocrx_word' id='word_1_585' title='bbox 442 4959 528 4998; x_wconf 82' lang='lat' dir='ltr'><strong>tus</strong></span> <span class='ocrx_word' id='word_1_586' title='bbox 557 4953 780 4998; x_wconf 84' lang='lat' dir='ltr'><strong>externa</strong></span> <span class='ocrx_word' id='word_1_587' title='bbox 813 4942 994 5011; x_wconf 82' lang='lat' dir='ltr'><strong>specie</strong></span> <span class='ocrx_word' id='word_1_588' title='bbox 1043 4941 1194 4994; x_wconf 85' lang='lat' dir='ltr'><strong>visus</strong></span> <span class='ocrx_word' id='word_1_589' title='bbox 1233 4947 1316 4990; x_wconf 87' lang='lat' dir='ltr'><strong>est</strong></span> <span class='ocrx_word' id='word_1_590' title='bbox 1369 4923 1630 4991; x_wconf 84' lang='lat' dir='ltr'><strong>humilis:</strong></span> <span class='ocrx_word' id='word_1_591' title='bbox 1664 4937 1860 5003; x_wconf 85' lang='lat' dir='ltr'><strong>quippe</strong></span> <span class='ocrx_word' id='word_1_592' title='bbox 1887 4950 2010 4987; x_wconf 91' lang='lat' dir='ltr'><strong>cum</strong></span> 
     </span>
    </p>
   </div>
   <div class='ocr_carea' id='block_1_84' title="bbox 441 5027 2011 5102">
    <p class='ocr_par' dir='ltr' id='par_1_84' title="bbox 441 5027 2011 5102">
     <span class='ocr_line' id='line_1_85' title="bbox 441 5027 2011 5102; baseline -0.006 -14"><span class='ocrx_word' id='word_1_593' title='bbox 441 5038 578 5088; x_wconf 61' lang='lat' dir='ltr'><strong>fabri</strong></span> <span class='ocrx_word' id='word_1_594' title='bbox 610 5034 752 5086; x_wconf 80' lang='lat' dir='ltr'><strong>[ilius</strong></span> <span class='ocrx_word' id='word_1_595' title='bbox 781 5043 996 5102; x_wconf 88' lang='lat' dir='ltr'><strong>putatus</strong></span> <span class='ocrx_word' id='word_1_596' title='bbox 1029 5030 1209 5094; x_wconf 76' lang='lat' dir='ltr'><strong>fuerit,</strong></span> <span class='ocrx_word' id='word_1_597' title='bbox 1246 5039 1299 5082; x_wconf 89' lang='lat' dir='ltr'><strong>et</strong></span> <span class='ocrx_word' id='word_1_598' title='bbox 1339 5028 1513 5096; x_wconf 88' lang='lat' dir='ltr'><strong>inopis</strong></span> <span class='ocrx_word' id='word_1_599' title='bbox 1541 5039 1700 5080; x_wconf 76' lang='lat' dir='ltr'><strong>Vllalll</strong></span> <span class='ocrx_word' id='word_1_600' title='bbox 1733 5027 2011 5094; x_wconf 76' lang='lat' dir='ltr'><strong>exegerit,</strong></span> 
     </span>
    </p>
   </div>
   <div class='ocr_carea' id='block_1_85' title="bbox 439 5118 2008 5194">
    <p class='ocr_par' dir='ltr' id='par_1_85' title="bbox 439 5118 2008 5194">
     <span class='ocr_line' id='line_1_86' title="bbox 439 5118 2008 5194; baseline -0.006 -15"><span class='ocrx_word' id='word_1_601' title='bbox 439 5139 496 5179; x_wconf 88' lang='lat' dir='ltr'><strong>nt</strong></span> <span class='ocrx_word' id='word_1_602' title='bbox 533 5129 633 5180; x_wconf 90' lang='lat' dir='ltr'><strong>iter</strong></span> <span class='ocrx_word' id='word_1_603' title='bbox 663 5126 929 5194; x_wconf 87' lang='lat' dir='ltr'><strong>pedestre,</strong></span> <span class='ocrx_word' id='word_1_604' title='bbox 953 5133 1007 5178; x_wconf 88' lang='lat' dir='ltr'><strong>et</strong></span> <span class='ocrx_word' id='word_1_605' title='bbox 1036 5137 1203 5194; x_wconf 89' lang='lat' dir='ltr'><strong>panes</strong></span> <span class='ocrx_word' id='word_1_606' title='bbox 1232 5119 1536 5180; x_wconf 86' lang='lat' dir='ltr'><strong>hordeacei.</strong></span> <span class='ocrx_word' id='word_1_607' title='bbox 1571 5129 1623 5171; x_wconf 87' lang='lat' dir='ltr'><strong>et</strong></span> <span class='ocrx_word' id='word_1_608' title='bbox 1657 5120 1832 5186; x_wconf 77' lang='lat' dir='ltr'><strong>inopia</strong></span> <span class='ocrx_word' id='word_1_609' title='bbox 1884 5118 2008 5180; x_wconf 88' lang='lat' dir='ltr'><strong>loci,</strong></span> 
     </span>
    </p>
   </div>
   <div class='ocr_carea' id='block_1_86' title="bbox 438 5210 2008 5287">
    <p class='ocr_par' dir='ltr' id='par_1_86' title="bbox 438 5210 2008 5287">
     <span class='ocr_line' id='line_1_87' title="bbox 438 5210 2008 5287; baseline -0.008 -11"><span class='ocrx_word' id='word_1_610' title='bbox 438 5220 529 5276; x_wconf 80' lang='lat' dir='ltr'><strong>ubi</strong></span> <span class='ocrx_word' id='word_1_611' title='bbox 579 5227 742 5287; x_wconf 80' lang='lat' dir='ltr'><strong>caput</strong></span> <span class='ocrx_word' id='word_1_612' title='bbox 789 5231 947 5269; x_wconf 79' lang='lat' dir='ltr'><strong>suum</strong></span> <span class='ocrx_word' id='word_1_613' title='bbox 999 5215 1313 5279; x_wconf 80' lang='lat' dir='ltr'><strong>reclinaret,</strong></span> <span class='ocrx_word' id='word_1_614' title='bbox 1349 5214 1683 5267; x_wconf 84' lang='lat' dir='ltr'><strong>ostendunt:</strong></span> <span class='ocrx_word' id='word_1_615' title='bbox 1737 5210 1854 5266; x_wconf 89' lang='lat' dir='ltr'><strong>ideo</strong></span> <span class='ocrx_word' id='word_1_616' title='bbox 1900 5226 2008 5264; x_wconf 92' lang='lat' dir='ltr'><strong>non</strong></span> 
     </span>
    </p>
   </div>
   <div class='ocr_carea' id='block_1_87' title="bbox 525 5369 1830 5446">
    <p class='ocr_par' dir='ltr' id='par_1_87' title="bbox 525 5369 1830 5446">
     <span class='ocr_line' id='line_1_88' title="bbox 525 5369 1830 5446; baseline -0.005 -17"><span class='ocrx_word' id='word_1_617' title='bbox 525 5380 563 5410; x_wconf 78' lang='grc'><strong>³⁷</strong></span> <span class='ocrx_word' id='word_1_618' title='bbox 606 5374 806 5446; x_wconf 83' lang='lat' dir='ltr'><strong>Ephcs.</strong></span> <span class='ocrx_word' id='word_1_619' title='bbox 852 5387 911 5436; x_wconf 90' lang='grc' dir='ltr'><strong>ιι,</strong></span> <span class='ocrx_word' id='word_1_620' title='bbox 955 5371 1039 5424; x_wconf 72' lang='grc'><strong>14.</strong></span> <span class='ocrx_word' id='word_1_621' title='bbox 1119 5369 1160 5399; x_wconf 67' lang='grc' dir='ltr'><strong>ιδ</strong></span> <span class='ocrx_word' id='word_1_622' title='bbox 1203 5369 1528 5434; x_wconf 80' lang='lat' dir='ltr'><strong>Matth.xxv,</strong></span> <span class='ocrx_word' id='word_1_623' title='bbox 1570 5369 1628 5422; x_wconf 80' lang='lat'><strong>5|</strong></span> <span class='ocrx_word' id='word_1_624' title='bbox 1675 5384 1830 5438; x_wconf 77' lang='lat' dir='ltr'><strong>seqq.</strong></span> 
     </span>
    </p>
   </div>
   <div class='ocr_carea' id='block_1_88' title="bbox 2045 4359 2096 4417">
    <p class='ocr_par' dir='ltr' id='par_1_88' title="bbox 2045 4359 2096 4417">
     <span class='ocr_line' id='line_1_89' title="bbox 2045 4359 2096 4417; baseline 0 0"><span class='ocrx_word' id='word_1_625' title='bbox 2045 4359 2096 4417; x_wconf 91' lang='lat' dir='ltr'><strong>D</strong></span> 
     </span>
    </p>
   </div>
   <div class='ocr_carea' id='block_1_89' title="bbox 2113 3106 3703 3179">
    <p class='ocr_par' dir='ltr' id='par_1_89' title="bbox 2113 3106 3703 3179">
     <span class='ocr_line' id='line_1_90' title="bbox 2113 3106 3703 3179; baseline 0.001 -20"><span class='ocrx_word' id='word_1_626' title='bbox 2113 3108 2520 3178; x_wconf 84' lang='grc' dir='ltr'>ἀποκλήρωσιν,</span> <span class='ocrx_word' id='word_1_627' title='bbox 2551 3109 2651 3170; x_wconf 82' lang='grc' dir='ltr'>τὰς</span> <span class='ocrx_word' id='word_1_628' title='bbox 2681 3107 2948 3178; x_wconf 81' lang='grc' dir='ltr'>μυριάδας</span> <span class='ocrx_word' id='word_1_629' title='bbox 2967 3107 3076 3161; x_wconf 85' lang='grc' dir='ltr'><strong>τῶν</strong></span> <span class='ocrx_word' id='word_1_630' title='bbox 3099 3106 3406 3177; x_wconf 83' lang='grc' dir='ltr'>ἀγγελικῶν</span> <span class='ocrx_word' id='word_1_631' title='bbox 3443 3111 3703 3179; x_wconf 77' lang='grc' dir='ltr'>παρατα-</span> 
     </span>
    </p>
   </div>
   <div class='ocr_carea' id='block_1_90' title="bbox 2115 3199 3704 3271">
    <p class='ocr_par' dir='ltr' id='par_1_90' title="bbox 2115 3199 3704 3271">
     <span class='ocr_line' id='line_1_91' title="bbox 2115 3199 3704 3271; baseline 0.002 -21"><span class='ocrx_word' id='word_1_632' title='bbox 2115 3199 2273 3264; x_wconf 82' lang='grc' dir='ltr'>ξεων,</span> <span class='ocrx_word' id='word_1_633' title='bbox 2303 3200 2394 3252; x_wconf 78' lang='grc' dir='ltr'><strong>τὸν</strong></span> <span class='ocrx_word' id='word_1_634' title='bbox 2421 3199 2649 3270; x_wconf 78' lang='grc' dir='ltr'>φοϐερὸν</span> <span class='ocrx_word' id='word_1_635' title='bbox 2685 3199 2932 3268; x_wconf 85' lang='grc' dir='ltr'>βασιλέα,</span> <span class='ocrx_word' id='word_1_636' title='bbox 2966 3201 3062 3252; x_wconf 79' lang='grc' dir='ltr'>καὶ</span> <span class='ocrx_word' id='word_1_637' title='bbox 3089 3201 3179 3252; x_wconf 72' lang='grc' dir='ltr'><strong>τὸν</strong></span> <span class='ocrx_word' id='word_1_638' title='bbox 3214 3200 3349 3271; x_wconf 74' lang='grc' dir='ltr'>πρὸς</span> <span class='ocrx_word' id='word_1_639' title='bbox 3381 3200 3482 3270; x_wconf 82' lang='grc' dir='ltr'>τὴν</span> <span class='ocrx_word' id='word_1_640' title='bbox 3513 3202 3704 3266; x_wconf 83' lang='grc' dir='ltr'>κρίσιν</span> 
     </span>
    </p>
   </div>
   <div class='ocr_carea' id='block_1_91' title="bbox 2113 3287 3699 3361">
    <p class='ocr_par' dir='ltr' id='par_1_91' title="bbox 2113 3287 3699 3361">
     <span class='ocr_line' id='line_1_92' title="bbox 2113 3287 3699 3361; baseline -0.002 -15"><span class='ocrx_word' id='word_1_641' title='bbox 2113 3294 2439 3356; x_wconf 80' lang='grc' dir='ltr'>ἀδέκαστον,</span> <span class='ocrx_word' id='word_1_642' title='bbox 2471 3287 2586 3344; x_wconf 72' lang='grc' dir='ltr'>οἷον</span> <span class='ocrx_word' id='word_1_643' title='bbox 2620 3296 2676 3346; x_wconf 89' lang='grc' dir='ltr'>ὲν</span> <span class='ocrx_word' id='word_1_644' title='bbox 2712 3292 2864 3361; x_wconf 76' lang='grc' dir='ltr'>ζυγῷ</span> <span class='ocrx_word' id='word_1_645' title='bbox 2909 3293 3072 3360; x_wconf 81' lang='grc' dir='ltr'>μέσον</span> <span class='ocrx_word' id='word_1_646' title='bbox 3104 3294 3308 3360; x_wconf 81' lang='grc' dir='ltr'>ἀμφοῖν</span> <span class='ocrx_word' id='word_1_647' title='bbox 3342 3293 3699 3360; x_wconf 68' lang='grc' dir='ltr'>ἐφεζόμενον,</span> 
     </span>
    </p>
   </div>
   <div class='ocr_carea' id='block_1_92' title="bbox 2117 3383 3704 3457">
    <p class='ocr_par' dir='ltr' id='par_1_92' title="bbox 2117 3383 3704 3457">
     <span class='ocr_line' id='line_1_93' title="bbox 2117 3383 3704 3457; baseline -0.003 -18"><span class='ocrx_word' id='word_1_648' title='bbox 2117 3386 2213 3439; x_wconf 76' lang='grc' dir='ltr'>καὶ</span> <span class='ocrx_word' id='word_1_649' title='bbox 2259 3387 2532 3457; x_wconf 71' lang='grc' dir='ltr'>ἰσορρόπῳ</span> <span class='ocrx_word' id='word_1_650' title='bbox 2573 3385 2870 3453; x_wconf 82' lang='grc' dir='ltr'>πλάστιγγι</span> <span class='ocrx_word' id='word_1_651' title='bbox 2902 3383 3002 3446; x_wconf 85' lang='grc' dir='ltr'>τὰς</span> <span class='ocrx_word' id='word_1_652' title='bbox 3035 3385 3265 3452; x_wconf 70' lang='grc' dir='ltr'>πράξεις</span> <span class='ocrx_word' id='word_1_653' title='bbox 3305 3384 3465 3453; x_wconf 79' lang='grc' dir='ltr'>ἡμῶν</span> <span class='ocrx_word' id='word_1_654' title='bbox 3498 3383 3704 3437; x_wconf 86' lang='grc' dir='ltr'>ταλαν-</span> 
     </span>
    </p>
   </div>
   <div class='ocr_carea' id='block_1_93' title="bbox 2114 3476 3706 3547">
    <p class='ocr_par' dir='ltr' id='par_1_93' title="bbox 2114 3476 3706 3547">
     <span class='ocr_line' id='line_1_94' title="bbox 2114 3476 3706 3547; baseline -0.003 -15"><span class='ocrx_word' id='word_1_655' title='bbox 2114 3481 2340 3532; x_wconf 82' lang='grc' dir='ltr'>τεῦοντα</span> <span class='ocrx_word' id='word_1_656' title='bbox 2371 3494 2387 3510; x_wconf 79' lang='grc'><strong><em>⁸</em></strong></span> <span class='ocrx_word' id='word_1_657' title='bbox 2409 3479 2519 3531; x_wconf 79' lang='grc' dir='ltr'><strong>τῶν</strong></span> <span class='ocrx_word' id='word_1_658' title='bbox 2549 3477 2793 3547; x_wconf 87' lang='grc' dir='ltr'>ἁμοιϐὦν</span> <span class='ocrx_word' id='word_1_659' title='bbox 2822 3477 2922 3541; x_wconf 86' lang='grc' dir='ltr'><strong>τάς</strong></span> <span class='ocrx_word' id='word_1_660' title='bbox 2951 3478 3336 3545; x_wconf 79' lang='grc' dir='ltr'>ἐναντιότητας</span> <span class='ocrx_word' id='word_1_661' title='bbox 3369 3491 3383 3504; x_wconf 79' lang='lat'>&#39;</span> <span class='ocrx_word' id='word_1_662' title='bbox 3419 3476 3575 3528; x_wconf 84' lang='grc' dir='ltr'>ἔνθεν</span> <span class='ocrx_word' id='word_1_663' title='bbox 3600 3483 3706 3544; x_wconf 69' lang='grc' dir='ltr'><strong>τὴν</strong></span> 
     </span>
    </p>
   </div>
   <div class='ocr_carea' id='block_1_94' title="bbox 2119 3565 3705 3638">
    <p class='ocr_par' dir='ltr' id='par_1_94' title="bbox 2119 3565 3705 3638">
     <span class='ocr_line' id='line_1_95' title="bbox 2119 3565 3705 3638; baseline -0.001 -18"><span class='ocrx_word' id='word_1_664' title='bbox 2119 3567 2401 3638; x_wconf 87' lang='grc' dir='ltr'>βασιλείαν</span> <span class='ocrx_word' id='word_1_665' title='bbox 2430 3569 2542 3620; x_wconf 82' lang='grc' dir='ltr'><strong>τῶν</strong></span> <span class='ocrx_word' id='word_1_666' title='bbox 2576 3567 2847 3636; x_wconf 81' lang='grc' dir='ltr'>οὐρανῶν,</span> <span class='ocrx_word' id='word_1_667' title='bbox 2903 3565 3002 3636; x_wconf 81' lang='grc' dir='ltr'><strong>τὴν</strong></span> <span class='ocrx_word' id='word_1_668' title='bbox 3049 3565 3330 3636; x_wconf 80' lang='grc' dir='ltr'>μακαρίαν</span> <span class='ocrx_word' id='word_1_669' title='bbox 3379 3567 3568 3634; x_wconf 82' lang='grc' dir='ltr'>Ἐδέμ,</span> <span class='ocrx_word' id='word_1_670' title='bbox 3602 3568 3705 3634; x_wconf 71' lang='grc' dir='ltr'>τὴν</span> 
     </span>
    </p>
   </div>
   <div class='ocr_carea' id='block_1_95' title="bbox 2117 3657 3706 3730">
    <p class='ocr_par' dir='ltr' id='par_1_95' title="bbox 2117 3657 3706 3730">
     <span class='ocr_line' id='line_1_96' title="bbox 2117 3657 3706 3730; baseline -0.001 -17"><span class='ocrx_word' id='word_1_671' title='bbox 2117 3660 2224 3713; x_wconf 85' lang='grc' dir='ltr'><strong>τῶν</strong></span> <span class='ocrx_word' id='word_1_672' title='bbox 2254 3661 2475 3730; x_wconf 77' lang='grc' dir='ltr'>πραέων</span> <span class='ocrx_word' id='word_1_673' title='bbox 2505 3661 2631 3728; x_wconf 79' lang='grc' dir='ltr'>γῆν,</span> <span class='ocrx_word' id='word_1_674' title='bbox 2662 3659 2761 3719; x_wconf 82' lang='grc' dir='ltr'>τὰς</span> <span class='ocrx_word' id='word_1_675' title='bbox 2813 3657 2922 3712; x_wconf 87' lang='grc' dir='ltr'>τῶν</span> <span class='ocrx_word' id='word_1_676' title='bbox 2974 3658 3199 3711; x_wconf 87' lang='grc' dir='ltr'>δικαίων</span> <span class='ocrx_word' id='word_1_677' title='bbox 3248 3659 3415 3728; x_wconf 83' lang='grc' dir='ltr'>μονάς</span> <span class='ocrx_word' id='word_1_678' title='bbox 3437 3674 3453 3689; x_wconf 88' lang='grc'><strong>·</strong></span> <span class='ocrx_word' id='word_1_679' title='bbox 3488 3661 3706 3711; x_wconf 75' lang='grc' dir='ltr'>ἐκεῖθεν</span> 
     </span>
    </p>
   </div>
   <div class='ocr_carea' id='block_1_96' title="bbox 2118 3749 3706 3820">
    <p class='ocr_par' dir='ltr' id='par_1_96' title="bbox 2118 3749 3706 3820">
     <span class='ocr_line' id='line_1_97' title="bbox 2118 3749 3706 3820; baseline 0.001 -17"><span class='ocrx_word' id='word_1_680' title='bbox 2118 3753 2188 3804; x_wconf 78' lang='grc' dir='ltr'>τὰ</span> <span class='ocrx_word' id='word_1_681' title='bbox 2243 3751 2452 3820; x_wconf 74' lang='grc' dir='ltr'>φοϐερὰ</span> <span class='ocrx_word' id='word_1_682' title='bbox 2511 3750 2868 3820; x_wconf 78' lang='grc' dir='ltr'>κολαστήρια,</span> <span class='ocrx_word' id='word_1_683' title='bbox 2904 3749 2966 3801; x_wconf 84' lang='grc' dir='ltr'><strong>τὸ</strong></span> <span class='ocrx_word' id='word_1_684' title='bbox 3001 3749 3112 3818; x_wconf 86' lang='grc' dir='ltr'><strong>πῦρ</strong></span> <span class='ocrx_word' id='word_1_685' title='bbox 3158 3750 3220 3802; x_wconf 85' lang='grc' dir='ltr'>τὸ</span> <span class='ocrx_word' id='word_1_686' title='bbox 3279 3749 3590 3819; x_wconf 68' lang='grc' dir='ltr'>παφλάζον,</span> <span class='ocrx_word' id='word_1_687' title='bbox 3641 3753 3706 3804; x_wconf 72' lang='grc' dir='ltr'>τὸ</span> 
     </span>
    </p>
   </div>
   <div class='ocr_carea' id='block_1_97' title="bbox 2118 3835 3704 3912">
    <p class='ocr_par' dir='ltr' id='par_1_97' title="bbox 2118 3835 3704 3912">
     <span class='ocr_line' id='line_1_98' title="bbox 2118 3835 3704 3912; baseline 0.001 -19"><span class='ocrx_word' id='word_1_688' title='bbox 2118 3841 2382 3911; x_wconf 76' lang='grc' dir='ltr'>ἐξώτερον</span> <span class='ocrx_word' id='word_1_689' title='bbox 2429 3843 2641 3903; x_wconf 81' lang='grc' dir='ltr'>σκότος,</span> <span class='ocrx_word' id='word_1_690' title='bbox 2696 3842 2788 3893; x_wconf 89' lang='grc' dir='ltr'><strong>τὸν</strong></span> <span class='ocrx_word' id='word_1_691' title='bbox 2839 3842 2946 3893; x_wconf 85' lang='grc' dir='ltr'><strong>τῶν</strong></span> <span class='ocrx_word' id='word_1_692' title='bbox 3003 3841 3233 3893; x_wconf 85' lang='grc' dir='ltr'>ὀδόντων</span> <span class='ocrx_word' id='word_1_693' title='bbox 3285 3835 3555 3912; x_wconf 83' lang='grc' dir='ltr'>βρυγμδν,</span> <span class='ocrx_word' id='word_1_694' title='bbox 3610 3844 3704 3894; x_wconf 74' lang='grc' dir='ltr'><strong>τὸν</strong></span> 
     </span>
    </p>
   </div>
   <div class='ocr_carea' id='block_1_98' title="bbox 2119 3931 3704 4001">
    <p class='ocr_par' dir='ltr' id='par_1_98' title="bbox 2119 3931 3704 4001">
     <span class='ocr_line' id='line_1_99' title="bbox 2119 3931 3704 4001; baseline -0.001 -15"><span class='ocrx_word' id='word_1_695' title='bbox 2119 3932 2343 4001; x_wconf 70' lang='grc' dir='ltr'>ἄφθιτον</span> <span class='ocrx_word' id='word_1_696' title='bbox 2366 3933 2467 4001; x_wconf 81' lang='grc' dir='ltr'>τῆς</span> <span class='ocrx_word' id='word_1_697' title='bbox 2500 3932 2860 4001; x_wconf 84' lang='grc' dir='ltr'>συνειδήσεως</span> <span class='ocrx_word' id='word_1_698' title='bbox 2889 3931 3170 4000; x_wconf 80' lang='grc' dir='ltr'>σκώληκα,</span> <span class='ocrx_word' id='word_1_699' title='bbox 3207 3931 3296 3984; x_wconf 86' lang='grc' dir='ltr'><strong>τδν</strong></span> <span class='ocrx_word' id='word_1_700' title='bbox 3327 3933 3414 3984; x_wconf 73' lang='grc' dir='ltr'><strong>ἀεὶ</strong></span> <span class='ocrx_word' id='word_1_701' title='bbox 3439 3931 3704 4000; x_wconf 76' lang='grc' dir='ltr'>μυζῶντα</span> 
     </span>
    </p>
   </div>
   <div class='ocr_carea' id='block_1_99' title="bbox 2120 4023 3706 4095">
    <p class='ocr_par' dir='ltr' id='par_1_99' title="bbox 2120 4023 3706 4095">
     <span class='ocr_line' id='line_1_100' title="bbox 2120 4023 3706 4095; baseline -0.003 -17"><span class='ocrx_word' id='word_1_702' title='bbox 2120 4027 2217 4094; x_wconf 83' lang='grc' dir='ltr'>τὴν</span> <span class='ocrx_word' id='word_1_703' title='bbox 2246 4023 2423 4095; x_wconf 78' lang='grc' dir='ltr'>ψυχὴν</span> <span class='ocrx_word' id='word_1_704' title='bbox 2462 4023 2531 4078; x_wconf 83' lang='grc' dir='ltr'>δι’</span> <span class='ocrx_word' id='word_1_705' title='bbox 2575 4023 2859 4094; x_wconf 81' lang='grc' dir='ltr'>αἰσχύνης,</span> <span class='ocrx_word' id='word_1_706' title='bbox 2903 4024 2999 4078; x_wconf 82' lang='grc' dir='ltr'>καὶ</span> <span class='ocrx_word' id='word_1_707' title='bbox 3029 4027 3095 4094; x_wconf 84' lang='grc' dir='ltr'>τῇ</span> <span class='ocrx_word' id='word_1_708' title='bbox 3147 4023 3337 4095; x_wconf 79' lang='grc' dir='ltr'>μνήμῃ</span> <span class='ocrx_word' id='word_1_709' title='bbox 3368 4023 3479 4076; x_wconf 86' lang='grc' dir='ltr'><strong>τῶν</strong></span> <span class='ocrx_word' id='word_1_710' title='bbox 3516 4025 3706 4086; x_wconf 82' lang='grc' dir='ltr'>κακῶς</span> 
     </span>
    </p>
   </div>
   <div class='ocr_carea' id='block_1_100' title="bbox 2123 4115 3705 4188">
    <p class='ocr_par' dir='ltr' id='par_1_100' title="bbox 2123 4115 3705 4188">
     <span class='ocr_line' id='line_1_101' title="bbox 2123 4115 3705 4188; baseline -0.001 -18"><span class='ocrx_word' id='word_1_711' title='bbox 2123 4118 2474 4188; x_wconf 64' lang='grc' dir='ltr'>βεϐιωμένων</span> <span class='ocrx_word' id='word_1_712' title='bbox 2529 4117 2629 4180; x_wconf 78' lang='grc' dir='ltr'><strong>τὰς</strong></span> <span class='ocrx_word' id='word_1_713' title='bbox 2675 4116 2978 4185; x_wconf 77' lang='grc' dir='ltr'>ἀλγηδόνας</span> <span class='ocrx_word' id='word_1_714' title='bbox 3028 4115 3470 4180; x_wconf 76' lang='grc' dir='ltr'>ἀνακαινίζοντα.</span> <span class='ocrx_word' id='word_1_715' title='bbox 3514 4117 3705 4169; x_wconf 76' lang='grc' dir='ltr'>Ταῦτα</span> 
     </span>
    </p>
   </div>
   <div class='ocr_carea' id='block_1_101' title="bbox 2121 4207 3702 4282">
    <p class='ocr_par' dir='ltr' id='par_1_101' title="bbox 2121 4207 3702 4282">
     <span class='ocr_line' id='line_1_102' title="bbox 2121 4207 3702 4282; baseline -0.001 -18"><span class='ocrx_word' id='word_1_716' title='bbox 2121 4212 2196 4282; x_wconf 83' lang='grc' dir='ltr'><strong>τῷ</strong></span> <span class='ocrx_word' id='word_1_717' title='bbox 2266 4211 2346 4264; x_wconf 77' lang='grc' dir='ltr'><strong>νοῒ</strong></span> <span class='ocrx_word' id='word_1_718' title='bbox 2420 4210 2770 4279; x_wconf 75' lang='grc' dir='ltr'>λογιζόμενος</span> <span class='ocrx_word' id='word_1_719' title='bbox 2835 4210 3048 4277; x_wconf 85' lang='grc' dir='ltr'>ἰλιγγιῶ</span> <span class='ocrx_word' id='word_1_720' title='bbox 3133 4209 3228 4262; x_wconf 80' lang='grc' dir='ltr'><strong>καὶ</strong></span> <span class='ocrx_word' id='word_1_721' title='bbox 3312 4207 3702 4279; x_wconf 84' lang='grc' dir='ltr'>κραδαίνομαι.</span> 
     </span>
    </p>
   </div>
   <div class='ocr_carea' id='block_1_102' title="bbox 2136 4301 3711 4374">
    <p class='ocr_par' dir='ltr' id='par_1_102' title="bbox 2136 4301 3711 4374">
     <span class='ocr_line' id='line_1_103' title="bbox 2136 4301 3711 4374; baseline -0.001 -17"><span class='ocrx_word' id='word_1_722' title='bbox 2136 4304 2433 4374; x_wconf 76' lang='grc' dir='ltr'>’Δριδήλως</span> <span class='ocrx_word' id='word_1_723' title='bbox 2476 4305 2584 4374; x_wconf 71' lang='grc' dir='ltr'>γὰρ</span> <span class='ocrx_word' id='word_1_724' title='bbox 2627 4305 2758 4373; x_wconf 81' lang='grc' dir='ltr'>ἡμῖν</span> <span class='ocrx_word' id='word_1_725' title='bbox 2802 4303 2980 4354; x_wconf 80' lang='grc' dir='ltr'>πάντα</span> <span class='ocrx_word' id='word_1_726' title='bbox 3020 4301 3082 4354; x_wconf 79' lang='grc' dir='ltr'>τὸ</span> <span class='ocrx_word' id='word_1_727' title='bbox 3117 4301 3447 4368; x_wconf 78' lang='grc' dir='ltr'>Εὑαγγέλιον</span> <span class='ocrx_word' id='word_1_728' title='bbox 3501 4301 3711 4366; x_wconf 75' lang='grc' dir='ltr'>ἐξεικό·</span> 
     </span>
    </p>
   </div>
   <div class='ocr_carea' id='block_1_103' title="bbox 2123 4393 3703 4466">
    <p class='ocr_par' dir='ltr' id='par_1_103' title="bbox 2123 4393 3703 4466">
     <span class='ocr_line' id='line_1_104' title="bbox 2123 4393 3703 4466; baseline -0.001 -16"><span class='ocrx_word' id='word_1_729' title='bbox 2123 4415 2290 4453; x_wconf 87' lang='grc' dir='ltr'>νισεν.</span> <span class='ocrx_word' id='word_1_730' title='bbox 2346 4398 2487 4448; x_wconf 77' lang='grc' dir='ltr'>Ἀλλ’</span> <span class='ocrx_word' id='word_1_731' title='bbox 2526 4397 2924 4466; x_wconf 74' lang='grc' dir='ltr'>ἀναπτύξωμεν</span> <span class='ocrx_word' id='word_1_732' title='bbox 2949 4395 3041 4447; x_wconf 82' lang='grc' dir='ltr'><strong>τὸν</strong></span> <span class='ocrx_word' id='word_1_733' title='bbox 3084 4395 3243 4463; x_wconf 85' lang='grc' dir='ltr'>λόγον</span> <span class='ocrx_word' id='word_1_734' title='bbox 3275 4393 3703 4465; x_wconf 77' lang='grc' dir='ltr'>ἀναλαϐόμενοι.</span> 
     </span>
    </p>
   </div>
   <div class='ocr_carea' id='block_1_104' title="bbox 2190 4655 3702 4730">
    <p class='ocr_par' dir='ltr' id='par_1_104' title="bbox 2190 4655 3702 4730">
     <span class='ocr_line' id='line_1_105' title="bbox 2190 4655 3702 4730; baseline -0.004 -17"><span class='ocrx_word' id='word_1_735' title='bbox 2190 4680 2208 4713; x_wconf 78' lang='grc' dir='ltr'><strong>ι</strong></span> <span class='ocrx_word' id='word_1_736' title='bbox 2243 4658 2409 4714; x_wconf 80' lang='grc' dir='ltr'>Εἶπεν</span> <span class='ocrx_word' id='word_1_737' title='bbox 2441 4663 2468 4712; x_wconf 92' lang='lat'><strong>6</strong></span> <span class='ocrx_word' id='word_1_738' title='bbox 2499 4660 2701 4730; x_wconf 85' lang='grc' dir='ltr'>Κύριος</span> <span class='ocrx_word' id='word_1_739' title='bbox 2728 4675 2741 4687; x_wconf 88' lang='grc'><strong>·</strong></span> <span class='ocrx_word' id='word_1_740' title='bbox 2777 4659 2946 4711; x_wconf 89' lang='grc' dir='ltr'>Ὀταν</span> <span class='ocrx_word' id='word_1_741' title='bbox 2975 4656 3104 4730; x_wconf 77' lang='grc' dir='ltr'>ἔλθῃ</span> <span class='ocrx_word' id='word_1_742' title='bbox 3137 4660 3165 4710; x_wconf 88' lang='lat'><strong>6</strong></span> <span class='ocrx_word' id='word_1_743' title='bbox 3202 4657 3326 4720; x_wconf 71' lang='grc' dir='ltr'>Υἱὸς</span> <span class='ocrx_word' id='word_1_744' title='bbox 3361 4655 3455 4710; x_wconf 82' lang='grc' dir='ltr'><strong>τοῦ</strong></span> <span class='ocrx_word' id='word_1_745' title='bbox 3483 4656 3702 4723; x_wconf 82' lang='grc' dir='ltr'>ἀνθρὼ-</span> 
     </span>
    </p>
   </div>
   <div class='ocr_carea' id='block_1_105' title="bbox 2115 4749 3701 4824">
    <p class='ocr_par' dir='ltr' id='par_1_105' title="bbox 2115 4749 3701 4824">
     <span class='ocr_line' id='line_1_106' title="bbox 2115 4749 3701 4824; baseline -0.003 -17"><span class='ocrx_word' id='word_1_746' title='bbox 2115 4773 2219 4807; x_wconf 84' lang='grc' dir='ltr'><strong>που</strong></span> <span class='ocrx_word' id='word_1_747' title='bbox 2252 4757 2309 4807; x_wconf 89' lang='grc' dir='ltr'><strong>ἐν</strong></span> <span class='ocrx_word' id='word_1_748' title='bbox 2345 4757 2410 4824; x_wconf 84' lang='grc' dir='ltr'>τῇ</span> <span class='ocrx_word' id='word_1_749' title='bbox 2456 4753 2582 4824; x_wconf 80' lang='grc' dir='ltr'>δόξῃ</span> <span class='ocrx_word' id='word_1_750' title='bbox 2630 4752 2818 4817; x_wconf 80' lang='grc' dir='ltr'>αὑτοῦ,</span> <span class='ocrx_word' id='word_1_751' title='bbox 2852 4754 2946 4808; x_wconf 74' lang='grc' dir='ltr'>καὶ</span> <span class='ocrx_word' id='word_1_752' title='bbox 2987 4752 3190 4814; x_wconf 80' lang='grc' dir='ltr'>πάντες</span> <span class='ocrx_word' id='word_1_753' title='bbox 3223 4752 3272 4804; x_wconf 77' lang='grc' dir='ltr'>οἱ</span> <span class='ocrx_word' id='word_1_754' title='bbox 3315 4749 3539 4818; x_wconf 79' lang='grc' dir='ltr'>ἄγγελοι</span> <span class='ocrx_word' id='word_1_755' title='bbox 3579 4751 3701 4820; x_wconf 84' lang='grc' dir='ltr'>μετ’</span> 
     </span>
    </p>
   </div>
   <div class='ocr_carea' id='block_1_106' title="bbox 2119 4843 3698 4916">
    <p class='ocr_par' dir='ltr' id='par_1_106' title="bbox 2119 4843 3698 4916">
     <span class='ocr_line' id='line_1_107' title="bbox 2119 4843 3698 4916; baseline -0.004 -15"><span class='ocrx_word' id='word_1_756' title='bbox 2119 4846 2308 4913; x_wconf 83' lang='grc' dir='ltr'>αὑτοῦ,</span> <span class='ocrx_word' id='word_1_757' title='bbox 2344 4847 2467 4900; x_wconf 90' lang='grc' dir='ltr'>τότε</span> <span class='ocrx_word' id='word_1_758' title='bbox 2500 4847 2717 4901; x_wconf 83' lang='grc' dir='ltr'>καθίσει</span> <span class='ocrx_word' id='word_1_759' title='bbox 2747 4848 2837 4898; x_wconf 71' lang='grc' dir='ltr'><strong>ἐπὶ</strong></span> <span class='ocrx_word' id='word_1_760' title='bbox 2865 4845 3078 4916; x_wconf 86' lang='grc' dir='ltr'>θρόνου.</span> <span class='ocrx_word' id='word_1_761' title='bbox 3119 4861 3138 4894; x_wconf 73' lang='grc' dir='ltr'><strong>ι</strong></span> <span class='ocrx_word' id='word_1_762' title='bbox 3188 4843 3406 4913; x_wconf 83' lang='grc' dir='ltr'>Ἐπειδὴ</span> <span class='ocrx_word' id='word_1_763' title='bbox 3443 4845 3476 4912; x_wconf 83' lang='grc' dir='ltr'><strong>ὴ</strong></span> <span class='ocrx_word' id='word_1_764' title='bbox 3505 4843 3698 4913; x_wconf 80' lang='grc' dir='ltr'>πρώτη</span> 
     </span>
    </p>
   </div>
   <div class='ocr_carea' id='block_1_107' title="bbox 2116 4935 3699 5008">
    <p class='ocr_par' dir='ltr' id='par_1_107' title="bbox 2116 4935 3699 5008">
     <span class='ocr_line' id='line_1_108' title="bbox 2116 4935 3699 5008; baseline -0.003 -18"><span class='ocrx_word' id='word_1_765' title='bbox 2116 4939 2390 5008; x_wconf 84' lang='grc' dir='ltr'>παρουσία</span> <span class='ocrx_word' id='word_1_766' title='bbox 2439 4936 2675 5008; x_wconf 85' lang='grc' dir='ltr'>Χριστοῦ</span> <span class='ocrx_word' id='word_1_767' title='bbox 2728 4937 2949 5007; x_wconf 84' lang='grc' dir='ltr'>εὐτελὴς</span> <span class='ocrx_word' id='word_1_768' title='bbox 2985 4937 3156 4990; x_wconf 87' lang='grc' dir='ltr'>ἐδόκει</span> <span class='ocrx_word' id='word_1_769' title='bbox 3200 4936 3342 4989; x_wconf 87' lang='grc' dir='ltr'><strong>κατά</strong></span> <span class='ocrx_word' id='word_1_770' title='bbox 3388 4935 3448 4988; x_wconf 83' lang='grc' dir='ltr'>τὸ</span> <span class='ocrx_word' id='word_1_771' title='bbox 3507 4935 3699 5003; x_wconf 77' lang='grc' dir='ltr'>φαινό-</span> 
     </span>
    </p>
   </div>
   <div class='ocr_carea' id='block_1_108' title="bbox 2120 5026 3701 5100">
    <p class='ocr_par' dir='ltr' id='par_1_108' title="bbox 2120 5026 3701 5100">
     <span class='ocr_line' id='line_1_109' title="bbox 2120 5026 3701 5100; baseline -0.003 -18"><span class='ocrx_word' id='word_1_772' title='bbox 2120 5046 2301 5100; x_wconf 86' lang='grc' dir='ltr'>μενον·</span> <span class='ocrx_word' id='word_1_773' title='bbox 2334 5030 2584 5090; x_wconf 82' lang='grc' dir='ltr'>τέκτονος</span> <span class='ocrx_word' id='word_1_774' title='bbox 2615 5029 2724 5098; x_wconf 79' lang='grc' dir='ltr'><strong>γὰρ</strong></span> <span class='ocrx_word' id='word_1_775' title='bbox 2758 5029 3038 5098; x_wconf 81' lang='grc' dir='ltr'>ἐνομίζετο</span> <span class='ocrx_word' id='word_1_776' title='bbox 3068 5031 3224 5094; x_wconf 83' lang='grc' dir='ltr'>παῖς,</span> <span class='ocrx_word' id='word_1_777' title='bbox 3252 5027 3345 5080; x_wconf 78' lang='grc' dir='ltr'><strong>καὶ</strong></span> <span class='ocrx_word' id='word_1_778' title='bbox 3368 5026 3481 5096; x_wconf 83' lang='grc' dir='ltr'>βίον</span> <span class='ocrx_word' id='word_1_779' title='bbox 3515 5027 3701 5096; x_wconf 77' lang='grc' dir='ltr'>διὴνυε</span> 
     </span>
    </p>
   </div>
   <div class='ocr_carea' id='block_1_109' title="bbox 2116 5119 3700 5190">
    <p class='ocr_par' dir='ltr' id='par_1_109' title="bbox 2116 5119 3700 5190">
     <span class='ocr_line' id='line_1_110' title="bbox 2116 5119 3700 5190; baseline 0 -19"><span class='ocrx_word' id='word_1_780' title='bbox 2116 5121 2344 5189; x_wconf 80' lang='grc' dir='ltr'>πένητα,</span> <span class='ocrx_word' id='word_1_781' title='bbox 2399 5119 2474 5182; x_wconf 86' lang='grc' dir='ltr'>ὡς</span> <span class='ocrx_word' id='word_1_782' title='bbox 2525 5119 2894 5190; x_wconf 77' lang='grc' dir='ltr'>ὴπεζοπορία</span> <span class='ocrx_word' id='word_1_783' title='bbox 2953 5119 3163 5190; x_wconf 75' lang='grc' dir='ltr'>ἐδήλου,</span> <span class='ocrx_word' id='word_1_784' title='bbox 3215 5121 3309 5173; x_wconf 79' lang='grc' dir='ltr'><strong>καὶ</strong></span> <span class='ocrx_word' id='word_1_785' title='bbox 3359 5121 3408 5173; x_wconf 80' lang='grc' dir='ltr'>οἱ</span> <span class='ocrx_word' id='word_1_786' title='bbox 3459 5119 3700 5190; x_wconf 84' lang='grc' dir='ltr'>κρίθινοι</span> 
     </span>
    </p>
   </div>
   <div class='ocr_carea' id='block_1_110' title="bbox 2113 5209 3698 5282">
    <p class='ocr_par' dir='ltr' id='par_1_110' title="bbox 2113 5209 3698 5282">
     <span class='ocr_line' id='line_1_111' title="bbox 2113 5209 3698 5282; baseline 0.002 -20"><span class='ocrx_word' id='word_1_787' title='bbox 2113 5209 2292 5279; x_wconf 78' lang='grc' dir='ltr'>ἄρτοι,</span> <span class='ocrx_word' id='word_1_788' title='bbox 2347 5211 2440 5263; x_wconf 68' lang='grc' dir='ltr'><strong>καὶ</strong></span> <span class='ocrx_word' id='word_1_789' title='bbox 2471 5209 2532 5262; x_wconf 79' lang='grc' dir='ltr'>τὸ</span> <span class='ocrx_word' id='word_1_790' title='bbox 2565 5209 2640 5279; x_wconf 82' lang='grc' dir='ltr'>μὴ</span> <span class='ocrx_word' id='word_1_791' title='bbox 2688 5210 2832 5278; x_wconf 69' lang='grc' dir='ltr'>ἔχειν</span> <span class='ocrx_word' id='word_1_792' title='bbox 2882 5226 2985 5262; x_wconf 86' lang='grc' dir='ltr'><strong>που</strong></span> <span class='ocrx_word' id='word_1_793' title='bbox 3047 5211 3146 5280; x_wconf 80' lang='grc' dir='ltr'><strong>τὴν</strong></span> <span class='ocrx_word' id='word_1_794' title='bbox 3182 5211 3426 5282; x_wconf 84' lang='grc' dir='ltr'>κεφαλὴν</span> <span class='ocrx_word' id='word_1_795' title='bbox 3472 5212 3698 5264; x_wconf 77' lang='grc' dir='ltr'>κλῖναι⁸</span> 
     </span>
    </p>
   </div>
   <div class='ocr_carea' id='block_1_111' title="bbox 1675 5476 2463 5540">
    <p class='ocr_par' dir='ltr' id='par_1_111' title="bbox 1675 5476 2463 5540">
     <span class='ocr_line' id='line_1_112' title="bbox 1675 5476 2463 5540; baseline -0.008 0"><span class='ocrx_word' id='word_1_796' title='bbox 1675 5479 1994 5540; x_wconf 72' lang='lat' dir='ltr'><strong>Frunisci</strong></span> <span class='ocrx_word' id='word_1_797' title='bbox 2029 5476 2236 5540; x_wconf 83' lang='lat' dir='ltr'><strong>Scorsi</strong></span> <span class='ocrx_word' id='word_1_798' title='bbox 2276 5483 2463 5537; x_wconf 62' lang='lat' dir='ltr'><strong>notas.</strong></span> 
     </span>
    </p>
   </div>
   <div class='ocr_carea' id='block_1_112' title="bbox 511 5581 2004 5653">
    <p class='ocr_par' dir='ltr' id='par_1_112' title="bbox 511 5581 2004 5653">
     <span class='ocr_line' id='line_1_113' title="bbox 511 5581 2004 5653; baseline -0.005 -13"><span class='ocrx_word' id='word_1_799' title='bbox 511 5590 583 5653; x_wconf 76' lang='lat'><strong>(9)</strong></span> <span class='ocrx_word' id='word_1_800' title='bbox 633 5585 802 5640; x_wconf 80' lang='lat' dir='ltr'><strong>Veluti</strong></span> <span class='ocrx_word' id='word_1_801' title='bbox 867 5595 1133 5649; x_wconf 67' lang='lat' dir='ltr'><strong>correptus</strong></span> <span class='ocrx_word' id='word_1_802' title='bbox 1186 5583 1455 5653; x_wconf 76' lang='lat' dir='ltr'><strong>vertigine.</strong></span> <span class='ocrx_word' id='word_1_803' title='bbox 1525 5581 1798 5634; x_wconf 80' lang='lat' dir='ltr'><strong>Consonat</strong></span> <span class='ocrx_word' id='word_1_804' title='bbox 1854 5581 2004 5653; x_wconf 61' lang='lat' dir='ltr'><strong>locus</strong></span> 
     </span>
    </p>
   </div>
   <div class='ocr_carea' id='block_1_113' title="bbox 440 5651 2002 5721">
    <p class='ocr_par' dir='ltr' id='par_1_113' title="bbox 440 5651 2002 5721">
     <span class='ocr_line' id='line_1_114' title="bbox 440 5651 2002 5721; baseline -0.007 -9"><span class='ocrx_word' id='word_1_805' title='bbox 440 5651 681 5721; x_wconf 48' lang='lat' dir='ltr'><strong>Scnﬂcw,</strong></span> <span class='ocrx_word' id='word_1_806' title='bbox 732 5658 822 5710; x_wconf 81' lang='lat' dir='ltr'><strong>lib.</strong></span> <span class='ocrx_word' id='word_1_807' title='bbox 861 5672 893 5709; x_wconf 90' lang='lat' dir='ltr'><strong>Il</strong></span> <span class='ocrx_word' id='word_1_808' title='bbox 940 5656 1009 5707; x_wconf 67' lang='lat' dir='ltr'><strong>De</strong></span> <span class='ocrx_word' id='word_1_809' title='bbox 1035 5656 1114 5707; x_wconf 83' lang='lat' dir='ltr'><strong>ira</strong></span> <span class='ocrx_word' id='word_1_810' title='bbox 1161 5653 1288 5705; x_wconf 71' lang='grc' dir='ltr'>ξΛιί</span> <span class='ocrx_word' id='word_1_811' title='bbox 1318 5651 1515 5718; x_wconf 71' lang='lat' dir='ltr'><strong>pejores</strong></span> <span class='ocrx_word' id='word_1_812' title='bbox 1559 5667 1767 5704; x_wconf 72' lang='lat' dir='ltr'><strong>unitum</strong></span> <span class='ocrx_word' id='word_1_813' title='bbox 1832 5651 2002 5701; x_wconf 75' lang='lat' dir='ltr'><strong>subri-</strong></span> 
     </span>
    </p>
   </div>
   <div class='ocr_carea' id='block_1_114' title="bbox 2113 5575 3692 5650">
    <p class='ocr_par' dir='ltr' id='par_1_114' title="bbox 2113 5575 3692 5650">
     <span class='ocr_line' id='line_1_115' title="bbox 2113 5575 3692 5650; baseline 0.012 -31"><span class='ocrx_word' id='word_1_814' title='bbox 2113 5589 2306 5644; x_wconf 57' lang='grc' dir='ltr'>(μακινγ</span> <span class='ocrx_word' id='word_1_815' title='bbox 2335 5577 2428 5644; x_wconf 80' lang='lat' dir='ltr'><strong>pili</strong></span> <span class='ocrx_word' id='word_1_816' title='bbox 2458 5591 2476 5628; x_wconf 87' lang='lat'><strong><em>:</em></strong></span> <span class='ocrx_word' id='word_1_817' title='bbox 2519 5584 2568 5626; x_wconf 69' lang='lat' dir='ltr'><strong>et</strong></span> <span class='ocrx_word' id='word_1_818' title='bbox 2601 5577 2759 5650; x_wconf 80' lang='lat' dir='ltr'><strong>rubor</strong></span> <span class='ocrx_word' id='word_1_819' title='bbox 2783 5576 2851 5626; x_wconf 85' lang='lat' dir='ltr'><strong>nd</strong></span> <span class='ocrx_word' id='word_1_820' title='bbox 2882 5575 3119 5628; x_wconf 68' lang='lat' dir='ltr'><strong>rut-robo</strong></span> <span class='ocrx_word' id='word_1_821' title='bbox 3143 5579 3296 5631; x_wconf 76' lang='lat' dir='ltr'><strong>verba</strong></span> <span class='ocrx_word' id='word_1_822' title='bbox 3328 5581 3692 5650; x_wconf 72' lang='lat' dir='ltr'><strong>(li/funditur,</strong></span> 
     </span>
    </p>
   </div>
   <div class='ocr_carea' id='block_1_115' title="bbox 2117 5648 3298 5716">
    <p class='ocr_par' dir='ltr' id='par_1_115' title="bbox 2117 5648 3298 5716">
     <span class='ocr_line' id='line_1_116' title="bbox 2117 5648 3298 5716; baseline 0.001 -16"><span class='ocrx_word' id='word_1_823' title='bbox 2117 5650 2450 5716; x_wconf 65' lang='grc' dir='ltr'>διιιμιίιιιιημιε</span> <span class='ocrx_word' id='word_1_824' title='bbox 2491 5648 2683 5714; x_wconf 53' lang='grc' dir='ltr'>ιεινιίυυ</span> <span class='ocrx_word' id='word_1_825' title='bbox 2716 5661 2980 5712; x_wconf 72' lang='grc' dir='ltr'>μνιιἸαμιιι</span> <span class='ocrx_word' id='word_1_826' title='bbox 3012 5660 3298 5713; x_wconf 58' lang='lat' dir='ltr'><strong>«eruentes.</strong></span> 
     </span>
    </p>
   </div>
  </div>
