3974 6200
288 235 392 299 έὶιὲ
1498 239 1896 300 ΤΠΕΟΡΠΑῈ

2033 239 2226 298 CERA
2239 238 2375 298 MEI

3462 240 3578 295 Et?

3508 279 3568 298 ...Α

295 351 448 406 ινιτιιῖ
501 347 616 402 Heu
653 347 897 403 acerbam
936 347 1298 401 sententiam!
1361 351 1652 416 pessimam
1696 365 1875 402 rerum

2001 348 2394 418 ;κτραγῳδήσει
2422 346 2513 399 τὸν
2550 345 2966 414 ἀπαράκλητον,
3021 348 3116 398 καὶ
3155 348 3276 409 οὓς
3325 348 3569 403 ἕκαττοζ

297 441 789 513 permutationem!
849 440 930 493 0b
991 442 1141 508 parvi
1170 443 1426 509 temporis
1473 445 1800 511 voluptatem
1845 460 1872 494 a

305 535 415 588 Deo
445 532 746 601 disiunctus
779 545 921 594 sum,
959 533 1030 586 ob
1077 533 1255 585 carnis
1283 531 1676 588 oblectamenta
1721 547 1879 588 aeter-

306 625 392 678 nis
441 622 672 676 l'lammis
720 621 977 688 addit-or;
1034 623 1103 674 ob
1166 625 1414 690 corporis
1467 625 1688 680 delicias
1728 627 1880 680 cibus

305 714 761 784 inesstingnibilis
789 713 929 782 ignis
961 714 1187 770 cilicior.
1215 712 1425 770 Jnstnm
1459 715 1550 770 Dei
1580 715 1875 783 judicium:

301 809 509 862 viscera
557 823 671 862 mea
738 809 1070 875 pauperibus
1123 825 1228 862 non
1286 810 1492 878 aperui,
1525 826 1700 880 neque
1747 811 1879 865 meis

306 897 555 950 lamentis
588 896 822 952 ﬂectitur
855 897 1032 964 Deus;
1086 913 1189 951 non
1241 901 1492 953 misertus
1533 915 1651 953 sum
1684 915 1882 966 egeno-

308 1009 450 1056 rum,
499 1007 676 1061 neque
727 993 816 1060 qui
853 993 954 1045 mei
1007 992 1354 1057 misereatur,
1413 993 1648 1046 invenio.
1704 993 1881 1054 Durus

304 1093 357 1134 et
377 1082 731 1136 inexorabilis
759 1083 833 1135 fui
863 1087 1123 1136 adversus
1145 1097 1238 1137 eos
1267 1083 1355 1149 qui
1389 1097 1476 1135 me
1505 1081 1879 1148 oﬂenderuut;

306 1178 544 1231 divinam
600 1193 726 1248 erga
779 1194 865 1234 me
919 1178 1258 1232 clementiam
1311 1178 1594 1233 obduravi.
1637 1178 1715 1230 lta
1765 1180 1883 1233 sine

307 1269 417 1322 ullo
467 1269 834 1324 emolumento
889 1269 1051 1340 119
1105 1269 1373 1340 eiulantes
1434 1270 1502 1324 ab
1557 1270 1883 1324 immittibus

314 1357 524 1423 angelis
567 1358 770 1411 detrusi
807 1359 1159 1426 sempiternis
1205 1359 1484 1428 suppliciis
1515 1359 1882 1414 destinantur.

307 1446 458 1499 Diem
493 1446 668 1510 illum,
693 1447 1056 1510 dilectissimi,
1094 1457 1272 1503 mente
1303 1458 1606 1514 versantes,
1629 1460 1684 1504 et
1711 1451 1885 1504 horri-

309 1536 472 1590 bilem
523 1537 668 1590 illam
725 1539 1054 1594 sententiam
1115 1540 1299 1596 animo
1353 1541 1644 1610 agitantes,
1695 1543 1885 1596 demus

310 1643 560 1698 operam,
612 1639 674 1684 ut
723 1646 820 1700 per
863 1631 1253 1702 benignitatem
1291 1633 1343 1687 in
1377 1648 1640 1703 pauperes
1666 1648 1882 1688 sacrum

1980 437 2668 506 ἐλεεινολογεῖταιφωνάςς
2708 436 2813 487 Φεῦ
2867 436 2966 506 τῆς
3017 437 3284 506 όδυνηρᾶς
3341 439 3565 504 ἁπαιᾳὰ-

1981 547 2120 590 σεως
2147 530 2158 581 ε
2185 528 2230 580 ὦ
2261 530 2358 598 τῆς
2379 528 2650 593 κακίστης
2677 525 2884 596 ταύτης
2916 526 3266 594 ἀνταλλαγῆς
3294 530 3305 580 ε
3339 529 3440 580 Διά
3463 531 3580 596 τὴν.

1982 620 2320 690 πρόσκαιρον
2375 618 2680 671 ἀπόλαυσιν
2731 618 2825 669 τοῦ
2860 617 2996 670 Θεοῦ
3026 617 3436 687 ἠλλοτρίωμαι’
3469 619 3564 671 διὰ

1980 713 2081 774 τὰς
2108 712 2207 779 τῆς
2233 710 2435 780 σαρκὸς
2466 709 2661 780 ἡδονὰς
2705 709 2784 778 τῷ
2835 710 3041 779 αίωνίῳ
3091 711 3226 778 πυρὶ
3267 709 3568 778 παραδίδο-

1983 803 2236 874 μαιθδιὰ
2298 803 2619 871 σωματικὴν
2677 800 2894 870 τρυφὴν
2955 800 3132 870 τροφὴ
3189 801 3413 870 γίνομαι
3461 804 3580 869 τῆς

1983 896 2247 949 ἀσϐέστου
2284 896 2505 964 φλογός.
2561 896 2762 950 Δικαία
2809 897 2842 967 ἡ
2899 897 3084 966 κρίσις
3128 896 3222 949 τοῦ
3258 897 3425 948 Θεοῦ*
3459 899 3566 949 οὐκ

1981 987 2169 1054 ἧνοιξα
2219 987 2504 1056 σπλάγχνα
2542 986 2621 1055 τῷ
2688 987 2906 1055 πένητι,
2953 987 3074 1040 οὐδὲ
3099 986 3233 1050 Θεὸς
3271 991 3381 1050 τοῖς
3407 992 3564 1056 ἐμοῖς

1983 1079 2204 1148 θρήνοις
2237 1079 2570 1145 κάμπτεται.
2603 1079 2717 1131 Οὐκ
2761 1080 2972 1148 ἠλέησα
3003 1080 3094 1133 τὸν
3137 1080 3416 1149 δεόμενον,
3449 1080 3568 1132 οὐδ’

1984 1170 2148 1234 αὐτὸς
2181 1171 2423 1240 εὑρίσκω
2475 1171 2570 1224 τὸν
2629 1171 2886 1225 ἐλεοῦντά
2945 1189 3035 1241 με.
3072 1171 3316 1240 Σκληρδς
3337 1171 3578 1242 ὠράθην

1986 1262 2122 1332 πρὸς
2158 1263 2284 1325 τοὺς
2335 1263 2416 1325 εἰς
2468 1262 2570 1332 ἐμὲ
2600 1264 3058 1334 ἁμαρτήσαντας,
3099 1263 3412 1333 ἐσκλήρυνα
3439 1263 3570 1314 κατ’

1986 1355 2229 1425 ἐμαυτοῦ
2254 1353 2353 1425 τὴν
2385 1354 2481 1409 τοῦ
2531 1355 2671 1409 Θεοῦ
2715 1357 3054 1426 ἁγαϐότητα.
3117 1355 3313 1420 Οῦτως,
3355 1353 3590 1425 ἀκερδῆῖ

1987 1447 2082 1500 καὶ
2133 1447 2370 1515 ἀνόνητα
2423 1447 2765 1518 ὀδυρόμενοι,
2822 1449 2917 1501 καὶ
2957 1447 3066 1501 ἀπὸ
3089 1446 3338 1515 ἀγγέλων
3367 1446 3572 1499 ἀποτό-

1993 1555 2108 1606 μων
2141 1536 2494 1606 ἐλαυνόμενοι
2523 1540 2643 1601 ταῖς
2674 1538 3058 1608 ἀτελευτήτοις
3085 1537 3340 1591 κολάσεσι
3383 1554 3571 1605 παρα-

1988 1630 2248 1685 δίδονται.
2284 1630 2554 1701 Ἐκείνην,
2581 1631 2879 1700 ἀγαπητοὶ,
2913 1631 3013 1702 τὴν
3056 1631 3270 1701 ἡμέραν
3317 1633 3396 1691 είς
3441 1628 3582 1681 νοῦν-

311 1721 440 1775 illud
479 1734 873 1793 praeceptorum
911 1725 1189 1780 senarium
1227 1725 1584 1795 impleamus;
1617 1737 1780 1794 atque
1812 1725 1884 1779 ita

2001 1721 2384 1785 ἅνελίττοντες,
2420 1721 2518 1774 καὶ
2553 1720 2650 1792 τὴν
2675 1722 2923 1792 φρικώδη
2982 1723 3260 1790 ἀπόφασιν
3300 1719 3578 1790 ἐνθυμού-

310 1811 486 1867 locum
526 1815 578 1868 in
621 1814 872 1881 dextera,
902 1827 956 1872 et
982 1820 1273 1886 optabilem
1307 1819 1452 1872 illam
1483 1834 1667 1872 vocem
1703 1832 1892 1872 conse-

310 1920 587 1973 quamur:
627 1925 646 1958 (
690 1907 904 1974 Venite,
931 1909 1201 1964 benedicti
1241 1909 1418 1963 Patris
1468 1910 1595 1975 mei,
1623 1909 1893 1979 possidete

315 2007 566 2077 paratum
623 2001 778 2055 vobis
832 2017 1078 2070 regnum,
1133 2020 1153 2054 ι
1210 2003 1371 2071 idque
1417 2001 1586 2072 gratia
1669 2002 1894 2057 viviﬁca:

316 2087 596 2157 beataeque
655 2089 965 2156 Trinitatis,
1025 2107 1144 2160 quae
1195 2092 1248 2147 in
1311 2093 1470 2146 Patre
1554 2101 1607 2146 et
1653 2091 1791 2146 Filio
1841 2101 1895 2146 et

314 2179 518 2248 Spiritu
574 2193 763 2237 sancto
797 2185 1124 2252 praedicatur
1180 2193 1233 2239 et
1264 2183 1625 2254 glorificatur,
1663 2198 1806 2239 nunc
1835 2192 1890 2238 et

313 2285 548 2340 semper,
585 2285 638 2330 et
667 2275 718 2330 in
749 2277 943 2331 saecula
979 2277 1323 2334 saeculorum.
1361 2277 1554 2339 Amen.

1992 1830 2166 1882 μενοι,
2205 1813 2606 1884 σπουδάσωμεν
2646 1813 2734 1867 διὰ
2759 1815 2859 1882 τῆς
2907 1815 2987 1878 είς
3040 1816 3166 1876 τούς
3207 1815 3448 1883 πένητας
3479 1813 3576 1867 εὐο

1990 1903 2174 1968 ποιίας
2203 1904 2490 1975 πληρωταὶ
2519 1904 2776 1974 γενέσθαι
2803 1905 2906 1974 τῆς
2943 1906 3096 1977 ἱερᾶς
3131 1905 3316 1968 ἑξάδος
3342 1903 3450 1956 τῶν
3482 1905 3577 1955 ὲν-

1990 1996 2181 2060 τολῶν,
2209 1996 2304 2050 καὶ
2327 1998 2514 2066 τυχεῖν
2538 1995 2638 2066 τῆς
2662 1997 2724 2049 ἐκ
2772 1995 2966 2061 δεξιῶν
3019 1995 3283 2056 στάσεως,
3347 1993 3445 2045 καὶ
3475 1993 3577 2060 τῆς

1994 2088 2259 2150 εὐκταίας
2297 2087 2514 2158 ἐκείνης
2555 2087 2744 2156 φωνῆς
2768 2101 2784 2120 ⁸
2819 2106 2838 2139 ι
2869 2085 3058 2150 Δεῦτε,
3105 2088 3156 2140 oi
3213 2085 3578 2154 εὐλογημένοι

1996 2181 2092 2236 τοῦ
2123 2182 2336 2252 Πατρός
2377 2198 2502 2251 μου,
2538 2180 2994 2250 κληρονομήσατε
3023 2180 3120 2252 τὴν
3165 2176 3582 2250 ἡτοιμασμένην

1999 2276 2129 2345 ύμῖν
2157 2275 2440 2346 βασιλείαν
2475 2292 2492 2325 ι
2525 2275 2707 2344 χάριτι
2734 2273 2834 2342 τῆς
2873 2273 3186 2344 ζωαρχικῆς
3251 2272 3344 2324 καὶ
3389 2286 3575 2339 μακα-

319 2365 440 2434 ρίας
500 2368 749 2436 Τριάδος,
791 2373 890 2440 τῆς
930 2372 986 2422 ὲν
1018 2372 1215 2439 Πατρί,
1269 2373 1364 2424 καὶ
1420 2370 1554 2440 Υίῷ,
1605 2371 1700 2423 καὶ
1739 2371 1881 2442 ἁγίῳ
1919 2369 2201 2442 Ηνεύματι
2257 2370 2668 2441 γνωριζομένης
2738 2372 2832 2424 καὶ
2891 2370 3279 2438 δοξαζομὲνης,
3330 2367 3448 2430 νῦν,
3479 2363 3582 2418 καὶ

316 2460 424 2523 ἀεὶ,
455 2462 546 2513 καὶ
575 2464 656 2526 είς
691 2466 817 2528 τούς
847 2466 1050 2526 αἰῶνας
1081 2465 1191 2517 τῶν
1245 2464 1482 2518 αἰώνων.
1515 2464 1710 2536 Ἀμήν.

869 2578 1154 2634 ΠΟΜΠΛΑ
1201 2577 1346 2633 XIX.

319 2692 385 2746 In
418 2692 513 2747 illa
547 2695 700 2747 verba
735 2709 755 2748 :
798 2711 816 2745 ι
859 2693 920 2747 Si
961 2694 1264 2746 dimiseritis
1319 2692 1614 2747 hominibus
1681 2700 1894 2760 peccata

977 2779 1178 2818 eorum.
1221 2782 1240 2816 ι

398 2874 497 2939 Qui
559 2875 892 2928 contendunt
957 2876 1010 2928 in
1066 2877 1412 2943 equestribus
1467 2877 1894 2941 certaminibus,

2491 2573 2755 2628 ΟΜΙΛΙΑ.
2811 2573 2911 2628 ῐΘ’.

2000 2690 2104 2751 Εἲς
2130 2687 2218 2752 τὸ,
2247 2707 2264 2739 ι
2288 2689 2429 2743 Ἐὰν
2447 2687 2636 2757 ἀφῆτε
2663 2689 2787 2752 τοῖς
2809 2689 3142 2754 ἀνθρώποις
3162 2688 3233 2741 τὰ
3258 2686 3583 2756 παραπτώ-

2315 2777 2474 2828 ματα
2495 2760 2714 2825 αὐτῶν,
2761 2779 2779 2810 ι
2817 2759 2917 2812 καὶ
2945 2759 3017 2812 τὰ
3048 2759 3252 2813 λοιπά.

2075 2872 2138 2922 Oi
2168 2873 2225 2924 ὲν
2255 2875 2368 2934 τοῖς
2397 2873 2643 2935 ἱππικοῖς
2669 2872 2854 2934 ἄθλοις
2882 2872 3300 2942 ἀγωνιζόμενοι,
3352 2874 3582 2926 ἐπειδᾶν

321 2967 482 3019 simul
516 2981 578 3020 ae
609 2966 822 3035 signum
874 2968 1130 3022 curriculi
1181 2970 1364 3022 datum
1399 2979 1500 3031 est,
1540 2969 1896 3038 apertisrcar-

2001 2962 2185 3024 αὐτοίς
2211 2960 2337 3032 δοΊῇ
2364 2963 2458 3016 τοῦ
2479 2962 2684 3034 δρόμου
2716 2965 2777 3016 τὸ
2810 2965 3142 3034 σήμαντρον,
3167 2963 3582 3034 διασχισθείσης

322 3055 536 3108 ceribus
571 3070 739 3124 equus
765 3056 1055 3111 identidem
1092 3059 1297 3112 scutica
1332 3059 1640 3112 verberatos
1671 3061 1736 3110 ad
1783 3073 1896 3110 me-

326 3155 433 3199 tam
484 3149 728 3215 adigunt,
780 3159 835 3202 et
895 3151 1102 3204 crebris
1189 3151 1503 3220 levibusque
1557 3153 1782 3206 saltibus
1831 3152 1897 3204 ad

328 3256 445 3295 eam
483 3243 692 3297 incitati
739 3246 1005 3300 feruntur.
1043 3245 1229 3315 Neque
1273 3261 1401 3300 vero
1447 3263 1630 3300 eorum
1667 3247 1818 3299 labor
1848 3247 1898 3299 in

327 3333 642 3400 attingenda
691 3346 828 3386 meta
870 3337 1084 3401 linitur;
1135 3339 1230 3392 sed
1266 3349 1490 3407 septeno
1528 3341 1762 3394 circuitu
1789 3340 1900 3409 (26)

326 3425 595 3478 coniicere
629 3443 846 3480 cursum
884 3441 1276 3498 appmperant;
1315 3433 1400 3485 hic
1447 3432 1591 3485 enim
1640 3434 1897 3486 victorem

328 3517 593 3568 decernit.
646 3515 756 3570 Nus
808 3533 936 3572 vero
996 3520 1256 3573 hodierna
1312 3521 1398 3575 die
1443 3531 1741 3576 reseratum
1789 3521 1898 3587 jam

330 3607 666 3672 pmiiitentite
730 3611 1040 3677 repagulum
1097 3611 1161 3662 ad
1214 3611 1388 3679 ipsum
1440 3612 1700 3664 obeundae
1750 3621 1905 3664 metae

327 3697 584 3763 perduxit
639 3698 872 3751 initium.
918 3699 1040 3752 Fuit
1087 3699 1230 3754 enim
1296 3701 1451 3754 nobis
1496 3701 1645 3769 quasi
1702 3704 1906 3768 primus

330 3792 530 3859 gradus
579 3793 812 3862 suscepti
861 3793 1194 3861 pteuitentiaa
1241 3809 1435 3849 cursus
1481 3795 1723 3848 Zaerhaei
1755 3795 1902 3862 priu-

331 3885 468 3952 cipis
516 3887 924 3954 publicanorum
967 3888 1296 3958 exemplum,
1346 3889 1436 3956 qui
1471 3889 1730 3957 praeclaro
1780 3904 1909 3956 quo-

332 3978 452 4028 dam
487 3977 668 4030 studio
703 3993 799 4047 per
849 3979 1104 4048 pietatem
1149 3979 1425 4048 dispersit,
1469 3997 1588 4050 qua:
1632 3997 1753 4033 cum
1804 3982 1907 4033 im-

331 4069 532 4135 pietate
573 4081 939 4140 congesserat.
999 4071 1283 4142 Proposita
1337 4073 1530 4127 deinde
1626 4073 1898 4143 publiCaIti

333 4170 389 4213 et
440 4162 698 4218 Pharisaei
760 4166 1015 4232 parabola
1062 4167 1171 4220 vim
1220 4165 1544 4221 Christiana:
1588 4167 1909 4220 lnunilitatis

334 4255 665 4319 osmndeus;
721 4265 828 4308 tum
881 4257 1200 4314 adolescens
1253 4259 1385 4324 ille,
1443 4261 1532 4328 qui
1590 4258 1654 4312 ad
1697 4259 1907 4312 subulci

2001 3055 2100 3122 τῆς
2167 3054 2503 3124 ὕσπληγγος,
2561 3053 2768 3123 Θαμινὰ
2797 3055 2925 3117 τούς
2967 3055 3172 3117 ἵππους
3223 3055 3586 3124 μαστίζοντες

2005 3147 2139 3216 πρὸς
2170 3147 2267 3218 τὴν
2299 3145 2504 3199 νύσσαν
2531 3146 2841 3208 ἐλαύνουσι,
2877 3149 3094 3217 συχνοῖς
3129 3147 3426 3217 φερόμενοι
3486 3150 3585 3200 καὶ

2003 3236 2224 3306 κούφοις
2250 3240 2364 3300 τοῖς
2422 3239 2692 3308 ἅλμασιν*
2729 3239 2790 3292 οὐ
2821 3239 2927 3309 μὴν
2967 3237 3128 3309 μέχρι
3181 3239 3281 3306 τῆς
3312 3237 3520 3307 νύσσης
3554 3239 3586 3290 δ

2005 3334 2166 3396 πόνος
2193 3333 2398 3396 αὐτοῖς,
2423 3333 2559 3385 ἀλλὰ
2596 3333 2816 3385 τελέσαι
2851 3333 2946 3384 καὶ
2970 3331 3315 3384 ἐπτάκυκλον
3375 3331 3586 3400 δρόμον

2005 3427 2345 3492 ἐπείγονται·
2405 3419 2563 3490 οὗτος
2609 3426 2716 3495 γὰρ
2783 3425 3024 3477 δείκνυσι
3085 3423 3174 3477 τὸν
3251 3425 3585 3490 νικήσαντα.

2017 3520 2196 3586 Ἦμᾶς
2227 3519 2283 3571 δὲ
2319 3521 2557 3589 σήμερον
2589 3519 2617 3590 ἡ
2653 3519 2749 3587 τῆς
2785 3518 3075 3588 μετανοίας
3129 3517 3319 3586 βαλῦις
3367 3517 3446 3578 είς
3478 3515 3580 3568 αὐο

2006 3613 2104 3682 τὴν
2141 3613 2314 3682 ἤγαγε
2336 3614 2433 3681 τὴν
2463 3614 2562 3682 τῆς
2639 3611 2845 3680 νύσσης
2885 3611 3080 3680 ἀρχήν.
3105 3605 3215 3662 Ἦν
3236 3609 3293 3662 δὲ
3319 3612 3452 3678 ἡμῖν
3486 3608 3582 3660 τοῦ

2005 3704 2206 3773 δρόμου
2227 3704 2324 3771 τῆς
2356 3703 2646 3772 μετανοίας
2693 3704 2724 3771 ἡ
2759 3703 2948 3771 πρύτη
2999 3701 3219 3770 βαομῖς,
3260 3703 3292 3768 ἠ
3332 3700 3422 3752 τοῦ
3474 3702 3582 3770 ἀρ-

2006 3795 2296 3866 χιτελὼνου
2348 3797 2622 3866 Ζακχαίου
2687 3795 2973 3856 ὑπόθεσις·
3035 3794 3090 3853 ὃς
3142 3794 3404 3863 καλλίστῃ
3440 3795 3590 3861 μάλα.

2008 3886 2210 3956 σπουδῇ
2236 3885 2473 3946 εὐσεϐῶς
2525 3885 2874 3953 ὲσκόρπισεν,
2910 3883 3053 3956 ἅπερ
3101 3885 3317 3947 ἀσεϐῶς
3378 3885 3581 3936 ἐτελώι

2009 3999 2192 4050 νησεν.
2228 3979 2361 4035 Εἶτα
2389 3984 2421 4053 ἡ
2454 3983 2548 4035 τοῦ
2596 3983 2832 4036 τελώνου
2887 3986 2984 4037 καὶ
3039 3984 3337 4054 Φαρισαίου
3398 4001 3591 4053 παρα-

2009 4077 2160 4147 ϐολὴ,
2203 4077 2362 4147 ήτὴν
2401 4077 2556 4145 ίσχύν
2583 4078 2714 4146 ἡμῖν
2753 4077 2852 4142 τῆς
2893 4077 3332 4144 χριστομιμητοῦ
3383 4093 3590 4128 ταπει-

2007 4167 2228 4228 νώσεως
2285 4165 2638 4231 ύποδείξασα.
2685 4167 2841 4219 Μετᾶ
2899 4167 3072 4219 ταῦτα
3119 4169 3146 4220 ὁ
3177 4170 3295 4229 νέος
3333 4168 3572 4228 ἐκεῖνος.

2010 4260 2038 4312 δ
2065 4257 2252 4317 κακῶς
2291 4258 2389 4327 μὲν
2420 4258 2799 4327 αὐτομολήσας
2821 4261 2956 4326 πρὸς
2989 4259 3084 4329 τὴν
3112 4259 3348 4330 χοιρὼδη
3413 4259 3587 4330 ζωὴν,

1566 4415 1886 4478 Francisci
1917 4415 2126 4476 Scorsi
2167 4422 2356 4475 notae.

413 4537 522 4604 (‘26)
565 4535 667 4588 Sed
718 4551 927 4609 septeno
975 4538 1222 4591 circuitu.
1274 4538 1446 4602 Qriain
1507 4540 1783 4608 eleganter
1863 4549 1915 4591 et
1952 4545 1991 4598 Ι)
2020 4550 2107 4593 tur
2145 4541 2344 4607 septies
2370 4542 2510 4592 circi
2548 4548 2741 4589 metam
2788 4539 2990 4609 agitato
3021 4539 3192 4608 palma
3239 4539 3592 4609 obtinebatur

339 4611 622 4660 ronnnude
676 4607 739 4658 ad
805 4608 1132 4678 curriculum
1194 4609 1528 4675 pumilentize
1600 4607 1714 4678 jam
1785 4620 1910 4663 ante

337 4679 818 4745 Quadragesimmn
872 4677 1048 4740 initte,
1103 4679 1193 4729 sed
1252 4688 1454 4741 septem
1508 4677 1902 4732 heln'muadum

339 4749 512 4819 spatio
547 4747 720 4800 adhuc
752 4749 1016 4800 obeundze
1039 4748 1448 4802 similitudinem
1477 4749 1747 4814 equestris
1780 4765 1906 4800 cur-

339 4834 433 4873 sus
476 4827 622 4886 aptet
661 4819 746 4871 hic
779 4829 986 4882 orator,
1025 4834 1129 4871 non
1197 4819 1346 4886 prius
1391 4819 1676 4887 intelliges,
1748 4834 1907 4886 quam

340 4890 514 4953 ipsam
544 4890 866 4942 certaminis
895 4889 1278 4956 quadrigarum
1317 4888 1580 4940 rationem
1619 4889 1906 4955 percipias.

340 4958 458 5011 Non
510 4959 651 5010 enim
692 4974 882 5012 cursus
935 4958 1310 5012 tantuu'tmodo
1362 4970 1544 5012 rectus
1593 4974 1688 5026 per
1739 4968 1907 5010 totum

343 5027 615 5090 stadium,
657 5029 932 5082 cireumve
975 5034 1354 5096 peragebatur,
1412 5030 1505 5082 sed
1567 5030 1730 5082 etiam
1785 5045 1906 5079 cunt

340 5107 662 5170 perventum
698 5099 761 5148 ad
786 5108 1088 5170 metam,ea
1126 5100 1325 5163 septies
1355 5109 1475 5152 erat
1497 5099 1903 5170 circumeumla.

342 5166 484 5225 Audi
511 5166 816 5220 Cedrenum
844 5183 858 5220 :
882 5169 956 5219 Οὐ
987 5169 1150 5221 πλέον
1181 5169 1238 5222 δὲ
1263 5171 1368 5222 τῶν
1395 5170 1533 5221 ἑπτὰ
1553 5169 1792 5231 κύκλων,
1817 5166 1910 5229 οὓς

345 5243 547 5294 σπάτια
574 5239 736 5292 οἱονεὶ
779 5238 988 5297 στάδια.
1031 5242 1125 5290 καὶ
1163 5239 1386 5307 μίσσους
1421 5241 1540 5292 ἀντὶ
1581 5238 1672 5290 τοῦ
1711 5238 1904 5301 ἄθλους

347 5315 476 5380 περὶ
509 5310 608 5378 τὴν
639 5309 922 5378 πυραμίδα
963 5309 1029 5378 ἢν
1060 5309 1152 5380 νῦν
1187 5311 1374 5361 δόελον
1419 5309 1648 5380 καλοῦσι
1677 5309 1909 5376 διαπλη-

345 5374 590 5445 κτίζοντο
620 5383 669 5433 οἱ
712 5374 1032 5447 ἀγωνισταὶ,
1065 5378 1151 5430 διὰ
1181 5382 1241 5431 τὸ
1276 5379 1566 5442 τοσούτους
1599 5374 1738 5431 εἶναι
1776 5374 1912 5429 πλα-

346 5455 524 5521 νητὼν
550 5453 763 5511 πόλους.
789 5448 920 5514 Quae
951 5452 1029 5502 sic
1065 5450 1285 5521 interpr.
1310 5467 1323 5521 ;
1350 5459 1468 5500 Non
1499 5449 1722 5521 ornplius
1755 5466 1909 5517 quam

349 5519 542 5586 septem
571 5523 845 5582 circuitus,
871 5535 998 5588 quos
1030 5519 1199 5588 spatia
1245 5520 1373 5570 velut
1400 5520 1596 5580 stadia,
1628 5530 1672 5570 et
1718 5522 1909 5570 missus

349 5595 490 5644 circa
519 5600 707 5643 metam
744 5605 859 5659 qua:
885 5586 1021 5643 nunc
1047 5586 1302 5641 obeliscus
1329 5589 1543 5653 dicitur,
1565 5587 1908 5659 conﬁciebant

349 5664 575 5732 auriga',
604 5658 997 5730 quod'totidem
1028 5668 1193 5712 essent
1217 5673 1418 5710 errores
1450 5659 1584 5710 carli.
1613 5658 1785 5712 Cursu
1820 5658 1911 5725 igio

2019 4611 2160 4677 quod
2191 4613 2278 4664 hic
2311 4621 2494 4679 aperte
2527 4607 2903 4675 Theophanes,
2933 4607 3160 4667 Seneca.
3192 4607 3288 4662 lib.
3321 4624 3372 4662 tv
3409 4609 3582 4676 Epist;

2020 4684 2348 4749 agitatorum
2385 4680 2588 4749 laetitia,
2623 4693 2742 4730 cum
2793 4680 3023 4749 septimo
3064 4679 3242 4747 spatio
3270 4680 3461 4746 palma
3492 4696 3590 4749 apo

2013 4748 2404 4820 propinquant,
2432 4761 2485 4802 et
2513 4748 2846 4815 Propertius,
2875 4748 2967 4802 lib.
3013 4766 3048 4803 ll
3079 4767 3094 4805 :

2084 4820 2186 4872 Aut
2219 4821 2366 4886 prius
2399 4820 2588 4886 iii/esto
2616 4820 2842 4877 deposcit
2881 4822 3096 4886 prwmi'a
3120 4834 3301 4882 cursu,

2157 4890 2392 4957 Septima
2429 4905 2592 4957 quam
2627 4899 2816 4940 metam
2847 4889 3047 4942 triverit
3077 4902 3196 4942 ante
3235 4897 3372 4944 rota.

2015 4960 2148 5014 Vide
2198 4961 2461 5013 Cursarem
2516 4959 2902 5022 Bulengarium
2950 4961 3044 5012 lib.
3101 4959 3174 5011 De
3229 4960 3370 5014 circa
3431 4958 3584 5014 Rom.

2014 5029 2198 5092 Itaque
2233 5038 2401 5082 totum
2435 5028 2560 5080 illud
2595 5029 3168 5098 pteniteutizeitempus
3195 5041 3321 5082 ante
3353 5031 3588 5098 primam

2012 5098 2352 5167 Jejuniorum
2389 5097 2778 5152 hebdomadam
2808 5107 2889 5152 est
2931 5097 3246 5166 Theophani
3275 5097 3450 5152 instar
3479 5101 3590 5163 prio

2015 5171 2086 5222 mi
2137 5169 2378 5237 rectique
2434 5167 2728 5230 curriculi;
2784 5178 2996 5235 septem
3027 5183 3156 5221 vero
3189 5168 3606 5222 hebdomadum

2013 5239 2458 5308 subsequentium
2500 5237 2668 5308 spatia
2708 5247 2912 5304 septem
2971 5239 3116 5308 circa
3161 5248 3356 5292 metam
3392 5237 3610 5301 ﬂexus,

2015 5305 2212 5376 quibus
2262 5309 2398 5362 bene
2449 5305 2711 5377 confectis
2763 5321 2972 5377 merces
3013 5306 3208 5377 jejunii
3265 5310 3445 5362 datur.
3497 5308 3596 5362 His

2015 5375 2313 5445 przeinissis
2346 5377 2478 5431 nihil
2515 5377 2620 5428 erit
2650 5375 2885 5440 lat-ilius,
2933 5375 3097 5446 quam
3131 5388 3301 5432 totum
3349 5380 3599 5433 auctoris

2016 5448 2338 5514 procemium
2368 5447 2701 5512 intelligere;
2729 5447 2830 5500 nisi
2858 5448 3137 5515 praemissa
3167 5448 3420 5514 fuissent,
3456 5449 3612 5502 uihit-

2013 5518 2304 5571 diliieilius.
2339 5517 2443 5571 Sed
2474 5516 2760 5586 recoleuda
2793 5528 2874 5570 est
2898 5517 3060 5571 etiam
3096 5526 3236 5571 ratio
3267 5517 3462 5586 jejuuii
3496 5533 3600 5572 seu

2013 5587 2451 5711 gnidragesimxe
2488 5584 2825 5654 Grzecorum,
2857 5588 2923 5642 de
2952 5601 3056 5658 qua
3091 5584 3299 5658 egimus
3331 5588 3396 5640 ad
3431 5589 3600 5642 hom.
