3974 6200
264 228 373 295 ιιι

1632 236 1830 297 110Μί
1846 237 1969 298 LIA
2010 240 2144 302 XX.

3417 243 3527 311 διε

265 345 494 414 ὀνόματι
538 343 774 415 Κυρίου,
811 343 843 416 ἢ
876 344 1146 414 ἀγγέλων,
1192 345 1226 415 ἦ
1273 345 1608 412 ἀποστόλων,
1641 347 1673 418 ἢ
1712 365 1846 417 προ-

1950 369 2069 422 qua:
2094 355 2230 408 facta
2263 353 2329 407 sit
2353 353 2405 408 in
2439 354 2654 411 nomine
2685 354 2914 418 Domini,
2946 363 3038 411 aut
3067 357 3401 429 angelorum,
3435 375 3527 420 aut

267 436 480 506 φητῶν,
526 434 559 504 ἢ
612 435 948 508 μαρτύρων,
1003 437 1036 507 ἢ
1092 437 1316 492 δικαίων
1370 439 1663 510 γινομένη,
1716 440 1847 506 ἁγία

1949 449 2336 515 apostolorum.
2368 457 2460 500 aut
2495 448 2897 516 prophetarum,
2932 457 3046 504 aut'
3081 459 3396 521 martyrum,
3435 466 3527 511 aut

266 529 407 582 ἐστί.
452 528 593 588 Τοὺς
643 529 752 598 γὰρ
803 529 909 581 ὑπο
966 529 1204 599 Χριστοῦ
1255 530 1574 600 Θεοπρεπῶς
1620 533 1846 602 διαλάμ-

1950 537 2238 604 iustorum,
2294 545 2474 591 sancta
2527 546 2629 592 est.
2668 538 2768 592 Eos
2802 540 2945 592 enim
2976 542 3066 606 qui
3115 557 3210 609 per
3253 543 3524 601 Christum

260 619 477 689 ψαντας
500 619 782 682 παντοίαις
817 619 1098 690 γεραίρειν
1134 623 1398 692 προσήκει
1424 624 1634 692 τιμαῖς.

349 797 440 851 Ἐν
497 795 672 867 ταύτῃ
720 801 784 866 τῇ
845 796 1178 868 ὲδραιοτὰτῃ
1232 795 1419 849 πίστει
1476 797 1571 849 καὶ
1622 797 1847 865 ἀψευδεῖ

259 890 647 960 ἐπιμένοντες,
681 887 922 956 ἀδελφοὶ,
950 889 1348 959 ἐκκαθάρωμεν
1378 889 1608 952 ἕκαστος
1645 888 1846 952 παντὸς

263 983 482 1044 πάθους
541 980 638 1048 τὴν
695 981 834 1032 ἰδίαν
898 979 1223 1050 συνείδησιν,
1290 978 1555 1050 εἰλικρινῆ
1609 978 1709 1049 τὴν
1765 979 1846 1040 εἰς

256 1071 530 1142 ἀλλήλους
561 1070 783 1136 ἀγάπην
817 1069 1198 1137 φυλάττοντες.
1237 1067 1349 1137 Τῆς
1374 1067 1742 1138 ἑλεημοσύνης
1769 1066 1844 1138 μὴ

263 1162 710 1229 ἐπιλαθώμεθα·
771 1162 1093 1230 ποιήσωμεν
1154 1161 1408 1214 κοινωνὸν
1455 1161 1546 1213 τὸν
1598 1159 1840 1230 Κύριον,

255 1259 341 1320 είς
399 1255 544 1325 ἅπερ
596 1255 728 1324 ἡμῖν
777 1253 1091 1322 ἐχαρίσατο.
1137 1253 1540 1323 Ἐμπλήσωμεν
1586 1252 1682 1314 τὰς
1734 1251 1842 1304 τῶν

256 1347 518 1414 πενήτων
572 1345 868 1414 γαστέρας,
923 1344 1008 1396 ἵνα
1066 1344 1140 1414 μὴ
1193 1342 1558 1413 λιμωξὼμεοα
1592 1341 1840 1412 ὕστερον,

251 1438 333 1501 ὡς
369 1440 399 1492 6
431 1437 707 1499 πλούσιος,
761 1436 896 1506 μηδὲ
932 1436 1143 1504 ρανίδος
1183 1435 1594 1506 φιλανθρωπίας
1639 1437 1839 1504 τυγχά-

249 1545 469 1590 νοντες.
497 1527 640 1597 Πρὸς
673 1527 903 1587 τούτοις.
933 1527 1121 1597 ἐπειδὴ
1148 1528 1206 1580 ὲν
1231 1527 1308 1598 τῷ
1338 1528 1512 1599 καιρῷ
1535 1527 1841 1598 γεγόναμεν

251 1621 375 1673 τῶν
411 1619 576 1690 ἱερῶν
632 1619 921 1689 νηστειῶν,
969 1619 1269 1689 δράμωμεν
1321 1621 1522 1682 πάντες
1571 1621 1704 1690 πρὸς
1739 1621 1838 1690 τὴν

250 1714 680 1783 δξομολόγησιν,
730 1712 917 1782 μηδεὶς
964 1711 1210 1782 παρέλθῃ
1254 1711 1700 1784 ἁνεξαγόρευτος.
1746 1713 1844 1776 Τίς

248 1808 371 1875 γὰρ
415 1805 654 1872 ὠφέλεια
690 1804 752 1857 το
796 1805 896 1873 μὲν
929 1805 1085 1867 ἕλκος
1120 1806 1218 1873 τῆς
1250 1805 1525 1874 ἁμαρτίας
1577 1806 1842 1875 κρύπτειν

249 1899 370 1952 ἀπὸ
397 1896 492 1951 τοῦ
534 1897 747 1967 ἰατροῦ,
781 1897 979 1963 ἔξωθεν
1013 1897 1071 1950 δὲ
1104 1898 1314 1952 τιθέναι
1355 1899 1456 1968 τῆς
1492 1900 1744 1969 νηστείας
1781 1899 1844 1954 τὸ

247 1993 656 2064 ἔμπλαστρονς
713 1991 849 2044 Εἰπὲ
898 1991 1117 2062 πρῶτον
1163 1992 1261 2055 τὰς
1298 1993 1571 2062 ἁμαρτίας
1615 2011 1708 2048 σου
1755 1993 1842 2048 ἵνα

245 2085 582 2155 δικαιωθῇς,
627 2086 656 2137 6
683 2085 971 2154 προφήτης
1016 2101 1098 2136 σοι
1138 2084 1489 2153 ὲγκελεὺεται
1520 2101 1534 2115 ο
1576 2085 1844 2150 ἐπίδειξον

244 2176 315 2228 τι
349 2175 578 2245 τραῦμα
747 2173 966 2244 ψυχικῷ
1028 2173 1238 2244 εατρῷ·
1301 2173 1558 2246 εντρεψον
1609 2175 1698 2230 διά
1743 2176 1844 2247 τῆς

244 2264 673 2337 ἑξαγορεύσεως
700 2266 791 2316 τὸν
815 2261 1018 2333 λῃστὴν
1041 2264 1138 2316 καὶ
1163 2263 1402 2336 κλέπτην
1429 2265 1536 2318 τῶν
1558 2265 1845 2338 ἡμετέρων

243 2358 473 2428 ψυχῶν.
517 2357 756 2410 ὐπόταν
784 2356 894 2426 γὰρ
927 2357 1076 2426 ἡμᾶς
1125 2356 1208 2427 ι’δη
1258 2356 1357 2420 τὰς
1405 2357 1637 2428 πράξεις
1679 2359 1845 2413 αὑτοῦ

242 2451 356 2514 τὰς
393 2449 679 2520 βδελυρὰς,
718 2449 815 2500 καὶ
845 2449 944 2511 τὰς
977 2448 1305 2518 ἐνθυμήσεις
1334 2448 1433 2511 τὰς
1484 2451 1727 2520 πονηρὰς
1753 2453 1849 2504 ἐκ·

245 2543 672 2612 πομπεύοντας.
711 2535 874 2612 ἦττον
936 2541 1287 2611 προσϐάλλει,
1325 2541 1416 2594 καὶ
1461 2541 1847 2614 ἀσθενέστερος

247 2638 498 2705 γίνεται.
537 2637 698 2688 Ὥστε
747 2635 806 2697 ὃς
857 2635 954 2702 τὴν
1006 2634 1284 2705 ἁμαρτίαν
1324 2636 1641 2704 ὲκφαυλίζει
1673 2638 1848 2690 αἰδού-

248 2745 452 2797 μενος,
496 2726 684 2796 τρέψει
726 2726 816 2778 τὸν
862 2725 1007 2794 ὅφιν,
1045 2727 1140 2777 καὶ
1197 2725 1532 2798 ἰταμώτερον
1575 2729 1719 2780 ποιεῖ
1757 2727 1848 2781 τὸν

245 2823 346 2875 ιπ⁹
381 2819 632 2890 ὀμφαλοῦ
661 2819 974 2888 καθήμενον
1003 2818 1296 2889 δράκοντα,
1328 2820 1402 2882 ὡς
1435 2815 1589 2874 εἶπεν
1631 2824 1658 2875 6
1703 2822 1846 2876 Ἰὼϐ.

248 2912 534 2982 Καθάπερ
577 2911 632 2964 δὲ
676 2915 709 2981 ἡ
738 2911 934 2978 ἔλαφος
962 2914 1168 2981 φυσικῇ
1199 2911 1426 2982 δυνάμει
1451 2913 1578 2976 τοῦς
1603 2913 1756 2981 ὄφεις
1785 2915 1847 2966 ἐκ

246 3008 372 3059 τῶν
409 3005 600 3076 μυχῶν
647 3005 750 3072 τῆς
796 3004 901 3074 γῆς
945 3006 1243 3058 ἀνέλκουσα
1299 3005 1540 3070 θανατοῖ,
1589 3007 1760 3072 οῦτως
1809 3011 1914 3089 ηρ

248 3096 654 3164 ἐξομολόγησις
674 3094 744 3148 τὰ
772 3096 988 3164 κρυπτὰ
1019 3096 1118 3165 τῆς
1142 3095 1367 3164 καρδίας
1389 3097 1844 3153 ἁνακαλύπτουσα

252 3187 441 3255 πάθη,
477 3187 774 3256 ἀφανισμῷ
803 3186 1157 3256 παραδίδωσι.
1212 3186 1392 3250 meo;
1448 3187 1556 3258 γὰρ
1599 3188 1744 3242 ἅπαν
1781 3191 1844 3244 τὸ

250 3281 432 3345 ὀξέως
490 3279 889 3349 γινωσκόμενον
934 3279 1304 3350 εὐϐοήθητον·
1345 3279 1407 3332 τὸ
1469 3280 1526 3333 δὲ
1589 3281 1846 3336 εὐλαϐού-

256 3390 453 3444 μενον,
483 3370 854 3440 ἁοεράπευτον
881 3388 895 3403 ο
925 3371 986 3423 τὸ
1023 3370 1080 3422 δὲ
1107 3368 1282 3440 χρόνῳ
1315 3374 1844 3440 παραπεμπόμενον,

252 3464 437 3530 ἐγγὺς
469 3463 711 3516 ἀνίατον.
746 3459 810 3512 Τί
853 3457 945 3511 οῦν
975 3458 1200 3527 φεύγεις
1229 3458 1329 3528 τὴν
1363 3459 1624 3528 ἰατρείαν,
1655 3457 1844 3527 ὥσπερ

251 3558 393 3617 τοὺς
451 3554 672 3624 ἰατροὺς
727 3555 774 3605 οἱ
821 3552 1170 3623 ὲνισχημένοι
1230 3551 1536 3621 φρενίτιδι;
1588 3550 1652 3602 Τί
1705 3551 1843 3620 φοὸῇ

253 3649 366 3719 τὴν
415 3646 828 3714 ἐξομολόγησιν,
881 3643 1072 3714 ὥσπερ
1128 3645 1190 3697 τὸ
1247 3643 1390 3714 ὕδωρ
1445 3643 1748 3696 δεδοίκασιν
1798 3644 1846 3696 οἰ

254 3738 632 3806 λυσσόδηκτοι
665 3756 679 3800 ;
721 3735 990 3806 Πρόσελθε
1019 3735 1366 3808 θαρρούντως
1393 3751 1408 3764 °
1447 3734 1521 3804 μὴ
1551 3733 1846 3804 αἰσχυνθῇς

256 3835 357 3886 τὸν
395 3831 547 3901 ἱερέα
571 3849 582 3860 ·
612 3830 707 3883 καὶ
742 3829 902 3892 αὐτὸς
932 3829 1040 3899 γὰρ
1073 3829 1231 3898 σῶμα
1259 3827 1590 3898 περίκειται.
1617 3829 1712 3878 καὶ
1741 3825 1848 3877 τῶν

259 3927 455 3982 αὐτῶν
507 3943 591 3978 σοι
651 3924 869 3994 μετέχει
933 3923 1146 3976 παθῶν.
1205 3924 1301 3975 Ἂν
1355 3918 1726 3990 ἐξαγορεύσῃς
1781 3916 1850 3970 τὰ

258 4020 615 4086 ἐπταισμένα
659 4034 764 4082 σοι,
795 4015 958 4078 εὐθὺς
1002 4013 1364 4082 ἁπαλείφεται
1408 4012 1516 4064 τῶν
1562 4009 1849 4080 ἁμαρτιῶν

257 4113 325 4165 τὸ
381 4110 768 4181 χειρόγραφον,
823 4107 1142 4176 κουφίζεται
1191 4106 1284 4158 τοῦ
1318 4104 1597 4175 βρίθοντος
1650 4103 1850 4172 βάρους

259 4207 294 4274 ἡ
334 4203 510 4273 ψυχὴ,
564 4200 890 4269 καθαίρεται
943 4199 1036 4252 τοῦ
1081 4197 1546 4268 ὲπιπροσθοῦντος
1597 4197 1791 4265 νέφους
1824 4197 1852 4247 6

260 4297 422 4356 νοῦς,
462 4293 849 4364 ἐλευθεροῦται
879 4293 986 4344 τῶν
1032 4291 1272 4360 ἐλέγχων
1327 4290 1386 4342 τὸ
1437 4290 1694 4353 συνειδῦς,
1727 4288 1849 4341 τότε

1947 630 2154 684 caelesti
2212 631 2331 684 luce
2388 631 2699 685 claruerunt

1947 721 2198 778 convenit
2223 723 2520 777 celebrare.

2018 815 2074 870 In
2108 817 2206 869 hac
2254 815 2600 883 solidissima,
2625 825 2680 870 et
2714 817 2990 870 verissima
3024 817 3125 871 fide
3173 835 3523 888 perseveran-

1949 918 2048 974 tes,
2087 909 2301 971 fratres,
2353 924 2641 976 purgemus
2683 909 2748 961 ab
2783 909 2928 963 omni
2969 910 3098 964 vitio
3138 915 3521 968 conscientiam

1946 1003 2171 1071 quisque
2204 1015 2379 1060 suam,
2411 1001 2790 1070 sinceramque
2831 1000 2966 1054 alter
2997 1003 3048 1055 in
3083 1003 3308 1056 alterum
3341 1005 3524 1058 chari-

1947 1102 2111 1146 tatem
2152 1106 2379 1146 conserv
2403 1108 2569 1151 mus;
2607 1107 2673 1144 ne
2705 1091 3088 1146 misericordiae
3125 1093 3522 1159 obliviscamur,

1944 1181 2254 1252 participem
2319 1180 2578 1236 faciamus
2648 1181 2929 1234 Dominum
2988 1198 3177 1235 eorum
3239 1200 3358 1253 qu:e
3413 1186 3525 1254 ipse

1947 1269 2167 1335 largitus
2199 1277 2282 1322 est
2333 1268 2507 1322 nobis.
2565 1267 2863 1338 Pauperum
2921 1282 3136 1326 ventres
3185 1273 3524 1342 impleamus.

1945 1375 2011 1414 ne
2057 1359 2157 1429 ipsi
2212 1369 2393 1428 postea
2446 1359 2587 1413 fame
2634 1361 2962 1427 cruciemur,
3011 1376 3069 1417 ut
3099 1365 3246 1419 dives
3301 1366 3409 1428 ille.
3460 1381 3528 1421 ne

1944 1451 2140 1505 stillam
2201 1451 2417 1520 quidem
2477 1453 2821 1524 benignitatis
2884 1455 3204 1511 obtinentes.
3260 1456 3526 1513 Prmterea

1943 1544 2194 1613 quoniam
2247 1544 2595 1613 sacrijejunii
2650 1557 2861 1615 tempus
2911 1547 3081 1612 adest,
3123 1550 3189 1602 ad
3225 1542 3526 1605 confessio-

1946 1653 2068 1692 nem
2123 1637 2238 1707 (87)
2279 1637 2594 1691 festinemus
2656 1653 2869 1703 omnes,
2924 1653 3024 1694 nec
3068 1654 3186 1694 eam
3246 1642 3525 1710 quisquam

1947 1727 2340 1797 prmtertitittat.
2391 1725 2521 1794 Quis
2564 1727 2706 1782 enim
2767 1727 2972 1783 fructus
3005 1746 3035 1783 a
3065 1731 3273 1785 medico
3320 1733 3525 1797 peccati

1944 1817 2095 1872 ulcus
2144 1816 2513 1881 abscondere,
2563 1829 2616 1873 et
2663 1818 2903 1873 exterius
2956 1817 3142 1886 jejuuii
3192 1820 3528 1875 medicamen

1941 1909 2249 1980 apponere?
2276 1909 2548 1964 Confitere
2582 1909 2732 1978 prius
2771 1918 2992 1976 peccata
3029 1919 3140 1973 tua,
3177 1920 3232 1962 ut
3258 1909 3528 1977 iustiﬁce-

1944 2001 2040 2065 ris,
2072 2001 2326 2056 admouet
2363 2010 2413 2055 te
2446 2001 2706 2070 prepheta
2733 1999 2813 2066 δίς
2853 1999 3063 2056 medico
3110 1999 3304 2054 anima:
3339 1999 3532 2056 vulnus

1942 2093 2201 2156 ostende;
2232 2091 2556 2161 pranlonem,
2580 2106 2642 2143 ac
2674 2089 2846 2144 furem
2879 2090 3179 2144 animarum
3221 2101 3528 2146 nostrarum

1943 2200 2042 2253 per
2087 2184 2477 2238 confessionem
2536 2182 2740 2250 pudore
2791 2181 3064 2238 suﬂ'unde.
3106 2183 3330 2250 Quando
3380 2184 3528 2240 enim

1949 2275 2108 2346 13o
2134 2290 2232 2330 nos
2274 2274 2469 2328 viderit
2509 2273 2870 2328 abominanda
2917 2272 3084 2343 ipsius
3116 2289 3280 2344 opera
3307 2289 3530 2345 pravas-

1945 2383 2050 2436 que
2107 2365 2463 2437 cogitationes
2545 2374 2783 2421 secretas
2849 2365 3132 2436 pandere,
3203 2365 3382 2422 minus
3429 2381 3542 2425 nos

1948 2459 2274 2528 aggreditur.
2307 2468 2361 2512 et
2392 2458 2570 2511 evadit
2594 2457 2881 2512 infirmior.
2922 2456 2998 2512 Ita
3029 2460 3119 2527 qui
3170 2473 3282 2529 pra:
3329 2459 3533 2529 pudore

1946 2558 2226 2617 peccatum
2275 2557 2560 2610 extenuat,
2617 2558 2923 2618 serpentem
2957 2549 3070 2612 alit,
3101 2557 3155 2602 et
3188 2550 3530 2604 audaciorem

1946 2637 2107 2692 efﬁcit
2157 2639 2442 2692 draconem
2505 2639 2557 2692 in
2617 2639 2869 2694 umbilico
2938 2639 3278 2704 insidentem,
3341 2648 3400 2693 ut
3455 2639 3534 2696 ait

1949 2729 2046 2786 Job
2086 2731 2150 2784 “.
2202 2727 2401 2784 Verum
2491 2732 2941 2800 quemadmodum
2998 2729 3220 2787 cervus‘
3252 2743 3533 2802 serpentes

1948 2823 2241 2877 extrahens
2264 2837 2293 2876 e
2324 2824 2568 2877 cavernis
2597 2832 2775 2886 terrm,
2809 2823 3042 2877 naturali
3076 2825 3308 2894 quadam
3333 2825 3533 2879 virtute

1951 2914 2228 2980 interimit,
2259 2915 2328 2968 ita
2379 2914 2646 2970 confessio
2691 2915 3005 2970 abscondita
3055 2915 3234 2970 cordis
3285 2917 3534 2984 aperiens

1948 3017 2010 3058 ea
2043 3001 2204 3057 delet.
2255 3001 2410 3058 Omni
2443 3003 2584 3057 enim
2638 3003 2824 3058 morbo
2873 3004 3056 3058 statim
3097 3004 3312 3075 cognito
3356 3019 3534 3060 reme-

1947 3092 2092 3146 dium
2131 3091 2286 3146 facile
2335 3092 2661 3148 adhibetur:
2689 3094 2777 3164 qui
2807 3109 2938 3149 vero
2971 3108 3080 3164 pra:
3130 3104 3275 3149 metu
3313 3094 3532 3164 tegitur,

1947 3183 2232 3238 difficulter
2273 3183 2449 3253 iuvari
2492 3193 2690 3252 potest.
2730 3183 2829 3252 Qui
2860 3195 3042 3240 autem
3095 3195 3336 3255 tempore
3375 3187 3532 3240 inva-

1948 3276 2067 3337 luit,
2095 3276 2284 3346 [pi-cpe
2333 3276 2648 3330 insanabilis
2679 3286 2786 3332 est.
2822 3276 2962 3342 Quid
3007 3276 3166 3341 igitur
3197 3277 3532 3331 curationem

1947 3367 2112 3440 fugis,
2160 3377 2220 3422 ut
2261 3367 2507 3424 frenetici
2565 3370 2800 3423 medicos
2855 3369 3070 3423 solent?
3134 3369 3259 3437 quid
3315 3369 3532 3423 confes-

1948 3459 2151 3514 sionem
2198 3461 2356 3514 times
2386 3469 2659 3528 utaquam
2709 3459 2944 3514 rabiosi?
2994 3459 3266 3514 Audacter
3315 3460 3535 3522 aecede.

1949 3567 2017 3604 ne
2045 3561 2096 3603 te
2127 3553 2318 3619 pudeat
2377 3552 2693 3605 sacerdotis.
2732 3550 2865 3605 Nam
2897 3561 2952 3605 et
2982 3552 3096 3622 ipse
3153 3565 3382 3618 corpore
3427 3550 3540 3604 clr-

1949 3642 2236 3696 cumdatus
2265 3650 2382 3705 est;
2441 3652 2495 3696 et
2527 3644 2836 3696 earumdem
2891 3645 3158 3713 particeps
3196 3645 3533 3714 passionum.

1951 3732 2007 3788 Si
2058 3733 2234 3787 fassus
2290 3731 2478 3798 fueris,
2519 3749 2639 3802 quae
2698 3736 3046 3803 peccaveris,
3095 3734 3276 3788 statim
3333 3735 3540 3789 deletur

1952 3825 2370 3894 chirographum
2422 3837 2791 3895 peccatorum,
2839 3837 2892 3880 et
2939 3829 3117 3880 anima
3173 3841 3338 3882 onere
3385 3827 3535 3892 gravi

1953 3917 2177 3981 levatur,
2230 3932 2378 3972 meus
2427 3917 2495 3970 ab
2543 3915 2842 3972 offuscante
2888 3933 2946 3971 se
2995 3917 3187 3971 nebula
3246 3926 3536 3986 purgatur;

1950 4009 2283 4063 conscientia
2347 4009 2582 4062 stimulis
2643 4008 2934 4071 liberatur;
2999 4019 3126 4064 tunc
3173 4018 3226 4063 et
3272 4009 3535 4078 jejunium

1952 4110 2240 4164 sanctum,
2291 4108 2344 4154 et
2384 4100 2726 4170 elei-.mosyoa
2792 4101 2896 4153 erit
2963 4109 3203 4169 accepta.
3261 4101 3352 4153 Sic
3420 4099 3538 4154 sine

1952 4191 2151 4246 offensa
2189 4199 2396 4259 tempus
2418 4192 2602 4261 jejuuii
2645 4193 3002 4260 trausigemus
3031 4210 3043 4245 :
3074 4201 3236 4260 atque
3265 4191 3335 4244 ita
3365 4190 3536 4258 digni,

1954 4294 2008 4337 et
2059 4282 2235 4337 idonei
2291 4283 2493 4337 erimus
2541 4283 2724 4338 videre
2771 4285 3034 4336 vivificam
3089 4283 3537 4338 resurrt-ctiOuem

2796 632 2940 686 omni
2999 634 3262 690 hooorutu
3331 653 3526 706 genere

259 4393 369 4446 καὶ
410 4391 444 4459 ἡ
492 4390 715 4460 νηστεία
753 4386 992 4455 καθαρὰ,
1034 4385 1130 4437 καὶ
1160 4386 1191 4454 ἡ
1223 4382 1557 4452 ἐλεημοσύνη
1611 4381 1846 4451 εὐπρόσ-

1959 4375 2070 4439 Dei,
2113 4383 2166 4427 et
2193 4373 2491 4428 Salvatoris
2530 4374 2700 4428 nostri
2748 4373 2874 4429 Jcsu
2909 4374 3132 4441 Christi,
3183 4389 3342 4443 quem
3383 4374 3541 4428 decet

259 4485 482 4545 δεκτός.
543 4481 697 4533 Οὖτιν)
759 4479 1066 4547 διέλθοιμεν
1131 4475 1536 4544 ἀπροσκόπτως
1587 4473 1678 4525 τὸν
1751 4470 1851 4539 τῆς

258 4572 532 4642 νηστείας
574 4571 786 4640 καιρόν,
834 4568 927 4620 καὶ
969 4564 1143 4626 οὕτως
1176 4563 1545 4631 ἀξιωθείημεν
1574 4563 1672 4632 τὴν
1706 4561 1852 4629 ζωη-

263 4666 443 4733 φόρον
490 4663 784 4714 ἀνάστασιν
821 4659 950 4712 ἰδεῖν
979 4656 1073 4709 τοῦ
1103 4655 1238 4709 Θεοῦ
1269 4655 1364 4708 καὶ
1401 4653 1653 4724 Σωτῆρος
1696 4650 1852 4720 ἡμῶν

1950 4467 2125 4519 omnis
2179 4465 2342 4532 gloria
2399 4465 2572 4518 honor
2614 4473 2666 4518 et
2715 4465 2992 4519 veneratio
3038 4477 3162 4518 cum
3211 4463 3329 4531 eius
3378 4463 3540 4519 Patre

1953 4555 2199 4624 principii
2239 4566 2481 4624 experte,
2513 4564 2567 4612 et
2614 4555 2815 4625 Spiritu
2855 4559 2924 4612 ab
2957 4558 3075 4629 ipso
3127 4559 3451 4627 procedente
3485 4556 3537 4608 iu

1953 4647 2148 4702 smcula
2181 4649 2522 4704 saeculorum.
2554 4649 2749 4704 Amen.

274 4759 466 4827 Ἰησοῦ
502 4755 760 4823 Χριστοῦ,
811 4748 855 4822 ᾧ
910 4753 1109 4822 πρέπει
1163 4751 1314 4803 πᾶσα
1374 4748 1521 4812 δόξα,
1570 4746 1704 4817 τιμὴ
1757 4743 1852 4797 καὶ
1889 4741 2263 4814 προσκύνησις
2305 4745 2401 4797 σὺν
2449 4743 2526 4814 τῷ
2596 4744 2821 4814 ἀνάρχῳ
2887 4741 3051 4796 αὐτοῦ
3088 4739 3283 4811 Πατρί,
3321 4737 3414 4791 καὶ
3456 4736 3536 4806 τῷ

264 4850 599 4922 ἔκπορευτῷ
631 4847 793 4901 αὐτοῦ
841 4844 1142 4915 Πνεῦματι,
1201 4843 1280 4903 εἰς
1323 4839 1450 4900 τοὺς
1505 4837 1708 4899 αἰῶνας
1740 4837 1848 4888 τῶν
1887 4833 2118 4888 αἰώνων.
2155 4834 2346 4907 Ἀμήν.

347 5034 392 5066 δ’
423 5031 524 5084 Ιειι.
561 5043 713 5093 sant,
745 5026 835 5081 26.
909 5026 956 5058 "
979 5024 1101 5081 Job.
1139 5041 1224 5086 XL,
1251 5024 1310 5079 ‘2.

1516 5137 1835 5200 Fraocisci
1868 5136 2079 5200 Scorsi
2109 5142 2298 5198 notae.

274 5289 630 5354 imperatore.
677 5284 732 5337 Id
775 5282 961 5354 scribit
991 5277 1230 5354 Codinus
1263 5273 1558 5354 cumpalat.
1605 5289 1724 5354 cap.

271 5343 996 5426 De.ofﬁciisCOrtsluutinop.
1031 5347 1190 5410 anim,
1220 5361 1376 5426 quiem
1412 5343 1552 5426 title,
1593 5353 1647 5398 et
1673 5343 1860 5426 erudi-

278 5414 524 5480 tissimos
545 5424 784 5480 Gretseri
807 5423 858 5474 in
881 5414 1001 5474 eum
1023 5415 1463 5471 cornmeutarios.
1493 5414 1716 5467 Demum
1745 5414 1858 5466 inec

273 5498 471 5550 eadem
519 5504 602 5549 est
653 5496 826 5558 imago
871 5491 936 5542 ad
997 5505 1179 5558 quam,
1228 5494 1384 5552 capta
1434 5483 1857 5558 abAndronjco

275 5565 503 5619 JuuiOre
537 5551 1026 5628 Constantinopoli
1049 5551 1390 5628 Andronicus
1416 5555 1602 5607 senior
1629 5551 1850 5620 supplex

277 5634 554 5704 confugit;
586 5633 729 5702 quod
763 5625 946 5704 narrat
970 5627 1237 5704 Gregoras
1265 5625 1357 5676 lib.
1389 5639 1472 5703 ts.
1581 5697 1618 5704 Α
1662 5703 1669 5704 7
1750 5689 1761 5700 θ

361 5697 474 5775 (8η
513 5697 1026 5770 Αιίέοιιίεηὶοιιειη.
1065 5697 1190 5749 Vide
1220 5710 1378 5764 quam
1423 5697 1528 5761 pic,
1570 5697 1624 5742 ct
1655 5697 1852 5743 acriter

1961 5271 2026 5324 ad
2047 5270 2346 5324 obeundam
2370 5261 2829 5331 exhomologesim
2859 5268 3204 5328 peccatorum
3229 5258 3316 5312 hic
3343 5265 3532 5336 pastor

1961 5342 2211 5408 pupulum
2245 5339 2564 5391 adhortetur
2597 5347 2776 5393 suum,
2813 5336 3048 5408 maxime
3077 5343 3532 5408 τεσσαρακοστης

1957 5398 2012 5462 et
2034 5398 2344 5477 ’μετανοίας
2376 5415 2650 5477 tempore,
2673 5417 2791 5469 quae
2813 5400 3004 5477 _Patris
3035 5398 3198 5477 h_uju_s
3230 5398 3529 5477 auctoritas

1956 5467 2077 5531 cum
2111 5467 2610 5530 cazteris’adversus
2641 5467 2923 5546 haereticos
2953 5468 3345 5546 confessionem
3375 5467 3526 5546 auri-

1955 5548 2190 5601 cularetu
2225 5545 2386 5609 impie
2418 5554 2697 5612 negantes,
2729 5541 3056 5596 conferenda
3087 5545 3145 5592 ut
3183 5535 3529 5591 auctoritati-

1956 5617 2054 5672 bus
2078 5618 2397 5672 obruantur.
