3974 6200
229 277 344 346 ιιὶθ

1597 292 1921 354 HOMILlA
1966 292 2126 352 XXI.

3389 307 3497 375 450

310 418 331 452 ι
371 397 480 453 Ἰδε
509 397 670 471 ὑγιὴς
714 397 966 468 γέγονας,
1022 403 1222 474 μηκέτι
1271 405 1579 476 ἁμάρτανε,
1614 406 1702 459 ἵνα
1735 405 1790 476 μὶ

1993 422 2012 455 ι
2051 404 2228 470 Ecce,
2279 402 2488 474 inquit,
2535 419 2700 462 sanus
2745 405 2918 465 factus
2967 425 3054 474 es;
3106 417 3213 470 noli
3263 420 3498 489 amplius

228 492 415 562 χεῖρον
461 490 545 553 είς
588 490 653 542 σε
705 489 964 560 γένηταιο
998 509 1016 542 s
1057 492 1151 545 καὶ
1183 495 1275 548 τὸν
1308 497 1552 567 παρόντα
1583 496 1811 566 ἰώμενος

225 583 507 651 πάρετον,
568 578 701 632 αύτδ
753 579 911 634 τοῦτο
963 581 1321 637 ἐνδείκνυται.
1379 587 1490 639 Καὶ
1543 587 1573 639 6
1634 587 1810 654 μέγας

238 673 566 737 Ἀπόστολος
601 673 1020 745 καθαπτόμενος
1058 677 1168 728 τῶν
1211 679 1312 732 οὐκ
1355 679 1568 747 εύαγῶς
1607 682 1673 750 τῇ
1707 699 1809 749 μυ-

225 769 388 835 στικῇ
417 766 670 836 τραπέζῃ
713 767 1174 837 προσερχομένων
1203 783 1217 796 ·
1259 789 1276 822 ι
1307 772 1405 824 Διά
1435 770 1614 837 τοῦτο,
1648 773 1805 841 φησῖ,

222 858 414 909 πολλοὶ
449 858 508 910 ὲν
557 858 686 927 ὑμῖν
740 857 1039 929 ἄρρωστοι,
1070 860 1162 913 καὶ
1186 863 1485 932 κοιμῶνται
1543 866 1737 917 ἱκανοί.
1783 885 1802 917 s

221 949 337 1002 Καὶ
386 946 493 1019 μὴν
533 949 772 1020 ὁρῶμεν,
823 952 1014 1021 φησὶν,
1071 953 1331 1025 ἀρτιγενῆ
1373 956 1572 1027 βρέφη,
1630 959 1805 1028 τυφλὰ

220 1038 512 1103 πολλάκις,
545 1041 578 1111 ἢ
616 1045 1092 1114 παρακεκομμένα
1134 1046 1232 1117 τὴν
1263 1047 1518 1119 αἴσθησιν
1561 1053 1659 1120 τῆς
1701 1069 1806 1122 μη-

213 1132 418 1201 τρικῆς
463 1131 658 1202 νηδύος
710 1133 1190 1191 ἀπολισθαίνοντα.
1235 1139 1299 1192 Τί
1340 1139 1432 1193 οὖν
1478 1143 1690 1212 ἥμαρτε
1741 1145 1802 1197 τὸ

216 1225 396 1294 μήπω
424 1224 619 1294 τεχθέν
645 1243 661 1291 ;
705 1225 847 1278 Ἀλλ’
880 1229 908 1280 ὁ
939 1229 1038 1297 τῆς
1067 1231 1332 1300 Προνοίας
1364 1233 1573 1298 δίκαιος
1598 1235 1802 1306 ὀφθαλ-

215 1315 321 1379 μὸς
350 1311 412 1364 ού
450 1313 510 1364 τὸ
539 1313 713 1382 παρὸν
750 1315 933 1384 μόνον,
958 1317 1096 1372 ἀλλὰ
1117 1321 1287 1382 καὶτὸ
1318 1323 1511 1393 μέλλον
1533 1329 1638 1399 ὁρᾷ
1665 1346 1679 1360 ο
1707 1332 1803 1384 καὶ

213 1402 295 1472 τῷ
333 1402 438 1472 μὲν
470 1404 794 1468 ἀκολάστοις
843 1407 1142 1480 ὀφθαλμοῖς
1195 1415 1446 1484 μέλλοντι
1483 1421 1801 1488 παγιδεύειν

213 1494 423 1566 ψυχὰς,
487 1500 922 1569 προαπήμὸλυνε
976 1503 1076 1568 τὰς
1129 1506 1282 1576 ὄψεις
1334 1510 1440 1581 πρὸ
1485 1513 1654 1583 αὐτῆς
1700 1517 1800 1585 τῆς

212 1591 532 1659 γεννήσεως
569 1605 585 1621 ·
642 1593 735 1644 καὶ
783 1595 811 1647 6
871 1596 1070 1664 τυφλὸς
1127 1601 1431 1672 γεννηθεὶς,
1492 1607 1541 1658 εί
1590 1607 1798 1673 δίκαιος

213 1679 452 1748 γένοιτο,
481 1681 573 1735 καὶ
607 1683 703 1736 τοῦ
734 1686 1104 1757 μυθευομένου
1124 1691 1384 1760 Λυγκέως
1410 1694 1798 1770 όξυοπέστερος

1914 513 2158 566 peccare,
2192 513 2259 554 ne
2292 500 2533 555 deterius
2569 501 2663 556 tibi
2708 503 2912 573 aliquid
2947 510 3228 580 contingat
3253 515 3336 581 ἰς
3374 533 3393 566 ι
3435 527 3494 572 ει

1914 601 2230 655 νῐξιεεθηιθιιι
2284 591 2426 644 hunc
2486 591 2842 660 paralyticuin
2913 609 3110 652 sanans
3175 599 3279 656 hoc
3346 604 3486 659 idem

1912 683 2170 736 05tendit.
2233 681 2300 736 Et
2346 699 2574 751 magnus
2627 684 2716 739 ille
2766 686 3079 757 Apostolus,
3125 708 3246 748 cum
3279 712 3374 752 eos
3406 714 3494 754 re-

1911 772 2236 838 prehendit,
2285 774 2376 841 qui
2427 788 2532 828 non
2579 785 2771 830 sancte
2819 791 2882 830 ac
2931 795 3063 845 pure
3097 784 3162 836 ad
3205 789 3488 854 mysticam

1909 876 2118 916 cwuam
2151 866 2413 918 accedunt
2437 903 2451 929 ,
2487 883 2504 916 ι
2530 865 2676 931 Ideo,
2706 867 2902 935 inquit,
2925 870 3063 926 inter
3083 889 3178 928 vos
3210 879 3359 931 multi
3389 879 3492 932 im-

1907 957 2150 1023 becilles,
2189 969 2238 1014 et
2267 959 2542 1015 dormiunt
2586 963 2736 1016 multi
2773 963 2842 1018 δ’.
2876 984 2896 1018 ι
2935 967 3120 1035 Atqui,
3165 973 3361 1028 dixerit
3389 975 3489 1029 ali-

1907 1048 2030 1118 quis
2057 1088 2073 1115 ,
2102 1049 2347 1106 videmus
2396 1067 2538 1122 saepe
2579 1069 2767 1116 recens
2816 1069 2973 1112 uatos
3024 1059 3259 1117 infantes
3289 1066 3484 1132 oculis,

1907 1143 1991 1194 vcl
2017 1145 2124 1196 alio
2152 1159 2313 1198 sensu
2341 1157 2532 1213 captos
2561 1161 2625 1200 ex
2663 1158 2816 1203 utero
2847 1153 3038 1206 matris
3078 1156 3314 1222 prodire.
3346 1161 3484 1224 Quid

1907 1237 2068 1304 igitur
2100 1238 2348 1308 deliquit,
2381 1244 2475 1310 qui
2523 1243 2762 1297 nonduin
2805 1246 2983 1300 editus
3031 1259 3114 1304 est
3159 1251 3213 1305 in
3259 1252 3429 1307 lucem
3462 1255 3487 1307 ἲ

1905 1331 2010 1386 Sed
2042 1347 2229 1401 aequus
2265 1333 2356 1386 ille
2392 1333 2748 1391 Providentia:
2782 1337 2972 1393 oculus
3011 1357 3114 1394 non
3149 1343 3199 1396 in
3249 1360 3486 1412 prmsens

1903 1431 2116 1492 tempus
2143 1422 2315 1476 solum
2347 1424 2587 1492 respicit,
2625 1426 2718 1480 sed
2744 1426 2904 1481 etiam
2941 1429 2992 1483 in
3022 1431 3281 1487 futurum.
3314 1434 3378 1488 Et
3410 1437 3485 1491 illi

1902 1513 2154 1581 quidem,
2207 1514 2297 1582 qui
2352 1513 2642 1570 libidinoso
2682 1518 2962 1572 oculorum
3008 1524 3256 1591 conjectu
3303 1527 3486 1582 irreti-

1903 1613 2055 1658 turus
2103 1614 2222 1659 erat
2279 1604 2531 1671 animos,
2582 1617 2874 1676 antequam
2928 1626 3284 1680 nasceretur,
3333 1617 3483 1674 visus

1902 1696 2072 1750 aciem
2101 1699 2390 1754 retundere
2419 1701 2727 1766 occupavit,
2761 1709 2815 1754 et
2849 1703 2939 1772 qui
2971 1719 3145 1760 czecus
3182 1717 3342 1762 natus
3373 1721 3476 1774 est,

208 1775 452 1843 γίνεται.
501 1775 605 1829 Τόν
640 1777 697 1831 δὲ
742 1780 880 1851 πρὸς
918 1782 1110 1852 ἡδονὰς
1160 1784 1286 1852 ὀξὺν
1327 1788 1421 1842 καὶ
1467 1759 1790 1864 κατάφορον,

1899 1786 2143 1854 sijustus
2185 1791 2426 1846 evadat:
2482 1788 2728 1847 fabuloso
2759 1759 2923 1848 etiam
2976 1795 3165 1867 lynceo
3210 1801 3482 1856 oculatior

209 1865 422 1936 θλίψει,
461 1868 554 1921 καὶ
597 1870 780 1941 πενίᾳ,
815 1871 848 1942 ἢ
897 1873 1076 1943 μελῶν
1129 1877 1360 1947 παρέσει
1406 1881 1666 1948 πολλάκις
1697 1885 1795 1939 ἁνο

206 1957 450 2026 ἔστειλε,
508 1961 762 2034 καθάπερ
806 1964 910 2018 ὑπὸ
932 1967 1320 2038 μανδραγόρας
1375 1975 1646 2045 κοιμήσας
1698 1975 1796 2048 τὴν

207 2051 454 2105 ἄτακτον
514 2052 718 2124 ὄρεξιν,
749 2053 860 2109 οἷον
887 2058 941 2111 εί
978 2076 1062 2123 τις
1112 2062 1248 2131 πρὸς
1290 2064 1454 2132 φόνον
1505 2068 1796 2138 γενόμενος

205 2145 456 2214 ἕτοιμος,
481 2148 846 2219 ἁναινομένης
870 2151 1018 2220 αὑτῷ
1041 2152 1142 2222 τῆς
1168 2154 1369 2221 δεξιᾶς,
1393 2159 1621 2231 ἡσυχίαν
1654 2164 1795 2231 ἠγά-

207 2255 384 2323 πησε.
440 2239 483 2290 Τ
491 2240 506 2291 ί
545 2237 662 2303 οὖν,
709 2241 897 2311 φησὶν,
945 2243 1005 2295 οὐ
1042 2247 1179 2298 πᾶσι
1225 2252 1337 2312 τοῖς
1385 2251 1795 2323 ἁμαρτάνουσιν

203 2321 373 2390 οὗτος
405 2329 435 2380 6
470 2329 567 2398 τῆς
609 2329 961 2405 δικαιοσύνης
1014 2334 1176 2401 ζυγὸς
1211 2321 1620 2412 ταλαντεύεται,
1657 2346 1793 2402 ἀλλὰ

205 2420 404 2474 πολλοὶ
456 2423 554 2492 μὲν
603 2423 904 2496 ἀλλοτρῖων
961 2429 1153 2498 γάμων
1208 2432 1448 2498 κλοπεῖς,
1509 2437 1694 2492 πολλοὶ
1735 2441 1793 2494 δὲ

201 2513 545 2580 λωποδύται,
576 2516 668 2568 καὶ
700 2518 1070 2588 τοιχορύκται,
1097 2522 1190 2574 καὶ
1220 2524 1583 2597 τυμϐορύχοι,
1611 2529 1793 2584 πολλοὶ

201 2607 258 2659 δὲ
290 2606 577 2671 τοκισταὶ,
609 2609 702 2661 καὶ
737 2610 952 2678 φαῦλοι,
988 2613 1081 2666 καὶ
1117 2615 1521 2685 ῥυποκόνδυλοι,
1551 2623 1792 2692 αἰσχρῶν

204 2699 529 2771 λημμάτων
547 2701 856 2773 ήττόμενοι,
885 2703 1232 2775 διαμένουσιν
1247 2709 1670 2779 εύρωστοῦντες,
1696 2717 1791 2769 καὶ

202 2792 448 2862 ἀνιαροῦ
475 2793 672 2857 παντὸς
698 2796 952 2862 ἄγευστοι
979 2814 993 2861 ;
1031 2798 1170 2852 Ἀλλ’
1199 2801 1300 2855 οὐκ
1329 2803 1418 2856 ἀεὶ
1457 2806 1489 2874 ἠ
1524 2807 1793 2875 μέλλουσα

204 2885 386 2937 κακία
441 2886 582 2956 νόσῳ
624 2889 1138 2956 προαναστέλλξται,
1191 2891 1277 2945 ἵνα
1332 2893 1406 2964 μὴ
1463 2897 1678 2970 κωλυθῇ
1731 2900 1793 2952 τὸ

201 2975 366 3030 δοθὲν
401 2979 534 3046 ἡμῖν
572 2979 810 3048 ἀρχῆθεν
861 2981 1195 3052 αὐτοκρατὲς
1243 2987 1338 3038 καὶ
1380 2986 1699 3043 ἀδέσποτον.
1728 2992 1790 3044 El

1896 1880 2022 1934 erit.
2052 1879 2186 1934 Eum
2227 1897 2358 1936 vero
2389 1883 2479 1952 qui
2513 1895 2811 1954 promptus,
2847 1902 2910 1942 ac
2938 1903 3179 1959 pra-ceps
3207 1895 3272 1944 ad
3327 1894 3482 1948 volu-

1898 1981 2076 2042 piatcs
2120 1975 2332 2030 futurus
2385 1985 2524 2043 erat,
2561 1993 2826 2043 aerumna,
2882 1981 2964 2035 vel
3011 1994 3347 2053 paupertate,
3398 1989 3479 2042 vel

1896 2065 2260 2121 membrorum
2293 2068 2648 2124 dissolutione
2681 2070 2943 2136 cohibuit,
2977 2073 3237 2130 eﬂrenem
3265 2081 3479 2148 cupidi-

1899 2167 2060 2212 tatem
2111 2157 2265 2226 quasi
2322 2159 2421 2214 sub
2470 2161 2826 2230 maudragora
2865 2162 2978 2232 (98)
3017 2166 3267 2235 sopieus,
3310 2171 3451 2228 velut

1895 2248 1940 2303 si
1959 2247 2080 2318 quis
2107 2248 2306 2303 cuidem
2355 2247 2534 2304 facere
2576 2260 2824 2318 paratmn
2857 2252 3065 2307 habens
3095 2254 3336 2310 arefacta
3366 2259 3474 2314 sibi

1895 2339 2080 2394 dextra
2131 2339 2398 2410 quiescat.
2447 2340 2588 2406 Quid
2623 2341 2808 2412 igitur,
2844 2341 3081 2413 inquies,
3136 2363 3242 2400 non
3281 2350 3472 2404 eadem

1893 2433 2144 2488 omnibus
2174 2433 2550 2502 peccatoribus
2597 2435 2711 2488 hasc
2738 2435 3015 2502 aquitatis
3046 2437 3181 2492 libra
3211 2439 3474 2509 deprimi-

1894 2533 2002 2587 tur,
2036 2523 2130 2578 sed
2173 2523 2327 2576 multi
2375 2521 2535 2576 alieni
2587 2523 2690 2577 tori
2746 2524 3051 2592 iuvasorcs,
3109 2528 3260 2583 inulti
3305 2529 3471 2585 etiam

1893 2626 2260 2686 grassatores,
2309 2623 2363 2670 et
2414 2615 2560 2670 fures
2606 2624 2660 2670 et
2714 2617 3090 2687 sepulcrorum
3145 2635 3470 2686 eversores.

1893 2707 2047 2761 multi
2069 2721 2280 2777 quoque
2309 2707 2670 2771 feneratores,
2698 2715 2754 2762 et
2785 2709 3133 2774 fraudulenti,
3157 2721 3210 2763 et
3238 2714 3472 2768 sordidae

1893 2799 2057 2853 nimis
2081 2799 2343 2862 avaritiae,
2376 2807 2429 2852 et
2470 2798 2720 2868 turpibus
2771 2798 2937 2854 literis
2981 2800 3247 2865 obstricti,
3303 2805 3468 2868 lirmi.

1891 2889 2239 2958 valentesque
2271 2890 2561 2958 perrivuut
2611 2905 2710 2944 nec
2745 2892 3038 2960 quidquam
3077 2894 3338 2950 molestiae
3366 2913 3472 2967 gu-

1893 2991 2055 3035 Stant.
2079 2979 2185 3034 Sed
2205 2995 2312 3034 non
2330 2993 2544 3048 semper
2569 2978 2749 3034 futura
2777 2982 2983 3036 malitia
3007 2987 3193 3038 morbo
3215 2997 3340 3040 ante
3365 2988 3469 3042 im-

203 3067 304 3138 μὲν
341 3068 456 3139 γὰρ
487 3065 554 3140 ἦν
585 3070 613 3122 6
650 3070 880 3135 θάνατος
910 3073 1200 3143 ἀπαλλαγὴ
1235 3074 1330 3128 τοῦ
1356 3079 1578 3141 παντὸς,
1608 3080 1790 3135 ἄδικον

1895 3071 2151 3141 peditur,
2222 3080 2282 3124 ut
2340 3069 2504 3124 libera
2581 3071 2914 3139 relinquatur
2977 3076 3240 3142 permissa
3312 3079 3470 3134 nobis

199 3162 395 3227 εδοξεν
442 3163 526 3228 ἂν,
586 3162 640 3216 ετ
686 3181 771 3226 τις
820 3166 1053 3236 πονηρὸς
1100 3165 1197 3232 ὢν,
1239 3170 1300 3221 ὲν
1347 3169 1656 3243 δυναστείᾳ,
1691 3177 1784 3228 καὶ

200 3254 456 3322 πλούτῳ,
508 3253 604 3308 καὶ
655 3259 837 3327 τρυφῇ
897 3257 987 3311 τὸν
1026 3257 1142 3329 βίον
1170 3261 1486 3318 κατέλυσεν.
1534 3265 1690 3320 Ἐπεὶ
1727 3267 1783 3322 δὲ

195 3347 478 3410 ἀθάνατος
507 3349 542 3417 ἡ
573 3347 738 3420 ψυχὴ.
765 3349 885 3403 οὐδὲ
925 3353 1006 3414 εἰς
1047 3351 1174 3423 ᾅδου
1215 3357 1658 3428 μεταχωρήσασα
1685 3360 1784 3432 τὴν

195 3440 371 3510 δίκην
435 3439 715 3508 διέφυγεν,
763 3442 878 3496 ἀλλ’
924 3445 1040 3497 ἐκεῖ
1083 3445 1321 3515 μάλιστα
1367 3451 1466 3520 τῆς
1509 3453 1784 3524 τιμωρίας

197 3533 557 3603 αἰσθήσεται,
586 3533 662 3597 ὡς
690 3535 747 3586 ὲν
778 3535 854 3605 τῷ
885 3535 1027 3590 κατὰ
1063 3538 1156 3592 τὸν
1188 3539 1443 3596 πλούσιον
1481 3543 1782 3616 διηγήματι

203 3624 618 3695 μεμαθήκαμεν
645 3641 657 3654 ο
691 3624 830 3678 ὥστε
857 3626 1086 3698 ἕρμαιον
1113 3630 1178 3684 ἂν
1201 3631 1287 3701 είη
1318 3633 1431 3694 τοῖς
1459 3635 1784 3704 κακοέργοις

203 3713 448 3767 ἐνταῦθα
481 3716 678 3778 νοσεῖν,
711 3715 911 3785 μᾶλλον
940 3717 996 3769 δὲ
1021 3718 1114 3770 καὶ
1159 3720 1440 3786 πένεσθαι,
1488 3724 1522 3794 ἢ
1567 3728 1678 3786 τοῖς
1724 3727 1782 3778 ὲν

206 3808 339 3878 ᾅδου
399 3807 774 3878 δικαστηρίοις
817 3809 1078 3866 δίδοσθαι.
1136 3813 1260 3877 Πῶς
1305 3813 1433 3880 οὖν,
1485 3818 1638 3888 φησι,
1688 3820 1782 3871 καὶ

201 3900 411 3954 δίκαιοι
442 3901 704 3966 πολλάκις
739 3903 941 3968 νόσοις.
985 3906 1080 3958 καὶ
1107 3910 1459 3976 πειρασμοῖς,
1481 3911 1573 3964 καὶ
1602 3913 1782 3984 πενίᾳ,

203 3994 298 4047 καὶ
340 3995 457 4054 τοῖς
490 3993 672 4057 ἄλλοις
701 3997 894 4058 κακοῖς
927 3997 1438 4068 προσπελάζουσιν;
1490 4001 1649 4054 Ἀλλά
1687 4019 1784 4055 πε-

201 4082 316 4144 νία,
359 4075 407 4134 ὧ
434 4078 610 4143 οὗτος,
653 4085 748 4136 καὶ
787 4084 955 4151 νόσοι,
993 4087 1087 4139 καὶ
1111 4087 1358 4152 θάνατος,
1400 4088 1514 4143 οὔτ’
1561 4093 1780 4162 αἰσχρὰ,

199 4169 330 4222 οὔτε
367 4169 534 4233 κακὰ,
558 4172 670 4234 τοῖς
701 4169 758 4224 εὖ
785 4173 1040 4242 φρονοῦσι
1069 4174 1367 4244 λογίζονται
1395 4193 1409 4208 °
1441 4180 1781 4250 Χριστιανοῖς

200 4262 257 4316 δὲ
307 4263 412 4316 καὶ
461 4263 695 4330 μεγίστη
733 4263 962 4336 αίσχύνη
1016 4265 1076 4318 τὸ
1118 4267 1288 4321 ταῦτα
1324 4271 1574 4339 ἡγεῖσθαι
1617 4275 1792 4340 κακὰ,

199 4355 342 4405 ὅπου
386 4355 484 4404 καὶ
525 4355 557 4423 ἡ
600 4353 705 4418 ἔξω
747 4356 963 4410 παιδεία
993 4359 1238 4432 φυλακὴν
1265 4363 1581 4435 φιλοσοφίας
1612 4368 1785 4422 ταῦτα

1885 3166 1953 3220 ah
2009 3163 2163 3218 initio
2241 3171 2478 3232 potestas
2559 3163 2811 3229 arbitrii,
2894 3176 3059 3235 atque
3138 3169 3464 3228 dominium.

1887 3255 2161 3326 Siquidem
2194 3256 2337 3311 euim
2381 3270 2501 3310 cum
2541 3267 2713 3310 morte
2741 3257 2922 3310 omnia
2957 3258 3292 3325 delerentur,
3343 3263 3459 3320 ini.

1883 3365 2050 3420 quum
2096 3347 2268 3404 videri
2314 3356 2513 3418 posset,
2559 3347 2761 3418 siquis
2807 3349 3082 3419 improbus
3115 3368 3238 3408 cum
3274 3355 3366 3419 sit,
3407 3357 3466 3412 in

1888 3443 2132 3513 imperio,
2162 3457 2225 3495 ac
2266 3441 2578 3496 divitiarum
2614 3440 3054 3513 voluptatumque
3092 3445 3246 3513 copia
3278 3454 3463 3504 trans-

1885 3539 2055 3606 igeret
2084 3535 2273 3589 vitam.
2316 3532 2581 3599 Quoniam
2607 3548 2738 3589 vero
2785 3535 3107 3592 immortalis
3145 3547 3227 3592 est
3253 3539 3462 3606 anima,

1888 3645 1992 3684 non
2024 3641 2236 3697 pinnam
2265 3625 2485 3696 eﬂ‘ugiet
2513 3641 2634 3680 cum
2671 3627 2736 3680 ad
2769 3625 2972 3682 inferos
2997 3627 3343 3698 demigrabit,
3369 3633 3463 3688 sed

1885 3719 1957 3774 ibi
1993 3717 2229 3771 maxime
2259 3714 2558 3770 cruciatum
2599 3715 2816 3778 sentiet,
2843 3725 2901 3768 ut
2935 3731 2998 3771 ex
3030 3717 3252 3770 historia
3283 3719 3466 3776 divitis

1887 3808 2228 3879 intelligimus
2243 3806 2310 3861 ”.
2334 3806 2408 3859 Ita
2432 3803 2592 3876 134
2604 3816 2658 3859 ut
2675 3805 2932 3875 praeclare
2949 3822 3069 3860 cum
3087 3808 3463 3876 peccatoribus

1884 3914 2156 3973 ageretur,
2205 3901 2293 3954 hic
2333 3907 2596 3968 mgrotare
2620 3897 2664 3951 si
2708 3898 2970 3962 daretur;
3000 3906 3054 3951 et
3103 3900 3276 3952 satius
3317 3906 3466 3954 esset

1887 3998 2048 4068 aﬂligi
2079 4003 2420 4066 paupertate,
2453 4006 2612 4061 quam
2647 3990 2786 4058 apud
2834 3988 3037 4045 inferos
3085 3990 3296 4044 multari
3328 4007 3461 4060 sup-

1887 4090 2086 4163 pliciis.
2141 4084 2420 4152 Quomodo
2484 4083 2684 4152 igitur,
2755 4081 3008 4152 inquies,
3068 4081 3244 4150 justos
3298 4083 3460 4135 etiam

1888 4180 2084 4242 morbi,
2113 4177 2447 4232 calamitates
2474 4183 2527 4229 et
2557 4183 2862 4244 paupertas,
2902 4183 2956 4228 et
2999 4172 3114 4227 alia
3148 4174 3285 4227 mala
3319 4191 3464 4244 saepe

1887 4269 2356 4328 circumveniunt?
2385 4268 2512 4332 Sed,
2543 4267 2675 4322 heus
2703 4267 2717 4321 l
2751 4275 2804 4321 tu
2839 4267 3018 4322 nescis
3038 4277 3090 4321 et
3120 4267 3362 4330 morbos,
3405 4277 3460 4322 et

1889 4375 2113 4420 mortem
2143 4378 2316 4432 neque
2341 4363 2392 4416 iu
2429 4360 2728 4429 probrosis,
2779 4374 2950 4430 neque
2998 4361 3051 4414 in
3095 4359 3252 4414 malis
3298 4360 3463 4414 rebus

206 4445 418 4514 μᾶλλον
477 4444 748 4515 ὠνόμασε.
789 4450 926 4503 Φασὶ
972 4453 1080 4524 γὰρ
1133 4427 1225 4507 καὶ
1260 4427 1522 4512 έΙλάτωνα
1552 4427 1781 4526 νοσῶδες

1895 4476 1917 4514 a
1972 4455 2302 4526 sapientibus
2354 4450 2665 4507 recenseril’
2720 4450 3050 4506 Christianis
3116 4466 3246 4506 vero
3295 4453 3458 4504 etiam

203 4553 253 4589 τι
274 4536 489 4606 χωρίον
511 4540 610 4608 τῆς
651 4539 926 4609 Ἀττικῆς,
960 4543 1058 4614 τὴν
1103 4544 1435 4617 Ἀκαδημίαν
1469 4551 1783 4622 ἐξεπίτηδες

201 4627 568 4698 ἀλλάξασθαι,
597 4631 938 4701 ἀμϐλύνοντα
974 4636 1072 4704 τὴν
1102 4635 1314 4702 εὐεξίαν
1360 4639 1455 4693 τοῦ
1497 4642 1746 4713 σώματος
1767 4661 1782 4675 ο

1891 4550 2127 4608 maxima
2181 4546 2504 4603 verecundia
2559 4555 2681 4610 est,
2741 4545 2852 4600 haec
2913 4545 2966 4599 in
3024 4545 3179 4600 malis
3235 4543 3460 4607 habere,

1891 4641 2112 4713 quando
2143 4638 2228 4694 vel
2271 4647 2497 4693 externa
2537 4638 2781 4692 doctrina
2813 4635 2926 4706 (99)
2971 4636 3325 4706 philosophiae
3363 4649 3459 4689 cu-

276 4772 325 4806 st
351 4767 518 4835 .103“,
548 4786 607 4836 γ,
637 4769 724 4824 14,
803 4771 848 4804 ⁵³
877 4768 1047 4827 lCor.
1087 4789 1161 4840 si,
1189 4774 1243 4831 ὅ.
1321 4777 1367 4809 ⁸³
1400 4775 1534 4833 Luc.
1583 4795 1696 4845 xw,
1734 4781 1797 4838 l9
1837 4795 1992 4851 seqq.

1439 4891 1760 4954 Francisci
1790 4890 2000 4956 Scorsi
2032 4895 2222 4952 notae.

274 5021 398 5093 (98)
439 5019 725 5093 Quasisub
756 5017 1130 5093 utendrugora.
1163 5015 1284 5071 Vim
1311 5017 1492 5093 inesse
1533 5021 1786 5093 mandra-

201 5087 385 5162 εοὶοαεξ
405 5090 760 5162 soporiferam
821 5087 1028 5162 Plinius
1063 5097 1291 5142 testatur
1351 5088 1494 5162 Hist.
1541 5089 1638 5162 lib.
1690 5105 1780 5162 ss,

203 5160 331 5232 cap.
358 5161 450 5232 ll,
490 5170 803 5232 tantamque
831 5169 888 5232 ut
918 5160 1080 5232 etiam
1106 5169 1316 5232 enecet,
1347 5161 1390 5212 si
1419 5160 1620 5229 largius
1659 5160 1781 5213 ehi-

202 5229 392 5284 batur.
426 5230 559 5284 Inde
591 5230 791 5283 factum
820 5229 1092 5298 adagium,
1128 5239 1185 5282 ut
1222 5230 1315 5299 qui
1343 5244 1538 5297 segnes
1569 5239 1693 5284 sntit
1726 5232 1776 5283 in

202 5301 453 5376 negotio,
481 5300 890 5376 dormi_tautquc
917 5301 1144 5376 multum
1178 5299 1549 5376 mandragoris:
1575 5300 1775 5376 bibiSse

203 5366 500 5436 dic'antur;
529 5385 594 5423 ea
624 5369 701 5422 sic
735 5366 865 5422 usus
893 5380 976 5424 est
1003 5366 1176 5423 Julius
1210 5366 1467 5437 Apostata
1499 5369 1668 5438 Epist.
1706 5369 1770 5422 ad

205 5441 478 5494 Calliscn.
521 5441 596 5493 υὺ
651 5441 900 5506 φανεῖται
951 5439 1152 5508 πολλὴν
1204 5441 1345 5492 πάνυ
1394 5440 1776 5509 μανδραγόραν

205 5511 270 5562 ἐκ
353 5510 646 5572 πεπωκώς,
709 5509 896 5562 Annon
957 5510 1160 5562 videtur
1235 5509 1520 5571 plurimum
1571 5523 1778 5575 potasse

208 5583 581 5648 uiandragora.’
602 5580 627 5632 2
656 5577 880 5648 Luciau.
920 5579 1081 5633 etiam
1126 5579 1178 5631 in
1209 5577 1424 5648 Timone
1446 5594 1466 5631 :
1506 5581 1680 5632 Ὅπου
1711 5595 1772 5644 γε

208 5647 462 5718 καθάπερ
526 5650 632 5701 ὑπὸ
707 5647 1090 5719 μανδραγόρας
1149 5647 1458 5712 καθεύδεις.
1524 5650 1776 5715 Quando‘

210 5721 421 5786 quidem
450 5721 603 5774 relati
635 5725 729 5774 sub
761 5722 1112 5788 ntandragora
1157 5721 1376 5773 dormis.

1965 5019 2077 5091 (99)
2130 5018 2221 5073 Vel
2273 5027 2490 5070 externa
2544 5016 2804 5091 doctrina.
2846 5014 3151 5091 Stoicorum
3212 5019 3456 5091 porticus

1895 5084 1998 5144 hoc
2028 5084 2278 5156 dogmate
2308 5095 2683 5140 resouuernnt.
2741 5084 2943 5156 Dognia
2999 5084 3451 5154 quippe'illorum

1888 5155 2383 5228 decantatumriiitt
2429 5159 2599 5228 μόνονΔ
2642 5155 2847 5228 ἀγαθὸν
2897 5155 2957 5206 τὸ
2994 5155 3177 5210 καλόν.
3229 5159 3301 5210 De
3343 5175 3454 5228 quo

1888 5229 2124 5298 disputat
2154 5228 2222 5280 M.
2248 5225 2454 5280 Tullius
2485 5228 2535 5280 in
2570 5225 3306 5298 Paradoz.._etcoutrakuihil
3328 5225 3452 5282 esse

1886 5295 2108 5362 malum,
2139 5299 2238 5351 nisi
2276 5308 2430 5364 turpe
2455 5297 2595 5364 quod
2628 5305 2708 5346 est
2756 5295 3122 5365 et‘vitiosuiu.
3156 5295 3227 5349 De
3264 5313 3370 5365 quo
3396 5309 3454 5351 et

1882 5369 1934 5420 in
1975 5367 2192 5422 Tuscul.
2225 5362 2690 5438 qntvsl.;:b'eut:_ca
2722 5362 2994 5438 perfectus
3043 5362 3448 5438 Stoicns,_epist

1882 5439 1952 5494 96
1991 5458 2004 5493 :
2042 5435 2246 5490 Tamen
2282 5450 2336 5488 tu
2373 5436 2660 5504 indignaris
2716 5435 2938 5504 aliquid,
2983 5446 3031 5488 et
3075 5437 3342 5503 quereris,
3400 5449 3449 5488 et

1885 5526 1986 5562 non
2017 5509 2264 5576 intelligis
2298 5506 2427 5557 nihil
2453 5503 2561 5557 esse
2587 5503 2638 5555 in
2673 5505 2787 5556 istis
2806 5503 2809 5504 ⁷
2829 5507 2979 5569 mali,
3004 5505 3128 5576 nisi
3153 5507 3250 5557 hoc
3285 5522 3448 5558 unum

1883 5579 2023 5648 quod
2055 5576 2372 5648 indignaris,
2404 5575 2734 5648 ecquereris‘.
2760 5577 2893 5648 Agit
2911 5579 2975 5627 de
3001 5575 3100 5627 hoc
3128 5587 3451 5648 argumento

1883 5643 2040 5702 docte
2073 5661 2122 5701 et
2172 5643 2402 5700 iutiliter
2439 5643 2672 5698 llzercul.
2708 5644 2920 5715 Drescl.
2951 5659 3086 5712 opus
3125 5643 3199 5698 De
3236 5647 3449 5715 confor-

1884 5720 2076 5787 manda
2106 5717 2371 5772 voluntate
2399 5715 2630 5770 humana
2653 5731 2768 5769 cum
2795 5714 2994 5778 divina,
3019 5715 3287 5787 prtetipue
3319 5714 3450 5772 vero
