3974 6200
276 328 392 397 453

277 536 536 606 φημίας;
569 538 687 608 [Τίς
733 539 959 595 δύναται
999 543 1217 612 ἀφιέναι
1258 546 1557 617 ἁμαρτίας,
1591 549 1639 601 εἰ
1673 548 1748 619 μὴ
1785 545 1865 612 εἷς

275 629 304 679 6
353 627 536 693 Θεός;
574 646 592 678 ι
647 628 790 702 Ὅρα
835 633 963 696 τοὺς
1015 635 1307 705 κηφῆναςο
1369 636 1513 690 οὕτω
1574 639 1684 709 γὰρ
1736 641 1861 704 τοὺς

277 718 639 789 Γραμματεῖς
711 722 957 788 ἐκείνους
1039 730 1310 796 προσήκει
1377 729 1584 784 καλεῖν.
1651 731 1863 802 Εἰσπη-

275 809 412 864 δῶσι
437 809 514 880 τῷ
541 812 767 882 ῥήματι,
803 814 880 884 μὴ
915 819 1274 888 προσέχοντες
1300 819 1378 890 τῷ
1405 821 1692 892 πράγματι
1719 839 1734 856 ⁶
1769 827 1862 879 καὶ

272 902 368 953 τόν
396 901 610 954 ἔνδοθεν
635 904 1068 975 ύποτυφὼμενον
1116 912 1434 981 ἐρεύγονται
1495 917 1709 986 μῶμον,
1758 919 1860 985 μά·

273 1013 407 1050 ταια
431 998 490 1049 ὲν
520 999 643 1060 ταῖς
672 999 924 1068 καρδίαις
957 1001 1138 1057 αὐτῶν
1169 1003 1601 1077 διαλογιζόμενοι
1631 1026 1644 1040 ο
1683 1010 1798 1063 ἀλλ’
1832 1011 1861 1062 6

274 1086 487 1156 Κύριος
518 1089 598 1151 εἰς
628 1091 940 1160 τούμφανὲς
974 1094 1099 1161 ἄγει
1137 1097 1236 1160 τὰς
1267 1099 1474 1164 ἐννοίας
1499 1101 1598 1170 τῆς
1632 1104 1860 1174 καρδίας

275 1180 480 1246 αὐτῶν,
517 1183 758 1253 ἐλέγχων
783 1187 910 1265 τους
935 1186 1323 1257 διαλογισμοὺς
1358 1193 1558 1257 αὐτῶν,
1586 1198 1680 1248 καὶ
1717 1196 1860 1268 ἅπερ

274 1273 335 1324 ἐν
389 1271 470 1342 τῷ
528 1276 756 1346 κρυπτῷ
812 1279 912 1347 τῆς
961 1279 1199 1360 διανοίας
1229 1283 1511 1351 ἐλάνθανε,
1562 1290 1716 1360 παρὰ
1765 1290 1858 1343 τοῦ

276 1365 576 1434 βλέποντος
623 1368 724 1432 τὰς
772 1372 1100 1443 ἐνθυμήσεις
1126 1413 1141 1438 ,
1185 1377 1405 1445 ἐλέγετο
1432 1395 1449 1410 ο
1487 1399 1504 1431 ι
1530 1381 1622 1452 Μὴ
1667 1384 1778 1453 γὰρ
1833 1386 1861 1436 6

273 1459 554 1526 φυτεύσας
581 1461 641 1513 τὸ
679 1461 772 1525 οὒς
797 1464 921 1534 οὐχὶ
949 1466 1160 1531 ἀκούει,
1191 1469 1223 1539 ἦ
1255 1472 1282 1522 6
1310 1469 1520 1535 πλάσας
1545 1473 1634 1526 τὸν
1657 1475 1859 1543 ὀφθαλ-

273 1551 380 1618 μὸν
409 1553 552 1622 ,οὐχὶ
595 1558 852 1608 κατανοεῖ
875 1573 891 1620 ;
918 1575 936 1610 ι
974 1560 1148 1624 Αὐτὸς
1197 1562 1254 1615 δέ
1283 1558 1352 1633 ἦν
1375 1566 1592 1629 πάντως
1625 1570 1754 1637 περὶ
1796 1565 1858 1621 οὗ

271 1641 452 1696 ταῦτα
509 1639 631 1696 εἷπε
693 1646 901 1715 Δαδὶδ,
951 1649 1039 1704 διὰ
1087 1653 1188 1722 τῆς
1234 1653 1343 1706 τῶν
1393 1658 1595 1728 χειρῶν
1639 1660 1859 1730 ἐπαφῆς

1644 348 1975 409 HOMILIA
2013 349 2175 410 XXI.

273 444 500 517 ζόμινοι
525 447 585 502 ἐν
618 449 740 513 ταῖς
756 450 1005 522 καρδίαις
1033 452 1234 521 αὐτῶν,
1256 455 1322 510 Τί
1341 446 1496 522 οὗτος
1519 456 1672 512 λαλεῖ
1697 458 1838 528 βλασ
1893 463 1939 518 Δ
1969 458 2152 512 animo
2181 444 2279 515 suo
2321 475 2338 512 :

3438 359 3548 425 454

2389 458 2526 528 Quid
2568 461 2656 518 hic
2689 463 2930 533 loquitur
2971 465 3380 536 blasphemiasi
3421 474 3545 539 quis

1973 556 2147 617 potest
2166 549 2447 605 demittere
2469 564 2713 622 peccata,
2731 555 2831 610 nisi
2851 557 3001 611 solus
3017 557 3158 612 Deus
3176 559 3200 613 ?
3221 577 3238 609 ι
3275 559 3408 614 Vide
3423 559 3547 616 illos

1969 638 2123 695 fucos
2175 640 2290 712 (5M;
2337 643 2417 698 sic
2465 645 2606 698 enim
2665 644 2883 701 Scribas
2912 661 3008 715 par
3045 647 3200 718 135
3245 661 3330 704 est
3356 651 3545 720 appel-

1967 730 2102 789 lare.
2130 731 2379 787 lnsiliunt
2407 735 2458 788 in
2491 735 2680 802 verba,
2712 737 2848 792 facta
2877 739 3100 794 minime
3132 750 3460 808 reputantes;
3489 751 3545 797 et

1967 821 2402 892 sulfumigantem
2437 824 2581 880 intus
2613 825 2944 880 calumniam
2986 840 3235 887 eructant
3271 833 3540 886 incassum

1968 914 2348 968 ratiocinantes
2411 916 2461 968 in
2510 917 2765 971 cordibus
2817 919 2950 972 suis.
3011 918 3116 972 Sed
3171 921 3431 977 Dominus
3488 925 3542 977 in

1968 1016 2212 1072 apertum
2252 1003 2460 1075 profert
2489 1006 2868 1074 cogitationes,
2917 1013 2972 1060 et
3018 1009 3196 1077 arguit
3251 1012 3543 1066 ratiocinao

1969 1101 2141 1151 tiones
2165 1097 2243 1168 (6)
2305 1113 2518 1162 eorum,
2553 1107 2607 1150 et
2655 1111 2776 1165 quae
2832 1097 2884 1150 in
2943 1097 3311 1167 penetralibus
3348 1101 3546 1154 mentis

1967 1188 2225 1252 latebant,
2258 1191 2325 1241 ab
2366 1203 2434 1243 eo
2481 1187 2570 1256 qui
2618 1187 2854 1256 cogitata
2893 1188 3088 1241 mentis
3135 1188 3374 1254 instiicit,
3403 1191 3544 1244 elata

1966 1288 2092 1334 sunt
2126 1295 2140 1333 :
2176 1299 2194 1331 ι
2227 1277 2498 1346 Numquid
2543 1277 2686 1332 enim
2735 1277 2825 1346 qui
2879 1277 3144 1347 plantavit
3193 1294 3379 1333 aurem
3437 1294 3542 1333 non

1965 1373 2168 1436 audiet,
2201 1381 2296 1424 aut
2325 1373 2412 1440 qui
2459 1371 2616 1425 tinxit
2659 1372 2872 1425 oculum
2926 1387 3029 1424 non
3063 1373 3366 1428 considerat
3399 1371 3480 1425 “7
3517 1388 3538 1423 ι

1967 1463 2083 1534 Ipse
2142 1463 2349 1518 scilicet
2394 1463 2553 1530 plane
2601 1473 2744 1528 erat,
2772 1462 2840 1516 de
2868 1477 2976 1532 quo
3018 1462 3186 1517 David
3231 1461 3344 1516 haec
3381 1461 3540 1527 dixit,

1965 1558 2055 1625 qui
2089 1566 2339 1610 contactu
2393 1571 2647 1608 manuum
2707 1569 2868 1609 aures
2909 1553 3305 1622 quodammodo
3353 1559 3545 1608 surdo-

1966 1663 2083 1701 rum
2137 1647 2442 1711 inseverat;
2497 1662 2592 1716 per
2641 1662 2775 1714 quas
2807 1647 2970 1700 etiam
3018 1645 3158 1700 oculi
3205 1645 3545 1716 ﬁngebantur

270 1731 602 1799 ἐμφυτεύων
657 1736 858 1804 τρόπον
914 1739 1038 1792 τινὰ
1081 1741 1180 1803 τὰς
1232 1743 1342 1797 τῶν
1403 1748 1604 1815 κωφῶν
1664 1749 1853 1813 ἀκοὰς,

273 1821 298 1840 θ
325 1821 340 1840 ν
380 1817 404 1839 7
548 1825 559 1840 ι
604 1826 616 1840 ι
669 1826 693 1840 Λ
739 1828 754 1840 ι
840 1829 852 1840 ι
900 1831 912 1840 .
969 1830 985 1840 ι
1017 1832 1028 1840 .
1274 1833 1295 1840 Α
1335 1834 1345 1840 .
1484 1835 1507 1840 .-
1634 1839 1641 1840 ,

1965 1753 2059 1806 per
2081 1747 2294 1807 sputum
2330 1745 2385 1791 et
2411 1740 2632 1790 humum
2666 1734 2832 1788 veluti
2859 1749 2924 1789 cx
2958 1732 3071 1787 lnto
3095 1732 3243 1788 facti.

269 1821 340 1874 δι’
371 1817 448 1878 ὧν
478 1825 570 1878 καὶ
593 1826 861 1900 ὀφθαλμοὶ
895 1830 1232 1886 ὲπλάσσοντο
1269 1833 1358 1888 διὰ
1415 1835 1510 1889 τοῦ
1542 1839 1857 1910 πτύσματος

270 1916 494 1986 καὶτῆς
529 1919 634 1988 γῆς
668 1921 1157 1994 πηλουργούμενοι.

352 2028 374 2060 ί
419 2012 530 2064 Καὶ
577 2015 784 2080 εὐθέως
828 2019 1090 2087 ἐπιγνοὺς
1140 2023 1168 2074 6
1223 2023 1432 2094 Ἰησοῦς
1472 2025 1550 2096 τῷ
1583 2027 1855 2099 πνεύματι

269 2097 431 2156 εἶπεν
488 2106 673 2168 αὐτοῖς
706 2124 720 2138 ·
753 2109 818 2162 Τί
871 2111 1251 2180 διαλογίζεσθε
1312 2117 1371 2168 ἐν
1426 2122 1548 2182 ταῖς
1603 2097 1856 2191 καρδίαις

271 2196 432 2264 ὑμῶν
456 2214 473 2262 ;
515 2197 580 2251 Τί
609 2200 718 2272 γάρ
745 2203 896 2256 ἐστιν
929 2206 1329 2280 εὐκολώτερον,
1358 2213 1536 2265 εἰπεῖν
1565 2213 1643 2282 τῷ
1673 2232 1855 2286 παραο

267 2287 484 2358 λυτικῷ
521 2306 538 2320 '
581 2291 887 2358 Ἀφέωνταί
921 2313 1006 2349 σοι
1040 2299 1098 2350 αι
1128 2300 1402 2371 ἁμαρτίαι
1432 2319 1548 2368 σου,
1579 2304 1614 2374 ἢ
1652 2308 1850 2361 εἰπεῖν·

273 2380 529 2451 Ἔγειρε,
565 2384 660 2434 καὶ
693 2379 826 2450 ἆρον
857 2386 949 2439 τὸν
977 2390 1314 2458 κράὸὄατον,
1340 2392 1438 2444 καὶ
1465 2397 1791 2466 περιπάτεις
1829 2417 1848 2451 ι

272 2474 390 2546 Τῆς
449 2475 558 2528 τῶν
609 2478 649 2529 Γ
655 2480 993 2548 ραμματέων
1047 2483 1321 2552 ἀμαϐείας
1373 2489 1851 2560 κατειρωνεύεται,

270 2571 372 2621 καὶ
409 2570 512 2636 τῆς
555 2570 784 2642 ἐνούσης
832 2575 1016 2638 αὐτοῖς
1055 2577 1313 2642 ὑπονοίας
1356 2580 1455 2650 τὴν
1508 2582 1852 2651 ἀποπληξίαν

271 2662 607 2733 καθίστησιν
639 2665 870 2736 ἐναργῆ,
904 2667 966 2719 τὸ
1001 2671 1082 2732 είς
1120 2668 1248 2723 νοῦν
1300 2671 1434 2735 ἔσω,
1476 2675 1572 2726 καὶ
1616 2675 1853 2744 καρδιῶν

269 2754 672 2810 διαλευκαίνων
723 2759 913 2827 σαφῶς
949 2760 1010 2813 τὸ
1057 2763 1157 2831 μὲν
1191 2763 1300 2833 γὰρ
1337 2765 1539 2830 εἰπεῖν,
1564 2767 1721 2835 φησὶ,
1756 2767 1852 2820 τοῦ

269 2847 484 2916 πρᾶξαι
521 2849 774 2918 πέφυκεν
806 2852 1178 2923 εὐκολώτερον
1203 2873 1216 2886 ·
1253 2857 1377 2908 ἐπεὶ
1408 2856 1464 2909 δὲ
1495 2857 1693 2929 ἄδηλον
1722 2860 1852 2930 ὑμῖν

269 2939 320 2989 εί
344 2937 425 3008 τῷ
442 2939 585 3010 λόγῳ
613 2942 708 2994 καὶ
738 2943 899 3011 ἡτῶν
923 2945 1212 3015 αμαρτιῶν
1236 2947 1433 3016 ἄφεσις
1457 2950 1849 3020 ἠκολούθησεν,

268 3031 338 3082 ἐκ
397 3030 508 3083 τῶν
571 3033 962 3104 ἀναμφιϐόλων
997 3038 1348 3109 πιστώσομαι
1401 3041 1461 3094 τὺ
1523 3043 1848 3112 ἀμφίϐολον.

2035 2039 2052 2072 ι
2088 2020 2207 2086 Quo
2239 2019 2425 2074 statim
2458 2017 2674 2088 cegnito
2705 2017 2865 2073 Jesus
2894 2020 3088 2090 spiritu
3111 2033 3210 2074 suo
3237 2017 3366 2073 dicit
3392 2017 3540 2072 illis:

1953 2115 2091 2180 Quid
2127 2112 2378 2182 cogitatis
2414 2113 2465 2164 in
2490 2112 2755 2166 cordibus
2774 2111 2976 2166 vestris
2999 2112 3022 2164 ?
3049 2111 3181 2180 quid
3209 2121 3293 2164 est
3327 2111 3545 2169 facilius

1955 2208 2136 2260 dicere
2167 2203 2462 2274 paralytico
2489 2219 2506 2256 :
2539 2202 2896 2256 Dimittuntur
2927 2202 3021 2257 tibi
3051 2213 3269 2270 peccata
3301 2213 3414 2270 tua,
3451 2215 3544 2260 aut

1953 2297 2135 2351 dicere
2171 2314 2186 2350 :
2224 2296 2418 2363 Surge,
2457 2294 2582 2348 tolle
2619 2293 2904 2362 grabatqu
2959 2303 3132 2360 tuum,
3151 2305 3205 2349 et
3229 2295 3486 2350 ambula?
3513 2315 3535 2349 ι

1956 2388 2270 2444 Scribarum
2302 2387 2492 2442 irridet
2519 2386 2788 2440 inscitiam
2809 2403 2828 2442 :
2857 2392 2912 2440 et
2961 2395 3162 2456 quanta
3206 2387 3311 2442 illis
3340 2389 3545 2444 inesset

1955 2483 2200 2536 vecordia
2262 2495 2326 2536 ae
2366 2480 2632 2535 stoliditas
2671 2481 2888 2548 planum
2925 2479 3093 2545 facit;
3134 2494 3359 2550 quaeque
3391 2481 3546 2549 peni-

1953 2581 2039 2627 tus
2075 2573 2150 2642 (7)
2183 2573 2234 2625 in
2261 2580 2440 2626 mente
2466 2583 2520 2625 et
2551 2571 2716 2625 corde
2744 2571 3006 2635 latebant,
3030 2580 3219 2639 aperte
3245 2571 3539 2638 patefacit;

1954 2665 2138 2720 dicere
2187 2664 2360 2729 enim,
2393 2664 2589 2732 inquit,
2625 2677 2787 2732 quam
2838 2661 3027 2717 facere
3070 2663 3284 2718 facilius
3348 2673 3539 2718 natura

1953 2766 2058 2810 est.
2087 2754 2352 2821 Quoniam
2395 2769 2522 2808 vero
2553 2755 2845 2810 obscurum
2880 2755 3034 2810 vobis
3084 2765 3188 2818 est,
3221 2770 3289 2808 an
3341 2770 3538 2824 pecea-

1955 2857 2131 2902 tornm
2166 2847 2416 2900 remissio
2439 2846 2603 2900 dictis
2629 2861 2686 2900 re
2720 2846 2833 2914 ipsa
2861 2845 3204 2916 respondeat.
3230 2847 3296 2900 ab
3329 2847 3396 2901 iis
3420 2861 3543 2916 quae

1954 2948 2102 2994 certa
2129 2946 2276 3004 sunt,
2322 2937 2550 2992 incertis
2578 2936 2770 2990 faciam
2809 2936 2992 2990 Iidem.
3025 2935 3149 2989 Tria
3185 2951 3314 2991 vero
3347 2939 3536 2991 ezulem

1953 3045 2118 3098 opera
2141 3037 2380 3098 [παιδιαί.
2403 3028 2686 3082 Condonat
2711 3036 2916 3097 aegroto
2939 3035 3185 3097 peccata,
3218 3026 3537 3083 Scribarum

269 3122 414 3191 Τρία
448 3124 504 3176 δέ
533 3126 674 3179 κατὰ
705 3128 903 3181 ταύτὸν
934 3130 1150 3199 ἐνεργεῖ
1181 3148 1192 3160 ·
1227 3133 1420 3203 ἀφέησι
1447 3134 1546 3197 τὰς
1571 3136 1850 3205 ἁμαρτίας

1965 3121 2313 3192 Cogitationes
2350 3121 2554 3190 arguit,
2592 3129 2648 3174 et
2700 3119 2993 3174 valetudini
3045 3119 3282 3174 restituit
3326 3121 3541 3190 paraly-

268 3216 370 3267 τοῦ
407 3218 736 3286 πάσχοντος,
771 3220 986 3292 ἐλέγχει
1025 3224 1135 3276 τῶν
1167 3224 1204 3276 Γ
1211 3227 1550 3295 ραμματέων
1575 3229 1702 3292 τοὺς
1732 3229 1853 3282 δια-

269 3310 594 3380 λογισμοὺς,
626 3315 878 3388 ἀνίστησι
898 3317 990 3370 τὸν
1020 3319 1354 3390 παράλυτον.

354 3424 374 3455 ι
423 3405 540 3459 Ἰνα
568 3407 626 3460 δὲ
659 3409 840 3477 εἰδῆτε
872 3411 959 3465 ὅτι
985 3411 1237 3476 ἐξουσίαν
1261 3415 1380 3482 ἐχει
1407 3419 1434 3470 6
1463 3417 1590 3483 Υίδς
1640 3421 1734 3475 τοῦ
1758 3425 1854 3477 ἀνα

270 3497 499 3569 θρώπου
533 3503 625 3556 ἐπὶ
654 3503 754 3573 τῆς
782 3507 885 3575 γῆς
908 3507 1130 3574 ἀφιέναι
1155 3509 1455 3580 ἁμαρτίας.
1495 3531 1514 3564 ι
1555 3514 1855 3570 Ἐνδείκνυ-

267 3610 362 3645 ται
397 3595 486 3648 διὰ
525 3594 734 3648 τούτων
774 3597 833 3649 τὸ
882 3597 1196 3665 ἀδιαίρετον
1229 3603 1338 3655 τῶν
1371 3606 1428 3657 ἐν
1459 3606 1607 3677 αὐτῷ
1638 3610 1853 3677 φύσεων

269 3683 417 3752 μετὰ
449 3683 548 3751 τὴν
579 3684 798 3748 ἕνωσιν,
845 3689 940 3740 καὶ
977 3689 1060 3741 ὅτι
1096 3690 1203 3742 τῶν
1241 3691 1404 3744 θείων
1445 3692 1854 3768 πλεονεκτημά-

266 3795 380 3830 των
406 3780 681 3846 μετέδωκε
701 3782 764 3849 τῇ
797 3781 1204 3854 προσληφθείσῃ
1238 3784 1426 3853 σαρκὶ,
1468 3787 1563 3838 καὶ
1590 3790 1654 3859 ἣν
1694 3789 1852 3860 ἔσχεν

267 3869 527 3933 ἐξουσίαν
558 3873 616 3922 ἐν
649 3871 864 3942 οὐρανῷ
885 3915 900 3938 ,
932 3874 1140 3944 ταύτην
1186 3878 1280 3926 καὶ
1315 3877 1406 3928 ἐπὶ
1457 3881 1561 3948 γῆς
1602 3878 1714 3950 ἔχει
1740 3897 1754 3912 ·
1791 3883 1852 3935 τὸ

267 3964 383 4033 γὰρ
432 3962 561 4015 Υίὸν
607 3964 701 4016 τοῦ
767 3965 1060 4036 ἀνθρώπου
1106 3968 1363 4035 γενέσθαι
1412 3975 1532 4023 κατ’
1585 3973 1739 4027 οὐδὲν
1784 3979 1848 4047 τῇ

265 4053 503 4126 δυνάμει
529 4059 595 4126 τῇ
627 4059 782 4126 θεῖκῇ
817 4059 1143 4129 ὲλυμῄνατο.

351 4169 370 4199 ι
417 4149 584 4217 Λέγει
625 4149 703 4220 τῷ
733 4152 1099 4223 παραλυτικῷ
1123 4170 1137 4184 ·
1171 4156 1262 4208 Σο¹ι
1288 4156 1431 4225 λέγω
1452 4197 1467 4221 ,
1505 4159 1722 4230 ἔγειρε,
1759 4161 1852 4214 κοιλ⁵

267 4234 407 4308 ἆρον
441 4239 534 4291 τὸν
562 4241 875 4310 κράὅόατόν
909 4260 1032 4309 σου,
1074 4245 1170 4298 καὶ
1214 4245 1394 4315 ὕπαγε
1440 4250 1518 4312 είς
1569 4251 1661 4303 τὸν
1703 4249 1851 4305 οἶκόν

267 4347 395 4384 σου.
427 4331 539 4384 Καὶ
573 4331 788 4402 ἠγέρθη
823 4334 1048 4399 εὐθέως,
1085 4339 1180 4391 καὶ
1210 4338 1349 4410 ἄρας
1391 4341 1480 4392 τὸν
1515 4342 1848 4411 κράόϐατον,

265 4423 498 4492 ἐξῆλθεν
521 4426 764 4478 ἐναντίον
802 4427 1048 4481 πάντων.
1089 4447 1109 4479 ι
1148 4429 1451 4499 Συσφίγγει
1478 4433 1662 4485 τοίνυν
1700 4437 1728 4486 6
1759 4435 1840 4488 λόο

263 4534 366 4586 γος
402 4518 502 4588 τὴν
542 4519 799 4587 πάρεσιν,
835 4519 1068 4589 ῥώννυσι
1095 4522 1205 4575 τῶν
1225 4522 1444 4594 ἄρθρων
1474 4525 1573 4596 τὴν
1603 4525 1843 4594 ἔκλυσιν,

262 4610 456 4663 δίδωσι
487 4613 600 4672 τοῖς
631 4611 845 4682 νεύροις
870 4613 968 4683 τὴν
991 4609 1242 4680 τόνωσιν,
1279 4619 1380 4670 καὶ
1405 4620 1432 4670 6
1471 4619 1600 4689 πρὶν
1633 4621 1852 4676 ἐκλελυ-

269 4705 562 4774 μένοςλκαὶ
591 4705 875 4774 κείμενος,
895 4705 1086 4776 ῶσπερ
1118 4709 1303 4760 πλοῖον
1349 4711 1700 4779 ἁγόμφωτον,
1725 4714 1852 4767 ἀνέ-

267 4799 401 4870 θορέ
439 4815 500 4850 τε
525 4798 621 4851 τοῦ
651 4799 976 4869 σκξμποδος,
1011 4801 1113 4854 καὶ
1139 4802 1420 4872 τρονχαλῶς
1456 4805 1698 4873 ἐϐάδιζε,
1729 4808 1854 4861 κού-

267 4911 398 4964 φοις
435 4894 740 4964 φερόμενος
776 4893 1006 4964 ἆλμασι,
1036 4893 1277 4958 δοξάζων
1304 4896 1394 4949 τὸν
1431 4897 1657 4965 θέμενον
1695 4901 1848 4970 ἄμω-

269 5005 375 5058 μον
403 4987 502 5058 τὴν
525 4987 647 5039 ὁδὸν
677 4987 868 5050 αὑτοῦ,
904 4990 998 5041 καὶ
1032 4989 1511 5058 καταρτισάμενον
1536 4990 1661 5052 τοὺς
1682 4993 1848 5055 πόδας

264 5079 442 5135 αὐτοῦ
485 5080 619 5133 ὡσεὶ
663 5080 894 5146 ἐλάφου.
931 5079 1120 5133 Ταῦτα
1152 5077 1218 5141 δὴ
1259 5080 1326 5132 τὰ
1359 5083 1699 5151 προφητικὰ,
1752 5085 1846 5136 καὶ

264 5173 412 5241 τάχα
437 5168 599 5222 τοῦτο
627 5171 952 5240 προόλέπων
981 5170 1271 5222 ἐθέσπισεν
1313 5172 1340 5222 6
1374 5171 1518 5233 θεῖος
1551 5174 1802 5242 χρησμός
1831 5192 1844 5206 ο

269 5283 296 5316 ι
326 5264 463 5315 Τότε
496 5263 706 5316 ἁλείται
727 5263 802 5324 ὡς
827 5261 1026 5324 ἔλαφος
1055 5264 1084 5314 6
1113 5261 1335 5332 χωλός.»
1382 5263 1546 5316 Ἀλλὰ
1577 5264 1636 5316 τὸ
1661 5264 1847 5336 θαῦμα

340 5383 389 5414 ⁸⁸
411 5380 552 5438 Psal.
589 5398 738 5447 xcut,
784 5381 838 5436 9.
913 5383 958 5414 ⁸⁸
986 5381 1127 5437 Psal.
1168 5397 1305 5445 xvn,
1348 5380 1437 5447 55,
1479 5382 1569 5437 δι.

1875 4477 1924 4537 D

1959 3213 2142 3267 ticum.

2030 3449 2048 3482 ι
2085 3427 2156 3483 Ut
2199 3437 2379 3482 autem
2433 3427 2617 3482 sciatis
2646 3469 2662 3494 ,
2715 3427 2838 3497 quia
2868 3427 3038 3482 Filius
3091 3427 3324 3481 hominis
3375 3427 3536 3482 habet

1954 3529 2275 3591 potestatem
2309 3519 2361 3573 in
2393 3527 2535 3573 terra
2584 3519 2893 3573 dimittendi
2942 3528 3182 3588 peccata.
3225 3538 3246 3570 ι
3285 3518 3379 3573 llis
3411 3534 3537 3572 ver-

1955 3612 2037 3668 bis
2065 3614 2291 3666 duarum
2330 3611 2382 3666 in
2423 3627 2482 3666 se
2517 3620 2830 3664 naturarum
2880 3625 3077 3664 nexum
3113 3610 3536 3679 inseparabilem

1955 3717 2075 3776 post
2123 3706 2376 3759 unionem
2411 3705 2688 3769 ostendit;
2726 3704 2976 3774 quodque
3012 3703 3226 3758 divinas
3262 3717 3542 3773 przeroga-

1957 3799 2096 3852 tivas
2130 3813 2251 3850 cum
2289 3807 2566 3866 assumpta
2617 3811 2783 3850 carne
2817 3795 3257 3859 communicarit,
3289 3803 3344 3848 et
3390 3795 3534 3862 quod

1953 3904 2068 3943 eam
2101 3899 2420 3958 potestatem
2461 3888 2684 3942 haberet
2719 3888 2769 3941 in
2808 3896 2972 3948 terra,
3004 3901 3164 3955 quam
3209 3885 3440 3939 habebat
3481 3887 3530 3938 in

1953 3981 2112 4036 coelo.
2144 3979 2275 4033 Nam
2320 3979 2515 4034 Filium
2551 3978 2787 4032 hominis
2820 3978 3017 4031 factum
3057 3991 3182 4031 esse
3207 3975 3404 4030 divinae
3436 3991 3533 4046 po-

1955 4072 2132 4127 tentia:
2166 4070 2298 4123 nihil
2325 4069 2505 4123 oll'ecit
2538 4086 2554 4121 :

2028 4163 2146 4216 «Ait
2175 4159 2472 4232 paralytico
2502 4158 2662 4215 :Tibi
2693 4159 2839 4220 dico,
2864 4151 3056 4226 Surge,
3085 4156 3214 4211 tolle
3244 4159 3529 4228 grabatum

1955 4267 2126 4322 tuum,
2167 4264 2221 4309 et
2251 4254 2386 4308 vade
2415 4253 2466 4307 in
2499 4253 2719 4306 domum
2755 4263 2898 4304 tuam
2932 4266 2948 4303 :
2981 4260 3033 4305 et
3063 4251 3245 4304 statim
3271 4251 3529 4319 surrexit,

1952 4358 2007 4404 et
2049 4350 2262 4403 subluto
2300 4337 2524 4416 grabato
2575 4343 2710 4398 abiit
2761 4357 2945 4396 coram
2986 4341 3258 4397 omnibus.
3299 4360 3317 4394 ι
3357 4341 3534 4397 Verbo

1954 4442 2116 4509 igitur
2192 4437 2449 4492 dissoluta
2496 4436 2736 4489 membra
2769 4442 3128 4504 coagmentat.
3164 4444 3219 4489 et
3263 4433 3528 4490 imbecilla

1955 4534 2293 4596 corroborat,
2328 4543 2380 4585 et
2410 4544 2604 4585 nervos
2640 4529 2890 4592 intendit,
2919 4537 2975 4582 et
3019 4527 3108 4597 qui
3157 4528 3308 4598 prius
3340 4526 3534 4584 solutis

1951 4625 2208 4682 membris
2247 4623 2400 4694 quasi
2438 4621 2728 4691 disjnctis
2770 4620 3118 4689 conipagibus
3148 4621 3418 4690 navigium
3444 4619 3531 4688 ja-

1951 4722 2130 4780 cebat,
2183 4733 2213 4772 c
2270 4718 2496 4788 grabato
2535 4716 2790 4777 surrexit,
2818 4723 2870 4765 et
2906 4713 3112 4766 levibus
3148 4713 3376 4765 saltibus
3411 4725 3532 4778 per-

1953 4813 2147 4867 niciter
2177 4808 2508 4871 ambulabat,
2546 4807 2714 4875 gloria
2745 4803 2975 4859 efferens
3001 4819 3120 4857 eum
3155 4803 3243 4871 qui
3280 4809 3534 4870 posuerat

1955 4901 2352 4957 iinmaculatam
2405 4897 2541 4952 viam
2593 4895 2707 4963 ejus
2753 4905 2808 4949 et
2854 4891 3154 4962 perfecerat
3203 4894 3365 4961 pedes
3412 4891 3536 4961 ejus

1960 4993 2113 5065 quasi
2174 5005 2458 5046 cervorum
2503 4989 2572 5042 ".
2626 4985 2749 5041 Haec
2800 5001 2930 5041 vero
2981 5000 3011 5038 a
3065 4981 3334 5052 i’ropheta
3386 4985 3533 5039 dicta

1961 5093 2104 5139 sunt.
2137 5083 2201 5138 Et
2232 5080 2480 5136 fortassis
2521 5081 2622 5134 hoc
2659 5079 2823 5132 etiam
2859 5075 3150 5146 providens
3185 5076 3537 5132 vaticinatum

1959 5187 2044 5231 est
2070 5175 2310 5228 divinum
2354 5171 2630 5227 oraculum
2659 5188 2674 5225 :
2739 5188 2756 5220 ι
2793 5168 2944 5222 Tunc
2977 5168 3132 5224 saliet
3159 5172 3310 5238 quasi
3339 5183 3538 5223 cervus

1963 5268 2122 5338 136
2162 5267 2386 5322 claudus
2429 5267 2495 5319 ⁸⁸.
2535 5282 2553 5316 ι
2591 5263 2697 5320 Sed
2739 5262 2884 5318 enim
2930 5277 3054 5318 cum
3085 5263 3245 5318 talem
3288 5261 3538 5318 habuerit

1670 5383 1717 5415 "
1745 5382 1849 5440 lsa.
1884 5400 2046 5448 xxxv,
2074 5383 2128 5438 6.

1509 5498 1834 5560 Francisci
1870 5496 2084 5562 Scorsi
2120 5504 2303 5558 notae.

341 5603 423 5675 (ὅ)
473 5602 604 5657 Vide
631 5602 755 5655 illos
787 5601 957 5669 fucos.
988 5598 1130 5667 Lege
1172 5597 1425 5654 adnotata
1459 5599 1522 5652 ad
1571 5600 1718 5654 hom.
1750 5616 1848 5666 xu,

265 5676 532 5814 Μὲθῗῗι
561 5743 1215 5814 arguit,ratiocinatioues.
1255 5739 1526 5811 Ἐλέγχων
1564 5739 1692 5805 τοὺς
1738 5741 1853 5795 δια-

269 5811 577 5886 λογισμοὺς
609 5811 814 5882 αὐτῶν,
850 5821 974 5870 sunt
1023 5828 1089 5870 ex
1116 5811 1180 5869 (ὦ.
1613 5851 1621 5854 -

2035 5598 2110 5669 (7)
2142 5598 2374 5669 (largeque
2397 5595 2624 5669 penitus.
2649 5595 2730 5669 ’ζ’-ἁ
2756 5594 2985 5669 είςνούν
3014 5591 3263 5669 ἔσωικαὶ
3289 5591 3538 5663 καρδιῶν

1962 5663 2359 5722 διάλευκαίνων
2398 5663 2624 5736 σαφῶς.
2662 5665 2758 5718 llis
2791 5667 2988 5720 additis
3023 5679 3090 5718 ex
3123 5663 3189 5736 G_.
3225 5678 3282 5736 ιιἐ
3327 5671 3538 5734 quanto

1963 5741 2194 5810 plenior,
2227 5747 2283 5794 et
2317 5731 2529 5810 planior
2557 5751 2781 5805 sensus;
2826 5745 2884 5791 at
2909 5736 3136 5792 deerant
3164 5734 3218 5788 in
3251 5731 3313 5788 P.

2056 5888 2074 5928 Ι
