3974 6200
546 330 657 396 455

1756 328 2140 390 ΤΗΕΟΡΗΑΈ

2246 363 2252 386 ι
2292 330 2633 391 CERAMEI
3682 340 3761 407 456

548 447 755 501 exitum
788 445 890 498 hoc
922 440 1263 506 miraculum,
1295 459 1400 496 nou
1433 452 1617 498 tamen
1665 443 1821 498 ﬁnem
1853 445 2014 497 etiam
2044 458 2140 499 nos

2246 444 2404 497 τοῦτο
2436 443 2695 512 τοιαύτην
2723 442 2904 497 λαϐὼν
2932 440 3033 513 τήν
3056 442 3377 513 περαίωσιν,
3400 444 3496 497 οὐκ
3521 446 3765 517 ἐπιτρέπει

553 541 831 607 imponere
857 535 1091 589 sermoni
1125 534 1423 603 permittit;
1458 537 1553 590 sed
1585 535 1697 588 vult
1735 536 1912 605 potius
1944 546 2001 588 ut
2025 535 2136 600 his,

553 644 671 697 qua:
703 629 958 680 hactenus
992 625 1134 678 dicta
1162 636 1308 689 sunt,
1340 636 1593 695 tanquam
1629 627 1894 680 vestibulo
1922 634 2138 679 utentes

551 718 618 769 ad
669 715 924 768 interiora
979 730 1139 768 sensa
1195 717 1583 785 ingrediantur.
1641 716 1791 781 Quod
1846 716 1889 769 si
1941 716 2138 769 talibus

552 808 889 861 ornamentis
942 808 1193 861 decorata
1267 820 1391 863 sunt
1467 810 1775 879 propylaea,
1835 809 2137 877 cujusmodi

554 901 767 953 tandem
797 900 977 967 templi
1010 900 1304 966 penetralia
1334 916 1453 954 esse
1470 899 1664 955 decet?
1690 901 1767 953 Ad
1798 916 1916 968 quae
1942 915 2137 968 perva-

552 992 681 1045 dere
733 990 843 1045 Deo
894 991 1140 1059 adjutore
1195 992 1539 1046 conabimur.
1591 990 1702 1046 Hoc
1747 992 2000 1062 oppidum
2050 992 2136 1045 ubi

555 1086 925 1152 suprailictum
958 1084 1173 1153 signum
1201 1093 1283 1138 est
1307 1083 1530 1150 factum,
1567 1084 1816 1153 quodque
1846 1085 2137 1138 secundum

557 1177 870 1231 Matthzeum
912 1174 987 1245 (8)
1018 1175 1212 1229 civitas
1241 1173 1394 1239 Jesu,
1428 1177 1719 1228 secundum
1752 1174 1989 1229 Marcum
2027 1174 2134 1228 Ca-

558 1271 854 1338 pharnanm
899 1268 1129 1333 dicitur,
1179 1277 1337 1320 terra:
1385 1267 1542 1335 hujus
1588 1266 1849 1320 ambitum
1938 1266 2137 1335 signat.

553 1361 685 1427 Quae
739 1361 953 1430 quidem
993 1360 1188 1413 civitas
1243 1356 1366 1412 Jesn
1402 1369 1645 1424 vocatur,
1690 1367 1873 1424 utpote
1934 1371 2141 1412 natura:

557 1463 755 1507 nostra:
784 1468 848 1521 pa
860 1451 1085 1520 rticipis,
1104 1459 1157 1504 et
1182 1451 1275 1518 qui
1299 1451 1511 1518 derupto
1538 1461 1778 1519 peccato,
1804 1464 2140 1503 communem

560 1545 838 1599 nobiscum
881 1543 1002 1595 iniit
1054 1542 1266 1596 vivendi
1306 1543 1590 1594 rationem.
1644 1542 1821 1609 Ipsam
1864 1555 1989 1594 vero
2037 1542 2142 1595 Ca-

556 1638 851 1706 pharnaum
904 1635 1353 1689 reconciliationis
1402 1635 1479 1703 (9)
1539 1633 1786 1702 Oppidum
1818 1633 2005 1689 Grieca
2038 1633 2141 1688 lin-

556 1746 655 1799 gua
712 1730 1054 1798 interpretari
1107 1743 1420 1797 possumus,
1450 1743 1571 1796 qum
1600 1729 1875 1781 Christum
1930 1732 1994 1781 ad
2046 1742 2142 1781 no-

558 1798 727 1874 stram
764 1819 1256 1874 reconciliationem
1305 1821 1609 1872 venientem
1646 1819 1898 1887 excepit,
1940 1819 2008 1874 de
2037 1835 2143 1888 quo
2178 1798 2215 1851 Β

559 1912 700 1966 lilius
745 1912 967 1965 touitrui
1020 1911 1149 1965 dicit
1203 1928 1215 1965 :
1256 1928 1274 1961 ι
1310 1912 1643 1964 Advocatum
1696 1910 1956 1966 habemus
2003 1911 2143 1981 apud

557 2004 773 2059 Patrem
804 2002 987 2057 Jesum
1018 2003 1292 2058 Christum
1317 2001 1525 2069 justum
1550 2004 1618 2056 ⁵⁷.
1657 2021 1676 2054 ι

633 2096 792 2152 Venit
816 2098 978 2166 igitur
994 2098 1098 2152 huc
1120 2096 1378 2150 Dominus
1402 2111 1631 2165 corpore
1647 2112 1775 2153 usus
1803 2097 1879 2152 uti
1907 2099 2141 2169 navigio;

556 2200 612 2245 et
646 2190 791 2243 venit
821 2188 1044 2244 omnino
1074 2189 1139 2242 ad
1187 2192 1434 2243 humana:
1475 2199 1682 2244 natura:
1718 2188 1828 2257 jam
1872 2192 2146 2247 dissoluta:

552 2281 785 2336 salutem
835 2298 849 2335 :
884 2295 1005 2350 quae
1041 2294 1174 2335 sane
1210 2279 1503 2347 aliquando
1540 2282 1805 2348 spirituali
1840 2282 2145 2337 valetudine

558 2376 829 2440 utebatur,
857 2389 977 2427 cum
1011 2374 1177 2427 animi
1218 2382 1395 2427 motus
1427 2374 1493 2427 ad
1521 2374 1774 2427 virtutem
1804 2375 1959 2443 quasi
1992 2376 2143 2430 nervi

558 2468 748 2523 intenti
812 2476 1002 2531 erant,
1059 2476 1113 2521 et
1166 2476 1313 2519 recte
1382 2465 1693 2535 integreque
1740 2476 1796 2521 et
1845 2467 2142 2523 secundum

560 2569 807 2614 naturam
844 2560 1134 2612 habebant.
1167 2557 1269 2612 Ubi
1310 2574 1438 2612 vero
1469 2559 1922 2628 concupiscentia:
1967 2571 2146 2615 motus

559 2652 867 2706 dominatus
897 2661 977 2705 est
1008 2654 1240 2716 caeteris,
1270 2664 1323 2707 et
1363 2654 1649 2707 exsatiavit
1696 2652 2005 2722 ingluviem,
2035 2664 2089 2707 et
2114 2668 2146 2708 e

558 2751 706 2807 statu
743 2741 1070 2796 valetudinis
1098 2742 1320 2807 excidit,
1354 2741 1498 2797 hanc
1546 2742 1863 2797 morborum
1919 2744 2142 2798 mortis-

560 2850 666 2904 que
737 2834 1010 2903 rcgionem
1076 2834 1311 2888 obtinuit
1362 2844 1416 2889 et
1474 2835 1897 2890 sollicitudinum
1952 2852 2143 2907 quam-

560 2925 683 2979 dam
718 2924 1079 2977 colluvionctn
1135 2924 1199 2975 ad
1261 2938 1321 2978 se
1374 2926 1761 2995 congregavit:
1800 2925 1941 2981 unde
1973 2943 2143 2996 aegro-

562 3025 679 3070 tare
732 3015 915 3084 cmpit,
961 3024 1016 3069 et
1067 3015 1133 3066 ad
1185 3016 1487 3069 exercenda
1541 3017 1761 3072 virtutis
1818 3016 1993 3072 oﬂicia
2059 3034 2143 3073 re-

560 3107 757 3161 missos
808 3116 955 3160 artus
1006 3108 1227 3162 habere.
1279 3108 1353 3161 Ita
1390 3108 1442 3160 in
1477 3108 1685 3163 inertia:
1710 3110 1939 3180 grabato
1976 3112 2137 3166 decu-
2168 3147 2212 3209 Ο

562 3196 712 3263 buit;
736 3209 786 3251 et
809 3216 836 3250 a
868 3208 1103 3267 quatuor
1130 3199 1466 3268 portabatur,
1494 3201 1597 3255 hoc
1628 3211 1711 3255 est
1738 3210 1989 3256 naturain
2013 3219 2144 3257 con-

561 3290 912 3345 stituentibus
939 3289 1244 3345 elementis.
1291 3291 1450 3345 Venit
1506 3293 1677 3364 igitur
1726 3294 2143 3363 benignissimus

561 3379 825 3437 Dominus
854 3381 908 3436 in
947 3381 1086 3437 hanc
1121 3394 1341 3447 terram,
1376 3384 1519 3438 velut
1548 3384 1601 3439 in
1628 3385 1901 3442 civitatem
1938 3402 2088 3443 suam
2125 3403 2140 3441 :

564 3486 742 3541 neque
779 3473 929 3527 enim
961 3473 1015 3527 in
1042 3474 1218 3529 alieno
1250 3484 1411 3531 natus
1450 3484 1531 3529 est
1566 3477 1788 3542 mundo,
1834 3476 1930 3533 sed
1962 3478 2015 3531 iu
2054 3493 2141 3545 eo,

560 3581 722 3636 quem
757 3564 1053 3619 fabricatus
1102 3576 1188 3621 est
1220 3565 1335 3635 ipse
1385 3583 1400 3619 :
1462 3585 1481 3618 ι
1521 3566 1589 3622 Ει
1625 3569 1676 3622 in
1709 3571 1925 3639 propria
1974 3571 2138 3635 venit,

561 3657 738 3725 inquit
784 3657 1041 3721 Joannes,
1096 3665 1149 3711 et
1194 3656 1276 3710 sui
1321 3672 1442 3710 eum
1499 3674 1602 3711 non
1660 3672 1982 3728 receperunt
2010 3661 2077 3715 ⁸⁸.
2116 3680 2135 3714 ι

559 3749 719 3806 Venit
749 3750 1072 3818 praedicans,
1107 3750 1262 3820 juxta
1300 3746 1491 3803 Isaiam
1523 3750 1568 3782 "
1598 3752 1831 3821 captivis
1873 3753 2143 3810 remissio-

562 3858 687 3896 nem
738 3849 1105 3911 peCCatorunt,
1138 3853 1192 3896 et
1238 3856 1436 3897 sanare
1482 3845 1771 3907 contritus,
1817 3854 1927 3898 ttntt
1962 3848 2139 3915 quoad

561 3934 830 4002 corporis,
865 3943 975 3987 tum
1006 3934 1184 4002 quoad
1214 3935 1409 3988 anima:
1434 3936 1673 3990 membra
1697 3954 1710 3991 :
1731 3938 1972 3992 concinit
1996 3939 2137 3993 enim

560 4024 788 4079 historia
821 4041 941 4077 cum
980 4026 1261 4094 prophetia
1314 4027 1616 4096 juhensque
1655 4030 1943 4084 humanam
1985 4041 2143 4085 nate-

561 4130 675 4169 ram
707 4131 801 4183 per
834 4128 1183 4184 peccatorum
1215 4120 1613 4183 remissionem,
1659 4124 2141 4193 purgationemque

559 4206 810 4262 vitiorum
844 4208 956 4278 (ιο)
997 4226 1027 4264 a
1071 4210 1220 4280 lapsu
1259 4227 1564 4281 resurgere,
1605 4225 1660 4267 et
1695 4230 1919 4283 propere
1949 4218 2141 4273 vadere

562 4297 615 4351 in
640 4298 855 4353 dommn
884 4316 1060 4367 suam,
1103 4304 1203 4357 hoc
1230 4314 1334 4367 est,
1376 4304 1533 4374 137
1569 4307 1621 4358 in
1656 4307 1964 4374 paradisum
2003 4309 2142 4363 unde

564 4388 859 4444 deciderat.
886 4391 1061 4459 Atque
1094 4393 1167 4447 ita
1200 4395 1413 4463 quidem
1445 4397 1673 4468 historia
1699 4398 1863 4452 totius
1890 4399 2140 4453 humana:

2244 536 2342 590 xui.
2380 537 2533 604 ἡμᾶς
2575 536 2671 602 τῆς
2726 533 3082 597 διδασκαλίας
3119 533 3299 587 δοῦναι
3343 535 3635 602 τελείωσιν,
3676 541 3766 595 ἀλλ’

2239 627 2315 690 ῶς
2349 626 2712 696 προπυλαίοις
2754 629 2868 689 τοῖς
2914 626 3262 695 λελεγμένοις
3312 627 3610 695 χρήσασθαι
3659 633 3767 701 πρὸς

2243 716 2341 785 τὴν
2392 716 2500 768 τῶν
2544 716 2837 784 νοημάτων
2877 715 3201 768 είσέλευσιν.
3249 716 3309 766 Ei
3344 716 3399 767 δέ
3442 734 3519 769 τοι
3549 721 3768 786 τοιούτοις

2245 809 2312 859 τὰ
2350 807 2671 877 προπύλαια
2702 806 3132 871 καλλωπίζεται,
3170 807 3293 859 τίνα
3333 807 3399 859 ἂν
3423 803 3529 860 εἶεν
3557 812 3617 862 τὰ
3652 811 3768 865 ἔνδον

2242 898 2549 968 ἀνάκτορα;
2588 894 2670 960 οἷς
2721 898 2981 966 ἐπιϐῆναι
3024 898 3122 949 σὺν
3164 896 3283 967 Θεῷ
3314 899 3683 967 πειρασόμεθα.
3717 903 3769 956 Ἦ

2242 991 2405 1061 κώμη
2433 992 2573 1060 αὕτη
2611 995 2668 1044 ἐν
2781 991 2843 1043 τὸ
2899 991 3064 1060 ῥηθὲν
3108 994 3336 1060 σημεῖον
3382 991 3621 1059 ἐγένετο,
3658 997 3769 1048 κατὰ

2245 1084 2341 1153 μὲν
2387 1083 2478 1135 τὸν
2526 1083 2807 1137 Ματθαῖον
2860 1084 3014 1145 πόλις
3065 1082 3161 1135 τοῦ
3211 1082 3387 1149 Ἰησοῦ
3416 1123 3430 1147 ,
3457 1085 3588 1140 κατὰ
3618 1086 3665 1138 δὲ
3696 1088 3770 1141 τὸν

2243 1175 2386 1228 θεῖον
2415 1175 2664 1244 Μάρκον,
2694 1176 3094 1245 Καπερναοῦμ,
3131 1174 3229 1245 τὴν
3268 1177 3538 1245 περίγειον
3566 1178 3773 1247 λῆξινεί-

2244 1267 2482 1333 κόνιζεν,
2513 1269 2637 1339 ἥτις
2663 1266 2819 1331 πόλις
2850 1268 2949 1338 μὲν
2984 1268 3204 1335 λέγεται
3232 1268 3328 1321 τοῦ
3377 1268 3567 1335 Ἰησοῦ,
3604 1270 3668 1334 ὡς
3694 1271 3771 1341 τῆς

2244 1360 2462 1429 φύσεως
2492 1361 2654 1431 ήμῶν
2683 1363 3138 1430 κοινωνήσαντας,
3195 1361 3292 1413 καὶ
3338 1362 3501 1429 χωρὶς
3546 1362 3772 1433 ἁμαρτίας

2245 1453 2731 1525 συμμετασχόντες
2764 1456 2897 1525 ἡμῖν
2931 1453 3026 1507 τοῦ
3056 1454 3224 1507 αὑτοῦ
3274 1454 3669 1524 πολιτεύματος.
3722 1457 3771 1509 Ἦ

2244 1547 2384 1618 αὑτὴ
2441 1546 2500 1601 δὲ
2554 1547 2930 1618 Καπερναοὺμ
3006 1547 3104 1601 καὶ
3155 1547 3321 1616 κώμη
3383 1547 3772 1616 παρακλήσεως

2245 1638 2614 1710 ἑρμηνεύεται
2670 1642 2736 1709 τῇ
2796 1638 3006 1692 Ἐλλάδι
3060 1642 3237 1709 φωνῇ,
3280 1639 3314 1708 ἢ
3349 1638 3558 1703 ἐδέξατο
3601 1640 3678 1692 τὸν
3711 1643 3773 1705 είς

2246 1729 2600 1800 παράκλησιν
2648 1729 2810 1800 ήμῶν
2861 1730 3252 1800 εἰσεληλυθότα
3297 1731 3548 1801 Χριστὸν,
3586 1733 3694 1803 περὶ
3724 1727 3772 1785 οῦ

2247 1838 2411 1890 φησιν
2450 1822 2478 1873 ό
2510 1820 2627 1884 υίὸς
2657 1821 2756 1890 τῆς
2798 1821 3030 1892 βροντῆς
3068 1839 3082 1853 ·
3141 1840 3161 1873 (
3198 1823 3443 1894 Ἐχομεν
3472 1824 3772 1894 παράκλητον

2247 1912 2383 1983 πρὸς
2418 1914 2510 1966 τὸν
2541 1913 2765 1984 Πατέρα
2797 1913 3010 1983 Ἰησοῦν
3040 1914 3132 1967 τὸν
3160 1916 3401 1985 Χριστὸν
3430 1917 3642 1972 δίκαιον.
3679 1937 3695 1969 ι

2316 2088 2462 2146 Ἧκε
2510 2094 2693 2147 τοίνυν
2744 2095 2982 2149 ἐνταῦθα
3024 2097 3054 2150 ό
3107 2095 3322 2167 Κύριος
3372 2098 3450 2168 τῷ
3494 2099 3680 2170 σώματι
3714 2100 3822 2163 ὡςκ

2248 2185 2419 2254 πλοίῳ
2448 2188 2796 2258 χρησάμενος
2830 2204 2844 2218 ⁸
2875 2183 2978 2260 ἦκε
3003 2188 3060 2242 δὲ
3088 2189 3314 2254 πάντως
3341 2192 3435 2243 ἐπὶ
3468 2192 3683 2262 σωτηρίᾳ
3695 2190 3773 2260 τῆς

2249 2284 2595 2354 παρειμένης
2645 2286 2756 2338 τῶν
2805 2285 3125 2354 εὰνθρὼπων
3178 2288 3421 2357 φύσεως,
3481 2290 3592 2359 ἥτις
3632 2285 3689 2360 ἦν
3728 2290 3771 2341 ἐν

2249 2376 2407 2449 ὑγεία
2441 2378 2570 2430 ποτὲ
2596 2381 2784 2447 νοητῇ,
2817 2373 2930 2432 οἷον
2959 2379 3070 2433 τῶν
3102 2382 3321 2450 νεύρων
3363 2381 3467 2434 τῶν
3513 2383 3601 2452 τῆς
3632 2382 3774 2451 ψυχῆς

2248 2469 2334 2522 ἐπ’
2390 2470 2597 2541 ἀρετῆς
2653 2473 2976 2541 κινημάτων
3029 2473 3201 2541 ὑγιῶς
3289 2477 3382 2528 καὶ
3456 2476 3588 2528 κατά
3646 2475 3775 2543 φύσιν

2250 2563 2512 2631 ἑχόντων.
2564 2563 2720 2616 Ἐπεὶ
2759 2564 2841 2629 δὲ,
2882 2564 2976 2618 τοῦ
3033 2566 3444 2636 ἐπιθυμητικοῦ
3496 2567 3596 2620 τῶν
3636 2566 3778 2621 ἄλλων

2248 2655 2651 2727 κρατήσαντος,
2688 2657 2788 2725 τῆς
2825 2656 3164 2727 λαιμαργίας
3194 2658 3527 2729 ἐνεφορήθη,
3578 2659 3659 2710 καὶ
3701 2657 3775 2725 τῆς

2247 2747 2437 2813 ὑγείας
2463 2746 2716 2814 ἐξέπεσε,
2766 2748 2830 2801 τὸ
2877 2749 3112 2813 νοσῶδες
3143 2749 3316 2803 τοῦτο
3341 2750 3530 2821 χωρίον
3575 2748 3657 2802 καὶ
3683 2750 3777 2800 ὲπι-

2247 2840 2501 2895 θανάτιον
2563 2840 2923 2911 ἐκληρώσατο
2948 2881 2963 2905 ,
3015 2842 3327 2910 φροντίδων
3385 2845 3601 2912 φορυτόν
3641 2842 3775 2910 ἑαυτῇ

2248 2934 2671 3006 συναγείρουσα,
2712 2935 2782 2988 δι’
2816 2933 2891 2990 ῶν
2943 2938 3208 3008 κλινήρης
3241 2938 3481 3007 ἐγένετο,
3525 2937 3779 3009 παρεθεῐσα

2246 3024 2316 3076 τὰ
2357 3023 2496 3093 μέλη
2532 3024 2635 3093 τῆς
2672 3026 2793 3077 κατ’
2827 3026 3033 3096 ἀρετὴν
3066 3027 3363 3095 ἐργασίας.
3409 3029 3492 3080 Ἐν
3518 3028 3570 3079 δὲ
3595 3026 3664 3097 τῷ
3699 3028 3779 3095 τῆς

2247 3117 2527 3186 ἀπραξίας
2567 3117 2832 3186 ἐϐέϐλητο
2877 3117 3164 3188 σκίμποδι,
3203 3119 3322 3172 ὑπὸ
3361 3121 3626 3191 τεσσάρων
3659 3118 3779 3187 atpo-

2250 3207 2411 3278 μένη,
2443 3207 2553 3261 τῶν
2573 3208 2914 3263 συστατικῶν
2935 3210 3141 3281 δηλαδὴ
3165 3212 3455 3282 στοιχείων
3470 3212 3560 3281 τῆς
3580 3210 3777 3279 φύσεως.

2243 3295 2450 3353 *Ηλθεν
2481 3300 2574 3355 οῦν
2606 3304 2633 3356 ό
2673 3302 2993 3373 πανάγαθος
3026 3305 3314 3375 Δεσπότης
3364 3307 3443 3370 είς
3488 3306 3610 3358 ίδίαν
3651 3302 3776 3356 πόλιν

2244 3392 2345 3463 τὴν
2372 3393 2499 3463 γῆν.
2551 3394 2625 3448 Οὐ
2675 3395 2788 3465 γὰρ
2833 3397 2892 3449 ἐν
2934 3395 3212 3468 ἀλλοτρίῳ
3244 3398 3435 3465 γέγονε
3464 3398 3655 3466 κόσμῳ,
3684 3394 3774 3448 ἀλλ’

2242 3484 2304 3540 ὃν
2332 3486 2497 3550 αὐτὸς
2526 3489 2926 3559 συνεστήσατο.
2971 3507 2989 3540 ι
3033 3490 3146 3542 Καὶ
3180 3492 3263 3553 είς
3294 3491 3363 3544 τὰ
3393 3491 3497 3544 ἴδια
3529 3486 3691 3561 ἦλθεν,
3716 3488 3776 3551 ὥς

2247 3593 2416 3646 φησιν
2456 3576 2730 3647 Ἰωάννης,
2769 3578 2867 3631 καὶ
2899 3580 2949 3631 οἱ
2984 3580 3110 3633 ἴδιοι
3146 3581 3321 3633 αὐτὸν
3358 3582 3459 3634 οὐκ
3487 3580 3726 3646 ἐδέξαντο.
3756 3597 3770 3629 ι

2242 3666 2417 3724 Ἦλθε
2479 3671 2741 3743 κηρύξαι,
2803 3672 2949 3727 κατὰ
3010 3674 3102 3727 τὸν
3147 3674 3405 3741 Ἡσαΐαν,
3455 3672 3775 3745 αἰχμαλώτοις

2242 3763 2531 3834 ἁμαρτιῶν
2571 3764 2789 3833 ἄφεσιν,
2827 3766 2923 3819 καὶ
2955 3764 3217 3820 ἰάσασθαι
3261 3767 3389 3830 τοὺς
3426 3764 3777 3835 συντετριμμέ-

2241 3875 2366 3922 νους
2392 3860 2463 3914 τά
2490 3878 2552 3914 τε
2580 3862 2872 3931 σωματικὰ
2919 3863 3059 3935 μέλη
3109 3867 3206 3919 καὶ
3233 3866 3303 3919 τὰ
3345 3866 3545 3937 ψυχικά
3574 3862 3771 3935 (συνᾴδει

2241 3949 2352 4019 γὰρ
2389 3950 2422 4020 ἠ
2479 3950 2692 4021 ἱστορία
2740 3954 2806 4024 τῇ
2851 3956 3185 4026 προφητείᾳ)
3238 3972 3255 3987 '
3305 3959 3403 4011 xui.
3448 3958 3530 4010 διὰ
3574 3959 3661 4024 τῆς
3688 3952 3773 4005 τῶν

2242 4042 2531 4111 ἁμαρτιῶν
2557 4044 2809 4113 ἀφέσεως
2857 4048 2951 4099 καὶ
2980 4048 3079 4117 τῆς
3110 4049 3221 4101 τῶν
3259 4051 3575 4120 νοσημάτων
3600 4045 3772 4113 καθάρ-

2246 4152 2386 4197 σεως
2421 4134 2625 4189 πείθων
2676 4137 2778 4208 τὴν
2816 4137 2981 4207 φύσιν
3014 4139 3124 4191 τῶν
3171 4140 3478 4209 ἀνθρώπων
3518 4138 3772 4206 ἀναστῆναι

2242 4226 2338 4280 τοῦ
2397 4228 2730 4297 πτώματος,
2786 4231 2881 4285 καὶ
2923 4230 3165 4302 βαδίζειν
3212 4233 3383 4297 ὀξέως
3409 4234 3487 4294 είς
3528 4230 3611 4282 τὸν
3653 4224 3772 4279 οἷκον

2243 4318 2418 4389 αὐτῆς
2448 4318 2541 4374 τὸν
2576 4320 2913 4389 παράδεισον
2939 4320 2999 4387 ἐξ
3030 4318 3203 4393 οὗπερ
3238 4322 3605 4376 ἐκπέπτωκεν.
3647 4314 3773 4370 Οὕτω

2248 4410 2349 4481 μὲν
2371 4410 2470 4481 τὴν
2504 4410 2784 4482 σωτηρίαν
2805 4414 2838 4482 ή
2866 4414 3081 4485 ἱστορία
3112 4418 3213 4484 τῆς
3238 4415 3369 4485 ὅλης
3394 4414 3497 4467 τῶν
3514 4413 3772 4482 ὰ,ορώπων

564 4486 770 4533 naturae
798 4481 1028 4535 salutem
1061 4484 1369 4550 adumbrat,
1394 4489 1534 4543 nihil
1560 4505 1688 4544 vero
1723 4492 1970 4560 impedit,
2001 4506 2140 4560 quo-

2248 4500 2549 4556 αἰνίττεται
2581 4481 3065 4571 φύσεωςξΚωλῦει
3091 4506 3149 4558 δὲ
3169 4481 3336 4559 οὐδὲν
3368 4506 3459 4558 καὶ
3484 4506 3557 4567 εἰς
3583 4481 3772 4559 ἑαυτοὺς

565 4566 746 4625 minus
774 4570 841 4625 ad
871 4571 1111 4643 singulos
1145 4584 1388 4631 nostrqu
1416 4596 1535 4633 eam
1568 4584 1936 4638 traducamus.
1970 4582 2139 4640 Para-

562 4659 760 4733 lyticus
821 4666 966 4720 enim
1013 4678 1098 4723 est
1141 4670 1513 4741 unusquisque
1564 4686 1843 4741 nostrum,
1896 4692 2019 4732 cum
2082 4679 2134 4733 in

559 4761 924 4830 exsequendis
1000 4763 1270 4819 mandatis
1331 4766 1618 4821 remissum
1659 4769 1901 4823 animum
1952 4772 2133 4840 gerit:

633 4918 683 4950 ⁸⁷
703 4916 858 4976 Joan.
890 4935 950 4986 ιι,
981 4922 1033 4976 1.
1108 4921 1156 4955 ⁸⁸
1178 4920 1333 4978 Joan.
1372 4939 1411 4990 ι,
1452 4924 1539 4979 11.
1616 4925 1659 4957 ⁸³
1690 4926 1791 4982 lsa.
1827 4942 1936 4993 ut,
1963 4929 2019 4983 9..

2247 4590 2453 4663 ταύτην
2493 4596 2850 4663 μεταγαγεῖν.
2888 4596 3204 4668 Παράλυτος
3239 4602 3349 4669 γάρ
3396 4602 3537 4651 ἐστιν
3582 4596 3771 4649 ἕκαστος

2247 4682 2403 4751 ήμῶν
2434 4686 2501 4753 τῇ
2538 4685 2646 4737 τῶν
2676 4685 2911 4740 ἐντολῶν
2957 4687 3205 4760 ἀπραξία
3247 4690 3341 4743 τὸν
3374 4687 3497 4741 νοῦν
3529 4681 3768 4755 παρεθεὶς.

2244 4774 2342 4828 καὶ
2376 4776 2471 4829 ἐπὶ
2504 4776 2601 4834 τοῦ
2651 4778 2752 4849 τῆς
2797 4778 3163 4851 ἀναισθησίας
3200 4784 3456 4852 κείμενος
3492 4776 3766 4849 σκίμποδος.

1790 5068 2117 5132 Francisci
2148 5072 2360 5135 Scorsi
2390 5082 2578 5139 notaa.

636 5206 718 5294 (82
756 5206 1050 5294 §ecundu3n
1074 5212 1423 5294 Alottha’unt.
1454 5219 1516 5273 C.
1553 5220 1610 5273 l’.
1747 5223 1885 5276 and
1918 5224 2015 5294 μὲν
2048 5226 2141 5280 τὸν

562 5279 863 5361 ἒῙατιθαῖον,
930 5282 1025 5335 καὶ
1074 5283 1311 5361 Μάρκον,
1362 5290 1737 5361 Καπερναούμ
1796 5312 1809 5346 :
1849 5279 1943 5347 sed
1994 5279 2139 5349 illam

562 5350 623 5403 S.
646 5350 940 5433 .Matthaaus
974 5350 1240 5433 cXpresse
1276 5350 1656 5433 Capharnaunt
1699 5350 1825 5416 'non
1883 5366 2139 5433 appellat,

563 5420 660 5499 sed
708 5421 982 5474 civitatem
1040 5423 1267 5499 Christi,
1302 5420 1484 5481 verior
1520 5439 1574 5482 et
1612 5420 1931 5499 scriptura:
1956 5420 2015 5487 et
2052 5420 2141 5491 res

564 5490 767 5573 ipsa_i_-t
802 5507 963 5573 vat-[ax
996 5495 1238 5573 auctoris
1271 5511 1450 5573 scroto
1483 5514 1544 5573 εξ
1579 5516 1628 5553 c.
1665 5490 1739 5556 ϐξ
1772 5502 1835 5573 fl!
1873 5490 2015 5555 κατὰ
2044 5490 2141 5573 μὲν

562 5560 653 5636 τόν
682 5561 961 5636 Ματθαξον
1015 5562 1188 5636 ’πόλιςΔ
1228 5565 1321 5617 τοῦ
1365 5566 1565 5636 Ἰησοῦ,
1592 5574 1735 5624 κατὰ
1764 5570 1822 5625 δὲ
1850 5574 1943 5625 τὸν
1998 5560 2141 5627 θεῖον

564 5629 789 5697 Μάρκον
862 5633 1261 5710 Καηπερναούμ.
1332 5629 1567 5694 Consule
1651 5658 1771 5710 qua:
1819 5643 1963 5697 dicta
2012 5655 2141 5698 sunt

563 5715 723 5761 Supra
760 5709 871 5755 not.
902 5703 991 5758 00.

635 5767 709 5836 (9)
769 5768 1251 5831 Reconciliationis.
1315 5778 1693 5850 Καπερναοὶιμ
1750 5782 1867 5839 sine
1924 5783 2134 5852 aspira-

2245 5229 2389 5284 tione
2432 5231 2617 5305 Graaci
2660 5234 2869 5299 dicunt,
2903 5251 3062 5303 quam
3093 5236 3322 5291 Latinus
3367 5234 3577 5305 apponit
3625 5231 3765 5285 inter-

2244 5315 2389 5366 pres,
2424 5302 2959 5375 cumCapharnaum
3020 5312 3198 5372 vertit,
3252 5319 3306 5360 et
3356 5302 3644 5375 pra-terrae
3676 5305 3765 5375 inut

2244 5383 2438 5447 ttitttat.
2489 5367 2752 5447 Hebraice
2789 5385 3014 5437 enim:
3056 5367 3412 5447 compositum
3458 5395 3485 5429 a
3519 5367 3764 5446 153mm!

2245 5439 2450 5505 Villam,
2487 5446 2813 5515 sentinuut,
2842 5464 2935 5499 seu
2973 5439 3193 5515 agrum;
3216 5458 3270 5501 et
3309 5459 3418 5508 cn:
3455 5449 3587 5515 quod
3627 5440 3765 5510 pumi-

2243 5516 2355 5563 lcrc
2378 5521 2429 5563 et
2461 5514 2739 5585 pwnitudo
2768 5519 2988 5570 mutatis
3016 5514 3255 5585 punctis,
3284 5531 3446 5585 atque
3474 5514 3606 5568 adeo
3629 5514 3761 5563 ctiam

2246 5584 2630 5658 reconciliatio,
2655 5595 2811 5658 prout
2836 5584 3029 5642 noster,
3048 5584 3455 5658 interpretatum
3483 5585 3585 5658 vul_t

2317 5649 2428 5719 (l0)
2462 5649 2944 5726 l’urguiionemque
2970 5649 3235 5713 vitiorum.
3261 5657 3373 5713 Καὶ
3394 5658 3485 5726 τῆς
3510 5656 3607 5707 τῶν
3634 5662 3763 5715 vim]-

2245 5718 2432 5787 μάτων
2484 5718 2807 5793 καθάρσεως
2838 5718 2902 5782 ex
2935 5744 2985 5783 c.
3017 5728 3082 5785 G.
