3974 6200
488 322 602 388 659

1704 316 2115 381 THEOPHAN
2126 316 2197 375 IS
2233 314 2573 376 CERAMEI

3622 313 3708 378 ιω

494 450 618 493 mus
647 434 811 506 igitur
836 446 1054 504 operam
1083 470 1100 497 ,
1145 440 1204 486 ut
1232 445 1562 488 coronemur
1595 448 1784 490 omnes
1809 453 1821 488 :
1853 433 2074 503 praecla-

2179 447 2282 492 σις.
2317 428 2526 491 Πάντες
2547 426 2644 480 οὖν
2668 428 2986 496 στεφανῖται
3014 424 3301 494 γενώμεθα
3325 442 3339 457 ο
3370 426 3561 491 πάντες
3584 432 3713 501 νική-

494 543 612 582 ram
643 538 873 590 omnes,
909 532 966 577 ct
1015 522 1231 576 invidia:
1290 538 1397 578 non
1450 523 1739 578 obnoxiam
1789 522 2072 577 victoriam

491 627 850 687 reponemus.
884 613 980 669 llic
1007 615 1227 684 quidem
1280 614 1451 669 alium
1500 615 1849 670 continentia:
1896 615 2074 669 inten-

498 712 644 764 tione
676 707 949 780 prmi-edat
980 746 996 771 ,
1042 708 1194 762 tenui
1227 710 1368 762 victu
1401 710 1649 778 corporis
1706 724 1940 762 massam
1977 708 2072 761 eli-

493 802 669 865 dens;
720 800 811 854 hic
864 816 993 853 vero
1044 800 1259 855 abunde
1305 802 1701 870 suppeditanda
1750 799 2075 868 pauperibus

492 891 634 961 stipe
660 890 935 961 praecellat
962 907 977 957 ;
1010 907 1073 945 ac
1099 907 1157 946 se
1186 891 1307 947 oleo
1337 889 1729 946 miserit-ordia:
1762 888 2072 943 nitidiorem

502 983 715 1037 reddat.
745 982 902 1037 Alius
928 993 1221 1053 peccantes
1250 983 1303 1036 itt
1339 998 1397 1036 se
1426 998 1620 1052 magno
1652 982 1834 1037 animo
1860 984 2075 1047 toleret,

493 1074 682 1129 ethoc
729 1072 892 1129 modo
924 1076 1216 1145 propitium
1263 1076 1364 1131 sibi
1415 1075 1517 1145 ipsi
1571 1075 1857 1130 Dominum
1890 1075 2073 1130 faciat.

499 1168 703 1222 Omnes
750 1183 770 1219 t
835 1177 895 1222 ut
949 1168 1003 1222 in
1037 1168 1123 1221 die
1167 1167 1394 1222 honeste
1436 1167 1803 1231 ambulemus,
1841 1187 1860 1219 ι
1923 1168 2074 1237 juxta

500 1257 746 1328 Apostoli
785 1258 987 1313 dictum
1021 1257 1091 1313 ”.
1126 1255 1282 1312 Nunc
1309 1258 1452 1312 enim
1481 1258 1685 1312 animis
1715 1258 1919 1314 nostris
1954 1258 2077 1312 illu—

498 1347 667 1403 eescit
724 1348 881 1412 dies,
935 1348 1025 1417 qui
1089 1360 1299 1404 noctem
1328 1349 1795 1418 perturbationum
1846 1366 1875 1402 a
1922 1348 2078 1403 nobis

500 1447 771 1492 atnoveat.
821 1436 973 1491 Nunc
1025 1452 1178 1493 mens
1228 1454 1323 1507 per
1361 1438 1630 1509 jejunium
1665 1437 1964 1494 illuminata
2022 1440 2074 1494 in

502 1531 674 1583 lucem
724 1527 1115 1597 intelligibiletn
1174 1529 1321 1583 clare
1368 1530 1531 1599 ﬁgere
1582 1532 1829 1586 obtutum
1877 1538 2074 1601 potest,

502 1634 765 1673 coercens
796 1619 923 1673 hinc
952 1618 1196 1688 corporis
1220 1620 1479 1690 impetus,
1502 1622 1724 1687 Spiritus
1753 1621 1877 1676 inde
1895 1620 2077 1691 splen-

502 1706 661 1759 dores
708 1706 1033 1775 excipiens;
1087 1715 1140 1761 et
1188 1708 1442 1761 ardorem
1487 1708 1706 1778 quidem
1742 1710 2075 1781 voluptatum

500 1793 895 1861 exstinguetts,
952 1797 1201 1848 ardorem
1266 1809 1397 1849 vero
1441 1798 1702 1852 virtutum
1759 1777 2153 1856 incendens.B

503 1882 577 1937 lta
604 1883 868 1954 jejunium
919 1886 1103 1941 omnia
1131 1887 1287 1942 nobis
1314 1888 1453 1942 bona
1482 1889 1755 1944 conciliat.
1785 1890 1898 1960 Age
1928 1908 2077 1962 ergo,

504 1975 624 2045 ejus
665 1975 838 2029 innixi
889 1978 1085 2032 virtute
1121 1977 1457 2033 Salvatorem
1492 1981 2079 2052 andiamusjubentetu

504 2079 695 2122 omnes
733 2068 949 2122 concito
983 2084 1142 2124 cursu
1172 2085 1231 2125 se
1266 2070 1549 2141 subsequi.

580 2188 599 2221 ι
639 2169 787 2224 Dixit
815 2169 1112 2226 Dominus:
1150 2171 1207 2226 Si
1238 2173 1361 2242 quis
1383 2175 1497 2228 vult
1529 2188 1614 2230 me
1644 2176 1822 2247 sequi,
1852 2178 2082 2249 deneget

502 2262 855 2333 semetipsum
880 2305 895 2330 ,
944 2276 998 2319 et
1039 2264 1189 2319 tollat
1222 2280 1438 2322 crucem
1471 2283 1623 2323 suam
1651 2307 1668 2332 ,
1718 2280 1772 2324 et
1819 2284 2082 2338 sequatur

506 2371 613 2410 me.
678 2375 699 2410 ι
756 2355 1051 2426 Postquam
1119 2356 1371 2415 Salvator
1421 2372 1606 2417 nosmr
1658 2362 1820 2418 Jesus
1878 2366 2081 2425 sanctis

504 2448 786 2518 discipulis
813 2463 876 2502 ea
914 2464 1034 2519 quae
1061 2449 1206 2504 circa
1250 2466 1472 2507 crucem
1503 2464 1553 2508 et
1601 2453 1913 2510 Passionetn
1948 2471 2080 2512 ven-

505 2550 627 2594 tura
663 2550 853 2605 erant,
883 2540 1228 2609 praedixisset
1255 2582 1271 2605 ,
1321 2544 1714 2613 discipulorum
1761 2550 2079 2619 corypltatus

503 2629 890 2686 secretioribus
929 2632 1168 2687 nondum
1221 2634 1466 2692 initiatus
1516 2640 1837 2708 mySterils,
1866 2651 1921 2695 et
1959 2657 2077 2696 tua-

501 2723 659 2793 gistri
716 2724 801 2778 sui
860 2722 1059 2779 affectu
1110 2736 1391 2795 permotus
1437 2728 1749 2785 Passionem
1789 2736 1857 2787 ab
1891 2748 1956 2789 eo
1989 2735 2080 2791 de-

505 2815 855 2882 precabatur,
891 2833 910 2866 t
940 2815 1127 2880 Absit,
1166 2818 1417 2887 inquiens
1444 2860 1461 2886 ,
1488 2836 1517 2874 a
1552 2830 1625 2886 te,
1651 2822 1877 2877 Domine
1904 2863 1917 2886 ,
1969 2841 2076 2880 non

503 2908 608 2960 erit
682 2905 776 2959 tibi
834 2907 935 2961 hoc
989 2907 1055 2962 “.
1095 2925 1115 2959 ι
1180 2907 1349 2980 Cujus
1402 2913 1762 2968 temeritatem
1818 2916 2080 2972 Dominus

505 2997 709 3052 acriter
768 3013 889 3051 cum
944 2999 1437 3068 reprehendisset,
1498 3006 1564 3057 ad
1620 3020 1681 3060 se
1737 3011 2075 3078 sequentium

2178 538 2362 589 σωμεν
2387 520 2487 590 τὴν
2520 517 2694 588 καλὴν
2720 518 2879 587 νίκην
2919 518 3013 569 καὶ
3052 515 3411 585 ἀνεπίφθονον
3430 535 3445 549 ⁸
3474 521 3502 573 6
3526 521 3617 589 μὲν
3640 525 3714 591 ὲγ.

2173 609 2405 681 κρατείᾳ
2440 608 2816 680 έπιτεταμένῃ
2866 606 3257 677 ύπερϐαλλέτω
3301 608 3393 661 τὸν
3420 609 3615 679 ἕτερον,
3641 611 3713 667 λε.

2174 705 2282 772 πτῇ
2316 700 2500 772 διαίτῃ
2532 700 2891 768 καταπνίγων
2914 701 3005 754 τὸν
3054 701 3217 768 ὄγκον
3242 699 3338 754 τοῦ
3396 701 3628 772 σώματος
3651 723 3665 739 ·
3691 709 3715 760 6

2173 794 2231 847 δὲ
2261 795 2417 864 νικᾷν
2449 791 2758 860 ἐπειγέσθω
2787 792 2866 862 τῷ
2897 792 3148 861 ἀφθόνως
3178 795 3293 855 τοῖς
3332 793 3554 863 πένησιν
3572 798 3717 867 ἐπαρ-

2174 890 2313 948 κεῖν,
2353 888 2447 941 καὶ
2478 886 2555 956 τῷ
2583 889 2683 956 τῆς
2716 885 3095 955 ὲλεημοσύνης
3125 886 3291 957 ἐλαίῳ
3319 887 3715 957 φαιδρύνεσθαι·

2172 980 2360 1050 ἕτερος
2434 977 2869 1049 μακροθυμείτω
2925 979 3019 1030 ἐπὶ
3079 979 3193 1042 τοῖς
3250 978 3553 1046 πταίουσιν,
3586 983 3719 1038 ἵλεων

2176 1071 2327 1141 αὐτῷ
2359 1071 2452 1124 τὸν
2474 1070 2759 1140 Δεσπότην
2802 1068 3279 1141 ἀπεργαζόμενος.
3332 1071 3555 1139 Πάντες,
3607 1093 3624 1127 ι
3659 1075 3720 1140 ὡς

2175 1166 2233 1217 ὲν
2292 1163 2476 1235 ἡμέρᾳ
2506 1164 2857 1234 εὐσχημόνως
2892 1183 2910 1215 r
2946 1166 3421 1235 περιπατήσωμεν
3443 1205 3458 1229 ,
3496 1169 3624 1222 κατὰ
3641 1169 3722 1240 τὴν

2181 1251 2577 1324 ’Λποστολικὴν
2611 1255 2817 1325 φωνήν.
2841 1252 2956 1306 Νῦν
2973 1253 3206 1324 ἀνατολὴ
3247 1254 3439 1323 γέγονε
3468 1261 3577 1322 ταῖς
3604 1260 3719 1329 ήμε-

2176 1347 2234 1400 τέ
2244 1364 2363 1417 ραις
2386 1346 2611 1416 ψυχαῖς,
2641 1346 2742 1416 τῆς
2778 1346 2973 1409 νυκτὸς
3005 1347 3155 1417 ἡμᾶς
3176 1347 3290 1401 τῶν
3311 1346 3496 1400 παθῶν
3519 1349 3723 1422 ἀποστή-

2178 1436 2460 1491 σασα.Νὖν
2490 1438 2519 1489 6
2543 1436 2667 1500 νοῦς
2691 1436 2777 1488 διὰ
2809 1435 2909 1505 τῆς
2938 1437 3196 1505 νηστείας
3230 1436 3594 1509 αὐγαζόμενος
3613 1440 3721 1512 τηλ.

2174 1528 2360 1598 αυγῶς
2418 1527 2748 1592 ἐνατενίζειν
2806 1528 2887 1600 τῷ
2964 1528 3144 1600 νοητῷ
3187 1530 3331 1598 φωτὶ
3359 1529 3593 1591 δύναται.
3641 1534 3722 1585 ἑπ-

2180 1618 2323 1690 έχων
2378 1620 2478 1690 μὲν
2505 1620 2604 1683 τὰς
2650 1620 2828 1690 όρμάς
2860 1621 2960 1690 τῆς
3001 1620 3227 1689 σαρκὸς,
3261 1620 3544 1692 δεχόμενος
3571 1622 3621 1676 δὲ
3644 1622 3722 1676 τοῦ

2179 1711 2490 1784 πνεύματος
2550 1712 2649 1776 τάς
2699 1712 2876 1780 αὐγάς
2904 1728 2917 1741 ·
2951 1712 3013 1765 τὸ
3057 1713 3171 1783 πῦρ
3196 1712 3472 1768 σϐεννύων
3498 1714 3595 1768 τῶν
3620 1716 3723 1786 ἡδο⁴

2182 1803 2313 1871 νῶν,
2344 1802 2406 1856 τὸ
2440 1802 2552 1875 πῦρ
2583 1802 2843 1858 ἀνάπτων
2898 1802 3009 1856 τῶν
3069 1804 3313 1874 ἀρετῶν.
3364 1803 3578 1859 Πάντων
3616 1807 3722 1876 ἡμῖν

2182 1895 2403 1965 ἀγαθῶν
2430 1899 2463 1965 ὴ
2501 1896 2734 1966 νηστεία
2769 1892 3080 1966 καθέστηκε
3105 1895 3397 1964 πρόξενος.
3428 1898 3553 1966 ’Δγε
3574 1897 3630 1968 δὴ
3647 1893 3722 1950 οὖν

2180 1988 2362 2061 ταύτῃ
2386 1988 2816 2058 ὲπερειὸόμενοι,
2840 1988 2935 2041 τοῦ
2956 1988 3216 2059 Σωτῆρος
3256 1988 3567 2061 ἀκούσωμεν
3585 1990 3719 2045 αὑτοῦ

2184 2078 2575 2153 προτροπάδην
2612 2078 2822 2144 πάντας
2857 2079 3196 2144 κελεύοντος.

2257 2193 2276 2226 t
2319 2170 2487 2228 Εἶπεν
2522 2177 2551 2228 6
2586 2174 2789 2245 Κύριος
2816 2190 2829 2205 '
2875 2175 3064 2238 Ὅστις
3100 2175 3253 2228 θέλει
3297 2175 3470 2230 ὀπίσω
3499 2194 3590 2246 μου
3618 2177 3721 2231 άκοο

2181 2267 2416 2333 λουθεῖν,
2446 2268 2863 2337 ἀπαρνησάσθω
2889 2267 3117 2334 ἑαυτὸν,
3152 2273 3250 2320 καὶ
3284 2267 3467 2338 ἀράτω
3491 2268 3573 2321 τὸν
3591 2285 3723 2321 σταυ-

2183 2360 2275 2430 ρὸν
2337 2355 2527 2424 αὑτοῦ,
2565 2359 2660 2410 καὶ
2712 2357 3082 2413 ἀκολουθείτω
3148 2378 3267 2429 μοι.
3311 2379 3331 2414 ι
3374 2359 3460 2427 Ἐξ
3509 2360 3723 2432 Σωτῆρος

2181 2451 2340 2522 ὴμῶν
2381 2449 2559 2521 Ἰησοῦ
2591 2452 2703 2514 τοῖς
2737 2452 2902 2521 ἱεροῖς
2930 2452 3209 2521 μαθηταῖς
3241 2453 3313 2506 τὰ
3339 2454 3465 2523 περὶ
3487 2452 3574 2507 τοῦ
3591 2470 3725 2506 σταυ-

2183 2541 2279 2614 ροῦ
2310 2542 2405 2595 καὶ
2430 2541 2642 2605 πάθους
2670 2544 3236 2614 προεκφωνήσαντος,
3261 2545 3290 2597 6
3320 2546 3602 2615 κορυφαῖος
3637 2544 3725 2596 τῶν

2184 2633 2448 2705 μαθητῶν
2473 2634 2557 2686 ἔτι
2592 2634 2699 2687 τῶν
2755 2635 3226 2706 ἁπορῤητοτέρων
3272 2637 3513 2706 ἀμύητος
3541 2635 3627 2701 ῶν,
3653 2637 3725 2689 διὰ

2180 2726 2273 2780 τὸν
2330 2726 2470 2794 πρὸς
2522 2725 2614 2778 τὸν
2666 2726 2989 2780 διδάσκαλον
3030 2727 3229 2790 πόθον,
3269 2727 3329 2780 τὸ
3361 2727 3543 2781 παθεῖν
3566 2727 3726 2780 τοῦτον

2180 2818 2489 2889 ἀπηύχετο·
2541 2834 2558 2871 t
2594 2818 2783 2882 Ἵλεώς
2830 2836 2935 2883 σοι,
2963 2820 3240 2891 φάμενος,
3277 2821 3338 2874 ού
3381 2820 3453 2892 μὴ
3494 2822 3630 2873 ἐσται
3657 2837 3726 2874 σοι

2179 2909 2362 2963 τοῦτο.
2394 2927 2413 2961 ι
2444 2911 2542 2962 Ὃν
2569 2909 2668 2979 τῆς
2700 2911 3033 2979 προπετείας
3078 2912 3422 2982 ἐπιτιμήσας
3458 2915 3484 2964 6
3531 2911 3724 2977 Κύριος,

2182 3002 2323 3072 πρὸς
2351 3001 2412 3055 τὸ
2442 3001 2648 3071 πλῆθος
2682 3001 2792 3054 τῶν
2823 3001 3111 3072 ἑπομένων
3150 3005 3533 3076 ἐπιστραφεὶς,
3558 3004 3727 3073 ταύτην

507 3088 905 3143 multitudinem
938 3104 1260 3158 conversus,
1310 3094 1456 3149 hunc
1502 3110 1805 3153 sermonem
1842 3101 2076 3158 babuit:

2184 3094 2379 3165 ἀφίησι
2417 3094 2515 3168 τὴν
2552 3095 2761 3166 φωνήν.
2795 3113 2817 3148 ι
2853 3096 3044 3158 Ὅστις
3061 3096 3215 3150 θέλει
3248 3097 3424 3151 ὀπίσω
3444 3115 3539 3168 μου
3559 3097 3725 3159 ἐλθεῖν,

511 3200 537 3237 r
589 3183 647 3238 Si
700 3186 826 3253 quis
862 3183 977 3239 vult
1021 3187 1205 3241 venire
1254 3194 1376 3258 post
1429 3204 1550 3259 me,
1602 3194 1833 3264 abneget
1878 3206 2081 3253 semet-

507 3279 688 3350 ipsum
725 3280 792 3335 “.
844 3299 864 3333 ι
894 3281 975 3335 Ad
1024 3280 1241 3337 Petrum
1295 3286 1596 3355 praecipue,
1633 3289 1845 3359 opinor,
1879 3296 2083 3349 oratio.

508 3382 632 3425 netu
700 3369 941 3440 dirigens
1000 3371 1055 3426 itt
1107 3373 1247 3429 hanc
1308 3378 1696 3445 propemodum
1754 3385 2078 3439 sententiain

506 3457 791 3528 loquitur:
828 3459 945 3515 Non
997 3474 1097 3532 ego
1153 3461 1329 3518 solunt
1370 3467 1437 3519 ad
1475 3465 1787 3526 Passionem
1825 3489 2077 3544 propero,

507 3552 603 3603 sed
631 3550 698 3603 ab
725 3552 976 3606 omnibus
1009 3552 1274 3620 eamdem,
1303 3566 1463 3625 quam
1490 3571 1590 3627 ego
1618 3559 1786 3615 subeo
1815 3575 2039 3618 mortem
2061 3605 2077 3631 ,

506 3640 631 3710 eligi
688 3642 808 3696 volo
876 3662 891 3697 :
955 3660 981 3695 ιλ
1018 3643 1228 3715 Siquis
1300 3647 1409 3703 vult
1474 3651 1660 3706 venire
1722 3661 1844 3723 post
1913 3671 2017 3711 me.
2054 3675 2073 3709 ι

507 3730 627 3786 Non
674 3729 864 3787 aufero
898 3732 1206 3790 libertatem
1234 3775 1248 3802 ,
1284 3745 1340 3792 et
1391 3739 1471 3793 sui
1508 3740 1706 3810 cuique
1756 3741 2077 3813 dominium,

510 3825 626 3890 ait,
660 3839 759 3880 nec
808 3840 1137 3898 queinquam
1182 3828 1250 3883 ad
1297 3844 1385 3885 me
1424 3832 1759 3901 sequendum
1804 3850 1978 3906 cogo;
2012 3836 2079 3891 ad

511 3915 698 3980 vitam,
734 3922 789 3969 et
824 3918 1128 3984 przcmium,
1161 3922 1214 3971 et
1260 3918 1599 3974 immutabile
1648 3935 1868 3991 regnum
1925 3938 2076 3980 voco.

442 4050 449 4055 .
508 4004 769 4075 Quisquis
809 4006 926 4061 vult
972 4008 1302 4078 incorruptis
1337 4008 1496 4080 139
1526 4009 1729 4079 perfrui
1757 4012 1949 4079 bouis,
1996 4029 2081 4071 me

509 4105 770 4165 sequatur
796 4112 812 4162 ;
849 4098 1083 4168 abneget
1114 4101 1486 4171 semetipsum.
1517 4098 1625 4157 Sed
1659 4105 1929 4172 quomodo
1959 4106 2080 4175 quis

510 4189 782 4259 abut-gare
804 4191 1042 4259 seipsmn
1066 4200 1253 4260 queat,
1271 4191 1489 4262 planum
1517 4194 1775 4251 faciemus
1797 4199 2075 4267 exemplo:

513 4276 583 4335 Ut
613 4282 656 4334 si
684 4282 807 4351 quis
837 4282 1226 4338 amicissimum
1259 4286 1566 4356 quempiam
1584 4287 1810 4355 habens,
1843 4303 2081 4359 postmo-

508 4372 635 4423 dum
685 4386 812 4425 casu
872 4372 1057 4440 aliquo
1111 4372 1530 4442 interveniente,
1574 4377 1645 4433 ab
1691 4379 1808 4447 ejus
1857 4383 2080 4436 omnino

2182 3185 2601 3258 ἀπαρνησάσθω
2635 3185 2861 3241 ἑαυτόν·
2896 3206 2915 3240 ι
2957 3188 3101 3259 Πρὸς
3126 3189 3229 3243 τὸν
3259 3190 3482 3263 Πέτρον,
3500 3184 3657 3260 οἶμαι,
3679 3188 3729 3241 τὸ

2183 3281 2346 3336 πλέον
2408 3282 2713 3336 ἀποτείνων
2756 3282 3032 3352 τὸνλόγον
3057 3283 3242 3340 ταῦτά
3294 3303 3448 3357 φησι,
3476 3287 3726 3357 μονονουχὶ

2178 3372 2358 3441 λέγων
2371 3373 2479 3437 ὡς’
2509 3372 2590 3429 Οὐ
2623 3373 2786 3443 μόνον
2811 3374 2923 3445 ἐγὼ
2954 3376 3093 3446 πρὸς
3115 3377 3181 3430 τὸ
3202 3379 3397 3434 παθεῖν
3429 3378 3720 3448 ἐπείγομαι,

2182 3467 2318 3521 ἀλλὰ
2378 3468 2476 3521 καὶ
2541 3468 2750 3533 πάντας
2784 3469 3052 3541 βούλομαι
3075 3472 3174 3525 τὸν
3220 3473 3387 3527 αὐτὸν
3416 3472 3619 3528 ἑλέσθαι
3650 3486 3724 3541 μοι

2182 3561 2449 3615 θάνατον’
2485 3580 2505 3613 r
2545 3563 2737 3625 Ὅστις
2799 3561 2943 3616 θέλει
2992 3564 3172 3619 ὀπίσω
3209 3584 3313 3635 μου
3351 3566 3540 3621 ἐλθεῖν.
3582 3583 3601 3617 ι
3630 3564 3725 3617 Οὐκ

2182 3654 2426 3724 ἀφαιρῶ,
2460 3654 2617 3725 φησὶ,
2650 3654 2711 3709 τὸ
2742 3655 3114 3720 αὐτεξούσιον,
3160 3656 3262 3711 καὶ
3293 3655 3594 3722 ἀδέσποτον,
3620 3652 3723 3708 ούδὶ

2183 3744 2440 3815 βιάζομαι
2505 3762 2631 3800 τινα
2678 3747 2812 3816 πρὸς
2860 3748 2960 3818 τὴν
3010 3747 3398 3819 ἀκολούθησιν.
3438 3748 3554 3804 Ἐπὶ
3603 3745 3724 3817 ζωὴν

2181 3832 2276 3887 καὶ
2306 3834 2450 3904 γέρα
2473 3834 2645 3901 καλῶ,
2672 3835 2769 3888 καὶ
2795 3835 3074 3906 βασιλείαν
3103 3838 3424 3894 ἀσάλευτον.
3458 3840 3631 3899 Ὅστις
3649 3834 3725 3888 θέ-

2184 3926 2269 3979 λει
2308 3928 2758 3997 -κατατρυφῆσαι
2798 3928 3021 4001 δωρεῶν
3049 3931 3375 4001 ἀκηράτων,
3400 3929 3726 3987 ἀκολουθείτω

2185 4038 2277 4091 μοι
2301 4035 2315 4051 ο
2348 4021 2763 4094 ἀπαρνησάσθω
2802 4024 3020 4082 ἑαυτόν.
3066 4025 3232 4081 Ἀλλὰ
3262 4027 3380 4090 πῶς
3407 4027 3473 4082 ἂν
3517 4040 3595 4087 τις
3623 4023 3727 4074 tau-

2179 4113 2272 4168 τὸν
2295 4114 2694 4186 ἀπαρνήσαιτο,
2732 4114 3096 4187 ὑποδείγματι
3118 4118 3495 4189 σαφηνίσομεν
3517 4133 3531 4147 '
3558 4114 3723 4180 ὥσπερ

2182 4202 2251 4257 ἂν
2281 4204 2335 4259 εί
2380 4221 2466 4266 τις
2521 4205 2992 4277 προσφιλέστατον
3027 4207 3172 4279 ἔχων
3206 4210 3355 4275 τινὰ,
3386 4207 3720 4279 περιστάσεως

2181 4296 2538 4368 ἐμπεσούσης
2591 4298 2759 4364 τινος,
2804 4300 2906 4369 τὴν
2942 4300 3002 4364 ἐς
3033 4301 3197 4354 αύτδν
3233 4301 3418 4370 φιλίαν
3446 4294 3723 4366 ἁποστέρξῃ

2183 4388 2553 4455 παντάπασιν,
2600 4388 2748 4443 ὥστε
2806 4391 2913 4444 κᾶν
2972 4392 3276 4463 συρόμενον
3328 4393 3449 4458 ἴδοι,
3483 4390 3581 4444 κᾶν
3603 4384 3723 4441 κατὰ

511 4459 805 4514 abhorreat
841 4461 1109 4528 amicitia,
1135 4462 1207 4517 ita
1245 4468 1492 4520 utetiam
1528 4468 1572 4522 si
1600 4477 1848 4523 vexatum
1876 4473 2077 4538 videat,

2187 4478 2394 4550 κόρρης
2423 4481 2782 4551 τυπτόμενον,
2815 4482 2921 4536 κᾶν
2940 4459 3169 4554 μεληδον
3193 4484 3297 4548 τὰς
3321 4483 3525 4555 σάρκας
3555 4476 3722 4534 κοπτό-

509 4563 559 4602 et
592 4549 1044 4621 colapltiscatsutn
1078 4553 1216 4624 (Π),
1239 4562 1295 4610 et
1326 4560 1662 4614 membratim
1693 4563 1995 4630 concisum,
2026 4572 2081 4619 et

512 4641 811 4706 laniatum,
839 4654 895 4698 et
946 4644 1082 4701 rotis
1132 4645 1407 4717 variisque
1456 4649 1787 4721 discerptum
1838 4663 2077 4710 tormen-

513 4737 584 4786 tis
614 4733 752 4803 (I8),
784 4734 904 4804 ejus
930 4736 1306 4794 misericordia
1331 4754 1437 4794 non
1467 4750 1788 4811 moveatur;
1820 4762 1957 4819 eum
1967 4749 2078 4815 jam

2185 4570 2347 4640 μενόν
2390 4588 2451 4625 τε
2484 4573 2579 4625 καὶ
2612 4572 2967 4644 τεμνόμενον,
2994 4575 3100 4629 κᾶν
3127 4578 3369 4647 τροχοῖς,
3393 4573 3485 4628 καὶ
3508 4571 3722 4641 ἀρθρεμ-

2180 4662 2357 4726 δόλοις
2413 4662 2751 4735 ξαινόμενον,
2802 4666 2904 4721 οὐκ
2966 4668 3266 4722 ὲπικλᾶται
3316 4668 3452 4739 πρὸς
3480 4666 3615 4720 ἔλεον
3634 4660 3721 4732 ἢδη

2181 4752 2286 4823 τὴν
2314 4753 2451 4824 πρὸς
2482 4754 2648 4810 αὐτὸν
2693 4758 2881 4828 σχέσιν
2911 4759 3399 4832 ἀπαρνησάμενος,
3431 4758 3591 4819 οὕτως
3610 4755 3720 4806 ἔκαε

619 4891 662 4920 ”
702 4888 858 4946 Rom.
885 4906 1019 4956 xm,
1058 4892 1143 4946 l5.
1221 4893 1264 4925 “
1297 4892 1486 4949 Matth.
1522 4911 1611 4951 xvi
1636 4935 1652 4963 ,
1682 4897 1773 4955 22.
1850 4899 1896 4932 ⁸³
1926 4898 2063 4956 Ibid.
2086 4901 2178 4957 24.

1734 5035 2060 5099 Francisci
2094 5036 2298 5099 Scorsi
2332 5045 2518 5100 notae.

513 5174 589 5225 sic
614 5174 816 5253 currite
845 5184 897 5226 ut
945 5174 1414 5253 comprehendutis.
1459 5175 1578 5253 Non
1610 5191 1685 5234 est
1717 5182 1921 5253 inuidus
1949 5200 2067 5253 ngas

515 5244 724 5321 itotlteta
758 5253 981 5321 ποιων,
1042 5261 1133 5298 nec
1176 5245 1401 5321 ulterius
1466 5248 1658 5312 palma:
1710 5250 1864 5304 alteri
1920 5244 2071 5321 μαῖαι

514 5314 879 5382 ignominiam,
907 5330 1084 5381 autne:
1110 5317 1330 5369 athletas
1355 5333 1477 5370 suos
1507 5322 1774 5372 desiderat
1808 5314 2075 5378 coronari.

589 5383 700 5452 (l7)
749 5382 818 5435 Et
848 5384 1077 5450 colaphis
1107 5400 1318 5438 cwsum.
1378 5386 1457 5438 Ad
1508 5389 1723 5442 verbum
1760 5403 1969 5445 vertere
1989 5399 2080 5446 de-

515 5454 786 5531 buissem:
825 5454 880 5506 ltt
935 5455 1410 5531 mutilat-assum.
1466 5453 1597 5531 Nam
1629 5459 1803 5530 κόρρη
1859 5478 2076 5531 genam,

520 5524 810 5602 maxillam,
867 5524 1090 5602 γνάθον,
1136 5526 1451 5602 ξίειιῆιιιευις
1501 5529 1621 5581 inde
1689 5524 1830 5602 5ιάτά
1860 5524 2079 5602 ’κόρρης

515 5595 773 5669 πατάξαι,
806 5608 908 5669 qua
948 5594 1370 5669 Apbra_si_utitur
1414 5596 1625 5661 Noster,
1651 5600 1735 5654 cui
1790 5594 2075 5669 respondet

516 5662 739 5740 ιίιιιίηξι,
791 5662 1043 5731 culapltus
1104 5663 1418 5733 infringere,
1459 5678 1691 5740 pugnum
1745 5662 2067 5740 impingere.

517 5729 626 5781 liae
676 5732 833 5797 igitur
856 5729 985 5787 usus
1004 5749 1123 5789 sunt
1149 5729 1363 5789 sensum
1399 5729 1575 5801 potith
1620 5729 1877 5807 pendens,
1907 5729 2064 5811 quam

2173 5187 2355 5248 verba,
2417 5186 2504 5239 ubi
2554 5187 2604 5240 in
2668 5187 2847 5242 verbis
2888 5189 3026 5243 nihil
3072 5201 3156 5245 est
3200 5190 3480 5258 momenti,
3528 5203 3614 5243 nec
3657 5185 3715 5238 ad

2176 5271 2287 5308 rem
2349 5257 2576 5331 interest
2621 5270 2742 5312 ntro
2794 5258 2954 5331 modo
3008 5269 3210 5324 vertas,
3262 5267 3407 5331 quod
3444 5262 3594 5313 etiam
3639 5258 3708 5308 di-

2173 5334 2319 5378 etntn
2348 5326 2505 5396 velim
2538 5341 2636 5394 pro
2665 5328 2912 5396 sequenti
2949 5340 3098 5396 uota,
3121 5339 3174 5385 et
3213 5326 3340 5386 aliis
3370 5331 3615 5386 similibus
3633 5332 3712 5394 pc?

2175 5409 2366 5448 omnes
2406 5395 2657 5449 houtilias
2682 5396 2834 5450 locis.
2986 5402 2998 5414 ’

2248 5464 2358 5537 με)
2392 5461 2675 5537 Υανὶἱδιιιιε
2690 5467 3321 5536 discerptumlormentis.
3345 5469 3585 5537 Quamvis
3634 5465 3711 5533 ἀρ-

2181 5532 2469 5606 θρέμὸολα
2513 5537 2729 5604 propria
2753 5532 3000 5606 quaedam
3064 5541 3174 5595 sint
3222 5532 3564 5594 instrumenta
3615 5532 3707 5586 tor-

2180 5606 2377 5682 quendi
2414 5605 2583 5682 “dicta
2639 5606 2749 5682 ἀπο
2777 5607 2917 5682 ⁸τῶν
2964 5609 3215 5682 άρθρων,
3270 5623 3325 5664 et
3372 5606 3706 5682 ὲμᾷἀλλωΛυ

2179 5672 2498 5748 inseretttlis,
2553 5688 2646 5728 seu
2689 5672 3025 5748 _injicientlis
3075 5672 3346 5743 artubus;
3385 5672 3502 5748 quia
3557 5682 3705 5748 tamen

2174 5744 2517 5797 commodum
2588 5756 2620 5798 e
2689 5742 2877 5803 Latino
2952 5762 3202 5805 sermone
3266 5742 3707 5817 non-suppetet!”
