3974 6200
383 381 482 446 465

1728 390 2058 450 HOMILIA
2097 393 2293 456 XXII.

3532 395 3636 462 ίιῦδ

381 495 514 548 ίδείν
543 494 715 550 αὐτοῦ
743 497 812 552 τά
835 497 1061 554 ὀπίσθια
1087 516 1102 533 ·
1134 501 1483 565 διδάσκοντος
1521 501 1612 556 διὰ
1642 501 1850 557 τούτων
1871 503 1961 558 τοῦ

2073 506 2217 562 riora
2241 508 2598 577 praecedentis
2629 509 2796 566 videt.
2829 512 2892 567 Et
2920 513 3009 582 qui
3049 514 3136 569 Dei
3173 513 3364 568 faciem
3394 527 3451 568 se
3481 513 3639 567 visu-

372 586 559 655 λόγου,
590 587 668 653 ὡς
695 589 988 661 ἐπιθυμῶν
1021 592 1152 648 ἰδεῖν
1187 595 1280 648 τὸν
1303 594 1461 658 Θεὸν,
1492 595 1552 647 ὲν
1578 595 1657 664 τῷ
1696 594 1784 648 ἀεὶ
1805 595 1954 666 αὐτῷ

372 680 719 747 ἀκολουθεῖν,
751 683 856 755 δρᾷ
882 684 974 738 τὸν
1001 685 1364 756 ποθούμενον.

2067 612 2185 652 rum
2228 601 2508 668 sperabat,
2536 609 2591 658 et
2639 603 2891 670 dicebat:
2933 623 2952 658 ι
2991 607 3224 660 Ostende
3271 605 3404 660 mihi
3445 604 3636 659 faciem

2061 699 2208 746 tuam
2240 694 2309 760 ⁸⁸,
2340 713 2358 746 ι
2405 696 2493 750 vix
2543 697 2743 768 dignus
2794 700 3012 754 habitus
3047 711 3158 766 est,
3193 701 3283 771 qui
3341 701 3637 769 posteriora

373 773 601 826 \ideret.
670 773 789 841 Quo
847 791 976 832 sane
1027 778 1210 832 divino
1259 779 1489 851 eloquio:
1516 781 1802 846 docemur,
1835 796 1960 834 cum
2001 783 2092 852 qui
2127 785 2344 841 videndi
2395 787 2486 850 Dei
2517 788 2789 847 desiderio
2857 790 3080 848 allectus
3143 802 3261 859 est,
3297 793 3437 849 ineo
3470 806 3641 860 usque

367 866 650 934 sequendo
682 867 920 920 visurum
947 870 1092 938 quod
1121 879 1296 938 optat.

452 956 583 1009 Ὀδὲ
615 959 920 1028 κορυφαῖος
941 959 1041 1028 τῆς
1073 960 1226 1031 ἱερᾶς
1254 959 1483 1032 λόγάδος
1535 964 1648 1019 τῶν
1673 962 1956 1035 μαθητῶν,

367 1046 748 1118 ἀκολουθήσας
781 1050 1026 1120 ἀρχῆθεν
1052 1052 1131 1120 τῷ
1161 1055 1431 1128 Δεσπότῃ,
1466 1059 1562 1111 καὶ
1613 1059 1815 1129 θεατὴς
1847 1057 1955 1111 τῶν

371 1137 589 1191 ἐκείνου
627 1138 925 1208 θαυμάτων
962 1142 1280 1213 γενόμενος,
1336 1151 1434 1200 καὶ
1465 1147 1560 1201 τοῦ
1607 1149 1954 1219 θαυματουρκ

367 1233 491 1297 γεῖν
515 1231 771 1297 ἐξουσίαν
801 1231 1006 1297 λαϐὼν,
1047 1234 1173 1288 ίδὼν
1219 1237 1276 1291 δὲ
1301 1239 1397 1291 καὶ
1450 1239 1551 1309 τὴν
1587 1240 1822 1311 φρικτὴν
1861 1257 1956 1310 με-

369 1322 734 1392 ταμόρφωσιν
764 1323 1013 1394 αὖτοψεὶ,
1041 1328 1137 1379 καὶ
1153 1327 1256 1398 τῆς
1323 1331 1602 1402 πατρικῆς
1648 1332 1958 1403 μαρτυρίας

370 1415 648 1485 ἀκηκοὼς,
690 1417 944 1482 καὶτοὺς
985 1420 1250 1490 πυρίνους
1291 1422 1400 1477 τῶν
1423 1425 1630 1495 νοερῶν
1669 1426 1956 1494 δυνάμεων

369 1512 657 1576 ποταμοὺς
687 1510 764 1578 τῷ
789 1509 1036 1581 λογισμῷ
1060 1513 1330 1583 ὑπερϐὰς,
1373 1516 1466 1568 καὶ
1498 1517 1729 1586 μυηθεὶς
1775 1518 1838 1569 ὲκ
1859 1516 1954 1571 τοῦ

369 1599 585 1670 Πατρδς
616 1599 712 1654 τοῦ
743 1601 875 1654 Υἱοῦ
899 1602 998 1674 τὴν
1033 1605 1344 1673 εὐγένειαν,
1380 1612 1476 1660 καὶ
1508 1607 1639 1660 Υίὸν
1667 1607 1764 1661 τοῦ
1815 1607 1955 1662 Θεοῦ

367 1692 464 1745 τοῦ
492 1692 696 1756 ζῶντος
718 1693 884 1747 αὑτὸν
904 1698 1378 1768 μεμαρτυρηκὼς,
1400 1701 1590 1771 ἐπειδὴ
1616 1703 1710 1754 τοῦ
1749 1703 1956 1774 Κυρίου

367 1787 572 1856 ἢκουσε
594 1789 663 1839 τά
685 1786 781 1840 τοῦ
800 1788 1011 1854 Πάθους
1033 1790 1413 1860 προλέγοντος.
1439 1796 1636 1864 μικρὸν
1662 1812 1956 1865 παρτσφα-

2137 967 2208 1016 At
2233 979 2362 1021 vero
2393 967 2496 1021 dux
2524 982 2693 1024 sacra:
2723 968 3112 1038 discipulorum
3152 971 3394 1026 cohortis
3423 985 3642 1028 secutus

2064 1052 2133 1106 ab
2165 1055 2318 1110 initio
2351 1055 2657 1121 Dominum,
2683 1048 3110 1128 cum'spectator
3136 1059 3350 1116 ~fuissct
3403 1063 3641 1118 miracu-

2063 1143 2235 1199 lorum
2274 1146 2438 1216 illius,
2470 1155 2525 1202 et
2555 1148 2670 1217 ipse
2699 1149 2949 1218 patrandi
3001 1149 3261 1204 miracula
3321 1161 3637 1220 potestatem

2062 1236 2387 1306 accepisset,
2421 1239 2516 1308 qui
2556 1242 2892 1297 tremendam
2920 1241 3064 1296 illam
3110 1244 3639 1313 translignrationetn

2059 1328 2233 1383 oculis
2265 1330 2378 1386 suis
2415 1331 2624 1386 viderat
2648 1333 2715 1399 ⁸⁸,
2747 1343 2803 1388 et
2853 1331 3032 1388 Patris
3067 1335 3503 1392 testificationem
3545 1353 3643 1391 au-

2057 1421 2264 1488 dierat;
2325 1422 2416 1488 qui
2468 1424 2722 1479 ardentes
2781 1425 3085 1481 caelestium
3133 1427 3394 1482 virtutum
3443 1427 3640 1486 ﬂuvios

2057 1524 2239 1569 mente
2271 1517 2686 1572 transcenderat
2713 1526 2768 1573 et
2807 1533 2836 1572 a
2871 1518 3033 1573 Patre
3083 1519 3316 1573 nobilem
3369 1519 3494 1575 Filii
3547 1536 3642 1589 ge-

2060 1607 2398 1662 nerationem
2421 1609 2647 1664 edoctus
2676 1611 2852 1681 ipsum
2884 1611 2976 1666 Dei
2997 1611 3105 1665 vivi
3139 1611 3334 1666 Filium
3361 1613 3646 1670 confessus

2062 1697 2241 1752 fuerat
2268 1699 2336 1765 ετ,
2367 1699 2456 1754 uhi
2490 1699 2778 1756 Dominum
2813 1717 2931 1772 qua:
2961 1717 3222 1773 passurus
3248 1713 3394 1759 esset
3441 1706 3645 1773 pradi-

2066 1800 2277 1846 centem
2307 1791 2538 1860 audivit,
2581 1791 2857 1861 paululum
2903 1794 3190 1858 aberrans,
3240 1809 3342 1850 nec
3393 1796 3532 1850 bene
3565 1796 3646 1851 di-

367 1879 505 1941 λεὶς,
536 1879 629 1931 καὶ
654 1878 731 1950 μὴ
761 1880 946 1944 καλῶς
973 1882 1066 1935 τὸν
1097 1883 1255 1952 λόγον
1283 1887 1779 1956 περισκεψάμενος.
1800 1889 1959 1942 ἀντε-

2073 1884 2299 1950 ψίοἰεηε
2326 1885 2469 1954 quod
2501 1885 2737 1950 dicebat,
2765 1887 3099 1942 contradixit
3130 1903 3146 1941 :
3184 1905 3203 1939 ι
3232 1887 3388 1943 Absit
3411 1904 3438 1940 a
3467 1898 3518 1943 te
3540 1887 3645 1944 Do-

370 1971 686 2041 φθέγξατοο
730 1991 748 2024 ι
779 1972 966 2037 Ἵλεώς
1012 1992 1118 2040 σοι,
1155 1978 1218 2031 ού
1267 1979 1342 2049 μὴ
1387 1978 1542 2033 ἔσται
1588 1997 1669 2034 σοι
1719 1981 1898 2045 τοῦτο,
1930 1999 1949 2035 ι

367 2064 558 2118 ἀκούει
583 2059 744 2128 αὖθις
758 2067 820 2119 τό
844 2082 858 2097 ⁸
901 2085 920 2118 ι
951 2069 1171 2136 ’Υπαγε
1197 2070 1375 2124 ὀπίσω
1418 2088 1521 2142 μου
1547 2088 1562 2104 ο
1595 2091 1614 2126 ι
1647 2075 1955 2142 τουτέστιν,

381 2161 697 2214 ’Λκνιλούθει
727 2179 839 2231 μοι.
860 2161 951 2217 Ἐν
971 2163 1026 2216 δὲ
1052 2163 1132 2236 τῷ
1163 2165 1343 2236 καιρῷ
1363 2165 1458 2219 τοῦ
1477 2167 1688 2231 Πάθους
1708 2167 1798 2220 τὸν
1820 2168 1958 2237 πρὸς

367 2254 695 2307 διδάσκαλον
732 2254 1115 2324 ἐνδειξάμενος
1157 2257 1426 2328 διάπυρον
1483 2257 1691 2326 ἔρωτα,
1741 2260 1960 2313 πάντων

370 2346 482 2412 γάρ
516 2346 944 2416 ὗποτρεσάντων
967 2347 1078 2401 τῶν
1116 2348 1380 2418 μαθητῶν
1435 2349 1504 2402 τὰ
1533 2349 1686 2421 ξίφη,
1719 2351 1812 2403 καὶ
1861 2350 1961 2414 τὰς

367 2437 562 2507 δᾷδας,
599 2441 699 2491 καὶ
719 2438 819 2508 τὴν
841 2441 1098 2508 σπεῖραν,
1135 2440 1230 2492 xui.
1256 2439 1346 2492 τὸν
1367 2440 1673 2511 χιλίαρχον,
1701 2443 1794 2494 καὶ
1825 2459 1962 2514 χρη-

371 2531 629 2599 σαμένων
667 2533 838 2600 φυγῇ,
873 2529 1037 2593 αὐτὸς
1061 2531 1200 2601 πρὸς
1225 2531 1444 2601 ἄμυναν
1473 2531 1647 2603 ᾠχετο
1676 2533 1961 2605 ἄπληστος

370 2623 662 2676 ἐκκόπτων
683 2625 753 2676 τά
779 2623 962 2692 φαῦλα
983 2625 1094 2678 τῶν
1128 2623 1403 2678 Ἰουδαίων
1429 2618 1566 2689 ὦτα,
1599 2625 1666 2680 τά
1697 2626 1797 2695 τῆς
1829 2627 1962 2692 Χρι-

374 2714 504 2769 στοῦ
535 2716 887 2780 διδασκαλίας
917 2717 1148 2788 ἀνήκοα.
1191 2711 1362 2780 Οὗτος
1399 2717 1510 2771 οὐδ’
1542 2719 1602 2771 ἐν
1655 2716 1733 2788 τῷ
1787 2717 1960 2788 φόϐῳ,

375 2809 475 2862 καὶ
532 2807 612 2878 τῷ
656 2808 874 2880 θορύϐῳ
898 2809 1002 2879 τῆς
1027 2809 1214 2880 φωνῆς
1237 2809 1601 2880 ἐπελέληστο,
1625 2805 1693 2884 ἦς
1725 2811 1962 2881 ἤκουσεν

372 2901 715 2971 άπ“άρχῆςο
795 2920 814 2953 t
885 2900 1201 2957 Ἀκολούθει
1268 2919 1435 2972 μοι.»
1483 2902 1773 2972 Τοιγάρτοι
1831 2905 1964 2974 ἠκο-

373 2992 559 3046 λούθει
591 2993 723 3047 ἰδεῖν
752 2993 813 3046 τὸ
839 2993 1017 3056 τέλος.
1050 2993 1162 3048 Καὶ
1189 2993 1331 3064 μετά
1359 2993 1459 3064 τὴν
1495 2995 1796 3048 ἀνάστασιν
1839 2996 1962 3050 ίδὼν

374 3087 468 3140 τὸν
503 3086 732 3155 Κύριον,
768 3085 864 3139 καὶ
893 3085 1103 3157 οἰηθεὶς
1141 3085 1270 3157 ἄρτι
1316 3087 1385 3140 τὰ
1431 3087 1572 3158 γέρα
1625 3087 1834 3152 λαϐεῖν,
1869 3091 1963 3142 καὶ

375 3175 478 3237 τὰς
505 3175 656 3238 κλεῖς
685 3178 786 3245 τῆς
813 3175 1099 3245 βασιλείας
1129 3177 1242 3229 τῶν
1275 3177 1546 3247 οὐρανῶν,
1596 3178 1738 3249 μετά
1777 3179 1838 3232 τὸ
1866 3180 1959 3248 ὲγο
1987 3203 2034 3268 C

379 3266 736 3337 χειρισθῆναι
790 3268 892 3338 τὴν
922 3268 1035 3321 τῶν
1064 3268 1362 3339 προϐάτων
1391 3271 1585 3340 νομὴν,
1645 3271 1811 3325 πάλιν
1839 3273 1963 3324 sio-

377 3356 663 3427 αγωγικὴν
693 3357 887 3412 ἀκούει
920 3359 1110 3430 φωνήν
1135 3376 1150 3390 ο
1187 3377 1208 3412 ι
1256 3361 1386 3414 Ἐάν
1405 3360 1547 3414 θέλω
1584 3361 1769 3431 μένειν
1801 3363 1966 3418 αὑτὸν

378 3450 485 3512 ἕως
519 3449 782 3520 ἔρχομαι,
823 3451 879 3503 τί
909 3451 1049 3520 πρός
1099 3467 1201 3518 σε;
1236 3452 1301 3505 σὺ
1334 3451 1624 3506 ἀκολούθει
1651 3471 1767 3522 μοι.
1801 3475 1820 3506 ι

461 3543 652 3615 Ὁρᾷς,
685 3544 762 3608 ὡς
792 3545 888 3600 καὶ
927 3547 1041 3608 τοῖς
1077 3545 1180 3616 ήδη
1213 3546 1554 3602 τελειωθεῖσι
1584 3552 1728 3603 κατά
1762 3551 1968 3606 Μωσέα

379 3638 478 3691 καὶ
507 3637 739 3708 Πέτρον,
779 3638 843 3691 τὸ
874 3638 1122 3692 τοιοῦτον
1148 3640 1383 3711 ἁρμόζει
1431 3642 1844 3713 παράγγελμας
1874 3646 1969 3698 καὶ

378 3731 533 3792 ὅπως
565 3731 706 3800 μετά
736 3731 1010 3794 τοσαύτας
1054 3732 1353 3797 ἀναϐάσεις
1403 3733 1559 3803 μόλις
1587 3735 1834 3799 ἀξιοῦταί
1885 3755 1968 3801 τις

379 3821 476 3876 τοῦ
536 3821 784 3877 τοιούτου
837 3823 1184 3894 χαρίσματος
1211 3841 1226 3890 ;
1257 3823 1450 3879 Ταῦτα
1479 3824 1712 3895 μυηθεὶς
1737 3827 1964 3894 Μωσῆς,

381 3913 819 3984 νενομοθέτηκεν
867 3914 1046 3968 ὀπίσω
1105 3915 1315 3984 Κυρίου
1349 3916 1445 3970 τοῦ
1472 3917 1610 3970 Θεοῦ
1635 3917 1969 3985 πορεύεσθαι

381 4006 476 4059 τὸν
503 4007 657 4061 λαόν.
693 4006 874 4077 Ὅπερ
917 4006 1161 4072 ἀκούσας
1186 4009 1214 4061 ὀ
1247 4007 1435 4071 Δαϐὶδ,
1497 4012 1635 4076 φησὶ
1683 4009 1823 4080 πρὸς
1875 4012 1969 4063 τὸν

381 4097 517 4150 Θεὸν
539 4113 554 4127 ·
591 4115 613 4148 ι
669 4096 977 4168 Ἐκκολήθη
1026 4099 1060 4167 ἡ
1112 4097 1259 4168 ψυχή
1301 4114 1406 4168 μου
1429 4099 1605 4153 ὀπίσω
1633 4117 1728 4154 σου
1761 4115 1775 4130 ο
1817 4119 1837 4152 ι
1873 4102 1970 4154 καὶ

385 4189 513 4258 ήὲν
568 4189 644 4257 τῷ
675 4189 914 4260 ’ᾼσματι
965 4190 1247 4261 ἀκήρατος
1323 4189 1510 4262 νύμφη
1567 4191 1712 4246 οὕτω
1761 4194 1966 4265 φησιν·

388 4297 410 4332 ι
454 4279 798 4348 Ἀδελφιδοῦς
824 4298 917 4351 μοι
947 4282 1251 4353 παρῆλθεν,
1277 4285 1310 4353 ή
1343 4284 1486 4354 ψυχή
1521 4302 1626 4354 μου
1652 4285 1880 4357 ἐξῆλθεν
1909 4291 1969 4342 ὲν

379 4372 529 4443 Λόγῳ
590 4371 792 4427 αύτοῦο
833 4393 852 4426 ι
885 4373 948 4427 ού
1011 4375 1120 4445 γάρ
1151 4377 1270 4428 ἐστι
1318 4377 1596 4447 σωτηρίας
1626 4379 1784 4443 ἐλπὶς
1811 4383 1861 4434 εἰ
1890 4382 1966 4450 μή

383 4481 468 4528 τις
499 4465 822 4520 ἀκολουθεῖν
872 4466 1164 4538 παιδευθῇ.
1207 4485 1226 4518 ι
1278 4467 1365 4521 Ἐν
1391 4468 1501 4540 γὰρ
1547 4471 1664 4535 τοῖς
1696 4471 1971 4542 μεταφρὲο

453 4603 500 4634 ⁸⁸
537 4603 706 4657 Exod.
740 4621 913 4660 xxxttt
938 4644 952 4666 ,
986 4606 1075 4660 l5.

384 4674 428 4705 ὀ
449 4673 608 4738 Joau,
641 4689 755 4739 xxI,
786 4675 880 4730 2'5.
915 4675 955 4708 “
989 4674 1131 4730 Psal.
1164 4691 1296 4743 tht,
1329 4677 1384 4733 9.
1420 4679 1466 4710 ⁹¹
1489 4673 1646 4733 Cant.
1683 4697 1732 4742 v,
1756 4680 1808 4734 6.

2058 1973 2224 2040 mine,
2247 1988 2353 2030 non
2375 1976 2482 2032 erit
2501 1977 2596 2032 tibi
2617 1977 2718 2033 hoc
2732 1978 2833 2047 ⁸⁸;ι
2862 1978 3119 2048 auditque
3147 1995 3334 2044 rursus
3361 1979 3606 2051 illud(22)
3629 1998 3644 2038 :

2066 2085 2085 2118 ι
2126 2066 2280 2124 Vade
2311 2081 2434 2140 post
2466 2085 2552 2125 me
2579 2072 2665 2139 ⁸⁹;
2702 2091 2722 2124 ι
2760 2072 2903 2141 quod
2942 2081 3048 2137 est,
3083 2073 3322 2142 Sequere
3356 2089 3462 2128 me.
3506 2071 3642 2127 Pas-

2058 2158 2230 2214 sionis
2256 2175 2386 2216 vero
2417 2169 2682 2232 tempore,
2719 2160 3114 2218 inﬂammatum
3153 2176 3282 2232 erga
3327 2162 3642 2231 Magistrum

2061 2265 2169 2318 prae
2215 2266 2277 2308 se
2317 2251 2496 2309 ferens
2552 2268 2820 2319 amorem,
2863 2269 2989 2310 eum
3033 2269 3224 2309 omnes
3285 2253 3536 2323 discipuli
3569 2253 3639 2307 ob

2059 2343 2288 2412 gladios,
2340 2354 2395 2401 et
2440 2347 2626 2407 taedas.
2669 2355 2725 2402 et
2772 2347 3074 2410 cohortem,
3121 2356 3175 2401 et
3213 2347 3487 2400 tribunum
3531 2352 3644 2399 tre-

2062 2437 2329 2506 pidantes,
2386 2435 2509 2510 fuga
2559 2438 2661 2494 sibi
2715 2438 3139 2504 consuluissent,
3191 2438 3307 2508 ipse
3345 2438 3410 2491 ad
3457 2437 3642 2492 delun.

2063 2529 2273 2583 sionem
2311 2529 2605 2585 insatiabili
2627 2529 2862 2600 quodam
2886 2531 3066 2585 studio
3116 2531 3297 2594 irruit,
3342 2539 3396 2584 et
3449 2544 3644 2600 pravas

2062 2615 2374 2673 Iudaeorum
2403 2635 2564 2676 aures
2609 2620 2722 2692 (25)
2769 2621 2972 2676 Christi
3030 2621 3292 2677 doctrinae
3341 2621 3644 2677 obsurdes-

2063 2721 2247 2765 centes
2275 2713 2518 2767 exsecuit
2551 2729 2565 2768 :
2602 2713 2710 2781 hic,
2759 2713 3004 2784 inquam,
3039 2728 3213 2783 neque
3240 2714 3292 2768 in
3327 2713 3416 2768 illo
3447 2713 3644 2768 timore

2064 2817 2126 2857 ac
2159 2807 2415 2870 tumultu,
2451 2805 2602 2860 vocis
2627 2805 2790 2870 illius,
2824 2821 2984 2876 quam
3012 2821 3040 2859 a
3077 2805 3348 2876 principio
3375 2805 3642 2871 audierat,

2071 2894 2346 2966 (Sequere
2366 2911 2507 2963 me,»
2544 2897 2748 2953 oblitus
2783 2907 2866 2953 est
2899 2914 2915 2951 :
2950 2896 3172 2968 proinde
3199 2896 3550 2966 sequebatur,
3588 2906 3647 2950 ut

2068 2989 2271 3043 videret
2307 2989 2492 3046 linem.
2521 2991 2584 3046 Et
2613 3002 2733 3062 post
2759 2991 3210 3047 resurrectionem
3244 2989 3532 3046 Dominum
3565 2991 3647 3043 vi-

2065 3081 2221 3148 dens,
2251 3092 2306 3138 et
2320 3084 2762 3152 existimansjam
2791 3100 2848 3139 se
2878 3086 3154 3153 przeminm
3186 3087 3252 3137 ab
3273 3100 3359 3148 eo,
3382 3094 3434 3139 et
3464 3085 3642 3145 claves

2066 3176 2219 3244 regni
2249 3177 2490 3232 ccelestis
2511 3178 2806 3247 accepisse,
2833 3187 3112 3247 postquam
3139 3178 3320 3231 ovium
3351 3177 3646 3245 pascenda-

2072 3283 2187 3321 rutn
2220 3284 2346 3322 cura
2373 3269 2474 3324 sibi
2507 3271 2757 3326 mandata
2783 3269 2894 3338 jam
2925 3270 3120 3332 l‘nerat,
3149 3270 3326 3324 denuo
3356 3284 3540 3322 vocem
3581 3267 3645 3321 il-

2070 3360 2177 3414 lant
2211 3361 2655 3415 introductoriam
2699 3361 2849 3416 audit
2885 3379 2900 3412 :
2950 3379 2968 3414 t
3007 3360 3062 3415 Si
3098 3377 3222 3417 eum
3270 3360 3390 3414 volo
3427 3374 3645 3413 manere

2070 3453 2241 3506 denec
2275 3453 2510 3518 veniam,
2533 3455 2659 3522 quid
2695 3453 2760 3508 ad
2797 3454 2888 3508 te?
2911 3462 2966 3508 ttt
3005 3469 3090 3508 tne
3123 3466 3352 3521 sequere
3373 3453 3442 3505 ’°.
3478 3471 3497 3502 ι

2147 3543 2308 3599 Vides
2339 3544 2412 3597 ttti
2457 3544 2714 3614 perlectis
2748 3547 2861 3615 jam
2884 3545 2949 3600 ad
2991 3545 3192 3617 Moysis
3227 3554 3282 3600 et
3325 3544 3466 3599 Petri
3519 3558 3648 3598 nor-

2071 3653 2214 3690 mam
2258 3637 2370 3692 hmc
2408 3636 2570 3692 etiam
2602 3638 2901 3694 admonitio
2955 3637 3364 3694 accommodata
3419 3636 3491 3691 sit
3529 3656 3544 3690 :
3596 3645 3651 3688 et

2071 3729 2340 3794 quomodo
2389 3738 2507 3798 post
2537 3739 2613 3783 tot
2645 3730 2991 3785 escensiones
3025 3730 3115 3782 vix
3167 3729 3435 3797 quispiam
3489 3725 3648 3797 142

2073 3821 2175 3874 hac
2256 3823 2428 3892 gratia
2494 3823 2692 3887 dignus
2752 3822 3036 3876 habeatur.
3108 3821 3183 3875 De
3241 3821 3324 3874 his
3372 3820 3648 3888 mysteriis

2072 3914 2286 3985 Moysvs
2309 3916 2532 3968 edoctus
2557 3913 2753 3984 populo
2785 3912 3064 3980 pt‘wcepit,
3105 3922 3161 3964 ut
3189 3920 3310 3980 post
3365 3910 3648 3963 Dominum

2072 4007 2396 4061 ambularet.
2444 4005 2562 4070 Quo
2591 4015 2868 4074 praecepto
2897 4004 3061 4057 David
3094 4003 3300 4065 audito,
3332 4003 3410 4056 ait
3440 4003 3505 4056 ad
3542 3999 3650 4056 Do-

2075 4099 2275 4152 minum
2310 4115 2323 4150 :
2356 4116 2374 4148 ι
2415 4095 2652 4150 Adhaesit
2705 4095 2884 4149 anima
2946 4109 3063 4150 mea
3112 4105 3233 4164 post
3264 4093 3376 4148 te"
3425 4092 3539 4162 (ἓό)
3571 4106 3586 4145 :
3621 4111 3642 4143 ι

2074 4203 2129 4246 ct
2159 4193 2208 4244 in
2257 4191 2481 4247 Cantico
2516 4198 2665 4246 casta
2702 4189 2910 4256 Sponsa
2949 4189 3027 4243 sic
3059 4187 3296 4255 loquitur
3327 4203 3341 4239 :
3400 4202 3419 4238 ι
3458 4184 3648 4238 Frater

2074 4301 2224 4341 mens
2284 4283 2499 4338 transiit
2547 4301 2561 4336 :
2611 4282 2791 4336 anima
2846 4294 2962 4335 mea
3013 4295 3230 4351 egressa
3285 4289 3369 4333 est
3428 4278 3480 4331 in
3530 4291 3645 4331 scr-

2076 4394 2235 4432 tnoue
2268 4377 2386 4446 ejus
2412 4376 2485 4430 ".
2520 4392 2538 4426 ι
2582 4372 2736 4427 Nulla
2760 4372 2907 4426 enim
2951 4387 3073 4441 spes
3131 4380 3214 4426 est
3272 4369 3485 4434 salutis,
3541 4368 3644 4422 nisi

2076 4472 2120 4528 si
2151 4468 2276 4538 quis
2303 4465 2454 4534 sequi
2483 4464 2698 4520 discat:
2742 4481 2761 4514 ι
2791 4462 3038 4531 Scapulis
3061 4463 3260 4532 quippe
3294 4461 3408 4514 suis
3458 4460 3654 4514 obum-

1175 4605 1639 4696 "Ma‘t‘thguxvtt,
1688 4610 1899 4696 lseqq.
1976 4611 2020 4643 ⁸⁷
2043 4609 2234 4665 Matth.
2296 4623 2404 4670 xvt,
2472 4603 2560 4658 l7.
2636 4605 2682 4638 δ’
2713 4601 2902 4658 Matth.
2962 4617 3076 4666 xvt,
3123 4600 3215 4655 ‘29..
3289 4598 3495 4653 “Ibid.
3557 4597 3629 4652 2'5

1631 4802 1946 4865 Francisci
1988 4801 2198 4864 Scorsi
2234 4805 2420 4863 nota.

380 4924 629 4997 Gregorii
663 4939 729 4978 ex
763 4924 955 4997 Latina
985 4925 1438 4997 interpretatione
1464 4928 1602 4984 satis
1641 4929 1801 4982 habui
1835 4946 1960 4997 pro-
1996 4933 2040 4988 Ι)
2069 4939 2285 4983 servato
2335 4937 2634 4994 temporum
2689 4922 2900 4983 ordine,
2946 4927 3014 4997 _nt
3053 4915 3177 4970 inde
3214 4913 3386 4977 matris
3425 4912 3655 4997 θιβίείτξι

382 4996 596 5056 tulisse,
641 5004 701 5048 ιιι
732 4996 814 5048 vel
878 5010 945 5048 ex
983 4995 1068 5050 his
1114 4997 1287 5051 solum
1361 5008 1504 5052 totus
1549 4999 1721 5053 nostri
1785 4995 1966 5055 Theo-

383 5067 579 5136 phanis
601 5064 822 5120 asseclaa
864 5065 1113 5136 Gregorii
1155 5075 1363 5122 tractus
1419 5070 1690 5123 sermonis
1721 5068 1966 5126 illuStra-

383 5147 552 5190 retur.

456 5206 571 5273 (22)
621 5204 884 5275 Auditque
916 5221 1096 5260 rursus
1145 5206 1300 5261 illud.
1352 5207 1480 5261 Haec
1511 5207 1673 5262 verba
1710 5225 1814 5263 non
1841 5218 1968 5264 ante

382 5277 554 5346 visam
574 5274 804 5346 Christi
831 5276 1361 5346 transﬁgurationetn
1399 5276 1591 5334 Petrus
1623 5281 1828 5334 audivit
1860 5278 1960 5334 sibi

381 5361 411 5400 υ
455 5343 678 5418 Christo
730 5343 898 5400 dicta.
955 5343 1080 5418 Haec
1109 5346 1252 5418 enim
1291 5348 1558 5418 protulissa
1613 5349 1828 5418 quidem
1859 5349 1962 5403 fuit

383 5420 438 5490 in
495 5417 595 5469 hoc
635 5430 889 5490 sermone
947 5417 1151 5490 Christi
1210 5433 1330 5490 cum
1372 5415 1555 5490 Petro,
1611 5415 1666 5473 at
1711 5429 1830 5490 post
1867 5434 1963 5474 sex

381 5487 500 5540 dies
560 5486 855 5554 proposita,
898 5500 1058 5552 quam
1121 5487 1234 5541 haec
1276 5487 1418 5542 dicta
1461 5489 1591 5553 sint,
1663 5486 1724 5543 ut
1753 5504 1816 5544 ex
1854 5498 1967 5544 toto

380 5565 640 5610 contextu
677 5572 742 5609 ex
776 5571 896 5625 cap.
929 5555 1120 5612 Matth.
1157 5573 1291 5622 xvii,
1319 5567 1374 5611 et
1404 5558 1566 5612 Marci
1594 5574 1669 5626 tx,
1703 5558 1863 5615 Lucae
1885 5575 1964 5624 tx,

381 5627 606 5699 planum
635 5635 754 5690 est;
776 5627 870 5699 sed
902 5629 1076 5681 utitur
1101 5627 1187 5682 hic
1217 5635 1400 5699 orator
1425 5630 1591 5699 ligura
1620 5644 1741 5698 quae
1762 5629 1962 5699 σωρός,

385 5697 490 5767 hoc
520 5704 626 5767 es_t,
661 5695 936 5767 cumulus,
995 5713 1088 5752 seu
1151 5697 1438 5767 congeries
1468 5695 1720 5753 'dicitur.
1767 5695 1961 5754 omnia

381 5765 530 5820 enim
555 5763 621 5837 VS.
661 5763 1110 5837 Petriprivilcgia
1144 5779 1199 5821 et
1235 5763 1379 5821 rccta
1416 5765 1556 5822 facta
1594 5778 1879 5823 enumerat
1909 5779 1965 5824 et

378 5836 650 5902 cumulat,
687 5835 842 5905 quod
879 5835 1049 5893 etiam
1069 5853 1234 5908 supra
1261 5837 1328 5894 de
1376 5847 1549 5895 morte
1584 5839 1804 5902 fecerat,
1857 5857 1962 5896 non

2078 4997 2398 5054 admirabile
2444 4983 2586 5064 quod
2627 5002 2855 5064 uterque
2911 4989 2992 5042 vir
3049 4997 3155 5064 tam
3212 4999 3440 5053 magnus
3479 4983 3652 5064 tantis

2077 5080 2273 5124 auctus
2327 5055 2483 5120 donis
2533 5073 2585 5117 et
2627 5055 2930 5136 Avirtutibus
2988 5059 3387 5136 andiatdznnen
3426 5055 3648 5136 adhuc':

2074 5138 2297 5201 Sequere
2347 5153 2447 5190 me.
2496 5136 2587 5189 Sic
2627 5131 2809 5202 itaque
2832 5138 3126 5184 excusatur
3156 5127 3218 5180 τὺ
3254 5124 3482 5195 ὕστερον
3515 5124 3650 5193 πρὸ·

2069 5224 2251 5280 τερον,
2287 5206 2583 5280 a_t_tctoris._
2649 5272 2659 5280 .
3403 5264 3412 5275 ,

2148 5262 2257 5348 (25)
2284 5277 2506 5350 ίΡηιυαε
2551 5272 2865 5329 Judworum
2919 5285 3125 5350 auream
3162 5264 3553 5350 Alluditj‘tent
3583 5262 3651 5350 ad

2069 5333 2422 5418 aztego'ricum
2446 5355 2838 5412 sensumquent
2859 5341 3092 5410 explicat
3112 5337 3344 5393 hom.De
3373 5333 3651 5388 Passiouc.

2072 5417 2206 5473 Vide
2239 5428 2416 5472 notas.
2637 5483 2648 5486 _
3168 5478 3208 5486 _
3265 5477 3278 5486 .
3431 5475 3467 5486 .,

2141 5489 2255 5561 (25)
2287 5486 2526 5561 Att/cauit
2560 5483 2739 5538 anima
2761 5497 2876 5536 mea
2890 5488 3026 5561 ‘post
3053 5488 3132 5561 te.
3168 5478 3235 5532 Et
3265 5477 3409 5530 hunc
3431 5475 3652 5561 Davidis

2067 5545 2439 5628 versiculum"
2464 5557 2537 5610 ita
2592 5545 2968 5628 accommodat
2999 5551 3067 5604 ad
3108 5562 3328 5628 sensum
3391 5545 3651 5628 moralem

2066 5628 2362 5699 Gregorius
2399 5625 2560 5699 l‘jyss.
2624 5623 2762 5699 loco_
2790 5623 2941 5699 dicto
2976 5633 3139 5699 supra
3187 5634 3248 5699 .n.
3287 5618 3339 5699 8..
3523 5617 3654 5699 item

2068 5685 2300 5753 alterum
2324 5712 2389 5752 ex
2413 5685 2554 5751 Psal.
2587 5709 2690 5749 xc:
2724 5691 2968 5762 Scapulis
3005 5685 3114 5745 suis
3148 5686 3481 5744 obumbrabit
3521 5685 3642 5740 tibi.

2070 5770 2200 5838 Qua:
2231 5769 2351 5825 vide
2379 5767 2439 5838 in
2469 5766 2591 5839 ipso
2623 5764 2906 5836 Gregorio.
