3974 6200
1007 281 1020 306 \

321 350 434 416 4‘69

1666 379 1989 440 HOMILIA
2037 383 2230 449 XXII.

3449 369 3572 472 tto

328 464 517 528 Ὀστις
538 459 631 519 οὖν
661 467 1000 547 ἐπαισχυνθῇ
1033 495 1120 548 με,
1153 483 1349 553 φησὶν,
1380 487 1719 557 ὁμολογῆσαι
1765 493 1853 545 Θεέ

328 554 407 585 ἓιλ
453 556 556 585 -.ἱ-ιι
605 561 940 585 ____!_--._s_,
998 569 1018 585 η
1115 572 1128 585 ι
1295 575 1308 585 ι
1407 578 1420 585 -
1587 579 1599 585 -

1956 498 1974 552 ι
2007 497 2400 554 confessionem
2423 502 2610 572 exigit.
2655 508 2927 578 nt'dnplex
2952 527 3168 585 quoque
3203 520 3569 579 sanctiﬁcatio

319 554 408 606 διὰ
453 556 556 624 τὴν
605 561 965 629 ταπείνωσιν,
993 569 1059 638 ἢν
1109 572 1352 640 ἐμαυτὸν

315 735 483 800 αὐτὸς
513 739 917 813 ὀμολογήσεται
947 749 1042 800 ὑπ’
1069 753 1230 820 ἐμοῦ.
1258 735 1356 810 Δια
1389 735 1599 814 τούτων
1635 763 1690 816 δὲ
1750 735 1894 834 -προ-

309 833 598 898 αναφωνεῖ
624 833 733 888 τῶν
766 843 1068 911 μαρτύρων
1099 844 1159 897 τὸ
1181 849 1416 917 στάδιον,
1451 853 1544 906 καὶ
1571 854 1668 925 τὴν
1700 857 1892 924 ὁμολο-

309 921 466 988 γίαν,
497 924 714 980 καὶτὸν
743 930 884 1000 ὑπὲρ
939 935 1109 988 αὐτοῦ
1169 938 1418 997 θάνατον.
1469 921 1773 1016 Μοιχαλίδα
1832 949 1890 1002 δὲ

307 1015 508 1078 γενεὰν
561 1019 655 1072 καὶ
701 1021 1060 1094 ἁμαρτωλὸν,
1123 1033 1253 1096 τοὺς
1277 1035 1542 1101 ἀπίστους
1568 1040 1889 1109 ὠνόμασεν·

302 1106 455 1160 οὕτω
485 1109 596 1180 γὰρ
624 1113 808 1168 αὐτῶν
840 1119 934 1170 καὶ
965 1121 992 1170 ὁ
1026 1127 1366 1194 προφητικὺς
1411 1128 1566 1197 λόγος
1605 1106 1885 1187 καθάπτε-

300 1215 417 1260 ται.
442 1201 520 1264 ὡς
559 1203 965 1275 ἐξεπόρνευσαν
995 1215 1110 1276 τοῖς
1146 1216 1426 1284 γλυπτοῖς,
1456 1223 1551 1274 καὶ
1582 1225 1886 1296 ἐμοιχῶντο

297 1291 362 1341 ἐν
391 1291 474 1360 τῷ
509 1293 652 1362 ξύλῳ
676 1311 690 1324 ο
712 1298 1040 1369 ἐπιπλήττει
1071 1305 1129 1357 δὲ
1168 1308 1368 1372 αὐτοὺς
1398 1315 1542 1384 καὶὴ
1575 1291 1884 1387 προῇητεία

294 1382 544 1451 Μιχαίου
575 1385 812 1454 λέγουσα
837 1406 851 1420 ·
887 1410 906 1442 ι
948 1393 1044 1447 Ἐκ
1079 1399 1453 1470 μισθωμάτων
1475 1382 1729 1477 πορνείας
1746 1382 1879 1464 ’συν-

295 1471 504 1541 ήγαγε,
534 1478 627 1528 καὶ
664 1479 729 1529 ἐκ
774 1483 1146 1554 μισθωμάτων
1180 1495 1442 1562 πορνείας
1497 1471 1816 1570 ἀνέστρεψε.
1851 1522 1869 1556 ι

293 1565 424 1619 Τῶν
457 1569 718 1624 τοιούτοιν
745 1574 928 1628 τοίνυν
953 1580 1188 1635 ἐνώπιον
1210 1585 1544 1660 ὁμολογῆσαι
1566 1595 1658 1647 τὸν
1689 1597 1878 1651 ἐσταυ-

296 1658 548 1725 ρωμένον
573 1661 673 1714 οὐκ
703 1665 1167 1737 ἐπαισχυνθὲντες
1193 1679 1243 1729 οἱ
1261 1681 1572 1753 μάρτυρες,
1600 1687 1710 1740 τῶν
1747 1707 1900 1743 στε-ι

294 1750 482 1815 φάνων
507 1753 797 1826 ἐπέτυχον.
826 1762 926 1813 Διὰ
961 1764 1119 1818 τοῦτο
1144 1767 1329 1841 ἔχαιρε
1352 1750 1557 1847 Πέτρος
1583 1782 1671 1832 ἐπὶ
1700 1801 1871 1853 κεφα-

1173 1832 1204 1838 --
1274 1832 1284 1841 υ
1468 1832 1479 1847 ι
1539 1832 1554 1840 ”
1701 1832 1840 1853 "‘1'"

290 1842 396 1910 λῆς
434 1846 1022 1921 ἀνασκολοπιζόμενος,
1091 1861 1186 1911 καὶ
1236 1863 1509 1934 Στέφανος
1567 1870 1627 1923 ἐν
1684 1873 1870 1945 κύκλῳ
1902 1832 1944 1887 Β

288 1934 828 2009 λιθολευστούμενος,
874 1949 968 2000 καὶ
1015 1951 1294 2022 Ἀνδρέας,
1357 1958 1451 2010 καὶ
1511 1960 1716 2029 Σίμων,
1774 1934 1868 2019 καὶ

286 2027 553 2093 Φίλιππος
584 2035 804 2105 σταυρῷ
833 2040 1040 2093 τελειού
1052 2059 1231 2111 μενος,
1260 2047 1351 2100 καὶ
1373 2027 1862 2124 Θωμᾶς-λογχευό-

287 2135 477 2184 μενος,
544 2122 639 2174 καὶ
697 2125 911 2190 Παῦλος
939 2128 1086 2198 ξίφει
1137 2137 1497 2205 τεμνόμενος,
1546 2143 1639 2194 καὶ
1666 2122 1864 2215 cluet"

283 2209 484 2272 αὐτοὺς
500 2213 733 2283 ἀθληταὶ
752 2219 850 2282 τὰς
873 2221 1250 2293 πολυτρόπους
1289 2228 1536 2288 κολάσεις
1560 2209 1859 2305 δεχόμενοι.

279 2300 397 2354 Καὶ
429 2302 615 2370 ἔλεγεν
648 2311 833 2374 αὐτοῖς
862 2328 877 2343 ·

358 2409 376 2442 ι
431 2393 632 2465 Ἀμὴν,
667 2397 817 2469 ἀμὴν
844 2401 987 2470 λέγω
1013 2405 1165 2475 ὑμῖν,
1195 2409 1277 2462 ὅτι
1308 2413 1413 2465 εἰσί
1437 2431 1580 2480 τινες
1626 2418 1735 2471 τῶν
1758 2415 1860 2475 ὧδε

278 2482 616 2552 ἑστηκότων,
669 2490 869 2555 οἵτινες
901 2493 963 2546 οὖ
994 2496 1069 2567 μὴ
1121 2499 1426 2566 γεύσωνται
1456 2506 1716 2574 θανάτου,
1749 2514 1856 2579 ἕως

280 2572 352 2624 ἂν
379 2574 534 2627 ἴδωσι
585 2578 684 2650 τὴν
716 2580 996 2649 βασιλείαν
1020 2589 1112 2640 τοῦ
1159 2591 1296 2645 Θεοῦ
1323 2596 1650 2667 ἐληλυθυῖαν
1678 2572 1736 2656 ἐν
1761 2572 1855 2658 δυξ-

283 2665 507 2734 νάμει.»
559 2670 776 2743 Ἐπειδὴ
799 2672 954 2729 εἶπεν
978 2680 1209 2749 ἄνωθεν,
1235 2685 1317 2738 ὅτι
1360 2705 1380 2739 ι
1408 2665 1520 2742 Καὶ
1551 2695 1578 2745 ὀ
1604 2693 1732 2759 Υἱὸς
1760 2699 1852 2752 τοῦ

273 2756 416 2810 Θεοῦ
464 2763 968 2837 ἐπαισχυνθήσεται
1014 2773 1201 2841 αὐτὸν,
1227 2777 1359 2830 ὅταν
1397 2781 1527 2854 ἔλθῃ
1553 2786 1611 2839 ὲν
1633 2756 1850 2863 τῇνδόξῃ

276 2847 493 2919 Πατρὸς
515 2853 702 2917 αὐτοῦ,
738 2875 756 2907 ι
788 2859 980 2929 ἄδηλος
1007 2863 1062 2916 δὲ
1081 2863 1221 2935 αὕτη
1245 2862 1332 2938 ἦν,
1365 2871 1459 2924 καὶ
1501 2847 1851 2945 άμφίέολοςηί

273 2941 688 3008 ἐπαγγέλλεται
733 2948 832 3017 τῆς
886 2950 1047 3022 δόξης
1106 2957 1324 3024 ἐκείνης
1353 2961 1524 3027 δεῖξαι
1574 2941 1760 3035 αὐτοῖς
1782 2941 1850 3028 τὰ

273 3033 566 3102 προοίμια,
597 3043 1014 3109 προαναφωνῶν
1045 3045 1300 3101 ἐντεῦθεν
1335 3053 1434 3122 τὴν
1481 3033 1846 3132 μεταμόριρω·

270 3140 380 3191 σιν,
414 3126 536 3196 ἥτις
589 3125 658 3199 ἦν
713 3137 1072 3206 προμήνυμα,
1108 3141 1201 3193 καὶ
1247 3144 1416 3198 είκὼν
1456 3150 1557 3218 τῆς
1585 3125 1842 3225 φρικτῆς,
1875 3159 1916 3216 C

268 3218 370 3272 καὶ
421 3219 688 3292 δευτέρας
759 3227 1110 3298 ἑκλάμψεως,
1149 3235 1209 3286 ὲν
1348 3241 1487 3307 μετὰ
1559 3218 1654 3298 τοῦ
1709 3218 1842 3302 Θεοῦ

266 3309 646 3381 ἐκλάμψουσιν
675 3317 724 3369 ol
745 3318 1031 3375 δίκαιοιὲν
1061 3327 1126 3396 τῇ
1157 3327 1267 3380 τῶν
1313 3332 1556 3401 οὐρανῶν
1589 3337 1844 3413 βασιλείᾳ

268 3403 369 3470 τῆς
402 3404 578 3458 ἀϊδίου
633 3408 796 3481 δόξης
853 3415 1248 3485 πληρούμενοι.
1280 3423 1480 3477 Σκόπει
1537 3403 1601 3481 δέ’
1627 3448 1716 3499 μοι
1745 3403 1842 3486 τοῦ

265 3494 432 3562 λόγου
472 3500 532 3550 τὸ
563 3500 814 3569 ἀκριϐές.
849 3506 922 3558 Οὐ
956 3510 1063 3579 γὰρ
1089 3507 1246 3565 εἴπεν
1274 3516 1462 3581 ἁπλῶς
1489 3536 1503 3550 ο
1532 3494 1655 3575 Εἰσί
1695 3543 1842 3591 τινες

263 3586 376 3640 τῶν
397 3582 521 3653 ὦδε,
547 3592 682 3646 ἀλλὰ
717 3599 1028 3668 προσέθηκε
1085 3603 1168 3669 τὸ,
1210 3624 1230 3658 ‹
1285 3605 1646 3681 Ἐστηκότων.
1687 3635 1705 3668 ι
1742 3582 1841 3673 Διά

265 3679 320 3731 τί
346 3697 362 3744 ;
395 3682 516 3734 Ὀτι
548 3686 717 3756 συνῆν
743 3689 927 3754 αὐτοῖς
971 3695 1175 3760 Ἰούδας
1198 3701 1226 3752 ὁ
1277 3679 1736 3777 χριστοκάπηλος,
1782 3714 1840 3778 ὃς

263 3773 362 3842 οὐχ
391 3775 578 3829 ἵστατο
608 3781 673 3849 τῇ
710 3781 890 3837 πίστει
925 3787 1024 3849 τὰς
1051 3791 1148 3859 τῆς
1181 3794 1360 3864 ψυχῆς
1391 3795 1575 3864 βάσεις
1609 3801 1832 3872 ἐπερει-

262 3865 512 3935 δόμενος,
544 3871 681 3924 ἀλλὰ
719 3877 785 3944 τῇ
817 3875 1025 3950 διανοίᾳ
1063 3883 1368 3939 κατέπιπτε
1402 3887 1480 3958 τῷ
1508 3894 1607 3962 τῆς
1639 3865 1838 3958 κακίας

264 3957 427 4028 βάρει
458 3967 922 4036 καταφερόμενος.
971 3973 1109 4028 Ἀπὸ
1133 3977 1325 4031 τούτου
1345 3980 1476 4047 γοῦν
1505 3957 1836 4042 διαστέλλων

259 4051 390 4116 τοὺς
418 4053 635 4121 ἕνδεκα,
657 4059 784 4122 τοὺς
811 4061 870 4114 ἐν
897 4065 962 4133 τῇ
991 4065 1169 4138 πέτρᾳ
1191 4069 1288 4139 τῆς
1309 4071 1402 4124 τοῦ
1432 4075 1670 4144 Χριστοῦ
1693 4079 1834 4148 ἀγά-

259 4159 392 4211 πης,
427 4146 549 4208 τοὺς
595 4149 804 4203 ἑαυτῶν
861 4155 1030 4218 πόδας
1068 4162 1372 4230 στήσαντας
1398 4183 1411 4197 ο
1451 4186 1469 4217 ‹
1501 4168 1641 4233 Εἰσὶ,
1677 4175 1830 4242 φησὶ,

255 4230 406 4295 τινὲς
429 4235 538 4286 τῶν
567 4233 668 4290 ὧδε
699 4241 1028 4314 ἑστηκότων,
1081 4249 1279 4316 οἵτινες
1324 4255 1384 4308 ού
1420 4258 1494 4328 μὴ
1545 4262 1834 4328 γεύσονται

257 4319 518 4410 θανάτου,
553 4329 686 4398 πρὶν
727 4331 794 4383 ἄν
839 4334 990 4389 ἴδωσι
1025 4338 1124 4408 τὴν
1160 4319 1438 4410 βασιλείαν
1470 4319 1567 4402 τοῦ
1599 4352 1734 4406 Θεοῦ
1760 4371 1773 4386 ⁸
1806 4375 1824 4408 ι

253 4405 325 4480 ἧς
360 4413 458 4464 καὶ
487 4415 652 4485 ἡμεῖς
716 4421 918 4486 πάντες
975 4427 1032 4477 ἐν
1066 4405 1368 4484 ἀπολαύσει
1395 4437 1710 4507 γενοίμεθα,
1740 4405 1828 4493 ὲνξ

249 4502 660 4576 δυναμούμενοι
689 4515 751 4582 τῇ
791 4513 1019 4585 δυνάμει
1049 4521 1145 4573 καὶ
1173 4523 1358 4592 χάριτι
1399 4487 1497 4581 τοῦ
1548 4487 1826 4595 ⁵ξ’ωοτιζοιοῦ
1854 4487 1908 4547 D

252 4597 517 4664 σταυροῦ,
571 4601 652 4663 εἰς
711 4603 772 4656 τὸ
803 4605 1207 4676 ἁπροσκόπτως
1259 4616 1491 4672 διελθεῖν
1532 4624 1629 4691 τῆς
1677 4625 1828 4695 ἱερᾶς

252 4688 517 4754 νηστείας
552 4690 644 4744 τὸν
674 4693 866 4757 πλοῦν,
911 4700 1009 4752 καὶ
1059 4703 1195 4773 πρὸς
1223 4706 1316 4760 τὸν
1375 4688 1594 4780 λιμέντ
1623 4688 1828 4782 φθάσαι

246 4776 348 4843 τῆς
378 4777 474 4830 τοῦ
507 4780 746 4850 Χριστοῦ
773 4787 1124 4856 ἀναστάσεως
1145 4833 1161 4858 ,
1195 4797 1282 4850 διὰ
1316 4802 1414 4870 τῆς
1444 4803 1689 4858 ἑκουσίου
1723 4825 1826 4862 κα-

248 4868 556 4935 κοπαθείας
602 4873 681 4944 τῷ
719 4877 940 4949 Χριστῷ
966 4868 1430 4959 συσταυρούμενοι
1465 4896 1557 4948 καὶ
1592 4897 1824 4953 ἀκολου-

249 4956 476 5022 θοῦντες
495 4963 646 5032 αὐτῷ
677 4965 865 5034 σαφῶς
894 4971 1028 5040 ἡμῖν
1057 4973 1154 5044 τὴν
1180 4956 1302 5030 όδὸν
1331 4979 1426 5049 τῆς
1455 4983 1656 5056 ἀρετῆς
1687 4989 1820 5043 ὑπο-

245 5046 510 5118 ὂείξαντι,
570 5055 666 5108 καὶ
729 5059 828 5127 τῆς
863 5061 1166 5136 μελλούσης
1197 5068 1355 5140 δόξης
1383 5046 1537 5145 αὐτῶ
1567 5046 1823 5154 κοινωνήο

247 5154 466 5206 σαντες,
497 5145 721 5202 καὶτῶν
745 5150 1000 5221 ἀρρήτων
1025 5156 1251 5210 ἐκείνων
1283 5163 1506 5229 ἀγαθῶν
1541 5167 1650 5222 τῶν
1682 5145 1824 5243 ὑπὲρ

243 5231 392 5301 ὄψιν,
425 5235 520 5288 καὶ
578 5237 768 5334 ἀκοὴν,
821 5244 917 5297 καὶ
964 5245 1226 5317 διάνοιαν,
1262 5252 1397 5320 ὅπερ
1447 5258 1564 5312 ἐστὶ
1588 5261 1652 5313 τὸ
1684 5231 1824 5334 μετά

241 5323 384 5377 Θεοῦ
423 5321 563 5379 εἶναι
587 5343 600 5357 °
624 5319 670 5396 ᾧ
702 5333 901 5401 πρέπει
931 5338 1086 5410 τιμὴ,
1114 5341 1209 5394 καὶ
1233 5319 1391 5412 δόξας
1417 5349 1498 5412 είς
1532 5352 1658 5417 τοὺς
1684 5319 1825 5408 ἀἰῶ-

240 5429 342 5467 νας
370 5415 483 5468 τῶν
511 5417 747 5474 αἰώνων.
796 5423 989 5496 Ἀμήν.

312 5533 360 5566 ’³
398 5535 569 5589 Mich.
603 5555 642 5604 ι,
676 5538 732 5592 7.

1403 578 1772 645 ὲταπείνωσα,
1804 599 1853 634 κε

1997 589 2089 643 sit.
2136 591 2456 663 Quicunque
2505 597 2689 664 igitur,
2721 599 2917 669 inquit.
2949 578 3230 666 erubuerit
3259 627 3345 668 me
3391 616 3568 669 conﬁ-

313 643 524 710 ὖνειδος
551 643 826 720 ἡγήσαιτο
847 658 1142 727 κηρύττειν
1161 665 1585 737 ἐσταυρωμένον
1608 643 1766 737 Θεδνς
1786 675 1896 728 οὐδ’

2001 682 2094 734 teri
2135 681 2321 747 Deum,
2351 698 2568 756 propter
2597 689 2962 749 humilitatem
3013 699 3080 754 ad
3141 715 3302 771 quam
3352 721 3436 760 me
3473 709 3565 762 de-

1999 775 2138 840 misi,
2164 787 2212 830 et
2239 781 2436 847 probro
2469 785 2681 838 duxerit
2707 787 2809 840 sibi
2841 792 3133 858 prmdicare
3154 799 3302 852 cruci
3341 800 3560 854 aﬂixum

1997 864 2185 931 Deum,
2236 884 2334 923 nec
2394 886 2494 942 ego
2557 876 2859 934 conﬁtebor
2906 897 3053 938 cum.
3101 884 3195 940 llis
3214 902 3341 943 vero
3377 894 3560 948 verbis

1993 970 2289 1030 martyrum
2329 967 2650 1032 certamina,
2680 979 2730 1025 et
2777 973 3198 1042 confessionem,
3233 991 3287 1034 et
3325 996 3553 1038 mortem

1990 1065 2087 1118 pro
2111 1067 2167 1105 se
2193 1066 2498 1125 susceptam
2532 1065 2878 1129 praenuntiat.
2917 1067 3232 1124 Adulteram
3278 1087 3408 1128 vero
3465 1093 3558 1146 ge-

1988 1144 2341 1212 neralinnem,
2366 1157 2419 1202 et
2448 1154 2798 1218 peccatricem
2824 1167 2978 1212 vocat
3008 1158 3273 1219 inﬁdeles.
3300 1165 3389 1221 Sic
3410 1169 3552 1222 enim

1985 1247 2078 1288 eos
2115 1237 2276 1289 etiam
2295 1242 2640 1310 propheticus
2663 1261 2841 1302 sermo
2872 1252 3209 1324 perstringit,
3253 1258 3394 1325 quod
3430 1275 3550 1314 cum

1985 1325 2323 1394 Sculptilihus
2371 1331 2617 1389 fornicati
2680 1349 2826 1405 sunt,
2888 1353 2944 1396 et
3005 1344 3057 1398 in
3093 1344 3241 1414 ligno
3282 1350 3551 1405 adultera-

1983 1428 2126 1471 runt.
2169 1417 2529 1490 Rt-preltcndit
2565 1441 2656 1481 eos
2713 1445 2927 1500 quoque
2964 1433 3204 1492 Michzeze
3265 1443 3546 1509 prophetia

1981 1507 2164 1563 dicens
2190 1531 2205 1564 :
2235 1529 2253 1561 ι
2281 1510 2355 1566 Ex
2391 1518 2730 1575 tnercedibus
2763 1522 3140 1580 fornicationis
3172 1535 3544 1601 congregavit,

1976 1610 2029 1656 et
2058 1615 2123 1654 ex
2159 1604 2498 1662 mercedibus
2537 1607 2916 1669 fornicationis
2939 1621 3208 1674 convertit
3244 1623 3309 1675 ’3.
3369 1641 3387 1674 ι
3441 1625 3546 1679 Co-

1977 1707 2092 1747 ram
2139 1696 2222 1750 his
2282 1697 2442 1766 igitur
2485 1714 2748 1773 martyres
2790 1710 3110 1766 cruciﬁxum
3154 1713 3397 1771 conﬁteri
3437 1735 3540 1774 non

1975 1789 2362 1845 erubescentes
2390 1809 2647 1849 coronam
2701 1807 2826 1852 sunt
2894 1806 3192 1859 consecuti.
3243 1809 3314 1862 Ea
3374 1826 3537 1866 causa

1977 1879 2186 1935 laetatus
2211 1894 2294 1937 est
2320 1885 2509 1941 Petrus
2543 1887 2759 1946 inverso
2787 1893 2962 1962 capite
2993 1895 3045 1949 in
3094 1913 3254 1954 cruce
3309 1917 3540 1972 suspen-

1970 1971 2049 2035 di,
2079 1983 2128 2026 et
2169 1973 2478 2044 Stephanus
2539 1996 2565 2031 a
2612 1981 3090 2042 circumstantilms
3127 1989 3417 2060 .lapidari:
3486 2003 3541 2049 et

1969 2062 2232 2130 Andreas,
2271 2077 2323 2121 et
2352 2067 2559 2135 Simon,
2597 2081 2650 2126 et
2676 2075 2955 2145 Philippus
3005 2097 3099 2148 per
3147 2095 3364 2138 erucem
3415 2099 3538 2139 con-

1967 2159 2250 2222 summari,
2300 2170 2356 2213 et
2417 2159 2654 2217 Thomas
2722 2165 2905 2221 lancea
2988 2175 3416 2230 transverberari
3481 2189 3536 2231 et

1965 2245 2162 2302 Paulus
2216 2251 2528 2306 obtruncari
2581 2255 2802 2322 gladio:
2855 2268 2910 2311 et
2965 2262 3294 2328 posteriores
3345 2281 3532 2320 omnes

1971 2340 2189 2396 athleta:
2213 2346 2493 2400 tormentis
2513 2347 2677 2400 variis
2699 2351 3019 2406 excruciari.
3049 2351 3115 2407 Et
3134 2355 3346 2412 dicebat
3373 2357 3476 2411 illis
3510 2375 3526 2412 :

2039 2450 2056 2482 ι
2110 2434 2299 2497 Amen,
2335 2437 2631 2492 amendico
2665 2439 2837 2505 vobis,
2863 2443 2988 2511 quia
3032 2456 3161 2500 sunt
3207 2447 3426 2517 quidam
3461 2451 3529 2504 de

1920 2528 1926 2533 ’
1962 2522 2049 2576 hic
2081 2527 2370 2591 stantibus,
2399 2529 2488 2595 qui
2525 2543 2626 2581 non
2642 2532 3208 2602 gustabuntmortcm,
3251 2540 3419 2594 donec
3445 2543 3526 2594 vi-

1959 2616 2122 2668 deant
2195 2631 2415 2685 regnum
2486 2618 2575 2672 Dei
2653 2622 2872 2677 veniens
2932 2625 2981 2678 in
3059 2627 3280 2684 virtute.
3328 2650 3346 2682 ι
3409 2631 3526 2698 Quo

1957 2705 2100 2758 niam
2158 2723 2317 2777 supra
2371 2709 2586 2765 dixerat
2639 2729 2652 2765 :
2698 2732 2716 2765 ι
2762 2713 2828 2767 Ει
2880 2715 3047 2772 Filius
3103 2719 3337 2776 hominis
3395 2739 3525 2779 eru-

1954 2795 2200 2850 besceret
2239 2812 2381 2862 eum,
2415 2814 2534 2853 cum
2571 2805 2773 2857 venerit
2808 2805 2862 2859 in
2912 2807 3079 2877 gloria
3127 2809 3304 2865 Patris
3343 2816 3460 2879 sui,
3497 2834 3515 2868 ι

1953 2886 2068 2940 haec
2102 2899 2280 2942 autem
2308 2901 2425 2944 erat
2451 2891 2627 2946 adhuc
2660 2895 2766 2949 illis
2812 2896 2972 2951 dubia
3009 2916 3024 2954 :
3076 2904 3343 2970 promittit
3376 2905 3522 2964 illius

1953 2977 2135 3046 gloria:
2184 2981 2425 3050 quaedam
2457 2983 2715 3050 praeludia
2742 3001 2801 3040 se
2839 2988 3118 3055 daturum,
3169 3008 3233 3048 ac
3299 3001 3518 3052 transii-

1951 3069 2285 3137 gurationem
2337 3071 2517 3125 verbis
2566 3072 2716 3128 hisce
2765 3078 3028 3144 praedicit,
3078 3097 3195 3150 quae
3247 3087 3517 3153 specimen

1951 3159 2244 3227 quoddam,
2278 3170 2332 3214 et
2359 3161 2538 3233 imago
2584 3165 2682 3219 fuit
2718 3171 2965 3224 secunda:
2999 3172 3141 3228 illius
3181 3174 3518 3248 ingentisque

1948 3250 2234 3318 claritatis,
2275 3269 2377 3323 qua
2408 3254 2566 3326 144
2587 3273 2687 3311 una
2718 3274 2836 3313 cunt
2865 3261 2973 3317 Deo
2994 3263 3044 3316 in
3070 3280 3234 3335 regno
3255 3268 3514 3322 caelorum

1941 3341 2074 3411 justi
2110 3343 2411 3417 fulgebunt,
2437 3349 2766 3417 sempiterna
2821 3352 2994 3422 gloria
3055 3359 3255 3411 satiati.
3315 3360 3512 3415 Verum

1945 3433 2165 3489 adverte
2227 3437 2356 3490 mihi
2415 3438 2670 3508 loquendi
2727 3443 3109 3502 subtilitatem.
3179 3447 3295 3502 Non
3369 3453 3510 3507 enim

1942 3525 2260 3596 simpliciter
2307 3529 2490 3584 dixit:
2557 3531 2694 3586 Sunt
2741 3535 2959 3604 quidam
3025 3554 3088 3593 ex
3147 3540 3251 3609 his,
3286 3543 3375 3612 qui
3427 3545 3510 3599 hic

1942 3626 2089 3684 sunt,
2147 3619 2240 3674 sed
2311 3624 2561 3692 apposuit
2614 3640 2799 3680 vocem
2852 3628 3019 3696 illam,
3073 3651 3092 3684 ι
3149 3630 3447 3704 Stantibus,
3488 3658 3507 3688 ι

1941 3725 2101 3779 quam
2136 3712 2204 3767 ob
2235 3715 2496 3769 causam?
2521 3718 2664 3786 quod
2699 3727 2817 3774 erat
2867 3737 2968 3776 una
3011 3739 3132 3778 cum
3189 3725 3295 3781 illis
3343 3725 3511 3784 Judas

1942 3801 2190 3855 venditor
2211 3801 2434 3870 Christi,
2468 3806 2559 3875 qui
2584 3823 2686 3862 non
2716 3809 2893 3864 stabat
2927 3813 3091 3881 pedes
3150 3817 3342 3870 animae
3407 3820 3510 3871 tide

1938 3891 2187 3948 suﬁ‘ultos
2216 3894 2442 3960 habens,
2471 3897 2564 3951 sed
2583 3911 2613 3952 e
2648 3900 2846 3954 mentis
2869 3910 3013 3956 statu
3049 3902 3355 3972 decidebat,
3388 3923 3509 3976 pra-

1899 3995 1903 3998 ·
1939 3987 2119 4040 vitatis
2153 3988 2391 4054 pondere
2416 3989 2753 4045 deturbatus.
2787 3992 2867 4046 Ab
2909 3993 3009 4048 hoc
3054 3993 3218 4066 igitur
3259 3999 3504 4053 undecim

1937 4074 2201 4138 eximens,
2235 4075 2324 4143 qui
2362 4075 2413 4128 in
2443 4085 2590 4144 petra
2622 4078 2908 4135 charitatis
2937 4081 3141 4138 Christi
3201 4095 3507 4143 statuerant

1937 4165 2098 4232 pedes
2125 4177 2252 4219 suos
2289 4181 2304 4219 :
2341 4182 2359 4216 ι
2396 4163 2554 4232 Sunt,
2587 4167 2829 4237 quidam,
2861 4172 3058 4241 inquit,
3089 4178 3156 4230 de
3199 4175 3285 4231 ltic
3312 4181 3506 4232 stanti-

1935 4253 2054 4320 bus,
2122 4256 2212 4325 qui
2261 4271 2364 4310 non
2421 4260 2710 4327 gustabunt
2768 4272 3021 4331 mortem,
3076 4265 3248 4322 donec
3289 4270 3504 4326 videant

1936 4360 2157 4415 regnum
2189 4347 2280 4401 Dei
2302 4365 2346 4401 ιι
2384 4363 2490 4417 quo
2517 4348 2722 4403 utinam
2744 4361 2798 4404 ct
2823 4367 2921 4407 nos
2943 4368 3133 4410 omnes
3157 4357 3502 4425 perfruamur

1935 4437 2269 4492 corroborati
2297 4439 2513 4503 virtute,
2542 4449 2598 4495 et
2628 4442 2798 4510 gratia
2853 4444 3095 4501 viviﬁcm‘
3125 4450 3306 4505 crucis
3363 4451 3498 4522 (Ξῖ).

1936 4529 2000 4582 ad
2034 4531 2389 4600 peragendam
2440 4533 2558 4588 sine
2608 4533 2910 4592 offensione
2959 4538 3064 4610 ulla
3111 4543 3254 4597 sacri
3306 4543 3498 4613 jejunii

1935 4622 2362 4691 navigationem,
2394 4634 2446 4678 et
2478 4625 2544 4678 ad
2576 4637 2788 4694 portum
2816 4626 3250 4687 Resurrcctionis
3295 4635 3496 4691 ChriSti

1931 4713 2270 4782 capiendum,
2305 4729 2399 4784 per
2426 4716 2784 4772 voluntariam
2855 4735 3140 4790 ptenarum
3186 4729 3496 4794 perpessio-

1929 4822 2052 4860 nem
2085 4822 2204 4861 cum
2239 4807 2357 4876 ipso
2385 4808 2653 4875 cruciﬁxi,
2690 4820 2742 4864 et
2805 4811 2975 4879 ipsum
3039 4827 3347 4884 sequentes,
3401 4821 3491 4890 qui

1930 4901 2084 4954 nobis
2116 4900 2330 4954 virtutis
2353 4900 2490 4953 viam
2525 4913 2707 4970 aperte
2735 4908 3183 4960 commonstravit
3209 4948 3222 4969 ,
3255 4918 3309 4964 et
3375 4921 3494 4966 tan-

1931 4996 2050 5049 dem
2088 4992 2278 5047 futura:
2317 4993 2496 5063 gloriae
2535 5009 2654 5046 cum
2684 4995 2798 5065 ipso
2831 4997 3118 5068 participes
3171 4999 3488 5068 ciliciamur,

1924 5095 1982 5142 et
2003 5100 2322 5141 arcanorum
2359 5083 2568 5138 illorum
2599 5085 2888 5152 bonorum,
2922 5103 3040 5156 quae
3091 5106 3252 5157 supra
3318 5094 3488 5149 visum

1921 5187 1974 5230 et
2009 5178 2273 5239 anditunt,
2313 5184 2364 5230 et
2387 5186 2599 5245 captum
2633 5187 2876 5233 nostrum
2905 5190 3050 5248 sunt,
3085 5185 3228 5252 quod
3258 5195 3339 5240 est
3367 5201 3489 5241 esse

1921 5281 2040 5320 cum
2074 5265 2200 5332 Deo,
2227 5267 2312 5322 cui
2361 5267 2588 5320 debetur
2623 5267 2814 5334 honor,
2859 5279 2914 5324 et
2965 5272 3134 5342 gloria
3183 5275 3236 5329 in
3289 5276 3485 5332 smcula

1920 5355 2258 5408 saeculorum.
2289 5355 2457 5410 Amen
2472 5393 2487 5407 .

1475 5625 1786 5690 Francisci
1827 5631 2030 5694 Scorsi
2065 5642 2250 5696 notas.

311 5707 1118 5825 ξξὶῖξοξίζίςξξὶίξηξιξιξέίίξίτῃῗιηξξδί
1177 5722 1328 5783 Unde
1361 5727 1413 5782 in
1479 5730 1616 5788 hanc
1681 5744 2075 5806 peroratiunem
2133 5742 2277 5797 illata
2314 5757 2512 5803 sanctae
2559 5752 2739 5809 crucis
2808 5754 3029 5825 mentio,
3077 5759 3252 5816 disces
3304 5777 3367 5817 ex
3403 5762 3484 5819 in-

232 5780 538 5849 scriptione
564 5780 800 5840 ltomiliae
823 5796 877 5840 ct
904 5797 1026 5842 nota
1055 5791 1140 5846 Η.
