3974 6200
390 380 502 446 475

1599 366 2088 429 TIIEOPHANIS
2126 365 2468 426 CERAMEI

3530 359 3625 422 476

391 491 742 565 evangelicis,
775 499 826 541 ct
856 484 1166 554 apostolicis
1200 483 1357 536 divtis
1387 482 1680 551 intelliges.
1714 481 1970 535 Sanctum

2082 481 2337 532 κάκωσιν.
2372 481 2494 531 Ὅτι
2553 475 2662 547 γάρ
2723 475 2988 545 μάστιγες
3018 466 3179 529 αὗται
3212 475 3624 547 σωφρονίζουσσι

395 589 593 656 quippe
618 580 968 649 Evangelium
1003 575 1441 630 luctnort-ltoisse
1469 573 1788 625 miraculum
1815 571 1969 624 nobis

395 688 674 745 exponens
721 688 736 725 :
775 689 792 721 ι
834 668 1049 730 Sensit,
1091 666 1300 734 inquit,
1351 665 1492 733 quod
1543 673 1729 716 Sauata
1765 670 1910 716 esset
1938 675 1969 714 a

397 768 546 836 plaga
576 764 650 829 “;
682 781 700 813 ι
732 761 1024 829 Apostolus
1053 773 1180 812 vero
1205 757 1273 820 de
1299 756 1494 822 bisqui
1525 755 1742 824 indigne
1773 762 1971 823 myste-

396 863 472 916 ria
507 868 741 915 tractant
771 857 909 927 (55),
942 857 1018 908 ait
1052 873 1064 908 :
1106 873 1124 904 ι
1161 854 1286 907 ldeo
1333 853 1474 906 inter
1506 866 1601 904 vos
1621 851 1770 904 multi
1804 851 1973 904 imbe-

395 953 528 1014 cilli.
561 962 615 1004 et
645 949 923 1004 dormiunt
954 947 1106 1000 multi
1137 946 1204 997 ".
1243 963 1260 996 ι
1299 943 1496 996 Verum
1533 943 1658 996 dum
1697 943 1973 1012 imperito-

404 1057 521 1095 rum
583 1041 890 1109 Opinionem
947 1039 1218 1107 corrigere
1281 1035 1630 1098 studuimus,
1688 1035 1841 1088 valde
1907 1034 1973 1087 ab

398 1135 668 1193 instituto,
737 1140 987 1198 rertoquc
1037 1145 1196 1182 cursu
1255 1127 1588 1182 dellexitnus.
1644 1127 1756 1195 Age
1819 1140 1970 1195 ergo,

397 1226 698 1278 orationem
735 1222 892 1292 147
930 1222 1085 1289 quasi
1121 1221 1467 1275 ferocientem
1515 1235 1711 1287 equum
1746 1220 1976 1272 adducto

400 1315 553 1370 freno
612 1315 830 1368 dextere
893 1322 1306 1375 convertamus,
1379 1309 1710 1380 pr0positum
1797 1309 1976 1369 thema

404 1418 706 1477 repetentes
740 1419 755 1459 :

478 1606 498 1638 ι
535 1587 578 1642 Ο
609 1586 888 1656 generatio
943 1583 1240 1647 incredula,
1290 1593 1343 1638 et
1395 1596 1644 1652 perversa
1701 1595 1978 1650 usquequo

399 1693 496 1732 ero
535 1677 852 1732 vobiscum?
886 1691 1162 1745 usquequo
1213 1677 1388 1745 patiar
1447 1674 1575 1726 vos?
1623 1674 1825 1726 Allerte
1877 1676 1980 1726 huc

403 1771 549 1823 illum
597 1771 663 1822 ad
721 1786 826 1822 me.
885 1788 903 1820 ι
964 1769 1077 1822 Mus
1127 1779 1209 1820 est
1258 1766 1545 1819 immundis
1598 1767 1874 1834 spiritibus
1911 1767 1976 1818 ad

403 1862 661 1930 quasdam
724 1861 862 1914 lunae
915 1861 1260 1924 mutationes,
1305 1858 1370 1911 iis
1416 1872 1551 1925 quos
1603 1867 1818 1920 vexant,
1865 1870 1978 1910 tur-

407 1953 678 2004 batiouem
735 1952 932 2006 mentis
986 1952 1230 2020 injicere.
1296 1948 1604 2014 Quorsum?
1653 1947 1719 2002 Ut
1770 1960 1974 2003 astrum

403 2056 432 2090 a
471 2040 577 2093 Deo
629 2050 774 2094 recte
825 2041 1095 2094 conditum
1154 2039 1267 2109 (56)
1324 2041 1390 2090 ad
1444 2049 1744 2092 creatarutn
1797 2055 1976 2093 rerum

404 2133 727 2196 utilitatem,
797 2132 976 2184 lunam
1033 2133 1186 2195 dico,
1219 2132 1526 2186 detrimenti
1568 2148 1728 2186 causa
1786 2134 1976 2197 existi-

406 2236 611 2290 metur,
684 2236 843 2293 atque
898 2224 1023 2278 inde
1079 2226 1302 2296 Creator
1361 2234 1418 2278 ut
1480 2225 1740 2279 malorum
1798 2227 1976 2294 opifex

405 2316 773 2384 vituperetur?
829 2317 884 2370 1d
940 2317 1207 2371 malitiose
1256 2319 1547 2372 commenti
1613 2321 1752 2374 hanc
1809 2321 1979 2372 disse-

406 2411 681 2462 minarunt
722 2409 1029 2476 Opinionem
1057 2449 1069 2472 ,
1105 2411 1246 2477 quod
1293 2411 1416 2464 luna
1473 2411 1856 2474 incrementis,
1917 2425 1980 2464 ac

404 2501 765 2554 decrementis
823 2500 936 2554 suis
962 2500 1226 2568 ejusmodi
1279 2502 1525 2572 caliginis
1573 2503 1644 2556 sit
1685 2503 1921 2556 ell'ectrix
1957 2520 1972 2556 :

407 2594 549 2644 ttnde
597 2591 864 2644 lunaticus
909 2593 1248 2660 appellarunt
1296 2609 1361 2648 eo
1409 2595 1596 2647 morbo
1649 2595 1975 2650 laborantes.

409 2683 521 2736 ll.tc
557 2685 717 2752 igitur
751 2685 1048 2738 instructus
1094 2701 1255 2754 prava
1287 2687 1542 2755 Opinione
1591 2689 1852 2740 accedens
1895 2687 1982 2740 hic

408 2775 590 2840 ltomo,
617 2784 778 2844 atque
807 2777 856 2828 id
889 2777 1032 2844 quod
1060 2787 1181 2829 erat
1211 2778 1391 2832 dicere
1414 2778 1670 2832 omittens
1690 2797 1703 2832 :
1725 2777 1981 2833 Miserere

411 2867 522 2919 lilio
548 2883 686 2931 meo,
705 2871 958 2936 quoniam
979 2869 1279 2921 daemonum
1305 2885 1465 2938 opera
1485 2871 1752 2936 agitatur:
1779 2888 1796 2921 ι
1823 2871 1977 2935 Quia,

413 2961 608 3030 inquit,
639 2961 905 3014 lunaticus
925 2969 1040 3024 est;
1074 2978 1092 3009 ι
1121 2973 1284 3028 atque
1307 2961 1405 3014 hoc
1429 2977 1661 3030 arguens
1683 2963 1940 3016 Dominus
1964 2981 1978 3016 :

417 3073 434 3102 ι
470 3053 515 3105 0
545 3054 842 3121 generatio,
876 3051 970 3113 ait,
1014 3052 1286 3106 incredula
1345 3060 1398 3104 ct
1435 3068 1708 3120 perversa.
1751 3072 1769 3106 ι
1798 3053 1983 3123 Neque

2070 571 2130 624 τὺ
2160 571 2432 624 ἁτακτοῦν
2459 569 2559 638 τῆς
2584 568 2785 638 ψυχῆς,
2824 568 3173 637 καταμάθοις
3204 568 3438 639 ἀπονητὶ
3469 587 3624 638 προς-

2073 667 2214 736 έχων
2261 667 2379 725 τοῖς
2437 661 2819 729 εύαγγελικοῖς
2878 659 2976 712 καὶ
2999 660 3381 724 ἀποστολικοῖς
3411 664 3624 733 ῥήμασι.

2071 759 2146 811 Τὸ
2175 758 2272 828 μὲν
2306 757 2414 827 γὰρ
2453 755 2598 825 ἱερὸν
2639 752 2978 822 Εὐαγγέλιον
3027 755 3126 822 τῆς
3158 755 3551 826 αίμορῤοούσης
3575 759 3627 812 τί)

2074 850 2259 919 θαῦμα
2342 851 2473 919 ἡμῖν
2531 848 2954 918 ἀφηγούμενον·
2993 865 3010 896 ι
3054 849 3256 913 Ἔγνω,
3314 851 3495 920 φησὶν,
3552 854 3625 905 ὅτι

2077 944 2202 1012 ίάθη
2257 943 2364 996 ἀπὸ
2417 944 2518 1012 τῆς
2579 943 2862 1012 μάστιγος.
2905 959 2924 992 ι
2972 941 3031 991 '(l
3075 939 3132 992 δὲ
3170 941 3490 1006 Ἀπόστολος
3516 947 3627 1015 περὶ

2073 1032 2183 1085 τῶν
2212 1032 2446 1098 ἀναξίως
2471 1031 2580 1084 τῶν
2614 1031 2930 1100 μυστηρίων
2958 1030 3440 1098 ὲπιθιγγανόντων,
3469 1038 3590 1104 φησί
3615 1052 3626 1065 ·

2082 1147 2100 1178 ι
2138 1127 2235 1178 Διά
2262 1126 2423 1178 τοῦτο
2456 1127 2514 1176 ἐν
2545 1124 2675 1193 ύμῖν
2710 1122 2895 1175 πολλοὶ
2913 1123 3210 1193 άρῤωστοι,
3233 1124 3331 1176 καὶ
3354 1126 3631 1194 κοιμῶνται

2080 1218 2275 1272 ἱκανοί.
2314 1236 2332 1266 ι
2375 1215 2536 1268 Ἀλλά
2595 1215 2693 1284 τῆς
2725 1214 2945 1274 εὐθείας
2975 1213 3471 1283 ἀπεπλανήθημεν,
3501 1216 3630 1287 διορ.

2078 1311 2252 1364 θῶσαι
2278 1309 2596 1380 βουλόμενοι
2627 1308 2736 1360 τῶν
2792 1307 3022 1375 ἀμαθῶν
3063 1307 3164 1377 τὴν
3209 1307 3486 1363 ὑπόνοιαν.
3511 1311 3630 1376 Ἀγε

2077 1403 2164 1474 δὴ,
2193 1403 2282 1456 τὸν
2312 1402 2470 1470 λόγον
2503 1401 2755 1471 καθάπερ
2797 1400 2966 1452 ῐππον
3003 1399 3383 1467 ἀφηνιάσαντα
3436 1400 3631 1470 εὐφυῶς

2078 1497 2623 1567 ἡνιοστροφήσωμεν,
2653 1493 2714 1545 τὸ
2737 1491 2898 1562 ῥητὸν
2930 1490 3430 1559 ὲπαναλαῦόμενοι·

2159 1607 2177 1638 ι
2201 1584 2268 1638 Ὦ
2290 1588 2450 1654 γενεὰ
2470 1587 2672 1638 ἄπιστε
2695 1586 2788 1637 καὶ
2804 1585 3239 1655 διεστραμμένη,
3267 1583 3371 1645 ἕως
3392 1585 3512 1636 πότε
3528 1585 3634 1637 ἔσο-

2086 1697 2184 1750 μαι
2219 1678 2339 1749 μεθ’
2368 1679 2558 1748 ὑμῶν;
2600 1677 2744 1737 Ἕως
2777 1678 2907 1729 πότε
2943 1676 3206 1744 ἀνέξομαι
3235 1675 3424 1744 ύμῶνς
3457 1677 3633 1745 Φέρετέ

2087 1786 2177 1838 μοι
2221 1768 2384 1820 αὑτὸν
2447 1761 2615 1820 ὧδε.)
2651 1765 2904 1818 Είθισται
2935 1768 3046 1828 τοῖς
3094 1768 3320 1834 μιαροῖς
3386 1766 3634 1834 πνεύμασι

2084 1863 2226 1913 κατά
2241 1877 2391 1922 τινας
2417 1859 2705 1927 σεληναίας
2727 1858 2933 1927 τροπάς
2952 1857 3050 1928 τὴν
3072 1858 3410 1927 παραφορὰν
3431 1859 3636 1923 ἐπάγειν

2077 1956 2189 2014 τοῖς
2239 1953 2559 2020 πάσχουσιν.
2607 1951 2724 2002 ἰνα
2753 1951 2804 2001 τί
2851 1949 3116 2017 γένηται;
3185 1949 3306 2001 ’Ἱνα
3358 1949 3416 2000 τὸ
3474 1949 3636 2012 καλῶς

2078 2043 2481 2113 δημιουργηθὲν
2511 2044 2736 2111 σημεῖον
2771 2040 2856 2092 ἐπ’
2889 2039 3225 2110 εὐεργεσίαν
3256 2040 3356 2108 τῆς
3401 2039 3632 2101 κτίσεως,

2080 2136 2112 2203 ή
2147 2135 2365 2202 σελήνη,
2401 2132 2567 2202 φημὶ,
2597 2131 2801 2201 βλάϐης
2823 2131 2996 2183 αἴτιον
3039 2130 3300 2200 νομισθῇ.
3349 2130 3636 2182 Κάντεῦοεν

2082 2225 2481 2294 βλασςοημείται
2538 2225 2566 2275 ὀ
2625 2223 2850 2292 κτίστης
2885 2221 2960 2283 ὡς
3006 2221 3197 2274 κακῶν
3258 2221 3514 2291 ὑπάρχων
3551 2223 3630 2292 δη-

2085 2317 2364 2386 μιουργός.
2417 2316 2590 2368 ἰὀῦτο
2648 2315 2974 2384 πανούργως
3012 2314 3312 2382 νοήσαντες
3369 2315 3518 2380 δόξαν
3565 2317 3638 2366 ὲν-

2081 2410 2362 2478 έσπειραν,
2391 2407 2465 2469 ὡς
2489 2409 2520 2476 ἠ
2548 2407 2746 2478 σελήνη
2781 2411 2902 2471 ταῖς
2935 2409 3097 2470 ἰδίαις
3127 2406 3445 2476 αὑξήσεσιν,
3474 2408 3504 2477 ἦ
3537 2425 3636 2475 μει-

2082 2501 2246 2552 ώσεσι
2313 2499 2412 2566 τὴν
2458 2498 2715 2567 τοιαύτην
2763 2499 3029 2551 σκότωσιν
3087 2496 3495 2567 ἀπεργάζεταν
3527 2497 3636 2549 ὅθεν

2083 2594 2567 2660 σεληνιαζομένους
2603 2593 2830 2645 ἐκάλουν
2885 2594 3011 2654 τοὺς
3069 2592 3404 2661 πάσχοντας.
3467 2589 3633 2660 Ταύτῃ

2082 2687 2211 2754 γοῦν
2249 2690 2314 2756 τῇ
2358 2685 2765 2755 διεστραμμένη
2822 2683 2948 2754 δόξῃ
2973 2685 3206 2753 στοιχῶν
3269 2684 3364 2736 καὶ
3427 2676 3570 2744 οὗτος
3611 2684 3636 2734 ὁ

2082 2777 2390 2846 ἄνθρωπος,
2430 2777 2588 2843 ἀφεὶς
2647 2776 2822 2826 εἰπεῖν
2848 2775 2986 2844 ὅπερ
3014 2770 3120 2843 ἦν*
3178 2793 3198 2824 ι
3247 2774 3494 2844 Ἐλέησόν
3545 2789 3634 2840 μου

2082 2869 2172 2919 τὸν
2213 2867 2394 2930 υίὸν,›
2457 2867 2538 2918 ὃτι
2590 2864 2852 2918 σκοτώσει
2896 2867 3188 2936 δαιμονικῇ
3252 2867 3635 2937 παραφέρεται,

2084 2961 2270 3029 φησιν,
2319 2978 2337 3010 ι
2369 2957 2489 3011 Ὀτι
2521 2957 2927 3026 σεληνιάζεται.
2959 2976 2976 3009 ι
3015 2956 3186 3010 Τοῦτο
3212 2958 3344 3026 γοῦν
3375 2958 3591 3026 ἐλέγχων
3612 2956 3638 3007 ό

2084 3052 2286 3120 Κύριος
2309 3064 2324 3079 ⁸
2361 3067 2381 3100 ι
2411 3045 2480 3101 Ὦ
2520 3052 2702 3117 γενεά,
2741 3050 2925 3119 φησιν,
2971 3049 3166 3102 ἄπιστε
3197 3052 3300 3102 καὶ
3362 3051 3634 3118 διεστραμο

319 3145 324 3149 ’
412 3145 555 3197 enim
613 3157 920 3210 perversam
980 3142 1203 3210 insuper
1251 3143 1607 3210 appellasset,
1664 3145 1764 3198 nisi
1827 3145 1978 3212 hujus

2090 3144 2227 3212 μένη
2255 3145 2266 3196 l
2296 3161 2313 3194 ι
2346 3145 2460 3197 Ούκ
2489 3145 2554 3197 ἂν
2581 3143 2642 3194 τὸ
2667 3143 3078 3213 διεστραμμένη
3108 3143 3472 3212 προσέθηκεν,
3507 3145 3550 3194 εἰ
3571 3140 3641 3213 μὴ

411 3236 680 3304 Opiniouis
693 3235 1088 3303 perversionetn
1117 3235 1528 3305 vidissethitur
1543 3246 1722 3290 notata
1748 3238 1978 3306 primum

412 3328 513 3378 hoc
537 3335 692 3393 pacto
720 3326 1016 3395 impietate,
1049 3326 1382 3380 curationem
1413 3328 1662 3394 adhibet;
1689 3345 1795 3382 non
1829 3331 1976 3382 enim

410 3433 620 3486 inquam
669 3419 997 3471 existimavit
1049 3420 1116 3472 ob
1145 3419 1314 3485 patris
1341 3420 1772 3475 incredulitatem
1808 3422 1976 3477 lilium

409 3525 694 3565 commune
717 3510 1372 3566 valetudinisbeneficium
1399 3527 1500 3566 non
1529 3513 1746 3568 lucrari.
1773 3516 1982 3570 Damo-

414 3604 560 3655 niutn
590 3603 750 3670 igitur
773 3602 1115 3656 invisibiliter
1141 3607 1338 3658 ardens
1358 3605 1781 3660 irrevocabiliter
1797 3623 1983 3662 exces-

412 3695 504 3758 sit,
521 3709 651 3761 pner
665 3709 791 3750 vero
809 3695 1250 3763 tranquillitatem
1264 3697 1517 3750 divinitus
1531 3699 1706 3752 datam
1722 3699 1974 3756 obtinuit.

488 3803 507 3836 ι
548 3783 698 3838 Tunc
747 3796 1095 3840 accesserunt
1144 3787 1390 3855 discipuli
1446 3788 1510 3840 ad
1549 3786 1732 3843 Jesntn
1771 3801 1981 3846 secreto

413 3877 693 3932 dicentes:
723 3878 903 3944 Quare
935 3894 1028 3932 nos
1060 3895 1163 3932 non
1198 3880 1472 3947 potuimus
1520 3881 1717 3948 ejicere
1763 3883 1972 3936 illum?)

415 3969 628 4024 Discere
664 3972 866 4025 utiliter
914 3971 1158 4039 discipuli
1208 3972 1450 4038 cupiunt,
1481 3981 1662 4040 utpote
1704 3978 1795 4042 qui
1825 3987 1980 4029 erant

412 4061 688 4128 sapientiae
715 4061 826 4129 (37)
856 4062 1022 4130 ipsius
1046 4061 1268 4123 alumni,
1300 4071 1352 4115 et
1383 4063 1627 4118 veritatis
1652 4066 1903 4130 studiosi,
1930 4076 1987 4123 ct

411 4153 528 4220 ejus
569 4155 711 4222 quod
751 4168 837 4207 res
879 4162 1044 4218 esset,
1078 4153 1424 4224 indagatores
1455 4175 1468 4210 :
1503 4158 1846 4212 sciscitantur
1876 4174 1974 4213 au-

417 4253 546 4308 tem,
576 4243 701 4312 quid
733 4244 1114 4313 impedimento
1142 4243 1325 4309 fuerit,
1351 4249 1639 4316 quominus
1665 4249 1762 4318 ipsi
1789 4249 1986 4305 dmmo—

486 4399 532 4432 ⁹⁶
563 4399 803 4470 Μοιοξν,
831 4400 922 4456 ‘29.
991 4402 1040 4434 ’τ
1066 4402 1089 4460 ι
1117 4402 1243 4459 Cor.
1270 4419 1346 4471 ιι,
1375 4405 1431 4461 5.

2085 3237 2184 3304 τὴν
2215 3235 2307 3288 τοῦ
2345 3236 2616 3306 δόγματος
2656 3235 2803 3304 ἐώρα
2858 3235 3217 3305 διαστροφήν.
3263 3235 3420 3288 Οὕτω
3469 3236 3636 3304 στηλι-

2083 3328 2279 3391 τεύσας
2304 3329 2567 3398 πρότερον
2591 3329 2687 3398 τὴν
2722 3328 2996 3389 ἀσέϐειαν,
3055 3315 3314 3397 ὲπιιρέρει
3364 3334 3460 3398 τὴν
3490 3328 3637 3392 ίασιν,

2085 3420 2392 3490 παράλογον
2413 3421 2756 3490 ἡγησάμενος
2779 3419 2868 3472 διὰ
2894 3421 2992 3489 τὴν
3040 3422 3318 3492 πατρικὴν
3371 3421 3634 3477 ἀπιστίαν,

2083 3515 2176 3566 τὸν
2226 3514 2394 3566 παῖδα
2437 3514 2512 3584 μὴ
2541 3516 2638 3582 τῆς
2670 3513 2858 3580 κοινῆς
2889 3513 3165 3582 σωτηρίας
3197 3514 3520 3566 ἀπόνασθαι.
3573 3511 3637 3562 Τὸ

2088 3608 2186 3676 μὲν
2226 3608 2318 3661 οὖν
2353 3607 2630 3678 δαιμόνιον
2661 3608 2909 3676 ἀοράτως
2935 3608 3272 3677 φλεγόμενον
3321 3608 3489 3678 ᾤχετο
3518 3609 3637 3674 ἀμε-

2087 3701 2390 3771 ταστρεπτί
2408 3716 2421 3730 ο
2450 3701 2478 3752 ό
2503 3699 2560 3752 δὲ
2595 3701 2724 3760 παῖς
2760 3699 2910 3760 θείας
2933 3699 3174 3768 γαλήνης
3197 3699 3506 3768 ἀπήλαυσε.

2169 3811 2188 3844 ‹
2225 3793 2358 3845 Τότε
2384 3791 2775 3861 προσελθόντες
2796 3791 2845 3843 oi
2881 3791 3121 3860 μαθηταὶ
3154 3791 3250 3844 ἅτε
3265 3793 3362 3858 τῆς
3390 3790 3542 3842 αὑτοῦ
3563 3805 3640 3840 σο-

2087 3884 2214 3954 φίας
2253 3884 2587 3953 ὑπάρχοντες
2627 3881 2903 3954 φοιτηταὶ,
2932 3881 3026 3933 καὶ
3061 3883 3158 3949 τῆς
3184 3882 3442 3951 ἀληθείας
3488 3882 3636 3946 ἐκζη-

2085 3979 2265 4046 τηταὶ,
2290 3979 2384 4028 καὶ
2414 3976 2508 4028 τοῦ
2541 3977 2691 4038 ὄντος
2722 3974 3033 4046 ὲρευνηταὶ,
3060 3977 3154 4026 καὶ
3186 3974 3412 4044 ζητοῦσι
3461 3973 3638 4043 μαθεῖν

2082 4067 2135 4120 τί
2160 4068 2220 4120 τὸ
2250 4067 2499 4120 κωλύσαν
2526 4067 2746 4129 αὐτοὺς,
2777 4065 2854 4136 μὴ
2879 4064 3216 4134 φυγαδεῦσαι
3246 4065 3337 4118 τὸν
3389 4065 3633 4133 δαίμοναο

2081 4157 2248 4229 ᾤοντο
2271 4159 2379 4229 γὰρ
2410 4159 2604 4229 μήπως
2631 4159 2738 4210 εἱσι
2791 4173 2914 4209 τινα
2961 4157 3256 4220 πνεύματα
3317 4155 3521 4224 πονηρὰ
3571 4152 3636 4221 μὴ

2080 4250 2459 4321 κατεπτηχότα
2486 4250 2582 4320 τὴν
2609 4249 2833 4302 ἐκείνων
2865 4247 3040 4320 ἰσχύν.
3071 4247 3138 4302 Τί
3157 4247 3252 4301 οὖν
3278 4248 3541 4316 όΣωτήρς
3569 4245 3630 4297 Οὐ

1637 4516 1959 4580 Frencisci
1994 4517 2197 4579 Scorsi
2233 4525 2421 4578 notae.

492 4637 603 4710 ('55)
637 4635 874 4722 Iud-igne
904 4640 1148 4722 mysteria
1184 4650 1431 4722 tractant.
1469 4640 1541 4694 Ita
1588 4643 1749 4695 etiam
1783 4642 1977 4722 accipit
2012 4647 2055 4702 ι)
2087 4642 2188 4695 ilhc
2233 4643 2479 4722 corporis
2517 4640 2878 4722 clmenti-sint,
2904 4645 2995 4696 sed
3025 4640 3134 4722 ⁵Ιιοο
3179 4656 3242 4722 ex
3283 4655 3440 4719 prava
3471 4637 3628 4692 homi-

419 4707 597 4762 lot-um
636 4707 786 4778 Pauli
830 4707 867 4770 Ι,
902 4707 967 4762 ad
1025 4709 1272 4763 Corinth.
1333 4725 1450 4778 cap.
1507 4727 1582 4764 XI.
1651 4707 1978 4764 Anselmtts:

418 4780 568 4833 Multi
592 4789 704 4846 post
738 4775 966 4843 Pascha,
995 4781 1186 4848 inquit,
1211 4780 1371 4833 variis
1392 4775 1584 4835 morbis
1603 4783 1981 4848 corripiuntur,

418 4851 539 4918 quia
566 4850 774 4916 indigne
792 4865 979 4916 corpus
1000 4849 1196 4904 Clu-isti
1219 4860 1548 4918 acceperunt.
1580 4850 1710 4903 Vide
1742 4861 1793 4904 et
1817 4851 1979 4904 Com.

367 4973 379 4983 ,
420 4917 448 4971 a
491 4917 712 4984 Lapide,
742 4918 794 4970 in
832 4921 970 4972 hunc
998 4920 1196 4974 locum.

493 4988 602 5056 (56)
635 4985 701 5038 Ut
738 4988 940 5054 signum
978 5006 1009 5041 a
1047 4988 1151 5041 Deo
1179 5002 1311 5044 recte
1337 4991 1628 5044 conditum.
1652 4988 1870 5043 Certum
1903 4999 1984 5043 est

421 5055 715 5129 lunaticum
749 5061 812 5108 de
845 5074 954 5129 quo
1000 5060 1087 5112 hic
1128 5060 1317 5114 Matth.
1349 5076 1467 5129 cap.
1502 5075 1596 5114 xm
1629 5061 1827 5128 agitur,
1875 5077 1979 5112 non

422 5125 676 5188 naturali,
713 5137 858 5179 certe
882 5127 1050 5180 solum
1075 5169 1090 5192 ,
1133 5133 1226 5182 sed
1262 5148 1289 5182 a
1319 5125 1560 5183 daemone
1587 5125 1747 5182 etiam
1776 5131 1986 5182 incusso

423 5197 613 5266 morbo
648 5206 896 5266 vexatum
923 5213 936 5261 ;
972 5199 1164 5266 quippe
1205 5216 1326 5252 cum
1358 5202 1604 5252 eumdem
1635 5207 1858 5252 sanctus
1884 5199 1987 5250 Lu-

423 5280 516 5319 cas
570 5263 956 5318 dzemoniacum
999 5263 1164 5321 fuisse
1190 5270 1447 5333 declaret,
1501 5268 1715 5322 Marcus
1755 5270 1979 5322 surdum

424 5345 480 5406 et
529 5335 1020 5406 mutumrappellet.‘
1065 5337 1245 5402 Quare
1279 5340 1440 5406 igitur
1496 5338 1761 5391 lunaticus
1798 5339 1984 5406 appel-

429 5403 587 5475 letur,
631 5405 822 5457 merito
858 5403 1022 5472 qureri
1045 5417 1219 5472 potest
1255 5403 1557 5474 utrumque.
1593 5407 1764 5475 Aliqui
1795 5403 1984 5459 Patres

430 5471 593 5526 fuisse
626 5484 836 5540 putant,
874 5485 928 5528 et
955 5491 982 5526 a
1016 5471 1195 5529 causis
1229 5471 1582 5538 naturalibus,
1610 5486 1664 5529 et
1690 5471 1717 5528 ιι
1745 5476 1987 5528 daemone

428 5541 589 5612 illum,
631 5547 897 5598 hominem
954 5542 1283 5598 alllictatnm.
1323 5546 1378 5600 lu
1409 5563 1509 5612 qua
1542 5546 1803 5599 sententia
1838 5546 1986 5598 vide-

429 5620 516 5661 tttr
543 5611 630 5664 hic
665 5613 824 5666 Pater
852 5629 993 5680 esse,
1023 5616 1111 5682 qui
1138 5617 1246 5666 vult
1289 5611 1562 5670 daemones
1591 5617 1862 5668 abundare
1889 5617 1986 5665 lm-

431 5693 637 5732 morunt
691 5686 937 5742 materie.
978 5687 1042 5736 ad
1081 5685 1325 5738 humines
1378 5688 1523 5738 varie
1577 5699 1640 5738 ac
1665 5685 1811 5737 varie
1846 5699 1984 5734 mor-

431 5747 512 5800 bis
555 5753 942 5818 cxagitandos;
984 5770 1087 5806 nou
1132 5765 1307 5808 tamen
1366 5755 1484 5806 ideo
1537 5755 1640 5806 dici
1686 5754 1978 5805 Iunaticuut

437 5827 608 5884 putat,
655 5823 806 5887 quasi
837 5837 864 5874 a
917 5823 1055 5876 luna:
1111 5824 1494 5878 mutationibus
1557 5824 1982 5890 perturbationes

2090 4727 2215 4764 num
2248 4709 2499 4780 Opinione
2527 4713 2967 4780 dzeu'touiS'opera
3005 4712 3349 4764 disseminata
3371 4709 3629 4780 jactatunt,

2088 4792 2148 4835 ut
2187 4777 2310 4834 luna
2357 4797 2517 4834 causa
2566 4783 2688 4834 mali
2728 4777 3090 4843 existimetur,
3141 4792 3304 4848 atque
3357 4782 3486 4832 adeo
3511 4777 3633 4848 Deus

2087 4852 2246 4904 etiam
2309 4866 2484 4904 rerum
2525 4853 2772 4905 conditor
2822 4853 3130 4904 infametur.
3189 4851 3360 4915 Quam
3411 4847 3631 4902 eamdi-ut

2087 4935 2306 4973 causam
2339 4921 2454 4988 ejus
2481 4921 2863 4988 appellationis
2900 4920 3128 4972 afferunt
3171 4919 3628 4988 Origenesttract.

2087 5005 2159 5054 tv,
2184 4992 2234 5042 in
2258 4987 2444 5042 Matth.
2468 4987 2790 5060 ;_Cltrysost.
2813 4993 2956 5044 hom.
2987 4990 3056 5042 58
3075 5006 3090 5054 ;
3108 4989 3351 5060 _l|ieron.
3370 4989 3417 5040 itt
3443 4987 3629 5039 Comm.

2087 5060 2140 5112 itt
2176 5075 2294 5128 cap.
2350 5075 2434 5114 LV.
2491 5057 2744 5128 Idemque
2781 5061 2944 5121 Beda,
2984 5069 3038 5112 et
3104 5057 3421 5128 Eutltytnius
3444 5062 3625 5108 norunt

2085 5127 2620 5196 apudMaldonatutn
2658 5127 2708 5180 in
2743 5130 2885 5182 hunc
2918 5129 3118 5182 locum.
3152 5127 3419 5182 Caeterum
3471 5135 3630 5196 utrum

2084 5195 2246 5251 etiam
2308 5200 2428 5250 luna
2487 5199 2600 5251 suis
2642 5196 2931 5251 inlluxibus
2987 5213 3124 5265 quos
3193 5208 3404 5255 vocant,
3447 5195 3630 5265 inhzc

2083 5270 2270 5322 eadem
2325 5267 2461 5318 mala
2505 5267 2706 5336 aliquid
2759 5263 3040 5322 conferant
3079 5267 3312 5321 viderint
3337 5263 3519 5317 medici
3571 5275 3628 5312 ac

2085 5339 2292 5406 physici
2325 5337 2750 5406 philosomtiﬂui
2789 5340 2902 5391 haec
2926 5337 3224 5405 disputant.

2159 5402 2270 5476 (57)
2309 5402 2613 5474 8ηρίειιιῖω.
2637 5402 2761 5461 Tria
2798 5402 3032 5460 ἰσόκωλα
3068 5421 3187 5473 quze
3226 5402 3628 5476 continentcau-

2086 5473 2198 5548 satit
2250 5473 2349 5529 cur
2379 5473 2620 5548 discipuli
2648 5478 2953 5548 Dominum
3007 5473 3405 5548 interrogarint,
3427 5473 3624 5548 putissa

2095 5545 2302 5599 fuerant
2367 5548 2417 5598 in
2479 5539 2536 5600 ΡΣ
2570 5561 2584 5610 ;
2643 5547 2712 5599 ita
2745 5556 2920 5600 tamen
2972 5556 3030 5598 ut
3062 5539 3253 5599 sensu's
3281 5544 3395 5594 siue
3427 5539 3506 5591 his
3535 5550 3624 5586 nou

2094 5617 2324 5669 deiicere
2359 5614 2642 5669 videretur.
2695 5616 2889 5686 cheri
2925 5625 3099 5670 tanien
3128 5631 3189 5669 ea
3214 5615 3262 5667 itt
3289 5610 3378 5674 6.;
3409 5615 3525 5686 stitit
3547 5616 3626 5654 au-

2095 5695 2198 5756 tem
2256 5686 2349 5737 ἅτε
2407 5689 2505 5756 τῆς
2560 5685 2725 5739 αὐτοῦ
2777 5682 2994 5754 ’σοφίας
3063 5704 3228 5756 usque
3293 5691 3358 5735 ad
3406 5682 3628 5747 ἐρευνηο

2091 5753 2200 5808 ταί.
