3974 6200
286 309 391 374 477

1594 318 1923 382 HOMILIA
1964 320 2192 385 XXIII.

3436 328 3543 390 478

278 435 381 500 τὴν
406 426 503 518 τοῦ
536 427 733 497 ἀνδρὸς
758 428 1024 485 ἀπιστίαν
1049 430 1222 501 λέγει,
1252 432 1339 487 ἵνα
1367 434 1441 505 μὴ
1466 435 1604 507 πρὸς
1671 438 1850 508 οἴησιν

1959 456 2078 495 nem
2127 442 2274 496 illum
2327 443 2512 514 fugare
2545 442 2866 514 potuissent.
2909 445 3337 518 Suspicabantur
3368 449 3537 513 enim,

277 516 562 587 ἐξαρθεῖεν
603 518 652 570 οἱ
706 518 988 589 μαθηταί·
1030 522 1126 574 καὶ
1182 522 1299 591 ἅμα
1329 522 1467 594 πρὸς
1513 524 1854 598 θερμοτέραν

278 609 462 661 πίστιν
486 608 773 676 διεγείρων
801 609 1002 672 αὐτοὺς
1030 611 1166 681 φησι
1200 626 1216 642 ·
1250 632 1270 664 ι
1327 614 1428 667 Διὰ
1447 615 1546 684 τὴν
1593 619 1854 671 ἀπιστίαν

278 699 451 765 ὑμῶν.
515 700 691 769 Ἀμὴν
714 701 824 770 γὰρ
844 700 990 769 λέγω
1009 702 1160 771 ὑμῖν,
1197 705 1295 757 ἐὰν
1324 704 1489 776 ἔχητε
1545 708 1734 760 πίστιν
1778 709 1854 771 ὡς

276 789 475 841 κόκκον
499 790 795 857 σινάπεως,
817 793 995 860 ἐρεῖτε
1015 792 1094 863 τῷ
1122 793 1241 862 δρει
1292 796 1499 867 eodem“
1548 799 1855 867 Μετάϐηθι,

275 878 551 944 ἐντεῦθεν,
576 882 672 933 καὶ
699 882 1094 952 μεταϐήσεται.
1115 901 1134 934 ι
1177 884 1244 937 Τί
1292 884 1423 953 οὗνς
1459 887 1578 957 ὲρεί
1605 905 1714 951 τις,
1745 889 1857 943 τῶν

270 971 589 1024 ἀποστόλων
623 973 658 1041 ἡ
698 974 881 1036 πίστις
908 974 1166 1028 τοσοῦτον
1186 972 1256 1047 ἦν
1294 978 1534 1047 ἀμυδρὰ,
1587 979 1664 1040 ὡς
1711 982 1853 1053 μηδὲ

274 1061 590 1126 ἐξισοῦσθαι
631 1064 819 1135 κόκκῳ
860 1064 1165 1128 σινάπεωςς
1196 1068 1307 1120 τῶν
1355 1070 1603 1137 ἀφέντων
1655 1073 1854 1134 πάντα,

272 1153 371 1205 καὶ
421 1154 911 1223 ἀκολουθησάντων
943 1157 1190 1227 Χριστῷ,
1224 1152 1305 1221 οἷς
1353 1161 1386 1230 ή
1447 1160 1739 1232 ὑπόσχεσις
1785 1158 1857 1231 ἦν

271 1246 365 1299 ἐπὶ
386 1245 597 1299 δώδεκα
624 1247 850 1314 θρόνους
878 1250 1124 1317 καθίσαι,
1152 1253 1246 1304 καὶ
1260 1256 1446 1323 κρῖναι
1476 1254 1568 1307 τὸν
1598 1255 1818 1325 Ἰσραήλ
1841 1273 1855 1288 ·

272 1336 370 1400 οὓς
424 1338 652 1392 ἐκάλεσε
706 1340 823 1408 φῶς
855 1340 953 1394 τοῦ
1000 1343 1231 1411 κόσμου,
1294 1345 1389 1406 καὶ
1423 1345 1558 1408 ἃλας
1612 1348 1710 1415 τῆς
1726 1347 1854 1416 γῆς.

270 1429 367 1481 καλ⁸
389 1430 580 1497 φίλους
606 1432 807 1497 αὐτοῦς
837 1434 960 1496 Πῶς
988 1434 1083 1488 οὖν
1115 1435 1195 1497 εἰς
1229 1437 1485 1490 τοσοῦτον
1520 1440 1857 1506 ὲπεφθάκει-

271 1537 395 1586 σαν,
419 1523 558 1592 εἰμὴ
586 1523 770 1577 πίστιν
794 1519 940 1595 εἶχον
966 1527 1267 1596 διάπυρονς
1296 1531 1482 1599 Φαμὲν
1505 1527 1622 1592 οὖν,
1651 1531 1726 1594 ὡς
1746 1534 1861 1595 τοῖς

270 1612 598 1675 ἀποστόλοις
631 1617 693 1667 οὐ
730 1616 892 1685 μόνον
918 1617 1106 1689 κόκκῳ
1130 1620 1404 1683 σινάπεως
1436 1622 1797 1691 παραπλησία
1822 1625 1855 1691 ἡ

269 1701 460 1766 πίστις
508 1700 602 1773 ἦν,
667 1706 786 1758 ἀλλ’
836 1708 1152 1778 ἀκρωρείας
1212 1710 1434 1777 μεγέθει
1491 1711 1727 1780 ὑψηλῆς,
1761 1710 1857 1763 καὶ

270 1794 638 1865 ὑπερειεφοῦς.
660 1798 771 1849 Καὶ
788 1796 1045 1851 τοσοῦτον
1063 1801 1097 1869 ἡ
1110 1799 1320 1851 τούτων
1344 1800 1528 1863 πίστις
1548 1799 1855 1869 δεδύνηται,
1888 1775 1931 1830 Β

269 1885 345 1947 ὠς
379 1885 564 1939 πάντα
602 1887 696 1939 τὸν
717 1888 925 1957 κόσμον
952 1890 1032 1958 τῷ
1086 1890 1232 1958 λόγῳ
1288 1891 1660 1961 χειρώσασθαι
1692 1908 1708 1922 ·
1741 1892 1857 1945 ἀλλ’

266 1976 513 2032 ἐνταῦθα
529 1978 557 2029 ό
584 1978 777 2049 Σωτὴρ
793 1979 971 2047 δόγμα
993 1982 1284 2049 ἐμφαίνειν
1299 1983 1484 2035 δοκεῖ·
1507 1982 1568 2034 τὸ
1591 1984 1648 2035 δὲ
1674 1983 1858 2051 δόγμα

272 2070 426 2123 κατά
444 2088 509 2138 γε
539 2071 635 2125 τὸν
666 2072 806 2143 ἐμὸν
825 2074 1008 2141 λόγον,
1029 2075 1278 2129 τοιοῦτόν
1303 2077 1454 2127 ἐστιν
1476 2093 1492 2107 ·
1524 2076 1607 2128 ὅτι
1625 2076 1753 2129 ὅσον
1771 2094 1858 2140 τις

265 2165 488 2237 ὑπερϐῇ
512 2166 602 2220 διὰ
632 2171 896 2231 πίστεως,
929 2168 1026 2221 καὶ
1053 2169 1362 2239 ὑπόπτερος
1392 2169 1642 2239 γένηται,
1693 2171 1726 2237 ἡ
1765 2187 1855 2223 νος

266 2254 545 2327 μιζομένη
583 2258 769 2321 πίστις
804 2260 1007 2330 ὑψηλὴ,
1028 2261 1123 2313 καὶ
1139 2261 1427 2333 διάπυρος,
1451 2263 1855 2333 συγκρινομένη

265 2347 413 2416 πρὸς
440 2347 677 2413 τελείαν,
708 2350 830 2402 οὐδὲ
861 2340 1050 2421 κόκκῳ
1084 2352 1359 2416 σινάπεως
1405 2355 1852 2424 παραϐάλλεται·

262 2437 382 2509 ἔχει
418 2438 474 2491 δέ
500 2456 625 2493 τινα
688 2442 949 2512 καὶπρὸς
993 2443 1094 2512 τὴν
1140 2445 1328 2497 πίστιν
1348 2445 1409 2497 τὸ
1437 2446 1629 2498 σίναπι
1685 2447 1857 2498 οἰκει-

262 2533 466 2600 ότητα.
490 2532 709 2601 Θερμόν
733 2550 794 2584 τε
827 2533 961 2604 γὰρ,
983 2535 1081 2587 καὶ
1110 2536 1206 2588 τοῦ
1240 2538 1368 2609 περὶ
1394 2536 1489 2589 τὸν
1548 2537 1857 2605 ἐγκέφαλον

266 2622 455 2695 ῥύπου
518 2624 671 2677 ἐστὶν
728 2626 1023 2680 ὲλκτικόνσ
1084 2627 1332 2698 ὑγιεινήν
1363 2645 1422 2680 τε
1469 2628 1567 2698 τὴν
1583 2627 1698 2694 ἕξιν
1747 2628 1857 2681 τῶν

262 2714 570 2769 ἐσθιόντων
592 2717 920 2786 ἐργάζεται,
941 2717 1142 2787 τέμνον
1176 2718 1580 2789 κεκρυμμένων
1609 2719 1858 2789 φλεγμά-

260 2822 379 2860 των
406 2807 509 2876 τὴν
537 2808 851 2880 παχύτητα,
882 2811 977 2863 καὶ.
1008 2810 1296 2881 βλαϐερῶν
1329 2811 1524 2880 χυμῶν
1547 2812 1649 2879 τὴν
1699 2809 1857 2880 ὑγρό-

262 2916 412 2969 τητα
439 2910 454 2930 ⁶
488 2899 629 2953 ἀλλά
655 2902 754 2953 καὶ
797 2904 863 2971 τῇ
910 2901 1162 2972 βασιλείᾳ⁸
1186 2902 1297 2955 τῶν
1351 2901 1601 2971 οὐρανῶν
1652 2902 1856 2963 κόκκος

262 2990 548 3055 σινάπεως
579 2993 990 3064 παραϐάλλεται
1014 2997 1074 3048 ὲν
1103 2996 1169 3063 τῇ
1203 2993 1404 3064 καρδία
1425 2992 1522 3046 τοῦ
1582 2991 1839 3062 γεωργοῦ

1961 546 2026 584 ne
2073 531 2321 588 fortassis
2361 534 2524 604 aliqui
2579 545 2758 591 essent
2807 539 3109 599 dzcmoues,
3158 540 3246 606 qui
3294 540 3534 606 ipsorum

1959 622 2252 688 potentiam
2283 623 2501 678 minime
2523 623 2894 678 formidarent.
2918 626 3054 690 Quid
3074 626 3236 695 igitur
3254 626 3539 682 Salvator?

1966 711 2110 766 Nihil
2148 714 2213 767 de
2244 715 2479 771 hominis
2532 715 2677 769 illius
2716 717 3095 771 incredulitate
3142 717 3411 786 loquitur,
3472 735 3545 793 ne~

1960 801 2101 857 forte
2133 805 2382 871 superbia
2432 820 2493 860 se
2539 806 2787 876 discipuli
2835 807 3120 873 efferrent;
3171 818 3225 861 et
3259 808 3422 863 simul
3470 811 3537 864 ad

1959 892 2341 948 ierventiorem
2371 894 2527 949 ﬁdem
2561 895 2676 966 (58)
2707 905 2765 950 ut
2793 912 2890 951 eos
2920 892 3223 950 excitaret:
3251 914 3271 948 ι
3310 897 3540 968 Propter

1960 982 2392 1039 incredulitatem
2424 995 2678 1051 vestram,
2707 1005 2725 1037 ι
2749 986 2912 1052 dixit;
2947 1006 2966 1038 ι
2997 988 3168 1040 Amen
3194 988 3389 1057 quippe
3415 989 3538 1044 dico

1942 1074 2147 1140 .vobis,
2183 1076 2227 1129 si
2280 1077 2575 1132 habueritis
2629 1079 2785 1133 (idem
2838 1079 2981 1133 sicut
3030 1095 3256 1149 granum
3300 1081 3535 1149 sinapis,

1961 1166 2151 1221 dicetis
2173 1168 2298 1222 huic
2329 1170 2497 1222 monti
2529 1187 2544 1224 :
2573 1168 2767 1223 Transi
2793 1171 2919 1225 hinc
2947 1171 3093 1234 illuc,
3122 1182 3177 1227 et
3213 1172 3481 1226 transibit.
3512 1191 3532 1224 ι

1961 1258 2098 1323 Quid
2135 1260 2331 1329 igitur?
2356 1262 2498 1315 dicet
2526 1262 2753 1331 aliquis;
2789 1262 2935 1315 itane
2960 1263 3241 1318 imbecillis
3270 1274 3384 1319 erat
3409 1280 3540 1335 apo-

1960 1349 2221 1402 stolorum
2255 1349 2407 1411 fides,
2438 1360 2495 1404 ut
2521 1365 2589 1404 ne
2620 1364 2790 1420 grano
2816 1351 3034 1419 quidem
3065 1351 3269 1421 sinapis
3297 1367 3540 1421 aequare—

1962 1441 2090 1492 tur?
2139 1455 2351 1504 eorum,
2409 1443 2651 1508 inquam,
2709 1442 2798 1509 qui
2851 1441 3183 1508 reliquerant
3235 1445 3440 1504 omnia,
3484 1454 3539 1495 et

1962 1532 2130 1585 secuti
2165 1542 2319 1585 erant
2339 1532 2636 1596 Christum,
2661 1532 2858 1601 quibus
2881 1540 2999 1585 erat
3022 1532 3349 1599 promissum
3378 1531 3540 1602 148

1963 1624 2016 1676 in
2069 1622 2354 1677 duodecim
2405 1638 2653 1678 sessuros
2704 1623 2955 1687 throuis,
3009 1632 3063 1676 et
3112 1622 3275 1676 Israel
3324 1624 3538 1690 judica-

1967 1725 2115 1768 turos
2141 1715 2223 1781 '3;
2252 1729 2389 1784 quos
2415 1716 2586 1768 lucem
2618 1716 2827 1779 mumli,
2856 1726 2909 1769 ct
2941 1715 3018 1768 sal
3050 1724 3207 1769 terrm
3233 1716 3300 1778 ",
3327 1722 3380 1767 et
3409 1729 3537 1768 suos

1960 1806 2165 1861 amicos
2210 1806 2499 1875 appellavit
2532 1807 2592 1859 i‘.’
2620 1806 2905 1872 Quomodo
2955 1806 3119 1875 igitur
3147 1819 3212 1859 eo
3259 1804 3531 1873 pervenis-

1960 1907 2104 1959 sent,
2165 1897 2266 1952 nisi
2320 1896 2615 1950 ferventem
2681 1897 2998 1951 habuissent
3050 1896 3250 1950 tidem?
3302 1895 3538 1949 Dicimus

1961 1990 2124 2059 igitur
2155 2005 2258 2044 non
2292 1991 2452 2043 modo
2478 2005 2645 2059 grano
2670 1990 2876 2060 sinapis
2905 1991 3137 2045 similem
3175 1989 3537 2058 apostolorum

1958 2081 2232 2135 exstitisse
2273 2080 2453 2145 fidem,
2483 2082 2576 2135 sed
2625 2081 2787 2134 etiam
2822 2080 3180 2151 magnitudini
3217 2082 3414 2134 montis
3447 2094 3540 2132 ex-

1958 2171 2088 2225 celsi
2142 2179 2196 2225 et
2251 2172 2432 2225 nubila
2504 2172 2979 2239 superemineutis.
3040 2169 3272 2225 Tantum
3331 2169 3537 2225 scilicet

1957 2278 2144 2319 eorum
2186 2264 2354 2318 valuit
2405 2264 2559 2330 fides,
2610 2273 2667 2317 ut
2716 2267 2975 2317 mundum
3027 2266 3336 2317 universum
3376 2264 3537 2317 verbo

1957 2355 2308 2421 subiecerint.
2350 2355 2454 2410 Sed
2485 2355 2572 2409 hic
2605 2356 2865 2410 Dominus
2898 2356 3089 2425 dogma
3129 2357 3398 2424 quoddam
3435 2355 3538 2407 hu~

1952 2444 2188 2513 jnsmndi
2240 2461 2358 2499 mea
2409 2446 2627 2515 quidem
2675 2447 2944 2501 sententia
2994 2446 3234 2500 indicare
3271 2446 3533 2499 videtur:

1958 2538 2122 2606 quod,
2157 2547 2637 2606 quantumcunque
2686 2539 2810 2608 quis
2866 2540 2917 2592 in
2971 2538 3077 2593 ﬁde
3117 2537 3538 2603 transcenderit,

1956 2636 2010 2682 et
2044 2629 2292 2683 sublimis
2321 2628 2503 2695 fuerit,
2530 2645 2594 2684 ea
2622 2645 2744 2699 qu.e
2769 2629 3041 2692 sublimis,
3068 2638 3124 2683 et
3160 2628 3372 2682 fervens
3406 2627 3537 2680 fides

1955 2721 2277 2785 aestimatur,
2310 2722 2354 2775 si
2385 2736 2509 2776 cum
2546 2720 2783 2791 perfecta
2813 2732 3156 2790 comparetur
3194 2720 3329 2789 (‘59),
3359 2732 3536 2787 neque

1957 2827 2127 2882 grano
2155 2812 2362 2883 sinapis
2386 2814 2776 2883 aequiparatur.
2802 2811 2975 2867 Habet
2999 2827 3129 2867 vero
3151 2813 3310 2865 etiam
3332 2811 3537 2877 sinapis

1958 2905 2243 2973 quamdam
2267 2918 2390 2958 cum
2417 2904 2519 2960 (ide
2539 2905 2963 2959 similitudinem.
2986 2902 3232 2959 Calidum
3257 2903 3404 2956 enim
3427 2907 3537 2966 est,

1957 3008 2013 3050 et
2045 2994 2279 3049 extrahit
2309 2995 2515 3050 cerebri
2539 3005 2913 3065 purgamenta,
2939 3004 2993 3048 et
3020 2995 3218 3048 bonam
3253 2992 3535 3045 utentibus

260 3083 794 3154 ἁποδενδρούμενος.
829 3086 993 3138 ’Ὥστε
1019 3087 1049 3138 ό
1097 3084 1238 3155 ἔχων
1284 3084 1468 3138 πίστιν
1514 3083 1590 3145 ὡς
1651 3083 1854 3136 κόκκον

1959 3087 2318 3142 valetudinem
2352 3086 2585 3154 confert,
2618 3087 2895 3140 latentium
2931 3085 3293 3155 pltlegmatum
3330 3081 3532 3137 crassi-

264 3176 574 3240 σινάπεως,
624 3178 686 3229 ὲν
737 3177 916 3248 ἑαυτῷ
945 3176 1181 3247 ἔχειτὴν
1204 3176 1486 3245 βασιλείαν
1525 3175 1636 3228 τῶν
1692 3174 1852 3244 οὐρα-

264 3268 421 3321 νῶν’
453 3270 489 3340 ή
543 3269 652 3341 γάρ
713 3268 959 3340 βασιλεία
1007 3270 1116 3324 τῶν
1168 3269 1417 3338 οὐρανῶν
1480 3268 1633 3332 tua;
1692 3266 1854 3339 ἡμῶν

268 3360 454 3417 ιστιν.
1462 3352 1483 3363 “

1963 3182 2113 3244 Iiem,
2142 3187 2199 3234 et
2235 3195 2437 3234 nocuos
2475 3180 2726 3234 humores
2758 3180 3019 3232 incidens.
3050 3177 3188 3243 Quin
3221 3176 3382 3231 etiam
3416 3187 3533 3228 cut-

1963 3271 2134 3326 lorum
2169 3287 2333 3342 regno
2359 3271 2536 3327 simile
2564 3268 2762 3328 dicitur
2786 3285 3013 3340 granum
3044 3269 3265 3337 sinapis,
3288 3268 3345 3319 iu
3370 3265 3533 3319 corde

1963 3363 2216 3417 nimirum
2240 3364 2358 3433 ejus
2382 3364 2608 3418 cultoris
2634 3365 2687 3417 in
2717 3364 2963 3417 arborem
2990 3374 3313 3416 excreseeus
3338 3375 3353 3411 :
3382 3358 3451 3410 ita
3479 3365 3537 3409 ut

267 3454 365 3521 qui
404 3453 567 3508 ﬁdem
604 3467 662 3508 ut
699 3470 922 3526 granum
950 3454 1154 3526 sinapis
1183 3456 1362 3520 habet,
1410 3455 1464 3509 in
1510 3468 1568 3510 se
1613 3454 1736 3526 ipso
1779 3454 1975 3512 habeat
2007 3470 2231 3527 regnum
2257 3457 2540 3513 ctelorum.
2578 3455 2720 3511 Intra
2758 3470 2857 3511 nos
2881 3463 2966 3511 est
2997 3453 3141 3509 enim
3176 3465 3402 3522 regnum
3429 3462 3536 3505 εδει

266 3548 480 3602 lorum.

341 3662 365 3695 ι
414 3642 622 3713 Ἕρεῖτε
638 3642 716 3713 τῷ
742 3644 858 3715 ὄρει
889 3642 1096 3713 τούτῳ*
1118 3640 1407 3711 Μετάϐηθι
1441 3640 1695 3696 ἐντεῦθεν
1738 3644 1860 3696 ἐκεῖ

265 3739 365 3790 καὶ
419 3735 812 3805 μεταϐήσεται,
843 3735 941 3790 καὶ⁵
961 3735 1114 3789 οὐδὲν
1145 3734 1475 3804 ἀδυνατήσει
1523 3733 1676 3802 ὑμῖν.
1705 3752 1724 3786 ι
1775 3735 1853 3788 Οὺ

265 3831 408 3902 περὶ
437 3831 600 3902 ὅρους
630 3831 896 3902 αἰσθητοῦ
918 3830 1074 3885 λαλεῖ
1106 3829 1367 3884 ἐνταῦθα.
1393 3828 1489 3893 Τίς
1556 3829 1667 3899 γὰρ
1722 3830 1856 3882 ἁκο-

2034 3663 2054 3697 ι
2085 3643 2283 3700 Dicetis
2310 3645 2473 3699 monti
2501 3644 2659 3699 huic:
2689 3643 2881 3700 Transi
2913 3645 3042 3700 hinc
3067 3643 3221 3707 illuc,
3247 3650 3300 3695 et
3334 3637 3534 3695 transi-

1960 3736 2060 3802 bit,
2092 3747 2148 3792 et
2176 3736 2309 3791 nihil
2357 3735 2697 3807 impossibile
2741 3737 2847 3791 erit
2874 3737 3050 3792 vobis.
3094 3753 3113 3786 ι
3167 3733 3281 3788 Non
3321 3733 3436 3787 hare
3467 3729 3536 3783 de
3571 3761 3593 3781 .

1963 3828 2164 3884 visibili
2199 3828 2314 3900 (40)
2350 3839 2530 3884 monte
2562 3827 2713 3883 dicit.
2758 3825 2866 3892 Qui
2918 3827 3063 3880 cnim
3112 3833 3534 3881 consentaneum

340 3992 397 4027 ⁸⁸
430 3991 621 4046 Matth.
653 4008 765 4059 nx,
795 3991 887 4048 28.
928 3992 973 4024 ⁹⁹
1002 3990 1196 4047 Matth.
1227 4005 1282 4055 ν,
1322 3990 1407 4055 15,
1441 3986 1527 4041 14.
1608 3987 1625 4018 ¹
1653 3984 1810 4043 Joau.
1850 4001 1916 4040 xv
1956 3986 2048 4043 15.

1515 4112 1838 4176 Francisci
1866 4110 2072 4176 Scorsi
2107 4117 2299 4174 noue.

343 4240 466 4310 (38)
510 4237 577 4291 Et
605 4238 765 4310 simul
805 4238 875 4291 ad
914 4239 1273 4310 ferventiorem
1308 4234 1845 4310 ﬁdem.__Nou__solum

272 4314 328 4367 in
358 4304 618 4378 'pa'rente
667 4304 926 4378 lunatici;
959 4309 1054 4363 sed
1088 4319 1141 4363 et
1176 4308 1227 4360 in
1293 4304 1555 4375 apostolis
1613 4304 1845 4378 aliquem

273 4373 407 4437 fidei
447 4379 614 4433 fuisse
664 4377 932 4432 defectum
957 4388 1012 4430 et
1054 4373 1344 4441 utrumque
1396 4390 1614 4428 causam
1656 4373 1843 4430 fuisse,

1953 4235 2092 4304 quod
2127 4245 2283 4303 neget
2323 4233 2466 4288 hunc
2519 4233 2720 4304 locumg
2750 4232 2817 4287 de
2857 4240 3040 4304 monte
3086 4229 3268 4304 sensili
3323 4231 3526 4304 intelli-

1955 4301 2327 4372 gendumIqui
2372 4318 2565 4357 sensus
2586 4312 2668 4355 est
2708 4302 2980 4366 litterulis,
3021 4310 3078 4356 et
3102 4301 3314 4372 nativus
3363 4302 3522 4367 hujus

1955 4371 2084 4433 loci.
2136 4385 2188 4428 et
2214 4371 2277 4427 es
2331 4373 2450 4427 aliis
2502 4384 2689 4438 aperte
2739 4373 3033 4441 colligitur,
3081 4373 3132 4424 in
3175 4371 3370 4441 quibus
3418 4372 3530 4424 dat-

269 4468 376 4508 cur
434 4446 757 4530 «immanium
786 4447 1083 4529 .expellere
1117 4438 1269 4533 “non
1337 4445 1630 4533 potuerint,
1664 4513 1676 4525 .
1698 4443 1847 4523 multi
1878 4473 1930 4533 Β
1958 4444 2125 4533 monii
2185 4444 2330 4498 nulla
2369 4444 2601 4533 (utenti'o.
2663 4438 3091 4533 Namtsi—militer
3119 4440 3254 4493 dixit
3275 4438 3526 4522 Christus

270 4518 632 4589 expositores
661 4513 928 4589 seu_ti_uut_
949 4519 1085 4589 apud
1115 4515 1478 4589 Maldonatum
1524 4513 1700 4589 relati,
1756 4513 1846 4580 qui

272 4584 450 4647 etiam
527 4587 686 4640 verba
748 4587 835 4640 illa
889 4584 1090 4641 Christi
1142 4594 1363 4652 propter
1415 4584 1851 4637 incredulitatem

272 4668 522 4714 vestram
551 4672 656 4709 non
693 4657 1135 4723 rcprehendeutis
1179 4656 1376 4713 solum,
1438 4654 1531 4707 sed
1556 4654 1720 4706 etiam
1756 4667 1851 4705 ex-

275 4727 560 4785 ltortantis
588 4725 661 4793 ad
682 4726 939 4793 majorem
974 4727 1132 4779 fidem
1175 4739 1298 4780 esse
1328 4731 1538 4778 censet.
1564 4723 1740 4791 Atque
1767 4723 1855 4775 hic

275 4809 366 4855 est
404 4812 598 4849 sensus
633 4792 978 4862 Theophanis
998 4796 1103 4850 hoc
1134 4796 1270 4849 loco.

355 4866 470 4937 (59}
506 4865 568 4919 Si
616 4882 733 4918 cum
789 4861 1043 4937 ματερία
1080 4873 1432 4937 comparetur.
1476 4861 1858 4937 Compa‘rative

278 4933 562 4991 Christum
596 4934 963 5003 apostolorum
1020 4936 1177 4990 fidem
1214 4934 1493 4986 minime
1535 4933 1853 5003 appellasse,

280 5008 542 5060 nimirqu
599 5002 645 5058 si
698 5006 763 5057 ad
814 5019 933 5057 eam
968 5013 1337 5070 comparetur,
1387 5016 1548 5069 quam
1582 5017 1703 5055 cum
1742 5002 1859 5067 ipso

284 5078 499 5131 tamdiu
544 5085 785 5129 versatos
824 5073 1025 5129 habere
1067 5082 1369 5143 oporteret,
1411 5087 1554 5143 cum
1608 5084 1855 5143 magnam

285 5156 469 5199 tamen
507 5144 1025 5212 liaberenttquippe
1080 5139 1255 5211 ipsum
1301 5140 1459 5209 paulo
1491 5151 1615 5195 aute
1664 5139 1758 5193 Dei
1789 5139 1859 5191 ii-

284 5216 421 5268 lium
475 5214 714 5269 confessi
777 5214 1012 5275 fuerant,
1069 5216 1226 5267 docet
1265 5212 1599 5265 Itlaldouatus
1648 5220 1851 5271 uoster,

282 5299 447 5352 quem
498 5285 642 5338 vide.
698 5283 828 5348 Ejus
881 5284 1025 5337 enim
1066 5284 1354 5351 explicatio
1392 5296 1514 5334 cum
1547 5283 1646 5336 hoc
1682 5278 1861 5352 Theo-

282 5350 485 5424 phanis
514 5355 634 5409 loco
681 5355 952 5424 congruit.
981 5350 1245 5409 Ceterum
1278 5352 1418 5422 quod
1448 5352 1537 5405 hic
1564 5350 1859 5424 deiuiiuito

284 5420 630 5479 incremento
679 5434 734 5477 et
777 5423 1108 5493 perfectione
1144 5424 1263 5476 fidei
1296 5420 1481 5492 tangit
1519 5431 1710 5476 auctor
1734 5420 1857 5474 aliis

287 5493 459 5547 etiam
515 5494 650 5549 locis
679 5496 868 5557 tradit,
928 5494 1074 5548 item.
1108 5494 1197 5555 10.
1252 5494 1320 5547 ad
1369 5507 1529 5557 unum
1593 5493 1712 5545 vide
1743 5500 1856 5544 nol.

286 5564 387 5625 79,
412 5575 470 5617 et
517 5568 664 5618 hom.
696 5563 790 5629 22,
825 5564 890 5617 ad
919 5580 1081 5631 quam
1106 5576 1284 5618 notam
1321 5562 1407 5614 19.

371 5634 480 5705 (40)
524 5633 645 5688 Non
686 5638 750 5686 de
803 5634 1016 5688 visibi/i.
1054 5632 1378 5705 Quanquam
1430 5636 1612 5698 aperte
1655 5639 1861 5683 asserat

293 5704 485 5773 tinetur
530 5706 727 5757 virtute
760 5705 944 5757 divina
985 5704 1120 5773 eiliei
1186 5718 1366 5772 posse,
1411 5711 1475 5752 ut
1508 5711 1751 5773 dlllttltlr's
1792 5715 1854 5754 ex

295 5770 410 5841 {tuo
456 5776 577 5830 loco
617 5775 666 5828 itt
700 5775 864 5830 alium
922 5770 1343 5837 transferantur,
1384 5770 1624 5839 displicet
1678 5778 1860 5831 tamen

1960 4515 2114 4567 Luca:
2168 4529 2324 4569 xvu:
2363 4512 2421 4567 Si
2468 4513 2758 4566 habueritis
2811 4513 2993 4579 ﬁdem.
3036 4512 3170 4563 sicut
3203 4526 3430 4579 granum
3458 4512 3532 4562 si-

1955 4585 2126 4646 napis,
2150 4583 2331 4636 dicetis
2354 4584 2477 4636 huic
2510 4583 2689 4635 arbori
2722 4599 2866 4636 moro
2891 4599 2909 4639 :
2936 4580 3245 4641 Eradicare,
3277 4589 3324 4630 et
3357 4589 3535 4630 trans-

1953 4656 2196 4718 plantare
2243 4654 2298 4705 in
2345 4668 2510 4707 mare.
2570 4652 2634 4705 Et
2692 4652 2812 4705 huic
2845 4652 2961 4706 loco
2989 4652 3151 4705 etiam
3196 4649 3440 4700 allusisse
3471 4646 3530 4718 S.

1953 4717 2154 4777 Paulus
2178 4722 2389 4775 videtur
2412 4722 2452 4782 Ι.
2486 4722 2614 4776 Cor.
2647 4737 2767 4775 eum
2795 4724 2858 4775 de
2891 4720 3173 4773 charitatis
3214 4717 3531 4784 pra’stantia

1956 4794 2217 4859 loquens:
2263 4790 2321 4845 Si
2367 4792 2618 4852 habuero,
2649 4793 2849 4862 inquit,
2896 4789 3073 4857 ﬁdem,
3104 4788 3194 4862 iur
3230 4793 3286 4836 ut
3331 4795 3529 4838 utentes

1954 4853 2323 4933 trdusferam,_
2356 4862 2665 4933 Charitelen:
2721 4853 2906 4913 nutent
2949 4853 3356 4933 nan_ltobuero,
3420 4864 3527 4933 etc.

1954 4933 2074 4984 Alia
2104 4923 2425 4985 'veroloca
2493 4929 2809 4996 Scripturze,
2853 4941 2971 4996 qua
3012 4923 3171 4996 aifert
3227 4935 3415 4977 auctor
3464 4924 3530 4996 de

1956 5001 2251 5054 stabilitate
2292 5011 2470 5063 terrae,
2496 4993 2838 5068 intelligenda
2873 4993 3002 5068 sunt
3035 4994 3104 5048 de
3135 4993 3251 5063 lege
3273 4994 3527 5068 ex-modo

1958 5080 2167 5124 natum
2197 5079 2583 5124 cousentaneo.
2629 5064 2696 5122 Et
2738 5081 2864 5121 vero
2906 5067 3261 5118 vehementer
3291 5064 3532 5115 admiror

1958 5140 2099 5204 quod
2159 5139 2478 5193 Cerameum
2529 5139 2673 5192 hunc
2746 5133 3043 5206 fugerit_iu
3073 5132 3403 5206 _Historiis___
3430 5129 3531 5183 SS.

1959 5198 2181 5263 Patrum
2208 5209 2511 5264 Graecorum
2564 5208 2617 5259 id
2655 5198 2832 5275 ipsum
2887 5221 2915 5259 ιι
2953 5204 3010 5258 S.
3061 5203 3320 5275 Gregorio
3346 5198 3531 5275 Thau-

1961 5291 2206 5349 maturgo
2237 5269 2759 5349 episcopGCtsar'ea:
2788 5276 3057 5349 eﬂ'ectum,
3087 5269 3242 5342 cujus
3280 5269 3533 5341 precibus

1959 5364 2115 5403 mons
2146 5346 2311 5402 'tant'o
2344 5347 2625 5400 intervallo
2669 5347 2831 5400 cessit
2864 5363 2893 5400 a
2930 5346 3048 5399 loco
3103 5357 3229 5406 suo,
3264 5351 3529 5410 quantum

1957 5435 2094 5486 opus
2147 5420 2418 5473 habebant
2444 5418 2633 5486 incolae
2683 5419 2749 5470 ad
2789 5417 3047 5484 templum
3081 5413 3213 5486 inihi
3246 5409 3528 5464 :cditican-

1958 5480 2108 5543 dum.
2159 5487 2266 5543 Sed
2303 5503 2406 5541 non
2438 5488 2578 5540 scire
2604 5485 2687 5540 l'as
2719 5496 2804 5541 est
2833 5480 3055 5551 omnia;
3095 5480 3260 5535 multa
3288 5493 3534 5532 summos

1959 5560 2124 5613 etiam
2162 5560 2308 5612 viros
2347 5558 2534 5618 latent,
2583 5568 2641 5610 ut
2672 5556 2934 5609 Baronius
2965 5567 3179 5624 quoque
3213 5552 3368 5608 dixit.
3405 5563 3529 5603 cum

1960 5640 2279 5697 quereretur
2321 5628 2639 5697 ignoratum
2664 5643 2692 5679 a
2718 5628 2890 5697 doctis
2925 5620 3381 5697 viris-Nicaeuum
3405 5633 3525 5697 cott-

1961 5690 2142 5751 edium
2205 5690 2536 5752 secundum:
2597 5694 2908 5750 Tolerabilis
2956 5702 3031 5748 est
3081 5700 3275 5753 tamen,
3331 5690 3547 5753 ittqttit,‘

1962 5769 2188 5822 inductis
2241 5769 2368 5822 viris
2399 5768 2562 5823 etiam
2605 5765 2943 5833 excusabiiis,
2989 5765 3121 5819 sicut
3174 5762 3227 5815 in
3253 5758 3309 5814 S.
3340 5757 3555 5824 Augu-'
