3974 6200
354 347 462 411 485

1672 301 2000 413 ΗΟΜΕΙᾏᾹ
2039 349 2246 410 XXlV.

3504 355 3614 420 486

352 478 446 524 τος
474 461 588 518 τοῖς
620 459 913 530 μαθηταῖς,
947 463 1277 535 προσθέντος
1314 464 1393 527 δὲ,
1418 463 1499 515 ὅτι
1525 462 1618 514 καὶ
1643 461 1751 513 είσί
1782 477 1927 521 τινες

2037 469 2094 511 ιιι
2126 460 2362 525 primum
2380 459 2523 512 hunc
2548 473 2864 514 concessum
2884 462 3182 516 ambirent?
3201 461 3331 551 Cum
3354 462 3614 522 Dominus

349 554 462 609 τῶν
497 549 603 607 ὦδε
657 555 993 623 ἑστηκότων,
1030 556 1080 609 οἳ
1115 558 1176 610 οὐ
1217 557 1506 625 γεύσονται
1537 553 1790 617 θανάτου,
1829 553 1933 615 ἓως

351 646 418 700 ἂν
483 646 635 698 ίδωσι
694 644 796 715 τὴν
855 646 1134 714 βασιλείαν
1201 647 1409 701 αὐτοῦ’
1452 644 1833 710 ὑποδείξαντος
1876 645 1933 697 δὲ

348 735 535 797 αὐτοῖς
580 737 639 787 ὲν
702 733 903 803 ωαόὼρ
963 736 1058 789 καὶ
1089 737 1158 788 τὰ
1207 735 1309 805 τῆς
1348 734 1604 804 θεότητος
1663 732 1931 803 σύμϐολα,

349 827 522 898 ᾤοντο
568 829 618 881 oi
668 828 963 881 ἀπόστολοι
993 827 1240 896 ἐπίγειον
1270 827 1454 890 αὐτοῖς
1500 826 1660 890 δόξαν
1700 825 1932 891 εὐαγγε-

349 917 632 982 λίσασθαι,
664 919 760 971 καὶ
796 920 880 971 ὅτι
912 918 1226 988 βασιλεύσει
1279 918 1381 990 μὲν
1412 918 1506 972 ἐπὶ
1538 920 1667 989 γῆς,
1709 916 1931 969 ἐπιϐου-

346 1009 562 1073 λευθείς
585 1027 648 1078 τε
684 1010 786 1079 μὲν
816 1008 1045 1081 ὕστερον
1091 1010 1534 1080 παραδοθήσεται
1565 1009 1661 1062 καὶ
1685 1007 1934 1061 πείσεται

344 1102 452 1153 ὅσα
499 1102 895 1171 παρήγγειλεν.
928 1100 1005 1154 Οὐ
1053 1099 1165 1171 γὰρ
1197 1098 1262 1170 δὴ
1296 1098 1429 1169 περὶ
1471 1097 1576 1166 τῆς
1631 1094 1934 1165 μελλούσης

345 1192 501 1262 αὐτῷ
577 1192 739 1262 δόξης
821 1193 1099 1263 προσῆγον
1164 1192 1267 1264 τὴν
1322 1191 1562 1261 αἴτησιν,
1643 1187 1720 1251 ὦς
1790 1203 1934 1248 τινες

348 1284 732 1338 ύπετὸπασαν.
784 1285 851 1338 Τί
911 1280 1004 1338 οὖν
1029 1288 1068 1337 ό
1099 1285 1330 1354 Σωτήρ;
1383 1282 1510 1336 Οὕτ⁹
1542 1279 1938 1350 ἐπαγγέλλεται

346 1375 453 1444 τὴν
483 1376 654 1447 δόσιν,
716 1374 844 1429 οὕτε
878 1377 986 1447 μὴν
1014 1374 1396 1440 ἀπαναίνεται,
1426 1373 1542 1426 ἀλλ’
1576 1372 1652 1435 ὡς
1682 1368 1938 1439 ἀγνῶτας

344 1466 657 1535 ἐπιπλήξας
685 1468 743 1520 ἐν
764 1467 842 1538 τῷ
874 1469 1050 1520 εἰπεῖν
1084 1483 1099 1499 ο
1137 1483 1155 1518 ι
1196 1467 1309 1519 Οὐκ
1349 1466 1527 1519 οἴδατε
1549 1463 1603 1516 τί
1642 1461 1934 1525 αἰτεῖσθε.»

346 1560 481 1628 περὶ
517 1559 613 1612 τοῦ
651 1559 883 1614 θανάτου
916 1562 1100 1623 αὐτοῖς
1155 1559 1319 1614 πάλιν
1352 1559 1693 1628 διαλέγεται·

2039 565 2414 619 Saepenumero
2444 552 2508 603 de
2542 551 2718 602 lutura
2764 551 2930 620 gloria
2972 570 3090 606 eum
3133 553 3412 624 discipulis
3443 555 3615 611 disse-

2040 645 2260 707 ruisset,
2285 642 2617 711 ailjunxisset
2657 643 2816 696 etiam
2858 645 3067 712 aliquos
3103 663 3167 700 ex
3202 647 3309 701 illic
3343 650 3612 703 stantibus

2037 749 2146 787 non
2195 741 2505 803 gustaturos
2559 744 2810 798 mortem,
2865 736 3038 789 donec
3096 736 3336 790 videt-ent
3389 754 3612 808 regnum

2037 825 2238 894 ipsius;
2269 841 2504 895 cumque
2549 827 2711 881 etiam
2756 827 2811 881 in
2845 840 3026 882 tnonte
3050 830 3269 884 Tltabor
3313 832 3613 887 divinitatis

2036 917 2310 985 specimen
2341 918 2693 981 ostendisset,
2746 919 3107 988 opinabantur
3148 923 3372 989 apostoli
3425 924 3474 976 in
3510 924 3614 977 hac

2036 1007 2151 1062 vita
2205 1010 2620 1078 comparandam
2680 1010 2781 1065 sibi
2837 1009 3064 1078 gloriam
3121 1014 3497 1080 praenuntiavi;
3559 1026 3613 1067 et

2039 1110 2386 1169 regnaturum
2441 1101 2656 1169 quidem
2706 1101 2761 1155 in
2819 1102 2983 1158 terris
3030 1101 3337 1166 Dominum,
3393 1104 3486 1158 sed
3544 1104 3611 1158 ad

2038 1200 2338 1245 extremum
2368 1192 2785 1262 opprimendum
2811 1194 3041 1260 insidiis,
3079 1204 3134 1250 et
3171 1196 3528 1265 prodendum,
3558 1207 3611 1251 et

2042 1295 2378 1350 quaecunque
2402 1283 2538 1350 ipsis
2565 1285 2911 1352 praedixerat,
2946 1294 3225 1341 eventura.
3255 1284 3439 1355 Neque
3465 1288 3608 1342 enim

2043 1370 2111 1425 de
2142 1371 2320 1427 futura
2356 1373 2526 1444 gloria
2559 1377 2840 1447 preposita
2886 1378 3080 1447 petitio
3129 1378 3249 1444 luit,
3287 1387 3348 1431 ut
3389 1378 3608 1448 quidam

2042 1463 2442 1521 existimarunt.
2460 1464 2596 1532 Quid
2628 1466 2792 1537 igitur
2811 1466 3101 1522 Salvator?
3123 1467 3307 1539 Neque
3328 1470 3613 1538 pollicetur

2044 1569 2103 1609 se
2141 1556 2415 1624 daturum,
2459 1572 2561 1613 nec
2606 1571 2849 1627 recusat;
2895 1560 2987 1615 sed
3036 1561 3362 1631 reprehensa
3412 1577 3605 1617 eorum

348 1652 589 1716 inscitia,
623 1653 734 1708 illis
787 1654 971 1709 verbis
1015 1671 1030 1708 :
1065 1672 1084 1706 ι
1119 1653 1354 1708 Nescitis
1378 1650 1508 1721 quid
1537 1650 1758 1721 petatis,
1800 1666 1820 1700 ι
1861 1646 1926 1701 de
1950 1656 2125 1701 morte
2158 1649 2349 1703 iterum
2378 1651 2537 1705 verba
2568 1650 2698 1706 facit
2737 1667 2752 1707 :

428 1765 446 1797 ι
472 1744 722 1798 Δύνασθε
763 1748 910 1799 πιεῖν
944 1745 1006 1799 τὸ
1040 1748 1326 1817 ποτήριον,
1352 1744 1380 1798 ὃ
1406 1744 1519 1815 ἐγὼ
1549 1744 1710 1809 πίνω,
1748 1741 1842 1795 καὶ
1869 1740 1930 1792 τὸ

347 1838 660 1907 βάπτισμα,
688 1835 717 1888 ὃ
747 1834 859 1906 ἐγὼ
908 1836 1269 1908 βαπτίζομαι,
1328 1835 1732 1907 βαπτισθῆναις
1764 1853 1784 1886 ι
1820 1834 1928 1886 Νο-

2094 1758 2113 1791 ι
2143 1737 2380 1796 Potestis
2403 1742 2591 1797 bibere
2611 1742 2855 1810 calicem,
2881 1759 3039 1815 quem
3059 1760 3157 1816 ego
3181 1746 3446 1801 bibiturus
3466 1763 3607 1812 sum,

2030 1839 2083 1884 et
2108 1828 2404 1900 baptismo,
2443 1848 2552 1902 quo
2577 1848 2677 1905 ego
2705 1835 2976 1907 baptizor,
3008 1834 3314 1907 baptizari?
3361 1857 3380 1890 ι
3412 1837 3611 1894 Existi-

349 1930 563 1999 μίζετε,
594 1930 752 1998 φησὶ,
792 1926 894 1997 τὴν
942 1929 1083 2001 ἐμὴν
1116 1928 1396 2000 βασιλείαν
1440 1926 1709 1998 αἰσθητὴν
1755 1920 1922 1988 εἶναι,

2033 1924 2215 1987 matis,
2251 1924 2448 1993 inquit,
2486 1940 2712 1997 regnum
2761 1942 2942 1982 meum
2997 1928 3052 1981 in
3083 1928 3150 1983 iis
3197 1929 3400 1983 versari
3454 1932 3609 1985 rebus

343 2022 448 2076 καὶ
478 2023 574 2074 ἐπὶ
608 2018 766 2084 δόξαν
816 2021 1084 2091 κεχήνατε
1144 2020 1502 2091 πρόσκαιρον,
1533 2016 1694 2087 κενὴν
1728 2031 1931 2085 φαντα-

344 2113 495 2176 σίαν,
535 2113 630 2165 καὶ
662 2111 937 2181 καθέδραν
982 2111 1322 2183 αἰτούμενοι,
1355 2109 1546 2178 ὥσπερ
1597 2106 1931 2176 ἐπιλαθόμε-

344 2224 431 2260 νοι
465 2209 564 2276 τῆς
602 2206 876 2276 προτέρας
933 2203 1142 2272 φωνῆς.
1197 2197 1266 2274 ἦς
1316 2201 1555 2272 ἀρχῆθεν
1611 2199 1925 2269 ἠκούσατεο

349 2319 369 2349 ι
394 2298 562 2350 Δεῦτε
618 2297 794 2350 ὀπίσω
841 2311 976 2367 μου·
1010 2314 1027 2346 ι
1064 2298 1092 2349 ό
1130 2295 1186 2348 δὲ
1247 2293 1424 2347 ὀπίσω
1464 2309 1570 2362 μου
1620 2288 1931 2344 ἀκολουθῶν

341 2390 539 2458 ἀράτω
575 2388 668 2441 τὸν
709 2388 942 2459 σταυρὸν
994 2387 1192 2441 αὐτοῦ’
1256 2387 1318 2439 ού
1374 2384 1645 2455 καθέδραν
1694 2383 1931 2454 ζητείτω

343 2482 542 2547 κενήν.
587 2478 780 2548 Ὑμεῖς
808 2478 867 2531 δὲ
895 2478 1129 2547 ἀφέντες
1158 2477 1220 2529 τὸ
1253 2474 1395 2547 μετὰ
1441 2475 1551 2528 τῶν
1584 2472 1761 2529 ἄλλων
1796 2475 1928 2526 ἀκο-

342 2570 583 2639 λουθεῖν,
618 2568 1033 2640 προπορεύεσθε
1052 2584 1066 2599 ·
1098 2567 1188 2621 διὰ
1215 2566 1375 2620 τοῦτο
1403 2567 1504 2620 οὐκ
1532 2567 1713 2620 οἴδατε
1754 2565 1806 2618 τί
1839 2562 1926 2618 αί-

344 2662 554 2716 τείσθε.
578 2660 736 2714 Οὕτω
765 2662 861 2715 καὶ
888 2661 1119 2732 Πέτρος,
1151 2660 1254 2723 ἕως
1286 2660 1384 2730 μὲν
1415 2657 1706 2729 ἠκολούθει
1733 2655 1810 2726 τῷ
1833 2656 1927 2709 τοῦ

339 2755 676 2810 διδασκάλου
709 2753 1001 2825 θελήματι,
1036 2751 1286 2824 μαθητὴς
1314 2747 1383 2822 ἦν
1403 2767 1420 2783 ο
1450 2748 1615 2821 ἡνίκα
1640 2748 1700 2802 δὲ
1736 2748 1798 2801 τὸ
1825 2764 1931 2801 πα-

346 2847 469 2900 θεῖν
498 2847 592 2900 τὸν
620 2846 876 2916 Σωτῆρα,
919 2845 1047 2913 τόγε
1095 2845 1176 2907 είς
1233 2842 1400 2896 αὐτὸν
1452 2837 1586 2913 ἦκον
1624 2839 1927 2895 ἐκώλυσεν.

351 2960 373 2991 ι
400 2937 591 3001 Ἵλεώς
616 2955 722 3000 σοι,
755 2934 1021 3009 φάμενος,
1048 2935 1111 2988 οὐ
1141 2934 1218 3005 μὴ
1246 2930 1402 2987 ἔσται
1425 2950 1507 2986 σοι
1538 2932 1724 2985 τοῦτο’
1752 2950 1772 2984 ι
1790 2930 1929 2983 ’τότε

343 3033 410 3084 ού
439 3031 518 3101 μὴ
560 3028 891 3093 ἀκολουθῶν,
928 3028 1046 3082 ἄλλ’
1077 3028 1249 3090 ἑστὼς
1287 3022 1729 3097 ἀντιπρόσωπον,
1760 3024 1930 3095 ἥκου-

344 3140 475 3177 σενο
539 3143 558 3175 ι
587 3122 807 3189 ’Ύπαγε
852 3120 1028 3175 ὀπίσω
1081 3137 1206 3190 μου,
1240 3120 1510 3175 Σατανᾶ.»
1560 3118 1701 3173 Ἀλλ’
1731 3118 1785 3172 οἱ
1830 3118 1928 3189 μὲν

348 3216 446 3270 οὖν
477 3213 873 3286 ὠνειροπόλουν
906 3211 1074 3283 τιμὴν
1091 3211 1383 3283 κοσμικὴν,
1420 3218 1446 3265 ό
1470 3212 1526 3264 δὲ
1558 3212 1695 3282 πρὸς
1720 3211 1810 3265 τὸν
1835 3209 1927 3263 τοῦ

348 3282 660 3375 μαρτυρίου
688 3304 920 3357 θάνατον
949 3282 1173 3365 τούτους
1202 3282 1377 3355 καλεῖ.
1412 3302 1681 3372 Ποτήριον
1703 3303 1812 3370 γὰρ
1833 3300 1928 3353 καὶ
1955 3282 1998 3339 c

348 3396 639 3467 βάπτισμα
671 3394 828 3447 τοῦτο
858 3393 1147 3464 ὠνόμασεν
1169 3409 1182 3422 ο
1217 3391 1404 3461 ἐπειδὴ
1427 3392 1501 3454 ὠς
1534 3390 1633 3462 μὲν
1670 3393 1933 3461 ποτήριον

348 3485 524 3553 ἡδέως
553 3482 806 3536 πέπωται
840 3483 970 3553 παρ’
999 3481 1187 3545 αὐτοῦ,
1223 3482 1318 3534 καὶ
1346 3481 1437 3535 τὸν
1459 3481 1732 3550 φυσίζωον
1766 3480 1933 3535 ὕπνον

345 3580 639 3645 ἐπήγαγε,
659 3576 751 3628 Διδ
775 3577 877 3629 κάν
905 3574 982 3646 τῷ
1010 3571 1106 3626 τοῦ
1144 3572 1355 3636 πάθους
1402 3571 1601 3642 καιρῷ,
1628 3570 1770 3624 οὕτω
1798 3570 1934 3643 πρὸς

343 3673 442 3723 τὸν
477 3672 685 3740 Πέτρον
730 3668 900 3739 φησι·
945 3667 1064 3720 «Τὸ
1111 3667 1398 3738 ποτήριον,
1446 3664 1475 3716 ὅ
1529 3663 1733 3718 δέδωκέ
1784 3682 1876 3734 μοι
1905 3665 1933 3717 δ

347 3763 563 3834 Πατὴρ,
605 3763 668 3814 οὐ
730 3761 807 3832 μὴ
849 3760 958 3814 πιῶ
1005 3757 1218 3824 αὐτός»
1277 3759 1575 3830 Βάπτισμα
1617 3757 1673 3811 δὲ
1700 3760 1728 3812 ό
1762 3758 1924 3820 αὐτὸς

345 3855 603 3917 θάνατος,
620 3855 695 3917 ὡς
726 3851 1067 3923 καθαρισμὸν
1087 3851 1199 3904 τῶν
1224 3836 1510 3921 ἁμαρτιῶν
1536 3850 1923 3920 ποιησάμενος.

348 3946 509 3999 Κατὰ
529 3947 585 3999 δὲ
602 3944 691 3998 τὸν
714 3945 811 4014 τῆς
837 3942 1129 4012 ἀναγωγῆς
1153 3940 1331 4011 λόγον,
1356 3943 1530 3995 νοοῖτο
1547 3940 1613 3995 ἂν
1643 3943 1922 4014 ποτήριον,

343 4039 490 4106 ὅπερ
539 4038 683 4088 πιεῖν
731 4033 1089 4103 κελευόμεθα,
1151 4034 1201 4085 οἱ
1253 4031 1743 4102 ἐπισυμὸαίνοντες
1792 4034 1924 4104 ἡμῖν

348 4130 494 4198 ὑπὲρ
522 4129 619 4199 τῆς
650 4126 909 4197 ἀληθείας
952 4123 1201 4180 ἀκούσιοι
1239 4123 1557 4195 πειρασμοὶ,
1612 4123 1678 4178 δι’
1704 4118 1778 4179 ὧν
1829 4126 1926 4181 καὶ

347 4214 524 4289 αὐτῆς
575 4216 1049 4287 καταφρονοῦντες
1094 4218 1195 4287 τῆς
1242 4215 1480 4284 φύσεως,
1507 4217 1602 4268 καὶ
1647 4216 1739 4269 τὸν
1782 4216 1925 4272 θεῖον

350 4310 517 4363 πόθον
550 4311 965 4379 προκρίναντες,
1005 4305 1098 4361 τὸν
1139 4304 1522 4377 περιστατικδν
1572 4307 1924 4380 ύπερχόμεθα

428 4428 471 4460 ⁸³
506 4426 697 4484 Matth.
739 4441 850 4489 ενι,
887 4425 979 4480 25.
1059 4423 1107 4457 “’
1142 4421 1301 4481 Joau.
1343 4440 1501 4492 xvm,
1542 4423 1661 4495 H._

2032 2028 2152 2080 qua:
2189 2015 2444 2071 sensibus
2480 2017 2874 2087 percipiuntur,
2907 2027 2961 2073 et
2990 2018 3194 2089 glorite,
3232 2035 3352 2089 qua:
3385 2022 3606 2089 hujusce

2030 2103 2159 2159 vita:
2186 2114 2431 2175 tempore
2469 2108 2724 2164 delinitur
2765 2110 3012 2175 initiatis,
3053 2111 3424 2166 inanissimam
3456 2130 3577 2182 pom

2030 2213 2175 2266 pattt,
2210 2206 2265 2251 et
2293 2198 2605 2255 cathedram
2638 2201 2993 2269 postulantes,
3021 2204 3179 2272 quasi
3221 2203 3374 2259 obliti
3415 2206 3607 2274 prima:

2030 2291 2182 2346 vocis
2212 2290 2378 2357 illius,
2410 2307 2569 2361 quam
2589 2292 2701 2362 jam
2732 2304 2844 2347 tum
2876 2294 2943 2348 ab
2975 2295 3128 2350 initio
3153 2295 3383 2352 audistis
3410 2315 3423 2350 :
3454 2315 3473 2348 ι
3501 2296 3608 2352 Ve-

2030 2383 2140 2438 nite
2174 2394 2294 2453 post
2317 2398 2437 2453 me;
2474 2404 2494 2437 ι
2527 2388 2619 2456 qui
2650 2403 2778 2442 vero
2804 2387 3051 2456 sequitur
3077 2404 3182 2454 me,
3210 2389 3356 2443 tollat
3389 2405 3603 2444 crucem

2029 2490 2205 2540 suam,
2239 2492 2348 2530 non
2406 2477 2723 2532 cathedram
2774 2478 2955 2534 inanis
2997 2478 3183 2549 gloriae
3232 2490 3473 2550 quairat;
3511 2496 3609 2535 vos

2030 2580 2132 2620 una
2165 2581 2286 2621 cum
2316 2566 2438 2623 aliis
2466 2570 2619 2636 sequi
2663 2585 2746 2623 me
2774 2569 3059 2635 desistitis,
3093 2587 3156 2625 ac
3185 2571 3350 2627 vultis
3395 2587 3596 2640 pra-ce-

2030 2655 2199 2712 dere:
2234 2657 2351 2713 ideo
2379 2677 2399 2709 ι
2448 2658 2681 2714 Nescitis
2725 2660 2855 2729 quid
2900 2662 3119 2730 petatis.
3157 2680 3176 2713 ›
3220 2661 3295 2716 lta
3326 2674 3381 2718 et
3412 2663 3606 2718 Petrus

2030 2747 2160 2802 dum
2204 2748 2546 2819 magistrum,
2601 2749 2759 2821 152
2804 2761 2965 2822 prout
3013 2752 3262 2808 voluntas
3305 2752 3421 2820 ejus
3464 2752 3608 2809 ivre-

2033 2839 2143 2906 bat,
2178 2842 2524 2911 sequebatur,
2567 2842 2864 2910 discipulus
2892 2852 3044 2911 erat;
3076 2845 3162 2899 ubi
3197 2860 3323 2899 vero
3357 2843 3609 2901 Salvato-

2033 2947 2167 2997 rem,
2198 2933 2490 3001 quominus
2520 2943 2813 3004 pateretur,
2845 2945 3110 3005 quantum
3134 2945 3285 2992 certe
3308 2936 3361 2991 in
3392 2952 3450 2993 se
3481 2936 3607 3003 fuit,

2031 3022 2307 3093 prohibuit
2350 3023 2574 3095 dicens:
2611 3042 2631 3075 ι
2663 3023 2820 3079 Absit
2869 3039 2901 3079 a
2935 3034 3013 3090 te,
3058 3022 3307 3091 Domine,
3351 3042 3456 3080 non
3500 3027 3609 3082 erit

2033 3114 2127 3169 tibi
2159 3114 2262 3169 hoc
2286 3114 2349 3178 ¹³,
2372 3132 2391 3165 ι
2432 3123 2564 3169 tunc
2592 3130 2723 3169 sane
2749 3132 2868 3170 cum
2907 3131 3012 3171 non
3030 3119 3479 3186 subsequeretur,
3511 3121 3609 3174 sed

2032 3216 2218 3260 contra
2248 3205 2441 3261 faciem
2477 3208 2655 3277 potius
2683 3206 2793 3278 (46)
2825 3209 3087 3275 adstaret,
3129 3210 3370 3265 audivit:
3403 3230 3423 3264 ι
3456 3209 3607 3266 Vade

2031 3312 2153 3368 ροει
2198 3314 2318 3366 me,
2376 3297 2600 3354 Satana.
2642 3318 2662 3352 ι
2692 3301 2867 3370 Atque
2916 3300 2989 3355 illi
3024 3301 3240 3372 quidem
3275 3302 3604 3359 mundanam

2031 3391 2373 3445 sonmiabant
2409 3391 2637 3460 gloriam
2670 3392 2817 3460 (47);
2851 3391 2938 3446 bic
2962 3406 3093 3446 vero
3154 3408 3248 3447 eos
3280 3395 3345 3446 ad
3377 3405 3609 3449 morum

2032 3484 2275 3553 martyrii
2335 3482 2691 3552 oppetendam
2741 3494 3020 3554 provocat.
3080 3481 3277 3540 Calicis
3334 3486 3504 3550 enim,
3552 3495 3609 3540 et

2032 3573 2286 3644 baptismi
2322 3575 2541 3628 nomine
2567 3585 2794 3628 mortem
2828 3575 3094 3644 intelligit.
3134 3573 3261 3630 Ilaec
3311 3574 3604 3646 siquidem,

2032 3675 2091 3721 ut
2124 3665 2291 3731 calix,
2337 3666 2564 3721 libenter
2612 3676 2770 3736 epota
2806 3666 3170 3722 viviﬁcantem
3230 3664 3303 3723 illi
3353 3684 3605 3723 somnum

2036 3757 2262 3812 induxit.
2299 3742 2503 3812 idcirco
2537 3757 2700 3812 etiam
2753 3773 2819 3812 eo
2855 3757 2969 3826 ipso
3015 3758 3286 3826 passionis
3337 3769 3599 3829 tempore,

2030 3851 2111 3905 sic
2163 3848 2374 3903 Petrum
2420 3860 2502 3904 est
2543 3847 2805 3904 allocutus
2850 3866 2864 3901 :
2912 3868 2930 3900 ι
2978 3848 3238 3916 Calicem,
3270 3867 3427 3921 quem
3459 3853 3604 3907 dedit

2034 3942 2165 3996 mihi
2208 3941 2388 4004 Pater,
2413 3956 2516 3995 non
2559 3939 2740 3995 bibam
2781 3941 2930 3994 illum
2967 3938 3048 3993 “1'
3085 3960 3104 3992 ι
3138 3941 3407 4010 Baptisma
3439 3942 3600 3996 etiam

2010 4049 2180 4101 lutors
2208 4035 2394 4089 eadem
2437 4032 2659 4096 dicitur,
2691 4041 2751 4085 ttt
2779 4048 2901 4103 quae
2939 4032 3312 4103 purgationem
3348 4045 3600 4102 peccato—

2032 4140 2150 4180 rum
2174 4122 2384 4178 lecerit.
2409 4122 2717 4193 Anagogico
2738 4138 2867 4176 vero
2890 4138 3076 4189 sensu,
3101 4122 3212 4194 (48)
3237 4123 3419 4179 calicis
3437 4141 3599 4196 quem

2031 4218 2219 4274 bibere
2248 4217 2502 4288 iubemur
2522 4214 2762 4279 nomine,
2792 4215 3151 4271 involuntaria
3184 4218 3420 4287 pericula
3454 4220 3601 4276 veri-

2035 4311 2170 4368 tatis
2194 4309 2402 4365 tnendte
2431 4321 2617 4372 causa,
2641 4307 2796 4363 nobis
2830 4305 3191 4375 imminentia,
3216 4323 3313 4381 per
3341 4326 3459 4382 qua:
3499 4326 3603 4368 na-

1580 4514 1908 4578 Francisci
1936 4516 2148 4580 Scorsi
2180 4522 2368 4579 notat.

350 4642 411 4696 S.
451 4639 669 4696 Joseubi

350 4656 411 4696 δ.
451 4656 577 4695 Jose
619 4656 669 4694 ut
727 4656 800 4693 tta
862 4656 1245 4702 consentiunt,
1309 4656 1368 4691 ιιι
1432 4656 1622 4694 retrus
1680 4656 1920 4696 uanuant

349 4656 635 4782 ερίεικέ),
690 4711 755 4763 ad
802 4709 1080 4782 Nicolaum
1132 4708 1200 4782 ιι,
1230 4706 1562 4782 ΔΙῖοςιιιιιιιιιιι
1611 4712 1920 4779 pontiﬁcem

353 4776 497 4836 dicat
528 4780 670 4833 hanc
698 4793 820 4833 esse
854 4780 1009 4832 (idem
1039 4778 1311 4832 Ecclesiae.
1345 4776 1455 4830 Hos
1485 4776 1730 4846 sequitur
1759 4783 1921 4835 etiam

354 4850 643 4904 Cornelius
673 4863 700 4901 ιι
736 4849 939 4918 Lapide
971 4848 1327 4918 imperrimus
1352 4848 1554 4918 Evang.
1588 4859 1922 4902 commenta-

353 4931 464 4987 tor,
497 4930 554 4973 et
584 4929 711 4971 ante
734 4915 856 4971 eum
890 4915 1230 4987 Malulonatus
1280 4916 1329 4967 id
1359 4915 1592 4987 dixerat,
1620 4919 1709 4986 qui
1745 4932 1922 4973 tamen

355 4986 540 5044 monet
570 4997 629 5041 ut
662 4997 957 5042 caveantur
987 4988 1023 5040 ii
1072 4986 1260 5040 Patres
1285 4986 1375 5052 qui
1408 5000 1514 5038 non
1564 4989 1717 5053 pauci
1760 4988 1921 5040 etiam

349 5068 516 5119 sum,
582 5072 703 5109 cum
755 5056 1042 5127 leguntur;
1100 5055 1923 5127 atttplectainurque_verioretn

354 5128 681 5182 sententiam
716 5122 1072 5180 assérentium
1108 5122 1166 5180 S.
1198 5122 1395 5193 Joseph
1450 5122 1555 5177 non
1591 5125 1748 5177 aliam
1789 5140 1920 5179 con-

343 5197 524 5265 iugem
569 5203 764 5264 pra-ter
811 5193 871 5249 Β.
913 5193 1473 5265 γίνείηειιιᾹιιιιιιὶεεω
1504 5196 1746 5265 adeoque
1795 5209 1919 5262 per-

352 5262 511 5334 petua
541 5262 789 5334 ﬂoruisse
820 5262 1149 5332 virginitate.
1181 5262 1295 5329 Qua
1341 5276 1468 5334 vero
1500 5264 1709 5318 ratione
1754 5265 1919 5331 aliqui

348 5330 687 5405 appellentur
731 5330 929 5389 fratres
981 5334 1193 5405 Domini
1244 5330 1678 5405 in_Evangelio,_
1729 5330 1913 5405 notum

348 5401 432 5458 est
463 5421 528 5457 ex
564 5404 621 5458 S.
643 5402 971 5474 Hieronymo
997 5413 1046 5456 et
1072 5404 1213 5465 aliis,
1233 5401 1332 5470 qui
1360 5416 1477 5454 eam
1501 5401 1920 5474 appellationem

348 5492 413 5527 ex
479 5473 855 5527 Hebraeorum
896 5488 1048 5526 tutore
1107 5474 1392 5541 deductam
1447 5473 1780 5540 approbant,
1815 5486 1921 5541 quo

352 5545 742 5612 consanguinei
770 5558 963 5598 omnes
998 5540 1311 5596 consobrini
1339 5552 1391 5595 et
1423 5543 1697 5610 patrueles
1730 5540 1922 5598 fratres

349 5616 606 5682 uipellari
640 5614 835 5666 solent.

383 5676 534 5750 με)
575 5683 681 5738 Sed
721 5692 905 5735 contra
932 5682 1118 5749 [aciem
1151 5680 1353 5752 potius.
1404 5676 1537 5734 Vide
1570 5681 1706 5734 dicta
1755 5696 1921 5752 supra

352 5752 421 5805 bo
447 5792 454 5802 .
483 5794 498 5805 .
530 5768 641 5805 χιιι
665 5792 679 5805 .
715 5764 825 5805 ιιοι.
855 5752 948 5805 21.
1085 5779 1097 5789 ο

388 5769 498 5807 0..
530 5768 641 5806 xui
663 5792 679 5817 ,
715 5764 825 5808 not.
855 5754 948 5807 21.
1085 5779 1097 5789 ·

726 4640 800 4693 ita
862 4638 1245 4702 consentiunt,
1309 4645 1368 4691 ut
1430 4637 1622 4694 Petrus
1680 4640 2002 4701 DamianiD

2114 4641 2226 4713 (47)
2298 4640 2628 4695 Μαπᾱαηαηι
2691 4641 3029 4713 somniabat
3084 4642 3331 4713 gloriam.
3403 4641 3458 4697 in
3529 4642 3600 4698 Ρσ

2030 4711 2245 4782 exetnp.
2285 4714 2460 4767 solum
2500 4712 2681 4782 estOl
2725 4711 2825 4782 μὲν
2863 4711 2956 4765 οὖν
3009 4711 3423 4782 ὀνειροπόλουν,
3474 4713 3600 4782 οὐδὲ

2031 4781 2168 4852 πρὸς
2190 4778 2337 4852 τὸν,
2386 4794 2492 4836 etc.
2551 4778 2758 4852 plenior
2809 4790 3077 4852 scriptura
3127 4778 3197 4835 Ε.
3229 4781 3292 4835 Oi
3340 4781 3441 4850 μὲν
3500 4778 3604 4835 οὖν

2052 4849 2433 4921 ὄνειροπόλουν
2459 4850 2624 4919 τιμὴν
2656 4855 2950 4920 κοσμικὴν,
2978 4851 3015 4921 ὁ*
3036 4849 3111 4912 δὲ,
3142 4858 3246 4902 etc.

2102 4918 2214 4991 (48)
2254 4922 2553 4990 Anagogico
2597 4937 2714 4973 vero
2763 4918 2939 4973 sensu.
2997 4918 3323 4991 Drsttmptus
3373 4927 3458 4973 est
3523 4930 3596 4975 ex

2032 4989 2089 5044 S.
2113 4987 2341 5043 'hlaximi
2373 4987 2572 5045 ουτοι..
2625 5001 2768 5042 rent.
2802 4992 2852 5053 l,
2904 5002 3023 5054 cap.
3058 4987 3151 5051 98,
3189 5000 3241 5040 et
3268 4990 3375 5056 99,
3415 4991 3596 5056 priore

2027 5063 2105 5114 sic
2134 5060 2295 5113 habet
2326 5076 2340 5113 :
2371 5060 2645 5128 Baptisma
2674 5057 2887 5111 Domini
2923 5067 2993 5110 est
3026 5058 3229 5127 integra
3255 5059 3600 5129 morttﬁcatio

2027 5131 2311 5182 voluntatis
2378 5138 2570 5181 nostra:
2622 5129 2763 5180 circa
2820 5128 3068 5180 mundum
3114 5128 3419 5194 seruilem;
3451 5131 3601 5182 calix

2024 5214 2141 5252 vero
2173 5209 2247 5251 est
2276 5199 2435 5253 etiam
2482 5199 2697 5266 hujusce
2723 5199 2842 5250 vita
2883 5206 3078 5250 nostra:
3109 5204 3379 5263 prwsentis
3430 5203 3594 5252 abne-

2025 5268 2168 5337 galio
2213 5285 2306 5334 pro
2336 5268 2573 5337 veritate.
2612 5266 2798 5337 Altero
2846 5282 2972 5319 Vero
3022 5268 3077 5337 id
3124 5267 3298 5335 ipsum
3329 5268 3542 5334 plenius
3570 5284 3590 5321 τ

2020 5334 2295 5403 Baptisma
2322 5336 2533 5388 Domini
2559 5348 2630 5388 est
2653 5334 2822 5403 ﬁgura
2843 5334 3239 5389 tribulationum
3264 5349 3587 5398 nostrarum,

2018 5422 2149 5475 quas
2182 5408 2388 5459 virtutis
2417 5421 2537 5475 ergo
2566 5405 2845 5458 deliberate
2884 5414 2932 5458 et
2977 5406 3198 5458 libenter
3238 5407 3547 5468 suscipimus
3569 5423 3594 5472 ;

2017 5493 2111 5545 per
2168 5493 2299 5545 quas
2360 5476 2576 5542 objectis
2656 5475 2971 5529 conscientia
3024 5476 3266 5529 sordibus
3329 5477 3588 5529 intentum

2021 5544 2304 5598 voluntatis
2331 5561 2453 5612 erga
2484 5560 2547 5596 ra
2565 5561 2682 5614 qua:
2717 5544 2987 5612 subjacent
3020 5550 3202 5602 oculis.
3239 5553 3420 5613 sponte
3464 5554 3590 5600 tote-

2020 5632 2222 5670 mmus.
2276 5614 2429 5667 Catia:
2467 5626 2643 5667 autem
2685 5625 2758 5666 est
2809 5614 2978 5683 ﬁgura
3032 5616 3417 5677 teutationum,
3471 5631 3609 5682 qua."

2021 5690 2224 5736 ratione
2282 5685 2802 5736 circumstantiurum
2862 5698 3049 5749 praeter
3109 5686 3427 5736 voluntatem
3492 5702 3593 5753 pro

2021 5759 2238 5809 veritate
2272 5756 2542 5823 insurgunt
2590 5757 2646 5807 in
2684 5769 2772 5808 nos
2812 5755 3022 5820 invitos,
3064 5770 3290 5825 quorum
3339 5771 3432 5823 ope
3460 5755 3591 5808 diri-
