3974 6200
434 368 544 437 48⁵1
1641 352 2056 418 TlIEOPHAN
2067 353 2136 412 IS
2174 344 2515 410 CEBAMEI
3563 340 3658 402 488

438 499 562 543 tura
606 485 724 554 ipsa
750 482 1083 544 contempta,
1127 472 1326 540 Deique
1357 467 1529 524 amori
1569 468 1899 536 posthabita,
1937 466 2013 519 in-

2119 464 2220 530 τῆς
2259 462 2471 531 φύσεως
2508 459 2768 511 θάνατον·
2818 455 3102 526 βάπτισμα
3153 451 3209 506 δέ
3259 453 3399 506 εἰσιν
3440 455 3486 506 οἱ
3537 455 3658 522 ὑπὲρ

435 589 688 633 tentatam
714 571 864 640 nobis
879 566 1214 637 corporalem
1240 572 1463 619 mortem
1483 560 1715 617 libenter
1731 561 1973 614 subimus
1995 576 2010 625 ;

2118 555 2314 626 ἀρετῆς
2365 551 2604 605 ἑκούσιοι
2649 549 2826 608 πόνοι,
2862 547 2932 599 δι’
2960 540 3037 601 ὧν
3082 546 3174 600 τὸν
3199 548 3296 616 τῆς
3343 546 3515 616 ψυχῆς
3544 548 3659 600 ἀπ’

437 664 684 736 baptismi
716 675 865 715 vero
917 657 1134 712 nomine
1183 653 1474 708 voluntarii
1530 652 1741 722 labores
1795 648 2012 703 virtutis

2118 645 2403 705 πλύνοντες
2438 641 2633 711 ῥύπον,
2657 639 2749 692 τὸν
2781 638 3034 691 ἑκούσιον
3083 636 3490 706 καταδεχόμεθα
3520 637 3662 691 θάνα-

433 728 595 809 causa
647 748 882 817 suscepti
937 743 1158 814 intelligi
1213 751 1453 811 possent.
1504 754 1603 808 per
1643 753 1782 807 quos
1826 738 2013 790 sordes

2118 753 2222 789 τον.
2249 736 2312 790 01
2343 736 2440 805 μὲν
2477 733 2571 786 οῦν
2618 731 2861 802 μαθηταὶ⁸
2895 728 3170 799 παχύτητι
3214 729 3453 790 διανοίας
3492 729 3659 799 αἰσθη-

429 847 623 900 anima:
643 848 1039 910 perpurgantes
1053 833 1413 890 voluntariam
1443 840 1668 885 mortem
1687 829 2006 896 excipimus.

2118 829 2210 880 τὸν
2251 826 2412 880 αὑτὸν
2441 824 2720 892 οἰηθέντες
2769 821 2952 889 λέγειν
2998 821 3275 889 ποτήριον,
3309 819 3577 890 βάπτισμα
3613 821 3660 874 δὲ

434 933 690 1003 Discipuli
746 946 876 984 vero
921 930 990 983 de
1023 925 1262 980 sensibili
1310 923 1478 978 calice
1521 923 1668 975 illum
1716 919 1859 989 loqui
1902 932 2011 986 prae

2119 919 2441 980 εἰκάσαντες
2470 916 2532 969 τὸ
2557 916 2666 970 τῶν
2711 913 2982 967 Ἰουδαίων
3029 912 3506 981 περιρραντήριον,
3530 907 3660 964 εἷπον

433 1028 632 1080 mentis
656 1021 987 1078 hebetudine
1016 1018 1413 1080 existimantes,
1449 1015 1710 1081 baptisma
1743 1027 1870 1065 vero
1893 1025 2010 1064 esse

2118 1013 2198 1065 ’ὁτι
2229 1009 2544 1076 «Δυνάμεθα
2562 1023 2612 1059 ⁸)
2645 1007 2761 1060 ἀλλ’
2789 1007 2818 1058 ὁ
2851 1007 2948 1074 μὲν
2976 1005 3078 1074 τῆς
3111 1005 3351 1073 ἱστορίας
3377 1003 3526 1070 λόγος
3545 1003 3664 1066 τέως

434 1115 589 1181 quasi
654 1113 939 1180 quamdam
997 1115 1309 1160 consuetam
1358 1101 1563 1156 Judazis
1638 1100 2008 1170 aspersionem

2118 1100 2499 1170 ἀναμεινάτωο
2534 1099 2602 1151 τὰ
2636 1099 2694 1150 δὲ
2729 1096 2817 1150 διὰ
2845 1097 3054 1150 τούτων
3097 1095 3410 1164 δηλούμενα
3439 1096 3494 1146 ὲν
3521 1096 3666 1162 ὀλίγῳ

436 1206 942 1268 lustrationemque,
991 1198 1248 1252 dixerunt
1284 1213 1298 1249 :
1341 1213 1359 1245 ι
1397 1192 1708 1248 Possumus.
1752 1210 1771 1242 ι
1808 1189 2009 1244 Verum

2120 1194 2526 1262 σεσαφηνίσθω,
2558 1193 2656 1245 καὶ
2685 1190 2804 1252 πῶς
2829 1192 2861 1260 ἡ
2893 1191 3081 1258 μήτηρ
3097 1187 3206 1240 τῶν
3239 1187 3372 1243 υἱῶν
3389 1185 3664 1248 Ζεδεδαίου,

436 1300 580 1353 circa
611 1294 925 1349 historicum
957 1306 1171 1354 sensmn
1201 1289 1464 1342 hactenus
1491 1295 1700 1338 versata
1733 1283 1802 1338 sit
1835 1282 2012 1336 oratio

2118 1287 2179 1337 οὐ
2216 1285 2474 1354 Σαλώμη,
2513 1283 2612 1354 τὴν
2667 1283 2888 1352 αἴτησιν
2939 1282 3078 1352 πρὸς
3120 1279 3329 1334 Κύριον
3378 1281 3666 1342 ἐποιήσατο,

439 1401 640 1444 nostra.
676 1387 816 1451 Jam,
861 1398 982 1452 quae
1030 1397 1127 1451 per
1167 1386 1280 1435 haec
1329 1379 1626 1449 signiﬁcata
1672 1378 1800 1442 siut,
1859 1375 2011 1428 brevi

2121 1376 2484 1444 ἀναγωγικῶς
2514 1375 2847 1444 θεωρείσθω.

435 1483 822 1551 explantentur;
854 1491 908 1532 et
939 1493 1106 1546 quare
1142 1486 1314 1530 mater
1372 1474 1603 1528 ﬁliorum
1671 1470 1937 1534 Zebedazi,
1973 1486 2077 1525 non
2119 1471 2366 1537 Salome,
2423 1471 2734 1539 petitionem
2789 1468 3055 1523 obtulisse
3107 1469 3353 1531 dicatur,
3401 1467 3664 1537 anagngica

438 1577 646 1629 ratione
680 1574 1046 1642 speculemur.

508 1669 760 1722 Salomen
819 1667 982 1734 igitur
1011 1663 1233 1733 paciﬁca
1269 1657 1405 1729 (i9),
1462 1654 1725 1710 Jacobum
1754 1651 2013 1721 supplan-

2195 1651 2426 1722 Σαλώμη
2471 1653 2651 1705 τοίνυν
2686 1652 2960 1720 είρηνικὴ
3011 1651 3403 1723 ἑρμηνεύεται,
3441 1653 3667 1717 Ἰάκωϐος

436 1770 580 1813 tutor
644 1758 800 1829 (50),
861 1756 1120 1810 Joannem
1191 1751 1286 1806 Dei
1345 1750 1516 1820 gratia
1575 1746 1688 1815 (5|)
1753 1746 2013 1811 interpres

2120 1743 2175 1796 δὲ
2202 1743 2588 1811 πτερνιστής,
2617 1745 2715 1796 καὶ
2756 1746 3014 1814 Ἰωάννης
3045 1745 3218 1813 χάρις
3256 1745 3426 1800 Θεοῦ.
3472 1747 3558 1800 Ἐκ
3580 1749 3664 1817 τῆς

439 1858 639 1902 tantur.
687 1847 761 1899 Ex
807 1845 986 1899 anima
1037 1843 1203 1910 igitur
1255 1839 1477 1906 paciﬁca
1533 1831 1918 1902 contemplatio
1965 1839 2013 1883 et

2121 1837 2415 1905 εἰρηνικῆς
2433 1833 2527 1890 οὖν
2557 1836 2738 1906 ψυχῆς
2774 1837 2976 1909 Θεωρία
3009 1839 3102 1891 καὶ
3133 1840 3340 1911 πρᾶξις
3387 1841 3666 1894 τίκτονταιο

437 1943 582 1995 actio
615 1940 1028 2009 prOgignnntur.
1055 1933 1182 1987 llaec
1209 1931 1424 1999 quidem
1457 1927 1733 1982 diabolum
1764 1923 2013 1978 calcaneo

2121 1932 2154 2002 ὴ
2194 1930 2292 2000 μὲν
2337 1930 2702 2000 πτερνίζουσα
2738 1932 2831 1984 τὸν
2862 1934 2961 2004 τὴν
2995 1935 3241 2003 πτέρναν
3293 1934 3454 2006 ήμῶν
3502 1937 3668 2004 ἐπιτηο

440 2043 626 2084 nostro
671 2029 1019 2082 insidiantem
1059 2021 1436 2092 supplantans,
1464 2017 1551 2072 illa
1585 2032 1714 2071 vero
1767 2014 2013 2081 utgratia

2125 2020 2323 2090 ροῦντα
2345 2019 2614 2086 διάὸολον,
2649 2023 2682 2091 ἠ
2719 2021 2775 2074 δὲ
2804 2021 2878 2084 ὡς
2905 2024 3064 2092 χάρις
3103 2024 3407 2094 ἐπαίρουσά
3449 2025 3573 2096 πρὸς
3588 2026 3670 2095 τὴν

439 2123 507 2176 ad
557 2117 909 2175 invisibilium
945 2129 1130 2169 rerum
1179 2108 1592 2178 intelligentiam
1634 2105 1868 2159 animam
1910 2103 2013 2156 ele«

2120 2113 2227 2165 τῶν
2261 2130 2468 2182 νοητων
2521 2116 2870 2184 κατανόησιν.
2904 2117 2949 2169 Τ
2952 2117 2980 2169 ὸ
3026 2117 3082 2168 δὲ
3111 2117 3212 2186 τὴν
3249 2118 3512 2188 Σαλώμην
3537 2118 3669 2171 ἀδελ.

441 2228 595 2265 vans.
629 2209 782 2276 Quod
822 2219 951 2260 vero
981 2203 1202 2258 Salome
1250 2215 1404 2256 soror
1440 2197 1648 2253 Domini
1687 2195 1799 2268 (52)
1830 2193 2016 2258 fuerit,

442 2304 578 2358 nihil
607 2303 770 2356 oﬁicit
805 2298 1187 2370 speculationi.
1219 2297 1338 2365 Ipse
1365 2293 1509 2348 enim
1543 2290 1794 2345 Salvator
1833 2289 2020 2341 beatos

441 2398 695 2466 paciﬁcos
727 2396 1045 2464 praedicans,
1079 2390 1218 2442 lilios
1270 2386 1365 2440 Dei
1398 2393 1553 2438 vocat
1585 2399 1598 2434 :
1635 2399 1653 2432 ι
1691 2379 1840 2433 Beati
1872 2376 2020 2446 paci-

441 2491 550 2556 ﬁci,
609 2488 866 2557 quoniam
927 2486 1018 2538 lilii
1075 2482 1168 2536 Dei
1207 2481 1542 2534 vocabuntur
1572 2474 1640 2526 ".
1692 2489 1712 2524 ι
1759 2472 1817 2526 Si
1857 2471 2020 2539 igitur

437 2583 690 2637 Christus
735 2590 816 2634 est
860 2577 1028 2631 Filius
1066 2574 1201 2639 Dei,
1254 2571 1347 2624 ﬁlii
1425 2582 1587 2638 porro
1640 2565 1734 2618 Dei
1786 2562 2019 2633 paciﬁci,

445 2692 550 2728 non
585 2682 674 2727 est
709 2671 895 2738 utique
945 2682 1138 2723 sensus
1168 2682 1196 2716 a
1229 2674 1338 2716 tota
1376 2659 1758 2715 consecutione
1787 2657 2016 2709 alienus.

445 2768 551 2820 Sed
587 2779 760 2832 neque
788 2763 1004 2817 Salome
1030 2757 1232 2812 Christi
1261 2769 1416 2810 soror
1445 2761 1673 2815 natura;
1709 2763 1807 2802 nec
1839 2747 2019 2801 anima

445 2858 665 2930 paciﬁca
695 2867 884 2910 natura
918 2854 1124 2916 itidem,
1150 2851 1241 2904 sed
1272 2846 1446 2917 gratia
1481 2858 1638 2899 soror
1671 2840 1826 2911 153
1855 2839 2020 2908 ipsius

443 2962 550 3005 est.
578 2948 703 3002 llaec
732 2948 894 3015 igitur
923 2943 1098 2995 anitua
1124 2941 1410 2994 Dominum
1435 2936 1704 2998 obsecrat,
1727 2945 1785 2986 ut
1811 2933 2016 2997 prolem

446 3044 590 3095 hanc
619 3057 771 3095 suam
809 3037 1014 3092 caelesti
1051 3046 1311 3090 consessu
1343 3029 1535 3099 gratis,
1582 3041 1646 3082 ac
1677 3028 1794 3082 sine
1837 3023 2019 3078 labore

444 3135 732 3202 dignetur;
769 3132 880 3199 ipse
900 3143 1027 3182 vero
1054 3124 1249 3180 terreni
1279 3121 1504 3178 allectus
1523 3117 2015 3181 mortiﬁcationem,

443 3235 500 3280 ct
532 3241 625 3290 per
657 3224 980 3291 baptismum
1024 3218 1399 3288 purgationem
1431 3215 1626 3267 anima:
1658 3206 2018 3264 adhibendam

447 3318 707 3371 insinuat.
738 3313 876 3381 Quid
908 3313 1055 3366 enim
1088 3309 1336 3365 Salvator
1360 3305 1574 3377 inquit?

526 3525 546 3558 ι
583 3502 818 3558 Calicem
870 3497 1084 3567 quidem
1139 3510 1297 3562 quem
1347 3509 1446 3566 ego
1480 3493 1626 3557 bibo,
1679 3491 1908 3556 bibetis;
1963 3499 2018 3544 et

446 3597 736 3670 baptismo,
770 3608 877 3663 quo
915 3605 1016 3658 ego
1048 3590 1310 3658 baptizor,
1334 3585 1733 3656 baptizabimini
1769 3601 1786 3640 :
1827 3583 2018 3638 sedere

448 3703 625 3746 autem
657 3689 722 3742 ad
749 3688 1028 3741 dexteram
1062 3697 1261 3743 meam,
1311 3691 1367 3734 et
1423 3678 1722 3742 sinistram,
1772 3692 1876 3730 non
1934 3685 2020 3730 est

447 3797 628 3835 meum
661 3782 790 3834 dare
839 3778 1014 3840 vobis,
1052 3775 1144 3829 sed
1173 3771 1371 3842 quibus
1417 3777 1662 3838 paratum
1694 3777 1796 3821 est.
1831 3787 1849 3820 ι
1910 3767 2020 3821 Du-

446 3873 642 3944 plicem
694 3872 812 3926 haec
860 3870 1003 3922 dicta
1035 3866 1251 3937 pariunt
1307 3861 1746 3916 dubitationem:
1789 3861 2015 3914 alteram

447 3966 688 4034 quidem,
724 3979 790 4016 an
818 3961 1052 4030 cuipiam
1085 3969 1383 4010 consessus
1414 3953 1555 4021 apud
1589 3951 1756 4007 Deum
1794 3962 2018 4019 paratus

449 4071 511 4110 uc
539 4057 868 4126 praestitutus
889 4053 992 4116 sit;
1023 4048 1247 4102 alteram
1278 4061 1428 4112 vero,
1459 4061 1526 4098 an
1558 4043 1798 4098 omnium
1834 4043 2018 4098 Domi-

449 4164 572 4213 nus,
615 4147 703 4202 cui
745 4145 874 4199 velit
924 4157 1047 4197 eum
1079 4139 1320 4208 praebere
1370 4152 1476 4191 non
1530 4137 1724 4206 possit.
1783 4135 2019 4190 Dicimus

449 4239 743 4309 igiturlnon
768 4235 848 4289 las
872 4248 993 4289 esse
1025 4229 1324 4298 intelligere
1345 4229 1589 4282 eamdem
1615 4227 1670 4280 in
1694 4225 1874 4280 futura
1907 4225 2016 4280 vita

2122 2204 2229 2276 φὴν
2255 2203 2348 2257 τοῦ
2398 2206 2608 2274 Κυρίου
2631 2206 2909 2273 γενέσθαι,
2947 2206 3067 2259 κατ’
3094 2208 3254 2262 οὐδὲν
3287 2210 3353 2278 τῇ
3380 2209 3568 2280 θεωρία
3592 2211 3669 2262 λυ·-

2127 2297 2399 2366 μαίνεται.
2434 2296 2608 2358 Αὐτὸς
2652 2298 2761 2366 γὰρ
2785 2299 2814 2348 ὁ
2849 2298 3040 2370 Σωτὴρ
3096 2300 3424 2370 μακαρίζων
3457 2303 3575 2362 τοὺς
3604 2303 3670 2353 el-

2125 2388 2546 2458 ρηνοποιοῦντας
2571 2391 2724 2452 υἱοὺς
2762 2390 2957 2453 αὐτοὺς
2987 2390 3253 2460 ὀνομάζει
3280 2391 3434 2446 Θεοῦ,
3462 2413 3479 2444 ι
3499 2392 3668 2446 Maxa'u-

2124 2496 2230 2549 ριοι
2261 2481 2308 2531 οἱ
2340 2478 2703 2548 είρηνοποιοὶ,
2745 2479 2826 2531 ὅτι
2872 2480 3027 2533 αὐτοὶ
3069 2480 3178 2532 uio".
3230 2481 3372 2534 Θεοῦ
3409 2482 3671 2552 κληθήσονι

2121 2587 2234 2623 ται.
2264 2590 2282 2621 ι
2315 2573 2374 2623 Εἰ
2400 2572 2492 2624 οῦν
2529 2573 2558 2623 ὁ
2593 2570 2830 2642 Χριστὸς
2868 2571 2995 2634 Υἱός
3023 2574 3141 2625 ἐστι
3170 2575 3274 2626 τοῦ
3313 2574 3474 2640 Θεοῦ(
3504 2577 3598 2628 υίοὶ
3623 2575 3669 2628 δὲ

2122 2662 2254 2715 Θεοῦ
2288 2665 2384 2716 καὶ
2414 2665 2464 2716 oi
2501 2664 2860 2732 εἰρηνοποιοὶ,
2893 2665 2993 2717 οὐκ
3024 2663 3132 2730 ἔξω
3151 2667 3260 2735 τῆς
3299 2668 3596 2730 ἀκολουθίας
3617 2668 3668 2720 τὸ

2123 2741 2319 2823 νόημα.
2373 2755 2518 2808 Ἀλλ’
2551 2753 2678 2808 οὔτε
2715 2755 2748 2825 ἡ
2795 2755 3035 2825 Σαλώμη
3090 2758 3246 2812 κατὰ
3295 2759 3451 2828 φύσιν
3495 2759 3670 2828 ἀδελφὴ

2123 2847 2217 2899 τοῦ
2274 2845 2536 2916 Χριστοῦ,
2579 2847 2703 2899 οὔτε
2736 2848 2770 2918 ἡ
2802 2849 3057 2920 εἰρηνικὴ
3105 2851 3261 2921 ψυχὴ
3313 2852 3468 2920 φύσει
3493 2851 3668 2920 ἀδελφὴ

2123 2939 2312 3003 αὑτοῦ,
2330 2939 2464 2991 ἀλλὰ
2487 2938 2692 3008 χάριτι.
2725 2939 2788 2991 Ἦ
2822 2939 2952 3004 γοῦν
2979 2943 3209 3011 τοιαύτη
3237 2944 3384 3014 ψυχὴ
3416 2946 3668 2996 nontam

2122 3031 2258 3102 πρὸς
2287 3032 2491 3100 Κύριον
2522 3031 2648 3096 ἀξια
2675 3031 2774 3100 τῆς
2804 3034 2924 3100 μετ’
2953 3035 3119 3087 αὐτοῦ
3175 3037 3444 3106 καθέδρας
3464 3038 3666 3104 ἀπονητὶ

2118 3125 2374 3192 γενέσθαι
2405 3124 2473 3179 τὰ
2517 3125 2722 3194 ταύτης
2751 3129 3093 3197 γεννήματα,
3125 3129 3246 3181 ἁλλ’
3274 3130 3432 3191 αὐτὸς
3463 3130 3553 3199 τὴν
3594 3128 3666 3181 νέ-

2118 3233 2326 3285 κρωσιν
2372 3215 2556 3278 αὐτοῖς
2601 3216 2916 3270 ὑποτίθεται
2971 3217 3066 3270 τοῦ
3109 3220 3302 3287 γηῖνου
3351 3221 3664 3288 φρονήματος

2119 3308 2216 3359 καὶ
2267 3309 2368 3377 τὴν
2421 3307 2695 3378 κάθαρσιν
2747 3309 3006 3380 δηλοῦται
3036 3309 3120 3363 διὰ
3152 3313 3255 3364 τοῦ
3299 3311 3662 3382 βαπτίσματος.

2119 3400 2181 3452 Ti
2214 3400 2324 3470 γάρ
2349 3417 2514 3470 φησιν
2538 3401 2566 3453 ὁ
2591 3403 2818 3471 Σωτήρ;

2195 3510 2214 3543 ι
2237 3493 2310 3545 Τὸ
2356 3494 2458 3564 μὲν
2491 3493 2602 3565 γὰρ
2637 3497 2971 3567 ποτήριον,δ
3000 3496 3112 3565 ἐγὼ
3145 3497 3312 3563 πίνω,
3356 3498 3554 3560 πίεσθε,
3585 3499 3666 3550 καὶ

2117 3586 2179 3639 τδ
2205 3584 2509 3657 βάπτισμα,
2546 3581 2590 3655 ᾧ
2613 3589 2724 3656 ἐγὼ
2755 3587 3112 3660 βαπτίζομαι,
3135 3590 3561 3662 βαπτισθήσεσθε
3581 3611 3594 3624 -
3613 3592 3664 3643 τὸ

2117 3679 2174 3732 δὲ
2205 3678 2426 3734 καθίσαι
2460 3679 2524 3733 ἐκ
2548 3679 2739 3746 δεξιῶν
2765 3699 2891 3752 μου,
2919 3681 3015 3734 καὶ
3042 3682 3100 3748 ἐξ
3121 3684 3418 3756 εὐωνύμων
3439 3701 3557 3754 μου,
3576 3685 3663 3736 ούκ

2119 3769 2270 3823 ἐστιν
2319 3771 2450 3840 ἐμὸν
2507 3770 2714 3837 δοῦναι,
2771 3772 2888 3825 ἀλλ’
2918 3769 3001 3837 οἷς
3037 3775 3392 3844 ἡτοίμασται.
3419 3797 3439 3830 ι
3485 3778 3665 3847 Διπλὴν

2119 3861 2356 3933 ἀπορίαν
2377 3861 2556 3915 ὼδίνει
2574 3863 2642 3915 τὰ
2663 3864 2911 3932 παρόντα
2933 3867 3094 3936 ρητά’
3117 3869 3250 3936 μίαν
3273 3869 3396 3939 μὲν,
3423 3870 3469 3921 εί
3491 3870 3520 3938 ἡ
3543 3869 3662 3940 μετὰ

2117 3951 2212 4004 τοῦ
2235 3951 2370 4004 Θεοῦ
2401 3950 2643 4022 καθέδρα
2672 3953 3003 4023 ἡτοίμασταί
3030 3974 3158 4021 τινι,
3192 3963 3290 4013 καὶ
3329 3958 3662 4031 προώρισται,

2119 4043 2215 4096 καὶ
2243 4043 2293 4095 εί
2313 4042 2341 4094 ὁ
2365 4043 2585 4096 πάντων
2617 4045 2896 4114 Δεσπότης
2937 4047 3194 4101 ἀδυνατεῖ
3225 4052 3524 4121 παρασχεῖν
3545 4048 3661 4100 ταύ-

2119 4151 2238 4205 την,
2269 4127 2314 4201 ᾧ
2345 4132 2616 4204 βούλεται.
2646 4135 2831 4204 Φαμὲν
2861 4137 2973 4201 οὖν,
3006 4139 3086 4192 ὅτι
3121 4141 3218 4212 οὐχ
3241 4141 3442 4213 ξῶσπερ
3468 4141 3554 4194 ἐπὶ
3578 4141 3662 4208 τῆς

2120 4226 2354 4280 ἐνταῦθα
2385 4227 2706 4298 σωματικῆς
2740 4230 3012 4302 καθέδρας
3041 4235 3072 4302 ὴ
3105 4233 3345 4302 ἔμφασις
3388 4237 3660 4296 δείκνυται,

452 4333 774 4390 sessionem,
827 4339 990 4397 atque
1041 4339 1162 4380 eam
1202 4338 1321 4390 qua:
1384 4322 1528 4391 apud
1592 4335 1692 4376 nos
1747 4321 2013 4375 cathedrae

2123 4318 2268 4372 οὕτω
2297 4320 2392 4373 καὶ
2415 4321 2472 4371 ὲν
2500 4323 2565 4390 τῇ
2617 4321 2886 4393 μελλούσῃ
2926 4327 3262 4380 καταστάσει
3284 4328 3475 4396 εὐαγὲς
3501 4329 3561 4381 ἄν
3583 4327 3657 4396 εῐη

447 4420 846 4489 signiﬁcatione
909 4417 1024 4487 (55)
1076 4421 1315 4467 notatur.
1379 4411 1563 4466 Sessio
1621 4411 1765 4466 enim
1827 4422 2008 4466 nostra

519 4566 564 4599 ’⁸
603 4563 793 4620 Matth.
835 4577 863 4615 v
923 4561 978 4616 9.

2119 4415 2294 4465 νοεῖνο
2330 4413 2366 4482 ὴ
2396 4412 2494 4483 μὲν
2524 4411 2632 4482 γὰρ
2679 4414 2912 4468 ἐνταῦθα
2945 4416 3183 4486 καθέδρα
3217 4420 3318 4489 τὴν
3369 4421 3460 4474 ἐπὶ
3493 4418 3658 4487 ίσχίων

1677 4647 2003 4713 Francisci
2041 4647 2248 4711 Scorsi
2294 4658 2480 4711 notae.

450 4824 574 4864 num
626 4801 943 4861 desiderium
975 4806 1342 4874 anteponimus
1407 4805 1507 4874 ipsi
1558 4814 1765 4859 natura:
1795 4843 1811 4868 ,
1860 4815 2016 4874 atque

444 4884 871 4934 circumstantem
911 4873 1114 4930 numne
1135 4888 1349 4929 mortem
1377 4885 1557 4944 sponte
1594 4874 1849 4944 subimus.
1891 4873 2014 4928 llam

448 4953 512 5004 ὃ.
546 4951 811 5002 Maximus
845 4949 1045 5016 quibus
1091 4947 1223 4998 satis
1252 4955 1306 4997 et
1340 4942 1491 5016 suam
1518 4983 1532 5008 ,
1581 4953 1630 4997 et
1657 4942 2013 5016 :l‘ltieophanis

449 5018 618 5072 nostri
675 5011 962 5087 genuinam
1024 5027 1256 5087 mentem
1308 5015 1582 5083 explanat.
1652 5011 1758 5087 Sed
1818 5025 1872 5066 et
1941 5029 2007 5067 ex

450 5088 639 5142 iisdem
681 5083 867 5154 aperte
920 5085 1284 5154 cognoscitur,
1320 5100 1479 5154 quam
1535 5083 1778 5154 mutilum
1829 5084 1920 5154 sit,
1954 5097 2008 5137 et

449 5150 762 5209 mendosum
816 5150 1088 5224 exetnplar
1139 5154 1198 5207 Ρ.
1237 5150 1399 5221 quam
1435 5155 1699 5219 integrum
1718 5150 1806 5224 #64.
1857 5153 1908 5206 in
1943 5168 2006 5206 eo

447 5229 590 5279 enim
640 5234 765 5278 sunt
816 5222 1013 5291 Scripta
1049 5235 1166 5290 post
1203 5240 1388 5279 vocem
1419 5225 1467 5275 οἱ
1498 5222 2001 5291 ὲπισυμὸαίνουτες.

450 5300 573 5350 llaec
638 5295 763 5348 llaec
800 5295 1067 5356 κινδύνοις
1119 5311 1179 5346 τε
1223 5294 1319 5362 τῆς
1361 5292 1576 5361 φύσεως
1623 5302 1678 5345 et
1714 5293 1828 5362 alia
1887 5309 2006 5359 quae

449 5383 606 5431 quam
636 5367 744 5420 sint
771 5380 958 5429 prava,
989 5374 1042 5417 et
1079 5363 1307 5416 obscura
1340 5366 1390 5416 in
1428 5366 1541 5416 leve
1573 5361 1793 5415 allerius
1822 5377 2006 5414 CXCIII-

451 5438 634 5502 ptaris.
675 5449 726 5490 et
752 5452 816 5489 ex
849 5437 963 5504 ipso
996 5439 1053 5486 S.
1092 5432 1307 5485 Maximi
1338 5434 1532 5486 collato
1567 5443 1710 5504 textu
1745 5443 2003 5504 apparet;

450 5509 642 5574 desunt
671 5507 811 5559 enim
848 5502 990 5574 post.
1039 5505 1103 5556 Οἱ
1149 5505 1654 5574 ἐπισυμὸαίνοντες,
1695 5502 2004 5574 ιιαξορἨμίν

449 5573 588 5641 ὑπὲρ
636 5578 732 5640 τῆς
775 5565 1034 5645 ἀληθείας
1081 5565 1328 5645 ἀκούσιοί
1365 5575 1666 5645 πειρασμοὶ
1692 5573 1758 5623 δι’
1785 5565 1883 5645 ’ὢν
1913 5565 2006 5624 καὶ

448 5645 617 5716 oti-ri};
669 5641 1135 5716 καταφρονοῦντες
1177 5641 1277 5710 τῆς
1307 5641 1521 5716 φύσεως
1548 5681 1563 5703 ,
1608 5649 1702 5693 καὶ¹
1742 5642 1832 5716 τδν
1864 5641 2004 5693 θεῖον

450 5713 639 5775 πόθον,
668 5727 771 5772 ete.
809 5711 906 5780 pro
939 5731 1066 5770 voce
1102 5715 1388 5784 ὑπερμεθα
1421 5729 1537 5781 qua:
1575 5725 1655 5766 cst
1691 5713 1740 5764 il‘
1773 5711 1809 5757 L'
1869 5713 2005 5765 scri-

448 5795 594 5850 ptum
627 5793 741 5837 erat
774 5786 822 5837 in
848 5785 914 5836 1‘.

2198 4806 2310 4877 (49)
2353 4805 2601 4861 Salonten
2629 4805 2794 4874 igitur
2820 4805 3135 4877 paciﬁcum”
3158 4808 3238 4861 Ab
3279 4808 3461 4863 eadem
3497 4807 3654 4862 radice

2121 4891 2224 4945 qua
2262 4877 2519 4946 Salomon
2553 4879 2815 4944 pacilicus
2845 4878 3021 4929 dictus
3055 4877 3208 4936 ωήω
3239 4894 3362 4946 pax.

2190 4945 2303 5014 (v50)
2342 4945 2604 4999 Iacobum
2623 4947 3092 5014 supplantalorem.
3117 4945 3253 5001 Nota
3289 4949 3502 5002 historia
3530 4946 3646 5001 Gen.

2114 5030 2282 5093 xxv._;
2319 5019 2461 5070 unde
2500 5014 3094 5093 Jacobﬁnpplantatur
3131 5030 3391 5093 vocatus,
3442 5029 3548 5093 :py
3579 5025 3650 5070 est

2110 5089 2478 5154 supplantare,
2506 5094 2561 5139 et
2587 5084 2836 5154 decipere
2868 5086 3013 5150 inde,
3045 5095 3203 5149 mam
3235 5087 3424 5147 Jacob.

2324 5154 2590 5244 {canitiem
2627 5154 2722 5244 Dei
2768 5158 3032 5236 gratiam.‘
3322 5162 3480 5244 verbo
3527 5156 3648 5226 quod

2103 5227 2273 5296 gratis
2305 5228 2433 5278 dare
2466 5234 2520 5279 et
2557 5225 2730 5294 gratia
2783 5226 3036 5294 prosequi
3073 5225 3342 5296 sign'dicat
3369 5225 3646 5283 deductum.

2099 5293 2496 5381 τεηπλὲρθιεηεες

2176 5365 2287 5434 (52}
2331 5365 2486 5430 Quod
2512 5383 2628 5419 vero
2675 5366 2889 5424 Salome
2934 5387 3086 5425 soror
3126 5371 3356 5425 Domini.
3388 5369 3544 5424 Totus
3572 5365 3647 5420 hic

2108 5434 2258 5488 locus
2305 5435 2357 5508 in
2414 5451 2522 5502 quo
2578 5437 2808 5493 Saloma:
2861 5456 2982 5492 cum
3035 5441 3251 5495 Christo
3300 5439 3644 5508 cognationem

2113 5507 2398 5579 propositae
2441 5512 2718 5579 anagogja:
2743 5511 3054 5579 convenire
3093 5510 3323 5579 explicat
3346 5505 3645 5579 auctor,_de:-

2114 5570 2289 5628 serius
2339 5575 2513 5629 fuerat
2542 5570 2700 5629 éx'P.
2741 5578 2846 5633 iuc.
2894 5581 2990 5633 lib.
3032 5581 3100 5633 ab
3145 5570 3248 5633 illis
3285 5570 3642 5632 verbismbtii

2112 5644 2210 5721 ῗὴν
2238 5643 2545 5721 Σαλῴμῃντ,
2564 5645 2742 5715 Usque
2768 5653 2835 5703 ad
2863 5649 2951 5703 illa
2983 5650 3121 5703 ἀλλὰ
3147 5651 3353 5720 χάριτι,
3385 5662 3498 5716 qua:
3537 5647 3644 5698 sunt

2112 5715 2322 5780 integra
2357 5715 2407 5767 in
2435 5716 2568 5770 Gall.

2190 5782 2300 5850 (53)
2345 5782 2626 5840 Cat/tedrce
2649 5787 3051 5856 signiﬁcatione.
3083 5789 3139 5843 S.
3178 5787 3484 5842 Ambrosius
3507 5781 3637 5837 lib.)
