3974 6200
257 249 361 316 489

1598 249 1761 310 ΗοΜ
1773 250 1933 310 [LIA
1971 251 2182 316 XXIV.

3408 254 3516 320 490

255 364 350 418 τοῦ
374 361 627 434 σώματος
667 362 978 434 ὑπογράφει
1009 363 1180 431 θέσιν,
1205 363 1288 427 ’ὡς
1325 365 1392 418 ἂν
1435 361 1510 436 μὴ
1539 364 1832 427 διαπαντέλς

1948 365 2282 418 mmmodttnt
2336 363 2586 436 designat
2637 369 2872 438 partium
2923 368 3167 439 corporis
3214 366 3396 431 situm,
3445 385 3513 424 nc

254 458 439 530 κάμνῃ
481 457 585 528 τῆς
637 459 884 530 ἀγκύλης
914 459 943 510 ὁ
973 458 1147 524 τόνος,
1191 459 1277 530 ἐφ’
1310 459 1503 512 ἑαυτοῦ
1547 458 1609 512 τὺ
1663 457 1831 529 βάρος

249 551 457 620 ἀνέχων
486 551 584 605 τοῦ
625 551 912 622 σώματος·
942 553 1035 606 ἐπὶ
1075 553 1134 607 δὲ
1167 555 1266 624 τῆς
1316 553 1620 625 μελλούσης
1675 553 1833 626 δόξης

251 643 415 714 τιμῆς
464 644 744 716 ὑπεροχὴν
785 647 818 715 ἡ
854 645 1092 717 καθέδρα
1131 647 1411 716 σημαίνει.
1445 648 1520 701 Τὸ
1560 647 1638 709 δὲ,
1677 646 1832 700 «Οὐκ

249 738 398 790 ἐστιν
455 738 590 808 ἐμὸν
633 737 877 804 δοῦναι,›
937 739 1038 792 οὐκ
1101 739 1406 809 ἀδυναμίαν
1462 741 1830 795 ὲνδείκνυται⁶

248 830 367 895 πῶς
397 831 508 900 γάρ
541 830 609 883 ἂν
648 831 680 901 ή
707 829 801 882 τοῦ
832 830 970 884 Θεοῦ
1009 831 1242 902 δύναμις
1267 833 1561 905 ἀνίσχυρος
1583 827 1828 902 γένῦιτος

247 921 383 974 ἀλλά
409 920 501 972 τὸν
525 919 746 992 ἀρρεπῆ
770 919 936 987 ζυγὸν
965 921 1064 990 τῆς
1089 921 1438 993 δικαιοσύνης
1465 923 1828 995 μαρτύρεται.

248 1011 458 1083 Κριτοῦ
489 1011 600 1082 γὰρ
637 1011 939 1065 ἀδεκάστου
977 1014 1037 1067 τὸ
1095 1017 1210 1078 τοῖς
1260 1014 1522 1086 ἀθληταῖς
1551 1017 1834 1087 ἀναλόγως

247 1101 544 1176 βραϐεύειν
579 1102 650 1156 τὰ
696 1101 930 1166 ἔπαθλα,
968 1105 1030 1158 οὐ
1065 1105 1172 1174 μὴν
1207 1107 1267 1159 τὸ
1299 1106 1387 1160 διὰ
1428 1107 1592 1177 χάριν
1642 1114 1842 1180 προτιέ

249 1198 360 1266 μᾷν
381 1196 493 1248 τῶν
525 1194 798 1264 μειζόνων
827 1195 955 1259 τοὺς
986 1197 1240 1266 ἥττονας,
1271 1197 1365 1251 καὶ
1401 1200 1514 1254 τῶν
1554 1202 1834 1270 ἀγωνισα-

249 1291 430 1358 μένων
455 1289 588 1351 τοὺς
618 1288 693 1358 μὴ
718 1286 1097 1359 ἀθλήσανταςο
1129 1289 1218 1342 διά
1246 1290 1404 1344 τοῦτό
1438 1310 1605 1362 φησιν
1626 1309 1642 1325 ·
1673 1313 1693 1347 ι
1719 1296 1834 1350 Οὐκ

245 1379 400 1432 ἔστιν
431 1380 566 1450 ὲμδν
599 1379 806 1447 δοῦναι,
831 1400 848 1432 ι
877 1380 1016 1434 ἀλλά
1043 1383 1158 1446 τοῖς
1208 1384 1300 1438 τὸν
1351 1385 1542 1453 ἀγῶνα
1572 1387 1832 1460 νικήσασι

242 1473 316 1525 τά
347 1471 451 1540 τῆς
465 1473 632 1552 τιμῆς
649 1472 959 1527 ἀπόκειται.
982 1473 1153 1527 Τοῦτο
1169 1474 1226 1528 δέ
1251 1493 1439 1546 φησιν,
1463 1479 1561 1551 οὐχ
1587 1480 1668 1533 ὅτι
1696 1481 1830 1536 καθ-

247 1562 415 1616 ιεῖταί
441 1580 526 1627 τις
576 1563 636 1616 ὲν
665 1565 732 1633 τῇ
767 1563 1040 1637 μελλούσῃ
1077 1565 1202 1636 δόξῃ
1243 1567 1382 1636 μετά
1414 1569 1509 1622 τοῦ
1551 1571 1709 1624 Θεοῦο
1735 1574 1831 1628 ὲκ-

244 1653 526 1720 φαντικῶς
555 1652 665 1724 γὰρ
693 1653 896 1721 ἔδειξεν
915 1657 947 1726 ή
967 1654 1298 1729 εύαγγελικὴ
1330 1659 1483 1730 φωνὴ
1511 1661 1569 1713 ὲν
1589 1661 1668 1731 τῷ
1702 1665 1834 1734 περὶ

242 1746 348 1812 τῆς
392 1744 698 1817 μελλούσης
741 1747 984 1817 κρίσεως
1038 1748 1369 1820 διηγήματι,
1399 1752 1482 1805 ὅτι
1539 1755 1727 1824 στήσει
1765 1755 1833 1808 τὰ

250 1839 358 1908 μὲν
390 1838 640 1908 πρόϐατα
669 1839 735 1892 ἐκ
759 1838 1084 1906 δεξιῶν,καὶ
1108 1841 1176 1896 τὰ
1209 1842 1398 1912 ὶρίφια
1431 1843 1490 1909 ἐξ
1514 1843 1833 1915 εὐωνύμων.

247 1928 425 1997 Δῆλον
451 1929 508 1981 δὲ
536 1928 612 1992 ὡς
640 1929 673 1999 ἡ
708 1927 899 1991 στάσις
944 1928 1048 1998 τῆς
1106 1930 1379 2002 καθέδρας
1429 1934 1836 2005 παρήλλακται,

246 2022 391 2088 ἀλλ’,
421 2022 497 2086 ὡς
535 2022 695 2094 ἔφην,
744 2021 915 2093 τιμῆς
963 2022 1242 2095 ὑπεροχὴν
1275 2024 1362 2079 διὰ
1410 2025 1514 2097 τῆς
1567 2027 1837 2102 καθέδρας

242 2113 490 2184 ᾐνίξατο.

329 2206 488 2258 «Καὶ
523 2205 862 2270 ἀκούσαντες
916 2209 967 2261 οι
1024 2208 1163 2263 δέκα
1215 2209 1456 2280 ἤρξαντο
1506 2213 1838 2281 ἀγανακτεῖν

245 2300 382 2371 περὶ
413 2299 676 2352 Ἰακώὸου
731 2300 826 2353 καὶ
861 2300 1137 2355 Ἰωάννου.
1171 2320 1190 2352 ι
1243 2301 1484 2366 Ἀτελεῖς
1509 2305 1670 2368 ὄντας
1715 2307 1840 2371 τοὺς

245 2393 508 2462 μαθητὰς
532 2392 688 2446 οὐδὲν
718 2393 948 2457 ἀπεικὸς
988 2394 1085 2447 καὶ
1115 2395 1238 2457 ταῖς
1291 2395 1442 2448 ἀκίσι
1488 2397 1583 2450 τοῦ
1643 2397 1838 2467 φθόνου

242 2484 658 2557 τιτρώσκεσθαι
681 2500 695 2515 ο
729 2485 812 2540 διὸ
840 2487 935 2540 καὶ
964 2485 1340 2554 ἀγανακτοῦσι
1385 2490 1526 2542 κατὰ
1553 2489 1662 2544 τῶν
1699 2508 1840 2562 συμ-

247 2578 532 2648 φοιτητῶν
555 2577 652 2648 τὴν
674 2578 816 2648 ὑπὲρ
841 2580 968 2642 τοὺς
991 2579 1188 2644 ἄλλους
1208 2581 1504 2652 προεδρίαν
1531 2583 1839 2654 ζητούντων

245 2671 464 2724 λαϐεῖν.
514 2669 656 2723 Ἀλλ’
685 2669 828 2724 οὕτω
871 2671 969 2740 μέν
1003 2689 1150 2735 τινες
1171 2671 1282 2726 τῶν
1307 2673 1413 2744 πρὸ
1442 2675 1601 2744 ἡμῶν
1637 2676 1841 2749 ἐξηγή-

247 2779 444 2816 σαντο.
481 2762 636 2832 Ἐμοὶ
680 2761 736 2815 δὲ
769 2763 829 2815 ού
862 2762 1168 2832 βασκανίας
1209 2764 1360 2818 δοκεῖ
1408 2764 1634 2830 ἔνδειξις
1665 2770 1697 2837 ή
1733 2769 1842 2823 τῶν

249 2853 525 2924 μαθητῶν
545 2839 944 2925 ἀγανάκτησις.
977 2855 1114 2908 Οὐδὲ
1141 2854 1252 2926 γὰρ
1275 2857 1334 2908 ὲν
1360 2859 1472 2918 τοῖς
1497 2857 1676 2920 ἄλλοις
1709 2877 1843 2931 προ-

245 2947 612 3016 τιμωμένους
664 2946 900 3015 ὁρῶντες
957 2944 1398 3016 ὲζηλοτύπησαν.
1440 2947 1573 3001 Ὅτε
1617 2949 1725 3020 γὰρ
1783 2949 1843 3003 τὸ

243 3037 349 3091 τοῦ
400 3036 634 3106 Ἰαείρου
664 3023 957 3109 θυγάτριον
976 3037 1205 3109 ἔμελλεν
1230 3040 1475 3111 ἁνιστᾷν,
1492 3041 1621 3105 τοὺς
1649 3042 1843 3108 ἄλλους

245 3133 471 3194 πάντας
502 3131 608 3195 ἔξω
637 3131 977 3197 καταλιπὼν,
1013 3131 1240 3196 τούτους
1289 3133 1416 3197 τοὺς
1449 3133 1543 3189 δύο
1591 3136 1842 3208 μαθητὰς

245 3225 353 3277 καὶ
390 3223 483 3276 τὸν
513 3223 724 3294 Πέτρον
755 3224 836 3286 είς
877 3223 978 3292 τὴν
1004 3222 1185 3277 οίκίαν
1214 3225 1504 3294 εἰσήγαγε,
1536 3225 1632 3280 κα)⁸
1668 3227 1726 3280 ὲν
1763 3227 1841 3300 τῷ

246 3317 377 3388 δρει
411 3314 962 3386 μεταμορφούμενος,
993 3315 1122 3378 τοὺς
1151 3316 1348 3380 αὐτοὺς
1377 3317 1572 3387 μόνους
1597 3318 1840 3388 παρέλαο

248 3410 354 3463 εεν
373 3427 388 3440 ο
422 3408 559 3462 ἀλλά
592 3408 730 3479 πρὸς
759 3407 936 3462 ταῦτα
967 3406 1076 3462 τῶν
1104 3408 1282 3463 ἄλλων
1324 3411 1352 3464 ὁ
1383 3411 1544 3480 χορὸς
1570 3413 1674 3466 οὐκ
1711 3414 1841 3467 ἐϐά-

249 3519 465 3572 σκηνε·
493 3502 589 3555 καὶ
623 3501 719 3554 νῦν
767 3499 824 3553 δὲ
869 3500 932 3554 ού
983 3500 1254 3572 πρότερον
1285 3503 1697 3572 ἠγανάκτησαν,
1737 3505 1844 3570 ἓως

245 3597 320 3651 ἂν
347 3591 490 3649 εἶδον
518 3594 610 3648 τδν
641 3594 846 3664 Κύριον
879 3595 1299 3666 ἀπανῃνάμενον
1327 3595 1533 3649 τούτων
1558 3595 1656 3668 τὴν
1682 3598 1841 3668 αἴτη-

248 3705 369 3742 σιν.
407 3687 576 3739 Ὥστε
629 3685 851 3739 δοκοῦσι
909 3686 1110 3755 μᾶλλον
1147 3687 1544 3757 συνασχάλλειν
1584 3688 1664 3757 τῷ
1696 3690 1841 3743 διδα-

247 3780 469 3850 σκάλῳ,
505 3778 623 3832 ἀλλ’
654 3781 716 3832 ού
743 3777 1069 3848 φθονοῦντες
1105 3781 1469 3847 ἀγανακτεῖνο
1507 3780 1643 3853 πλὴν
1668 3800 1846 3854 παρα-

252 3873 522 3946 μυθεῖται
559 3872 786 3934 τούτους
842 3872 932 3925 διὰ
993 3872 1092 3941 τῆς
1139 3872 1491 3937 διδασκαλίας
1525 3875 1553 3927 ὁ
1607 3874 1841 3946 Κύριος.

247 3965 786 4038 προσκαλεσάμενος
821 3967 931 4034 γὰρ
965 3964 1184 4029 αὐτοὺς,
1211 3961 1365 4017 εἶπεν
1390 3967 1575 4029 αὐτοῖς
1594 3983 1607 3996 ·

335 4078 358 4111 ι
384 4058 583 4114 Οἴδατε
610 4059 692 4111 ὅτι
718 4059 767 4110 οἱ
795 4056 1081 4118 δοκοῦντες
1108 4057 1296 4127 ἄρχειν
1323 4057 1432 4110 τῶν
1454 4057 1642 4124 ἐθνῶν,
1677 4075 1846 4113 κατα-

246 4153 616 4226 κυριεύουσιν
659 4151 864 4215 αύτῶν,
896 4151 985 4203 καὶ
1018 4153 1066 4203 oi
1121 4151 1350 4220 μεγάλοι
1385 4151 1842 4217 κατεξουσιάζου-

247 4264 347 4301 σιν
379 4244 582 4298 αύτῶν.
609 4262 629 4295 ι
685 4242 760 4295 Τὸ
811 4242 1001 4312 τιμὰς,
1033 4243 1190 4312 φησι,
1236 4243 1608 4315 προσκαίρους
1637 4243 1840 4314 ζητεῖν,

245 4341 358 4395 καὶ
389 4339 552 4408 δόξης
577 4337 846 4407 ἐπικήρου
882 4336 1036 4406 ὲρᾷν,
1067 4333 1386 4398 ἀλαζονείας
1409 4337 1558 4388 ἐστὶν
1584 4335 1803 4405 ὲθνικῆς
1824 4353 1840 4368 ο

1935 470 2171 527 genuum
2225 456 2398 512 ﬂexus
2457 459 2622 515 nimia
2671 463 3021 518 contentione
3073 461 3416 530 deiatiscanl,
3470 462 3516 516 si

1933 566 2031 619 per
2061 563 2122 604 se
2169 548 2314 618 ipsos
2343 552 2592 620 corporis
2638 553 2849 621 pondus
2891 555 3162 612 sustinere
3211 564 3513 625 cegantur;

1933 641 1988 696 in
2021 639 2202 695 futura
2224 655 2356 696 vero
2383 641 2554 711 gloria
2571 643 2859 711 quamdam
2889 645 3112 703 honoris
3143 648 3514 717 praestantiam

1935 733 2213 804 signiﬁcat
2265 734 2459 788 sessio.
2511 733 2663 800 Quod
2722 750 2852 790 vero
2910 736 3151 799 dicitur:
3189 756 3208 790 ι
3263 737 3381 794 Non
3433 748 3516 794 est

1935 841 2114 882 meum
2171 827 2303 880 dare
2359 825 2538 892 vobis,
2584 845 2604 878 ι
2649 830 2755 882 ηοη
2812 829 3051 884 ostendit
3096 830 3513 900 impotentiam;

1935 920 2210 990 quomodo
2241 919 2386 974 enim
2419 919 2688 989 impotens
2735 921 2918 974 divina
2952 923 3124 978 virtus
3155 926 3390 979 evadat?
3417 928 3512 982 sed

1928 1012 2158 1081 justitite
2185 1011 2549 1079 aequilibrium
2577 1013 2629 1067 in
2649 1021 2899 1066 neutram
2925 1016 3269 1084 propendens
3300 1031 3510 1086 partem

1935 1105 2197 1161 ostendit.
2242 1105 2546 1175 lncorrupti
2591 1107 2736 1159 enim
2779 1105 2982 1175 judicis
3036 1116 3119 1161 est
3163 1112 3516 1177 praportiune

1937 1198 2256 1252 meritorum
2287 1197 2506 1252 athletis
2557 1197 2850 1252 decernere
2897 1199 3139 1267 praemia,
3175 1203 3354 1268 'ncque
3389 1217 3516 1254 vero

1936 1290 2122 1359 gratia:
2154 1303 2315 1345 causa
2343 1289 2660 1344 melioribus
2690 1289 2948 1358 prmferre
2983 1290 3218 1359 pejores,
3256 1301 3308 1344 et
3341 1305 3518 1345 certa-

1939 1384 2145 1438 toribus
2197 1398 2290 1438 eos
2326 1383 2419 1450 qui
2467 1381 2687 1436 minime
2722 1391 3106 1449 certaverunt;
3159 1383 3303 1446 ideo.
3349 1401 3366 1434 ι
3400 1383 3515 1437 Non

1935 1485 2042 1542 est,
2080 1477 2177 1539 ait,
2215 1491 2392 1530 meum
2423 1475 2554 1530 dare
2584 1474 2757 1541 v0bis,
2791 1494 2807 1526 ι
2847 1475 2942 1529 sed
2994 1474 3060 1530 iis
3097 1477 3186 1544 qui
3241 1487 3516 1532 certamrn

1935 1569 2189 1633 vicerint,
2233 1567 2456 1622 honoris
2488 1567 2708 1635 praemia
2745 1567 2978 1636 reposita
3007 1578 3156 1622 sunt.
3191 1568 3304 1624 lloc
3335 1579 3517 1625 autem

1935 1661 2087 1727 dicit,
2121 1676 2227 1715 non
2255 1661 2396 1730 quod
2423 1675 2782 1716 consessnrus
2811 1661 2885 1715 sit
2929 1677 3050 1715 cum
3104 1669 3213 1716 Deo
3247 1664 3516 1733 quispiam

1942 1752 1994 1806 in
2029 1754 2210 1807 futura
2241 1752 2445 1820 gloria;
2481 1752 2765 1820 perspicue
2793 1753 2937 1806 enim
2964 1753 3316 1824 evangelicus
3335 1770 3519 1809 sermo

1945 1845 2002 1898 in
2035 1842 2201 1899 futuri
2237 1845 2426 1914 judicii
2453 1844 2815 1913 descriptione
2839 1844 3104 1908 declarat,
3136 1847 3278 1914 quod
3317 1856 3522 1902 statuet

1941 1953 2068 1994 oves
2100 1953 2128 1990 a
2162 1937 2387 2001 dextris,
2419 1936 2604 1991 haedos
2635 1951 2767 1990 vero
2791 1952 2820 1990 a
2844 1935 3084 1992 sinistris
3106 1938 3155 1968 “
3188 1940 3519 1994 :stationem

1943 2045 2072 2085 vero
2110 2028 2342 2084 sessioni
2371 2029 2566 2098 opponi
2595 2028 2943 2083 manifestum
2979 2039 3096 2084 est:
3134 2032 3248 2094 sed,
3283 2044 3342 2086 ut
3387 2032 3519 2099 dixi,

1942 2122 2168 2176 honoris
2194 2121 2515 2176 excellentia
2551 2120 2815 2175 vocabulo
2845 2121 3106 2177 sessionis
3132 2123 3449 2181 involvitur.

2021 2235 2039 2268 ι
2072 2217 2138 2269 Ει
2173 2216 2456 2268 audientes
2485 2213 2988 2280 decemrcmperunt
3031 2213 3300 2283 indignari
3338 2217 3404 2270 de
3429 2215 3522 2270 Ja-

1944 2308 2081 2364 cobo
2131 2316 2186 2363 et
2260 2307 2488 2363 Joanne.
2531 2324 2550 2357 ι
2597 2305 2950 2376 lmperl‘ectos
3003 2309 3182 2364 adhuc
3231 2309 3524 2379 discipulos

1946 2402 2162 2456 invidia:
2191 2399 2395 2456 aculeis
2419 2399 2731 2455 stimulatos
2769 2413 2874 2454 non
2907 2399 3173 2456 absonum
3207 2411 3329 2460 est;
3354 2417 3524 2472 quare

1944 2511 1974 2550 a
2000 2499 2208 2549 'vcrsus
2242 2491 2646 2560 condiscipulos
2685 2491 3057 2562 indignantur,
3111 2495 3256 2563 quod
3287 2495 3522 2564 primum

1944 2602 2256 2641 consessum
2307 2600 2418 2655 pra:
2470 2583 2591 2638 aliis
2626 2594 2812 2638 tenere
2862 2586 3276 2641 contenderent.
3340 2588 3404 2641 Et
3451 2589 3525 2642 ita

1945 2676 2160 2746 quidem
2186 2691 2252 2730 ex
2282 2673 2579 2743 majoribus
2603 2673 2806 2728 nostris
2825 2673 2940 2744 (54)
2966 2674 3132 2742 aliqui
3157 2676 3525 2746 expliCarunt.

1945 2767 2074 2822 Mihi
2117 2782 2244 2822 vero
2303 2773 2416 2820 nou‘
2465 2765 2723 2820 invidiam
2779 2765 3169 2834 discipulorum
3229 2768 3528 2838 indignatio

1947 2873 2056 2929 pra-2
2089 2873 2149 2912 se
2183 2858 2325 2911 ferre
2358 2856 2609 2921 videtur;
2642 2854 2838 2924 quippe
2879 2871 3000 2910 cum
3052 2872 3152 2911 nec
3204 2858 3326 2911 aliis
3371 2859 3524 2922 loris,

1947 2965 2070 3004 cum
2129 2949 2373 3002 viderent
2413 2961 2505 3000 eos
2543 2943 2704 3016 154
2753 2943 2854 2998 sibi
2907 2943 3170 3014 praeferri,
3232 2945 3526 3000 invidentia

1950 3041 2282 3096 laborarunt.
2322 3037 2534 3094 Etenim
2565 3037 2700 3092 Jairi
2736 3035 2902 3089 ﬁliam
2951 3045 3309 3091 revocaturus
3346 3039 3396 3091 in
3447 3041 3521 3092 \‘i-

1950 3143 2054 3187 tam
2083 3132 2150 3194 ’⁷,
2185 3132 2399 3185 caeteris
2449 3128 2582 3183 foris
2627 3127 2856 3191 relictis,
2907 3128 3006 3183 hos
3042 3128 3186 3183 duos
3237 3129 3530 3200 discipulos

1946 3239 2069 3280 cum
2098 3223 2261 3278 Petro
2286 3221 2628 3288 introduxit;
2665 3231 2720 3275 et
2749 3235 2870 3275 cum
2918 3219 2978 3275 in
3023 3230 3205 3276 monte
3238 3223 3528 3294 transﬁgu-

1947 3329 2097 3372 ratus
2147 3315 2315 3379 est",
2367 3314 2586 3369 eosdem
2649 3313 2913 3366 duntaxat
2964 3314 3294 3381 assumpsit;
3351 3330 3528 3382 ιιθιιιειε

1945 3429 2076 3469 vero
2110 3412 2178 3467 ob
2207 3427 2303 3467 eas
2337 3425 2422 3466 res
2454 3411 2720 3481 reliqnnm
2755 3417 2958 3464 coetum
3004 3410 3202 3465 invidia
3235 3411 3446 3481 tetigit;
3473 3425 3528 3465 et

1947 3507 2049 3560 hoc
2081 3519 2210 3558 vero
2243 3503 2360 3558 loco
2394 3519 2499 3556 non
2520 3503 2670 3571 prius
2701 3502 2960 3571 indignati
2980 3511 3127 3566 sunt,
3155 3518 3316 3574 quam
3346 3503 3522 3557 Domi-

1948 3611 2076 3652 num
2113 3595 2384 3664 repulsam
2413 3594 2630 3648 dedisse
2658 3593 2944 3660 viderent;
2991 3593 3176 3663 itaque
3206 3596 3390 3664 potius
3421 3612 3526 3648 una

1946 3703 2070 3744 cum
2097 3686 2360 3755 magistro
2392 3699 2504 3739 rem
2531 3699 2674 3755 :egre
2710 3684 2923 3750 tulisse,
2971 3700 3135 3755 quam
3171 3701 3282 3756 pra:
3322 3687 3525 3741 invidia

1947 3777 2217 3847 indignati
2273 3775 2549 3830 videntur.
2605 3775 2990 3830 Verumtamen
3045 3776 3362 3830 consolatur
3434 3791 3528 3829 eos

1945 3872 2253 3928 hortatione
2287 3869 2566 3933 Dominus,
2600 3876 2654 3921 et
2695 3867 2777 3922 sic
2816 3875 3148 3922 convocatos
3183 3867 3477 3938 alloquitur
3508 3883 3524 3921 :

2027 4076 2045 4109 ι
2072 4055 2262 4121 Scitis,
2293 4054 2421 4124 quia
2444 4053 2522 4119 hi,
2545 4052 2636 4122 qui
2662 4051 2916 4105 videntur
2933 4049 3228 4120 principari
3251 4045 3531 4122 gentibus,

1946 4147 2296 4204 dominantur
2318 4145 2430 4210 eis;
2459 4153 2514 4199 et
2541 4142 2815 4213 principes
2844 4155 3031 4195 eorum
3069 4151 3390 4210 petestatcm
3428 4145 3526 4196 ha-

1946 4241 2078 4297 bent
2122 4241 2384 4308 ipsorum.
2423 4257 2442 4289 ι
2487 4235 2754 4299 Honores,
2806 4235 3004 4303 inquit,
3053 4235 3316 4301 temporis
3367 4235 3528 4303 hujus

1948 4331 2178 4396 ambire,
2209 4339 2262 4384 et
2287 4327 2485 4382 ﬂuxam
2515 4328 2743 4396 gloriam
2792 4325 3050 4381 affectare
3099 4327 3370 4396 superbia:
3398 4337 3535 4398 gcn-'

247 4431 302 4482 οἳ
360 4427 644 4498 βούλονται
690 4425 1032 4496 τυραννικῶς
1077 4425 1290 4494 ἄρχειν,
1321 4427 1414 4479 καὶ
1445 4426 1553 4478 τῶν
1599 4427 1841 4496 ἡσσόνων

1955 4424 2088 4479 tium
2145 4429 2249 4486 est,
2300 4435 2419 4490 qua:
2460 4420 2744 4490 tyrannice
2795 4417 3063 4472 dominari
3101 4426 3157 4473 et
3191 4434 3354 4490 supra
3405 4422 3532 4474 snh-

248 4519 616 4589 ἐπαίρεσθαι.
654 4519 717 4570 Οἱ
749 4517 808 4571 δὲ
834 4518 958 4588 ἐμοὶ
986 4517 1226 4587 μαθηταὶ
1255 4515 1355 4588 τὴν
1382 4519 1631 4570 ἐναντίαν
1663 4517 1843 4571 αὐτῶν

250 4611 636 4684 βαδιζέτωσαν
678 4609 948 4680 ἀτραπὸν,
979 4609 1076 4660 καὶ
1104 4610 1132 4661 ό
1166 4606 1276 4662 τῶν
1323 4609 1610 4679 πρωτείων
1630 4610 1853 4679 ὲφιέμευ

176 4741 186 4750 .
247 4719 374 4765 νος.
422 4700 719 4771 κτησάσθω
750 4701 810 4752 τὸ
845 4699 1238 4770 μεγαλοψύχως
1286 4701 1420 4753 πᾶσι
1472 4699 1764 4765 διακονεῖν,
1791 4700 1854 4754 τὸ

1953 4517 2096 4572 ditos
2124 4513 2306 4570 eﬂ'erri
2332 4511 2573 4567 student.
2605 4511 2704 4565 Mei
2752 4526 2880 4565 vero
2910 4510 3162 4582 discipuli
3197 4514 3529 4567 contrariam

1953 4608 2078 4661 huic
2110 4606 2294 4659 ineant
2335 4603 2521 4668 viam;
2567 4601 2766 4672 quique
2809 4601 3103 4673 primatum
3153 4603 3375 4672 appetit,
3428 4604 3532 4658 hoe

1959 4703 2307 4766 assequatur,
2343 4704 2401 4748 ut
2429 4694 2584 4748 lucro
2612 4695 2830 4764 deputet
2870 4691 3243 4764 magnitudine
3297 4694 3530 4760 quadam

337 4797 386 4828 ¹⁴
403 4795 597 4850 Matth.
632 4809 760 4862 xxv,
789 4795 881 4851 5'5.
963 4797 1004 4828 "
1027 4795 1193 4852 Marc.
1226 4811 1280 4860 v,
1309 4795 1399 4851 57.
1480 4796 1524 4827 ¹⁸
1542 4780 1734 4850 Matth.
1763 4811 1900 4861 xvu,
1947 4794 1973 4846 1
2008 4808 2138 4862 seqq

1502 4889 1824 4951 Francisci
1858 4887 2068 4950 Scorsi
2099 4893 2288 4946 notua.

256 5007 316 5058 in
352 5000 552 5055 Lucam
583 5017 598 5054 ε
631 4998 811 5064 Neque
860 4997 1139 5051 duodecim
1171 4998 1350 5049 throni
1382 5005 1633 5065 tanquam
1669 4995 1856 5065 aliqua

254 5081 388 5128 sunt
463 5069 757 5137 corporalis
813 5069 1144 5136 receptacula
1214 5064 1536 5137 sessionis:
1585 5064 1676 5137 sed
1730 5065 1856 5132 quia

253 5133 563 5199 secundum
620 5141 856 5192 divinant
899 5133 1300 5193 similitudinem
1340 5136 1553 5205 judicat
1613 5133 1856 5205 Christus

257 5213 564 5280 (agnitione
589 5209 855 5280 cordium,
885 5224 988 5261 non
1013 5203 1428 5280 interrogatione
1463 5207 1747 5277 factorum,
1783 5203 1859 5256 ita

257 5295 310 5337 et
333 5277 572 5346 apostoli
600 5281 655 5332 in
679 5279 948 5348 judicium
975 5278 1255 5348 spirituqle
1283 5277 1611 5346 formantur.

343 5343 456 5419 (54)
501 5350 582 5403 Ea:
609 5343 900 5417 majoribus
925 5343 1146 5419 noStris.
1179 5346 1236 5399 S.
1261 5343 1707 5419 Chrysostomum
1745 5343 1858 5397 for-

265 5416 445 5475 tassis'
472 5416 700 5484 innuit,
723 5420 811 5486 qui
854 5434 917 5471 ex
954 5417 1154 5471 invidia
1206 5417 1421 5486 quidem
1452 5416 1844 5484 discipulorum

260 5491 693 5560 indignationem
734 5488 1037 5560 profectam
1081 5486 1240 5553 dicit,
1266 5487 1379 5560 sed
1423 5495 1600 5560 tamen
1631 5493 1850 5560 excusat

260 5555 412 5630 quod
453 5561 688 5612 nondum
728 5557 962 5624 Spiritus
1012 5567 1232 5630 sanctus
1265 5557 1316 5607 in
1359 5555 1635 5630 apostolos
1662 5555 1855 5608 fuisset

263 5626 471 5684 eﬂusus
503 5645 610 5695 quo
651 5641 838 5697 postea
889 5629 1069 5680 omnia
1123 5626 1428 5697 hujusniodi
1463 5626 1592 5697 vitia
1630 5635 1853 5693 purgata

263 5712 416 5755 sunt.
459 5695 776 5766 Atque—hic
829 5699 1042 5768 quidem
1100 5709 1228 5751 ante
1280 5695 1705 5766 Theophanem,
1738 5702 1856 5763 post

471 5797 745 5858 ΡΑτιιοι..
783 5795 901 5855 (in.
935 5791 1254 5855 CXXXII.

1956 4993 2130 5062 ipsum
2201 5000 2330 5044 vero
2386 4989 2863 5062 Euthymiusnon
2925 4985 3154 5062 minoris
3216 4989 3530 5047 ambitionis

1956 5056 2125 5117 fuisse
2150 5067 2305 5130 putat
2344 5061 2485 5126 quod
2515 5056 2715 5130 decem
2739 5056 3000 5130 indignati
3034 5057 3354 5130 sin‘t,_quam
3386 5063 3531 5127 quod

1957 5135 2064 5186 duo
2121 5125 2569 5199 primum'locum
2605 5127 2986 5199 ambiverint:
3033 5125 3131 5181 sed
3171 5125 3531 5198 Theophanes

1957 5196 2220 5256 etiam'ab
2249 5200 2450 5253 invidia
2479 5196 2779 5267 discipulos
2811 5197 3057 5267 liberare
3097 5196 3348 5263 conatur,
3378 5202 3532 5267 quasi

1958 5272 2045 5325 illa
2082 5269 2518 5337 indtgnatiouon
2567 5264 2634 5320 ab
2675 5265 2873 5337 invidia
2898 5264 3054 5337 [sed
3087 5283 3116 5319 a
3165 5264 3412 5322 molestia
3452 5271 3543 5325 vel

1956 5341 2178 5394 tristitia
2201 5335 2361 5407 quam
2394 5353 2514 5392 cum
2540 5337 2759 5407 Christo
2784 5335 2944 5390 simul
2979 5338 3344 5407 OSteuderint,
3389 5342 3536 5407 quod

1953 5428 2073 5466 cam
2122 5404 2232 5478 prie
2279 5407 2593 5478 sentuleriul
2639 5405 3013 5478 ambitionem.
3069 5404 3246 5472 Atque
3303 5404 3420 5462 hoe
3448 5420 3538 5463 est

1953 5475 2294 5548 οἰκονομίαν.
2323 5477 2457 5532 Vide
2490 5491 2598 5548 qua
2650 5475 2850 5548 pietate
2881 5486 3064 5548 noster
3102 5478 3413 5548 apostolos,
3442 5480 3531 5532 ubi

1955 5546 2426 5621 possit,'excuse_t;
2451 5562 2571 5621 cum
2589 5546 2829 5601 haeretici
2856 5547 3026 5621 nostri
3051 5548 3305 5613 temporis
3329 5547 3532 5621 nullum

1961 5616 2064 5675 non
2102 5618 2387 5672 accusandi
2421 5631 2514 5670 eos
2545 5617 2718 5688 locum
2761 5616 3200 5684 praetermittunt,
3227 5618 3371 5688 quod
3400 5617 3536 5674 Mal-

1955 5693 2188 5748 douatus
2215 5703 2321 5745 non
2351 5703 2459 5744 uno
2487 5689 2538 5742 iu
2572 5687 2688 5744 loco
2719 5688 2869 5745 dicit.
