3974 6200
445 214 562 281 διθὸ

1640 211 2138 273 THEOPHANIS
2175 213 2517 275 CERAMEI

3598 224 3690 286 4⁸36

449 327 809 386 humanitatis
830 341 924 398 spe
952 334 1258 398 caperetur.
1289 324 1488 382 Videtis
1509 327 1654 381 enim
1687 327 2007 383 Salvatoren

2131 329 2538 401 χειρώσασθαι,
2600 327 2790 385 τοῦτον
2837 329 3153 402 ἐπεθύμησε
3201 331 3395 404 λύτρον
3447 335 3564 391 ἀντὶ
3607 358 3693 392 του

447 433 614 490 supra
677 431 924 475 naturam
980 419 1242 473 miracula
1301 430 1666 488 operantem,
1736 430 2024 490 postquam

447 527 574 568 eum
601 513 824 566 adortus
862 525 959 580 per
995 520 1278 579 peceatum
1318 509 1476 580 155
1524 513 1777 582 subigere
1807 514 2026 566 minime

447 605 647 674 potuit,
677 619 799 657 cum
856 603 1121 671 appetivit
1177 603 1431 672 accipere
1501 605 1731 675 pretium
1793 621 1890 674 pro
1937 619 2029 660 ca-

444 695 615 765 ptivo.
642 693 830 748 Tradit
875 693 1039 762 igitur
1088 693 1203 764 ipse
1224 696 1461 763 seipsnm
1512 695 1740 765 pretium
1783 697 1851 750 ad
1884 698 2026 752 redi-

367 858 374 863 .
442 785 698 839 mendum
730 797 878 847 eum,
899 784 994 853 qui
1026 784 1281 839 redactus
1321 784 1500 839 luerat
1525 785 1577 838 in
1607 785 1946 850 servitutem,
1969 795 2028 839 ut

439 889 542 946 per
573 884 802 930 mortem
847 885 901 931 et
941 879 1400 932 resurrectionem
1443 877 1700 932 liberaret
1731 878 1784 932 in
1822 876 2025 932 infero-

437 982 560 1022 rum
589 968 832 1022 custodia
863 968 1176 1024 conclusos.
1213 967 1374 1023 Omni
1410 969 1574 1037 igitur
1609 969 1784 1038 pretio
1825 971 2022 1025 tradito

437 1057 488 1112 ei
517 1058 616 1128 qui
662 1058 938 1112 detinebat
965 1057 1102 1128 (57),
1142 1067 1198 1113 et
1250 1064 1526 1126 redempta
1565 1073 1630 1113 eo
1675 1057 1766 1128 qui
1814 1059 2024 1114 detine-

430 1147 621 1212 batur,
667 1149 890 1217 sanguis
944 1148 1146 1204 Christi
1185 1150 1404 1204 divinus
1457 1151 1719 1204 servitute
1776 1151 2021 1218 captivos

431 1241 676 1306 exemit;
711 1251 769 1294 at
801 1255 904 1294 non
937 1255 1059 1294 eum
1095 1250 1378 1311 tyrannus,
1411 1243 1504 1296 sed
1534 1241 1674 1309 ejus,
1703 1243 1794 1312 qui
1826 1244 2017 1296 illlnlC-

434 1333 582 1390 latus
635 1345 742 1397 est.
796 1335 961 1390 Pater
1019 1336 1282 1404 accepit;
1343 1346 1506 1404 atque
1565 1338 1667 1391 hoc
1718 1333 2020 1406 theologica

434 1425 615 1497 lingua
644 1427 757 1498 (58)
794 1427 1084 1483 manifeste
1141 1427 1379 1482 declarat
1410 1444 1424 1482 :
1455 1429 1684 1498 Accipit,
1741 1429 2013 1498 inquiens,

431 1533 686 1588 magnum
711 1527 765 1573 et
785 1519 1019 1573 nobilem
1052 1521 1369 1588 sanguinem
1397 1518 1580 1585 Pater,
1609 1535 1715 1573 non
1753 1521 1894 1588 quod
1929 1535 2022 1588 pe-

433 1608 600 1675 tierit,
635 1619 726 1663 aut
751 1625 816 1664 eo
843 1626 978 1680 opus
1009 1611 1283 1676 habuerit,
1319 1613 1413 1666 sed
1449 1621 1674 1682 propter
1721 1612 2010 1667 consilium

2137 423 2502 493 κατεχομένου
2544 421 2756 476 λαϐεῖν.
2793 423 3022 477 Δίδωσιν
3056 420 3150 477 οὖν
3184 426 3342 489 αὐτὸς
3382 428 3574 482 ἑαυτὸν
3611 434 3694 486 τοῦ

2129 514 2638 584 δουλαγωγηθέντος
2682 514 3030 585 ἀντίλυτρον,
3071 515 3160 568 διὰ
3199 515 3293 569 τοῦ
3340 517 3568 572 θανάτου
3613 525 3695 575 καὶ

2130 605 2228 675 τῆς
2273 606 2544 676 ὲγέρσεως
2587 605 2956 675 ἐλευθερῶσαι
2999 606 3125 668 τοὺς
3172 607 3604 679 καθειργμένους
3641 616 3693 668 ἐν

2129 699 2197 768 τῇ
2226 696 2319 750 τοῦ
2350 697 2478 767 ᾅδου
2513 697 2710 768 φθορᾷ.
2742 697 2952 760 Παντὸς
2982 696 3040 750 δὲ
3073 695 3270 768 λύτρου
3299 700 3578 770 διδομένου
3608 704 3694 772 μὲν

2129 788 2208 858 τῷ
2243 789 2560 858 κατέχοντι,
2597 791 2692 842 καὶ
2725 789 3090 862 λυτρουμένου
3127 790 3217 842 τὸν
3249 792 3613 861 κατεχόμενον
3641 795 3694 848 τὸ

2129 880 2222 934 τοῦ
2253 881 2490 951 Χριστοῦ
2525 879 2800 934 θειότατον
2828 876 2968 952 αἷμα
3009 880 3247 947 ἐξείλετο
3295 881 3398 952 μὲν
3429 883 3551 946 τοὺς
3579 903 3693 938 κατ-

2127 971 2526 1042 εχομένους,οὐ
2573 972 2680 1040 μὴν
2716 971 2930 1041 εἰλήφει
2954 970 3115 1024 τοῦτο
3151 973 3180 1026 ὀ
3219 971 3504 1041 τύραννος,
3539 974 3692 1027 atri

2125 1067 2222 1116 τοῦ
2264 1062 2516 1124 τυθέντος
2569 1064 2761 1133 Πατήρ
2790 1083 2804 1094 ·
2846 1064 2940 1116 καὶ
2981 1063 3141 1116 τοῦτο
3189 1064 3383 1132 σαφῶς
3428 1065 3691 1139 θεολογικὴ

2121 1153 2346 1222 γλῶσσα
2374 1154 2656 1224 διατρανοῖ
2676 1195 2690 1220 ,
2724 1154 3030 1224 Λαμϐἀνει,
3062 1155 3322 1222 λέγουσα,
3354 1157 3415 1210 τὸ
3446 1161 3582 1228 μέγα
3609 1165 3692 1214 καὶ

2122 1245 2451 1313 περιϐόητον
2483 1241 2626 1314 αἷμα
2659 1245 2687 1297 ὁ
2721 1245 2932 1316 Πατὴρ,
2966 1246 3068 1298 οὐκ
3105 1247 3364 1317 αἰτήσας,
3413 1249 3533 1304 οὐδὲ
3577 1253 3689 1322 δεη-

2123 1335 2265 1398 θεὶς,
2295 1334 2432 1388 ἀλλὰ
2464 1335 2553 1388 διὰ
2583 1336 2681 1406 τὴν
2710 1337 3026 1406 οἰκονομίαν
3045 1378 3059 1400 ,
3091 1340 3187 1392 καὶ
3215 1339 3279 1392 τὸ
3313 1341 3509 1410 χρῆναι
3542 1343 3688 1410 ἁγια-

2122 1422 2316 1493 σθῆναι
2350 1424 2428 1495 τῷ
2465 1425 2794 1496 ἀνθρωπίνῳ
2827 1425 2922 1478 τοῦ
2961 1427 3097 1480 Θεοῦ
3131 1428 3224 1480 τὸν
3261 1427 3577 1501 ἄνθρωπον,
3613 1433 3687 1486 ίνα

2119 1518 2280 1581 αὐτὸς
2313 1519 2459 1587 ἡμᾶς
2488 1518 2738 1588 ἐξέληται
2765 1518 2860 1572 τοῦ
2887 1520 3150 1590 τυράννου
3184 1520 3278 1592 βίᾳ
3310 1525 3684 1592 κρατήσαντος.

2119 1608 2278 1663 Οῦτω
2317 1610 2408 1662 τὸν
2451 1609 2645 1680 ἐχθρὸν
2689 1611 3016 1681 εὐμηχάνως
3053 1629 3115 1664 τε
3159 1613 3278 1684 ἅμα
3343 1615 3440 1668 καὶ
3484 1615 3686 1682 δικαίως

427 1708 484 1755 et
528 1700 1082 1767 administrationem,
1136 1714 1191 1757 et
1235 1702 1363 1772 quia
1411 1718 1507 1770 per
1555 1681 1942 1758 humanitatem
1984 1720 2007 1758 a

2117 1701 2464 1770 καταϐαλὼν,
2489 1705 2589 1774 τῆς
2618 1704 2738 1758 κατ’
2764 1704 2932 1758 αὑτοῦ
2957 1705 3116 1774 νίκης
3143 1706 3427 1774 ὑπέδειξεν
3449 1711 3576 1780 ἡμῖν
3598 1713 3685 1781 τὴν

427 1791 540 1848 Deo
573 1801 903 1863 assumptam
957 1793 1164 1848 homini
1202 1794 1548 1848 sanctitatem
1581 1793 1764 1849 aﬂerri
1799 1804 2017 1864 oporte-

426 1885 541 1948 bat,
573 1892 633 1936 ut
667 1885 782 1952 ipse
821 1898 922 1940 nos
951 1902 979 1938 a
1015 1895 1268 1956 tyranno,
1297 1886 1389 1954 qui
1436 1901 1530 1956 per
1563 1888 1669 1940 vim
1723 1901 1823 1943 nos
1873 1888 2014 1942 deti-

426 1975 614 2039 nebat,
651 1973 934 2030 liberaret.
970 1975 1042 2029 Ita
1076 1991 1201 2032 cum
1234 1977 1513 2032 inimicum
1571 1981 1796 2034 dextere
1854 1978 2016 2034 simul

350 2127 356 2132 _
426 2077 484 2120 et
520 2066 669 2134 juste
699 2069 1085 2136 Oppressisset,
1122 2069 1263 2122 viam
1305 2069 1462 2124 nobis
1498 2070 1686 2124 itidem
1734 2085 2015 2125 common-

429 2163 648 2227 stravit,
677 2178 797 2232 qua
844 2163 1065 2218 vincere
1121 2164 1296 2232 ipsum
1342 2179 1664 2234 possemus:
1709 2165 1862 2233 cujus
1913 2181 2006 2220 vc-

423 2253 599 2323 stigiis
629 2252 945 2310 insistentes
976 2255 1352 2310 adversarium
1391 2267 1632 2311 nostrum
1675 2260 1922 2315 oratione
1951 2270 2005 2316 et

418 2345 628 2415 jejunio
655 2361 918 2419 superare
967 2362 1256 2403 conemur.
1287 2349 1352 2403 Et
1399 2349 1542 2405 sicut
1583 2350 1674 2404 ille
1708 2365 1802 2419 per
1831 2351 2006 2420 inglu-

421 2437 566 2494 viem
618 2453 720 2492 nos
773 2439 990 2510 subegit
1021 2455 1259 2509 suosque
1309 2456 1496 2496 servos
1559 2442 1778 2509 elfecit;
1838 2443 1911 2496 ita
1952 2451 2008 2496 et

423 2545 526 2586 nos
575 2540 836 2600 tropzeum
872 2533 938 2587 de
966 2533 1084 2602 ipso
1112 2534 1283 2589 armis
1339 2534 1636 2592 contrariis
1683 2544 2008 2590 statuamus.

357 2681 362 2686 ,
423 2621 778 2679 Considerate
795 2624 897 2680 hoc
918 2623 1121 2680 luteum
1147 2640 1340 2695 corpus
1365 2627 1535 2681 instar
1554 2626 1801 2696 caliginis
1817 2626 2012 2680 anima:

421 2711 843 2778 circumfusum,
879 2713 957 2768 ob-
977 2714 1206 2768 vetitum
1242 2715 1422 2770 cibum
1453 2729 1671 2786 gravem
1701 2715 1844 2769 hanc
1867 2729 2010 2769 cras-

419 2803 602 2860 sitiem
638 2805 981 2862 contraxisse
1009 2804 1149 2879 (59).
1183 2806 1398 2864 Etenim
1431 2816 1557 2864 ante
1584 2806 2010 2864 inobedientiam

2113 1793 2252 1853 όδὸν.
2283 1787 2328 1860 ᾧ
2357 1793 2423 1863 δὴ
2457 1797 2581 1846 κατ’
2609 1794 2755 1863 [χνος
2786 1795 3213 1861 ἀκολουθοῦντες
3245 1799 3336 1851 διὰ
3397 1803 3684 1872 προσευχῆς

2113 1884 2210 1937 καὶ
2226 1884 2508 1954 νηστείας,
2529 1885 2876 1958 ἐπειχθῶμεν
2906 1887 3322 1942 καταπαλαίσαι
3347 1891 3440 1943 τὸν
3464 1893 3682 1945 ἀντικεί-

2116 1993 2298 2046 μενον.
2334 1978 2445 2030 Καὶ
2483 1977 2672 2048 ὡσπερ
2709 1979 2921 2042 ἐκεῖνος
2955 1979 3043 2033 διὰ
3077 1979 3324 2051 λιχνείας
3366 1984 3513 2053 ἡμᾶς
3551 1984 3683 2039 ἐδού-

2111 2069 2309 2132 λωσεν,
2341 2069 2546 2139 λάτρας
2578 2069 2772 2122 ἑαυτοῦ
2805 2070 3198 2142 ποιησάμενος,
3217 2072 3396 2138 οὕτως
3426 2076 3580 2144 ἡμεῖς
3607 2077 3682 2131 διὰ

2109 2161 2221 2214 τῶν
2267 2161 2530 2215 ἐναντίων
2579 2161 2742 2214 αὐτὸν
2786 2165 3363 2236 κατατροποσώμεθα.
3401 2166 3587 2240 Ὁρᾶτε
3628 2169 3681 2224 τὸ

2115 2252 2274 2323 σῶμα
2312 2253 2469 2306 τοῦτο
2509 2255 2569 2306 τὸ
2618 2254 2864 2324 πήλινον,
2905 2257 3044 2325 ὅπερ
3088 2257 3407 2328 περίκειται
3444 2263 3507 2331 τῇ
3549 2261 3677 2333 ψυχῇ

2113 2344 2366 2414 καθάπερ
2396 2345 2564 2415 ἀχλὺς
2583 2385 2598 2410 ,
2629 2348 2692 2399 ὲκ
2723 2346 2822 2416 τῆς
2851 2347 3321 2418 ἀπηγορευμένης
3354 2350 3601 2422 βρώσεως
3626 2354 3678 2406 τὸ

2115 2437 2253 2509 βαρὺ
2283 2437 2440 2490 τοῦτο
2473 2439 2645 2509 πάχος
2678 2439 2915 2503 ἐδέξατο.
2951 2440 3062 2509 Πρὸ
3094 2441 3203 2512 γὰρ
3257 2443 3360 2512 τῆς
3391 2445 3673 2515 παρακοῆς,

2107 2529 2302 2582 λεπτὸν
2336 2525 2404 2599 ἦν
2442 2529 2539 2584 καὶ⁷
2575 2529 2840 2601 καθαρὸν,
2877 2531 2970 2584 καὶ
3005 2531 3212 2603 ἀέριον,
3251 2535 3352 2587 καὶ
3385 2528 3495 2587 οἷον
3527 2537 3676 2606 ὲχρῆν

2109 2621 2515 2690 συνυφανθῆναι
2548 2625 2618 2693 τῇ
2651 2621 2746 2676 τοῦ
2765 2621 2902 2675 Θεοῦ
2928 2623 3098 2677 είκόνι
3128 2627 3410 2694 προσφυὲς
3441 2626 3533 2680 καὶ
3558 2643 3675 2680 atas-

2108 2714 2359 2784 ἀλληλον.
2401 2716 2576 2786 Ὅπερ
2619 2710 2712 2768 οὖν
2747 2717 2780 2786 ἡ
2828 2715 3134 2788 λαιμαργία
3170 2717 3445 2788 ὲπάχυνε,
3476 2718 3560 2772 διὰ
3586 2735 3671 2788 νη⁹

2111 2807 2295 2871 στείας
2323 2806 2700 2880 λεπτύνωμεν.
2718 2807 2834 2864 Νῦν
2858 2808 2967 2881 γὰρ
2984 2809 3060 2874 ὡς
3080 2809 3138 2865 ὲν
3167 2808 3530 2884 δεσμωτηρίῳ
3555 2812 3672 2866 καθ-

1640 2964 1980 3028 Εηιιοίεοὶ
2017 2965 2228 3028 Scorsi
2255 2971 2446 3028 noue.

491 3087 637 3162 (51)-
663 3088 769 3162 Qui
833 3090 1120 3162 detinebat.
1185 3090 1277 3162 Τῷ
1339 3093 1654 3160 κατέχοντι,
1688 3088 1838 3162 Patri
1875 3088 2002 3146 .Deo
2034 3095 2078 3156 c
2113 3099 2308 3162 natura
2333 3088 2594 3145 mortalis.
2615 3087 2742 3145 llaec
2766 3089 3030 3162 Zonaras.
3056 3089 3139 3162 Ex
3169 3089 3369 3162 quibus
3389 3089 3532 3162 rides
3557 3105 3668 3148 eum

421 3159 841 3230 itttellijgejuxta
869 3159 1282 3230 explicationem
1314 3159 1557 3226 allatam,
1590 3171 1705 3230 not.
1731 3159 1822 3214 55.

493 3227 954 3300 (mammia
976 3230 1182 3300 lingua.
1213 3230 1613 3285 Nazianzenutn
1671 3229 1996 3300 Gregorium

426 3299 1213 3370 cognomentojTheolugum
1299 3300 1488 3366 relert,
1572 3300 1729 3370 cujus
1792 3299 1993 3354 ’locum

422 3367 783 3440 explicuimus
808 3367 943 3438 jam.
988 3367 1114 3440 not;
1133 3370 1246 3433 55;
1301 3371 1380 3426 sic
1419 3377 1598 3425 autem
1640 3367 1918 3440 eleganter
1939 3379 2000 3424 et

419 3440 675 3522 oratorie
688 3439 1044 3522 Theophanes
1065 3439 1396 3522 Gregorium
1423 3440 1574 3522 citat.

493 3508 605 3580 (59)
634 3506 884 3580 Corporis
907 3506 1210 3564 crassitieni
1243 3513 1590 3566 contraxisse.
1620 3508 1777 3564 Multi
1810 3509 1998 3567 Patres

417 3578 704 3648 utriusque
739 3578 935 3662 lingua:
962 3580 1228 3661 ejusmodi
1271 3581 1723 3662 verbisntuntur,
1759 3596 1886 3662 cum
1932 3580 2001 3636 de

417 3662 649 3718 corpore
675 3649 834 3718 primi
869 3649 1103 3704 hominis
1123 3664 1430 3705 sermonem
1461 3651 1683 3716 habent,
1726 3651 1924 3718 quibus
1946 3659 2002 3704 et

414 3716 903 3789 bic’Thenphanes
941 3737 954 3773 :
998 3721 1089 3789 qui
1127 3729 1303 3789 tamen
1341 3730 1484 3775 recte
1521 3716 1998 3789 suntexplicandi.

415 3787 657 3859 Chorum
700 3787 874 3859 ducat
925 3787 1090 3859 Grég.
1146 3787 1401 3844 Nazianz.
1457 3790 1549 3858 qui
1591 3787 1848 3851 orat."27,
1881 3805 2000 3858 qua:

415 3860 590 3912 estde
611 3857 860 3921 Nativit.,
887 3860 974 3913 ubi
1011 3857 1132 3914 cum
1167 3862 1232 3912 de
1271 3857 1512 3929 pelliceis
1546 3860 1767 3922 tunicis,
1801 3857 2002 3929 quibus

413 3929 1356 3999 primosparentespostpeccatum
1393 3929 1640 3985 amicivit
1695 3931 1854 3992 Deus,
1919 3930 2000 3984 sic

415 3999 495 4051 ait
527 4014 541 4049 :
602 4000 715 4052 Kal
746 3998 847 4068 τοῦ
874 3997 1125 4052 oausam
1159 4000 1258 4060 τὴν
1287 3999 1488 4052 κακίαν
1534 4000 1813 4068 ἑξόριστος
1847 3999 2001 4067 γίνε-

412 4079 526 4138 ται,
548 4069 644 4121 καὶ
674 4067 803 4130 τοὺς
825 4067 1565 4138 δερματίνους.ἀμφιέννυται
1587 4067 1848 4138 χιτῶνας,
1870 4069 2000 4138 ἴσως

413 4137 514 4205 τὴν
533 4137 1048 4209 παχυτέρανᾷσάρκα
1064 4139 1182 4209 ,καὶ
1200 4137 1432 4209 θνητὴν,
1445 4141 1538 4192 καὶ
1555 4137 1870 4193 ἀντίτυπον.
1888 4137 2002 4192 Hoc

414 4217 502 4276 est
529 4207 824 4276 interprete
847 4207 1032 4263 Billio:
1051 4207 1118 4260 Et
1155 4208 1216 4262 ab
1245 4207 1482 4272 ἕρδοι)εο
1499 4221 1710 4276 promer
1731 4219 2002 4275 peccatum

416 4275 970 4347 Ada_mus"e;rpellitur
1016 4289 1060 4332 et
1111 4279 1352 4347 pelliceas
1399 4275 1607 4333 tunicas
1649 4281 1845 4342 induit,
1903 4279 2001 4330 hoc

417 4354 494 4398 est
515 4345 767 4413 [or-tussi,
791 4345 1119 4402 crassiorem
1135 4364 1366 4414 carnem,
1385 4357 1433 4403 et
1457 4351 1755 4414 mortalem,
1795 4360 1839 4401 et
1863 4350 2000 4400 renio

2109 3161 2392 3214 censuisse
2446 3175 2644 3227 corpus
2698 3161 2864 3213 Adam
2909 3161 3134 3213 alterius
3180 3161 3465 3229 cujusdam
3515 3161 3667 3218 fuisse

2105 3229 2458 3298 conditionis,
2487 3245 2650 3298 quam
2682 3245 2830 3285 nunc
2859 3231 2949 3284 sit.
2978 3231 3120 3284 Idem
3139 3230 3667 3298 videtursigniticare

2105 3297 2323 3353 Nicetas
2347 3297 2400 3352 in
2429 3297 2722 3354 comment.
2768 3304 2822 3353 in
2867 3312 3005 3354 orat.
3060 3301 3376 3369 prardictam
3421 3297 3662 3356 Nasutus.

2105 3369 2194 3423 ubi
2229 3370 2411 3440 plures
2430 3369 2662 3423 aﬂ'ereus
2719 3370 3049 3440 intelligendi
3082 3370 3300 3440 modos,
3336 3373 3476 3440 tiuod
3507 3373 3661 3426 Adam

2105 3439 2278 3493 nudus
2303 3439 2483 3494 dictus
2511 3451 2694 3504 esset,
2735 3439 2802 3494 ad
2833 3443 2944 3494 haec
2975 3439 3256 3508 subjungit
3290 3459 3302 3494 :
3332 3439 3522 3495 Nudus
3541 3454 3660 3505 erat,

2104 3523 2205 3561 non
2245 3517 2299 3562 ut
2341 3510 2522 3563 carnis
2589 3519 2638 3562 et
2679 3511 2911 3574 corporis
2975 3525 3177 3573 expers,
3231 3525 3409 3562 verum
3458 3520 3510 3562 ut
3557 3526 3660 3564 eam

2104 3586 2513 3644 temperaturam
2549 3594 2652 3632 non
2681 3579 2898 3643 habens,
2945 3595 3063 3646 quo:
3111 3581 3424 3633 crassiorem
3465 3597 3658 3633 (ornent

2103 3646 2362 3717 redderet,
2410 3665 2472 3701 ac
2528 3651 2809 3702 contrariis
2878 3657 2926 3702 et
2973 3649 3284 3716 perniciosis
3332 3649 3657 3717 qualitatibus

2103 3716 2409 3787 distractam
2444 3728 2596 3787 atque
2620 3718 2920 3783 divulsam;
2946 3718 3103 3786 plane
3145 3720 3287 3772 enim
3338 3716 3412 3772 ita
3475 3723 3656 3773 vivebat

2102 3798 2159 3838 ut
2189 3785 2396 3855 bonam
2443 3785 2799 3840 habitudinem
2847 3785 3140 3842 naturalem
3173 3788 3276 3855 ipsi
3328 3790 3658 3842 essentialiter

2105 3853 2332 3909 inditam
2365 3856 2775 3925 haudquaquam
2819 3857 3026 3926 efﬂaret
3049 3897 3065 3921 ,
3097 3853 3277 3911 rerum
3316 3861 3488 3911 eodem
3520 3866 3656 3912 modo

2103 3941 2158 3978 se
2204 3941 2406 3997 semper
2448 3927 2678 3992 haberet,
2725 3926 2918 3996 absque
2985 3929 3133 3995 fluxu
3164 3939 3321 3997 atque
3362 3929 3653 3996 inﬂuxione,

2104 3995 2476 4065 continuaque,
2520 3998 2586 4048 ad
2629 3995 2904 4064 utrumque
2947 3997 3133 4049 horum
3177 3995 3459 4050 secundum
3502 3999 3655 4066 quali-

2105 4074 2274 4118 tatum
2304 4066 2738 4128 dominationem,
2787 4068 3118 4120 alteratione.
3148 4066 3273 4120 Haec
3315 4067 3543 4131 Nicetas,
3571 4067 3650 4135 qui

2106 4135 2320 4188 videtur
2348 4135 2631 4190 admittere
2650 4135 2809 4188 aliam
2835 4146 3256 4205 temperaturam
3284 4139 3520 4204 corporis
3538 4149 3652 4189 ante

2101 4214 2408 4272 peccatum,
2435 4221 2664 4273 eamque
2709 4205 2784 4258 illi
2825 4205 3185 4260 essentialiter
3229 4207 3474 4260 inditam.
3525 4206 3642 4259 Gre-

2104 4274 2734 4345 gor.Nysseuusiisdem
2791 4290 2925 4344 pene
2982 4277 3152 4329 utitur
3225 4276 3406 4330 verbis
3450 4290 3512 4330 ac
3565 4289 3649 4327 no-

2108 4354 2242 4414 siler,
2296 4347 2388 4399 sed
2415 4359 2478 4398 ea
2545 4345 2843 4400 referemus
2901 4346 3235 4400 commodius
3309 4346 3463 4414 paulo
3522 4356 3646 4413 post.

417 4427 640 4487 t_entem;
663 4431 822 4484 quem
856 4418 1030 4487 locum
1070 4417 1253 4482 refert,
1279 4428 1332 4473 et
1354 4413 2004 4487 interpretaturJoannes
2032 4427 2081 4486 ι)
2113 4413 2636 4487 Theophanesvero
2663 4415 2851 4487 aliusa
2883 4424 3089 4487 nostro,
3131 4413 3235 4487 hoc
3285 4425 3367 4470 est
3403 4414 3602 4487 Nicanm
3630 4453 3647 4478 ,

418 4482 935 4557 Zonaras'iu__cau.
975 4486 1076 4540 125
1106 4489 1317 4541 concilii
1344 4482 1597 4557 Carthag.
1639 4504 1745 4556 quo
1798 4503 2004 4542 canone

418 4555 710 4625 anathema
740 4554 960 4625 Adicitur
1031 4557 1085 4609 in
1116 4571 1209 4610 eos
1269 4558 1359 4624 qui
1386 4554 1572 4611 dicant
1610 4554 1669 4612 et
1719 4568 1906 4625 putent
1931 4559 2004 4612 ita

415 4624 693 4679 hominem
733 4621 934 4678 factum
993 4640 1111 4679 esse
1167 4621 1448 4680 mortalem
1489 4638 1547 4679 ut
1577 4628 1692 4680 sive
1719 4621 2005 4695 pecu-sset

413 4696 532 4750 sive
574 4709 678 4748 non
723 4704 869 4749 esset
898 4697 948 4748 in
975 4710 1201 4764 corpore
1238 4697 1553 4759 moriturus,
1597 4698 1653 4750 id
1698 4705 1800 4758 est,
1829 4711 1858 4749 e
1886 4713 2005 4750 cor-

415 4779 546 4834 pore
575 4779 921 4831 excessurus,
957 4781 1061 4819 non
1099 4777 1317 4834 propter
1351 4767 1600 4818 meritum
1645 4765 1871 4834 peccati,
1908 4767 2004 4821 sed

418 4851 512 4902 per
547 4845 752 4888 natura:
790 4838 1188 4892 necessitatem.
1217 4834 1308 4903 Sic
1333 4837 1514 4903 igitur
1533 4835 1775 4890 Zonaras
1803 4837 1855 4887 in
1879 4851 2002 4889 eum

337 4953 370 4977 τ’
415 4901 592 4977 locum
619 4918 638 4977 :_
671 4905 791 4977 Κᾶν
836 4907 945 4977 γὰρ
982 4906 1162 4976 σάρκα
1205 4902 1296 4959 καὶ
1327 4901 1446 4958 τοτε
1472 4901 1616 4974 εἶχεν
1644 4908 1672 4957 ὁ
1697 4904 2000 4977 ἄνθρωπος,

415 4973 534 5029 ἀλλ’
584 4974 687 5044 ,οὐχ
738 4971 856 5028 οἷαν
896 4971 1184 5042 νῦν,’καὶ
1235 4977 1395 5028 τοῦτό
1455 4971 1620 5044 φησιν
1671 4977 1699 5027 ό
1755 4971 2003 5040 θεολό,ος

415 5043 762 5122 Γτρτλγόριοί
794 5047 1008 5122 λέγων]
1071 5047 1207 5122 Τοὺς
1264 5047 1320 5098 δὲ
1371 5043 1728 5122 δερματίνους
1775 5046 2004 5122 ἀμφίενς-

415 5113 573 5187 mar;
614 5113 918 5187 χιτῶνας,
962 5115 1088 5178 ἴσως
1141 5118 1239 5187 τὴν
1282 5113 1598 5186 παχυτέραν
1648 5113 1850 5185 σάρκα,
1907 5117 2002 5168 καὶ

417 5186 640 5254 θνητὴν,
678 5189 770 5237 καὶ
801 5185 1303 5255 ἀντίτυπονςίὶστε
1335 5189 1442 5255 πρὸ
1486 5185 1587 5254 τῆς
1636 5187 2002 5255 παραϐάσεως

414 5252 542 5310 οὒτε
576 5252 750 5327 οῦτως
783 5257 1070 5326 παχυτέρα
1111 5252 1180 5327 ἦν
1231 5258 1287 5327 ἠέ
1323 5252 1460 5326 σὸζρξ
1497 5252 1576 5327 τῷ
1626 5252 1835 5324 Ἄδαμ,
1877 5257 2001 5308 οὔτε

417 5328 578 5397 φύσει
611 5326 804 5396 θνητή.
864 5326 1186 5379 Nimirum:
1239 5326 1358 5380 Etsi
1415 5326 1556 5380 enim
1607 5341 1815 5379 carnem
1877 5336 2001 5379 tunc

414 5413 616 5468 quoque
678 5398 896 5468 habebat
955 5399 1140 5468 homo,
1197 5402 1285 5468 sed
1356 5414 1460 5450 non
1531 5397 1741 5468 qualem
1831 5411 1999 5468 nunc;

415 5465 464 5524 et
495 5472 588 5520 hoc
646 5468 770 5520 dicit
842 5465 997 5536 (ἶνες.
1078 5465 1363 5536 Theologus
1437 5483 1554 5520 cum
1634 5467 1758 5518 dicit
1793 5465 2001 5518 τρίαι-

420 5556 541 5596 ceus
617 5554 817 5608 quoque
865 5551 1026 5590 restes
1068 5537 1261 5598 induit,
1320 5539 1454 5604 forte
1509 5538 1796 5590 densiotcm
1875 5552 1998 5588 car-

424 5626 560 5668 nem,
611 5622 654 5659 et
739 5608 1030 5671 mortalem,
1093 5618 1141 5660 et
1214 5610 1554 5660 resistentem.
1629 5609 1805 5670 Quare
1877 5617 1999 5658 aute

432 5678 916 5749 transgresiimtem,
967 5693 1057 5735 nec
1115 5679 1274 5735 densa
1327 5688 1436 5734 erat
1472 5693 1593 5733 caro
1651 5683 1764 5732 Atta
1825 5693 1863 5746 ι,
1908 5693 1996 5730 nec

2108 4486 2267 4551 epist.
2290 4485 2346 4554 ὅ,
2365 4499 2429 4538 ex
2466 4485 2530 4538 iis
2548 4499 2666 4553 quae
2683 4485 2850 4538 edidit
2871 4484 3168 4554 Consalvus
3193 4483 3371 4540 Ponce
3402 4485 3647 4538 hominem

2108 4563 2348 4607 creatum
2379 4569 2409 4608 a
2441 4555 2568 4615 Deo,
2599 4563 2655 4607 ut
2676 4554 2903 4623 alterum
2953 4553 3200 4623 angelum
3237 4555 3387 4617 dicit,
3421 4556 3570 4622 idque
3589 4568 3647 4605 es

2107 4624 2251 4694 dicto
2283 4625 2521 4694 ejusdem
2553 4623 2712 4692 Greg.
2756 4622 3012 4693 Theologi
3034 4622 3067 4681 7:
3105 4623 3264 4676 Ἐπεὶ
3292 4626 3400 4694 γὰρ
3437 4623 3647 4694 ἄγγελον

2109 4692 2266 4746 ἄλλον
2297 4692 2388 4764 ἐπὶ
2415 4697 2512 4762 τῆς
2539 4697 2640 4764 γῆς
2661 4697 2688 4747 ὁ
2705 4692 3048 4764 Δημιουργὸς
3077 4694 3170 4746 τὸν
3196 4692 3478 4763 ἄνθρωπον
3494 4692 3646 4764 ἐπλαο

2109 4779 2222 4828 σεν,
2278 4763 2418 4816 ὥστε
2459 4762 2604 4816 κατὰ
2631 4764 2722 4816 τὸν
2772 4762 3031 4832 μέγιστον
3069 4765 3127 4815 ὲν
3175 4762 3472 4831 θεολογίαις
3517 4762 3646 4831 Γρη-

2111 4834 2294 4903 γόριον
2331 4835 2406 4904 μὴ
2435 4836 2547 4904 τοῖς
2589 4834 2700 4904 ἀνω
2727 4835 2887 4903 μόνον
2923 4835 3022 4904 τὴν
3088 4834 3458 4903 προσκύνησιν
3505 4847 3643 4901 περιρ

2106 4899 2414 4972 γρᾶφεσθαι
2472 4903 2588 4956 ἀλλ’
2620 4899 2759 4955 εἷναί
2799 4921 2950 4966 τινας
2973 4899 3068 4958 καὶ
3085 4899 3235 4970 κᾲτω
3261 4899 3638 4972 προσκυνητὰς,

2107 4973 2192 5024 ἵνα
2222 4973 2482 5044 πληρωθῇ
2537 4974 2609 5044 τάν
2659 4973 2837 5026 πάντα
2884 4974 3040 5042 δόξης
3065 4974 3160 5026 τοῦ
3198 4976 3353 5044 Θεοῦ.
3400 4974 3522 5037 Quae
3572 4972 3642 5044 sic

2109 4990 2192 5024 ινα
2222 4990 2482 5044 πληρωυῃ
2537 4990 2606 5025 τα
2659 4990 2837 5026 παντα
2884 4990 3040 5042 οοςης
3065 4991 3160 5026 του
3198 4990 3353 5028 οεου.
3400 4990 3522 5037 una:
3572 4990 3638 5024 sic

2107 5045 2495 5112 interpretatur
2565 5043 2704 5098 idem
2765 5045 3064 5098 Consalvus
3113 5062 3126 5098 :
3184 5043 3473 5112 Postquam
3517 5041 3638 5093 enim

2107 5111 2297 5182 Opifea;
2348 5114 2590 5183 angelum
2646 5113 2890 5178 alterum,
2924 5114 3186 5167 hominem
3221 5111 3398 5180 nempe
3428 5127 3454 5165 e
3497 5121 3637 5183 terra

2103 5180 2372 5249 formarit,
2409 5180 2470 5236 ne
2493 5185 2736 5236 adoratio
2783 5194 2829 5253 et
2859 5183 3030 5238 cultus
3059 5193 3138 5253 (ut
3187 5185 3443 5236 maximus
3494 5180 3639 5253 Tlteo-

2104 5248 2253 5320 logus
2287 5253 2570 5323 Gregorius
2604 5255 2700 5320 ait)
2726 5252 2855 5306 ca'lo
2881 5248 3272 5321 circumscripta
3297 5263 3446 5313 esset,
3466 5251 3548 5323 sed
3566 5248 3638 5315 [o-

2103 5331 2218 5375 rent
2247 5340 2348 5377 non
2379 5322 2549 5376 minus
2581 5325 2889 5377 adoratores
2920 5329 2971 5376 in
3003 5325 3181 5387 terris,
3214 5331 3269 5375 ut
3303 5326 3470 5376 omnia
3498 5322 3635 5388 plena

2101 5403 2269 5446 essent
2289 5395 2456 5462 gloria
2488 5393 2605 5446 Dei.
2633 5395 2755 5446 llaec
2786 5394 3030 5462 Theoph.
3049 5391 3253 5448 Νιρωιι.
3279 5391 3447 5446 Locus
3473 5400 3633 5442 autem

2102 5463 2414 5532 Greg.l\'az.
2442 5473 2525 5517 est
2554 5479 2618 5516 ex
2664 5474 2810 5532 orat.
2871 5465 3016 5518 dicm
3068 5467 3135 5519 de
3185 5463 3362 5517 Nativ.
3407 5462 3630 5532 idemque

2105 5529 2297 5601 repetit
2318 5550 2399 5586 or.
2432 5534 2466 5586 5
2491 5538 2555 5586 de
2577 5533 2634 5588 S.
2655 5531 2883 5599 Pascha,
2907 5543 2962 5588 et
2992 5536 3044 5588 in
3068 5549 3236 5588 carni.
3256 5537 3320 5586 de
3334 5529 3629 5601 laud.V_irg.:

2103 5599 2450 5675 Τερπόμενον
2481 5603 2526 5675 τ’
2554 5603 2793 5673 ἕργοισ.ν
2827 5607 3002 5673 ἐμοῖς,
3037 5606 3130 5656 καὶ
3161 5607 3419 5675 ὲχέιρρο.α
3441 5599 3630 5675 titiam

2103 5668 2402 5744 milewV,
2439 5668 2668 5744 χθονίων
2695 5689 2750 5727 τε
2789 5668 2930 5744 μὲἢα
2958 5668 3626 5746 κράτοςίᾶγξελοναλλον.
