3974 6200
316 357 418 421 505
1669 357 2005 420 IIOMILIA
2043 358 2255 422 XXIV.
3480 362 3585 425 506

325 469 486 524 Ἀλλὰ
530 469 625 523 καὶ
663 471 695 540 ὴ
739 469 834 522 τοῦ
876 469 1158 536 Μωῦσέως
1208 471 1266 526 ἐν
1307 470 1387 542 τῷ
1433 471 1634 544 Σιναίῳ
1673 473 1899 544 νηστεία

2012 475 2245 540 sionum,
2306 489 2468 544 quam
2524 475 2696 529 sancti
2752 476 2964 531 virtutis
3019 474 3410 530 exercitatione
3459 477 3586 528 sunt

313 561 586 617 τοσούτων
619 562 849 634 ἡμερῶν
890 564 1128 636 περιόδῳ
1164 565 1470 637 ὴρίθμητο,
1504 565 1594 620 ὅτε
1633 566 1734 630 τὰς
1775 566 1895 620 θεο-

2012 569 2314 634 consecuti;
2354 583 2626 637 quamque
2674 568 2774 637 ipsi
2831 570 2992 624 veluti
3056 570 3220 632 viam,
3280 584 3403 623 cum
3459 577 3589 622 ante

314 655 558 724 γράφους
602 655 816 718 πλάκας
865 656 1108 723 ἐδέξατο.
1159 656 1226 712 Αἰ
1276 658 1651 729 συντριϐεῖσαι
1689 661 1755 730 τῇ
1799 657 1895 713 τοῦ

2012 659 2322 724 calcassent,
2368 659 2553 712 tritam
2586 660 2940 729 sequentibus
2994 659 3372 714 reddiderunt.
3419 658 3525 713 Sed
3553 674 3584 714 a

312 747 446 801 λαοῦ
502 748 886 819 πλημμελείᾳ,
939 751 1042 802 οὐκ
1093 750 1160 804 ἂν
1211 751 1343 815 ῐσως
1395 751 1894 823 ἀναχαράχθησαν,

314 839 365 890 εί
415 839 492 908 μὴ
536 839 764 909 νηστεία
817 838 1125 910 ἰσαρίθμων
1173 841 1398 912 ἡμερῶν
1443 841 1784 911 ἐμεσίτευσε.
1830 841 1898 895 Τί

313 926 380 996 δὴ
410 925 503 978 τοῦ
540 927 811 998 συμϐόλου
846 927 1174 998 μηνύοντος;
1227 929 1446 1000 Ἐπειδὴ
1473 929 1566 984 τὸν
1594 931 1760 999 νόμον
1786 931 1898 986 τῶν

314 1017 554 1071 ἐντολῶν
607 1017 697 1071 διὰ
750 1019 852 1089 τῆς
917 1019 1197 1089 ἁμαρτίας
1245 1020 1414 1074 οἱονεὶ
1466 1022 1899 1092 συνετρίψαμεν,

314 1109 372 1162 δε
389 1109 554 1178 ”μεθα
591 1110 692 1180 τῆς
743 1111 1005 1180 νηστείας
1054 1110 1166 1165 τῶν
1215 1112 1630 1182 τεσσαράκοντα
1674 1114 1901 1185 ἡμερῶν

311 1202 397 1263 είς
423 1201 488 1254 τὸ
518 1197 679 1265 αὖθις
726 1202 894 1257 αὑτὸν
927 1204 1279 1274 ἐγγραφῆναι
1327 1206 1387 1258 ἐν
1429 1208 1550 1267 ταῖς
1599 1206 1762 1271 πλαξὶ
1791 1207 1902 1261 τῶν

314 1293 558 1363 καρδιῶν
589 1293 770 1365 ἡμῶν,
807 1293 894 1348 ἴνα
942 1296 1008 1348 ὲκ
1044 1294 1157 1348 τῶν
1188 1295 1466 1366 λογισμῶν
1496 1297 1769 1370 ἀφανισθῇ
1800 1301 1902 1368 τῆς

311 1386 600 1456 ἁμαρτίας
627 1388 689 1440 τὸ
718 1388 959 1442 είδωλον.
997 1387 1055 1441 '0
1083 1389 1142 1442 δὲ
1185 1389 1371 1452 Ἠλίας
1397 1392 1424 1443 6
1459 1390 1711 1462 ζηλωτὴς
1755 1395 1903 1446 ἐκεῖ·

312 1493 428 1540 νος,
458 1477 536 1540 ὡς
579 1478 876 1549 ἀκούομεν,
915 1481 944 1532 6
975 1478 1076 1550 τὴν
1117 1479 1424 1550 παράδοξον
1461 1479 1656 1533 Θυσίαν
1687 1483 1902 1551 ἱερουρ-

2000 749 2187 819 Moyse
2241 749 2294 804 in
2330 748 2485 804 Sinai
2539 760 2722 805 monte
2767 749 3036 818 jejunium
3088 752 3314 804 totidem
3373 750 3585 804 dierum

2002 853 2228 894 numero
2255 848 2531 908 peractum
2563 846 2664 902 est,
2682 853 2803 893 cum
2836 838 3048 892 tabulas
3073 838 3328 892 divinitus
3353 836 3586 904 scriptas

2003 932 2234 1001 accepit.
2265 932 2396 998 Quae
2421 942 2645 1002 propter
2675 931 2859 1001 populi
2911 929 3170 986 delictum
3226 929 3412 983 fractas
3445 943 3588 981 nun-

2003 1041 2165 1096 quam
2190 1029 2386 1081 iterum
2415 1027 2746 1094 consignatae
2760 1035 2966 1092 essent,
2987 1023 3091 1078 nisi
3127 1022 3348 1076 totidem
3377 1021 3582 1076 dierum

1999 1120 2264 1190 jejunium
2314 1118 2740 1174 intercessisset.
2783 1117 2919 1184 Quid
2967 1125 3148 1170 autem
3185 1115 3289 1169 boc
3322 1101 3589 1183 symbolo

2003 1210 2353 1269 ostenditur?
2375 1209 2643 1276 Quoniam
2668 1216 3060 1280 praeceptorum
3087 1208 3243 1278 157
3263 1207 3434 1274 legem
3460 1221 3590 1276 pec-

2005 1303 2179 1359 cando
2193 1303 2346 1373 quasi
2367 1303 2738 1368 contrivimus,
2758 1301 3114 1372 quadraginta
3141 1301 3350 1354 dierum
3377 1297 3590 1369 jejunio

2005 1411 2142 1466 opus
2172 1396 2438 1450 habemus
2467 1395 2533 1449 ad
2557 1409 2678 1449 eam
2712 1393 2908 1449 iterum
2955 1392 3156 1447 tabulis
3191 1392 3372 1446 cordis
3415 1389 3590 1444 nostri

2009 1489 2439 1553 inscribendam,
2470 1501 2530 1542 ut
2575 1487 2780 1556 peccati
2824 1485 3024 1540 idolum
3063 1501 3092 1538 a
3137 1493 3318 1539 mente
3343 1492 3397 1538 et
3439 1480 3591 1549 cegi-

314 1567 520 1636 γήσας,
551 1568 646 1618 καὶ
673 1569 804 1630 τοὺς
833 1568 1001 1638 ἱερεῖς
1035 1568 1136 1637 τῆς
1176 1567 1445 1640 αίσχύνης
1462 1570 1902 1640 προσεπιθύσας,

2012 1582 2214 1638 latione
2262 1590 2446 1636 nostra
2509 1580 2728 1649 penitus
2773 1586 3111 1632 amoveatur.
3154 1576 3271 1630 .Iam
3322 1575 3468 1630 Elias
3501 1572 3594 1626 ille

312 1662 344 1714 6
402 1661 538 1732 πυρὶ
576 1660 818 1732 οὐρανίῳ
865 1664 1172 1732 πανστρατὶ
1217 1663 1342 1726 τοὺς
1393 1665 1903 1736 πεντηκοντάρχους

2012 1675 2230 1740 zelotes,
2257 1683 2315 1726 ut
2342 1673 2672 1742 accepimus.
2702 1671 2793 1740 qui
2816 1669 3192 1724 admirandum
3217 1666 3342 1720 illud
3390 1673 3445 1720 et
3479 1680 3586 1719 non

309 1753 739 1823 ἁποτεφρὼσας,
781 1756 810 1806 6
848 1753 992 1824 λόγῳ
1041 1754 1191 1824 μόνῳ
1248 1756 1476 1829 κλεῖθρα
1533 1758 1746 1822 ἐπιθεὶς
1784 1760 1903 1821 ταῖς

2012 1771 2270 1826 usitatum
2301 1766 2629 1822 sacriﬁcium
2672 1765 2890 1828 obtulit,
2917 1773 2972 1816 et
3015 1763 3326 1818 sacerdotes
3371 1759 3595 1826 insuper

310 1846 603 1916 οὐρανίαις
642 1847 918 1916 νεφέλαις,
963 1849 1056 1903 καὶ
1089 1849 1251 1902 πλέον
1287 1850 1539 1920 τριετοῦς
1570 1853 1767 1923 χρόνου
1801 1852 1902 1923 τὴν

2012 1861 2274 1916 dedecore
2303 1858 2533 1914 affectos
2561 1857 2950 1922 immolavit";
2983 1855 3073 1924 qui
3101 1849 3594 1924 pentecontat’chos

308 1937 421 2007 γῆν
451 1938 640 2010 αἰχμῷ
669 1939 972 2010 βασανίσας
993 1981 1008 2006 ,
1040 1941 1069 1992 6
1098 1944 1164 2012 τῇ
1192 1942 1456 2014 ξενοδόχῳ
1484 1944 1772 2016 Σαραφθίᾳ
1801 1946 1902 2014 τὴν

308 2029 430 2084 τῶν
469 2031 711 2101 ἀλφίτων
741 2032 920 2103 δράκα
974 2035 1204 2104 ταμεῖον
1232 2035 1510 2104 ἀμείωτον
1543 2039 1900 2106 παρασκευά-

311 2137 441 2186 σας,
477 2123 572 2174 καὶ
607 2121 701 2175 τοῦ
738 2121 922 2175 ἐλαίου
959 2122 1062 2190 τὴν
1095 2121 1333 2192 λήκυθον
1373 2122 1589 2194 ἄληκτα
1629 2123 1901 2192 πηγάζειν

308 2212 584 2281 ποιήσας,
634 2213 663 2264 6
695 2211 776 2282 τῷ
818 2211 1144 2282 τεθνήξαντι
1197 2211 1350 2265 παιδὶ
1392 2212 1480 2266 διὰ
1525 2213 1620 2266 τοῦ
1673 2213 1900 2284 τρισσοῠ

305 2304 720 2373 ἔμφυσήματος
750 2302 850 2374 τὴν
874 2303 1020 2373 ζωὴν
1047 2303 1441 2374 χαρισάμενος,
1468 2306 1498 2358 6
1521 2305 1584 2359 τὸ
1609 2306 1902 2377 ἁείρῤυτον

305 2395 414 2450 τοῦ
478 2397 746 2468 Ἰορδάνου
807 2397 1024 2468 ῥεῖθρον
1086 2399 1153 2468 τῇ
1210 2398 1437 2470 μηλωτῇ
1497 2399 1706 2470 στήσας
1735 2439 1751 2462 ,
1807 2400 1902 2452 καὶ

305 2493 482 2545 ποσὶν
509 2490 767 2561 ἀϐρὸχοις
810 2489 1177 2561 διαπεράσας,
1223 2493 1252 2544 6
1282 2492 1498 2564 πυρίνῳ
1532 2492 1741 2562 ἅρματι
1771 2494 1903 2546 ἀνα-

304 2583 546 2655 ληφθεὶς
572 2585 652 2646 είς
680 2583 898 2655 αἰθέρα,
936 2583 1032 2637 καὶ
1058 2583 1256 2655 διπλὴν
1282 2584 1362 2654 τῷ
1405 2584 1699 2654 Ἐλισσαίῳ
1723 2603 1905 2658 παραυ

309 2673 469 2746 σχὼν
498 2675 598 2744 τὴν
621 2676 783 2745 χάριν
816 2673 913 2728 τοῦ
942 2675 1086 2729 Πνεύ
1095 2691 1288 2744 ματος.
1310 2667 1484 2738 Οὗτος
1509 2675 1693 2729 τοίνυν
1718 2675 1748 2728 6
1773 2692 1902 2730 τοσ-

304 2769 502 2832 ούτοις
542 2769 826 2835 δοξασθεὶς
877 2767 1300 2840 κατορθώμασι,
1337 2769 1468 2839 μιᾶς
1512 2767 1774 2838 γυναικὸς
1807 2768 1904 2838 ὀρ-

302 2862 424 2932 γὴν
455 2861 556 2932 οὐχ
589 2862 922 2933 ὑπήνεγκεν,
952 2861 1091 2915 ἀλλὰ
1125 2861 1560 2932 κατοῤῥωδησας
1583 2859 1686 2932 τῆς
1729 2858 1904 2924 Ἰεζά-

304 2955 416 3009 σελ
462 2954 566 3026 τὴν
610 2953 866 3025 ἀπειλὴν,
910 2952 1130 3023 φεύγων
1161 2952 1334 3023 ᾤχετο
1365 2951 1670 3022 πεφρικὼς,
1704 2951 1808 3006 οὐκ
1837 2951 1905 3007 ἂν

303 3047 416 3102 τοῦ
467 3047 526 3125 εξ
569 3047 742 3117 αὐτῆς
770 3046 1144 3118 ἠπειλημένου
1180 3045 1415 3100 θανάτου
1442 3044 1549 3111 ἔξω
1582 3045 1902 3116 γενόμενος,

305 3141 365 3193 εἰ
437 3137 513 3210 μὴ
589 3138 864 3208 ἐχρήσατο
935 3139 1002 3208 τῇ
1084 3135 1659 3206 τεσσαρακονθημέρῳ
1728 3138 1901 3206 φυγῇ.

311 3208 521 3302 ’Δθρει
550 3229 616 3309 δὴ
644 3229 811 3283 πάλιν
848 3230 924 3298 πῆ
962 3247 1023 3282 σε
1058 3229 1229 3298 φέρον
1250 3227 1375 3296 ἄγει
1406 3226 1469 3280 τὸ
1499 3226 1702 3296 νόημα.
1739 3225 1908 3292 Ἰεζά-
1937 3208 1981 3266 θ

308 3322 418 3376 δελ
455 3320 690 3384 πένθους
724 3321 878 3391 ἰσχὺς
903 3319 1292 3390 ἑρμηνεύεται,
1325 3317 1480 3388 δηλοῖ
1503 3316 1561 3371 δὲ
1591 3317 1689 3389 τὴν
1721 3318 1906 3391 ἀμαρ-

308 3414 466 3481 τίαν,
487 3413 588 3487 τὴν
611 3413 674 3467 τὸ
705 3415 926 3485 ίσχυρὸν
949 3414 1146 3476 πένθος
1176 3412 1547 3484 προξενοῦσαν
1575 3414 1689 3475 τοῖς
1717 3412 1906 3483 ἅμαρ-

308 3509 547 3563 τὰνουσι
566 3524 581 3538 ·
605 3507 810 3578 ταύτην
843 3506 1176 3562 ἀπειλοῦσαν
1197 3507 1278 3578 τῷ
1299 3505 1520 3578 ψυχικῷ
1547 3507 1698 3577 ἡμᾶς
1724 3523 1906 3577 παρα-

2011 1971 2132 2011 cum
2160 1955 2413 2008 universo
2444 1951 2685 2008 exercitu
2716 1950 2922 2018 redegit
2954 1950 3008 2002 in
3045 1947 3322 2010 cinerem;
3363 1943 3452 2014 qui
3479 1942 3598 1999 solo

2010 2049 2174 2102 verbo
2206 2045 2441 2100 nubibus
2483 2043 2604 2098 εαξη
2643 2042 2851 2097 obdidit
2898 2039 3135 2103 seras“,
3177 2047 3232 2092 et
3265 2037 3438 2091 tribus
3469 2050 3587 2088 am-

2011 2137 2150 2207 plius
2180 2134 2336 2188 annis
2369 2132 2618 2187 siccitate
2669 2139 2869 2184 terram
2921 2127 3110 2182 afﬂixit
3135 2127 3221 2191 ²¹;
3255 2126 3346 2194 qui
3374 2123 3503 2178 fecit
3539 2131 3598 2176 ut

2016 2225 2246 2297 hospita
2277 2227 2594 2293 Sareptanze
2651 2221 2888 2291 pugillus
2942 2220 3133 2274 farina:
3185 2233 3382 2286 penum
3435 2218 3594 2270 inex-

2013 2322 2288 2382 haustum,
2313 2327 2366 2372 et
2392 2316 2636 2386 lccythus
2665 2315 2769 2368 olei
2804 2313 2924 2367 fons
2955 2312 3210 2382 perennis
3247 2310 3502 2365 evaderet
3517 2311 3592 2376 '3;

2012 2413 2102 2483 qui
2133 2410 2461 2464 exstinctum
2490 2421 2717 2476 puerum
2767 2403 2964 2473 triplici
3019 2401 3260 2456 inhalato
3290 2401 3482 2470 spiritu
3511 2417 3598 2456 re-

2015 2500 2233 2555 vocavit
2259 2499 2328 2552 ad
2357 2499 2522 2552 vitam
2540 2496 2609 2562 “,
2642 2496 2733 2566 qui
2771 2494 3065 2562 irrequieta
3117 2493 3313 2547 ﬂuenta
3345 2491 3597 2546 Jordauis

2011 2591 2211 2647 melote
2251 2589 2572 2650 constravit,
2601 2597 2658 2642 et
2699 2586 2846 2641 sicco
2877 2585 3012 2654 pede
3059 2583 3462 2648 transmisit";
3503 2581 3598 2650 qui

2014 2685 2172 2754 igneo
2199 2697 2364 2737 curru
2387 2679 2633 2736 sublatus
2648 2679 2802 2733 estin
2821 2677 3039 2742 emtum,
3057 2684 3113 2730 et
3138 2675 3330 2729 Elisxu
3351 2674 3596 2743 duplica-

2015 2785 2123 2831 tam
2157 2773 2398 2842 Spiritus
2433 2770 2664 2842 gratiam
2692 2769 2921 2840 largitus
2957 2777 3040 2824 est
3057 2770 3138 2836 ¹⁶;
3170 2767 3257 2823 hic
3291 2767 3473 2837 igitur,
3501 2767 3593 2836 qui

2015 2869 2183 2922 tantis
2237 2864 2574 2921 facinoribus
2627 2870 2832 2916 tantam
2869 2861 3093 2931 gloriam
3129 2860 3232 2915 sibi
3285 2869 3593 2929 pepererat,

2015 2961 2176 3014 unius
2230 2957 2478 3013 mulieris
2529 2971 2634 3010 non
2689 2954 2948 3010 sustinuit
2978 2954 3141 3020 iram,
3189 2953 3284 3008 sed
3330 2949 3597 3006 Jezabelis
3645 3023 3648 3026 γ

2014 3051 2408 3122 pertimescens
2437 3047 2634 3114 minas,
2674 3045 2938 3116 fugitivus
2973 3055 3025 3100 et
3069 3045 3298 3100 horrore
3343 3042 3597 3111 perfusus

2017 3142 2172 3205 abiit,
2227 3154 2326 3195 nec
2361 3149 2615 3201 mortem,
2659 3153 2824 3208 quam
2881 3137 2971 3192 illa
3015 3137 3343 3191 comminata
3395 3134 3595 3196 fuerat,

2021 3234 2232 3288 evitare
2281 3231 2571 3302 potuisset,
2619 3230 2724 3285 nisi
2756 3229 3115 3301 quadraginta
3161 3229 3369 3284 dierum
3422 3229 3598 3297 spatio

2016 3325 2265 3395 fugisset.
2299 3324 2596 3379 Considera
2627 3324 2738 3392 jam
2776 3338 2984 3386 rursus,
3017 3337 3124 3392 quo
3157 3329 3386 3390 spectet,
3420 3336 3596 3392 quove

2015 3424 2069 3469 te
2107 3415 2269 3468 ducat
2312 3415 2502 3468 harum
2549 3428 2727 3467 rerum
2764 3411 3090 3466 intellectus.
3136 3407 3352 3463 Jezabcl
3390 3409 3593 3462 luctum

2012 3508 2388 3561 vehementem
2415 3505 2530 3577 (69)
2562 3504 2855 3576 signiﬁcat,
2907 3507 3154 3574 adeoque
3188 3504 3396 3574 peccati
3446 3516 3596 3574 sym-

393 3669 438 3701 "
461 3667 526 3723 Ill
575 3669 711 3735 Reg.
739 3681 896 3739 xvttt,
935 3664 1026 3731 36,
1057 3663 1150 3722 40.
1227 3664 1270 3698 “
1296 3663 1364 3720 IV
1395 3665 1532 3735 Reg.
1565 3680 1606 3732 ι,
1637 3663 1791 3731 9,1θ.
1868 3663 2000 3720 “Ill
2028 3665 2160 3739 Reg.
2195 3683 2330 3734 xvii,
2365 3667 2417 3723 1.
2494 3667 2540 3700 ³³
2566 3665 2697 3723 ibid.
2727 3665 2816 3722 i6.
2869 3665 2916 3696 “
2944 3664 3077 3722 ibid.
3114 3665 3206 3721 2'5.
3283 3664 3331 3696 "
3353 3663 3425 3719 IV
3458 3663 3590 3732 Reg.

314 3757 385 3806 .t,
411 3739 466 3798 8.
543 3739 590 3770 "
620 3739 752 3793 ibid.
781 3738 814 3792 9
852 3752 1004 3807 seqq.

1557 3853 1887 3919 Francisci
1914 3854 2126 3918 Scorsi
2161 3864 2348 3920 notae.

316 4011 456 4068 dum
503 4018 752 4064 naturam
809 4019 1127 4079 reetamque
1152 4009 1436 4064 rationem.
1477 4007 1767 4078 Subjungit
1792 4010 1910 4064 haec

319 4084 470 4137 idem
517 4079 727 4134 Tullius
757 4081 786 4141 εξ
825 4079 1058 4146 Quidam
1107 4080 1192 4148 (ex
1248 4079 1468 4146 Stoicis)
1526 4079 1734 4135 brevius
1787 4095 1908 4144 per-

317 4153 652 4208 turbationes
711 4166 821 4204 esse
866 4151 1157 4216 appetitum
1199 4151 1626 4204 vehementiorem
1676 4151 1904 4210 dicunt;

321 4222 419 4277 sed
443 4222 872 4274 vehementiorem
901 4237 1020 4273 eum
1061 4236 1173 4274 esse
1201 4220 1404 4280 uolunt.
1429 4223 1519 4289 qui
1562 4221 1772 4290 longius
1797 4219 1909 4273 dis-

321 4293 542 4347 cesserit
576 4307 608 4342 a
636 4301 843 4344 natura:
899 4293 1222 4360 constantia.
1278 4290 1452 4360 Atque
1483 4293 1580 4346 has
1617 4292 1908 4358 perturba-

323 4365 510 4417 tiones
546 4361 814 4427 vituperat
874 4361 1102 4425 ipsemet
1158 4358 1379 4414 Tullius
1425 4370 1536 4415 toto
1587 4360 1679 4414 illo
1743 4360 1904 4422 libro,

324 4449 384 4487 in
437 4445 641 4498 easque
688 4431 997 4498 invehitur;
1029 4431 1159 4498 quin
1195 4432 1358 4484 etiam
1400 4446 1523 4484 cum
1585 4429 1909 4494 Peripateti-

323 4517 517 4558 corqu
560 4500 895 4569 opinionem,
939 4501 1365 4555 mediocritatem
1397 4503 1449 4554 in
1473 4502 1638 4554 animi
1667 4499 1909 4555 affectio-

2015 4011 2213 4078 potius,
2260 4027 2416 4077 quam
2461 4013 2525 4064 de
2556 4012 2708 4065 rebus
2737 4012 2932 4132 (Iacere
2985 4007 3395 4063 controversiam
3423 4023 3443 4072 ;
3471 4021 3594 4060 nam

2016 4091 2064 4132 et
2108 4082 2248 4132 insos
2301 4082 2436 4132 nihil
2465 4082 2586 4132 hinc
2621 4081 2731 4132 alin
2812 4097 2970 4132 quam
3008 4078 3316 4132 Platonicos
3356 4087 3402 4130 et
3438 4077 3594 4130 Peri.

2016 4077 2248 4162 iet-ipsos
2301 4082 2586 4162 nihil/tim:
2621 4077 2770 4162 aliud
2812 4097 2970 4147 quam
3008 4078 3402 4162 Pltrtont'cosOet
3438 4077 3594 4130 Peri.

2005 4151 2258 4218 pateticos
2322 4154 2517 4205 sentire
2559 4153 2823 4212 existimo,
2876 4147 3134 4220 quantum
3171 4147 3238 4220 qd
3299 4148 3398 4201 vim
3420 4162 3596 4220 rerum

2008 4216 2221 4285 attinet,
2279 4237 2382 4274 non
2418 4223 2486 4274 ad
2515 4216 2897 4275 vocabulorum
2918 4221 3114 4273 solum.
3170 4216 3454 4270 Hactenus
3481 4216 3593 4270 Au-

2008 4292 2212 4358 gustin.
2287 4290 2378 4359 qui
2432 4292 2642 4360 prolato
2701 4291 2930 4358 Epicteti
3006 4286 3596 4360 consummatiStoici

2012 4361 2346 4424 testimonio,
2405 4359 2722 4417 concludit:
2762 4360 2980 4430 Utrique
3029 4369 3267 4430 mentem
3305 4359 3600 4430 rationem.

2009 4448 2109 4501 que
2158 4433 2413 4501 sapientis
2452 4433 2518 4485 ab
2571 4448 2754 4486 earum
2804 4428 3200 4501 (passionum)
3235 4428 3598 4501 dominatione

2015 4497 2330 4570 defendunt,
2365 4512 2472 4557 etc.
2537 4503 2665 4555 Vide
2723 4497 2863 4570 apud
2908 4503 3082 4570 ipsum
3117 4497 3188 4552 et
3221 4512 3285 4551 ex
3327 4497 3600 4570 recentio-

325 4544 494 4626 nihus
541 4544 688 4625 recte
747 4544 1175 4634 admittentium,
1217 4572 1620 4642 reprehendere
1666 4544 1903 4642 videtur,
1937 4544 1986 4604 θ
2021 4544 2169 4642 ribus
2216 4544 2482 4641 theologis
2541 4544 2824 4640 T'li'eopiiﬁ“
2844 4544 3602 4642 fingat-idum,-q_ui"etjudi-

326 4655 548 4710 semper
590 4642 644 4695 in
674 4641 965 4710 ἀμφιϐόλῳ
998 4642 1200 4694 versari
1265 4651 1320 4692 et
1373 4640 1620 4695 laborare
1669 4640 1905 4705 videtur,

327 4728 397 4766 sc
429 4712 594 4764 verbo
618 4714 771 4764 tenus
788 4725 882 4763 eos
909 4711 1270 4778 reprehendit.
1311 4725 1366 4764 re
1396 4720 1576 4764 autem
1608 4725 1734 4764 vera
1768 4724 1910 4764 sem-

331 4797 434 4853 per
480 4780 918 4853 perturbationes
949 4793 1029 4853 r_et
1063 4781 1132 4832 τὰ
1168 4781 1314 4848 πάθη
1347 4781 1566 4853 notione
1586 4781 1699 4848 jam
1732 4780 1909 4848 posita

330 4850 701 4920 reprehendit.
732 4850 870 4920 Lege
926 4851 1097 4920 illum.
1139 4861 1192 4904 et
1237 4851 1522 4917 expende;
1577 4862 1738 4918 atque
1795 4866 1907 4904 rem

335 4919 426 4977 me
457 4936 682 4975 narrare
717 4919 946 4975 videbis.
997 4919 1051 4973 Id
1087 4920 1230 4988 quod
1274 4922 1404 4982 vidi,
1437 4929 1494 4973 et
1542 4921 1730 4974 docuit
1783 4935 1910 4975 san-

335 5004 460 5049 etus
497 4989 730 5043 Thomas
757 5005 867 5044 sec.
896 4999 1090 5050 crtumst.
1121 4991 1214 5052 ‘24,
1253 5001 1357 5044 art.
1391 4992 1443 5052 1,
1483 4989 1534 5042 ἱη
1567 5004 1718 5058 corp.
1752 4991 1909 5056 cujus

338 5068 456 5121 hac
491 5062 690 5114 verba:
723 5062 1028 5120 Dicendum,
1064 5063 1202 5128 quod
1222 5062 1366 5114 circa
1403 5061 1540 5130 lianc
1566 5060 1908 5130 quastionem

337 5138 545 5186 diversa
572 5131 671 5198 fuit
707 5136 964 5186 sententia
1004 5131 1301 5186 Stoicorum
1327 5143 1374 5185 et
1405 5129 1904 5197 Peripateticorum.

353 5204 490 5257 Nam
532 5203 702 5256 Stoici
760 5203 1004 5256 dixerunt
1033 5217 1209 5256 omnes
1253 5202 1524 5271 passiones
1549 5217 1662 5254 esse
1691 5200 1904 5266 malas;

351 5272 679 5342 Peripatetici
733 5289 850 5326 vero
881 5273 1124 5325 dixerunt
1148 5275 1415 5341 passiones
1471 5272 1772 5325 moderatas
1795 5287 1906 5324 esse

350 5348 508 5398 bonas
542 5359 560 5406 ;
608 5359 723 5408 qute
764 5345 976 5410 quidem
1025 5343 1323 5410 diﬂerentia
1352 5343 1469 5394 licet
1514 5358 1702 5410 magna
1729 5343 1905 5394 videa-

348 5427 435 5468 :ur
486 5418 769 5468 secundum
840 5429 1032 5475 vocem,
1094 5427 1267 5466 tamen
1327 5413 1609 5465 secundum
1669 5428 1775 5465 rem
1809 5410 1904 5464 'cel

351 5488 495 5538 nulla
521 5494 716 5546 est,vet
775 5500 956 5553 parra,
985 5486 1029 5536 si
1053 5484 1172 5551 quis
1201 5495 1536 5553 utrorumque
1583 5483 1901 5553 intentiones

348 5557 659 5609 consideret.
719 5551 783 5606 Et
817 5563 1009 5622 qua-st.
1036 5554 1125 5613 59.
1162 5563 1266 5606 art.
1301 5551 1355 5612 ἓ,
1390 5552 1529 5603 idem
1560 5552 1750 5614 docet,
1779 5567 1903 5620 eas-

352 5643 452 5691 que
508 5637 688 5678 sertas
733 5621 1007 5677 conciliat.
1041 5625 1181 5676 Idem
1220 5622 1279 5675 ι).
1317 5621 1600 5688 Augustini
1633 5622 1898 5688 judicium

355 5698 444 5748 lib.
474 5712 525 5750 ιι
567 5696 639 5748 De
669 5696 806 5748 civit.
841 5709 959 5761 cap.
995 5695 1063 5748 ιε
1118 5691 1330 5745 Videtur
1358 5692 1505 5751 mihi.
1555 5692 1748 5759 inquit,
1777 5691 1896 5755 hoc,

357 5769 437 5817 ubi
484 5767 764 5836 quatritur,
812 5776 990 5836 utrum
1058 5765 1298 5836 accidant
1359 5762 1583 5836 sapienti
1629 5763 1896 5836 passiones

357 5832 532 5906 mutui,
579 5850 646 5888 an
679 5836 743 5890 ab
773 5835 847 5890 eis
880 5834 946 5887 sit
981 5850 1193 5902 prorsus
1226 5834 1446 5899 alienus,
1481 5832 1545 5886 de
1604 5832 1760 5888 verbis
1808 5847 1900 5886 eos

2019 4640 2233 4712 tissime
2283 4643 2350 4696 de
2391 4637 2491 4696 hoc
2521 4637 2720 4712 genere
2767 4637 2988 4710 scripsit
3016 4652 3157 4712 tom.
3194 4638 3257 4712 I|_,
3290 4637 3595 4712 j_am_dicto,

2017 4711 2136 4783 ubi_
2169 4713 2358 4783 longos
2413 4707 2576 4767 refert
2625 4712 2849 4767 Seneca:
2883 4707 2955 4765 'et
3011 4709 3240 4783 Epicteti
3288 4707 3598 4783 Stoicorum

2016 4777 2535 4849 perfectissimcrum
2596 4783 2745 4838 locus
2796 4784 2886 4850 qui
2934 4789 3111 4850 motus
3162 4777 3596 4850 aﬂ'ectionesque

2015 4844 2184 4905 animi
2238 4868 2344 4906 non
2386 4853 2557 4908 solum
2597 4844 2827 4920 primos,
2882 4848 3210 4920 naturaliter
3262 4844 3595 4920 concitatos,

2014 4924 2108 4975 sed
2144 4923 2306 4976 etiam
2353 4915 2621 4977 admissos
2672 4938 2739 4976 ex
2786 4919 3047 4989 regimine
3111 4915 3336 4989 rationis
3398 4928 3599 4989 conce-

2013 4992 2168 5058 dunt,
2236 4993 2586 5061 perturbatus
2643 4986 2928 5061 damnant.
2972 4987 3089 5061 Nec
3114 4987 3267 5061 plura
3310 5000 3339 5038 a
3387 4999 3473 5061 me
3503 4986 3599 5061 ha-

2012 5055 2166 5117 bebis
2196 5080 2210 5126 ;
2238 5055 2376 5116 'nam
2429 5063 2674 5131 profectu
2731 5063 2776 5113 si
2815 5060 2982 5131 Stoici
3022 5060 3332 5117 trahuntur,
3386 5056 3470 5106 vel
3498 5055 3597 5131 du:-

2011 5123 2213 5185 euutur
2240 5123 2442 5202 potius'
2480 5134 2530 5185 iu
2589 5128 3502 5202 rectamhopinionem,eorumque
3535 5123 3599 5176 τὸ

2011 5197 2340 5273 περιϐόητον
2377 5203 2556 5271 δόγμα
2622 5199 2935 5273 defenditur
2977 5207 3030 5273 et
3077 5197 3598 5273 expli‘caturnsano

2009 5262 2172 5326 sensu
2213 5262 2492 5342 dignoque.
2517 5274 2753 5342 humana
2777 5269 3079 5342 sapientia,
3103 5262 3291 5342 quidni
3325 5266 3374 5315 iu
3407 5262 3597 5342 Patri-

2009 5343 2112 5397 bus
2136 5330 2556 5412 ουηιῖιειιὲρειίιί
2582 5330 2868 5404 ἀπαθείας
2890 5330 3100 5400 vocem,
3122 5330 3186 5388 'id
3221 5330 3556 5404 praestetur?

2079 5435 2193 5502 (69)
2255 5433 2481 5487 Luctum
2541 5433 2908 5502 uehementem.
2971 5430 3176 5484 Nomen
3241 5422 3590 5502 Iezabel

2009 5492 2272 5560 llebra'ice
2311 5508 2573 5574 scriptum
2630 5514 2714 5557 est
2740 5501 2806 5557 ιιι
2851 5505 2979 5572 lteg.
3039 5515 3160 5574 cap.
3197 5511 3306 5558 xw,
3367 5503 3422 5548 et
3456 5492 3587 5547 alibi

2002 5583 2183 5660 Sam.
2233 5599 2389 5666 cujus
2442 5599 2523 5650 lite
2584 5596 2776 5651 littera:
2819 5595 3180 5666 cuttstituuut_
3223 5602 3420 5666 nomen
3477 5597 3591 5666 71.3

2004 5657 2144 5740 quod
2173 5657 2386 5740 luctum
2427 5668 2736 5740 signiﬁcat;
2777 5675 2831 5720 et
2872 5667 3094 5740 verbum
3149 5657 3586 5740 iisdemdit'ter‘is

2004 5725 2202 5808 ngare,
2245 5725 2507 5806 desolate:
2542 5725 2735 5808 perire,
2798 5750 2917 5806 quae
2959 5733 3132 5788 luctus
3189 5725 3586 5800 tuaguicﬂecta

2003 5822 2152 5868 ειιιιι.
