3974 6200
365 358 467 421 507

1532 356 2026 421 THEOPHANIS
2064 342 2402 418 emanat

3521 353 3639 414 508

364 474 545 525 ludum
598 477 705 533 est,
761 467 904 539 quod
961 468 1140 525 htctus
1194 471 1499 541 gravissmii
1564 470 1945 541 peccatoribus

2054 467 2232 521 δοῦναι
2271 466 2506 537 Θανάτῳ,
2545 480 2769 534 φεύγειν
2819 461 3092 534 προσήκει
3140 461 3519 533 ἐφεπομένους
3561 465 3651 533 τῷ

363 565 592 619 emt-itur
618 577 803 617 causa.
858 560 972 617 lloc
1018 579 1151 620 sane
1182 576 1489 635 peccatum,
1542 582 1665 621 cum
1714 575 1943 622 mortem

363 661 557 707 aldina:
589 655 891 719 minitatur,
924 656 1112 712 zelota:
1146 660 1394 725 exemplo
1447 661 1635 731 fugere
1683 670 1899 732 oportet
1927 700 1943 726 ,

361 759 410 801 et
458 762 554 815 per
587 749 944 815 quadraginta
996 749 1203 804 dierum
1255 750 1667 811 alllictatiouem
1697 755 1816 824 ejus
1868 756 1945 809 la-

360 854 526 906 queos
556 840 744 907 procul
775 842 1029 897 evadere.
1062 842 1197 899 lluic
1224 846 1386 899 etiam
1423 849 1650 915 tempori
1683 849 1944 903 honorem

360 931 512 988 auxit
557 932 822 991 Dominus
854 945 1060 995 noster.
1106 945 1162 991 et
1213 952 1333 991 cum
1369 939 1592 994 totidem
1636 939 1946 1009 jejunasset

359 1022 503 1091 dies,
544 1034 863 1079 teutatorem
914 1027 1228 1094 debellavit,
1275 1040 1330 1085 et
1380 1045 1566 1086 earum
1609 1033 1943 1100 passionum,

360 1133 481 1184 quae
514 1118 826 1175 universum
862 1136 1031 1190 genus
1084 1124 1380 1179 humanum
1429 1136 1740 1193 oppugnant
1770 1129 1943 1180 victo-

360 1211 461 1271 ria,
526 1211 788 1266 rationem
851 1228 916 1267 ac
987 1214 1129 1266 viam
1183 1215 1415 1269 bellandi
1479 1218 1635 1273 nobis
1682 1218 1941 1272 ostendit.

360 1301 731 1371 Quadraginta
790 1305 973 1357 itidem
1024 1307 1307 1361 constituti
1367 1317 1493 1361 sunt
1539 1308 1679 1373 dies,
1714 1321 1772 1363 ut
1824 1326 1947 1363 ror-

360 1395 506 1461 pm'is
566 1396 733 1449 etiam
806 1398 979 1451 nostri
1049 1399 1307 1465 perfectio
1387 1401 1740 1471 signiﬁcetur.
1805 1401 1943 1457 Cum

359 1487 503 1538 enim
553 1500 616 1540 ex
661 1495 894 1554 quatuor
948 1490 1312 1555 compositum
1371 1490 1444 1546 sit
1496 1491 1803 1556 elementis,
1842 1493 1945 1547 hoc

363 1570 605 1639 perfecto
657 1590 884 1628 numero
938 1577 1296 1645 multiplicato
1362 1580 1751 1648 perfectionem
1821 1598 1940 1639 eam

361 1665 692 1739 assequitur,
740 1681 858 1731 quae
902 1667 955 1721 in
1006 1668 1238 1732 viribus,
1289 1686 1410 1739 qua:
1462 1672 1622 1726 utiles
1675 1680 1833 1739 sunt,
1888 1680 1944 1728 et

362 1755 627 1819 spirituali
705 1760 891 1827 vigore
967 1762 1295 1817 continetur.
1362 1762 1496 1817 Octo
1563 1778 1688 1816 vero
1750 1762 1943 1819 diebus

361 1846 527 1899 additi
581 1850 943 1920 quadraginta
992 1851 1159 1905 futuri
1200 1853 1381 1907 saaculi
1433 1852 1739 1923 symbolum
1792 1862 1942 1917 sunt,

363 1940 505 2007 quod
564 1954 697 1994 sane
745 1953 951 1997 octava:
996 1945 1379 2012 perfectionem
1428 1945 1608 2009 habet,
1657 1954 1715 1999 ut
1752 1944 1947 2001 stabile

363 2045 417 2084 et
476 2033 892 2102 sempiternum.
959 2041 1183 2103 Oportet
1241 2036 1384 2091 enim
1438 2052 1535 2091 nos
1589 2036 1655 2089 ab
1720 2036 1948 2106 hujusce

366 2126 628 2193 temporis
657 2124 818 2195 158
858 2128 1154 2181 mulatione
1205 2128 1511 2195 septenaria
1538 2126 1649 2197 (70)
1698 2130 1765 2181 ad
1796 2134 1947 2182 octa-

364 2232 485 2269 vam
539 2217 683 2271 illam
742 2229 795 2271 et
856 2220 1092 2287 quietem
1144 2228 1318 2273 status
1373 2220 1538 2273 futuri
1601 2221 1834 2275 traduci.
1888 2220 1944 2276 Si

365 2324 493 2362 vero
546 2309 766 2377 triginta
808 2325 871 2363 ac
925 2326 1019 2363 sex
1054 2310 1170 2366 dies
1218 2320 1367 2378 sunt,
1418 2313 1617 2381 quihus
1665 2329 1789 2366 cum
1820 2313 1947 2369 reli-

366 2418 593 2469 quorum
646 2403 975 2457 abstinentia
1028 2410 1280 2475 exactum
1324 2404 1486 2458 etiam
1536 2404 1801 2474 jejunium
1830 2406 1944 2478 (7i)

364 2495 764 2549 observandum
798 2496 1159 2562 suscepimus,
1193 2510 1367 2565 neque
1407 2497 1509 2552 hoc
1536 2512 1565 2551 α
1613 2507 1947 2567 congruente

365 2586 621 2655 allegoria
653 2596 737 2641 est
760 2587 1018 2642 alienum.
1054 2586 1168 2641 Non
1204 2588 1376 2642 solum
1410 2589 1554 2644 enim
1583 2605 1649 2645 ex
1681 2592 1784 2647 hoc
1828 2592 1946 2648 die-

368 2692 486 2730 rum
524 2693 752 2733 numero
784 2679 952 2733 totius
974 2680 1103 2733 anni
1139 2679 1557 2750 decimatiot'iﬂ)
1589 2680 1945 2749 signiﬁcatur,

365 2771 457 2821 sed
497 2770 723 2839 mystica
752 2770 1000 2838 quaedam
1045 2772 1149 2825 alia
1194 2771 1505 2839 suggeritur
1540 2772 1943 2839 contemplatio.

366 2858 627 2923 Quoniam
656 2861 800 2913 enim
852 2876 914 2914 ea
945 2876 1068 2930 quae
1098 2861 1331 2915 maxime
1356 2861 1646 2916 conciliant
1673 2863 1944 2919 hominem

369 2950 498 3014 Deo,
557 2962 684 3005 sunt
741 2965 886 3006 recta
940 2956 1007 3008 de
1055 2954 1164 3008 Deo
1213 2956 1480 3010 sententia
1534 2966 1589 3010 et
1636 2956 1949 3012 observatio

368 3051 786 3109 praeceptorum,
823 3045 1105 3114 utriusque
1142 3046 1218 3101 rei
1267 3047 1605 3102 reconditam
1653 3048 1945 3116 quamdam

366 3128 676 3186 doctrinam
722 3133 809 3188 hic
856 3150 1113 3189 numerus
1158 3137 1589 3204 cOmprehendit,
1632 3136 1944 3193 ﬁrmitatem
1975 3168 2019 3227 ο

366 3223 579 3278 scilicet
625 3235 789 3295 atque
811 3228 1168 3282 constantiam
1202 3229 1256 3283 in
1285 3228 1389 3284 ﬁde
1422 3239 1624 3299 sancta:
1642 3228 1946 3298 Trinitatis,

365 3324 419 3368 et
463 3316 719 3371 virtutum
766 3318 1056 3383 circulum,
1102 3334 1265 3390 quem
1310 3319 1502 3390 jejunii
1563 3331 1807 3390 tempore
1856 3337 1950 3377 ex-

366 3406 626 3475 pleamus.
674 3409 840 3465 Aiunt
867 3413 1010 3466 enim
1062 3412 1205 3467 hunc
1258 3427 1543 3468 numerum
1576 3412 1865 3479 circulum,
1897 3422 1952 3468 et

370 3500 662 3570 trigonum,
688 3514 743 3559 et
780 3514 1116 3577 tetragouum
1138 3521 1260 3562 esse
1282 3505 1418 3578 (73).
1452 3504 1642 3577 Itaque
1675 3506 1949 3577 trigonum

2049 560 2142 614 τοῦ
2168 558 2415 628 ζηλωτοῦ
2454 557 2842 626 ὑποδείγματι,
2868 555 2966 611 καὶ
2995 554 3085 610 διὰ
3118 556 3217 626 τῆς
3251 573 3642 626 τεσσαρακον-

2049 653 2296 724 θημέρου
2329 651 2727 713 κακοπαθείας,
2764 649 2873 703 τῶν
2896 647 3074 717 αὐτῆς
3101 648 3351 717 παγίδων
3374 649 3647 716 γενέσθαι

2052 745 2293 816 μακράν.
2324 744 2528 797 Τοῦτον
2551 743 2641 795 τὸν
2667 742 2864 812 καιρὸν
2895 740 3139 811 τιμήσας
3172 740 3269 793 καὶ
3296 741 3325 792 ὁ
3352 740 3645 810 Δεσπότης

2048 836 2289 906 nam,“
2302 834 2594 898 τοσαύταις
2613 834 2851 904 ἡμέραις
2868 830 3269 903 νενηστευκὼς,
3287 849 3646 904 καταστρατ-

2048 930 2176 1000 ηγεί
2215 929 2308 982 τὸν
2353 927 2713 999 πειράζοντα,
2747 928 2840 980 καὶ
2870 925 3059 978 τοῦτον
3092 925 3339 994 ἡττήσας
3373 926 3463 978 διὰ
3524 926 3649 979 τῶν

2047 1020 2419 1089 γενικοτάτων
2471 1019 2664 1073 παθῶν
2730 1018 2826 1072 τοῦ
2886 1018 3011 1072 κατ’
3039 1017 3208 1070 αὐτοῦ
3249 1017 3498 1088 πολέμου
3535 1020 3643 1088 τὴν

2046 1113 2163 1167 ὁδὸν
2207 1114 2342 1182 ἡμῖν
2399 1112 2784 1176 καθυπέδειξε.
2835 1111 3266 1180 Τεσσαράκοντα
3314 1112 3374 1164 δὲ
3424 1113 3641 1181 ἡμέρας

2044 1208 2358 1270 τάσσονται,
2406 1205 2668 1276 δηλοῦσαι
2710 1205 2811 1267 τὴν
2854 1205 2949 1258 τοῦ
2987 1206 3241 1275 σώματος
3273 1204 3595 1273 τελειότητα
3621 1220 3640 1236 ο

2045 1299 2110 1352 ἐκ
2138 1298 2423 1369 τεσσάρων
2456 1300 2564 1368 γὰρ
2594 1296 2879 1367 στοιχείων
2908 1298 3030 1367 ἔχον
3058 1298 3158 1369 τὴν
3194 1297 3522 1367 σύγκρασιν,
3557 1297 3641 1365 τῷ

2044 1391 2235 1461 τελείῳ
2278 1390 2499 1462 ἀριθμῷ
2543 1391 3124 1460 πολυπλασιαζόμενον
3156 1392 3367 1445 τέλειον
3416 1391 3640 1459 γίνεται

2046 1478 2437 1547 πνευματικῶς
2472 1479 2726 1549 ἀκμάζον
2756 1481 2879 1541 ταῖς
2925 1479 3265 1550 προσφόροις
3300 1480 3638 1547 δυνάμεσιν.

2046 1571 2114 1623 ΔΞ
2145 1570 2202 1623 δὲ
2249 1570 2398 1627 ὀκτὼ
2447 1571 2859 1639 τεσσαράκοντα
2908 1572 3340 1643 προστιθέμεναι
3375 1572 3468 1626 τοῦ
3499 1571 3643 1641 μὲλ-

2042 1662 2228 1726 λοντος
2259 1662 2452 1726 αἰῶνος
2481 1665 2795 1733 ὑπάρχουσι
2834 1663 3126 1733 σύμϐολον,
3159 1666 3218 1727 ὃς
3259 1664 3449 1733 ὄγδοός
3487 1666 3637 1727 ἐστι,

2045 1757 2140 1811 καὶ
2170 1755 2364 1819 ἑστὼς,
2401 1756 2497 1810 καὶ
2530 1757 2723 1816 ἀίδιος.
2772 1759 2866 1810 Δεῖ
2902 1758 3009 1827 γὰρ
3039 1758 3188 1827 ἡμᾶς
3227 1758 3338 1811 ἀπὸ
3373 1758 3475 1827 τῆς
3539 1756 3641 1809 ἑὸ-

2053 1850 2354 1919 δοματικῆς
2408 1849 2612 1918 ταύτης
2677 1848 2772 1903 τοῦ
2833 1849 3028 1921 χρόνου
3084 1851 3353 1918 κινήσεως
3398 1852 3481 1912 είς
3536 1851 3642 1918 τὴν

2053 1940 2249 2011 ὀγδόην
2308 1942 2404 1994 καὶ
2442 1941 2748 2011 μέλλουσαν
2793 1941 3137 2011 καταντῆσαι
3169 1942 3531 1996 κατάστασιν.
3574 1943 3641 1996 Εἰ

2052 2032 2111 2086 δὲ
2140 2033 2237 2085 καὶ
2269 2032 2563 2101 τριάκοντα
2634 2032 2732 2086 καὶ
2758 2032 2815 2099 ἓξ
2842 2032 3046 2103 ἡμέραι
3079 2035 3240 2097 είσὶν,
3284 2035 3343 2087 ὲν
3374 2029 3464 2096 αἷς
3498 2034 3642 2101 μετὰ

2054 2125 2150 2196 τῆς
2176 2125 2500 2196 ἐγκρατείας
2535 2124 2629 2179 καὶ
2654 2128 2912 2197 νηστείαν
2938 2127 3140 2197 ἀκριϐῆ
3166 2129 3355 2196 τηρεῖν
3389 2126 3611 2196 παρελὰ
3636 2162 3643 2167 η

2056 2216 2249 2286 ὁομεν,
2280 2217 2401 2270 οὐδὲ
2429 2216 2590 2271 τοῦτο
2615 2221 2715 2288 τῆς
2741 2218 3061 2289 πρεπούσης
3082 2219 3316 2290 θεωρίας
3340 2219 3639 2272 ἀνοίκειον.

2055 2309 2132 2363 Οὐ
2165 2310 2326 2379 μόνον
2356 2310 2466 2380 γὰρ
2516 2312 2929 2376 ἀποδεκάτωσις
2974 2315 3041 2367 ὲκ
3087 2312 3296 2367 τούτων
3347 2313 3637 2365 δείκνυται

2054 2400 2149 2454 τοῦ
2179 2400 2305 2455 ὅλου
2336 2402 2615 2468 ἐνιαυτοῦ,
2659 2404 2798 2457 ἀλλὰ
2844 2407 2942 2458 καὶ
2994 2407 3261 2475 μυστικόν
3290 2423 3343 2458 τι
3379 2406 3642 2475 ἐμφαίνει

2055 2488 2341 2561 θεώρημα.
2391 2492 2613 2562 Ἐπειδὴ
2659 2492 2767 2560 γὰρ
2799 2495 2868 2548 τὰ
2896 2494 2975 2565 τῷ
3013 2493 3134 2564 Θεῴ
3180 2494 3644 2565 προσοικειοῶτα

2054 2581 2145 2636 τὸν
2178 2580 2469 2653 ἄνθρωπον
2503 2584 2678 2639 ταῦτά
2709 2586 2884 2650 ἐστιν,
2908 2587 2942 2655 ἧ
2965 2604 3025 2640 τι
3060 2586 3196 2657 ὀρθὴ
3230 2589 3359 2657 περὶ
3391 2588 3454 2639 τὸ
3480 2586 3642 2638 Θεῖον

2055 2672 2348 2743 ὑπόληψις,
2393 2676 2490 2728 καὶ
2526 2679 2560 2746 ἡ
2600 2677 2666 2729 ἐκ
2695 2676 2805 2730 τῶν
2835 2676 3065 2731 ἐντολῶν
3098 2679 3352 2749 τήρησις.
3391 2678 3639 2746 ἀμφοτε-

2056 2783 2165 2837 ρων
2193 2766 2294 2837 τὴν
2320 2768 2717 2835 μυσταγωγίαν
2753 2770 3001 2840 περιέχει
3034 2773 3065 2823 ὁ
3098 2771 3330 2841 ἀριθμός
3353 2787 3365 2798 ’
3401 2771 3462 2823 τὸ
3492 2773 3551 2823 ὲν
3572 2773 3641 2840 τῇ

2054 2856 2237 2913 πίστει
2282 2857 2382 2931 τῆς
2424 2858 2589 2925 ἁγίας
2618 2859 2850 2929 Τρίαδος
2896 2861 3112 2926 ἑδραῖον
3144 2864 3235 2915 καὶ
3267 2862 3638 2930 ἀμετάθετον,

2054 2950 2151 3002 καὶ
2177 2947 2267 3001 τὸν
2296 2947 2493 3005 κύκλον
2542 2950 2655 3003 τῶν
2680 2951 2912 3021 ἀρετῶν,
2939 2945 3013 3005 ὧν
3042 2952 3325 3023 πληρωταὶ
3348 2952 3642 3022 γενώμεθα

2056 3041 2113 3092 ὲν
2141 3039 2219 3109 τῷ
2251 3043 2351 3110 τῆς
2384 3041 2643 3110 νηστείας
2688 3042 2888 3111 καιρῷ.
2936 3043 3075 3096 Φασὶ
3120 3045 3229 3113 γὰρ
3270 3043 3361 3096 τὸν
3404 3044 3643 3114 ἀριθμὸν

2055 3132 2245 3186 τοῦτον
2276 3132 2371 3185 καὶ
2401 3132 2604 3187 κύκλον
2661 3128 2826 3198 εἶναι,
2865 3136 2959 3187 καὶ
2986 3135 3276 3203 τρίγωνον,
3314 3138 3409 3187 κα),
3436 3134 3639 3205 τετρά.

2056 3240 2230 3291 γωνον
2254 3240 2267 3255 ·
2292 3223 2547 3293 δηλοῦται
2580 3223 2635 3276 δὲ
2662 3225 2750 3276 διὰ
2772 3224 2874 3293 μὲν
2896 3224 2990 3278 τοῦ
3015 3226 3287 3296 τρ.γ.ἱ›νου
3302 3226 3401 3293 τῆς
3426 3226 3642 3287 ἐνιαῖας

2057 3317 2335 3388 φύσεωςή
2368 3317 2477 3371 τῶν
2518 3318 2834 3388 προσώπων
2876 3318 3118 3388 διαφορά
3149 3334 3163 3348 ·
3201 3319 3289 3371 διὰ
3318 3317 3377 3370 δὲ
3415 3317 3510 3370 τοῦ
3550 3334 3642 3369 τεο

2054 3412 2365 3483 τραγώνου.
2396 3413 2429 3481 ή
2464 3412 2602 3483 πρὸς
2639 3413 2812 3483 αὐτὴν
2855 3411 2993 3482 ὀρθὴ
3041 3411 3223 3474 πίστις
3280 3411 3377 3464 καὶ
3416 3410 3641 3478 πάγιος.

2057 3504 2469 3576 Δυσμετάθετον
2514 3506 2623 3577 γὰρ
2675 3504 2737 3559 τὸ
2791 3505 2982 3574 σχῆμα
3026 3502 3124 3556 τοῦ
3158 3498 3536 3573 τετραγώνου,
3570 3495 3640 3554 δι’

1601 3665 1929 3728 Francisci
1958 3665 2166 3729 Scorsi
2198 3673 2389 3729 notia.

444 3802 559 3879 (70)
603 3803 908 3879 Mutatione
937 3808 1256 3875 septenaria.
1318 3808 1452 3863 Vide
1488 3823 1607 3879 qua:
1652 3808 1719 3864 de
1758 3819 1947 3879 septev

371 3876 528 3929 nario
575 3890 802 3929 numero
859 3877 1294 3941 observavimus,
1346 3876 1517 3935 hom.'
1554 3881 1606 3943 l,
1650 3888 1767 3934 not.
1814 3876 1945 3945 000,

372 3957 427 4020 ειΔ
457 3955 715 4020 iirmtcrea
747 3945 1047 4020 longiorem
1089 3952 1383 4020 mysticam
1447 3950 1947 4020 considerationem

370 4014 613 4089 Philonis
662 4013 896 4089 Hebraei,
934 4017 1038 4089 lib.
1075 4013 1365 4074 lle-mundi
1430 4020 1680 4089 api/icio;
1739 4019 1949 4075 Macro-

373 4086 679 4209 :llll'linnfag.
719 4085 773 4151 6,
816 4088 871 4143 in
926 4087 1114 4144 Somn.
1176 4089 1323 4160 Scip.
1357 4106 1372 4156 ;
1410 4085 1470 4145 et
1493 4085 1710 4145 Petrum
1740 4091 1948 4162 Bougo,

394 4174 423 4209 n
491 4173 523 4209 u
588 4197 603 4209 .
671 4195 686 4209 .

372 4172 423 4209 ΙΙΙ
455 4172 603 4211 num.
640 4172 686 4210 Ι.

442 4227 556 4301 (71)
598 4225 860 4301 Exortum
902 4231 1064 4284 etiam
1130 4230 1411 4297 iejunium.
1462 4232 1540 4286 De
1575 4232 1786 4286 ratione
1813 4232 1950 4301 jeju-

371 4298 447 4350 nii
496 4313 561 4370 ex
586 4297 926 4370 _Gra_ecnrum
986 4317 1136 4355 more
1160 4303 1468 4366 constituti,
1500 4303 1641 4356 unde
1682 4297 1951 4370 petendus

371 4376 457 4420 est
510 4366 667 4433 huius
696 4368 839 4439 libri
875 4371 1203 4435 intellectus,
1247 4372 1337 4425 tibi
1375 4372 1593 4439 triginta
1620 4366 1719 4426 sex
1755 4372 1950 4427 diebus

371 4448 625 4559 exactam
640 4438 785 4560 5rilScit
807 4440 1088 4495 observari
1112 4441 1376 4510 jejunium
1402 4438 1762 4497 disseruimus
1796 4443 1948 4498 hom.

373 4521 468 4560 xv.
498 4524 528 4559 n
597 4546 609 4558 .
715 4544 728 4559 .

373 4521 468 4567 XV.
498 4521 609 4559 ιιοι.
640 4521 728 4560 δυ.

2119 3810 2235 3880 (75)
2260 3808 2539 3865 Circulnm
2564 3818 2614 3865 et
2638 3809 2925 3878 trigonum,
2957 3818 3348 3879 ettetragonnm
3375 3826 3507 3864 esse.
3534 3809 3645 3865 Has

2047 3882 2264 3935 muneri
2316 3881 2581 3936 trieesimi
2631 3883 2768 3934 sexti
2820 3881 3198 3935 arithmeticas
3238 3882 3501 3942 rationes,
3538 3896 3639 3935 seu

2048 3953 2251 4020 ﬁguras
2289 3953 2611 4005 mathemat.
2640 3951 2819 4019 posuit
2856 3962 3044 4004 noster
3086 3953 3187 4004 hac
3223 3950 3644 4020 homilia,quas

2051 4019 2238 4077 itidem
2276 4021 2545 4074 homiliat
2589 4031 2869 4089 posuerat,
2896 4020 2990 4075 sed
3046 4036 3151 4074 non
3186 4022 3431 4087 exponit.
3467 4019 3644 4075 Sena-

2053 4094 2193 4146 rium
2262 4102 2388 4144 item
2427 4106 2714 4145 numerum
2749 4091 2896 4145 hom.
2952 4091 3020 4144 de
3050 4091 3282 4157 judicio,
3318 4091 3493 4143 trinas
3545 4094 3645 4144 ha-

2054 4163 2188 4217 bere
2235 4162 2621 4227 dimensiones,
2653 4169 2707 4214 et
2756 4176 2825 4214 ex
2885 4162 3115 4226 trigonis
3173 4162 3427 4227 componi
3472 4160 3644 4223 dixit.

2057 4248 2160 4285 nec
2211 4232 2501 4299 explicuit;
2562 4231 2698 4287 satis
2724 4232 2870 4285 enim
2908 4232 3096 4285 hahuit
3116 4245 3212 4283 eas
3243 4232 3425 4284 tlteses
3447 4231 3518 4282 ab
3545 4246 3641 4284 ea-

2059 4316 2181 4356 rum
2216 4316 2396 4355 rerum
2419 4302 2784 4368 scriptoribus
2829 4302 2897 4355 ad
2946 4303 3064 4370 pios
3118 4315 3313 4355 SCIIMIS
3341 4301 3643 4353 conﬁcien-

2060 4372 2159 4427 dos
2192 4386 2489 4427 assumere.
2546 4371 2651 4425 Sed
2706 4372 2850 4438 quod
2884 4382 2938 4425 et
2973 4372 3219 4440 inprima
3264 4370 3350 4422 illa
3404 4371 3556 4424 hom.
3585 4379 3645 4424 et

2059 4444 2272 4497 decima
2305 4452 2497 4496 octava
2538 4442 2766 4511 polliciti
2818 4456 3031 4506 sumus,
3082 4457 3143 4495 ea
3178 4457 3276 4494 nos
3315 4440 3645 4509 explanatu-

2063 4528 2178 4577 ros,
2230 4521 2289 4566 ut
2330 4512 2464 4565 nihil
2507 4513 2806 4566 involutum
2846 4527 2911 4565 ac
2953 4519 3154 4564 tectum
3195 4511 3534 4578 relinquatur
3580 4511 3639 4563 iu

444 4562 558 4651 (72)
605 4574 784 4651 Totius
806 4579 933 4651 anui
957 4580 1257 4637 decimatio.
1280 4579 1416 4637 Vide
1451 4584 1650 4638 dictum
1686 4582 1745 4637 S.
1782 4583 1945 4651 Greg.
1984 4562 2034 4626 υ
2498 4562 3287 4651 iiavutv'prtes'tainus;ﬁnesque
3323 4562 3498 4651 e‘tiani
3514 4562 3643 4649 qui

372 4646 550 4717 Magni
611 4649 1040 4721 relatum_hom.
1096 4666 1184 4713 xv,
1228 4654 1370 4716 quod
1408 4653 1532 4707 huic
1588 4646 1947 4721 Thenph.di-

372 4727 462 4773 clo
496 4727 784 4792 consonat.
823 4719 952 4792 _Sed
990 4721 1034 4774 si
1089 4730 1200 4774 tum
1239 4721 1467 4792 Gregor.
1524 4732 1636 4777 tum
1698 4719 1943 4792 Theopb.

372 4791 579 4863 dictum
630 4790 697 4841 ad
752 4789 1373 4863 calculosrcvocetnr;
1418 4793 1640 4863 triginta
1691 4808 1783 4848 sex
1824 4789 1946 4849 dies

372 4858 585 4912 decima
643 4874 769 4926 pars
819 4876 943 4915 esse
998 4861 1434 4931 deprehendetur
1465 4858 1676 4918 dierum
1732 4874 1947 4918 trecen-

368 4937 671 5001 torumhet
720 4932 1043 5001 sexaginta;
1096 4943 1357 5001 superant
1407 4943 1589 4986 autem
1642 4933 1820 4987 adhuc
1880 4947 1948 4988 ex

369 5012 523 5051 anno
548 4998 924 5072 diesquiuqne
949 5017 965 5067 ;
1014 5004 1107 5056 sed
1135 4998 1327 5057 horum
1357 5005 1482 5072 quia
1518 5018 1623 5056 non
1648 5004 1947 5071 perfectum

370 5082 444 5121 ac
494 5068 805 5141 rotundum,
842 5068 935 5125 sed
978 5074 1267 5141 abruptqu
1326 5068 1386 5129 et
1431 5068 1717 5129 concisum
1756 5088 1949 5128 nume-

372 5153 496 5211 rum
534 5136 819 5211 cilicium,
850 5142 986 5195 ratio
1023 5136 1323 5211 praesertim
1356 5160 1384 5197 a
1428 5146 1601 5199 sacris
1635 5144 1950 5199 oratoribus

370 5207 708 5278 rhaberi_uou
747 5210 903 5264 solet.
973 5207 1112 5278 Quin
1142 5224 1195 5267 et
1234 5213 1443 5267 Tullius
1501 5214 1666 5266 etiam
1706 5215 1760 5267 iu
1803 5224 1948 5268 orat.

372 5279 434 5331 in
469 5277 529 5351 Ι..2
556 5276 857 5351 Pisonem:
908 5276 1021 5349 Ego
1064 5286 1118 5337 in
1176 5284 1237 5339 C.
1309 5284 1524 5336 Rabirio
1570 5284 1952 5351 perduellionis

379 5365 467 5401 reo
502 5348 572 5403 40
606 5351 760 5403 annis
785 5361 905 5404 ante
926 5348 1005 5404 nte
1025 5354 1289 5407 consulem
1320 5348 1685 5422 interpositam
1733 5364 1951 5408 senatus

377 5422 753 5494 auctoritatem
783 5422 1012 5475 sustinui
1041 5433 1224 5477 contra
1256 5427 1528 5488 inridiam,
1548 5436 1702 5494 atque
1718 5426 1949 5494 defendi.

376 5489 447 5564 ᾼι
482 5491 608 5564 anni
677 5503 1072 5564 praecesserant
1111 5511 1219 5548 non
1270 5495 1360 5559 40,
1410 5496 1504 5550 sed
1559 5489 1793 5564 triginta
1832 5510 1950 5549 sex.

378 5557 591 5637 Accidit
666 5557 929 5637 enimmC.
1008 5561 1215 5637 Rabirii
1278 5557 1477 5637 factum
1540 5557 1832 5637 Cfblario
1890 5564 1951 5618 L.

379 5625 573 5707 Flacco
626 5630 966 5707 consulibus.
1012 5633 1150 5707 lion
1197 5645 1277 5689 est
1319 5636 1483 5707 igitur
1535 5636 1753 5707 subtilis
1802 5650 1955 5688 com-

381 5700 613 5817 putatio,
644 5711 703 5753 ut
758 5700 957 5756 Paulus
1008 5702 1284 5759 Manutius
1339 5700 1390 5757 in
1443 5704 1586 5758 hunc
1621 5705 1836 5769 locum,
1899 5713 1955 5759 et

403 5780 527 5816 tunc
575 5782 697 5817 esse
765 5786 969 5817 morem
1021 5774 1303 5817 Cimimnie
1368 5774 1632 5817 Asconius
1687 5774 1955 5817 I‘mlinmm

382 5774 697 5889 mlig‘esse
765 5786 969 5826 morem
1021 5774 1303 5832 Ciceronis
1364 5774 1632 5830 Asconius
1687 5774 1955 5831 Pedianus

456 5852 479 5887 γ
523 5851 544 5887 l‘
573 5852 585 5889 l
615 5875 631 5889 .

456 5851 631 5891 VCl'lll.

2053 4652 2449 4707 mathematica
2495 4650 2583 4706 rix
2621 4651 3008 4717 delibavimus,
3054 4668 3082 4704 a
3120 4650 3643 4705 mathematicorum

2052 4738 2192 4791 penu
2232 4738 2295 4777 ea
2352 4723 2608 4788 mutuari,
2633 4737 2738 4775 non
2794 4730 3052 4791 tanquam
3080 4736 3111 4775 e
3145 4720 3282 4774 cella
3313 4728 3499 4774 nostra
3540 4721 3643 4774 de-

2054 4790 2307 4861 promere
2342 4793 2577 4845 fatemur
2622 4793 2876 4861 ingenue.
2952 4790 3138 4861 Itaque
3188 4800 3248 4844 ut
3304 4804 3353 4861 a7
3390 4791 3642 4861 senario,

2056 4860 2310 4932 tanquam
2350 4877 2380 4914 a
2416 4862 2532 4915 basi
2584 4860 2849 4915 tricesimi
2892 4860 3291 4917 sexti'numeri
3345 4860 3639 4932 incipiam,

2056 4934 2102 4988 is
2145 4931 2180 4987 a
2226 4932 2471 5001 Theopb.
2518 4933 2803 4987 continere
2832 4932 3036 4986 dicitur
3087 4933 3285 4986 trinam
3340 4931 3646 4986 dimensio-

2056 5019 2181 5059 nem
2247 5019 2316 5058 ex
2358 5018 2464 5072 qua
2516 5017 2715 5071 corpus
2766 5017 2929 5056 omne
2979 5001 3220 5071 perfecte
3272 5002 3643 5057 constitutum

2054 5083 2160 5129 est.
2210 5073 2365 5141 Quod
2417 5073 2559 5127 idem
2598 5082 2702 5131 est.
2759 5086 2824 5127 ac
2870 5074 2915 5128 si
2967 5074 3118 5126 dicas
3177 5086 3463 5125 numerum
3517 5086 3649 5127 esse

2054 5144 2307 5200 solidum.
2366 5141 2555 5198 Solida
2612 5142 2758 5197 enim
2809 5157 2874 5197 ea
2904 5143 3161 5197 dicuntur
3201 5156 3322 5208 qua
3368 5142 3645 5211 triplicem

2059 5216 2199 5271 hanc
2261 5213 2547 5268 διάστασιν
2572 5227 2662 5283 seu
2705 5214 3131 5283 magnitudinem
3183 5213 3409 5267 habent.
3466 5212 3648 5267 Sena-

2057 5288 2197 5339 rium
2250 5300 2414 5352 porro
2465 5282 2700 5338 solidum
2731 5282 2856 5340 estsic
2895 5284 3322 5344 demonstratur,
3369 5296 3440 5337 eo
3508 5283 3647 5351 quia

2060 5365 2170 5409 tres
2222 5355 2431 5410 numeri
2467 5355 2519 5415 l,
2559 5355 2614 5416 ‘2,
2659 5354 2714 5419 3,
2779 5362 2965 5407 mutuo
3021 5369 3145 5407 sese
3190 5352 3645 5421 multiplicantes,

2059 5426 2333 5479 senarium
2384 5424 2721 5489 coniiciunt;
2765 5439 2981 5490 semper
3022 5424 3167 5477 enim
3221 5437 3289 5478 es
3319 5423 3650 5493 multiplica-

2062 5496 2209 5549 ti0ue
2256 5496 2416 5548 unius
2464 5510 2530 5548 ex
2558 5494 2717 5548 dictis
2745 5496 2797 5548 in
2832 5494 3021 5554 alium,
3066 5504 3121 5548 et
3158 5495 3208 5547 in
3270 5495 3494 5548 tertium
3521 5509 3650 5563 pro-

2059 5566 2204 5621 ducti
2262 5562 2511 5618 seuarius
2561 5566 2938 5629 procreabitur
2996 5579 3274 5627 numerus,
3318 5579 3384 5615 ac
3417 5562 3651 5631 proinde

2060 5635 2266 5690 solidus
2300 5634 2389 5687 ille
2436 5632 2744 5690 censendus
2798 5637 2904 5689 erit
2957 5649 3022 5688 ex
3076 5636 3285 5687 deﬁnit.
3346 5634 3438 5694 l7,
3471 5633 3645 5687 Etem.

2060 5705 2318 5758 Enelidis.
2372 5703 2446 5757 Ex
2492 5705 2683 5757 solidis
2733 5706 2861 5757 item
2904 5714 2985 5758 est
3029 5705 3263 5773 primus,
3320 5707 3450 5771 quia
3487 5717 3645 5757 eum-

2060 5776 2281 5843 ponitur
2323 5788 2388 5826 cx
2424 5774 2672 5843 trigonis.
2701 5773 3003 5843 Trigontttn
3032 5772 3178 5827 cuitu
3218 5789 3485 5828 numerus
3552 5772 3649 5825 ille

2064 5842 2386 5912 appellatur,
2447 5842 2539 5913 qui
2592 5859 2656 5901 ex
2686 5842 3031 5914 aggeratioue
3060 5846 3297 5900 radicum
3345 5845 3642 5900 abunitate
