3974 6200
435 268 542 334 515

1619 259 2118 325 THEOPHANIS
2152 256 2493 321 CERAMEI

3596 257 3702 324 διδ

433 381 671 436 amicum
726 380 969 432 nostrum
1022 389 1144 430 esse
1199 374 1401 439 Deum;
1432 374 1652 427 vulnera
1703 389 1832 426 vero
1878 385 2017 435 esse,

2135 368 2345 434 ἐννοεῖν,
2379 366 2535 435 φίλον
2565 363 2668 435 μὲν
2710 364 2871 435 ἡμῶν
2909 364 2999 418 τὸν
3029 364 3185 431 Θεὸν,
3231 366 3530 438 τραύματα
3557 366 3619 419 δὲ
3651 369 3703 420 αί

434 489 559 545 quae
588 473 654 528 ari
686 467 1043 528 coercendum
1072 483 1267 538 corpus
1302 467 1500 521 inﬂicta
1533 481 1633 523 nos
1664 465 1920 521 erudiunt
1950 465 2018 520 ad

434 567 687 623 salutem.

510 674 530 709 ι
568 655 736 711 Maria
785 665 968 709 autem
1019 662 1157 719 erat,
1205 667 1324 722 quae
1377 650 1533 706 unxit
1579 650 1868 706 Dominum
1918 665 2018 705 uu-

432 754 650 815 guento,
688 751 742 797 et
777 742 1003 797 extersit
1052 743 1217 812 pedes
1263 741 1381 811 ejus
1425 740 1633 806 capillis
1681 740 1823 807 suis;
1867 739 2020 810 cujus

429 837 605 891 frater
634 834 868 889 Lazarus
898 833 1295 888 inﬁrmabatur.
1335 851 1355 885 ι
1389 831 1529 898 Quid
1564 847 1661 902 per
1689 842 2017 901 unguentum

431 928 789 997 signiﬁcetur,
826 941 1013 996 quaeve
1055 926 1126 981 sit
1158 925 1276 994 ejus
1308 924 1534 992 utilitas,
1574 924 1770 995 quidve
1798 923 1897 979 sibi
1923 937 2020 978 vo-

428 1019 598 1074 luerit
623 1019 791 1090 pedes
816 1018 1026 1088 capillis
1052 1019 1385 1089 abstergere,
1404 1026 1589 1087 postea
1613 1015 1841 1071 dicetur.
1866 1013 2022 1070 Nune

426 1110 540 1180 jam
588 1112 874 1165 historiam
905 1109 1281 1179 explicandam
1316 1107 1721 1178 aggrediamur.
1754 1106 2019 1170 Quoniam

431 1210 556 1272 post
588 1200 747 1270 paulo
776 1203 841 1254 de
876 1211 1152 1270 unguento
1183 1206 1236 1252 et
1269 1197 1527 1252 "notione
1595 1194 1841 1248 dicturus
1880 1201 2019 1257 erat,

431 1310 532 1366 per
572 1293 1017 1363 anticipationem
1069 1293 1171 1349 hoc
1220 1292 1361 1358 loco,
1394 1288 1541 1360 quod
1595 1288 1833 1343 futurum
1881 1294 2020 1353 erat,

433 1386 672 1455 attingit.

510 1496 532 1529 ι
570 1478 828 1532 Ηὶεετιιηι
877 1491 1006 1548 ergo
1041 1489 1259 1530 sorores
1305 1473 1422 1543 ejus
1460 1471 1620 1544 160
1664 1470 1731 1526 ad
1768 1485 1891 1526 eum
1929 1470 2024 1524 di-

417 1577 618 1623 centes
639 1588 652 1623 :
676 1568 920 1636 Domine,
939 1584 1085 1635 ecce,
1108 1582 1453 1636 quemamas,
1475 1567 1803 1618 iutirmalur.
1838 1582 1856 1615 ›
1884 1560 2021 1629 Quid

431 1670 511 1719 est
541 1678 718 1718 causa;
749 1676 845 1715 cur
879 1662 1009 1731 ipsa:
1042 1677 1143 1715 non
1179 1660 1400 1723 adeant,
1431 1673 1494 1712 ac
1533 1671 1628 1725 per
1657 1669 1716 1710 se
1751 1670 1856 1710 non
1885 1670 2025 1708 nun-

2121 459 2260 530 πρὸς
2308 458 2586 529 σωτηρίαν
2648 456 2888 510 παιδεῖαι
2945 459 3028 521 είς
3084 458 3309 512 κόλασιν
3351 459 3453 529 τῆς
3499 458 3708 527 σαρκὸς

2118 548 2484 618 ἐπαγόμεναι.

2197 658 2218 691 ι
2244 635 2353 693 Ἦν
2393 640 2452 693 δὲ
2493 639 2686 709 Μαρία
2719 640 2753 710 ἡ
2796 637 3069 709 ἀλείψασα
3106 640 3201 694 τὸν
3250 638 3463 712 Κύριον
3523 641 3711 711 μύρῳ,

2120 732 2218 783 καὶ
2251 730 2542 800 ἐκμάξασα
2576 732 2700 794 ταῖς
2739 730 2916 801 θριξὶν
2944 731 3117 802 αὐτῆς
3148 732 3275 795 τοὺς
3306 730 3475 795 πόδας
3510 732 3711 797 αὐτοῦ,

2119 818 2189 896 ἧς
2217 825 2245 877 ό
2279 824 2509 892 ἀδελφὸς
2548 823 2805 894 Λάζαρος
2851 823 3092 893 ἠσθένει.
3128 841 3151 876 ι
3198 823 3267 876 Τί
3299 823 3401 894 μὲν
3440 824 3501 878 τὺ
3535 823 3716 895 μύρον

2123 915 2337 986 ἐδήλου,
2369 915 2463 968 καὶ
2505 915 2762 986 ἡτούτου
2811 914 3158 984 προσένεξις,
3209 915 3309 969 καὶ
3348 915 3410 968 τὺ
3453 916 3715 986 ἐκμάξαι

2120 1007 2250 1071 τοὺς
2270 1006 2441 1070 πόδας
2469 1005 2559 1059 διὰ
2586 1006 2697 1059 τῶν
2726 1006 2953 1077 τριχῶν,
2982 1010 3041 1061 ἐν
3070 1010 3185 1071 τοῖς
3215 1007 3505 1077 ἑπομένοις
3530 1008 3720 1081 ῥηθή-

2124 1115 2276 1152 σεται
2304 1113 2320 1130 ·
2370 1097 2467 1153 νῦν
2500 1097 2559 1152 δὲ
2605 1100 2708 1169 τῆς
2766 1098 3011 1171 ἱστορίας
3040 1098 3363 1171 ἀρξώμεθα.
3404 1099 3564 1155 Ἐπεὶ
3614 1096 3722 1155 οὖν

2122 1186 2321 1259 ἔμελλε
2375 1188 2515 1259 μετὰ
2564 1188 2761 1260 μικρὸν
2815 1189 3193 1259 μνημονεῦσαι
3232 1192 3337 1262 τῆς
3379 1190 3477 1244 τοῦ
3529 1189 3721 1263 μύρου

2124 1281 2420 1352 ἀλείψεως,
2452 1280 2849 1352 προληπτικῶς
2876 1280 3115 1336 ἐνταῦθα
3148 1281 3396 1355 περὶτοῦ
3420 1284 3725 1355 μέλλοντος

2124 1392 2303 1447 προση
2312 1374 2588 1445 μαίνεται.

2198 1486 2221 1521 ι
2253 1465 2607 1521 Ἀπέστειλαν
2636 1464 2732 1519 οὖν
2752 1466 2808 1519 al
2834 1465 3059 1536 ἀδελφαὶ
3073 1466 3239 1522 αὐτοῦ
3268 1467 3531 1537 λέγουσαι
3561 1485 3577 1501 ο
3598 1468 3731 1523 Κύ-

2129 1572 2233 1626 ριε,
2264 1555 2363 1620 ίδε,
2397 1555 2457 1608 δν
2489 1555 2687 1625 φιλεῖς,
2721 1554 2959 1609 ἀσθενεῖ.
3007 1573 3026 1607 ι
3064 1556 3130 1609 Τί
3172 1556 3376 1627 δήποτε
3415 1558 3519 1612 οὐκ
3546 1557 3731 1613 αὑταὶ

2126 1646 2544 1718 παραγίνονται,
2574 1647 2901 1716 αὐτάγγελοι
2932 1648 3030 1718 τῆς
3058 1649 3355 1720 πρεσϐείας
3375 1650 3681 1719 γενόμεναι
3710 1669 3731 1718 ;

433 1757 573 1811 tient
616 1766 673 1810 et
698 1722 1099 1823 deprecentur?
1130 1752 1361 1804 Maxime
1392 1764 1523 1804 sane
1552 1738 1896 1803 conﬁdebant
1923 1759 2021 1815 pro

2135 1736 2341 1807 Σφόδρα
2395 1735 2794 1808 τεθαῤῥηκυῖαι
2842 1731 3007 1808 ἦσαν,
3060 1738 3263 1809 πολλὴν
3296 1738 3523 1808 ἔχουσαι
3574 1742 3731 1811 πρὶς

436 1846 825 1907 familiaritate,
860 1857 980 1912 quae
1028 1841 1162 1911 ipsis
1209 1856 1333 1895 cum
1379 1838 1597 1894 Christo
1631 1836 2021 1892 intercedebat.

438 1936 549 1991 Iloe
598 1936 743 1990 enim
797 1935 885 1989 illa
936 1948 1069 1988 voce
1118 1931 1342 1986 allectus
1391 1931 1570 1985 indice
1618 1930 2020 1999 prodiderunt:

431 2045 460 2078 4
500 2025 747 2088 Domine,
770 2038 916 2086 ecce,
950 2037 1110 2092 quem
1141 2036 1309 2085 amas,
1341 2004 1667 2074 infirmatur.
1700 2038 1718 2071 ι
1757 2018 1849 2073 llis
1874 2018 2022 2074 enim

424 2116 678 2169 dolorem
731 2116 1018 2185 quemdam
1056 2126 1124 2168 ac
1160 2113 1319 2166 modo
1356 2127 1464 2166 non
1518 2121 1791 2181 stuporem
1827 2125 1935 2181 prae
1965 2124 2026 2165 se

436 2205 638 2270 ferunt,
673 2203 815 2272 quod
856 2202 1089 2256 amicum
1124 2200 1336 2255 Domini
1375 2200 1597 2254 morbus
1633 2197 1891 2268 attigerit.
1926 2194 2025 2251 Vi-

434 2295 637 2349 debant
669 2295 831 2349 etiam
875 2293 1099 2349 fratrem
1138 2293 1298 2349 morti
1328 2293 1530 2347 sensim
1565 2291 2024 2361 apprOpinquare.

434 2383 729 2439 'l‘imebant
762 2384 931 2453 igitur
959 2399 1027 2439 ne
1056 2384 1371 2439 novissimis
1402 2382 1519 2451 ejus
1548 2384 1734 2438 verbis
1779 2390 2027 2452 aspectu-

432 2489 542 2544 que
588 2476 952 2545 privarentur.
988 2475 1263 2531 Fortassis
1291 2475 1476 2551 etiam,
1507 2475 1647 2544 quod
1684 2474 1943 2531 Dominus
1971 2474 2024 2529 in

430 2565 656 2622 deserto
702 2568 821 2622 loco
864 2576 1318 2631 commoraretur,
1367 2568 1642 2638 segniores
1681 2582 1775 2621 eos
1810 2565 2026 2632 ell‘ecit;

430 2674 544 2714 non
579 2659 720 2713 enim
756 2669 884 2714 tunc
911 2660 966 2714 in
1000 2659 1221 2714 civitate
1252 2658 1508 2729 degebat,
1538 2658 1635 2713 sed
1670 2663 1804 2711 ultra
1837 2655 2032 2711 Jorda-

438 2766 582 2806 nem.
610 2751 993 2807 Verumtamen
1023 2752 1090 2805 ab
1118 2751 1277 2806 oﬂicii
1311 2750 1664 2819 perfectione,
1688 2763 1862 2819 eoque
1882 2748 2028 2818 quod

436 2843 684 2908 decebat,
714 2845 869 2898 valde
906 2844 1172 2898 defecisse
1202 2853 1524 2913 arguuntur.
1557 2840 1858 2910 Oportebat
1883 2841 2027 2894 enim

2124 1828 2365 1898 Χριστὸν
2391 1830 2723 1899 οἰκειότητα.
2770 1831 2947 1885 Τοῦτο
2971 1831 3083 1902 γάρ
3125 1829 3335 1894 ἔδειξαν
3367 1832 3463 1886 καὶ
3490 1832 3582 1885 διά
3612 1832 3735 1902 τῆς

2127 1922 2469 1991 τεεριπαθοῦς
2501 1924 2722 1994 ἐκείνης
2749 1925 2959 1996 φωνῆς·
2998 1942 3019 1976 ι
3050 1924 3248 1995 Κύριε,
3281 1924 3381 1990 ίδε,
3420 1923 3482 1977 ὃν
3512 1924 3731 1992 φιλεῖς,

2126 2013 2366 2069 ἀσθενεῖ.
2407 2031 2426 2065 ι
2458 2014 2761 2087 Μονονουχὶ
2792 2016 2905 2086 γὰρ
2932 2015 3320 2087 ἀσχάλλουσιν,
3340 2015 3737 2088 ἐκπληττόμε-

2128 2124 2220 2162 ναι
2249 2107 2367 2170 πῶς
2397 2109 2735 2161 Δεσποτικοῠ
2769 2108 2927 2178 φίλου
2962 2109 3118 2171 νόσος
3146 2107 3455 2179 καθήψατο.
3495 2108 3736 2179 Ἑὼρων

2128 2199 2185 2252 δὲ
2215 2200 2309 2252 καὶ
2338 2200 2432 2253 τὸν
2463 2200 2694 2271 ἀδελφὸν
2730 2201 2809 2268 τῷ
2834 2200 3053 2273 θανάτῳ
3082 2202 3225 2256 κατὰ
3255 2202 3431 2273 βραχὺ
3470 2202 3737 2270 γειτνιά-

2131 2288 2315 2354 ζοντα.
2368 2288 2748 2343 Ἐδεδοίκεσαν
2802 2289 2896 2343 οὖν
2940 2290 3015 2362 μὴ
3063 2293 3166 2361 τῆς
3214 2278 3449 2363 ἐσίάτης
3501 2291 3736 2345 ἐκείνου

2128 2382 2512 2452 ἀπολειφθεῐεν
2563 2381 2749 2452 φωνῆς
2791 2399 2852 2435 τε
2910 2383 3007 2438 καὶ
3067 2384 3268 2454 ὄψεως.
3330 2384 3487 2448 Ἴσως
3527 2386 3585 2438 δὲ
3625 2389 3745 2438 καὶ

2130 2475 2165 2546 ἠ
2225 2475 2284 2527 ἐν
2357 2477 2424 2546 τῇ
2488 2476 2682 2547 ἐρήμῳ
2768 2474 2866 2527 τοῦ
2959 2476 3217 2549 Σωτῆρος
3291 2479 3543 2551 διατριϐὴ
3628 2480 3746 2534 τὸν

2126 2562 2291 2617 ὄκνον
2358 2564 2552 2628 αὑταῖς
2616 2564 2935 2632 ἐνεποίησεν
2962 2582 2978 2598 ·
3028 2567 3088 2620 οὐ
3134 2570 3239 2641 γὰρ
3270 2570 3329 2622 ἐν
3369 2570 3522 2624 πόλει
3572 2572 3747 2636 τότε,

2130 2655 2268 2711 ἀλλὰ
2327 2655 2503 2725 πέραν
2584 2656 2855 2727 Ἰορδάνου
2889 2657 3153 2729 διέτρισε.
3217 2662 3365 2733 Πλὴν
3419 2662 3534 2717 ἀλλ’
3566 2665 3751 2732 ἐλέγ-

2131 2764 2320 2818 χονται
2364 2747 2507 2801 κατά
2557 2747 2694 2801 πολὺ
2744 2748 3151 2818 διαμαρτοῦσαι
3203 2753 3299 2806 τοῦ
3345 2754 3552 2808 τελείου
3632 2759 3752 2810 καὶ

2135 2840 2465 2911 πρέποντος.
2503 2840 2705 2912 Ἐχρῆν
2736 2840 2842 2916 γὰρ
2871 2845 3070 2909 αὐταῖς
3099 2843 3345 2916 ζηλῶσαι
3382 2848 3478 2919 τὴν
3518 2848 3753 2903 Σουνα-

432 2949 531 2989 eas
567 2933 961 2988 Sunamitidem
1000 2932 1144 2987 illam
1179 2932 1441 2997 renutlari,
1476 2945 1597 3000 quae
1644 2931 1754 2984 lilio
1784 2931 1891 2998 iam
1923 2930 2026 2983 vita

2141 2932 2343 3003 μίτιδα,
2377 2933 2411 3003 ἢ
2444 2934 2543 2987 καὶ
2571 2935 2902 3006 τεθνηκότος
2935 2938 3036 3009 ῆδη
3066 2939 3160 2992 τοῦ
3193 2940 3382 3004 παιδὸς
3402 2940 3515 2995 οὔτ’
3546 2943 3754 3016 ἀπήλ-

436 3023 719 3089 del'uncto,
766 3039 865 3079 nec
913 3040 1064 3091 spem
1119 3023 1340 3091 abjccit,
1380 3038 1557 3093 neque
1605 3022 1671 3077 ad
1720 3020 2026 3077 Carmelum

2136 3041 2319 3091 πισεν,
2347 3023 2460 3078 οὒτ’
2490 3023 2709 3096 ὤκνησε
2731 3026 2967 3098 δραμεῖν
2992 3030 3128 3101 πρὸς
3160 3030 3261 3102 τὴν
3289 3031 3613 3103 Κάρμηλον.

430 3123 675 3168 montem
711 3128 1005 3184 properare
1030 3114 1295 3169 dubitavit
1325 3114 1393 3169 ’⁸.

520 3223 541 3258 ι
583 3204 828 3261 Audiens
862 3216 1044 3260 autem
1070 3204 1231 3262 Jesus
1260 3206 1399 3260 dixit
1424 3224 1438 3260 :
1466 3204 1757 3260 lntlrmitas
1787 3206 1899 3259 haec
1929 3220 2034 3260 non

439 3307 521 3354 est
551 3299 618 3354 ad
649 3310 902 3364 mortem,
948 3301 1043 3353 sed
1090 3314 1187 3369 pro
1234 3299 1401 3369 gloria
1437 3298 1569 3363 Dei,
1618 3308 1674 3353 ut
1707 3298 2036 3368 glorilicetur

440 3391 612 3447 Filius
638 3391 732 3447 Dei
765 3407 859 3461 per
885 3406 1029 3446 eam.
1064 3410 1083 3443 ι
1120 3392 1187 3445 Et
1218 3407 1344 3445 vero
1375 3404 1546 3446 morte
1576 3390 1725 3445 iluita
1757 3401 1874 3458 est;
1900 3406 2036 3460 quo-

442 3483 603 3538 modo
632 3499 759 3553 ergo
789 3484 853 3537 ad
887 3494 1115 3537 mortem
1166 3498 1272 3536 non
1322 3498 1443 3537 esse
1473 3483 1646 3537 dixit?
1676 3484 1745 3537 At
1782 3499 1887 3537 non
1919 3491 2037 3537 erat

439 3583 869 3629 consentaneum
901 3588 1096 3629 vocare
1127 3584 1358 3629 mortem
1393 3590 1512 3629 eam
1543 3590 1705 3644 quam
1738 3584 2035 3645 exceptura

442 3673 563 3720 erat
593 3666 742 3720 brevi
775 3666 1123 3721 resurrectio.
1151 3668 1233 3720 An
1268 3667 1432 3737 igitur
1463 3679 1520 3721 ut
1549 3668 1721 3737 gloria
1756 3667 1895 3721 Deus
1923 3668 2034 3721 alli-

439 3767 678 3822 ceretur,
712 3754 951 3810 Lazarus
984 3766 1232 3810 mortuus
1257 3757 1381 3811 est?
1410 3758 1783 3826 Nequaquam.
1814 3756 1920 3810 Sed
1947 3756 2037 3812 ille

438 3848 664 3919 quidem
693 3859 897 3902 natura:
927 3850 1273 3916 necessitate,
1301 3852 1568 3921 siquidem
1601 3866 1747 3906 mors
1786 3852 2036 3907 humana:

438 3950 648 3994 natura:
664 3940 955 4010 conjunCta
972 3951 1075 4007 est,
1093 3942 1327 3997 decessit
1346 3962 1358 3997 :
1380 3944 1472 3997 sed
1494 3958 1637 3997 mors
1660 3943 1747 3997 illa
1768 3944 1819 3996 in
1839 3942 2036 3998 divina:

438 4031 626 4099 gloria:
650 4031 1206 4099 vertitoecasionem;
1239 4048 1362 4085 nam
1401 4032 1530 4085 illud
1561 4042 1639 4097 ut,
1674 4032 1773 4085 hoc
1791 4031 1909 4086 loco
1928 4048 2031 4085 non

438 4136 658 4174 causam
685 4122 982 4190 signiﬁcat,
1015 4121 1108 4175 sed
1131 4130 1405 4176 eventum.
1442 4121 1619 4175 Multis
1642 4136 1771 4175 vero
1794 4123 1956 4176 etiam
1983 4123 2033 4176 in

441 4212 577 4267 locis
602 4214 715 4283 (79)
742 4213 844 4267 hac
868 4213 1124 4283 loquendi
1156 4215 1327 4285 ligura
1350 4229 1518 4268 sacrae
1543 4212 1764 4268 Litterae
1788 4224 2033 4269 utuntur.

442 4303 709 4373 Propheta
752 4305 1019 4373 siquidem
1056 4323 1070 4359 :
1110 4324 1131 4359 ι
1186 4306 1512 4369 Εηωεονίι,
1559 4307 1757 4376 inquit,
1802 4321 1895 4361 cor
1938 4323 2035 4361 eo-

444 4410 587 4459 rum,
639 4406 699 4449 ut
728 4397 971 4451 videntes
1004 4413 1108 4452 non
1160 4399 1377 4453 videant
1402 4399 1447 4430 "
1488 4415 1501 4452 :
1545 4417 1564 4451 ο
1613 4408 1668 4452 et
1699 4399 2031 4467 Apostolus:

450 4501 472 4536 ι
502 4482 610 4540 Lex
637 4494 815 4540 autem
840 4486 1192 4556 subintravit,
1218 4500 1276 4545 ut
1302 4490 1605 4545 abundaret
1626 4491 1884 4546 delictum
1908 4490 1976 4546 ³⁸.
2008 4510 2027 4543 ι

442 4576 511 4631 Et
553 4576 755 4642 saepius
789 4577 1097 4648 huiusmodi
1127 4596 1197 4636 ex
1224 4592 1419 4637 eventu
1452 4582 1598 4638 dicta
1644 4582 1827 4653 quivis
1878 4583 2032 4639 inve.

512 4739 557 4771 ⁸⁸
583 4735 651 4792 IV
686 4734 817 4807 Reg.
847 4752 922 4802 tv,
963 4736 1019 4792 5.

2212 3222 2234 3257 ‹
2276 3202 2543 3268 Ἀκούσας
2576 3204 2633 3258 δὲ
2658 3207 2688 3259 ό
2740 3204 2949 3276 Ἰησοῦς
2979 3202 3137 3262 εἶπεν
3157 3224 3173 3237 ο
3206 3207 3358 3280 Αὕτη
3401 3210 3434 3280 ἡ
3464 3210 3755 3268 ἀσθᾶνεια

2133 3294 2238 3350 οὐκ
2287 3296 2406 3348 ἐστι
2445 3296 2585 3367 πρὸς
2633 3297 2887 3363 θάνατον,
2937 3299 3057 3354 ἀλλ’
3100 3300 3247 3372 ὑπὲρ
3299 3301 3594 3373 τῆςσδόξης
3633 3308 3752 3361 τοῦ

2133 3388 2296 3452 Θεοῦ,
2327 3388 2415 3443 ἵνα
2448 3388 2679 3460 δοξασθῇ
2715 3392 2744 3443 ό
2776 3390 2904 3453 mg
2931 3390 3026 3443 τοῦ
3053 3392 3345 3463 ἀνθρώπου
3375 3393 3442 3447 δι’
3470 3394 3687 3452 αὑτοῦ.
3725 3419 3750 3452 a

2137 3480 2249 3534 Καὶ
2308 3479 2418 3549 μὴν
2471 3480 2605 3549 πρὸς
2659 3480 2891 3533 θάνατον
2952 3480 3155 3552 ἔληξεο
3197 3483 3316 3547 πῶς
3370 3480 3463 3538 οὖν
3517 3484 3700 3540 εἶπεν
3734 3504 3752 3518 ο

2141 3588 2160 3621 ι
2200 3572 2313 3624 Οὐκ
2342 3571 2456 3624 ἔστι
2485 3573 2622 3643 πρὸς
2654 3572 2919 3641 θάνατον;
2950 3593 2969 3626 ι
2991 3575 3132 3627 Ἀλλ’
3160 3572 3255 3629 οὖν
3279 3577 3379 3630 οὐκ
3405 3573 3471 3648 ἦν
3499 3579 3759 3635 ἀκόλουο

2137 3663 2229 3715 θον
2261 3664 2493 3717 θάνατον
2524 3664 2793 3735 ὀνομάσαι
2828 3666 2932 3737 τὴν
2986 3667 3124 3737 πρὸς
3169 3667 3344 3739 βραχὺ
3396 3670 3753 3730 ἀποδίωσιν.

2134 3750 2263 3824 Ἆρ’
2303 3750 2400 3809 οὖν
2421 3756 2510 3809 διὰ
2533 3756 2593 3809 τὸ
2621 3757 2944 3829 δοξασθῆναι
2974 3759 3067 3811 τὸν
3096 3759 3229 3813 Θεὸν
3263 3761 3488 3830 τέθνηκε
3538 3763 3758 3827 Λάζα-

2140 3863 2231 3917 ρος
2259 3862 2272 3911 ;
2299 3845 2600 3917 Οΰμενουν.
2642 3848 2787 3902 Ἀλλ’
2826 3849 2855 3902 ό
2901 3848 3001 3920 μὲν
3031 3851 3350 3919 ἀναγκαίως
3377 3852 3595 3906 ἀπεδίω
3624 3872 3756 3924 φυ-

2138 3942 2306 4005 σικῶς
2326 3982 2342 4008 ,
2375 3942 2469 3995 τοῦ
2497 3943 2727 3998 θανάτου
2759 3945 3110 4016 συνημμένου
3140 3949 3206 4017 τῇ
3239 3946 3420 4015 φύσει’
3449 3949 3754 4019 πρόφασις

2136 4031 2191 4084 δὲ
2224 4032 2413 4102 θεῖκῆς
2445 4032 2602 4105 δόξης
2638 4036 2666 4086 ό
2694 4035 2925 4099 θάνατος
2951 4038 3167 4106 γέγονε.
3200 4038 3274 4090 Τὸ
3311 4038 3441 4111 γὰρ,
3479 4040 3603 4106 ἳνα,
3639 4044 3754 4097 ὲν-

2136 4126 2315 4182 ταῦθα
2346 4128 2447 4182 οὐκ
2471 4130 2836 4197 αἰτιολογικόν
2868 4131 3043 4196 ἐστιν,
3074 4132 3189 4185 ἀλλ’
3214 4134 3278 4185 ἐκ
3295 4136 3392 4204 τῆς
3420 4134 3749 4201 ἐκϐάσεως.

2136 4219 2414 4291 Πολλαχοῦ
2461 4221 2518 4274 δὲ
2564 4222 2764 4292 χρῆται
2811 4223 2845 4293 ὴ
2886 4222 3081 4295 Γραφὴ
3134 4223 3311 4295 τούτῳ
3346 4225 3427 4296 τῷ
3460 4227 3748 4298 σχήματι.

2149 4313 2207 4365 Ὀ
2240 4313 2339 4381 μὲν
2369 4313 2477 4384 γάρ
2514 4314 2801 4383 προφήτης
2822 4330 2836 4345 ο
2868 4333 2887 4366 ι
2924 4315 3275 4386 Τετύφλωκε,
3311 4318 3501 4386 φησὶν,
3548 4320 3751 4375 αὐτῶν

2137 4402 2236 4463 τὰς
2285 4402 2563 4469 διανοίας,
2624 4402 2714 4455 ἵνα
2759 4403 3052 4473 βλέποντες
3098 4407 3174 4477 μὴ
3228 4406 3474 4476 βλάψωσι
3505 4422 3521 4437 ’
3566 4425 3586 4460 ι
3635 4413 3751 4466 καὶ

2149 4491 2475 4555 Ἀπόστολος
2503 4507 2517 4522 ο
2573 4509 2592 4543 ι
2627 4493 2814 4562 Νόμος
2874 4494 3149 4565 εἰσῆλθεν,
3201 4497 3286 4550 ἴνα
3340 4497 3618 4570 πλεονάσῃ
3677 4504 3752 4558 τὸ

2137 4582 2515 4655 παράπτωμα.
2546 4603 2567 4639 ι
2601 4585 2719 4641 Καὶ
2755 4586 3029 4660 πολλαχοῦ
3071 4607 3156 4655 τις
3185 4590 3340 4662 εὖροι
3376 4591 3443 4644 ἐκ
3467 4591 3565 4647 τοῦ
3591 4594 3749 4650 ἀπο-

1122 4738 1167 4771 ¹⁹
1200 4736 1303 4791 lsa.
1330 4751 1405 4801 vr,
1449 4735 1549 4803 l9;
1580 4735 1741 4793 Joan.
1797 4754 1896 4805 xu,
1927 4738 2018 4793 40.
2097 4738 2141 4772 ³⁸
2173 4739 2334 4796 Rom.
2368 4754 2423 4808 ν,
2444 4738 2536 4796 20.

1686 4857 2017 4921 Francisci
2049 4860 2260 4922 Scorsi
2292 4864 2481 4922 noue.

513 4982 626 5064 (79)
649 4981 844 5064 ulti;
871 4982 1030 5064 etigm
1065 4982 1216 5037 locis.
1244 4980 1368 5064 ί]ῳο
1387 4982 1753 5064 conﬁrmatio
1774 4982 1932 5038 ducta
1962 5000 2026 5040 ex

443 5053 568 5109 aliis
605 5056 884 5123 utriusque
941 5054 1269 5108 'l‘estamenti
1294 5054 1431 5107 locis
1468 5054 1692 5123 przecisa
1730 5054 1926 5118 fuerat,
1964 5064 2020 5109 et

441 5124 684 5193 quidem,
699 5131 757 5176 ut
773 5123 1035 5192 suSpicari
1058 5124 1202 5187 licet,
1222 5142 1249 5176 ιι
1280 5124 1502 5178 librario
1521 5126 1824 5193 compendii
1843 5139 2026 5187 causa,

442 5193 584 5265 quod
612 5194 729 5246 sine
776 5208 837 5246 ea
867 5197 1069 5263 integra
1118 5204 1403 5263 appareret
1453 5196 1897 5265 essegseuteutia,
1930 5195 2026 5265 sed

441 5263 503 5319 ea
543 5264 792 5316 restituta
846 5276 928 5317 est
963 5266 1225 5318 benelicio
1263 5281 1364 5319 ms.
1394 5266 1479 5319 cui
1510 5263 1768 5320 debemus
1796 5264 2026 5333 integri-

444 5344 609 5389 tatem
648 5334 803 5402 hujus
827 5333 1101 5398 homilite;
1139 5344 1223 5386 est
1252 5334 1395 5389 enim
1435 5334 1621 5388 Inutila
1649 5343 1703 5388 et
1753 5334 2021 5388 diminuta

444 5404 813 5473 tuultisilucis.
834 5403 1191 5473 pluribusque
1216 5405 1454 5473 periodis
1492 5406 1541 5457 in
1579 5414 1808 5473 utroque
1842 5418 2025 5458 exem-

444 5475 579 5542 plari
635 5472 693 5527 Ρ.
725 5482 779 5526 et
807 5471 867 5526 ν.
917 5471 1028 5543 Nec
1077 5471 1232 5543 vero'
1252 5476 1382 5529 satis
1413 5475 1681 5543 integrent
1708 5471 2025 5543 plerumque

445 5554 527 5596 est
574 5544 850 5612 exemplar
907 5542 1077 5596 Vatic.
1136 5542 1300 5612 Igitur
1359 5542 1600 5598 subsidio
1643 5542 2025 5612 rexemplarisa

446 5612 615 5667 Gallia
694 5611 993 5667 transmissi
1056 5611 1198 5681 quod
1271 5629 1390 5666 cum
1448 5614 1567 5668 aliis
1634 5611 2028 5667 Parisiensibus

448 5684 603 5737 codd.
635 5683 887 5739 collatum
918 5684 1117 5751 fuerat,
1174 5683 1265 5738 ubi
1293 5700 1352 5739 ea
1384 5701 1503 5754 quite
1532 5686 1585 5740 in
1620 5684 1742 5739 aliis
1784 5684 2026 5738 detracta

2130 4984 2371 5068 fuerant,
2411 4987 2849 5068 s_alva__comperi,
2911 4990 3123 5068 plenam
3148 5006 3286 5068 eam
3319 4993 3738 5067 perfectamque

2132 5058 2186 5111 in
2213 5058 2383 5134 lucem
2415 5059 2505 5113 do.
2544 5059 2669 5134 Htee
2710 5058 3045 5134 admonitum
3079 5064 3248 5118 semel
3272 5058 3530 5121 lectorem
3554 5058 3729 5134 volui,

2132 5138 2246 5180 uta
2280 5127 2462 5200 labore
2494 5144 2559 5183 ea
2620 5129 2853 5200 singulis
2911 5132 2962 5185 in
3002 5131 3135 5188 locis
3172 5136 3390 5189 notandi
3446 5153 3532 5191 me
3590 5127 3732 5194 lihe;

2130 5206 2298 5262 raret,
2320 5197 2587 5267 simulque
2617 5197 2899 5255 liberatam
2933 5202 3090 5255 [idem
3132 5220 3304 5257 meam
3354 5220 3478 5261 esse
3527 5209 3730 5264 intelli-

2127 5276 2295 5335 geret,
2331 5282 2513 5339 Aquam
2564 5270 2614 5322 in
2668 5270 2788 5323 aliis
2836 5272 3060 5338 praestiti
3098 5273 3373 5339 homiliis;
3437 5276 3527 5331 hic
3575 5283 3723 5333 enim

2128 5347 2273 5390 esset
2329 5337 2587 5408 longioris
2614 5337 3103 5415 _operae’scriptio,
3136 5353 3189 5415 et
3221 5337 3600 5415 multiplicatio
3624 5364 3730 5402 nu-

2132 5421 2429 5483 merorum,
2482 5410 2625 5478 quod
2691 5410 3032 5483 usuvenit’in
3088 5410 3391 5483 hujusmodi
3446 5418 3730 5473 veteribus

2135 5491 2287 5553 Iuss._,
2323 5479 2451 5553 _alia
2504 5487 2672 5553 atque
2724 5479 2829 5533 alia
2867 5498 3025 5536 manu
3068 5479 3407 5553 transcriptis
3430 5501 3537 5549 non
3577 5503 3725 5551 ram,

2134 5547 2275 5626 quod
2323 5545 2622 5626 legentibus
2665 5564 2794 5608 mss.
2843 5560 2897 5608 et
2959 5545 3314 5621 interpretum
3352 5556 3406 5611 iu
3450 5546 3515 5612 ea
3560 5545 3726 5617 notas-

2135 5616 2303 5673 culvis
2326 5620 2614 5675 constabit.
