4018 6206
389 275 499 345 ista
1563 264 2059 328 THEOPHANIS
2101 261 2442 325 CERAMEI
3563 261 3679 326 δενο

473 410 494 444 ι
528 390 595 446 Ut
617 403 746 459 ergo
771 384 995 449 audivit,
1019 382 1146 452 quia
1176 378 1576 441 intirmabatur,
1604 387 1731 431 tunc
1754 374 1969 443 quidem
2005 380 2050 436 Α

2154 392 2173 426 ι
2218 370 2441 459 Ὠςηοῦν
2497 372 2756 443 ήκουσεν,
2788 374 2869 427 ὅτι
2901 374 3145 441 ἀσθενεῖ,
3170 375 3293 429 τότε
3354 374 3456 445 μὲν
3516 377 3679 447 ἐμει⁴

392 486 590 537 mansit
627 458 903 534 inieodcm
952 476 1071 529 loco
1114 474 1325 527 duobus
1372 471 1584 534 diebus,
1617 467 1809 522 deinde
1854 474 1977 534 post

2093 481 2196 528 νεν,
2226 465 2285 517 ἐν
2307 458 2352 532 ᾧ
2394 458 2464 536 ἦν
2490 463 2663 534 τόπῳ,
2690 464 2786 518 δύο
2820 465 3039 536 ἡμέρας
3057 483 3070 495 °
3102 466 3300 523 ἔπειτα
3318 469 3460 540 μετὰ
3484 468 3680 522 τοῦτοι

390 574 512 629 hare
540 572 667 625 dicit
691 567 968 636 discipulis
993 564 1106 619 suis
1139 582 1153 618 :
1183 563 1382 617 Eamus
1409 562 1461 614 in
1483 559 1724 614 Jttdaram
1754 558 1973 611 iterum.

2089 557 2238 624 λέγει
2267 558 2382 619 τοῖς
2420 555 2693 627 μαθηταῖς
2719 557 2886 610 αὐτοῦ
2910 574 2923 587 ’
2961 558 3227 629 ’Λγωμεν
3277 561 3357 623 είς
3392 560 3495 631 τὴν
3542 559 3676 613 Ἰουο

393 665 591 719 Dicunt
643 661 691 715 ei
744 657 989 727 discipuli
1040 673 1054 710 :
1097 654 1306 719 Rabhi,
1366 666 1511 707 nunc
1563 648 1874 719 quaerebant
1928 658 1979 701 te

2088 650 2239 705 δαίαν
2261 650 2465 705 πάλιν.»
2502 649 2769 718 Λέγουσιν
2798 649 2948 713 αὐτῷ
2999 653 3047 703 οἱ
3094 651 3342 722 μαθηταί
3372 669 3387 684 ο
3442 653 3675 715 Ῥαϐϐὶ,

393 755 561 813 Judati
613 752 874 821 lapidare,
923 759 977 804 et
1025 749 1223 803 iterum
1256 746 1406 800 vadis
1441 743 1601 797 illuc?
1650 761 1668 793 ›
1704 741 1849 795 Duos
1882 753 1980 793 ex-

2095 742 2184 795 νῦν
2201 741 2434 813 ἐζήτουν
2462 758 2524 794 σε
2550 743 2601 795 οἱ
2638 742 2888 795 Ἰουδαῖοι
2942 742 3189 808 λιθάσαι,
3224 743 3319 797 καὶ
3347 745 3515 800 πάλιν
3573 745 3682 797 ὑπ-

393 855 607 918 spectat
640 846 755 900 dies
796 852 854 897 ut
889 850 1213 913 potestatem
1246 848 1454 893 naturae
1497 836 1661 890 faciat
1687 832 1977 889 exercendi

2096 835 2242 903 έιγεις
2271 836 2424 902 basi;
2463 854 2483 887 ι
2518 834 2625 888 Δύο
2654 836 2873 906 ἡμέρας
2901 836 3232 907 προσμένει,
3268 836 3455 907 χώραν
3494 838 3683 903 διδοὺς

390 939 501 994 vim
539 938 696 1008 162
727 950 916 1001 suam;
952 943 1009 988 ut
1046 933 1277 1000 scilicet,
1310 940 1592 1001 pttStquam
1621 943 1770 982 mors
1812 925 1977 980 auda«

2097 927 2152 994 τῇ
2178 923 2343 993 φύσει
2366 926 2666 996 ἐνεργῆσαι
2700 925 2763 978 τὸ
2791 926 2959 979 ίδιον·
2992 928 3068 992 ῶς
3096 931 3164 984 ἂν
3210 930 3298 982 ἐπ’
3329 929 3519 993 ἁδείας
3581 929 3684 983 τοῦ

389 1036 511 1083 cter
543 1029 816 1083 dominata
864 1026 1077 1089 fuisset,
1112 1023 1285 1089 majus
1330 1021 1710 1076 ostenderetur
1740 1017 1976 1071 miracu-

2101 1017 2326 1071 θανάτου
2351 1019 2903 1090 κατακρατήσαντος,
2935 1021 3125 1091 δειχθῇ
3163 1022 3223 1076 τὸ
3254 1022 3444 1092 θαῦμα
3492 1041 3688 1094 παρα-

398 1121 508 1175 lnm
564 1132 618 1173 et
672 1120 843 1189 magis
892 1118 1251 1187 inopinatum.
1306 1112 1363 1167 Si
1396 1112 1539 1167 enim
1581 1127 1611 1166 e
1655 1109 1883 1178 vestigio
1926 1109 1980 1162 in

2097 1110 2389 1181 Βοξότερον.
2422 1110 2485 1164 El
2513 1110 2624 1181 γὰρ
2656 1110 2821 1174 εὐθὺς
2855 1112 2938 1176 εἰς
2975 1111 3252 1184 Βηθανίαν
3316 1115 3684 1186 ἐξώρμησεν,

396 1211 716 1267 Bethaniam
771 1208 1047 1279 profectus
1093 1216 1260 1270 esset,
1326 1220 1431 1259 non
1485 1212 1603 1259 erat
1654 1202 1982 1258 conveniens

2098 1206 2189 1258 οὐκ
2216 1200 2285 1275 ἦν
2309 1205 2458 1268 εἰκὸς
2496 1203 2758 1258 τεθνάναι
2784 1205 2878 1258 τὸν
2905 1206 3183 1278 Λάζαρον.
3219 1208 3332 1262 Καὶ
3363 1208 3475 1279 γάρ
3526 1210 3685 1280 ἀμή-

398 1304 663 1359 Lazarum
696 1303 870 1367 mori;
907 1316 1011 1356 non
1045 1302 1188 1356 enim
1222 1299 1335 1354 fieri
1390 1307 1588 1365 potest,
1618 1304 1677 1349 ut
1712 1309 1856 1349 mors
1883 1308 1985 1363 po-

2100 1315 2275 1369 χανον,
2295 1297 2396 1367 τῆς
2417 1296 2567 1366 ζωῆς
2599 1297 2906 1368 παρούσης,
2932 1298 3157 1371 ἐνεργον
3187 1299 3422 1371 ὀφθῆναι
3455 1301 3551 1355 τὸν
3581 1302 3687 1356 θά-

400 1403 520 1448 tcns
568 1402 846 1463 appareat,
900 1393 1008 1444 vita
1055 1398 1345 1460 praesente.
1396 1386 1654 1455 Discipuli
1701 1384 1886 1453 igitur,
1923 1390 1985 1436 ut

2099 1406 2271 1444 νατον.
2293 1391 2356 1442 Ol
2382 1390 2563 1443 τοίνυν
2594 1390 2836 1460 μαθηταὶ
2853 1392 3192 1456 ἀκούσαντες
3219 1393 3281 1446 τό
3299 1410 3313 1426 ⁸
3360 1412 3379 1445 ι
3410 1394 3686 1465 Ι’Ἄγωμεν

401 1486 741 1540 audierunt:
796 1502 815 1533 ι
861 1484 1057 1536 Eamus
1105 1482 1155 1535 in
1197 1479 1459 1545 Judaeam,
1502 1496 1519 1529 ι
1565 1486 1618 1531 et
1654 1483 1982 1539 metuentes,

2100 1482 2173 1545 είς
2232 1480 2332 1552 τήν
2374 1481 2710 1547 Ἰουδαίαν,ι
2746 1482 2844 1535 καὶ
2900 1483 3225 1548 δεδοικότες,
3283 1484 3359 1556 μὴ
3412 1487 3514 1553 τῆς
3573 1486 3687 1539 τῶν

398 1592 470 1630 ne
516 1575 714 1629 Judaeis
748 1575 1007 1628 Dominus
1055 1571 1258 1626 furoris
1287 1579 1429 1624 esset
1456 1569 1693 1633 occasio,
1728 1582 1835 1621 non
1867 1565 1985 1619 ausi

2107 1572 2386 1626 Ἰουδαίων
2409 1572 2611 1642 λύττης
2641 1572 2805 1641 ἔργον
2833 1575 2861 1626 ό
2878 1574 3207 1639 διδάσκαλος
3227 1576 3483 1647 γένηται,
3503 1578 3691 1630 ἀλιτειο

402 1670 618 1738 qnidem
654 1677 778 1721 sunt
805 1667 1217 1725 contradicere,
1252 1662 1348 1716 sed
1380 1676 1478 1730 per
1523 1660 1758 1727 speciem
1794 1658 1983 1711 admo-

2100 1667 2217 1717 πεῖν
2242 1664 2341 1734 μὲν
2361 1665 2463 1718 οὐκ
2497 1666 2936 1739 ἐθρασύνθησαν,
2966 1670 3025 1721 ἐν
3059 1671 3420 1743 προσποιήσει
3453 1669 3510 1723 δὲ
3543 1673 3687 1723 ὐπο-

401 1761 564 1816 nendi
597 1778 627 1815 a
659 1760 925 1815 sententia
960 1758 1108 1810 illum
1142 1754 1410 1809 deducere
1458 1751 1640 1809 conati
1675 1760 1838 1815 sunt;
1869 1758 1988 1816 apto

2105 1757 2350 1826 μνήσεως
2384 1757 2643 1827 ἀπεῖρξαι
2691 1759 2883 1813 τοῦτον
2918 1759 3099 1829 ὁρμῆς
3144 1742 3549 1832 ἐπειράθησαν,
3596 1779 3692 1813 πι-

405 1855 659 1907 nimirnm
716 1852 782 1904 ad
834 1847 1267 1918 persuadendum
1320 1846 1503 1899 dicere
1552 1841 1984 1912 aggrediuntur:

2105 1848 2273 1912 θανῶς
2311 1848 2475 1918 δῆθεν
2523 1852 2960 1923 ἐπιχειρίσαντες
2982 1867 2998 1882 ο
3033 1870 3052 1904 ι
3084 1853 3301 1919 Ῥαόὄὶ,
3325 1854 3420 1908 νῦν
3453 1854 3692 1925 ἐζήτουν

408 1963 431 1996 4
476 1944 754 2013 Magister,
790 1954 934 1994 nunc
981 1938 1298 2007 quaerebant
1346 1944 1397 1990 te
1425 1933 1596 1988 Judaei
1648 1931 1909 2000 lapidare,
1938 1936 1992 1984 et

2106 1957 2158 1993 σε
2190 1941 2239 1992 oi
2275 1940 2523 1993 Ἰουδαῖοι
2548 1941 2794 2008 λιθάσαι,
2818 1942 2914 1996 καὶ
2951 1943 3117 1997 πάλιν
3148 1946 3302 2009 ἐκεῖ;
3330 1963 3348 1997 ι
3384 1945 3453 1998 Τί
3508 1941 3606 1999 οὖν
3661 1948 3693 1999 ό

407 2038 605 2091 iterum
642 2034 789 2088 vadis
814 2030 975 2086 illuc?
1002 2050 1018 2081 ι
1058 2029 1196 2095 Quid
1231 2028 1396 2097 igitur
1429 2023 1713 2080 Salvator?
1741 2021 1846 2075 Per
1871 2034 1992 2075 sen-

2103 2031 2330 2102 Σωτήρ;
2360 2033 2462 2085 Διὰ
2490 2033 2601 2088 τῶν
2630 2034 2910 2107 αἰσθητῶν
2948 2035 3115 2089 πάλιν
3163 2036 3358 2105 ἀνάγει
3392 2036 3503 2106 ⁸τὸν
3557 2039 3690 2093 νοῦν

405 2128 584 2184 sibilia
625 2127 821 2180 iterum
853 2133 1086 2178 mentem
1143 2135 1329 2176 eorum
1375 2116 1533 2187 erigit
1571 2118 1639 2171 ad
1672 2114 1886 2181 altiora,
1937 2121 1992 2169 et

1728 2114 1886 2181 tiora,
1937 2121 1993 2169 et.
2097 2125 2278 2180 αὐτῶν
2310 2128 2392 2192 εἰς
2414 2125 2482 2180 τὰ
2522 2126 2858 2199 ὑψηλότερα,
2886 2128 3065 2197 λέγων
3104 2130 3312 2195 αὐτοῖς’

404 2225 485 2279 ait
516 2220 620 2276 illis
652 2236 667 2273 :

485 2332 503 2365 ι
530 2312 716 2367 Nonne
743 2306 1027 2363 duodecim
1060 2313 1185 2361 sunt
1212 2304 1359 2359 hora:
1385 2301 1533 2359 diei?
1566 2300 1623 2357 Si
1655 2301 1777 2370 quis
1806 2299 1994 2355 ambu-

2178 2328 2197 2361 ι
2221 2309 2359 2379 Οὐχὶ
2389 2308 2603 2364 δώδεκα
2630 2304 2773 2382 ὧραί
2814 2310 2922 2364 είσι
2950 2310 3051 2381 τῆς
3100 2310 3314 2382 ἡμέρας
3343 2330 3359 2377 ;
3424 2312 3555 2366 Ἐάν
3603 2331 3693 2377 τις

407 2405 604 2460 laverit
627 2404 679 2457 in
707 2402 814 2466 die,
846 2415 951 2454 non
980 2397 1225 2462 offendit,
1256 2396 1381 2467 quia
1413 2394 1585 2449 lucem
1617 2392 1779 2463 hujus
1809 2392 1990 2448 mumli

2103 2400 2470 2471 περιπατήσει
2514 2404 2574 2455 ἐν
2614 2406 2680 2473 τῇ
2740 2404 2951 2474 ἡμέρᾳ,
3002 2404 3065 2456 ού
3109 2404 3464 2474 προσκόπτει,
3510 2406 3595 2458 ὅτι
3624 2408 3690 2459 τὸ

410 2495 560 2551 videt
586 2513 599 2548 :
631 2495 674 2548 si
704 2503 883 2546 autem
913 2490 1274 2544 ambulaverit
1301 2487 1355 2542 in
1390 2496 1567 2551 nocte,
1598 2475 1842 2549 offendit,
1867 2484 1993 2553 quia

2105 2492 2218 2561 φῶς
2264 2493 2359 2547 τοῦ
2389 2494 2596 2563 κόσμου
2631 2492 2826 2567 τούτου
2874 2492 3099 2564 βλέπει*
3169 2494 3265 2547 ἐὰν
3306 2495 3364 2548 δέ
3392 2513 3479 2559 τις
3527 2514 3692 2567 περι-

409 2587 499 2641 lux
547 2587 600 2641 in
636 2600 700 2641 eo
733 2600 836 2638 non
885 2592 987 2638 est.
1032 2599 1051 2633 ι
1085 2580 1292 2645 Quibus
1336 2578 1515 2634 verbis
1549 2578 1649 2631 hoc
1680 2576 1949 2646 signiticat
1977 2591 1993 2629 :

2108 2587 2266 2639 πατεῖ
2320 2588 2378 2639 ἐν
2424 2588 2490 2656 τῇ
2560 2565 2737 2652 νυκτί,
2796 2586 3158 2657 προσκόπτει,
3195 2587 3277 2641 δτι
3334 2587 3397 2641 τδ
3462 2565 3695 2657 φῶς-ἐν

412 2677 525 2735 Vos
555 2677 769 2747 quidem
807 2673 1192 2741 exhorruistis,
1213 2671 1586 2726 existimantes
1616 2683 1703 2723 me
1734 2683 1763 2721 a
1794 2666 1996 2722 Judzeis

2109 2674 2251 2747 αὐτῷ
2272 2676 2373 2729 ούκ
2401 2675 2568 2731 ἔστιν.
2598 2694 2618 2729 ι
2657 2678 2723 2731 Ὃ
2750 2676 2901 2747 λέγει
2960 2677 3208 2733 τοιοῦτόν
3262 2682 3417 2733 ἐστιν
3436 2695 3453 2711 ’
3492 2681 3696 2751 Ὑμεῖς

416 2771 686 2843 lapidibus
715 2766 1084 2839 impetendum
1114 2783 1129 2819 :
1159 2765 1256 2820 sed
1298 2764 1453 2833 longe
1483 2777 1513 2816 a
1553 2761 1832 2817 verisimili
1865 2775 2000 2816 con-

2110 2767 2206 2839 μὲν
2235 2769 2732 2843 κατωρῤωδήκατε,
2760 2769 3073 2841 νομίζοντες
3096 2770 3201 2824 ὑπὸ
3216 2771 3494 2826 Ἰουδαίων
3518 2791 3697 2828 κατα-

408 2864 620 2934 jcctura
656 2861 942 2915 aberratis.
997 2857 1051 2912 Si
1096 2857 1240 2912 enim
1270 2856 1361 2926 qui
1401 2855 1468 2909 de
1499 2855 1589 2910 die
1620 2853 1674 2909 in
1722 2852 1888 2909 horas
1917 2854 1995 2908 di-

2110 2862 2396 2932 λευσθῆναί
2458 2879 2551 2933 με,
2603 2862 2749 2918 κατὰ
2807 2862 2946 2915 πολὺ
3010 2863 3069 2917 δὲ
3126 2862 3223 2917 τοῦ
3292 2864 3508 2930 είκότος
3568 2884 3697 2921 στο-

416 2970 606 3010 menso
632 2952 914 3007 duodecim
971 2948 1231 3014 ambulat,
1266 2957 1413 3002 recta
1439 2947 1634 3015 pergit,
1664 2954 1718 2999 et
1748 2944 1865 3000 sine
1892 2944 1998 2999 ulla

2108 2953 2322 3025 χασμοῦ
2348 2952 2777 3011 ἐκπεπτώκατε.
2813 2955 2881 3008 Ei
2909 2954 3019 3028 γάρ
3043 2956 3144 3027 τῆς
3193 2956 3412 3029 ἡμέρας
3445 2960 3529 3023 είς
3582 2959 3695 3013 δὼ-

414 3047 734 3110 nll‘ensione,
786 3051 1009 3110 tutoque
1056 3040 1278 3096 coniicit
1312 3040 1451 3106 iter,
1486 3038 1757 3107 quomodo
1802 3052 1899 3093 vos
1933 3037 2001 3092 de

2111 3048 2239 3102 δεκα
2270 3046 2423 3119 ὥρας
2456 3048 2870 3121 διαιρουμένης,
2899 3051 2929 3104 δ
2967 3052 3026 3104 ἐν
3065 3050 3202 3121 αὐτῇ
3238 3053 3573 3122 περιπατῶν
3600 3055 3698 3107 εύ-

416 3154 526 3205 me,
555 3137 647 3209 qui
684 3137 771 3190 lux
809 3134 995 3189 tnttndi
1045 3148 1188 3198 sum,
1220 3130 1641 3202 pertimescitis?
1675 3129 1731 3185 Si
1768 3130 1859 3185 lux
1890 3130 2003 3186 haac

2111 3141 2378 3214 στιδήτως
2404 3141 2702 3213 διέρχεται,
2738 3143 3129 3214 άπρόσκοπτον
3173 3145 3269 3197 καὶ
3314 3145 3537 3217 ἀσφαλῆ
3595 3164 3698 3200 πο-

413 3230 663 3300 subjecta
701 3227 882 3283 sensui
918 3227 1087 3296 ipsam
1120 3225 1393 3279 intuentes
1423 3232 1644 3293 praestat
1668 3222 1999 3288 incolumes,

2111 3234 2262 3305 ρείαν
2293 3233 2647 3305 ποιούμενος,
2675 3234 2793 3301 πῶς
2821 3237 2983 3306 ὑμεῖς
3010 3237 3141 3307 περὶ
3181 3236 3316 3309 ἐμοῦ
3362 3237 3459 3292 τοῦ
3512 3242 3698 3309 φωτὸς

420 3323 596 3392 magis
629 3335 754 3376 vera
791 3334 854 3373 ac
886 3319 1068 3373 divina
1123 3316 1216 3371 lux
1253 3315 1360 3371 ictu
1395 3315 1634 3385 lapidum
1671 3315 1849 3385 potior
1877 3316 2001 3370 erit.

2112 3326 2201 3381 τοῦ
2240 3327 2451 3399 κόσμου
2489 3330 2839 3398 πεφρίκατες
2894 3331 2957 3383 ΕΞ
2986 3330 3098 3401 γὰρ
3146 3330 3208 3384 τὸ
3258 3331 3518 3403 αἰσθητὸν
3575 3334 3699 3404 φῶς

412 3420 594 3485 Atque
620 3414 707 3469 hic
733 3427 865 3468 sane
891 3420 973 3466 est
997 3410 1125 3465 dicti
1150 3407 1310 3477 hujus
1342 3422 1534 3464 sensus
1562 3409 1802 3463 exterior
1828 3426 1844 3463 :
1874 3424 1999 3465 con-

2112 3420 2229 3483 τοὺς
2280 3419 2414 3474 αύτδ
2476 3420 2773 3491 βλέποντας
2832 3423 3257 3495 άπροσκόπτους
3295 3428 3483 3497 τηρεῖ,
3547 3428 3699 3482 κατὰ

418 3509 574 3563 venit
602 3517 785 3562 autem
820 3520 917 3560 nos
950 3501 1289 3558 reconditum
1327 3501 1529 3570 aliquid
1571 3500 1799 3557 interius
1829 3502 2002 3558 intro-

2218 3512 2241 3565 b
2288 3512 2348 3565 τὸ
2368 3512 2627 3584 ἀληθινὸν
2680 3513 2776 3568 καὶ
2842 3514 2986 3569 θεῖον
3031 3517 3151 3585 φῶς
3208 3517 3483 3588 ἀνώτερον
3538 3518 3697 3574 ἔσται
3802 3572 3805 3575 .

414 3606 651 3676 spicere.
681 3602 834 3667 Quod
860 3600 1004 3654 enim
1058 3595 1377 3669 profundius
1406 3594 1661 3665 quiddam
1692 3595 1807 3650 htec
1828 3596 2001 3650 oratio

2111 3605 2207 3674 τῆς
2230 3605 2341 3658 τῶν
2363 3604 2532 3660 λίθων
2564 3606 2755 3676 βολῆς.
2796 3607 2946 3679 Αὕτη
2978 3609 3078 3678 μὲν
3111 3611 3143 3680 ἡ
3193 3611 3337 3665 κατὰ
3387 3611 3450 3665 τὺ
3499 3615 3698 3682 φαινό-

419 3698 679 3762 involvat,
705 3695 945 3751 ostendit
976 3706 1063 3746 res
1095 3690 1212 3760 ipsa
1242 3689 1585 3743 dissentanea
1618 3688 1837 3743 rationi.
1868 3687 2001 3742 Nam

2111 3714 2270 3767 μενον
2300 3698 2509 3753 διάνοια
2537 3698 2631 3753 τοῦ
2662 3702 2833 3771 ῥητοῦ
2856 3717 2869 3729 ·
2906 3700 3012 3772 χρὴ
3041 3701 3097 3754 δὲ
3127 3702 3276 3773 ἡμᾶς
3305 3702 3482 3756 καὶτὸ
3544 3704 3698 3759 ἔνδον

422 3804 595 3858 neque
621 3788 709 3858 qui
740 3796 902 3840 noctu
932 3782 1191 3845 ambulat,
1226 3781 1534 3835 necessario
1556 3777 1800 3847 oll‘endit,
1829 3794 2003 3850 neque

2113 3791 2476 3843 κατοπτεῦσαι
2503 3793 2843 3864 ἀπόρρητον.
2868 3793 2995 3847 Ὀτι
3059 3794 3169 3866 γάρ
3234 3796 3537 3869 βαθύτερόν
3584 3817 3637 3853 τι
3668 3801 3700 3853 ὁ

420 3883 668 3956 quisquis
724 3878 978 3943 interdiu,
1008 3876 1075 3929 ab
1124 3872 1452 3929 oil‘endiculo
1499 3880 1646 3927 tutus
1693 3880 1795 3926 est.
1848 3871 2003 3927 Nunc

2114 3880 2269 3949 λόγος
2297 3882 2622 3950 αἰνίττεται,
2648 3886 3008 3940 δείκνυσιτοῦ
3043 3890 3373 3960 πράγματος
3395 3892 3454 3944 τὸ
3515 3895 3701 3963 παρά-

419 3977 677 4047 quoniam
720 3973 824 4028 diei
860 3969 1139 4026 distribuit
1189 3970 1372 4032 horas,
1405 3965 1577 4019 noctis
1616 3975 1794 4019 autem
1845 3979 2000 4018 men-

2110 3972 2286 4042 λογον⁹
2316 3972 2441 4025 οὔτε
2465 3974 2575 4042 γὰρ
2598 3975 2656 4026 έν
2688 3976 2845 4028 νυκτὶ
2866 3976 3101 4046 βαδίζων
3138 3979 3196 4042 ἐξ
3222 3979 3480 4051 ἀνάγκης
3518 3998 3697 4052 προσ-

416 4073 616 4124 «ἱοιιειιι
636 4068 862 4129 faciens,
885 4063 1086 4118 nullum
1112 4061 1177 4116 de
1197 4060 1345 4115 horis
1363 4057 1569 4129 profert
1593 4059 1836 4121 verbum,
1859 4057 2001 4127 quod

2108 4068 2318 4131 κόπτει,
2340 4064 2465 4121 abte
2492 4068 2601 4130 πᾶς
2626 4067 2683 4121 ἐν
2716 4068 2900 4141 ήμέρᾳ
2932 4070 3254 4141 περιπατῶν
3286 4074 3439 4142 μένει
3482 4074 3695 4142 ἀπρόσ-

417 4168 538 4214 erat
553 4158 793 4212 futurum
808 4170 872 4210 eo
891 4166 1144 4209 sermone
1158 4150 1516 4205 adumbravit.
1535 4148 1613 4205 Ac
1630 4148 1767 4203 diem
1781 4148 2001 4219 quidem

2109 4177 2304 4224 κοπτος
2350 4176 2363 4189 ·
2393 4160 2579 4231 ἐπειδὴ
2611 4161 2720 4231 γὰρ
2742 4163 2807 4229 τῇ
2846 4162 2945 4232 μὲν
2976 4163 3163 4235 ἡμέρᾳ
3198 4165 3346 4236 ῶρας
3402 4167 3696 4238 ἀπένειμε,

418 4264 475 4308 et
520 4255 691 4307 lucem
742 4251 978 4319 seipsutn
1029 4244 1349 4316 appellavit;
1395 4242 1549 4311 juxta
1593 4258 1749 4313 quem
1784 4257 2001 4297 sensum

2110 4249 2209 4319 τῆς
2228 4249 2285 4303 δὲ
2316 4250 2512 4313 νυκτὸς
2544 4250 2829 4321 μνησθεὶς,
2884 4252 3044 4323 ὡρῶν
3098 4254 3236 4318 ὅλως
3284 4259 3384 4311 οὐκ
3442 4260 3697 4330 ἐμημά-

419 4344 516 4399 lilii
561 4344 694 4397 lucis
750 4352 804 4394 et
840 4339 943 4393 diei
981 4345 1242 4391 vocantur
1270 4336 1553 4391 credentes
1583 4336 1649 4389 ”.
1679 4334 1742 4389 Et
1773 4332 2004 4391 fortasse

2110 4357 2289 4406 νευσε,
2324 4342 2386 4393 τὸ
2420 4341 2618 4411 μέλλον
2651 4342 2730 4412 τῷ
2752 4343 2901 4415 λόγῳ
2942 4346 3416 4419 ὲσκιογράφῆσεν,
3474 4353 3697 4423 ἡμέραν

422 4438 489 4490 de
524 4435 624 4488 hac
669 4433 756 4487 die
798 4433 1010 4485 locutus
1056 4439 1138 4482 est
1167 4428 1332 4483 David
1362 4444 1377 4484 :
1416 4447 1435 4479 ι
1472 4426 1577 4482 Per
1606 4427 1747 4482 diem
1781 4441 1886 4481 non
1935 4427 2002 4481 ti-

2113 4436 2211 4507 μὲν
2231 4435 2328 4489 καὶ
2379 4436 2496 4505 φῶς
2538 4435 2720 4489 καλῶν
2745 4437 2964 4503 ἑαυτὸν,
2999 4439 3121 4493 καθ’
3153 4439 3182 4492 ό
3212 4441 3276 4512 δὴ
3296 4445 3392 4496 καὶ
3425 4444 3537 4497 υἱοὶ
3578 4464 3694 4513 φω-

423 4526 582 4581 mebo
610 4526 687 4591 ‘°;
728 4543 747 4576 ι
782 4534 834 4578 et
863 4525 926 4578 de
954 4525 1056 4577 hac
1083 4525 1245 4577 etiam
1280 4522 1401 4577 luce
1430 4521 1571 4576 idem
1600 4520 1736 4574 dixit
1769 4532 2000 4589 evange-

2106 4529 2197 4593 τὸς
2241 4530 2336 4582 καὶ
2368 4529 2584 4600 ἡμέρας
2618 4530 2669 4582 οἱ
2710 4533 2895 4584 πιστοὶ
2952 4534 3322 4603 ὀνομάζονται
3357 4553 3370 4566 °
3400 4540 3497 4591 καὶ
3548 4542 3693 4612 τάχα

421 4618 543 4673 lista
577 4635 590 4671 :
630 4635 648 4669 ι
691 4616 802 4671 Lux
830 4616 882 4670 in
917 4616 1151 4670 tenebris
1199 4615 1342 4670 lucet
1371 4613 1441 4669 δ’.
1482 4632 1503 4665 ι
1536 4612 1828 4667 Duodecim
1872 4626 2000 4667 vero

2110 4622 2241 4692 περὶ
2257 4620 2461 4692 ταύτης
2486 4623 2586 4693 τῆς
2616 4623 2834 4694 ἡμέρας
2868 4625 3058 4692 ἔλεγεν
3085 4629 3113 4679 ὁ
3151 4629 3317 4681 Δαϐίδ
3337 4647 3351 4661 ·
3390 4649 3410 4680 ι
3441 4630 3693 4703 Ἡμέρας

419 4711 570 4765 horae
605 4708 897 4777 discipulos
945 4708 1183 4778 signant,
1230 4707 1425 4778 quibus
1474 4705 1800 4775 praedicandi
1847 4720 2000 4761 com-

2110 4715 2167 4767 οὐ
2203 4713 2618 4785 φοϐηθήσομαι·
2651 4733 2668 4766 ι
2725 4716 2823 4769 καὶ
2865 4718 2996 4788 περὶ
3053 4720 3248 4773 τούτου
3300 4723 3394 4775 τοῦ
3447 4728 3631 4794 φωτὸς
3670 4731 3697 4780 ό

423 4804 567 4859 misit
601 4801 853 4882 cilicium.
889 4799 990 4867 Qui
1039 4801 1201 4868 igitur
1231 4800 1283 4854 in
1319 4800 1420 4853 fide
1449 4799 1747 4855 Salvatoris
1774 4810 1827 4855 et
1860 4815 1999 4869 pra:-

2108 4803 2269 4867 αὐτὸς
2306 4799 2459 4857 εἶπεν
2508 4805 2910 4879 εὑαγγελιστής
2936 4825 2951 4840 ο
3011 4828 3028 4861 ι
3051 4810 3124 4863 Τὸ
3152 4810 3268 4881 φῶς
3293 4812 3349 4864 ἐν
3383 4816 3447 4884 τῇ
3471 4817 3695 4888 σκοτείᾳ

423 4894 691 4949 dicatione
722 4892 1087 4963 apostolorum
1123 4892 1226 4947 iter
1255 4892 1376 4947 vitae
1404 4892 1689 4961 peregerit,
1713 4908 1817 4947 non
1843 4907 1998 4949 erra-

2109 4897 2314 4964 φαίνει.
2341 4915 2358 4948 ι
2392 4897 2615 4952 Δώδεκα
2658 4899 2715 4952 δὲ
2742 4893 2885 4971 ὧραι
2925 4901 2974 4954 οἱ
3003 4902 3265 4972 μαθηταὶ,
3294 4899 3375 4968 οἷς
3403 4906 3464 4956 τὺ
3518 4910 3696 4979 κήρυ-

424 4986 523 5041 bit.
555 4983 749 5038 Lucem
787 5000 948 5053 porro
989 4984 1217 5054 hujusce
1256 4983 1412 5053 163
1464 4984 1645 5038 mundi
1681 4983 1861 5048 fidem,
1894 4999 2001 5053 qua

2109 5005 2228 5061 γμα
2249 4990 2651 5046 ἐνεπίστευσεν.
2690 4992 2750 5045 '0
2775 4992 2907 5062 γοῦν
2930 4994 2989 5047 ἐν
3018 4994 3098 5064 τῷ
3123 4997 3264 5064 φωτὶ
3291 4996 3388 5049 τοῦ
3435 5000 3695 5070 Σωτῆρος

426 5078 480 5132 in
513 5078 685 5146 ipsum
717 5079 1011 5149 credimus,
1036 5076 1363 5147 appellavit;
1388 5076 1532 5146 quod
1557 5075 1795 5144 profecto
1825 5077 1875 5130 in
1902 5076 2005 5131 hoc

2110 5082 2204 5133 καὶ
2226 5081 2305 5152 τῷ
2338 5083 2660 5153 κηρύγματι
2689 5086 2799 5138 τῶν
2836 5085 3097 5157 μαθητῶν
3121 5087 3217 5140 τοῦ
3273 5088 3392 5158 βίου
3454 5089 3696 5145 διανύων

425 5170 629 5225 mundo
657 5184 795 5237 opus
830 5185 987 5224 suum
1025 5172 1155 5225 tides
1182 5180 1465 5236 exerceat;
1503 5179 1713 5224 noctem
1744 5184 1872 5224 vero
1905 5170 2003 5223 ho-

2111 5171 2251 5237 όδὸν,
2284 5175 2345 5226 ού
2382 5174 2740 5245 σφαλήσεται.
2774 5176 2893 5239 Φῶς
2914 5177 2971 5229 δὲ
3002 5178 3099 5230 τοῦ
3135 5179 3341 5250 κόσμου
3378 5181 3573 5234 τούτου
3596 5186 3698 5237 καὶ

426 5280 606 5318 rarum
640 5272 918 5332 expertem
972 5264 1304 5317 inlidelitatis
1350 5263 1659 5331 caliginem,
1710 5262 1761 5315 in
1808 5277 1911 5330 qua
1962 5261 2007 5316 si

2108 5266 2207 5336 τήν
2239 5267 2319 5330 εἰς
2349 5268 2515 5320 αὐτὸν
2548 5269 2731 5321 πίστιν
2761 5270 3069 5340 ὠνόμασεν,
3101 5272 3176 5334 ὡς
3206 5275 3349 5328 κατὰ
3392 5276 3548 5328 τόνδε
3574 5278 3695 5331 τὸν

426 5358 549 5428 quis
574 5358 831 5421 ambulet,
864 5355 1106 5420 offendit,
1141 5366 1194 5410 et
1222 5356 1430 5425 plantas
1457 5356 1651 5409 anima:
1682 5355 1923 5425 infringit
1954 5356 2005 5409 in

2107 5357 2312 5428 κόσμον
2371 5360 2778 5430 ἐνεργουμένης
2814 5362 2913 5433 τῆς
2941 5364 3201 5428 πίστεως.
3231 5365 3348 5430 Νὺξ
3404 5366 3451 5419 δ’
3479 5367 3548 5421 ἂν
3603 5373 3694 5439 atq

424 5451 734 5505 resistentia
783 5448 976 5518 lapidis
1015 5449 1289 5518 angulat-is
1320 5448 1548 5513 Christi,
1579 5448 1671 5517 qui
1710 5448 1893 5503 dictus
1924 5457 2011 5504 est

2111 5447 2255 5521 ὥρας
2288 5450 2362 5523 μὴ
2422 5453 2623 5522 ἔχουσα
2649 5456 2682 5525 ή
2711 5456 2809 5523 τῆς
2872 5456 3134 5520 ἀπιστίας
3166 5459 3528 5525 σκοτόμαινα,
3566 5459 3698 5513 καθ’

427 5542 562 5611 lupis
612 5543 915 5612 offensionis
966 5542 1035 5596 “.
1099 5541 1225 5597 Haec
1273 5551 1451 5597 autem
1512 5543 1699 5598 dicens
1751 5541 2009 5598 Dominus

2107 5542 2171 5612 ἢν
2203 5541 2300 5596 ἐάν
2345 5560 2430 5607 τις
2478 5549 2794 5616 περιπατεῖ,
2828 5549 3183 5621 προσκόπτῃ,
3229 5551 3326 5615 τὰς
3372 5550 3476 5622 τῆς
3510 5551 3694 5624 ψυχῆς

497 5720 540 5755 ⁸⁸
577 5721 774 5790 Epltes.
815 5739 864 5792 v,
900 5725 966 5792 8;
1018 5726 1060 5782 ll
1096 5726 1288 5784 Tltcss.
1323 5741 1387 5795 ιι,
1419 5727 1473 5783 3.
1550 5726 1594 5759 ⁸ο
1626 5728 1771 5786 Psal.
1812 5743 1898 5791 tv,
1936 5728 1990 5787 3.
2069 5725 2084 5757 ‘

1427 5727 1473 5783 5.
1550 5726 1594 5759 ’⁸ο
1626 5728 1771 5786 Psal.
1812 5743 1898 5791 ιγ,
1936 5728 1990 5787 3.
2069 5725 2113 5760 ⁸⁸
2150 5726 2309 5785 Joan.
2347 5744 2386 5797 t,
2422 5728 2476 5784 5.
2553 5730 2597 5762 “
2633 5729 2652 5785 Ι
2689 5729 2833 5787 retr.
2871 5747 2930 5797 tt,
2962 5733 3014 5787 8.
