  <div class='ocr_page' id='page_1' title='image "/cluster/home/n/w/nwhite01/storage/ocr_20150623/132/hvd.32044073502361/298.png"; bbox 0 0 4018 6206; ppageno 0'>
   <div class='ocr_carea' id='block_1_1' title="bbox 305 265 410 331">
    <p class='ocr_par' dir='ltr' id='par_1_1' title="bbox 305 265 410 331">
     <span class='ocr_line' id='line_1_1' title="bbox 305 265 410 331; baseline 0 -2"><span class='ocrx_word' id='word_1_1' title='bbox 305 265 410 331; x_wconf 72' lang='lat'><strong>5°31</strong></span> 
     </span>
    </p>
   </div>
   <div class='ocr_carea' id='block_1_2' title="bbox 1657 272 2206 338">
    <p class='ocr_par' dir='ltr' id='par_1_2' title="bbox 1657 272 2206 338">
     <span class='ocr_line' id='line_1_2' title="bbox 1657 272 2206 338; baseline 0.009 -5"><span class='ocrx_word' id='word_1_2' title='bbox 1657 272 1817 333; x_wconf 74' lang='lat' dir='ltr'><strong>110M</strong></span> <span class='ocrx_word' id='word_1_3' title='bbox 1831 273 1846 330; x_wconf 93' lang='lat' dir='ltr'><strong>l</strong></span> <span class='ocrx_word' id='word_1_4' title='bbox 1861 273 1984 331; x_wconf 75' lang='lat' dir='ltr'><strong>LM</strong></span> <span class='ocrx_word' id='word_1_5' title='bbox 2028 273 2206 338; x_wconf 78' lang='lat' dir='ltr'><strong>XXV.</strong></span> 
     </span>
    </p>
   </div>
   <div class='ocr_carea' id='block_1_3' title="bbox 3459 298 3566 365">
    <p class='ocr_par' dir='ltr' id='par_1_3' title="bbox 3459 298 3566 365">
     <span class='ocr_line' id='line_1_3' title="bbox 3459 298 3566 365; baseline 0.037 -3"><span class='ocrx_word' id='word_1_6' title='bbox 3459 298 3566 365; x_wconf 70' lang='lat'><strong>522</strong></span> 
     </span>
    </p>
   </div>
   <div class='ocr_carea' id='block_1_4' title="bbox 299 383 1860 487">
    <p class='ocr_par' dir='ltr' id='par_1_4' title="bbox 299 383 1860 459">
     <span class='ocr_line' id='line_1_4' title="bbox 299 383 1860 459; baseline 0.003 -23"><span class='ocrx_word' id='word_1_7' title='bbox 299 383 488 453; x_wconf 84' lang='grc' dir='ltr'>βάσεις</span> <span class='ocrx_word' id='word_1_8' title='bbox 520 383 899 454; x_wconf 86' lang='grc' dir='ltr'>συνθλώμενος</span> <span class='ocrx_word' id='word_1_9' title='bbox 927 390 995 458; x_wconf 76' lang='grc' dir='ltr'>τῇ</span> <span class='ocrx_word' id='word_1_10' title='bbox 1022 387 1314 457; x_wconf 72' lang='grc' dir='ltr'>ἀντιτυπία</span> <span class='ocrx_word' id='word_1_11' title='bbox 1338 388 1432 442; x_wconf 80' lang='grc' dir='ltr'>τοῦ</span> <span class='ocrx_word' id='word_1_12' title='bbox 1470 389 1860 459; x_wconf 69' lang='grc' dir='ltr'>ἑπκρογωνιαῖοι</span> 
     </span>
    </p>
   </div>
   <div class='ocr_carea' id='block_1_5' title="bbox 1967 383 3566 487">
    <p class='ocr_par' dir='ltr' id='par_1_5' title="bbox 1975 387 3566 487">
     <span class='ocr_line' id='line_1_5' title="bbox 1975 387 3566 487; baseline 0.021 -47"><span class='ocrx_word' id='word_1_13' title='bbox 1975 387 2192 458; x_wconf 85' lang='lat' dir='ltr'><strong>oblique</strong></span> <span class='ocrx_word' id='word_1_14' title='bbox 2242 393 2645 462; x_wconf 86' lang='lat' dir='ltr'><strong>quodammodo</strong></span> <span class='ocrx_word' id='word_1_15' title='bbox 2689 399 2880 458; x_wconf 75' lang='lat' dir='ltr'><strong>ludam</strong></span> <span class='ocrx_word' id='word_1_16' title='bbox 2932 411 3266 482; x_wconf 71' lang='lat' dir='ltr'><strong>perstringit,</strong></span> <span class='ocrx_word' id='word_1_17' title='bbox 3318 415 3410 484; x_wconf 89' lang='lat' dir='ltr'><strong>qni</strong></span> <span class='ocrx_word' id='word_1_18' title='bbox 3468 432 3566 487; x_wconf 89' lang='lat' dir='ltr'><strong>per</strong></span> 
     </span>
    </p>
   </div>
   <div class='ocr_carea' id='block_1_6' title="bbox 295 473 1876 549">
    <p class='ocr_par' dir='ltr' id='par_1_6' title="bbox 295 473 1876 549">
     <span class='ocr_line' id='line_1_6' title="bbox 295 473 1876 549; baseline 0.006 -24"><span class='ocrx_word' id='word_1_19' title='bbox 295 473 450 526; x_wconf 87' lang='grc' dir='ltr'>λίθου</span> <span class='ocrx_word' id='word_1_20' title='bbox 474 475 740 541; x_wconf 83' lang='grc' dir='ltr'>Χριστοῦ,</span> <span class='ocrx_word' id='word_1_21' title='bbox 772 477 830 540; x_wconf 80' lang='grc' dir='ltr'>ὃς</span> <span class='ocrx_word' id='word_1_22' title='bbox 859 477 1156 549; x_wconf 84' lang='grc' dir='ltr'><strong>ὠνομάσθη</strong></span> <span class='ocrx_word' id='word_1_23' title='bbox 1181 481 1352 545; x_wconf 72' lang='grc' dir='ltr'>λίθος</span> <span class='ocrx_word' id='word_1_24' title='bbox 1389 481 1876 548; x_wconf 77' lang='grc' dir='ltr'><strong>προσκόμματος.</strong></span> 
     </span>
    </p>
   </div>
   <div class='ocr_carea' id='block_1_7' title="bbox 293 564 1878 639">
    <p class='ocr_par' dir='ltr' id='par_1_7' title="bbox 293 564 1878 639">
     <span class='ocr_line' id='line_1_7' title="bbox 293 564 1878 639; baseline 0.005 -22"><span class='ocrx_word' id='word_1_25' title='bbox 293 565 341 616; x_wconf 84' lang='grc' dir='ltr'>Τ</span> <span class='ocrx_word' id='word_1_26' title='bbox 346 564 487 618; x_wconf 76' lang='grc' dir='ltr'>αὔτα</span> <span class='ocrx_word' id='word_1_27' title='bbox 508 565 566 620; x_wconf 76' lang='grc' dir='ltr'><strong>δὲ</strong></span> <span class='ocrx_word' id='word_1_28' title='bbox 597 566 777 634; x_wconf 79' lang='grc' dir='ltr'>λέγων</span> <span class='ocrx_word' id='word_1_29' title='bbox 819 569 846 620; x_wconf 87' lang='lat'><strong>6</strong></span> <span class='ocrx_word' id='word_1_30' title='bbox 888 568 1093 639; x_wconf 81' lang='grc' dir='ltr'>Κύριος</span> <span class='ocrx_word' id='word_1_31' title='bbox 1129 571 1376 639; x_wconf 85' lang='grc' dir='ltr'>πλαγίως</span> <span class='ocrx_word' id='word_1_32' title='bbox 1428 589 1544 634; x_wconf 87' lang='grc' dir='ltr'><strong>πως</strong></span> <span class='ocrx_word' id='word_1_33' title='bbox 1565 571 1660 626; x_wconf 83' lang='grc' dir='ltr'><strong>τοῦ</strong></span> <span class='ocrx_word' id='word_1_34' title='bbox 1701 572 1878 625; x_wconf 84' lang='grc' dir='ltr'>Ἰούδα</span> 
     </span>
    </p>
   </div>
   <div class='ocr_carea' id='block_1_8' title="bbox 293 658 1880 735">
    <p class='ocr_par' dir='ltr' id='par_1_8' title="bbox 293 658 1880 735">
     <span class='ocr_line' id='line_1_8' title="bbox 293 658 1880 735; baseline 0.006 -26"><span class='ocrx_word' id='word_1_35' title='bbox 293 658 648 712; x_wconf 84' lang='grc' dir='ltr'>καθάπτεται</span> <span class='ocrx_word' id='word_1_36' title='bbox 672 662 955 724; x_wconf 81' lang='grc' dir='ltr'>ἀσυνέτως</span> <span class='ocrx_word' id='word_1_37' title='bbox 1004 661 1561 735; x_wconf 75' lang='grc' dir='ltr'>λειποτακτήσαντος,</span> <span class='ocrx_word' id='word_1_38' title='bbox 1617 667 1713 718; x_wconf 61' lang='grc' dir='ltr'><strong>καὶ⁵</strong></span> <span class='ocrx_word' id='word_1_39' title='bbox 1769 666 1880 718; x_wconf 80' lang='grc' dir='ltr'>τῶν</span> 
     </span>
    </p>
   </div>
   <div class='ocr_carea' id='block_1_9' title="bbox 289 749 1877 828">
    <p class='ocr_par' dir='ltr' id='par_1_9' title="bbox 289 749 1877 828">
     <span class='ocr_line' id='line_1_9' title="bbox 289 749 1877 828; baseline 0.008 -30"><span class='ocrx_word' id='word_1_40' title='bbox 289 749 455 819; x_wconf 73' lang='grc' dir='ltr'>ὡρῶν</span> <span class='ocrx_word' id='word_1_41' title='bbox 471 749 572 820; x_wconf 80' lang='grc' dir='ltr'>τῆς</span> <span class='ocrx_word' id='word_1_42' title='bbox 593 752 792 823; x_wconf 81' lang='grc' dir='ltr'>νοητῆς</span> <span class='ocrx_word' id='word_1_43' title='bbox 826 754 1066 824; x_wconf 79' lang='grc' dir='ltr'>ἡμέρας,</span> <span class='ocrx_word' id='word_1_44' title='bbox 1094 749 1166 810; x_wconf 84' lang='grc' dir='ltr'>ὧν</span> <span class='ocrx_word' id='word_1_45' title='bbox 1192 752 1259 826; x_wconf 81' lang='grc' dir='ltr'>ἦν</span> <span class='ocrx_word' id='word_1_46' title='bbox 1287 757 1663 828; x_wconf 84' lang='grc' dir='ltr'>συναρίθμιος,</span> <span class='ocrx_word' id='word_1_47' title='bbox 1684 758 1877 811; x_wconf 76' lang='grc' dir='ltr'>ἑαυτὸν</span> 
     </span>
    </p>
   </div>
   <div class='ocr_carea' id='block_1_10' title="bbox 291 840 1880 921">
    <p class='ocr_par' dir='ltr' id='par_1_10' title="bbox 291 840 1880 921">
     <span class='ocr_line' id='line_1_10' title="bbox 291 840 1880 921; baseline 0.009 -31"><span class='ocrx_word' id='word_1_48' title='bbox 291 840 769 910; x_wconf 79' lang='grc' dir='ltr'>ὑπεκστήσαντος,</span> <span class='ocrx_word' id='word_1_49' title='bbox 805 847 864 897; x_wconf 77' lang='grc' dir='ltr'>ἐν</span> <span class='ocrx_word' id='word_1_50' title='bbox 885 844 962 916; x_wconf 81' lang='grc' dir='ltr'><strong>τῷ</strong></span> <span class='ocrx_word' id='word_1_51' title='bbox 989 848 1171 900; x_wconf 73' lang='grc' dir='ltr'>σκύτει</span> <span class='ocrx_word' id='word_1_52' title='bbox 1196 848 1254 901; x_wconf 82' lang='grc' dir='ltr'><strong>δὲ</strong></span> <span class='ocrx_word' id='word_1_53' title='bbox 1282 849 1381 917; x_wconf 80' lang='grc' dir='ltr'>τῆς</span> <span class='ocrx_word' id='word_1_54' title='bbox 1405 849 1770 921; x_wconf 66' lang='grc' dir='ltr'><strong>φιλαργυρίας</strong></span> <span class='ocrx_word' id='word_1_55' title='bbox 1785 849 1880 920; x_wconf 83' lang='grc' dir='ltr'>βα-</span> 
     </span>
    </p>
   </div>
   <div class='ocr_carea' id='block_1_11' title="bbox 288 930 1703 1010">
    <p class='ocr_par' dir='ltr' id='par_1_11' title="bbox 288 930 1703 1010">
     <span class='ocr_line' id='line_1_11' title="bbox 288 930 1703 1010; baseline 0.009 -28"><span class='ocrx_word' id='word_1_56' title='bbox 288 930 566 997; x_wconf 83' lang='grc' dir='ltr'>δίσαντος,</span> <span class='ocrx_word' id='word_1_57' title='bbox 602 935 700 986; x_wconf 70' lang='grc' dir='ltr'>καὶ</span> <span class='ocrx_word' id='word_1_58' title='bbox 731 934 820 988; x_wconf 80' lang='grc' dir='ltr'><strong>διὰ</strong></span> <span class='ocrx_word' id='word_1_59' title='bbox 847 935 1006 989; x_wconf 79' lang='grc' dir='ltr'>τοῦτο</span> <span class='ocrx_word' id='word_1_60' title='bbox 1037 937 1238 1002; x_wconf 77' lang='grc' dir='ltr'><strong>ἀθλίως</strong></span> <span class='ocrx_word' id='word_1_61' title='bbox 1271 940 1703 1010; x_wconf 68' lang='grc' dir='ltr'>προσκόψαντος.</span> 
     </span>
    </p>
   </div>
   <div class='ocr_carea' id='block_1_12' title="bbox 370 1026 1875 1105">
    <p class='ocr_par' dir='ltr' id='par_1_12' title="bbox 370 1026 1875 1105">
     <span class='ocr_line' id='line_1_12' title="bbox 370 1026 1875 1105; baseline 0.01 -31"><span class='ocrx_word' id='word_1_62' title='bbox 370 1043 389 1074; x_wconf 76' lang='grc' dir='ltr'><strong>ι</strong></span> <span class='ocrx_word' id='word_1_63' title='bbox 435 1026 543 1077; x_wconf 79' lang='grc' dir='ltr'><strong>Καὶ</strong></span> <span class='ocrx_word' id='word_1_64' title='bbox 597 1031 739 1095; x_wconf 72' lang='grc' dir='ltr'>μετὰ</span> <span class='ocrx_word' id='word_1_65' title='bbox 787 1029 947 1083; x_wconf 70' lang='grc' dir='ltr'>τοῦτο</span> <span class='ocrx_word' id='word_1_66' title='bbox 995 1027 1118 1084; x_wconf 80' lang='grc' dir='ltr'>εἷπε</span> <span class='ocrx_word' id='word_1_67' title='bbox 1145 1047 1160 1063; x_wconf 79' lang='lat'>&#39;</span> <span class='ocrx_word' id='word_1_68' title='bbox 1193 1032 1447 1104; x_wconf 77' lang='grc' dir='ltr'><strong>Λάζαρος</strong></span> <span class='ocrx_word' id='word_1_69' title='bbox 1476 1034 1504 1086; x_wconf 89' lang='lat'><strong>6</strong></span> <span class='ocrx_word' id='word_1_70' title='bbox 1533 1035 1688 1103; x_wconf 82' lang='grc' dir='ltr'>φίλος</span> <span class='ocrx_word' id='word_1_71' title='bbox 1716 1035 1875 1105; x_wconf 73' lang='grc' dir='ltr'>ἡμῶν</span> 
     </span>
    </p>
   </div>
   <div class='ocr_carea' id='block_1_13' title="bbox 289 1117 1868 1193">
    <p class='ocr_par' dir='ltr' id='par_1_13' title="bbox 289 1117 1868 1193">
     <span class='ocr_line' id='line_1_13' title="bbox 289 1117 1868 1193; baseline 0.009 -27"><span class='ocrx_word' id='word_1_72' title='bbox 289 1117 652 1188; x_wconf 76' lang='grc' dir='ltr'><strong>κεκοίμηται,</strong></span> <span class='ocrx_word' id='word_1_73' title='bbox 689 1119 829 1173; x_wconf 77' lang='grc' dir='ltr'>ἀλλὰ</span> <span class='ocrx_word' id='word_1_74' title='bbox 864 1122 1171 1193; x_wconf 77' lang='grc' dir='ltr'>πορεύομαι</span> <span class='ocrx_word' id='word_1_75' title='bbox 1201 1125 1289 1178; x_wconf 81' lang='grc' dir='ltr'>ἵνα</span> <span class='ocrx_word' id='word_1_76' title='bbox 1329 1126 1605 1192; x_wconf 74' lang='grc' dir='ltr'><strong>ἐξυπνίσω</strong></span> <span class='ocrx_word' id='word_1_77' title='bbox 1630 1127 1815 1184; x_wconf 83' lang='grc' dir='ltr'>αὐτόν.</span> <span class='ocrx_word' id='word_1_78' title='bbox 1849 1147 1868 1180; x_wconf 75' lang='grc' dir='ltr'><strong>ι</strong></span> 
     </span>
    </p>
   </div>
   <div class='ocr_carea' id='block_1_14' title="bbox 287 1209 1878 1292">
    <p class='ocr_par' dir='ltr' id='par_1_14' title="bbox 287 1209 1878 1292">
     <span class='ocr_line' id='line_1_14' title="bbox 287 1209 1878 1292; baseline 0.009 -32"><span class='ocrx_word' id='word_1_79' title='bbox 287 1209 404 1277; x_wconf 75' lang='grc' dir='ltr'><strong>Τὴν</strong></span> <span class='ocrx_word' id='word_1_80' title='bbox 439 1210 752 1279; x_wconf 80' lang='grc' dir='ltr'>ἀναγκαίαν</span> <span class='ocrx_word' id='word_1_81' title='bbox 785 1213 954 1267; x_wconf 77' lang='grc' dir='ltr'>αὑτοῦ</span> <span class='ocrx_word' id='word_1_82' title='bbox 987 1216 1125 1285; x_wconf 84' lang='grc' dir='ltr'>πρὸς</span> <span class='ocrx_word' id='word_1_83' title='bbox 1162 1217 1456 1282; x_wconf 80' lang='grc' dir='ltr'>Ἰουδαίους</span> <span class='ocrx_word' id='word_1_84' title='bbox 1508 1219 1693 1289; x_wconf 80' lang='grc' dir='ltr'>ἄφιξιν</span> <span class='ocrx_word' id='word_1_85' title='bbox 1721 1220 1878 1292; x_wconf 86' lang='grc' dir='ltr'>δηλο-</span> 
     </span>
    </p>
   </div>
   <div class='ocr_carea' id='block_1_15' title="bbox 285 1301 1873 1380">
    <p class='ocr_par' dir='ltr' id='par_1_15' title="bbox 285 1301 1873 1380">
     <span class='ocr_line' id='line_1_15' title="bbox 285 1301 1873 1380; baseline 0.01 -29"><span class='ocrx_word' id='word_1_86' title='bbox 285 1302 459 1364; x_wconf 81' lang='grc' dir='ltr'>ποιεῖ,</span> <span class='ocrx_word' id='word_1_87' title='bbox 492 1301 568 1365; x_wconf 86' lang='grc' dir='ltr'>ὡς</span> <span class='ocrx_word' id='word_1_88' title='bbox 628 1302 715 1373; x_wconf 80' lang='grc' dir='ltr'>εἴη</span> <span class='ocrx_word' id='word_1_89' title='bbox 753 1303 848 1357; x_wconf 77' lang='grc' dir='ltr'>τοῦ</span> <span class='ocrx_word' id='word_1_90' title='bbox 900 1306 1158 1380; x_wconf 77' lang='grc' dir='ltr'>Λαζάρου</span> <span class='ocrx_word' id='word_1_91' title='bbox 1188 1309 1222 1378; x_wconf 80' lang='grc' dir='ltr'><strong>ἡ</strong></span> <span class='ocrx_word' id='word_1_92' title='bbox 1251 1311 1530 1380; x_wconf 82' lang='grc' dir='ltr'>κοίμησις.</span> <span class='ocrx_word' id='word_1_93' title='bbox 1561 1314 1785 1376; x_wconf 84' lang='grc' dir='ltr'>Δεικνὺς</span> <span class='ocrx_word' id='word_1_94' title='bbox 1815 1315 1873 1368; x_wconf 84' lang='grc' dir='ltr'><strong>δὲ</strong></span> 
     </span>
    </p>
   </div>
   <div class='ocr_carea' id='block_1_16' title="bbox 285 1389 1874 1469">
    <p class='ocr_par' dir='ltr' id='par_1_16' title="bbox 285 1389 1874 1469">
     <span class='ocr_line' id='line_1_16' title="bbox 285 1389 1874 1469; baseline 0.012 -29"><span class='ocrx_word' id='word_1_95' title='bbox 285 1389 386 1441; x_wconf 82' lang='grc' dir='ltr'>καὶ</span> <span class='ocrx_word' id='word_1_96' title='bbox 437 1391 500 1444; x_wconf 79' lang='grc' dir='ltr'>τὸ</span> <span class='ocrx_word' id='word_1_97' title='bbox 539 1393 639 1462; x_wconf 79' lang='grc' dir='ltr'>τῆς</span> <span class='ocrx_word' id='word_1_98' title='bbox 673 1394 1026 1460; x_wconf 73' lang='grc' dir='ltr'><strong>ἀναστάσεως</strong></span> <span class='ocrx_word' id='word_1_99' title='bbox 1068 1400 1316 1468; x_wconf 80' lang='grc' dir='ltr'>εὐχερὲς,</span> <span class='ocrx_word' id='word_1_100' title='bbox 1357 1403 1449 1455; x_wconf 81' lang='grc' dir='ltr'>καὶ</span> <span class='ocrx_word' id='word_1_101' title='bbox 1483 1404 1565 1456; x_wconf 85' lang='grc' dir='ltr'>ὅτι</span> <span class='ocrx_word' id='word_1_102' title='bbox 1597 1405 1670 1468; x_wconf 83' lang='grc' dir='ltr'><strong>ὡς</strong></span> <span class='ocrx_word' id='word_1_103' title='bbox 1705 1403 1874 1469; x_wconf 75' lang='grc' dir='ltr'>ύπνος</span> 
     </span>
    </p>
   </div>
   <div class='ocr_carea' id='block_1_17' title="bbox 284 1481 1876 1572">
    <p class='ocr_par' dir='ltr' id='par_1_17' title="bbox 284 1481 1876 1572">
     <span class='ocr_line' id='line_1_17' title="bbox 284 1481 1876 1572; baseline 0.014 -39"><span class='ocrx_word' id='word_1_104' title='bbox 284 1481 443 1553; x_wconf 74' lang='grc' dir='ltr'>αὐτῷ</span> <span class='ocrx_word' id='word_1_105' title='bbox 473 1485 674 1556; x_wconf 76' lang='grc' dir='ltr'>συνέϐη</span> <span class='ocrx_word' id='word_1_106' title='bbox 711 1488 739 1541; x_wconf 90' lang='lat'><strong>6</strong></span> <span class='ocrx_word' id='word_1_107' title='bbox 773 1487 1006 1553; x_wconf 84' lang='grc' dir='ltr'>θάνατος</span> <span class='ocrx_word' id='word_1_108' title='bbox 1028 1493 1227 1562; x_wconf 72' lang='grc' dir='ltr'>μικρὸν</span> <span class='ocrx_word' id='word_1_109' title='bbox 1257 1495 1353 1548; x_wconf 81' lang='grc' dir='ltr'><strong>τοῦ</strong></span> <span class='ocrx_word' id='word_1_110' title='bbox 1382 1497 1650 1566; x_wconf 78' lang='grc' dir='ltr'>συνήθους</span> <span class='ocrx_word' id='word_1_111' title='bbox 1669 1503 1876 1572; x_wconf 59' lang='grc' dir='ltr'>μακρός</span> 
     </span>
    </p>
   </div>
   <div class='ocr_carea' id='block_1_18' title="bbox 283 1578 1872 1663">
    <p class='ocr_par' dir='ltr' id='par_1_18' title="bbox 283 1578 1872 1663">
     <span class='ocr_line' id='line_1_18' title="bbox 283 1578 1872 1663; baseline 0.014 -38"><span class='ocrx_word' id='word_1_112' title='bbox 283 1591 448 1644; x_wconf 88' lang='grc' dir='ltr'>τερος</span> <span class='ocrx_word' id='word_1_113' title='bbox 475 1589 492 1605; x_wconf 84' lang='grc'>⁶</span> <span class='ocrx_word' id='word_1_114' title='bbox 533 1596 552 1627; x_wconf 76' lang='grc' dir='ltr'><strong>ι</strong></span> <span class='ocrx_word' id='word_1_115' title='bbox 590 1579 866 1650; x_wconf 82' lang='grc' dir='ltr'>Λάζαρος,</span> <span class='ocrx_word' id='word_1_116' title='bbox 898 1578 1042 1650; x_wconf 79' lang='grc' dir='ltr'>εἷπε,</span> <span class='ocrx_word' id='word_1_117' title='bbox 1071 1583 1426 1657; x_wconf 71' lang='grc' dir='ltr'><strong>κεκοίμηται.</strong></span> <span class='ocrx_word' id='word_1_118' title='bbox 1458 1608 1476 1640; x_wconf 74' lang='grc' dir='ltr'><strong>ι</strong></span> <span class='ocrx_word' id='word_1_119' title='bbox 1500 1591 1608 1643; x_wconf 71' lang='grc' dir='ltr'><strong>Καὶ</strong></span> <span class='ocrx_word' id='word_1_120' title='bbox 1640 1594 1748 1661; x_wconf 80' lang='grc' dir='ltr'><strong>γάρ</strong></span> <span class='ocrx_word' id='word_1_121' title='bbox 1775 1595 1872 1663; x_wconf 80' lang='grc' dir='ltr'>οὐχ</span> 
     </span>
    </p>
   </div>
   <div class='ocr_carea' id='block_1_19' title="bbox 285 1663 1904 1757">
    <p class='ocr_par' dir='ltr' id='par_1_19' title="bbox 285 1663 1904 1757">
     <span class='ocr_line' id='line_1_19' title="bbox 285 1663 1904 1757; baseline 0.014 -40"><span class='ocrx_word' id='word_1_122' title='bbox 285 1663 439 1719; x_wconf 73' lang='grc' dir='ltr'>οὕτω</span> <span class='ocrx_word' id='word_1_123' title='bbox 468 1669 576 1721; x_wconf 74' lang='grc' dir='ltr'>τινὶ</span> <span class='ocrx_word' id='word_1_124' title='bbox 633 1671 818 1742; x_wconf 75' lang='grc' dir='ltr'>ῥᾴδιον</span> <span class='ocrx_word' id='word_1_125' title='bbox 841 1673 1132 1738; x_wconf 80' lang='grc' dir='ltr'>ὲξυπνίσαι</span> <span class='ocrx_word' id='word_1_126' title='bbox 1175 1678 1529 1748; x_wconf 83' lang='grc' dir='ltr'>καθεύδοντα,</span> <span class='ocrx_word' id='word_1_127' title='bbox 1555 1683 1681 1738; x_wconf 80' lang='grc' dir='ltr'>ὅσον</span> <span class='ocrx_word' id='word_1_128' title='bbox 1715 1687 1871 1757; x_wconf 84' lang='grc' dir='ltr'>εὐχε-</span> <span class='ocrx_word' id='word_1_129' title='bbox 1893 1681 1904 1696; x_wconf 84' lang='grc'><em>’</em></span> 
     </span>
    </p>
   </div>
   <div class='ocr_carea' id='block_1_20' title="bbox 285 1759 1872 1844">
    <p class='ocr_par' dir='ltr' id='par_1_20' title="bbox 285 1759 1872 1844">
     <span class='ocr_line' id='line_1_20' title="bbox 285 1759 1872 1844; baseline 0.015 -35"><span class='ocrx_word' id='word_1_130' title='bbox 285 1759 383 1828; x_wconf 79' lang='grc' dir='ltr'>ρὲς</span> <span class='ocrx_word' id='word_1_131' title='bbox 424 1760 618 1833; x_wconf 80' lang='grc' dir='ltr'>ἐκείνῳ</span> <span class='ocrx_word' id='word_1_132' title='bbox 645 1765 861 1834; x_wconf 81' lang='grc' dir='ltr'>ἐγείραι</span> <span class='ocrx_word' id='word_1_133' title='bbox 902 1766 1232 1840; x_wconf 81' lang='grc' dir='ltr'>τεθνήξοντα</span> <span class='ocrx_word' id='word_1_134' title='bbox 1260 1789 1275 1803; x_wconf 92' lang='grc'><strong>·</strong></span> <span class='ocrx_word' id='word_1_135' title='bbox 1308 1773 1542 1844; x_wconf 81' lang='grc' dir='ltr'>σύνηθες</span> <span class='ocrx_word' id='word_1_136' title='bbox 1590 1777 1648 1830; x_wconf 84' lang='grc' dir='ltr'><strong>δὲ</strong></span> <span class='ocrx_word' id='word_1_137' title='bbox 1679 1779 1872 1832; x_wconf 83' lang='grc' dir='ltr'>καθεύ-</span> 
     </span>
    </p>
   </div>
   <div class='ocr_carea' id='block_1_21' title="bbox 281 1848 1870 1944">
    <p class='ocr_par' dir='ltr' id='par_1_21' title="bbox 281 1848 1870 1944">
     <span class='ocr_line' id='line_1_21' title="bbox 281 1848 1870 1944; baseline 0.016 -45"><span class='ocrx_word' id='word_1_138' title='bbox 281 1848 448 1902; x_wconf 82' lang='grc' dir='ltr'>δοντα</span> <span class='ocrx_word' id='word_1_139' title='bbox 487 1851 675 1905; x_wconf 87' lang='grc' dir='ltr'>καλεῖν</span> <span class='ocrx_word' id='word_1_140' title='bbox 703 1854 795 1908; x_wconf 80' lang='grc' dir='ltr'>τὸν</span> <span class='ocrx_word' id='word_1_141' title='bbox 828 1857 1234 1914; x_wconf 75' lang='grc' dir='ltr'>ἀναϐιώσεσθαι</span> <span class='ocrx_word' id='word_1_142' title='bbox 1265 1863 1551 1932; x_wconf 78' lang='grc' dir='ltr'>μέλλοντα.</span> <span class='ocrx_word' id='word_1_143' title='bbox 1573 1868 1730 1924; x_wconf 66' lang='grc' dir='ltr'>Οὕτω</span> <span class='ocrx_word' id='word_1_144' title='bbox 1761 1873 1870 1944; x_wconf 79' lang='grc' dir='ltr'><strong>γάρ</strong></span> 
     </span>
    </p>
   </div>
   <div class='ocr_carea' id='block_1_22' title="bbox 282 1935 1867 2027">
    <p class='ocr_par' dir='ltr' id='par_1_22' title="bbox 282 1935 1867 2027">
     <span class='ocr_line' id='line_1_22' title="bbox 282 1935 1867 2027; baseline 0.017 -36"><span class='ocrx_word' id='word_1_145' title='bbox 282 1935 409 1992; x_wconf 80' lang='grc' dir='ltr'>εἷπε</span> <span class='ocrx_word' id='word_1_146' title='bbox 443 1944 538 1996; x_wconf 78' lang='grc' dir='ltr'>καὶ</span> <span class='ocrx_word' id='word_1_147' title='bbox 570 1945 702 2015; x_wconf 77' lang='grc' dir='ltr'>περὶ</span> <span class='ocrx_word' id='word_1_148' title='bbox 735 1946 796 1999; x_wconf 86' lang='grc' dir='ltr'>τὸ</span> <span class='ocrx_word' id='word_1_149' title='bbox 827 1947 924 2001; x_wconf 77' lang='grc' dir='ltr'><strong>τοῦ</strong></span> <span class='ocrx_word' id='word_1_150' title='bbox 969 1949 1206 2022; x_wconf 82' lang='grc' dir='ltr'>Ἰαείρου</span> <span class='ocrx_word' id='word_1_151' title='bbox 1247 1953 1571 2027; x_wconf 87' lang='grc' dir='ltr'>θυγάτριον,</span> <span class='ocrx_word' id='word_1_152' title='bbox 1633 1963 1734 2015; x_wconf 80' lang='grc' dir='ltr'><strong>οὐκ</strong></span> <span class='ocrx_word' id='word_1_153' title='bbox 1759 1935 1867 2017; x_wconf 49' lang='grc' dir='ltr'>ἀπ’·</span> 
     </span>
    </p>
   </div>
   <div class='ocr_carea' id='block_1_23' title="bbox 279 2031 1870 2126">
    <p class='ocr_par' dir='ltr' id='par_1_23' title="bbox 279 2031 1870 2126">
     <span class='ocr_line' id='line_1_23' title="bbox 279 2031 1870 2126; baseline 0.017 -41"><span class='ocrx_word' id='word_1_154' title='bbox 279 2031 502 2100; x_wconf 79' lang='grc' dir='ltr'>ἐθανεν,</span> <span class='ocrx_word' id='word_1_155' title='bbox 539 2037 676 2091; x_wconf 80' lang='grc' dir='ltr'>ἀλλά</span> <span class='ocrx_word' id='word_1_156' title='bbox 706 2041 981 2096; x_wconf 79' lang='grc' dir='ltr'>καθεύδει.</span> <span class='ocrx_word' id='word_1_157' title='bbox 1027 2043 1238 2110; x_wconf 83' lang='grc' dir='ltr'>’Λδαεῖς</span> <span class='ocrx_word' id='word_1_158' title='bbox 1265 2048 1321 2102; x_wconf 85' lang='grc' dir='ltr'><strong>δὲ</strong></span> <span class='ocrx_word' id='word_1_159' title='bbox 1361 2051 1511 2115; x_wconf 77' lang='grc' dir='ltr'>ὄντες</span> <span class='ocrx_word' id='word_1_160' title='bbox 1543 2054 1592 2106; x_wconf 77' lang='lat' dir='ltr'><strong>oi</strong></span> <span class='ocrx_word' id='word_1_161' title='bbox 1625 2055 1870 2126; x_wconf 74' lang='grc' dir='ltr'>μαθηταὶ</span> 
     </span>
    </p>
   </div>
   <div class='ocr_carea' id='block_1_24' title="bbox 278 2126 1864 2221">
    <p class='ocr_par' dir='ltr' id='par_1_24' title="bbox 278 2126 1864 2221">
     <span class='ocr_line' id='line_1_24' title="bbox 278 2126 1864 2221; baseline 0.018 -43"><span class='ocrx_word' id='word_1_162' title='bbox 278 2127 377 2179; x_wconf 77' lang='grc' dir='ltr'>τοῦ</span> <span class='ocrx_word' id='word_1_163' title='bbox 409 2126 578 2183; x_wconf 78' lang='grc' dir='ltr'>ὕπνον</span> <span class='ocrx_word' id='word_1_164' title='bbox 636 2131 728 2185; x_wconf 75' lang='grc' dir='ltr'><strong>τὸν</strong></span> <span class='ocrx_word' id='word_1_165' title='bbox 756 2133 987 2191; x_wconf 88' lang='grc' dir='ltr'>θάνατον</span> <span class='ocrx_word' id='word_1_166' title='bbox 1019 2139 1279 2207; x_wconf 83' lang='grc' dir='ltr'>λέγεσθαι</span> <span class='ocrx_word' id='word_1_167' title='bbox 1307 2160 1320 2173; x_wconf 89' lang='grc'>·</span> <span class='ocrx_word' id='word_1_168' title='bbox 1356 2163 1374 2196; x_wconf 74' lang='grc' dir='ltr'><strong>ι</strong></span> <span class='ocrx_word' id='word_1_169' title='bbox 1415 2147 1478 2199; x_wconf 83' lang='lat' dir='ltr'><strong>Ei</strong></span> <span class='ocrx_word' id='word_1_170' title='bbox 1511 2149 1864 2221; x_wconf 72' lang='grc' dir='ltr'>κεκοίμηται,</span> 
     </span>
    </p>
   </div>
   <div class='ocr_carea' id='block_1_25' title="bbox 167 2212 1864 2311">
    <p class='ocr_par' dir='ltr' id='par_1_25' title="bbox 167 2212 1864 2311">
     <span class='ocr_line' id='line_1_25' title="bbox 167 2212 1864 2311; baseline 0.019 -45"><span class='ocrx_word' id='word_1_171' title='bbox 167 2255 182 2263; x_wconf 93' lang='grc'><strong>-</strong></span> <span class='ocrx_word' id='word_1_172' title='bbox 278 2212 464 2285; x_wconf 81' lang='grc' dir='ltr'>εἶπον,</span> <span class='ocrx_word' id='word_1_173' title='bbox 509 2223 819 2294; x_wconf 84' lang='grc' dir='ltr'>σωθήσεται</span> <span class='ocrx_word' id='word_1_174' title='bbox 845 2244 860 2258; x_wconf 76' lang='grc' dir='ltr'><strong>ο</strong></span> <span class='ocrx_word' id='word_1_175' title='bbox 900 2248 918 2280; x_wconf 73' lang='grc' dir='ltr'><strong>ι</strong></span> <span class='ocrx_word' id='word_1_176' title='bbox 947 2231 1091 2301; x_wconf 85' lang='grc' dir='ltr'>τάχα</span> <span class='ocrx_word' id='word_1_177' title='bbox 1119 2251 1222 2285; x_wconf 86' lang='grc' dir='ltr'><strong>που</strong></span> <span class='ocrx_word' id='word_1_178' title='bbox 1269 2235 1362 2289; x_wconf 81' lang='grc' dir='ltr'>καὶ</span> <span class='ocrx_word' id='word_1_179' title='bbox 1390 2243 1828 2311; x_wconf 78' lang='grc' dir='ltr'>προφητεύοντες</span> <span class='ocrx_word' id='word_1_180' title='bbox 1850 2263 1864 2276; x_wconf 73' lang='grc'><strong><em>⁸</em></strong></span> 
     </span>
    </p>
   </div>
   <div class='ocr_carea' id='block_1_26' title="bbox 278 2313 1756 2401">
    <p class='ocr_par' dir='ltr' id='par_1_26' title="bbox 278 2313 1756 2401">
     <span class='ocr_line' id='line_1_26' title="bbox 278 2313 1756 2401; baseline 0.018 -39"><span class='ocrx_word' id='word_1_181' title='bbox 278 2313 568 2384; x_wconf 79' lang='grc' dir='ltr'>σωτηρίας</span> <span class='ocrx_word' id='word_1_182' title='bbox 596 2315 704 2387; x_wconf 76' lang='grc' dir='ltr'><strong>γάρ</strong></span> <span class='ocrx_word' id='word_1_183' title='bbox 732 2318 883 2390; x_wconf 80' lang='grc' dir='ltr'>αὐτῷ</span> <span class='ocrx_word' id='word_1_184' title='bbox 912 2322 1189 2392; x_wconf 63' lang='grc' dir='ltr'>πρόςασις</span> <span class='ocrx_word' id='word_1_185' title='bbox 1227 2325 1257 2378; x_wconf 89' lang='lat'><strong>6</strong></span> <span class='ocrx_word' id='word_1_186' title='bbox 1287 2326 1516 2394; x_wconf 80' lang='grc' dir='ltr'>θάνατος</span> <span class='ocrx_word' id='word_1_187' title='bbox 1543 2332 1756 2401; x_wconf 87' lang='grc' dir='ltr'>γέγονε.</span> 
     </span>
    </p>
   </div>
   <div class='ocr_carea' id='block_1_27' title="bbox 358 2494 1862 2586">
    <p class='ocr_par' dir='ltr' id='par_1_27' title="bbox 358 2494 1862 2586">
     <span class='ocr_line' id='line_1_27' title="bbox 358 2494 1862 2586; baseline 0.02 -40"><span class='ocrx_word' id='word_1_188' title='bbox 358 2513 379 2546; x_wconf 77' lang='grc' dir='ltr'><strong>ι</strong></span> <span class='ocrx_word' id='word_1_189' title='bbox 416 2494 554 2550; x_wconf 75' lang='grc' dir='ltr'>Τότε</span> <span class='ocrx_word' id='word_1_190' title='bbox 589 2498 720 2563; x_wconf 83' lang='grc' dir='ltr'>γοῦν</span> <span class='ocrx_word' id='word_1_191' title='bbox 768 2502 1261 2574; x_wconf 78' lang='grc' dir='ltr'>ἀπαρακαλύπτως</span> <span class='ocrx_word' id='word_1_192' title='bbox 1308 2511 1494 2578; x_wconf 80' lang='grc' dir='ltr'>αὐτοῖς</span> <span class='ocrx_word' id='word_1_193' title='bbox 1523 2514 1708 2586; x_wconf 82' lang='grc' dir='ltr'>λέγει·</span> <span class='ocrx_word' id='word_1_194' title='bbox 1749 2523 1862 2576; x_wconf 76' lang='grc' dir='ltr'>Λά-</span> 
     </span>
    </p>
   </div>
   <div class='ocr_carea' id='block_1_28' title="bbox 275 2584 1865 2670">
    <p class='ocr_par' dir='ltr' id='par_1_28' title="bbox 275 2584 1865 2670">
     <span class='ocr_line' id='line_1_28' title="bbox 275 2584 1865 2670; baseline 0.021 -34"><span class='ocrx_word' id='word_1_195' title='bbox 275 2584 447 2654; x_wconf 68' lang='grc' dir='ltr'>ζχρος</span> <span class='ocrx_word' id='word_1_196' title='bbox 503 2590 766 2646; x_wconf 84' lang='grc' dir='ltr'>ἀπέθανε.</span> <span class='ocrx_word' id='word_1_197' title='bbox 812 2615 832 2648; x_wconf 74' lang='grc' dir='ltr'><strong>ι</strong></span> <span class='ocrx_word' id='word_1_198' title='bbox 861 2597 1070 2652; x_wconf 81' lang='grc' dir='ltr'>Σκόπει</span> <span class='ocrx_word' id='word_1_199' title='bbox 1125 2601 1182 2655; x_wconf 85' lang='grc' dir='ltr'><strong>δὲ</strong></span> <span class='ocrx_word' id='word_1_200' title='bbox 1227 2605 1347 2670; x_wconf 84' lang='grc' dir='ltr'><strong>πῶς</strong></span> <span class='ocrx_word' id='word_1_201' title='bbox 1396 2608 1484 2662; x_wconf 77' lang='grc' dir='ltr'>διὰ</span> <span class='ocrx_word' id='word_1_202' title='bbox 1513 2611 1728 2667; x_wconf 88' lang='grc' dir='ltr'>πάντων</span> <span class='ocrx_word' id='word_1_203' title='bbox 1755 2617 1865 2669; x_wconf 82' lang='grc' dir='ltr'>τῶν</span> 
     </span>
    </p>
   </div>
   <div class='ocr_carea' id='block_1_29' title="bbox 272 2677 1866 2778">
    <p class='ocr_par' dir='ltr' id='par_1_29' title="bbox 272 2677 1866 2778">
     <span class='ocr_line' id='line_1_29' title="bbox 272 2677 1866 2778; baseline 0.021 -52"><span class='ocrx_word' id='word_1_204' title='bbox 272 2677 379 2746; x_wconf 76' lang='grc' dir='ltr'>τῆς</span> <span class='ocrx_word' id='word_1_205' title='bbox 417 2679 663 2750; x_wconf 80' lang='grc' dir='ltr'>ἱστορίας</span> <span class='ocrx_word' id='word_1_206' title='bbox 720 2686 988 2755; x_wconf 78' lang='grc' dir='ltr'>ῥημάτων</span> <span class='ocrx_word' id='word_1_207' title='bbox 1034 2693 1104 2746; x_wconf 80' lang='grc' dir='ltr'><strong>τὰ</strong></span> <span class='ocrx_word' id='word_1_208' title='bbox 1152 2695 1253 2765; x_wconf 87' lang='grc' dir='ltr'>τῆς</span> <span class='ocrx_word' id='word_1_209' title='bbox 1285 2694 1518 2768; x_wconf 85' lang='grc' dir='ltr'>θεωρίας</span> <span class='ocrx_word' id='word_1_210' title='bbox 1541 2703 1866 2778; x_wconf 83' lang='grc' dir='ltr'>παρέσπαρ-</span> 
     </span>
    </p>
   </div>
   <div class='ocr_carea' id='block_1_30' title="bbox 271 2769 1858 2867">
    <p class='ocr_par' dir='ltr' id='par_1_30' title="bbox 271 2769 1858 2867">
     <span class='ocr_line' id='line_1_30' title="bbox 271 2769 1858 2867; baseline 0.021 -49"><span class='ocrx_word' id='word_1_211' title='bbox 271 2784 390 2819; x_wconf 85' lang='grc' dir='ltr'>ται.</span> <span class='ocrx_word' id='word_1_212' title='bbox 440 2769 712 2842; x_wconf 79' lang='grc' dir='ltr'>Ὀπηνίκα</span> <span class='ocrx_word' id='word_1_213' title='bbox 739 2779 850 2848; x_wconf 73' lang='grc' dir='ltr'><strong>γὰρ</strong></span> <span class='ocrx_word' id='word_1_214' title='bbox 882 2778 1035 2848; x_wconf 79' lang='grc' dir='ltr'>ἔλεγε</span> <span class='ocrx_word' id='word_1_215' title='bbox 1073 2786 1413 2856; x_wconf 80' lang='grc' dir='ltr'>κοιμηθῆναι</span> <span class='ocrx_word' id='word_1_216' title='bbox 1441 2791 1532 2844; x_wconf 76' lang='grc' dir='ltr'><strong>τὸν</strong></span> <span class='ocrx_word' id='word_1_217' title='bbox 1582 2769 1858 2867; x_wconf 73' lang='grc' dir='ltr'>Λάζαρον,</span> 
     </span>
    </p>
   </div>
   <div class='ocr_carea' id='block_1_31' title="bbox 273 2861 1862 2962">
    <p class='ocr_par' dir='ltr' id='par_1_31' title="bbox 273 2861 1862 2962">
     <span class='ocr_line' id='line_1_31' title="bbox 273 2861 1862 2962; baseline 0.022 -51"><span class='ocrx_word' id='word_1_218' title='bbox 273 2861 436 2928; x_wconf 72' lang='grc' dir='ltr'>φίλον</span> <span class='ocrx_word' id='word_1_219' title='bbox 466 2865 632 2919; x_wconf 77' lang='grc' dir='ltr'>αὐτὸν</span> <span class='ocrx_word' id='word_1_220' title='bbox 683 2873 1045 2943; x_wconf 80' lang='grc' dir='ltr'>κατωνόμαζε</span> <span class='ocrx_word' id='word_1_221' title='bbox 1066 2892 1079 2905; x_wconf 92' lang='grc'><strong>·</strong></span> <span class='ocrx_word' id='word_1_222' title='bbox 1119 2897 1137 2929; x_wconf 83' lang='grc' dir='ltr'><strong>ι</strong></span> <span class='ocrx_word' id='word_1_223' title='bbox 1167 2879 1418 2952; x_wconf 76' lang='grc' dir='ltr'>Λάζαρος</span> <span class='ocrx_word' id='word_1_224' title='bbox 1464 2887 1490 2938; x_wconf 97' lang='lat'><strong>6</strong></span> <span class='ocrx_word' id='word_1_225' title='bbox 1516 2887 1668 2952; x_wconf 81' lang='grc' dir='ltr'>φίλος</span> 
     </span>
    </p>
   </div>
   <div class='ocr_carea' id='block_1_32' title="bbox 270 2954 1859 3047">
    <p class='ocr_par' dir='ltr' id='par_1_32' title="bbox 270 2954 1859 3047">
     <span class='ocr_line' id='line_1_32' title="bbox 270 2954 1859 3047; baseline 0.021 -44"><span class='ocrx_word' id='word_1_226' title='bbox 270 2954 626 3026; x_wconf 83' lang='grc' dir='ltr'>κεκοίμηται.</span> <span class='ocrx_word' id='word_1_227' title='bbox 668 2978 686 3010; x_wconf 79' lang='grc' dir='ltr'><strong>ι</strong></span> <span class='ocrx_word' id='word_1_228' title='bbox 732 2961 933 3016; x_wconf 82' lang='grc' dir='ltr'>Ἢνίκα</span> <span class='ocrx_word' id='word_1_229' title='bbox 968 2966 1025 3019; x_wconf 84' lang='grc' dir='ltr'>δὲ</span> <span class='ocrx_word' id='word_1_230' title='bbox 1073 2963 1249 3039; x_wconf 78' lang='grc' dir='ltr'>εἶπεν,</span> <span class='ocrx_word' id='word_1_231' title='bbox 1290 2974 1609 3045; x_wconf 82' lang='grc' dir='ltr'>Ἀπέθανεν,</span> <span class='ocrx_word' id='word_1_232' title='bbox 1671 2983 1859 3047; x_wconf 83' lang='grc' dir='ltr'>ἁπλῶς</span> 
     </span>
    </p>
   </div>
   <div class='ocr_carea' id='block_1_33' title="bbox 1949 2043 2730 2110">
    <p class='ocr_par' dir='ltr' id='par_1_33' title="bbox 1949 2043 2730 2110">
     <span class='ocr_line' id='line_1_33' title="bbox 1949 2043 2730 2110; baseline 0.015 -12"><span class='ocrx_word' id='word_1_233' title='bbox 1949 2043 2108 2099; x_wconf 78' lang='lat' dir='ltr'><strong>&#39;Jairi</strong></span> <span class='ocrx_word' id='word_1_234' title='bbox 2157 2048 2265 2102; x_wconf 78' lang='lat' dir='ltr'><strong>tilia</strong></span> <span class='ocrx_word' id='word_1_235' title='bbox 2321 2050 2536 2106; x_wconf 88' lang='lat' dir='ltr'><strong>locutus</strong></span> <span class='ocrx_word' id='word_1_236' title='bbox 2585 2063 2668 2108; x_wconf 88' lang='lat' dir='ltr'><strong>est</strong></span> <span class='ocrx_word' id='word_1_237' title='bbox 2717 2074 2730 2110; x_wconf 92' lang='lat'>:</span> 
     </span>
    </p>
   </div>
   <div class='ocr_carea' id='block_1_34' title="bbox 1983 484 3566 582">
    <p class='ocr_par' dir='ltr' id='par_1_34' title="bbox 1983 484 3566 582">
     <span class='ocr_line' id='line_1_34' title="bbox 1983 484 3566 582; baseline 0.023 -49"><span class='ocrx_word' id='word_1_238' title='bbox 1983 493 2248 534; x_wconf 77' lang='lat' dir='ltr'><strong>summam</strong></span> <span class='ocrx_word' id='word_1_239' title='bbox 2293 484 2659 556; x_wconf 76' lang='lat' dir='ltr'><strong>insipientiam</strong></span> <span class='ocrx_word' id='word_1_240' title='bbox 2702 493 2941 552; x_wconf 91' lang='lat' dir='ltr'><strong>deseruit</strong></span> <span class='ocrx_word' id='word_1_241' title='bbox 2970 504 3215 560; x_wconf 89' lang='lat' dir='ltr'><strong>ordinem</strong></span> <span class='ocrx_word' id='word_1_242' title='bbox 3251 508 3363 578; x_wconf 66' lang='lat'><strong>(82)</strong></span> <span class='ocrx_word' id='word_1_243' title='bbox 3396 484 3566 582; x_wconf 79' lang='lat' dir='ltr'><strong>seqtte</strong></span> 
     </span>
    </p>
   </div>
   <div class='ocr_carea' id='block_1_35' title="bbox 1981 570 3562 660">
    <p class='ocr_par' dir='ltr' id='par_1_35' title="bbox 1981 570 3562 660">
     <span class='ocr_line' id='line_1_35' title="bbox 1981 570 3562 660; baseline 0.025 -39"><span class='ocrx_word' id='word_1_244' title='bbox 1981 570 2050 623; x_wconf 87' lang='lat' dir='ltr'><strong>ab</strong></span> <span class='ocrx_word' id='word_1_245' title='bbox 2092 572 2440 646; x_wconf 75' lang='lat' dir='ltr'><strong>iutelligihilis</strong></span> <span class='ocrx_word' id='word_1_246' title='bbox 2484 580 2586 635; x_wconf 91' lang='lat' dir='ltr'><strong>diei</strong></span> <span class='ocrx_word' id='word_1_247' title='bbox 2637 583 2804 651; x_wconf 86' lang='lat' dir='ltr'><strong>boris,</strong></span> <span class='ocrx_word' id='word_1_248' title='bbox 2839 588 2891 642; x_wconf 92' lang='lat' dir='ltr'><strong>in</strong></span> <span class='ocrx_word' id='word_1_249' title='bbox 2924 594 3121 660; x_wconf 88' lang='lat' dir='ltr'><strong>quibus</strong></span> <span class='ocrx_word' id='word_1_250' title='bbox 3160 570 3562 660; x_wconf 79' lang='lat' dir='ltr'><strong>annumeraba-</strong></span> 
     </span>
    </p>
   </div>
   <div class='ocr_carea' id='block_1_36' title="bbox 1984 667 3562 755">
    <p class='ocr_par' dir='ltr' id='par_1_36' title="bbox 1984 667 3562 755">
     <span class='ocr_line' id='line_1_36' title="bbox 1984 667 3562 755; baseline 0.026 -41"><span class='ocrx_word' id='word_1_251' title='bbox 1984 673 2090 728; x_wconf 90' lang='lat' dir='ltr'><strong>tur,</strong></span> <span class='ocrx_word' id='word_1_252' title='bbox 2123 667 2410 731; x_wconf 84' lang='lat' dir='ltr'><strong>subduxit;</strong></span> <span class='ocrx_word' id='word_1_253' title='bbox 2454 683 2616 742; x_wconf 88' lang='lat' dir='ltr'><strong>atque</strong></span> <span class='ocrx_word' id='word_1_254' title='bbox 2651 677 2702 730; x_wconf 90' lang='lat' dir='ltr'><strong>iu</strong></span> <span class='ocrx_word' id='word_1_255' title='bbox 2747 683 2988 740; x_wconf 80' lang='lat' dir='ltr'><strong>avaritia.-</strong></span> <span class='ocrx_word' id='word_1_256' title='bbox 3025 691 3263 747; x_wconf 85' lang='lat' dir='ltr'><strong>tenebris</strong></span> <span class='ocrx_word' id='word_1_257' title='bbox 3306 694 3562 755; x_wconf 78' lang='lat' dir='ltr'><strong>incedens</strong></span> 
     </span>
    </p>
   </div>
   <div class='ocr_carea' id='block_1_37' title="bbox 1984 757 2906 831">
    <p class='ocr_par' dir='ltr' id='par_1_37' title="bbox 1984 757 2906 831">
     <span class='ocr_line' id='line_1_37' title="bbox 1984 757 2906 831; baseline 0.023 -23"><span class='ocrx_word' id='word_1_258' title='bbox 1984 757 2364 816; x_wconf 75' lang='lat' dir='ltr'><strong>miserabiliter</strong></span> <span class='ocrx_word' id='word_1_259' title='bbox 2396 764 2466 820; x_wconf 90' lang='lat' dir='ltr'><strong>ob</strong></span> <span class='ocrx_word' id='word_1_260' title='bbox 2504 782 2623 822; x_wconf 87' lang='lat' dir='ltr'><strong>eam</strong></span> <span class='ocrx_word' id='word_1_261' title='bbox 2663 770 2906 831; x_wconf 79' lang='lat' dir='ltr'><strong>offendit.</strong></span> 
     </span>
    </p>
   </div>
   <div class='ocr_carea' id='block_1_38' title="bbox 2054 1027 3558 1116">
    <p class='ocr_par' dir='ltr' id='par_1_38' title="bbox 2054 1027 3558 1116">
     <span class='ocr_line' id='line_1_38' title="bbox 2054 1027 3558 1116; baseline 0.026 -38"><span class='ocrx_word' id='word_1_262' title='bbox 2054 1045 2074 1078; x_wconf 88' lang='grc'><strong>‹</strong></span> <span class='ocrx_word' id='word_1_263' title='bbox 2117 1027 2179 1081; x_wconf 86' lang='lat' dir='ltr'><strong>Et</strong></span> <span class='ocrx_word' id='word_1_264' title='bbox 2217 1039 2334 1099; x_wconf 85' lang='lat' dir='ltr'><strong>post</strong></span> <span class='ocrx_word' id='word_1_265' title='bbox 2367 1030 2480 1088; x_wconf 67' lang='lat' dir='ltr'><strong>hinc</strong></span> <span class='ocrx_word' id='word_1_266' title='bbox 2518 1034 2654 1090; x_wconf 89' lang='lat' dir='ltr'><strong>dixit</strong></span> <span class='ocrx_word' id='word_1_267' title='bbox 2683 1040 2762 1094; x_wconf 89' lang='lat' dir='ltr'><strong>eis</strong></span> <span class='ocrx_word' id='word_1_268' title='bbox 2795 1057 2810 1092; x_wconf 90' lang='lat'>:</span> <span class='ocrx_word' id='word_1_269' title='bbox 2846 1039 3086 1100; x_wconf 77' lang='lat' dir='ltr'><strong>Lazarus</strong></span> <span class='ocrx_word' id='word_1_270' title='bbox 3127 1063 3333 1108; x_wconf 80' lang='lat' dir='ltr'><strong>amicus</strong></span> <span class='ocrx_word' id='word_1_271' title='bbox 3373 1071 3558 1116; x_wconf 87' lang='lat' dir='ltr'><strong>noster</strong></span> 
     </span>
    </p>
   </div>
   <div class='ocr_carea' id='block_1_39' title="bbox 1977 1118 3550 1204">
    <p class='ocr_par' dir='ltr' id='par_1_39' title="bbox 1977 1118 3550 1204">
     <span class='ocr_line' id='line_1_39' title="bbox 1977 1118 3550 1204; baseline 0.021 -32"><span class='ocrx_word' id='word_1_272' title='bbox 1977 1118 2210 1186; x_wconf 89' lang='lat' dir='ltr'><strong>dormit;</strong></span> <span class='ocrx_word' id='word_1_273' title='bbox 2269 1128 2363 1177; x_wconf 87' lang='lat' dir='ltr'><strong>sed</strong></span> <span class='ocrx_word' id='word_1_274' title='bbox 2412 1127 2578 1190; x_wconf 88' lang='lat' dir='ltr'><strong>vado,</strong></span> <span class='ocrx_word' id='word_1_275' title='bbox 2624 1139 2681 1184; x_wconf 92' lang='lat' dir='ltr'><strong>ut</strong></span> <span class='ocrx_word' id='word_1_276' title='bbox 2730 1147 2760 1185; x_wconf 91' lang='lat' dir='ltr'><strong>a</strong></span> <span class='ocrx_word' id='word_1_277' title='bbox 2815 1148 3008 1190; x_wconf 90' lang='lat' dir='ltr'><strong>somno</strong></span> <span class='ocrx_word' id='word_1_278' title='bbox 3053 1141 3283 1198; x_wconf 89' lang='lat' dir='ltr'><strong>excitem</strong></span> <span class='ocrx_word' id='word_1_279' title='bbox 3333 1163 3475 1204; x_wconf 89' lang='lat' dir='ltr'><strong>eum.</strong></span> <span class='ocrx_word' id='word_1_280' title='bbox 3528 1171 3550 1204; x_wconf 72' lang='grc' dir='ltr'><strong>ι</strong></span> 
     </span>
    </p>
   </div>
   <div class='ocr_carea' id='block_1_40' title="bbox 1979 1212 3556 1300">
    <p class='ocr_par' dir='ltr' id='par_1_40' title="bbox 1979 1212 3556 1300">
     <span class='ocr_line' id='line_1_40' title="bbox 1979 1212 3556 1300; baseline 0.022 -34"><span class='ocrx_word' id='word_1_281' title='bbox 1979 1212 2210 1267; x_wconf 81' lang='lat' dir='ltr'><strong>Causam</strong></span> <span class='ocrx_word' id='word_1_282' title='bbox 2258 1218 2463 1284; x_wconf 87' lang='lat' dir='ltr'><strong>aperit,</strong></span> <span class='ocrx_word' id='word_1_283' title='bbox 2501 1235 2669 1289; x_wconf 88' lang='lat' dir='ltr'><strong>quare</strong></span> <span class='ocrx_word' id='word_1_284' title='bbox 2716 1224 2768 1279; x_wconf 90' lang='lat' dir='ltr'><strong>in</strong></span> <span class='ocrx_word' id='word_1_285' title='bbox 2811 1223 3050 1284; x_wconf 68' lang='lat' dir='ltr'><strong>Judaeatu</strong></span> <span class='ocrx_word' id='word_1_286' title='bbox 3096 1233 3197 1288; x_wconf 88' lang='lat' dir='ltr'><strong>sibi</strong></span> <span class='ocrx_word' id='word_1_287' title='bbox 3249 1245 3556 1300; x_wconf 85' lang='lat' dir='ltr'><strong>necessario</strong></span> 
     </span>
    </p>
   </div>
   <div class='ocr_carea' id='block_1_41' title="bbox 1977 1305 3556 1393">
    <p class='ocr_par' dir='ltr' id='par_1_41' title="bbox 1977 1305 3556 1393">
     <span class='ocr_line' id='line_1_41' title="bbox 1977 1305 3556 1393; baseline 0.023 -37"><span class='ocrx_word' id='word_1_288' title='bbox 1977 1305 2212 1358; x_wconf 87' lang='lat' dir='ltr'><strong>enndnm</strong></span> <span class='ocrx_word' id='word_1_289' title='bbox 2245 1319 2410 1373; x_wconf 88' lang='lat' dir='ltr'><strong>esset,</strong></span> <span class='ocrx_word' id='word_1_290' title='bbox 2439 1327 2557 1378; x_wconf 64' lang='lat' dir='ltr'><strong>qua:</strong></span> <span class='ocrx_word' id='word_1_291' title='bbox 2586 1313 2804 1382; x_wconf 85' lang='lat' dir='ltr'><strong>quidem</strong></span> <span class='ocrx_word' id='word_1_292' title='bbox 2837 1331 2952 1374; x_wconf 87' lang='lat' dir='ltr'><strong>erat</strong></span> <span class='ocrx_word' id='word_1_293' title='bbox 2983 1321 3174 1380; x_wconf 83' lang='lat' dir='ltr'><strong>Lazari</strong></span> <span class='ocrx_word' id='word_1_294' title='bbox 3209 1343 3452 1389; x_wconf 84' lang='lat' dir='ltr'><strong>somnus.</strong></span> <span class='ocrx_word' id='word_1_295' title='bbox 3485 1334 3556 1393; x_wconf 82' lang='lat' dir='ltr'><strong>Ut</strong></span> 
     </span>
    </p>
   </div>
   <div class='ocr_carea' id='block_1_42' title="bbox 1977 1401 3556 1488">
    <p class='ocr_par' dir='ltr' id='par_1_42' title="bbox 1977 1401 3556 1488">
     <span class='ocr_line' id='line_1_42' title="bbox 1977 1401 3556 1488; baseline 0.022 -39"><span class='ocrx_word' id='word_1_296' title='bbox 1977 1411 2107 1450; x_wconf 85' lang='lat' dir='ltr'><strong>vero</strong></span> <span class='ocrx_word' id='word_1_297' title='bbox 2151 1401 2463 1456; x_wconf 77' lang='lat' dir='ltr'><strong>ostenderet</strong></span> <span class='ocrx_word' id='word_1_298' title='bbox 2534 1421 2694 1474; x_wconf 86' lang='lat' dir='ltr'><strong>quam</strong></span> <span class='ocrx_word' id='word_1_299' title='bbox 2745 1410 2847 1464; x_wconf 89' lang='lat' dir='ltr'><strong>sibi</strong></span> <span class='ocrx_word' id='word_1_300' title='bbox 2888 1410 3046 1471; x_wconf 89' lang='lat' dir='ltr'><strong>facile</strong></span> <span class='ocrx_word' id='word_1_301' title='bbox 3092 1431 3254 1488; x_wconf 86' lang='lat' dir='ltr'><strong>atque</strong></span> <span class='ocrx_word' id='word_1_302' title='bbox 3295 1423 3346 1478; x_wconf 89' lang='lat' dir='ltr'><strong>in</strong></span> <span class='ocrx_word' id='word_1_303' title='bbox 3395 1443 3556 1483; x_wconf 86' lang='lat' dir='ltr'><strong>manu</strong></span> 
     </span>
    </p>
   </div>
   <div class='ocr_carea' id='block_1_43' title="bbox 1979 1497 3554 1574">
    <p class='ocr_par' dir='ltr' id='par_1_43' title="bbox 1979 1497 3554 1574">
     <span class='ocr_line' id='line_1_43' title="bbox 1979 1497 3554 1574; baseline 0.021 -32"><span class='ocrx_word' id='word_1_304' title='bbox 1979 1499 2126 1544; x_wconf 71' lang='lat' dir='ltr'><strong>esset</strong></span> <span class='ocrx_word' id='word_1_305' title='bbox 2154 1507 2276 1546; x_wconf 91' lang='lat' dir='ltr'><strong>eum</strong></span> <span class='ocrx_word' id='word_1_306' title='bbox 2309 1508 2336 1546; x_wconf 91' lang='lat' dir='ltr'><strong>a</strong></span> <span class='ocrx_word' id='word_1_307' title='bbox 2369 1497 2596 1550; x_wconf 85' lang='lat' dir='ltr'><strong>mortuis</strong></span> <span class='ocrx_word' id='word_1_308' title='bbox 2629 1500 2906 1572; x_wconf 83' lang='lat' dir='ltr'><strong>excitare,</strong></span> <span class='ocrx_word' id='word_1_309' title='bbox 2938 1517 2992 1560; x_wconf 94' lang='lat' dir='ltr'><strong>ct</strong></span> <span class='ocrx_word' id='word_1_310' title='bbox 3024 1521 3249 1567; x_wconf 90' lang='lat' dir='ltr'><strong>mortem</strong></span> <span class='ocrx_word' id='word_1_311' title='bbox 3289 1515 3361 1569; x_wconf 86' lang='lat' dir='ltr'><strong>illi</strong></span> <span class='ocrx_word' id='word_1_312' title='bbox 3391 1521 3554 1574; x_wconf 89' lang='lat' dir='ltr'><strong>veluti</strong></span> 
     </span>
    </p>
   </div>
   <div class='ocr_carea' id='block_1_44' title="bbox 1977 1587 3552 1679">
    <p class='ocr_par' dir='ltr' id='par_1_44' title="bbox 1977 1587 3552 1679">
     <span class='ocr_line' id='line_1_44' title="bbox 1977 1587 3552 1679; baseline 0.022 -44"><span class='ocrx_word' id='word_1_313' title='bbox 1977 1597 2230 1639; x_wconf 88' lang='lat' dir='ltr'><strong>somnum</strong></span> <span class='ocrx_word' id='word_1_314' title='bbox 2277 1587 2438 1642; x_wconf 89' lang='lat' dir='ltr'><strong>solito</strong></span> <span class='ocrx_word' id='word_1_315' title='bbox 2479 1589 2774 1660; x_wconf 80' lang='lat' dir='ltr'><strong>longiorem</strong></span> <span class='ocrx_word' id='word_1_316' title='bbox 2813 1598 3144 1670; x_wconf 81' lang='lat' dir='ltr'><strong>Obrepsisse,</strong></span> <span class='ocrx_word' id='word_1_317' title='bbox 3232 1625 3253 1659; x_wconf 80' lang='grc' dir='ltr'><strong>ι</strong></span> <span class='ocrx_word' id='word_1_318' title='bbox 3294 1607 3552 1679; x_wconf 73' lang='lat' dir='ltr'><strong>Lazarus,</strong></span> 
     </span>
    </p>
   </div>
   <div class='ocr_carea' id='block_1_45' title="bbox 1980 1675 3554 1761">
    <p class='ocr_par' dir='ltr' id='par_1_45' title="bbox 1980 1675 3554 1761">
     <span class='ocr_line' id='line_1_45' title="bbox 1980 1675 3554 1761; baseline 0.022 -35"><span class='ocrx_word' id='word_1_319' title='bbox 1980 1675 2178 1744; x_wconf 86' lang='lat' dir='ltr'><strong>inquit,</strong></span> <span class='ocrx_word' id='word_1_320' title='bbox 2213 1679 2432 1734; x_wconf 86' lang='lat' dir='ltr'><strong>dormit.</strong></span> <span class='ocrx_word' id='word_1_321' title='bbox 2471 1700 2490 1733; x_wconf 76' lang='grc' dir='ltr'><strong>ι</strong></span> <span class='ocrx_word' id='word_1_322' title='bbox 2534 1683 2744 1740; x_wconf 85' lang='lat' dir='ltr'><strong>Etenim</strong></span> <span class='ocrx_word' id='word_1_323' title='bbox 2781 1703 2886 1742; x_wconf 92' lang='lat' dir='ltr'><strong>nou</strong></span> <span class='ocrx_word' id='word_1_324' title='bbox 2925 1700 3032 1746; x_wconf 87' lang='lat' dir='ltr'><strong>tam</strong></span> <span class='ocrx_word' id='word_1_325' title='bbox 3068 1694 3227 1753; x_wconf 88' lang='lat' dir='ltr'><strong>facile</strong></span> <span class='ocrx_word' id='word_1_326' title='bbox 3261 1712 3347 1756; x_wconf 86' lang='lat' dir='ltr'><strong>est</strong></span> <span class='ocrx_word' id='word_1_327' title='bbox 3381 1675 3554 1761; x_wconf 80' lang='lat' dir='ltr'><strong>cuivis</strong></span> 
     </span>
    </p>
   </div>
   <div class='ocr_carea' id='block_1_46' title="bbox 1975 1770 3551 1853">
    <p class='ocr_par' dir='ltr' id='par_1_46' title="bbox 1975 1770 3551 1853">
     <span class='ocr_line' id='line_1_46' title="bbox 1975 1770 3551 1853; baseline 0.02 -32"><span class='ocrx_word' id='word_1_328' title='bbox 1975 1770 2392 1841; x_wconf 81' lang='lat' dir='ltr'><strong>cxpergefacere</strong></span> <span class='ocrx_word' id='word_1_329' title='bbox 2454 1776 2850 1850; x_wconf 88' lang='lat' dir='ltr'><strong>dormientem,</strong></span> <span class='ocrx_word' id='word_1_330' title='bbox 2906 1799 3072 1853; x_wconf 89' lang='lat' dir='ltr'><strong>quam</strong></span> <span class='ocrx_word' id='word_1_331' title='bbox 3138 1791 3211 1844; x_wconf 90' lang='lat' dir='ltr'><strong>illi</strong></span> <span class='ocrx_word' id='word_1_332' title='bbox 3280 1807 3551 1853; x_wconf 89' lang='lat' dir='ltr'><strong>mortuum</strong></span> 
     </span>
    </p>
   </div>
   <div class='ocr_carea' id='block_1_47' title="bbox 1973 1863 3552 1945">
    <p class='ocr_par' dir='ltr' id='par_1_47' title="bbox 1973 1863 3552 1945">
     <span class='ocr_line' id='line_1_47' title="bbox 1973 1863 3552 1945; baseline 0.019 -31"><span class='ocrx_word' id='word_1_333' title='bbox 1973 1863 2260 1918; x_wconf 84' lang='lat' dir='ltr'><strong>suscitare.</strong></span> <span class='ocrx_word' id='word_1_334' title='bbox 2291 1863 2622 1921; x_wconf 87' lang='lat' dir='ltr'><strong>Cousuetum</strong></span> <span class='ocrx_word' id='word_1_335' title='bbox 2661 1886 2826 1939; x_wconf 88' lang='lat' dir='ltr'><strong>porro</strong></span> <span class='ocrx_word' id='word_1_336' title='bbox 2862 1884 2945 1930; x_wconf 87' lang='lat' dir='ltr'><strong>est</strong></span> <span class='ocrx_word' id='word_1_337' title='bbox 2979 1882 3338 1940; x_wconf 79' lang='lat' dir='ltr'><strong>dormientem</strong></span> <span class='ocrx_word' id='word_1_338' title='bbox 3371 1891 3552 1945; x_wconf 80' lang='lat' dir='ltr'><strong>vorari</strong></span> 
     </span>
    </p>
   </div>
   <div class='ocr_carea' id='block_1_48' title="bbox 1973 1955 3558 2039">
    <p class='ocr_par' dir='ltr' id='par_1_48' title="bbox 1973 1955 3558 2039">
     <span class='ocr_line' id='line_1_48' title="bbox 1973 1955 3558 2039; baseline 0.022 -36"><span class='ocrx_word' id='word_1_339' title='bbox 1973 1966 2130 2015; x_wconf 87' lang='lat' dir='ltr'><strong>cum,</strong></span> <span class='ocrx_word' id='word_1_340' title='bbox 2191 1955 2282 2020; x_wconf 85' lang='lat' dir='ltr'><strong>qui</strong></span> <span class='ocrx_word' id='word_1_341' title='bbox 2323 1955 2544 2025; x_wconf 83' lang='lat' dir='ltr'><strong>jamjam</strong></span> <span class='ocrx_word' id='word_1_342' title='bbox 2591 1961 2657 2015; x_wconf 87' lang='lat' dir='ltr'><strong>sit</strong></span> <span class='ocrx_word' id='word_1_343' title='bbox 2705 1966 3027 2024; x_wconf 87' lang='lat' dir='ltr'><strong>revictnrus.</strong></span> <span class='ocrx_word' id='word_1_344' title='bbox 3079 1973 3169 2028; x_wconf 72' lang='lat' dir='ltr'><strong>Sic</strong></span> <span class='ocrx_word' id='word_1_345' title='bbox 3209 1978 3351 2031; x_wconf 88' lang='lat' dir='ltr'><strong>enim</strong></span> <span class='ocrx_word' id='word_1_346' title='bbox 3393 1991 3448 2035; x_wconf 89' lang='lat' dir='ltr'><strong>et</strong></span> <span class='ocrx_word' id='word_1_347' title='bbox 3487 1982 3558 2039; x_wconf 79' lang='lat' dir='ltr'><strong>de</strong></span> 
     </span>
    </p>
   </div>
   <div class='ocr_carea' id='block_1_49' title="bbox 2789 2059 3554 2136">
    <p class='ocr_par' dir='ltr' id='par_1_49' title="bbox 2789 2059 3554 2136">
     <span class='ocr_line' id='line_1_49' title="bbox 2789 2059 3554 2136; baseline 0.03 -27"><span class='ocrx_word' id='word_1_348' title='bbox 2789 2077 2808 2109; x_wconf 79' lang='grc' dir='ltr'><strong>ι</strong></span> <span class='ocrx_word' id='word_1_349' title='bbox 2866 2059 2981 2115; x_wconf 87' lang='lat' dir='ltr'><strong>Non</strong></span> <span class='ocrx_word' id='word_1_350' title='bbox 3031 2076 3113 2120; x_wconf 88' lang='lat' dir='ltr'><strong>est</strong></span> <span class='ocrx_word' id='word_1_351' title='bbox 3165 2081 3408 2136; x_wconf 87' lang='lat' dir='ltr'><strong>mortua,</strong></span> <span class='ocrx_word' id='word_1_352' title='bbox 3459 2077 3554 2132; x_wconf 88' lang='lat' dir='ltr'><strong>sed</strong></span> 
     </span>
    </p>
   </div>
   <div class='ocr_carea' id='block_1_50' title="bbox 1973 2136 3554 2229">
    <p class='ocr_par' dir='ltr' id='par_1_50' title="bbox 1973 2136 3554 2229">
     <span class='ocr_line' id='line_1_50' title="bbox 1973 2136 3554 2229; baseline 0.022 -41"><span class='ocrx_word' id='word_1_353' title='bbox 1973 2136 2252 2196; x_wconf 72' lang='lat' dir='ltr'><strong>dormit&quot;.</strong></span> <span class='ocrx_word' id='word_1_354' title='bbox 2287 2161 2305 2194; x_wconf 73' lang='grc' dir='ltr'><strong>ι</strong></span> <span class='ocrx_word' id='word_1_355' title='bbox 2351 2144 2456 2199; x_wconf 87' lang='lat' dir='ltr'><strong>Sed</strong></span> <span class='ocrx_word' id='word_1_356' title='bbox 2491 2163 2612 2204; x_wconf 89' lang='lat' dir='ltr'><strong>cum</strong></span> <span class='ocrx_word' id='word_1_357' title='bbox 2647 2152 2899 2220; x_wconf 84' lang='lat' dir='ltr'><strong>discipuli</strong></span> <span class='ocrx_word' id='word_1_358' title='bbox 2935 2168 3117 2213; x_wconf 84' lang='lat' dir='ltr'><strong>essent</strong></span> <span class='ocrx_word' id='word_1_359' title='bbox 3149 2163 3344 2229; x_wconf 88' lang='lat' dir='ltr'><strong>nescii,</strong></span> <span class='ocrx_word' id='word_1_360' title='bbox 3376 2173 3554 2224; x_wconf 89' lang='lat' dir='ltr'><strong>somnl</strong></span> 
     </span>
    </p>
   </div>
   <div class='ocr_carea' id='block_1_51' title="bbox 1970 2234 3551 2326">
    <p class='ocr_par' dir='ltr' id='par_1_51' title="bbox 1970 2234 3551 2326">
     <span class='ocr_line' id='line_1_51' title="bbox 1970 2234 3551 2326; baseline 0.022 -45"><span class='ocrx_word' id='word_1_361' title='bbox 1970 2243 2168 2286; x_wconf 77' lang='lat' dir='ltr'><strong>uousen</strong></span> <span class='ocrx_word' id='word_1_362' title='bbox 2211 2234 2372 2289; x_wconf 82' lang='lat' dir='ltr'><strong>tribui</strong></span> <span class='ocrx_word' id='word_1_363' title='bbox 2419 2241 2576 2294; x_wconf 89' lang='lat' dir='ltr'><strong>morti</strong></span> <span class='ocrx_word' id='word_1_364' title='bbox 2624 2243 2798 2306; x_wconf 86' lang='lat' dir='ltr'><strong>solere</strong></span> <span class='ocrx_word' id='word_1_365' title='bbox 2842 2264 2855 2300; x_wconf 91' lang='lat'><strong>:</strong></span> <span class='ocrx_word' id='word_1_366' title='bbox 2905 2266 2922 2298; x_wconf 84' lang='grc' dir='ltr'><strong>ι</strong></span> <span class='ocrx_word' id='word_1_367' title='bbox 2974 2249 3030 2303; x_wconf 82' lang='lat' dir='ltr'><strong>Si</strong></span> <span class='ocrx_word' id='word_1_368' title='bbox 3073 2251 3300 2318; x_wconf 88' lang='lat' dir='ltr'><strong>dormit,</strong></span> <span class='ocrx_word' id='word_1_369' title='bbox 3330 2257 3551 2326; x_wconf 79' lang='lat' dir='ltr'><strong>dixere,</strong></span> 
     </span>
    </p>
   </div>
   <div class='ocr_carea' id='block_1_52' title="bbox 1970 2321 3552 2420">
    <p class='ocr_par' dir='ltr' id='par_1_52' title="bbox 1970 2321 3552 2420">
     <span class='ocr_line' id='line_1_52' title="bbox 1970 2321 3552 2420; baseline 0.02 -45"><span class='ocrx_word' id='word_1_370' title='bbox 1970 2321 2153 2378; x_wconf 85' lang='lat' dir='ltr'><strong>salvus</strong></span> <span class='ocrx_word' id='word_1_371' title='bbox 2196 2333 2310 2391; x_wconf 85' lang='lat' dir='ltr'><strong>est,</strong></span> <span class='ocrx_word' id='word_1_372' title='bbox 2351 2347 2369 2380; x_wconf 71' lang='grc' dir='ltr'><strong>ι</strong></span> <span class='ocrx_word' id='word_1_373' title='bbox 2418 2339 2471 2384; x_wconf 92' lang='lat' dir='ltr'><strong>et</strong></span> <span class='ocrx_word' id='word_1_374' title='bbox 2512 2330 2762 2390; x_wconf 78' lang='lat' dir='ltr'><strong>fortassis</strong></span> <span class='ocrx_word' id='word_1_375' title='bbox 2803 2339 2964 2394; x_wconf 89' lang='lat' dir='ltr'><strong>etiam</strong></span> <span class='ocrx_word' id='word_1_376' title='bbox 3008 2345 3364 2412; x_wconf 64' lang='lat' dir='ltr'><strong>prmdicentes</strong></span> <span class='ocrx_word' id='word_1_377' title='bbox 3408 2321 3552 2420; x_wconf 85' lang='lat' dir='ltr'><strong>quod</strong></span> 
     </span>
    </p>
   </div>
   <div class='ocr_carea' id='block_1_53' title="bbox 1970 2417 3405 2500">
    <p class='ocr_par' dir='ltr' id='par_1_53' title="bbox 1970 2417 3405 2500">
     <span class='ocr_line' id='line_1_53' title="bbox 1970 2417 3405 2500; baseline 0.023 -33"><span class='ocrx_word' id='word_1_378' title='bbox 1970 2427 2086 2470; x_wconf 88' lang='lat' dir='ltr'><strong>erat</strong></span> <span class='ocrx_word' id='word_1_379' title='bbox 2112 2417 2382 2490; x_wconf 85' lang='lat' dir='ltr'><strong>futurum;</strong></span> <span class='ocrx_word' id='word_1_380' title='bbox 2418 2442 2566 2484; x_wconf 81' lang='lat' dir='ltr'><strong>mors</strong></span> <span class='ocrx_word' id='word_1_381' title='bbox 2594 2431 2738 2485; x_wconf 89' lang='lat' dir='ltr'><strong>enim</strong></span> <span class='ocrx_word' id='word_1_382' title='bbox 2770 2433 2844 2487; x_wconf 92' lang='lat' dir='ltr'><strong>illi</strong></span> <span class='ocrx_word' id='word_1_383' title='bbox 2879 2450 3039 2492; x_wconf 85' lang='lat' dir='ltr'><strong>causa</strong></span> <span class='ocrx_word' id='word_1_384' title='bbox 3069 2440 3256 2497; x_wconf 90' lang='lat' dir='ltr'><strong>salutis</strong></span> <span class='ocrx_word' id='word_1_385' title='bbox 3284 2443 3405 2500; x_wconf 88' lang='lat' dir='ltr'><strong>fuit.</strong></span> 
     </span>
    </p>
   </div>
   <div class='ocr_carea' id='block_1_54' title="bbox 2047 2511 3554 2596">
    <p class='ocr_par' dir='ltr' id='par_1_54' title="bbox 2047 2511 3554 2596">
     <span class='ocr_line' id='line_1_54' title="bbox 2047 2511 3554 2596; baseline 0.023 -35"><span class='ocrx_word' id='word_1_386' title='bbox 2047 2529 2066 2562; x_wconf 77' lang='grc' dir='ltr'><strong>ι</strong></span> <span class='ocrx_word' id='word_1_387' title='bbox 2114 2511 2264 2568; x_wconf 91' lang='lat' dir='ltr'><strong>&#39;l‘unc</strong></span> <span class='ocrx_word' id='word_1_388' title='bbox 2300 2530 2429 2586; x_wconf 85' lang='lat' dir='ltr'><strong>ergo</strong></span> <span class='ocrx_word' id='word_1_389' title='bbox 2465 2517 2621 2574; x_wconf 80' lang='lat' dir='ltr'><strong>Jesus</strong></span> <span class='ocrx_word' id='word_1_390' title='bbox 2657 2521 2793 2577; x_wconf 84' lang='lat' dir='ltr'><strong>dixit</strong></span> <span class='ocrx_word' id='word_1_391' title='bbox 2828 2525 2910 2581; x_wconf 90' lang='lat' dir='ltr'><strong>eis</strong></span> <span class='ocrx_word' id='word_1_392' title='bbox 2951 2531 3278 2590; x_wconf 80' lang='lat' dir='ltr'><strong>manifeste:</strong></span> <span class='ocrx_word' id='word_1_393' title='bbox 3315 2536 3554 2596; x_wconf 75' lang='lat' dir='ltr'><strong>Lazarus</strong></span> 
     </span>
    </p>
   </div>
   <div class='ocr_carea' id='block_1_55' title="bbox 1968 2611 3550 2689">
    <p class='ocr_par' dir='ltr' id='par_1_55' title="bbox 1968 2611 3550 2689">
     <span class='ocr_line' id='line_1_55' title="bbox 1968 2611 3550 2689; baseline 0.02 -31"><span class='ocrx_word' id='word_1_394' title='bbox 1968 2612 2215 2661; x_wconf 89' lang='lat' dir='ltr'><strong>mortuus</strong></span> <span class='ocrx_word' id='word_1_395' title='bbox 2245 2617 2348 2663; x_wconf 87' lang='lat' dir='ltr'><strong>est.</strong></span> <span class='ocrx_word' id='word_1_396' title='bbox 2384 2627 2402 2659; x_wconf 69' lang='grc' dir='ltr'><strong>ι</strong></span> <span class='ocrx_word' id='word_1_397' title='bbox 2437 2611 2674 2669; x_wconf 82' lang='lat' dir='ltr'><strong>Adverte</strong></span> <span class='ocrx_word' id='word_1_398' title='bbox 2702 2624 2757 2669; x_wconf 89' lang='lat' dir='ltr'><strong>ut</strong></span> <span class='ocrx_word' id='word_1_399' title='bbox 2783 2631 2880 2686; x_wconf 90' lang='lat' dir='ltr'><strong>per</strong></span> <span class='ocrx_word' id='word_1_400' title='bbox 2905 2624 3085 2676; x_wconf 89' lang='lat' dir='ltr'><strong>omnia</strong></span> <span class='ocrx_word' id='word_1_401' title='bbox 3116 2624 3356 2684; x_wconf 82' lang='lat' dir='ltr'><strong>historia:</strong></span> <span class='ocrx_word' id='word_1_402' title='bbox 3387 2634 3550 2689; x_wconf 84' lang='lat' dir='ltr'><strong>verba</strong></span> 
     </span>
    </p>
   </div>
   <div class='ocr_carea' id='block_1_56' title="bbox 1968 2701 3553 2783">
    <p class='ocr_par' dir='ltr' id='par_1_56' title="bbox 1968 2701 3553 2783">
     <span class='ocr_line' id='line_1_56' title="bbox 1968 2701 3553 2783; baseline 0.016 -33"><span class='ocrx_word' id='word_1_403' title='bbox 1968 2701 2239 2767; x_wconf 84' lang='lat' dir='ltr'><strong>perspersi</strong></span> <span class='ocrx_word' id='word_1_404' title='bbox 2266 2701 2376 2756; x_wconf 88' lang='lat' dir='ltr'><strong>sint</strong></span> <span class='ocrx_word' id='word_1_405' title='bbox 2400 2703 2677 2776; x_wconf 77' lang='lat' dir='ltr'><strong>allegoriri</strong></span> <span class='ocrx_word' id='word_1_406' title='bbox 2707 2724 2929 2778; x_wconf 86' lang='lat' dir='ltr'><strong>sensus;</strong></span> <span class='ocrx_word' id='word_1_407' title='bbox 2960 2716 3178 2783; x_wconf 89' lang='lat' dir='ltr'><strong>quando</strong></span> <span class='ocrx_word' id='word_1_408' title='bbox 3208 2721 3354 2773; x_wconf 86' lang='lat' dir='ltr'><strong>enim</strong></span> <span class='ocrx_word' id='word_1_409' title='bbox 3383 2721 3553 2776; x_wconf 88' lang='lat' dir='ltr'><strong>Laza-</strong></span> 
     </span>
    </p>
   </div>
   <div class='ocr_carea' id='block_1_57' title="bbox 1969 2793 3550 2875">
    <p class='ocr_par' dir='ltr' id='par_1_57' title="bbox 1969 2793 3550 2875">
     <span class='ocr_line' id='line_1_57' title="bbox 1969 2793 3550 2875; baseline 0.02 -34"><span class='ocrx_word' id='word_1_410' title='bbox 1969 2805 2086 2844; x_wconf 91' lang='lat' dir='ltr'><strong>rum</strong></span> <span class='ocrx_word' id='word_1_411' title='bbox 2125 2793 2363 2850; x_wconf 90' lang='lat' dir='ltr'><strong>dormire</strong></span> <span class='ocrx_word' id='word_1_412' title='bbox 2397 2797 2568 2865; x_wconf 82' lang='lat' dir='ltr'><strong>dixit,</strong></span> <span class='ocrx_word' id='word_1_413' title='bbox 2598 2802 2834 2857; x_wconf 89' lang='lat' dir='ltr'><strong>amicum</strong></span> <span class='ocrx_word' id='word_1_414' title='bbox 2872 2807 3160 2875; x_wconf 87' lang='lat' dir='ltr'><strong>appellavit</strong></span> <span class='ocrx_word' id='word_1_415' title='bbox 3193 2827 3208 2865; x_wconf 87' lang='lat'><strong>:</strong></span> <span class='ocrx_word' id='word_1_416' title='bbox 3251 2830 3270 2864; x_wconf 83' lang='grc' dir='ltr'><strong>ι</strong></span> <span class='ocrx_word' id='word_1_417' title='bbox 3310 2813 3550 2873; x_wconf 84' lang='lat' dir='ltr'><strong>Lazarus</strong></span> 
     </span>
    </p>
   </div>
   <div class='ocr_carea' id='block_1_58' title="bbox 1967 2884 3546 2974">
    <p class='ocr_par' dir='ltr' id='par_1_58' title="bbox 1967 2884 3546 2974">
     <span class='ocr_line' id='line_1_58' title="bbox 1967 2884 3546 2974; baseline 0.017 -40"><span class='ocrx_word' id='word_1_418' title='bbox 1967 2884 2173 2938; x_wconf 87' lang='lat' dir='ltr'><strong>amicus</strong></span> <span class='ocrx_word' id='word_1_419' title='bbox 2219 2896 2405 2942; x_wconf 86' lang='lat' dir='ltr'><strong>noster</strong></span> <span class='ocrx_word' id='word_1_420' title='bbox 2450 2889 2680 2958; x_wconf 86' lang='lat' dir='ltr'><strong>dormit;</strong></span> <span class='ocrx_word' id='word_1_421' title='bbox 2727 2911 2747 2946; x_wconf 84' lang='grc'>›</span> <span class='ocrx_word' id='word_1_422' title='bbox 2795 2898 3011 2964; x_wconf 85' lang='lat' dir='ltr'><strong>quando</strong></span> <span class='ocrx_word' id='word_1_423' title='bbox 3063 2914 3191 2955; x_wconf 88' lang='lat' dir='ltr'><strong>vero</strong></span> <span class='ocrx_word' id='word_1_424' title='bbox 3237 2915 3546 2974; x_wconf 90' lang='lat' dir='ltr'><strong>mortuum,</strong></span> 
     </span>
    </p>
   </div>
   <div class='ocr_carea' id='block_1_59' title="bbox 1967 2973 3550 3056">
    <p class='ocr_par' dir='ltr' id='par_1_59' title="bbox 1967 2973 3550 3056">
     <span class='ocr_line' id='line_1_59' title="bbox 1967 2973 3550 3056; baseline 0.019 -30"><span class='ocrx_word' id='word_1_425' title='bbox 1967 2973 2233 3031; x_wconf 87' lang='lat' dir='ltr'><strong>Lazarum</strong></span> <span class='ocrx_word' id='word_1_426' title='bbox 2301 2980 2629 3051; x_wconf 82' lang='lat' dir='ltr'><strong>simpliciter</strong></span> <span class='ocrx_word' id='word_1_427' title='bbox 2695 2988 3017 3044; x_wconf 86' lang='lat' dir='ltr'><strong>nominavit.</strong></span> <span class='ocrx_word' id='word_1_428' title='bbox 3076 2991 3288 3050; x_wconf 86' lang='lat' dir='ltr'><strong>Etenim</strong></span> <span class='ocrx_word' id='word_1_429' title='bbox 3356 2999 3550 3056; x_wconf 83' lang='lat' dir='ltr'><strong>amicis</strong></span> 
     </span>
    </p>
   </div>
   <div class='ocr_carea' id='block_1_60' title="bbox 269 3045 1860 3154">
    <p class='ocr_par' dir='ltr' id='par_1_60' title="bbox 269 3045 1858 3145">
     <span class='ocr_line' id='line_1_60' title="bbox 269 3045 1858 3145; baseline 0.022 -49"><span class='ocrx_word' id='word_1_430' title='bbox 269 3045 506 3101; x_wconf 79' lang='grc' dir='ltr'>ἐκάλεσε</span> <span class='ocrx_word' id='word_1_431' title='bbox 539 3049 808 3123; x_wconf 72' lang='grc' dir='ltr'>Λάζαρον,</span> <span class='ocrx_word' id='word_1_432' title='bbox 835 3057 960 3120; x_wconf 77' lang='grc' dir='ltr'>Τοῖς</span> <span class='ocrx_word' id='word_1_433' title='bbox 992 3059 1092 3129; x_wconf 82' lang='grc' dir='ltr'>μὲν</span> <span class='ocrx_word' id='word_1_434' title='bbox 1117 3063 1227 3133; x_wconf 77' lang='grc' dir='ltr'><strong>γάρ</strong></span> <span class='ocrx_word' id='word_1_435' title='bbox 1248 3064 1368 3119; x_wconf 72' lang='grc' dir='ltr'>οὖσι</span> <span class='ocrx_word' id='word_1_436' title='bbox 1398 3070 1573 3137; x_wconf 76' lang='grc' dir='ltr'>φίλοις</span> <span class='ocrx_word' id='word_1_437' title='bbox 1597 3045 1858 3145; x_wconf 68' lang='grc' dir='ltr'>Χριστοῦ,</span> 
     </span>
    </p>
   </div>
   <div class='ocr_carea' id='block_1_61' title="bbox 1967 3045 3548 3154">
    <p class='ocr_par' dir='ltr' id='par_1_61' title="bbox 1967 3045 3548 3154">
     <span class='ocr_line' id='line_1_61' title="bbox 1967 3045 3548 3154; baseline 0.016 -31"><span class='ocrx_word' id='word_1_438' title='bbox 1967 3065 2162 3123; x_wconf 84' lang='lat' dir='ltr'><strong>Christi</strong></span> <span class='ocrx_word' id='word_1_439' title='bbox 2202 3087 2347 3127; x_wconf 87' lang='lat' dir='ltr'><strong>mors</strong></span> <span class='ocrx_word' id='word_1_440' title='bbox 2377 3045 2461 3129; x_wconf 73' lang='lat' dir='ltr'><strong>est</strong></span> <span class='ocrx_word' id='word_1_441' title='bbox 2493 3090 2718 3134; x_wconf 88' lang='lat' dir='ltr'><strong>somnus</strong></span> <span class='ocrx_word' id='word_1_442' title='bbox 2755 3089 2809 3134; x_wconf 86' lang='lat' dir='ltr'><strong>et</strong></span> <span class='ocrx_word' id='word_1_443' title='bbox 2870 3082 3054 3152; x_wconf 85' lang='lat' dir='ltr'><strong>quies;</strong></span> <span class='ocrx_word' id='word_1_444' title='bbox 3091 3087 3288 3154; x_wconf 90' lang='lat' dir='ltr'><strong>quibus</strong></span> <span class='ocrx_word' id='word_1_445' title='bbox 3319 3105 3445 3146; x_wconf 91' lang='lat' dir='ltr'><strong>vero</strong></span> <span class='ocrx_word' id='word_1_446' title='bbox 3479 3094 3548 3148; x_wconf 93' lang='lat' dir='ltr'><strong>ob</strong></span> 
     </span>
    </p>
   </div>
   <div class='ocr_carea' id='block_1_62' title="bbox 274 3140 1863 3230">
    <p class='ocr_par' dir='ltr' id='par_1_62' title="bbox 274 3140 1863 3230">
     <span class='ocr_line' id='line_1_62' title="bbox 274 3140 1863 3230; baseline 0.02 -37"><span class='ocrx_word' id='word_1_447' title='bbox 274 3140 454 3204; x_wconf 79' lang='grc' dir='ltr'>ὕπνος</span> <span class='ocrx_word' id='word_1_448' title='bbox 481 3145 510 3197; x_wconf 84' lang='grc' dir='ltr'>ὁ</span> <span class='ocrx_word' id='word_1_449' title='bbox 546 3145 776 3212; x_wconf 81' lang='grc' dir='ltr'>θάνατος</span> <span class='ocrx_word' id='word_1_450' title='bbox 813 3153 906 3203; x_wconf 72' lang='grc' dir='ltr'>καὶ</span> <span class='ocrx_word' id='word_1_451' title='bbox 933 3153 1245 3222; x_wconf 82' lang='grc' dir='ltr'>ἀνάπαυσις</span> <span class='ocrx_word' id='word_1_452' title='bbox 1284 3160 1512 3229; x_wconf 83' lang='grc' dir='ltr'>γίνεται.</span> <span class='ocrx_word' id='word_1_453' title='bbox 1549 3161 1644 3230; x_wconf 76' lang='grc' dir='ltr'>Οἷς</span> <span class='ocrx_word' id='word_1_454' title='bbox 1677 3169 1735 3221; x_wconf 85' lang='grc' dir='ltr'><strong>δὲ</strong></span> <span class='ocrx_word' id='word_1_455' title='bbox 1769 3171 1863 3224; x_wconf 81' lang='grc' dir='ltr'>θά-</span> 
     </span>
    </p>
   </div>
   <div class='ocr_carea' id='block_1_63' title="bbox 270 3239 1859 3334">
    <p class='ocr_par' dir='ltr' id='par_1_63' title="bbox 270 3239 1859 3334">
     <span class='ocr_line' id='line_1_63' title="bbox 270 3239 1859 3334; baseline 0.021 -50"><span class='ocrx_word' id='word_1_456' title='bbox 270 3246 442 3298; x_wconf 85' lang='grc' dir='ltr'>νατος</span> <span class='ocrx_word' id='word_1_457' title='bbox 507 3239 658 3290; x_wconf 79' lang='grc' dir='ltr'>ἐστιν</span> <span class='ocrx_word' id='word_1_458' title='bbox 692 3243 719 3293; x_wconf 84' lang='grc'>6</span> <span class='ocrx_word' id='word_1_459' title='bbox 755 3243 850 3295; x_wconf 78' lang='grc' dir='ltr'>τοῦ</span> <span class='ocrx_word' id='word_1_460' title='bbox 879 3245 1131 3314; x_wconf 82' lang='grc' dir='ltr'>σώματος</span> <span class='ocrx_word' id='word_1_461' title='bbox 1158 3256 1438 3323; x_wconf 71' lang='grc' dir='ltr'>χωρισμὸς</span> <span class='ocrx_word' id='word_1_462' title='bbox 1463 3257 1550 3310; x_wconf 82' lang='grc' dir='ltr'><strong>διὰ</strong></span> <span class='ocrx_word' id='word_1_463' title='bbox 1586 3261 1859 3334; x_wconf 79' lang='grc' dir='ltr'>φαυλότη-</span> 
     </span>
    </p>
   </div>
   <div class='ocr_carea' id='block_1_64' title="bbox 267 3325 1628 3413">
    <p class='ocr_par' dir='ltr' id='par_1_64' title="bbox 267 3325 1628 3413">
     <span class='ocr_line' id='line_1_64' title="bbox 267 3325 1628 3413; baseline 0.02 -35"><span class='ocrx_word' id='word_1_464' title='bbox 267 3344 366 3390; x_wconf 80' lang='grc' dir='ltr'><strong>τος</strong></span> <span class='ocrx_word' id='word_1_465' title='bbox 397 3327 538 3398; x_wconf 83' lang='grc' dir='ltr'>βίου,</span> <span class='ocrx_word' id='word_1_466' title='bbox 566 3325 712 3386; x_wconf 74' lang='grc' dir='ltr'>οὗτοι</span> <span class='ocrx_word' id='word_1_467' title='bbox 749 3335 964 3402; x_wconf 71' lang='grc' dir='ltr'>ἀνάξιοι</span> <span class='ocrx_word' id='word_1_468' title='bbox 994 3339 1262 3411; x_wconf 81' lang='grc' dir='ltr'>κληθῆναι</span> <span class='ocrx_word' id='word_1_469' title='bbox 1294 3346 1438 3413; x_wconf 75' lang='grc' dir='ltr'>φίλοι</span> <span class='ocrx_word' id='word_1_470' title='bbox 1469 3348 1628 3406; x_wconf 85' lang='grc' dir='ltr'>Θεοῦ.</span> 
     </span>
    </p>
   </div>
   <div class='ocr_carea' id='block_1_65' title="bbox 356 3425 1852 3516">
    <p class='ocr_par' dir='ltr' id='par_1_65' title="bbox 356 3425 1852 3516">
     <span class='ocr_line' id='line_1_65' title="bbox 356 3425 1852 3516; baseline 0.02 -44"><span class='ocrx_word' id='word_1_471' title='bbox 356 3441 374 3472; x_wconf 84' lang='grc' dir='ltr'><strong>ι</strong></span> <span class='ocrx_word' id='word_1_472' title='bbox 425 3425 534 3476; x_wconf 84' lang='grc' dir='ltr'><strong>Καὶ</strong></span> <span class='ocrx_word' id='word_1_473' title='bbox 588 3427 770 3497; x_wconf 80' lang='grc' dir='ltr'>χαίρω</span> <span class='ocrx_word' id='word_1_474' title='bbox 824 3430 893 3484; x_wconf 79' lang='grc' dir='ltr'><strong>δι’</strong></span> <span class='ocrx_word' id='word_1_475' title='bbox 932 3433 1079 3502; x_wconf 83' lang='grc' dir='ltr'>ὑμᾶς</span> <span class='ocrx_word' id='word_1_476' title='bbox 1125 3435 1207 3490; x_wconf 83' lang='grc' dir='ltr'>ὅτι</span> <span class='ocrx_word' id='word_1_477' title='bbox 1264 3439 1326 3492; x_wconf 85' lang='grc' dir='ltr'>οὐ</span> <span class='ocrx_word' id='word_1_478' title='bbox 1363 3445 1632 3516; x_wconf 85' lang='grc' dir='ltr'>παρήμην</span> <span class='ocrx_word' id='word_1_479' title='bbox 1663 3449 1799 3504; x_wconf 81' lang='grc' dir='ltr'>ἐκεῖ.</span> <span class='ocrx_word' id='word_1_480' title='bbox 1834 3469 1852 3502; x_wconf 78' lang='grc' dir='ltr'><strong>ι</strong></span> 
     </span>
    </p>
   </div>
   <div class='ocr_carea' id='block_1_66' title="bbox 269 3513 1856 3612">
    <p class='ocr_par' dir='ltr' id='par_1_66' title="bbox 269 3513 1856 3612">
     <span class='ocr_line' id='line_1_66' title="bbox 269 3513 1856 3612; baseline 0.018 -46"><span class='ocrx_word' id='word_1_481' title='bbox 269 3513 488 3583; x_wconf 75' lang='grc' dir='ltr'>Χαίρω,</span> <span class='ocrx_word' id='word_1_482' title='bbox 521 3523 710 3585; x_wconf 71' lang='grc' dir='ltr'>φησιν,</span> <span class='ocrx_word' id='word_1_483' title='bbox 745 3521 900 3588; x_wconf 80' lang='grc' dir='ltr'>ὑμῶν</span> <span class='ocrx_word' id='word_1_484' title='bbox 931 3525 1128 3578; x_wconf 73' lang='grc' dir='ltr'>ἕνεκαο</span> <span class='ocrx_word' id='word_1_485' title='bbox 1164 3529 1224 3581; x_wconf 73' lang='grc' dir='ltr'>τὸ</span> <span class='ocrx_word' id='word_1_486' title='bbox 1253 3531 1360 3602; x_wconf 86' lang='grc' dir='ltr'><strong>γὰρ</strong></span> <span class='ocrx_word' id='word_1_487' title='bbox 1392 3535 1465 3606; x_wconf 80' lang='grc' dir='ltr'>μὴ</span> <span class='ocrx_word' id='word_1_488' title='bbox 1502 3513 1758 3606; x_wconf 82' lang='grc' dir='ltr'>παρεῖναί</span> <span class='ocrx_word' id='word_1_489' title='bbox 1788 3561 1856 3612; x_wconf 86' lang='grc' dir='ltr'><strong>με</strong></span> 
     </span>
    </p>
   </div>
   <div class='ocr_carea' id='block_1_67' title="bbox 271 3607 1854 3700">
    <p class='ocr_par' dir='ltr' id='par_1_67' title="bbox 271 3607 1854 3700">
     <span class='ocr_line' id='line_1_67' title="bbox 271 3607 1854 3700; baseline 0.02 -43"><span class='ocrx_word' id='word_1_490' title='bbox 271 3607 334 3659; x_wconf 80' lang='grc' dir='ltr'>ἐν</span> <span class='ocrx_word' id='word_1_491' title='bbox 367 3607 612 3682; x_wconf 76' lang='grc' dir='ltr'>Βηθανίᾳ</span> <span class='ocrx_word' id='word_1_492' title='bbox 638 3613 889 3681; x_wconf 75' lang='grc' dir='ltr'>μείζονος</span> <span class='ocrx_word' id='word_1_493' title='bbox 926 3618 1166 3684; x_wconf 87' lang='grc' dir='ltr'>πίστεως</span> <span class='ocrx_word' id='word_1_494' title='bbox 1208 3622 1336 3693; x_wconf 85' lang='grc' dir='ltr'>ὑμῖν</span> <span class='ocrx_word' id='word_1_495' title='bbox 1371 3625 1525 3681; x_wconf 72' lang='grc' dir='ltr'>ἔσται</span> <span class='ocrx_word' id='word_1_496' title='bbox 1557 3632 1854 3700; x_wconf 73' lang='grc' dir='ltr'>πρόφασις.</span> 
     </span>
    </p>
   </div>
   <div class='ocr_carea' id='block_1_68' title="bbox 269 3700 1856 3791">
    <p class='ocr_par' dir='ltr' id='par_1_68' title="bbox 269 3700 1856 3791">
     <span class='ocr_line' id='line_1_68' title="bbox 269 3700 1856 3791; baseline 0.017 -37"><span class='ocrx_word' id='word_1_497' title='bbox 269 3700 388 3754; x_wconf 79' lang='grc' dir='ltr'><strong>Καὶ</strong></span> <span class='ocrx_word' id='word_1_498' title='bbox 409 3703 639 3766; x_wconf 77' lang='grc' dir='ltr'>εἰκότως</span> <span class='ocrx_word' id='word_1_499' title='bbox 659 3722 672 3736; x_wconf 87' lang='grc'><strong>·</strong></span> <span class='ocrx_word' id='word_1_500' title='bbox 707 3707 902 3777; x_wconf 85' lang='grc' dir='ltr'>παρὼν</span> <span class='ocrx_word' id='word_1_501' title='bbox 955 3711 1064 3782; x_wconf 82' lang='grc' dir='ltr'><strong>γάρ</strong></span> <span class='ocrx_word' id='word_1_502' title='bbox 1093 3715 1285 3769; x_wconf 77' lang='grc' dir='ltr'>ἰάσατο</span> <span class='ocrx_word' id='word_1_503' title='bbox 1307 3719 1725 3791; x_wconf 63' lang='grc' dir='ltr'>ἀρρωστοῦντα,</span> <span class='ocrx_word' id='word_1_504' title='bbox 1759 3730 1856 3782; x_wconf 74' lang='grc' dir='ltr'>καὶ</span> 
     </span>
    </p>
   </div>
   <div class='ocr_carea' id='block_1_69' title="bbox 267 3792 1855 3883">
    <p class='ocr_par' dir='ltr' id='par_1_69' title="bbox 267 3792 1855 3883">
     <span class='ocr_line' id='line_1_69' title="bbox 267 3792 1855 3883; baseline 0.018 -41"><span class='ocrx_word' id='word_1_505' title='bbox 267 3794 331 3844; x_wconf 74' lang='grc' dir='ltr'><strong>τὸ</strong></span> <span class='ocrx_word' id='word_1_506' title='bbox 368 3792 516 3861; x_wconf 80' lang='grc' dir='ltr'>μέγα</span> <span class='ocrx_word' id='word_1_507' title='bbox 555 3793 714 3847; x_wconf 81' lang='grc' dir='ltr'>τοῦτο</span> <span class='ocrx_word' id='word_1_508' title='bbox 775 3797 963 3869; x_wconf 82' lang='grc' dir='ltr'>θαῦμα</span> <span class='ocrx_word' id='word_1_509' title='bbox 1004 3801 1350 3863; x_wconf 84' lang='grc' dir='ltr'>διεκωλύετο.</span> <span class='ocrx_word' id='word_1_510' title='bbox 1381 3810 1574 3882; x_wconf 84' lang='grc' dir='ltr'>Ἀθρει</span> <span class='ocrx_word' id='word_1_511' title='bbox 1613 3814 1678 3883; x_wconf 81' lang='grc' dir='ltr'><strong>δὴ</strong></span> <span class='ocrx_word' id='word_1_512' title='bbox 1707 3818 1855 3882; x_wconf 76' lang='grc' dir='ltr'>ὅπως</span> 
     </span>
    </p>
   </div>
   <div class='ocr_carea' id='block_1_70' title="bbox 265 3882 1852 3971">
    <p class='ocr_par' dir='ltr' id='par_1_70' title="bbox 265 3882 1852 3971">
     <span class='ocr_line' id='line_1_70' title="bbox 265 3882 1852 3971; baseline 0.02 -38"><span class='ocrx_word' id='word_1_513' title='bbox 265 3882 360 3936; x_wconf 74' lang='grc' dir='ltr'>διὰ</span> <span class='ocrx_word' id='word_1_514' title='bbox 377 3883 470 3936; x_wconf 82' lang='grc' dir='ltr'><strong>τοῦ</strong></span> <span class='ocrx_word' id='word_1_515' title='bbox 490 3885 651 3953; x_wconf 88' lang='grc' dir='ltr'>λόγου</span> <span class='ocrx_word' id='word_1_516' title='bbox 678 3888 739 3941; x_wconf 79' lang='grc' dir='ltr'>τὸ</span> <span class='ocrx_word' id='word_1_517' title='bbox 763 3889 940 3945; x_wconf 82' lang='grc' dir='ltr'>διττὸν</span> <span class='ocrx_word' id='word_1_518' title='bbox 972 3895 1081 3948; x_wconf 84' lang='grc' dir='ltr'>τῶν</span> <span class='ocrx_word' id='word_1_519' title='bbox 1103 3897 1163 3950; x_wconf 83' lang='grc' dir='ltr'>ἐν</span> <span class='ocrx_word' id='word_1_520' title='bbox 1180 3899 1327 3971; x_wconf 78' lang='grc' dir='ltr'>αὐτῷ</span> <span class='ocrx_word' id='word_1_521' title='bbox 1349 3901 1566 3971; x_wconf 83' lang='grc' dir='ltr'>φύσεων</span> <span class='ocrx_word' id='word_1_522' title='bbox 1589 3907 1852 3966; x_wconf 86' lang='grc' dir='ltr'>δείκνυσι.</span> 
     </span>
    </p>
   </div>
   <div class='ocr_carea' id='block_1_71' title="bbox 266 3977 1846 4072">
    <p class='ocr_par' dir='ltr' id='par_1_71' title="bbox 266 3977 1846 4072">
     <span class='ocr_line' id='line_1_71' title="bbox 266 3977 1846 4072; baseline 0.018 -44"><span class='ocrx_word' id='word_1_523' title='bbox 266 3977 344 4029; x_wconf 76' lang='grc' dir='ltr'>Τὸ</span> <span class='ocrx_word' id='word_1_524' title='bbox 371 3978 470 4046; x_wconf 86' lang='grc' dir='ltr'>μὲν</span> <span class='ocrx_word' id='word_1_525' title='bbox 527 3979 636 4050; x_wconf 75' lang='grc' dir='ltr'>γὰρ</span> <span class='ocrx_word' id='word_1_526' title='bbox 693 3989 1004 4054; x_wconf 78' lang='grc' dir='ltr'>προειπεῖν,</span> <span class='ocrx_word' id='word_1_527' title='bbox 1047 3990 1122 4053; x_wconf 82' lang='grc' dir='ltr'>ὡς</span> <span class='ocrx_word' id='word_1_528' title='bbox 1154 4011 1172 4043; x_wconf 81' lang='grc' dir='ltr'><strong>ι</strong></span> <span class='ocrx_word' id='word_1_529' title='bbox 1228 3994 1493 4050; x_wconf 84' lang='grc' dir='ltr'>’Λπέθανε</span> <span class='ocrx_word' id='word_1_530' title='bbox 1522 3999 1794 4072; x_wconf 74' lang='grc' dir='ltr'>Λάζαρος,</span> <span class='ocrx_word' id='word_1_531' title='bbox 1828 4023 1846 4056; x_wconf 76' lang='grc' dir='ltr'><strong>ι</strong></span> 
     </span>
    </p>
   </div>
   <div class='ocr_carea' id='block_1_72' title="bbox 264 4070 1854 4167">
    <p class='ocr_par' dir='ltr' id='par_1_72' title="bbox 264 4070 1854 4167">
     <span class='ocr_line' id='line_1_72' title="bbox 264 4070 1854 4167; baseline 0.019 -48"><span class='ocrx_word' id='word_1_532' title='bbox 264 4071 371 4138; x_wconf 77' lang='grc' dir='ltr'>τῆς</span> <span class='ocrx_word' id='word_1_533' title='bbox 430 4070 681 4142; x_wconf 82' lang='grc' dir='ltr'>θεότητος</span> <span class='ocrx_word' id='word_1_534' title='bbox 731 4071 822 4146; x_wconf 84' lang='grc' dir='ltr'>ἦν,</span> <span class='ocrx_word' id='word_1_535' title='bbox 889 4079 951 4132; x_wconf 87' lang='grc' dir='ltr'><strong>τὺ</strong></span> <span class='ocrx_word' id='word_1_536' title='bbox 1011 4081 1067 4134; x_wconf 87' lang='grc' dir='ltr'>δὲ</span> <span class='ocrx_word' id='word_1_537' title='bbox 1098 4102 1116 4134; x_wconf 80' lang='grc' dir='ltr'><strong>ι</strong></span> <span class='ocrx_word' id='word_1_538' title='bbox 1173 4087 1286 4139; x_wconf 78' lang='grc' dir='ltr'><strong>Οὐκ</strong></span> <span class='ocrx_word' id='word_1_539' title='bbox 1331 4089 1482 4161; x_wconf 72' lang='grc' dir='ltr'>ἤμην</span> <span class='ocrx_word' id='word_1_540' title='bbox 1528 4094 1664 4159; x_wconf 83' lang='grc' dir='ltr'>ἐκεῖ,</span> <span class='ocrx_word' id='word_1_541' title='bbox 1686 4070 1714 4146; x_wconf 14' lang='grc' dir='ltr'><strong>Ὗ»</strong></span> <span class='ocrx_word' id='word_1_542' title='bbox 1753 4099 1854 4167; x_wconf 79' lang='grc' dir='ltr'>τῆς</span> 
     </span>
    </p>
   </div>
   <div class='ocr_carea' id='block_1_73' title="bbox 266 4162 498 4232">
    <p class='ocr_par' dir='ltr' id='par_1_73' title="bbox 266 4162 498 4232">
     <span class='ocr_line' id='line_1_73' title="bbox 266 4162 498 4232; baseline 0.009 -17"><span class='ocrx_word' id='word_1_543' title='bbox 266 4162 498 4232; x_wconf 72' lang='grc' dir='ltr'>σαρκός.</span> 
     </span>
    </p>
   </div>
   <div class='ocr_carea' id='block_1_74' title="bbox 346 4251 1852 4349">
    <p class='ocr_par' dir='ltr' id='par_1_74' title="bbox 346 4251 1852 4349">
     <span class='ocr_line' id='line_1_74' title="bbox 346 4251 1852 4349; baseline 0.018 -43"><span class='ocrx_word' id='word_1_544' title='bbox 346 4274 365 4306; x_wconf 84' lang='grc' dir='ltr'><strong>ι</strong></span> <span class='ocrx_word' id='word_1_545' title='bbox 404 4251 571 4311; x_wconf 83' lang='grc' dir='ltr'>Εἶπεν</span> <span class='ocrx_word' id='word_1_546' title='bbox 612 4257 706 4312; x_wconf 78' lang='grc' dir='ltr'>οὖν</span> <span class='ocrx_word' id='word_1_547' title='bbox 730 4260 934 4330; x_wconf 78' lang='grc' dir='ltr'>Θωμᾶς</span> <span class='ocrx_word' id='word_1_548' title='bbox 957 4263 986 4315; x_wconf 88' lang='lat'><strong>6</strong></span> <span class='ocrx_word' id='word_1_549' title='bbox 1005 4263 1297 4335; x_wconf 80' lang='grc' dir='ltr'>λεγόμενος</span> <span class='ocrx_word' id='word_1_550' title='bbox 1319 4271 1550 4342; x_wconf 87' lang='grc' dir='ltr'>Δίδυμος</span> <span class='ocrx_word' id='word_1_551' title='bbox 1579 4279 1692 4342; x_wconf 83' lang='grc' dir='ltr'>τοῖς</span> <span class='ocrx_word' id='word_1_552' title='bbox 1714 4295 1852 4349; x_wconf 89' lang='grc' dir='ltr'>συμ-</span> 
     </span>
    </p>
   </div>
   <div class='ocr_carea' id='block_1_75' title="bbox 266 4351 1850 4438">
    <p class='ocr_par' dir='ltr' id='par_1_75' title="bbox 266 4351 1850 4438">
     <span class='ocr_line' id='line_1_75' title="bbox 266 4351 1850 4438; baseline 0.018 -41"><span class='ocrx_word' id='word_1_553' title='bbox 266 4351 544 4418; x_wconf 82' lang='grc' dir='ltr'>μαθητατς</span> <span class='ocrx_word' id='word_1_554' title='bbox 576 4367 591 4380; x_wconf 71' lang='grc' dir='ltr'><strong>ο</strong></span> <span class='ocrx_word' id='word_1_555' title='bbox 630 4352 888 4424; x_wconf 70' lang='grc' dir='ltr'>Ἄγωμεν</span> <span class='ocrx_word' id='word_1_556' title='bbox 908 4358 1002 4410; x_wconf 76' lang='grc' dir='ltr'>καὶ</span> <span class='ocrx_word' id='word_1_557' title='bbox 1030 4359 1214 4428; x_wconf 76' lang='grc' dir='ltr'>ἡμεῖς,</span> <span class='ocrx_word' id='word_1_558' title='bbox 1237 4361 1322 4414; x_wconf 79' lang='grc' dir='ltr'>ἵνα</span> <span class='ocrx_word' id='word_1_559' title='bbox 1345 4364 1706 4438; x_wconf 85' lang='grc' dir='ltr'>ἀποθάνωμεν</span> <span class='ocrx_word' id='word_1_560' title='bbox 1731 4371 1850 4438; x_wconf 86' lang='grc' dir='ltr'>μετ’</span> 
     </span>
    </p>
   </div>
   <div class='ocr_carea' id='block_1_76' title="bbox 261 4441 1848 4532">
    <p class='ocr_par' dir='ltr' id='par_1_76' title="bbox 261 4441 1848 4532">
     <span class='ocr_line' id='line_1_76' title="bbox 261 4441 1848 4532; baseline 0.016 -40"><span class='ocrx_word' id='word_1_561' title='bbox 261 4441 456 4496; x_wconf 78' lang='grc' dir='ltr'>αὑτοῦ.</span> <span class='ocrx_word' id='word_1_562' title='bbox 489 4460 508 4492; x_wconf 72' lang='grc' dir='ltr'><strong>ι</strong></span> <span class='ocrx_word' id='word_1_563' title='bbox 548 4443 607 4497; x_wconf 86' lang='grc'><strong>’0</strong></span> <span class='ocrx_word' id='word_1_564' title='bbox 644 4445 745 4512; x_wconf 80' lang='grc' dir='ltr'>μὲν</span> <span class='ocrx_word' id='word_1_565' title='bbox 776 4447 1054 4518; x_wconf 80' lang='grc' dir='ltr'>πάνσοφος</span> <span class='ocrx_word' id='word_1_566' title='bbox 1095 4453 1194 4505; x_wconf 82' lang='grc' dir='ltr'><strong>καὶ</strong></span> <span class='ocrx_word' id='word_1_567' title='bbox 1253 4455 1430 4524; x_wconf 82' lang='grc' dir='ltr'>μέγας</span> <span class='ocrx_word' id='word_1_568' title='bbox 1460 4460 1848 4532; x_wconf 82' lang='grc' dir='ltr'>Χρυσόστομος</span> 
     </span>
    </p>
   </div>
   <div class='ocr_carea' id='block_1_77' title="bbox 260 4530 1853 4616">
    <p class='ocr_par' dir='ltr' id='par_1_77' title="bbox 260 4530 1853 4616">
     <span class='ocr_line' id='line_1_77' title="bbox 260 4530 1853 4616; baseline 0.017 -33"><span class='ocrx_word' id='word_1_569' title='bbox 260 4530 444 4585; x_wconf 79' lang='grc' dir='ltr'>ταῦτα</span> <span class='ocrx_word' id='word_1_570' title='bbox 493 4536 661 4604; x_wconf 72' lang='grc' dir='ltr'>φάναι</span> <span class='ocrx_word' id='word_1_571' title='bbox 718 4539 854 4610; x_wconf 82' lang='grc' dir='ltr'>φησὶ</span> <span class='ocrx_word' id='word_1_572' title='bbox 901 4543 994 4595; x_wconf 80' lang='grc' dir='ltr'>τὸν</span> <span class='ocrx_word' id='word_1_573' title='bbox 1043 4543 1247 4614; x_wconf 81' lang='grc' dir='ltr'>Θωμᾶν</span> <span class='ocrx_word' id='word_1_574' title='bbox 1273 4547 1574 4616; x_wconf 81' lang='grc' dir='ltr'>δειλιῶντα,</span> <span class='ocrx_word' id='word_1_575' title='bbox 1609 4557 1702 4607; x_wconf 79' lang='grc' dir='ltr'>καὶ</span> <span class='ocrx_word' id='word_1_576' title='bbox 1737 4553 1853 4610; x_wconf 73' lang='grc' dir='ltr'>οἷον</span> 
     </span>
    </p>
   </div>
   <div class='ocr_carea' id='block_1_78' title="bbox 261 4626 1850 4717">
    <p class='ocr_par' dir='ltr' id='par_1_78' title="bbox 261 4626 1850 4717">
     <span class='ocr_line' id='line_1_78' title="bbox 261 4626 1850 4717; baseline 0.016 -41"><span class='ocrx_word' id='word_1_577' title='bbox 261 4626 635 4694; x_wconf 80' lang='grc' dir='ltr'>ἀσχάλλοντα.</span> <span class='ocrx_word' id='word_1_578' title='bbox 685 4629 844 4684; x_wconf 77' lang='grc' dir='ltr'>Ἐπεὶ</span> <span class='ocrx_word' id='word_1_579' title='bbox 902 4632 986 4697; x_wconf 84' lang='grc' dir='ltr'>δὲ,</span> <span class='ocrx_word' id='word_1_580' title='bbox 1047 4636 1234 4705; x_wconf 67' lang='grc' dir='ltr'>φησιν,</span> <span class='ocrx_word' id='word_1_581' title='bbox 1290 4634 1444 4702; x_wconf 74' lang='grc' dir='ltr'>οὗτος</span> <span class='ocrx_word' id='word_1_582' title='bbox 1493 4642 1718 4717; x_wconf 81' lang='grc' dir='ltr'>θανατᾷ,</span> <span class='ocrx_word' id='word_1_583' title='bbox 1757 4651 1850 4701; x_wconf 78' lang='grc' dir='ltr'>καὶ</span> 
     </span>
    </p>
   </div>
   <div class='ocr_carea' id='block_1_79' title="bbox 262 4713 1849 4811">
    <p class='ocr_par' dir='ltr' id='par_1_79' title="bbox 262 4713 1849 4811">
     <span class='ocr_line' id='line_1_79' title="bbox 262 4713 1849 4811; baseline 0.016 -42"><span class='ocrx_word' id='word_1_584' title='bbox 262 4713 380 4770; x_wconf 79' lang='grc' dir='ltr'>οἷον</span> <span class='ocrx_word' id='word_1_585' title='bbox 413 4719 719 4790; x_wconf 85' lang='grc' dir='ltr'>αὐτόμολος</span> <span class='ocrx_word' id='word_1_586' title='bbox 759 4725 853 4776; x_wconf 77' lang='grc' dir='ltr'><strong>ἐπὶ</strong></span> <span class='ocrx_word' id='word_1_587' title='bbox 877 4729 969 4779; x_wconf 77' lang='grc' dir='ltr'>τὸν</span> <span class='ocrx_word' id='word_1_588' title='bbox 991 4727 1239 4782; x_wconf 87' lang='grc' dir='ltr'>κίνδυνον</span> <span class='ocrx_word' id='word_1_589' title='bbox 1263 4731 1428 4800; x_wconf 78' lang='grc' dir='ltr'>ἵεται,</span> <span class='ocrx_word' id='word_1_590' title='bbox 1463 4713 1849 4811; x_wconf 80' lang='grc' dir='ltr'>πληρώσωμεν</span> 
     </span>
    </p>
   </div>
   <div class='ocr_carea' id='block_1_80' title="bbox 263 4809 1846 4901">
    <p class='ocr_par' dir='ltr' id='par_1_80' title="bbox 263 4809 1846 4901">
     <span class='ocr_line' id='line_1_80' title="bbox 263 4809 1846 4901; baseline 0.017 -40"><span class='ocrx_word' id='word_1_591' title='bbox 263 4809 436 4863; x_wconf 79' lang='grc' dir='ltr'>αὐτοῦ</span> <span class='ocrx_word' id='word_1_592' title='bbox 461 4811 523 4864; x_wconf 84' lang='grc' dir='ltr'>τὸ</span> <span class='ocrx_word' id='word_1_593' title='bbox 552 4813 805 4885; x_wconf 82' lang='grc' dir='ltr'>βούλημα</span> <span class='ocrx_word' id='word_1_594' title='bbox 859 4820 952 4871; x_wconf 80' lang='grc' dir='ltr'>καὶ</span> <span class='ocrx_word' id='word_1_595' title='bbox 989 4822 1458 4896; x_wconf 85' lang='grc' dir='ltr'>συναποθάνωμεν</span> <span class='ocrx_word' id='word_1_596' title='bbox 1481 4829 1652 4901; x_wconf 81' lang='grc' dir='ltr'>αὐτῷ.</span> <span class='ocrx_word' id='word_1_597' title='bbox 1689 4809 1846 4889; x_wconf 73' lang='grc' dir='ltr'>Ούτω</span> 
     </span>
    </p>
   </div>
   <div class='ocr_carea' id='block_1_81' title="bbox 265 4903 1841 4995">
    <p class='ocr_par' dir='ltr' id='par_1_81' title="bbox 265 4903 1841 4995">
     <span class='ocr_line' id='line_1_81' title="bbox 265 4903 1841 4995; baseline 0.018 -40"><span class='ocrx_word' id='word_1_598' title='bbox 265 4903 370 4972; x_wconf 83' lang='grc' dir='ltr'>μὲν</span> <span class='ocrx_word' id='word_1_599' title='bbox 404 4908 433 4958; x_wconf 86' lang='lat'><strong>6</strong></span> <span class='ocrx_word' id='word_1_600' title='bbox 455 4907 556 4974; x_wconf 75' lang='grc' dir='ltr'>τὴν</span> <span class='ocrx_word' id='word_1_601' title='bbox 579 4909 829 4976; x_wconf 86' lang='grc' dir='ltr'>γλῶτταν</span> <span class='ocrx_word' id='word_1_602' title='bbox 865 4916 1103 4983; x_wconf 83' lang='grc' dir='ltr'>χρυσοῦς</span> <span class='ocrx_word' id='word_1_603' title='bbox 1124 4933 1138 4946; x_wconf 85' lang='grc'><strong>·</strong></span> <span class='ocrx_word' id='word_1_604' title='bbox 1174 4919 1202 4969; x_wconf 90' lang='lat'><strong>6</strong></span> <span class='ocrx_word' id='word_1_605' title='bbox 1224 4918 1280 4970; x_wconf 82' lang='grc' dir='ltr'><strong>δὲ</strong></span> <span class='ocrx_word' id='word_1_606' title='bbox 1311 4920 1418 4973; x_wconf 82' lang='grc' dir='ltr'><strong>τῶν</strong></span> <span class='ocrx_word' id='word_1_607' title='bbox 1442 4927 1841 4995; x_wconf 58' lang='grc' dir='ltr'>μεταφράσεων</span> 
     </span>
    </p>
   </div>
   <div class='ocr_carea' id='block_1_82' title="bbox 261 4997 1839 5084">
    <p class='ocr_par' dir='ltr' id='par_1_82' title="bbox 261 4997 1839 5084">
     <span class='ocr_line' id='line_1_82' title="bbox 261 4997 1839 5084; baseline 0.018 -37"><span class='ocrx_word' id='word_1_608' title='bbox 261 4997 471 5064; x_wconf 76' lang='grc' dir='ltr'>γλυκὺς</span> <span class='ocrx_word' id='word_1_609' title='bbox 500 5005 854 5072; x_wconf 77' lang='grc' dir='ltr'>συγγραφεὺς</span> <span class='ocrx_word' id='word_1_610' title='bbox 891 5009 1206 5078; x_wconf 74' lang='grc' dir='ltr'>παρρησίας</span> <span class='ocrx_word' id='word_1_611' title='bbox 1239 5007 1358 5063; x_wconf 77' lang='grc' dir='ltr'>εἶπε</span> <span class='ocrx_word' id='word_1_612' title='bbox 1390 5012 1482 5066; x_wconf 79' lang='grc' dir='ltr'><strong>τὸν</strong></span> <span class='ocrx_word' id='word_1_613' title='bbox 1515 5015 1669 5084; x_wconf 75' lang='grc' dir='ltr'>λόγον</span> <span class='ocrx_word' id='word_1_614' title='bbox 1698 5015 1839 5076; x_wconf 78' lang='grc' dir='ltr'>εἶναι</span> 
     </span>
    </p>
   </div>
   <div class='ocr_carea' id='block_1_83' title="bbox 334 5135 806 5201">
    <p class='ocr_par' dir='ltr' id='par_1_83' title="bbox 334 5135 806 5201">
     <span class='ocr_line' id='line_1_83' title="bbox 334 5135 806 5201; baseline 0.019 -16"><span class='ocrx_word' id='word_1_615' title='bbox 334 5135 379 5166; x_wconf 69' lang='grc'><strong>⁵³</strong></span> <span class='ocrx_word' id='word_1_616' title='bbox 403 5135 589 5190; x_wconf 65' lang='grc' dir='ltr'>Μειῐιιι.</span> <span class='ocrx_word' id='word_1_617' title='bbox 619 5155 694 5201; x_wconf 78' lang='lat' dir='ltr'><strong>Vl,</strong></span> <span class='ocrx_word' id='word_1_618' title='bbox 717 5139 806 5194; x_wconf 58' lang='lat'><strong>24.</strong></span> 
     </span>
    </p>
   </div>
   <div class='ocr_carea' id='block_1_84' title="bbox 1974 3161 3546 3253">
    <p class='ocr_par' dir='ltr' id='par_1_84' title="bbox 1974 3161 3546 3253">
     <span class='ocr_line' id='line_1_84' title="bbox 1974 3161 3546 3253; baseline 0.018 -41"><span class='ocrx_word' id='word_1_619' title='bbox 1974 3161 2113 3216; x_wconf 89' lang='lat' dir='ltr'><strong>male</strong></span> <span class='ocrx_word' id='word_1_620' title='bbox 2150 3173 2324 3217; x_wconf 86' lang='lat' dir='ltr'><strong>actam</strong></span> <span class='ocrx_word' id='word_1_621' title='bbox 2374 3166 2537 3222; x_wconf 87' lang='lat' dir='ltr'><strong>vitam</strong></span> <span class='ocrx_word' id='word_1_622' title='bbox 2587 3185 2735 3226; x_wconf 88' lang='lat' dir='ltr'><strong>mors</strong></span> <span class='ocrx_word' id='word_1_623' title='bbox 2781 3184 2858 3228; x_wconf 90' lang='lat' dir='ltr'><strong>est</strong></span> <span class='ocrx_word' id='word_1_624' title='bbox 2905 3177 3178 3235; x_wconf 81' lang='lat' dir='ltr'><strong>discessus</strong></span> <span class='ocrx_word' id='word_1_625' title='bbox 3223 3194 3254 3234; x_wconf 84' lang='lat' dir='ltr'><strong>a</strong></span> <span class='ocrx_word' id='word_1_626' title='bbox 3296 3197 3546 3253; x_wconf 83' lang='lat' dir='ltr'><strong>corpore.</strong></span> 
     </span>
    </p>
   </div>
   <div class='ocr_carea' id='block_1_85' title="bbox 1965 3253 3214 3328">
    <p class='ocr_par' dir='ltr' id='par_1_85' title="bbox 1965 3253 3214 3328">
     <span class='ocr_line' id='line_1_85' title="bbox 1965 3253 3214 3328; baseline 0.018 -23"><span class='ocrx_word' id='word_1_627' title='bbox 1965 3253 2172 3322; x_wconf 78' lang='lat' dir='ltr'><strong>indigni</strong></span> <span class='ocrx_word' id='word_1_628' title='bbox 2203 3267 2358 3322; x_wconf 90' lang='lat' dir='ltr'><strong>sunt,</strong></span> <span class='ocrx_word' id='word_1_629' title='bbox 2387 3259 2477 3328; x_wconf 92' lang='lat' dir='ltr'><strong>qui</strong></span> <span class='ocrx_word' id='word_1_630' title='bbox 2512 3261 2671 3317; x_wconf 86' lang='lat' dir='ltr'><strong>amici</strong></span> <span class='ocrx_word' id='word_1_631' title='bbox 2702 3263 2903 3322; x_wconf 89' lang='lat' dir='ltr'><strong>Christi</strong></span> <span class='ocrx_word' id='word_1_632' title='bbox 2936 3281 3214 3328; x_wconf 89' lang='lat' dir='ltr'><strong>vocentur.</strong></span> 
     </span>
    </p>
   </div>
   <div class='ocr_carea' id='block_1_86' title="bbox 2037 3467 3542 3546">
    <p class='ocr_par' dir='ltr' id='par_1_86' title="bbox 2037 3467 3542 3546">
     <span class='ocr_line' id='line_1_86' title="bbox 2037 3467 3542 3546; baseline 0.017 -31"><span class='ocrx_word' id='word_1_633' title='bbox 2037 3484 2054 3515; x_wconf 74' lang='grc' dir='ltr'><strong>ι</strong></span> <span class='ocrx_word' id='word_1_634' title='bbox 2114 3467 2178 3520; x_wconf 79' lang='lat' dir='ltr'><strong>Et</strong></span> <span class='ocrx_word' id='word_1_635' title='bbox 2227 3469 2432 3536; x_wconf 78' lang='lat' dir='ltr'><strong>gaudeo</strong></span> <span class='ocrx_word' id='word_1_636' title='bbox 2482 3482 2705 3542; x_wconf 85' lang='lat' dir='ltr'><strong>propter</strong></span> <span class='ocrx_word' id='word_1_637' title='bbox 2751 3490 2881 3542; x_wconf 89' lang='lat' dir='ltr'><strong>vos,</strong></span> <span class='ocrx_word' id='word_1_638' title='bbox 2922 3478 3181 3546; x_wconf 88' lang='lat' dir='ltr'><strong>quoniam</strong></span> <span class='ocrx_word' id='word_1_639' title='bbox 3233 3496 3338 3536; x_wconf 91' lang='lat' dir='ltr'><strong>non</strong></span> <span class='ocrx_word' id='word_1_640' title='bbox 3391 3499 3542 3540; x_wconf 88' lang='lat' dir='ltr'><strong>eram</strong></span> 
     </span>
    </p>
   </div>
   <div class='ocr_carea' id='block_1_87' title="bbox 1961 3557 3543 3639">
    <p class='ocr_par' dir='ltr' id='par_1_87' title="bbox 1961 3557 3543 3639">
     <span class='ocr_line' id='line_1_87' title="bbox 1961 3557 3543 3639; baseline 0.014 -30"><span class='ocrx_word' id='word_1_641' title='bbox 1961 3557 2054 3609; x_wconf 88' lang='lat' dir='ltr'><strong>ibi.</strong></span> <span class='ocrx_word' id='word_1_642' title='bbox 2093 3577 2112 3609; x_wconf 76' lang='grc' dir='ltr'><strong>ι</strong></span> <span class='ocrx_word' id='word_1_643' title='bbox 2154 3557 2377 3624; x_wconf 86' lang='lat' dir='ltr'><strong>Vestra,</strong></span> <span class='ocrx_word' id='word_1_644' title='bbox 2414 3562 2621 3632; x_wconf 82' lang='lat' dir='ltr'><strong>inquit,</strong></span> <span class='ocrx_word' id='word_1_645' title='bbox 2655 3581 2816 3620; x_wconf 86' lang='lat' dir='ltr'><strong>causa</strong></span> <span class='ocrx_word' id='word_1_646' title='bbox 2854 3573 3088 3639; x_wconf 74' lang='lat' dir='ltr'><strong>gaudeo:</strong></span> <span class='ocrx_word' id='word_1_647' title='bbox 3123 3574 3364 3629; x_wconf 87' lang='lat' dir='ltr'><strong>absentia</strong></span> <span class='ocrx_word' id='word_1_648' title='bbox 3398 3579 3543 3631; x_wconf 88' lang='lat' dir='ltr'><strong>enim</strong></span> 
     </span>
    </p>
   </div>
   <div class='ocr_carea' id='block_1_88' title="bbox 1963 3647 3546 3723">
    <p class='ocr_par' dir='ltr' id='par_1_88' title="bbox 1963 3647 3546 3723">
     <span class='ocr_line' id='line_1_88' title="bbox 1963 3647 3546 3723; baseline 0.016 -25"><span class='ocrx_word' id='word_1_649' title='bbox 1963 3660 2080 3700; x_wconf 88' lang='lat' dir='ltr'><strong>mea</strong></span> <span class='ocrx_word' id='word_1_650' title='bbox 2119 3662 2146 3698; x_wconf 88' lang='lat' dir='ltr'><strong>a</strong></span> <span class='ocrx_word' id='word_1_651' title='bbox 2184 3647 2448 3703; x_wconf 74' lang='lat' dir='ltr'><strong>Bethania</strong></span> <span class='ocrx_word' id='word_1_652' title='bbox 2485 3652 2707 3720; x_wconf 80' lang='lat' dir='ltr'><strong>majoris</strong></span> <span class='ocrx_word' id='word_1_653' title='bbox 2739 3657 2861 3712; x_wconf 88' lang='lat' dir='ltr'><strong>lidei</strong></span> <span class='ocrx_word' id='word_1_654' title='bbox 2897 3661 3049 3716; x_wconf 82' lang='lat' dir='ltr'><strong>vobis</strong></span> <span class='ocrx_word' id='word_1_655' title='bbox 3081 3663 3186 3717; x_wconf 90' lang='lat' dir='ltr'><strong>erit</strong></span> <span class='ocrx_word' id='word_1_656' title='bbox 3215 3668 3449 3722; x_wconf 88' lang='lat' dir='ltr'><strong>occasio.</strong></span> <span class='ocrx_word' id='word_1_657' title='bbox 3477 3667 3546 3723; x_wconf 84' lang='lat' dir='ltr'><strong>Et</strong></span> 
     </span>
    </p>
   </div>
   <div class='ocr_carea' id='block_1_89' title="bbox 1963 3738 3546 3821">
    <p class='ocr_par' dir='ltr' id='par_1_89' title="bbox 1963 3738 3546 3821">
     <span class='ocr_line' id='line_1_89' title="bbox 1963 3738 3546 3821; baseline 0.016 -32"><span class='ocrx_word' id='word_1_658' title='bbox 1963 3738 2154 3791; x_wconf 90' lang='lat' dir='ltr'><strong>merito</strong></span> <span class='ocrx_word' id='word_1_659' title='bbox 2189 3739 2238 3794; x_wconf 88' lang='lat' dir='ltr'><strong>id</strong></span> <span class='ocrx_word' id='word_1_660' title='bbox 2267 3742 2516 3811; x_wconf 85' lang='lat' dir='ltr'><strong>quidem;</strong></span> <span class='ocrx_word' id='word_1_661' title='bbox 2547 3759 2792 3814; x_wconf 69' lang='lat' dir='ltr'><strong>prmseus</strong></span> <span class='ocrx_word' id='word_1_662' title='bbox 2819 3751 2964 3804; x_wconf 88' lang='lat' dir='ltr'><strong>enim</strong></span> <span class='ocrx_word' id='word_1_663' title='bbox 2994 3753 3036 3806; x_wconf 90' lang='lat' dir='ltr'><strong>si</strong></span> <span class='ocrx_word' id='word_1_664' title='bbox 3064 3753 3273 3821; x_wconf 88' lang='lat' dir='ltr'><strong>fuisset,</strong></span> <span class='ocrx_word' id='word_1_665' title='bbox 3297 3768 3546 3814; x_wconf 76' lang='lat' dir='ltr'><strong>satiasset</strong></span> 
     </span>
    </p>
   </div>
   <div class='ocr_carea' id='block_1_90' title="bbox 1958 3837 3543 3910">
    <p class='ocr_par' dir='ltr' id='par_1_90' title="bbox 1958 3837 3543 3910">
     <span class='ocr_line' id='line_1_90' title="bbox 1958 3837 3543 3910; baseline 0.016 -30"><span class='ocrx_word' id='word_1_666' title='bbox 1958 3841 2251 3899; x_wconf 71' lang='lat' dir='ltr'><strong>aegrotum,</strong></span> <span class='ocrx_word' id='word_1_667' title='bbox 2305 3843 2468 3903; x_wconf 88' lang='lat' dir='ltr'><strong>atque</strong></span> <span class='ocrx_word' id='word_1_668' title='bbox 2519 3837 2620 3891; x_wconf 88' lang='lat' dir='ltr'><strong>hoc</strong></span> <span class='ocrx_word' id='word_1_669' title='bbox 2672 3855 2923 3910; x_wconf 73' lang='lat' dir='ltr'><strong>maguum</strong></span> <span class='ocrx_word' id='word_1_670' title='bbox 2979 3844 3298 3900; x_wconf 85' lang='lat' dir='ltr'><strong>miraculum</strong></span> <span class='ocrx_word' id='word_1_671' title='bbox 3350 3848 3543 3905; x_wconf 87' lang='lat' dir='ltr'><strong>fuisset</strong></span> 
     </span>
    </p>
   </div>
   <div class='ocr_carea' id='block_1_91' title="bbox 1959 3919 3541 4009">
    <p class='ocr_par' dir='ltr' id='par_1_91' title="bbox 1959 3919 3541 4009">
     <span class='ocr_line' id='line_1_91' title="bbox 1959 3919 3541 4009; baseline 0.015 -37"><span class='ocrx_word' id='word_1_672' title='bbox 1959 3919 2300 3988; x_wconf 88' lang='lat' dir='ltr'><strong>impeditum.</strong></span> <span class='ocrx_word' id='word_1_673' title='bbox 2331 3924 2466 3980; x_wconf 81' lang='lat' dir='ltr'><strong>Vide</strong></span> <span class='ocrx_word' id='word_1_674' title='bbox 2490 3941 2621 3982; x_wconf 85' lang='lat' dir='ltr'><strong>vero</strong></span> <span class='ocrx_word' id='word_1_675' title='bbox 2649 3931 2832 3993; x_wconf 88' lang='lat' dir='ltr'><strong>etiam,</strong></span> <span class='ocrx_word' id='word_1_676' title='bbox 2865 3945 2924 3986; x_wconf 93' lang='lat' dir='ltr'><strong>ut</strong></span> <span class='ocrx_word' id='word_1_677' title='bbox 2957 3935 3057 3989; x_wconf 88' lang='lat' dir='ltr'><strong>hoc</strong></span> <span class='ocrx_word' id='word_1_678' title='bbox 3087 3950 3338 3994; x_wconf 88' lang='lat' dir='ltr'><strong>sermone</strong></span> <span class='ocrx_word' id='word_1_679' title='bbox 3367 3941 3541 4009; x_wconf 87' lang='lat' dir='ltr'><strong>dupli-</strong></span> 
     </span>
    </p>
   </div>
   <div class='ocr_carea' id='block_1_92' title="bbox 1957 4014 3536 4089">
    <p class='ocr_par' dir='ltr' id='par_1_92' title="bbox 1957 4014 3536 4089">
     <span class='ocr_line' id='line_1_92' title="bbox 1957 4014 3536 4089; baseline 0.016 -25"><span class='ocrx_word' id='word_1_680' title='bbox 1957 4026 2076 4065; x_wconf 86' lang='lat' dir='ltr'><strong>cem</strong></span> <span class='ocrx_word' id='word_1_681' title='bbox 2113 4014 2165 4067; x_wconf 91' lang='lat' dir='ltr'><strong>in</strong></span> <span class='ocrx_word' id='word_1_682' title='bbox 2202 4030 2261 4068; x_wconf 88' lang='lat' dir='ltr'><strong>se</strong></span> <span class='ocrx_word' id='word_1_683' title='bbox 2296 4031 2417 4072; x_wconf 87' lang='lat' dir='ltr'><strong>esse</strong></span> <span class='ocrx_word' id='word_1_684' title='bbox 2458 4030 2707 4075; x_wconf 85' lang='lat' dir='ltr'><strong>naturam</strong></span> <span class='ocrx_word' id='word_1_685' title='bbox 2747 4027 3016 4081; x_wconf 88' lang='lat' dir='ltr'><strong>ostendat.</strong></span> <span class='ocrx_word' id='word_1_686' title='bbox 3049 4026 3350 4087; x_wconf 75' lang='lat' dir='ltr'><strong>Prtedicere</strong></span> <span class='ocrx_word' id='word_1_687' title='bbox 3391 4035 3536 4089; x_wconf 88' lang='lat' dir='ltr'><strong>enim</strong></span> 
     </span>
    </p>
   </div>
   <div class='ocr_carea' id='block_1_93' title="bbox 1957 4102 3538 4184">
    <p class='ocr_par' dir='ltr' id='par_1_93' title="bbox 1957 4102 3538 4184">
     <span class='ocr_line' id='line_1_93' title="bbox 1957 4102 3538 4184; baseline 0.016 -28"><span class='ocrx_word' id='word_1_688' title='bbox 1957 4102 2150 4159; x_wconf 87' lang='lat' dir='ltr'><strong>Lazari</strong></span> <span class='ocrx_word' id='word_1_689' title='bbox 2187 4119 2412 4162; x_wconf 89' lang='lat' dir='ltr'><strong>mortem</strong></span> <span class='ocrx_word' id='word_1_690' title='bbox 2446 4111 2748 4169; x_wconf 76' lang='lat' dir='ltr'><strong>divinitatis</strong></span> <span class='ocrx_word' id='word_1_691' title='bbox 2775 4115 2908 4184; x_wconf 85' lang='lat' dir='ltr'><strong>fuit;</strong></span> <span class='ocrx_word' id='word_1_692' title='bbox 2941 4119 3185 4175; x_wconf 87' lang='lat' dir='ltr'><strong>absentia</strong></span> <span class='ocrx_word' id='word_1_693' title='bbox 3213 4137 3342 4179; x_wconf 89' lang='lat' dir='ltr'><strong>vero</strong></span> <span class='ocrx_word' id='word_1_694' title='bbox 3374 4125 3443 4180; x_wconf 87' lang='lat' dir='ltr'><strong>ab</strong></span> <span class='ocrx_word' id='word_1_695' title='bbox 3471 4142 3538 4182; x_wconf 91' lang='lat' dir='ltr'><strong>eo</strong></span> 
     </span>
    </p>
   </div>
   <div class='ocr_carea' id='block_1_94' title="bbox 1956 4197 2500 4261">
    <p class='ocr_par' dir='ltr' id='par_1_94' title="bbox 1956 4197 2500 4261">
     <span class='ocr_line' id='line_1_94' title="bbox 1956 4197 2500 4261; baseline 0.013 -11"><span class='ocrx_word' id='word_1_696' title='bbox 1956 4197 2094 4261; x_wconf 87' lang='lat' dir='ltr'><strong>loco,</strong></span> <span class='ocrx_word' id='word_1_697' title='bbox 2129 4199 2500 4257; x_wconf 82' lang='lat' dir='ltr'><strong>humanitatis.</strong></span> 
     </span>
    </p>
   </div>
   <div class='ocr_carea' id='block_1_95' title="bbox 2032 4288 3534 4377">
    <p class='ocr_par' dir='ltr' id='par_1_95' title="bbox 2032 4288 3534 4377">
     <span class='ocr_line' id='line_1_95' title="bbox 2032 4288 3534 4377; baseline 0.014 -36"><span class='ocrx_word' id='word_1_698' title='bbox 2032 4288 2193 4361; x_wconf 66' lang='lat'><strong>164</strong></span> <span class='ocrx_word' id='word_1_699' title='bbox 2233 4310 2251 4343; x_wconf 83' lang='grc' dir='ltr'><strong>ι</strong></span> <span class='ocrx_word' id='word_1_700' title='bbox 2279 4291 2422 4346; x_wconf 84' lang='lat' dir='ltr'><strong>Dixit</strong></span> <span class='ocrx_word' id='word_1_701' title='bbox 2450 4308 2580 4364; x_wconf 79' lang='lat' dir='ltr'><strong>ergo</strong></span> <span class='ocrx_word' id='word_1_702' title='bbox 2612 4295 2872 4362; x_wconf 84' lang='lat' dir='ltr'><strong>Thomas,</strong></span> <span class='ocrx_word' id='word_1_703' title='bbox 2900 4299 2988 4369; x_wconf 86' lang='lat' dir='ltr'><strong>qui</strong></span> <span class='ocrx_word' id='word_1_704' title='bbox 3023 4301 3218 4358; x_wconf 83' lang='lat' dir='ltr'><strong>dicitur</strong></span> <span class='ocrx_word' id='word_1_705' title='bbox 3251 4303 3534 4377; x_wconf 80' lang='lat' dir='ltr'><strong>Didymus,</strong></span> 
     </span>
    </p>
   </div>
   <div class='ocr_carea' id='block_1_96' title="bbox 1956 4379 3532 4457">
    <p class='ocr_par' dir='ltr' id='par_1_96' title="bbox 1956 4379 3532 4457">
     <span class='ocr_line' id='line_1_96' title="bbox 1956 4379 3532 4457; baseline 0.013 -23"><span class='ocrx_word' id='word_1_706' title='bbox 1956 4379 2022 4434; x_wconf 79' lang='lat' dir='ltr'><strong>ad</strong></span> <span class='ocrx_word' id='word_1_707' title='bbox 2057 4382 2455 4452; x_wconf 87' lang='lat' dir='ltr'><strong>condiscipulos</strong></span> <span class='ocrx_word' id='word_1_708' title='bbox 2491 4403 2506 4440; x_wconf 89' lang='lat'>:</span> <span class='ocrx_word' id='word_1_709' title='bbox 2539 4385 2739 4444; x_wconf 86' lang='lat' dir='ltr'><strong>Eamus</strong></span> <span class='ocrx_word' id='word_1_710' title='bbox 2774 4400 2828 4444; x_wconf 92' lang='lat' dir='ltr'><strong>et</strong></span> <span class='ocrx_word' id='word_1_711' title='bbox 2860 4407 2977 4457; x_wconf 88' lang='lat' dir='ltr'><strong>uos,</strong></span> <span class='ocrx_word' id='word_1_712' title='bbox 3006 4403 3059 4446; x_wconf 91' lang='lat' dir='ltr'><strong>et</strong></span> <span class='ocrx_word' id='word_1_713' title='bbox 3091 4397 3387 4452; x_wconf 88' lang='lat' dir='ltr'><strong>moriamur</strong></span> <span class='ocrx_word' id='word_1_714' title='bbox 3411 4415 3532 4454; x_wconf 89' lang='lat' dir='ltr'><strong>cum</strong></span> 
     </span>
    </p>
   </div>
   <div class='ocr_carea' id='block_1_97' title="bbox 1954 4471 3533 4560">
    <p class='ocr_par' dir='ltr' id='par_1_97' title="bbox 1954 4471 3533 4560">
     <span class='ocr_line' id='line_1_97' title="bbox 1954 4471 3533 4560; baseline 0.015 -36"><span class='ocrx_word' id='word_1_715' title='bbox 1954 4486 2041 4524; x_wconf 78' lang='lat' dir='ltr'><strong>vo.</strong></span> <span class='ocrx_word' id='word_1_716' title='bbox 2081 4490 2100 4524; x_wconf 75' lang='grc' dir='ltr'><strong>ι</strong></span> <span class='ocrx_word' id='word_1_717' title='bbox 2152 4471 2600 4543; x_wconf 78' lang='lat' dir='ltr'><strong>Sapientissimus</strong></span> <span class='ocrx_word' id='word_1_718' title='bbox 2642 4495 2773 4534; x_wconf 82' lang='lat' dir='ltr'><strong>sane</strong></span> <span class='ocrx_word' id='word_1_719' title='bbox 2819 4497 2884 4536; x_wconf 87' lang='lat' dir='ltr'><strong>ac</strong></span> <span class='ocrx_word' id='word_1_720' title='bbox 2935 4499 3161 4552; x_wconf 75' lang='lat' dir='ltr'><strong>magnus</strong></span> <span class='ocrx_word' id='word_1_721' title='bbox 3207 4488 3533 4560; x_wconf 82' lang='lat' dir='ltr'><strong>Cltrysosto-</strong></span> 
     </span>
    </p>
   </div>
   <div class='ocr_carea' id='block_1_98' title="bbox 1954 4565 3533 4654">
    <p class='ocr_par' dir='ltr' id='par_1_98' title="bbox 1954 4565 3533 4654">
     <span class='ocr_line' id='line_1_98' title="bbox 1954 4565 3533 4654; baseline 0.016 -40"><span class='ocrx_word' id='word_1_722' title='bbox 1954 4578 2074 4618; x_wconf 73' lang='lat' dir='ltr'><strong>inus</strong></span> <span class='ocrx_word' id='word_1_723' title='bbox 2108 4565 2220 4634; x_wconf 78' lang='lat'><strong>(83)</strong></span> <span class='ocrx_word' id='word_1_724' title='bbox 2255 4568 2368 4622; x_wconf 78' lang='lat' dir='ltr'><strong>[uec</strong></span> <span class='ocrx_word' id='word_1_725' title='bbox 2402 4580 2648 4626; x_wconf 85' lang='lat' dir='ltr'><strong>autumat</strong></span> <span class='ocrx_word' id='word_1_726' title='bbox 2684 4574 2887 4628; x_wconf 86' lang='lat' dir='ltr'><strong>dixisse</strong></span> <span class='ocrx_word' id='word_1_727' title='bbox 2916 4573 3204 4643; x_wconf 89' lang='lat' dir='ltr'><strong>Thomam,</strong></span> <span class='ocrx_word' id='word_1_728' title='bbox 3235 4585 3378 4649; x_wconf 86' lang='lat' dir='ltr'><strong>quod</strong></span> <span class='ocrx_word' id='word_1_729' title='bbox 3411 4599 3533 4654; x_wconf 81' lang='lat' dir='ltr'><strong>per-</strong></span> 
     </span>
    </p>
   </div>
   <div class='ocr_carea' id='block_1_99' title="bbox 1955 4657 3532 4744">
    <p class='ocr_par' dir='ltr' id='par_1_99' title="bbox 1955 4657 3532 4744">
     <span class='ocr_line' id='line_1_99' title="bbox 1955 4657 3532 4744; baseline 0.016 -37"><span class='ocrx_word' id='word_1_730' title='bbox 1955 4657 2264 4713; x_wconf 77' lang='lat' dir='ltr'><strong>timesceret</strong></span> <span class='ocrx_word' id='word_1_731' title='bbox 2289 4667 2343 4713; x_wconf 90' lang='lat' dir='ltr'><strong>et</strong></span> <span class='ocrx_word' id='word_1_732' title='bbox 2375 4661 2536 4716; x_wconf 90' lang='lat' dir='ltr'><strong>veluti</strong></span> <span class='ocrx_word' id='word_1_733' title='bbox 2600 4679 2976 4734; x_wconf 78' lang='lat' dir='ltr'><strong>succenseret;</strong></span> <span class='ocrx_word' id='word_1_734' title='bbox 3017 4673 3238 4740; x_wconf 86' lang='lat' dir='ltr'><strong>perinde</strong></span> <span class='ocrx_word' id='word_1_735' title='bbox 3265 4676 3418 4744; x_wconf 91' lang='lat' dir='ltr'><strong>quasi</strong></span> <span class='ocrx_word' id='word_1_736' title='bbox 3452 4677 3532 4733; x_wconf 89' lang='lat' dir='ltr'><strong>sic</strong></span> 
     </span>
    </p>
   </div>
   <div class='ocr_carea' id='block_1_100' title="bbox 1953 4748 3526 4829">
    <p class='ocr_par' dir='ltr' id='par_1_100' title="bbox 1953 4748 3526 4829">
     <span class='ocr_line' id='line_1_100' title="bbox 1953 4748 3526 4829; baseline 0.011 -29"><span class='ocrx_word' id='word_1_737' title='bbox 1953 4748 2160 4802; x_wconf 85' lang='lat' dir='ltr'><strong>diceret</strong></span> <span class='ocrx_word' id='word_1_738' title='bbox 2195 4765 2210 4804; x_wconf 88' lang='lat'>:</span> <span class='ocrx_word' id='word_1_739' title='bbox 2248 4751 2515 4816; x_wconf 82' lang='lat' dir='ltr'><strong>Quoniam</strong></span> <span class='ocrx_word' id='word_1_740' title='bbox 2555 4761 2837 4825; x_wconf 87' lang='lat' dir='ltr'><strong>tantopere</strong></span> <span class='ocrx_word' id='word_1_741' title='bbox 2869 4762 3074 4828; x_wconf 81' lang='lat' dir='ltr'><strong>appetit</strong></span> <span class='ocrx_word' id='word_1_742' title='bbox 3109 4773 3358 4829; x_wconf 87' lang='lat' dir='ltr'><strong>mortem,</strong></span> <span class='ocrx_word' id='word_1_743' title='bbox 3385 4773 3439 4818; x_wconf 90' lang='lat' dir='ltr'><strong>et</strong></span> <span class='ocrx_word' id='word_1_744' title='bbox 3473 4765 3526 4819; x_wconf 88' lang='lat' dir='ltr'><strong>in</strong></span> 
     </span>
    </p>
   </div>
   <div class='ocr_carea' id='block_1_101' title="bbox 1953 4839 3528 4921">
    <p class='ocr_par' dir='ltr' id='par_1_101' title="bbox 1953 4839 3528 4921">
     <span class='ocr_line' id='line_1_101' title="bbox 1953 4839 3528 4921; baseline 0.013 -30"><span class='ocrx_word' id='word_1_745' title='bbox 1953 4839 2254 4907; x_wconf 89' lang='lat' dir='ltr'><strong>periculum</strong></span> <span class='ocrx_word' id='word_1_746' title='bbox 2293 4843 2659 4900; x_wconf 87' lang='lat' dir='ltr'><strong>voluntarium</strong></span> <span class='ocrx_word' id='word_1_747' title='bbox 2696 4849 2838 4913; x_wconf 89' lang='lat' dir='ltr'><strong>ruit,</strong></span> <span class='ocrx_word' id='word_1_748' title='bbox 2871 4852 3238 4921; x_wconf 89' lang='lat' dir='ltr'><strong>obsequamur</strong></span> <span class='ocrx_word' id='word_1_749' title='bbox 3271 4855 3528 4912; x_wconf 83' lang='lat' dir='ltr'><strong>voluntati</strong></span> 
     </span>
    </p>
   </div>
   <div class='ocr_carea' id='block_1_102' title="bbox 1953 4934 3529 5018">
    <p class='ocr_par' dir='ltr' id='par_1_102' title="bbox 1953 4934 3529 5018">
     <span class='ocr_line' id='line_1_102' title="bbox 1953 4934 3529 5018; baseline 0.015 -30"><span class='ocrx_word' id='word_1_750' title='bbox 1953 4934 2126 5000; x_wconf 87' lang='lat' dir='ltr'><strong>illius,</strong></span> <span class='ocrx_word' id='word_1_751' title='bbox 2158 4947 2214 4991; x_wconf 92' lang='lat' dir='ltr'><strong>et</strong></span> <span class='ocrx_word' id='word_1_752' title='bbox 2255 4953 2364 4992; x_wconf 90' lang='lat' dir='ltr'><strong>una</strong></span> <span class='ocrx_word' id='word_1_753' title='bbox 2416 4942 2738 4997; x_wconf 83' lang='lat' dir='ltr'><strong>moriantur.</strong></span> <span class='ocrx_word' id='word_1_754' title='bbox 2777 4943 2869 4999; x_wconf 90' lang='lat' dir='ltr'><strong>Sic</strong></span> <span class='ocrx_word' id='word_1_755' title='bbox 2915 4963 3044 5001; x_wconf 88' lang='lat' dir='ltr'><strong>sane</strong></span> <span class='ocrx_word' id='word_1_756' title='bbox 3090 4950 3178 5018; x_wconf 88' lang='lat' dir='ltr'><strong>qui</strong></span> <span class='ocrx_word' id='word_1_757' title='bbox 3228 4966 3391 5007; x_wconf 84' lang='lat' dir='ltr'><strong>aurea</strong></span> <span class='ocrx_word' id='word_1_758' title='bbox 3442 4965 3529 5010; x_wconf 84' lang='lat' dir='ltr'><strong>est</strong></span> 
     </span>
    </p>
   </div>
   <div class='ocr_carea' id='block_1_103' title="bbox 1951 5027 3527 5119">
    <p class='ocr_par' dir='ltr' id='par_1_103' title="bbox 1951 5027 3527 5119">
     <span class='ocr_line' id='line_1_103' title="bbox 1951 5027 3527 5119; baseline 0.016 -40"><span class='ocrx_word' id='word_1_759' title='bbox 1951 5027 2164 5097; x_wconf 81' lang='lat' dir='ltr'><strong>lingua;</strong></span> <span class='ocrx_word' id='word_1_760' title='bbox 2211 5040 2267 5083; x_wconf 86' lang='lat' dir='ltr'><strong>at</strong></span> <span class='ocrx_word' id='word_1_761' title='bbox 2309 5046 2437 5087; x_wconf 89' lang='lat' dir='ltr'><strong>vero</strong></span> <span class='ocrx_word' id='word_1_762' title='bbox 2477 5035 2659 5088; x_wconf 85' lang='lat' dir='ltr'><strong>suavis</strong></span> <span class='ocrx_word' id='word_1_763' title='bbox 2700 5036 2932 5105; x_wconf 69' lang='lat' dir='ltr'><strong>scriptor</strong></span> <span class='ocrx_word' id='word_1_764' title='bbox 2973 5038 3366 5110; x_wconf 85' lang='lat' dir='ltr'><strong>Mctaphrastes</strong></span> <span class='ocrx_word' id='word_1_765' title='bbox 3412 5047 3527 5119; x_wconf 75' lang='grc'><strong>(84)</strong></span> 
     </span>
    </p>
   </div>
   <div class='ocr_carea' id='block_1_104' title="bbox 1503 5248 2293 5323">
    <p class='ocr_par' dir='ltr' id='par_1_104' title="bbox 1503 5248 2293 5323">
     <span class='ocr_line' id='line_1_104' title="bbox 1503 5248 2293 5323; baseline 0.024 -19"><span class='ocrx_word' id='word_1_766' title='bbox 1503 5248 1817 5313; x_wconf 58' lang='grc' dir='ltr'><strong>Ιπιηιυοὶειεί</strong></span> <span class='ocrx_word' id='word_1_767' title='bbox 1862 5258 2071 5319; x_wconf 82' lang='lat' dir='ltr'><strong>Scorsi</strong></span> <span class='ocrx_word' id='word_1_768' title='bbox 2109 5269 2293 5323; x_wconf 64' lang='lat' dir='ltr'><strong>notua.</strong></span> 
     </span>
    </p>
   </div>
   <div class='ocr_carea' id='block_1_105' title="bbox 333 5357 1841 5433">
    <p class='ocr_par' dir='ltr' id='par_1_105' title="bbox 333 5357 1841 5433">
     <span class='ocr_line' id='line_1_105' title="bbox 333 5357 1841 5433; baseline 0.017 -25"><span class='ocrx_word' id='word_1_769' title='bbox 333 5357 445 5422; x_wconf 70' lang='lat'><strong>(8&#39;2)</strong></span> <span class='ocrx_word' id='word_1_770' title='bbox 477 5358 711 5412; x_wconf 78' lang='lat' dir='ltr'><strong>Deseruit</strong></span> <span class='ocrx_word' id='word_1_771' title='bbox 743 5362 1000 5417; x_wconf 80' lang='lat' dir='ltr'><strong>ordinem.</strong></span> <span class='ocrx_word' id='word_1_772' title='bbox 1057 5364 1241 5421; x_wconf 65' lang='lat' dir='ltr'><strong>Graece</strong></span> <span class='ocrx_word' id='word_1_773' title='bbox 1277 5385 1379 5423; x_wconf 87' lang='lat' dir='ltr'><strong>una</strong></span> <span class='ocrx_word' id='word_1_774' title='bbox 1410 5388 1506 5427; x_wconf 78' lang='lat' dir='ltr'><strong>vox</strong></span> <span class='ocrx_word' id='word_1_775' title='bbox 1533 5387 1615 5429; x_wconf 77' lang='lat' dir='ltr'><strong>est</strong></span> <span class='ocrx_word' id='word_1_776' title='bbox 1658 5377 1841 5433; x_wconf 80' lang='grc' dir='ltr'>λειπο-</span> 
     </span>
    </p>
   </div>
   <div class='ocr_carea' id='block_1_106' title="bbox 253 5429 1840 5514">
    <p class='ocr_par' dir='ltr' id='par_1_106' title="bbox 253 5429 1840 5514">
     <span class='ocr_line' id='line_1_106' title="bbox 253 5429 1840 5514; baseline 0.018 -37"><span class='ocrx_word' id='word_1_777' title='bbox 253 5429 612 5514; x_wconf 41' lang='grc' dir='ltr'>τακτήσαντα</span> <span class='ocrx_word' id='word_1_778' title='bbox 669 5435 875 5514; x_wconf 48' lang='lat' dir='ltr'><strong>denqqa</strong></span> <span class='ocrx_word' id='word_1_779' title='bbox 904 5435 1024 5488; x_wconf 82' lang='lat' dir='ltr'><strong>vide</strong></span> <span class='ocrx_word' id='word_1_780' title='bbox 1057 5453 1176 5504; x_wconf 64' lang='lat' dir='ltr'><strong>qua:</strong></span> <span class='ocrx_word' id='word_1_781' title='bbox 1213 5440 1642 5514; x_wconf 76' lang='lat' dir='ltr'><strong>observavimus,</strong></span> <span class='ocrx_word' id='word_1_782' title='bbox 1692 5451 1840 5506; x_wconf 90' lang='lat' dir='ltr'><strong>hom.</strong></span> 
     </span>
    </p>
   </div>
   <div class='ocr_carea' id='block_1_107' title="bbox 254 5495 872 5563">
    <p class='ocr_par' dir='ltr' id='par_1_107' title="bbox 254 5495 872 5563">
     <span class='ocr_line' id='line_1_107' title="bbox 254 5495 872 5563; baseline 0.013 -16"><span class='ocrx_word' id='word_1_783' title='bbox 254 5495 309 5558; x_wconf 81' lang='lat'><strong>7,</strong></span> <span class='ocrx_word' id='word_1_784' title='bbox 344 5511 456 5548; x_wconf 83' lang='lat' dir='ltr'><strong>nm.</strong></span> <span class='ocrx_word' id='word_1_785' title='bbox 481 5499 576 5563; x_wconf 79' lang='grc'><strong>55,</strong></span> <span class='ocrx_word' id='word_1_786' title='bbox 609 5501 713 5555; x_wconf 91' lang='lat' dir='ltr'><strong>col.</strong></span> <span class='ocrx_word' id='word_1_787' title='bbox 745 5495 872 5555; x_wconf 65' lang='grc' dir='ltr'><strong>ΞΗ.</strong></span> 
     </span>
    </p>
   </div>
   <div class='ocr_carea' id='block_1_108' title="bbox 329 5566 1838 5658">
    <p class='ocr_par' dir='ltr' id='par_1_108' title="bbox 329 5566 1838 5658">
     <span class='ocr_line' id='line_1_108' title="bbox 329 5566 1838 5658; baseline 0.018 -42"><span class='ocrx_word' id='word_1_788' title='bbox 329 5566 895 5658; x_wconf 51' lang='lat' dir='ltr'><strong>(83)‘Cltrysostqmus.</strong></span> <span class='ocrx_word' id='word_1_789' title='bbox 932 5573 1104 5658; x_wconf 85' lang='lat' dir='ltr'><strong>Locus</strong></span> <span class='ocrx_word' id='word_1_790' title='bbox 1122 5574 1190 5658; x_wconf 77' lang='lat' dir='ltr'><strong>_S.</strong></span> <span class='ocrx_word' id='word_1_791' title='bbox 1217 5578 1610 5658; x_wconf 52' lang='grc' dir='ltr'>ωιςχεοειοξηί,</span> <span class='ocrx_word' id='word_1_792' title='bbox 1681 5605 1838 5658; x_wconf 83' lang='lat' dir='ltr'><strong>quem</strong></span> 
     </span>
    </p>
   </div>
   <div class='ocr_carea' id='block_1_109' title="bbox 249 5638 1840 5716">
    <p class='ocr_par' dir='ltr' id='par_1_109' title="bbox 249 5638 1840 5716">
     <span class='ocr_line' id='line_1_109' title="bbox 249 5638 1840 5716; baseline 0.016 -26"><span class='ocrx_word' id='word_1_793' title='bbox 249 5638 635 5716; x_wconf 63' lang='lat' dir='ltr'><strong>&#39;llico;t_ltanes_</strong></span> <span class='ocrx_word' id='word_1_794' title='bbox 671 5652 842 5708; x_wconf 83' lang='lat' dir='ltr'><strong>nutat,</strong></span> <span class='ocrx_word' id='word_1_795' title='bbox 868 5656 960 5716; x_wconf 77' lang='lat' dir='ltr'><strong>est</strong></span> <span class='ocrx_word' id='word_1_796' title='bbox 1015 5663 1075 5698; x_wconf 74' lang='lat' dir='ltr'><strong>ex</strong></span> <span class='ocrx_word' id='word_1_797' title='bbox 1121 5647 1264 5700; x_wconf 87' lang='lat' dir='ltr'><strong>hutu.</strong></span> <span class='ocrx_word' id='word_1_798' title='bbox 1299 5638 1383 5711; x_wconf 64' lang='grc'>7⁸1,</span> <span class='ocrx_word' id='word_1_799' title='bbox 1418 5653 1470 5704; x_wconf 85' lang='lat' dir='ltr'><strong>in</strong></span> <span class='ocrx_word' id='word_1_800' title='bbox 1496 5638 1711 5712; x_wconf 68' lang='grc' dir='ltr'><strong>ιιιμιγιιι.Ι</strong></span> <span class='ocrx_word' id='word_1_801' title='bbox 1751 5663 1840 5716; x_wconf 75' lang='lat' dir='ltr'><strong>ltiti</strong></span> 
     </span>
    </p>
   </div>
   <div class='ocr_carea' id='block_1_110' title="bbox 249 5708 1840 5798">
    <p class='ocr_par' dir='ltr' id='par_1_110' title="bbox 249 5708 1840 5798">
     <span class='ocr_line' id='line_1_110' title="bbox 249 5708 1840 5798; baseline 0.015 -38"><span class='ocrx_word' id='word_1_802' title='bbox 249 5724 333 5763; x_wconf 77' lang='lat' dir='ltr'><strong>sic</strong></span> <span class='ocrx_word' id='word_1_803' title='bbox 364 5708 526 5762; x_wconf 78' lang='lat' dir='ltr'><strong>habet</strong></span> <span class='ocrx_word' id='word_1_804' title='bbox 554 5726 570 5764; x_wconf 84' lang='lat'><strong>;</strong></span> <span class='ocrx_word' id='word_1_805' title='bbox 596 5711 788 5764; x_wconf 71' lang='lat' dir='ltr'><strong>Omnes</strong></span> <span class='ocrx_word' id='word_1_806' title='bbox 858 5715 1037 5783; x_wconf 71' lang='lat' dir='ltr'><strong>itaque</strong></span> <span class='ocrx_word' id='word_1_807' title='bbox 1078 5708 1386 5774; x_wconf 68' lang='lat' dir='ltr'><strong>Judmoruni</strong></span> <span class='ocrx_word' id='word_1_808' title='bbox 1451 5708 1698 5794; x_wconf 66' lang='lat' dir='ltr'><strong>impetum</strong></span> <span class='ocrx_word' id='word_1_809' title='bbox 1727 5708 1840 5798; x_wconf 56' lang='lat' dir='ltr'><strong>r6}:</strong></span> 
     </span>
    </p>
   </div>
   <div class='ocr_carea' id='block_1_111' title="bbox 625 5807 1373 5913">
    <p class='ocr_par' dir='ltr' id='par_1_111' title="bbox 625 5807 1373 5879">
     <span class='ocr_line' id='line_1_111' title="bbox 625 5807 1373 5879; baseline 0.016 -12"><span class='ocrx_word' id='word_1_810' title='bbox 625 5807 898 5872; x_wconf 76' lang='lat' dir='ltr'><strong>PATROL.</strong></span> <span class='ocrx_word' id='word_1_811' title='bbox 930 5813 1042 5874; x_wconf 75' lang='lat' dir='ltr'><strong>GR.</strong></span> <span class='ocrx_word' id='word_1_812' title='bbox 1088 5814 1373 5879; x_wconf 70' lang='lat' dir='ltr'><strong>CXXXII.</strong></span> 
     </span>
    </p>
   </div>
   <div class='ocr_carea' id='block_1_112' title="bbox 1942 5387 3524 5477">
    <p class='ocr_par' dir='ltr' id='par_1_112' title="bbox 1942 5387 3524 5477">
     <span class='ocr_line' id='line_1_112' title="bbox 1942 5387 3524 5477; baseline 0.018 -39"><span class='ocrx_word' id='word_1_813' title='bbox 1942 5387 2238 5477; x_wconf 56' lang='lat' dir='ltr'><strong>midgbant,</strong></span> <span class='ocrx_word' id='word_1_814' title='bbox 2314 5392 2551 5474; x_wconf 66' lang='lat' dir='ltr'><strong>inprimis</strong></span> <span class='ocrx_word' id='word_1_815' title='bbox 2597 5405 2772 5449; x_wconf 77' lang='lat' dir='ltr'><strong>autem</strong></span> <span class='ocrx_word' id='word_1_816' title='bbox 2851 5398 3110 5468; x_wconf 77' lang='lat' dir='ltr'><strong>Trmmus;</strong></span> <span class='ocrx_word' id='word_1_817' title='bbox 3151 5408 3266 5459; x_wconf 83' lang='lat' dir='ltr'><strong>ideo</strong></span> <span class='ocrx_word' id='word_1_818' title='bbox 3309 5407 3524 5477; x_wconf 81' lang='lat' dir='ltr'><strong>inquit:</strong></span> 
     </span>
    </p>
   </div>
   <div class='ocr_carea' id='block_1_113' title="bbox 1947 5455 3525 5545">
    <p class='ocr_par' dir='ltr' id='par_1_113' title="bbox 1947 5455 3525 5545">
     <span class='ocr_line' id='line_1_113' title="bbox 1947 5455 3525 5545; baseline 0.017 -37"><span class='ocrx_word' id='word_1_819' title='bbox 1947 5473 1974 5545; x_wconf 50' lang='grc' dir='ltr'><strong>ξ</strong></span> <span class='ocrx_word' id='word_1_820' title='bbox 2030 5455 2254 5523; x_wconf 79' lang='lat' dir='ltr'><strong>Eamus,</strong></span> <span class='ocrx_word' id='word_1_821' title='bbox 2306 5455 2692 5543; x_wconf 48' lang='lat' dir='ltr'><strong>et&#39;moriamur</strong></span> <span class='ocrx_word' id='word_1_822' title='bbox 2741 5485 2858 5545; x_wconf 51' lang='lat' dir='ltr'><strong>curn</strong></span> <span class='ocrx_word' id='word_1_823' title='bbox 2890 5488 3000 5545; x_wconf 76' lang='lat' dir='ltr'><strong>eo;</strong></span> <span class='ocrx_word' id='word_1_824' title='bbox 3047 5455 3326 5545; x_wconf 33' lang='lat' dir='ltr'><strong>{quidam</strong></span> <span class='ocrx_word' id='word_1_825' title='bbox 3344 5455 3525 5536; x_wconf 40' lang='lat' dir='ltr'><strong>avitum</strong></span> 
     </span>
    </p>
   </div>
   <div class='ocr_carea' id='block_1_114' title="bbox 1939 5526 3522 5612">
    <p class='ocr_par' dir='ltr' id='par_1_114' title="bbox 1939 5526 3522 5612">
     <span class='ocr_line' id='line_1_114' title="bbox 1939 5526 3522 5612; baseline 0.02 -35"><span class='ocrx_word' id='word_1_826' title='bbox 1939 5526 2141 5612; x_wconf 70' lang='lat' dir='ltr'><strong>dicunt,</strong></span> <span class='ocrx_word' id='word_1_827' title='bbox 2167 5539 2216 5583; x_wconf 85' lang='lat' dir='ltr'><strong>et</strong></span> <span class='ocrx_word' id='word_1_828' title='bbox 2245 5547 2359 5611; x_wconf 75' lang='lat' dir='ltr'><strong>eum</strong></span> <span class='ocrx_word' id='word_1_829' title='bbox 2385 5535 2515 5612; x_wconf 77' lang='lat' dir='ltr'><strong>mori</strong></span> <span class='ocrx_word' id='word_1_830' title='bbox 2536 5550 2766 5612; x_wconf 65' lang='lat' dir='ltr'><strong>optasse.</strong></span> <span class='ocrx_word' id='word_1_831' title='bbox 2793 5538 2897 5594; x_wconf 87' lang='lat' dir='ltr'><strong>Sed</strong></span> <span class='ocrx_word' id='word_1_832' title='bbox 2936 5526 3166 5612; x_wconf 59' lang='lat' dir='ltr'><strong>pro/acie</strong></span> <span class='ocrx_word' id='word_1_833' title='bbox 3189 5549 3429 5604; x_wconf 78' lang='lat' dir='ltr'><strong>timorem</strong></span> <span class='ocrx_word' id='word_1_834' title='bbox 3464 5553 3522 5607; x_wconf 77' lang='lat' dir='ltr'><strong>id</strong></span> 
     </span>
    </p>
   </div>
   <div class='ocr_carea' id='block_1_115' title="bbox 1939 5600 2886 5666">
    <p class='ocr_par' dir='ltr' id='par_1_115' title="bbox 1939 5600 2886 5666">
     <span class='ocr_line' id='line_1_115' title="bbox 1939 5600 2886 5666; baseline 0.016 -16"><span class='ocrx_word' id='word_1_835' title='bbox 1939 5600 2146 5651; x_wconf 75' lang='lat' dir='ltr'><strong>verbum</strong></span> <span class='ocrx_word' id='word_1_836' title='bbox 2176 5603 2349 5666; x_wconf 77' lang='lat' dir='ltr'><strong>arguit</strong></span> <span class='ocrx_word' id='word_1_837' title='bbox 2376 5613 2424 5654; x_wconf 85' lang='lat' dir='ltr'><strong>et</strong></span> <span class='ocrx_word' id='word_1_838' title='bbox 2456 5600 2886 5665; x_wconf 67' lang='lat' dir='ltr'><strong>imbecillitatem.</strong></span> 
     </span>
    </p>
   </div>
   <div class='ocr_carea' id='block_1_116' title="bbox 2015 5667 3527 5760">
    <p class='ocr_par' dir='ltr' id='par_1_116' title="bbox 2015 5667 3527 5760">
     <span class='ocr_line' id='line_1_116' title="bbox 2015 5667 3527 5760; baseline 0.019 -41"><span class='ocrx_word' id='word_1_839' title='bbox 2015 5667 2125 5760; x_wconf 59' lang='grc' dir='ltr'><strong>(βά)</strong></span> <span class='ocrx_word' id='word_1_840' title='bbox 2155 5667 2554 5760; x_wconf 46' lang='grc' dir='ltr'>ΜειιιρΙιῘαείεξ.</span> <span class='ocrx_word' id='word_1_841' title='bbox 2605 5677 2963 5760; x_wconf 48' lang='lat' dir='ltr'><strong>Quosufculo</strong></span> <span class='ocrx_word' id='word_1_842' title='bbox 2986 5681 3178 5760; x_wconf 76' lang='lat' dir='ltr'><strong>vixerit</strong></span> <span class='ocrx_word' id='word_1_843' title='bbox 3197 5698 3382 5746; x_wconf 89' lang='lat' dir='ltr'><strong>uoster</strong></span> <span class='ocrx_word' id='word_1_844' title='bbox 3415 5691 3527 5760; x_wconf 83' lang='lat' dir='ltr'><strong>hic,</strong></span> 
     </span>
    </p>
   </div>
   <div class='ocr_carea' id='block_1_117' title="bbox 1942 5737 3526 5839">
    <p class='ocr_par' dir='ltr' id='par_1_117' title="bbox 1942 5737 3526 5839">
     <span class='ocr_line' id='line_1_117' title="bbox 1942 5737 3526 5839; baseline 0.018 -49"><span class='ocrx_word' id='word_1_845' title='bbox 1942 5737 2080 5792; x_wconf 86' lang='lat' dir='ltr'><strong>unde</strong></span> <span class='ocrx_word' id='word_1_846' title='bbox 2107 5741 2414 5798; x_wconf 76' lang='lat' dir='ltr'><strong>necessario</strong></span> <span class='ocrx_word' id='word_1_847' title='bbox 2433 5737 2713 5803; x_wconf 68' lang='lat' dir='ltr'><strong>deduciiur</strong></span> <span class='ocrx_word' id='word_1_848' title='bbox 2733 5749 2900 5818; x_wconf 85' lang='lat' dir='ltr'><strong>ipsius</strong></span> <span class='ocrx_word' id='word_1_849' title='bbox 2922 5737 3526 5839; x_wconf 40' lang='lat' dir='ltr'><strong>Mctaphrasize&#39;ze-vu&#39;ni;</strong></span> 
     </span>
    </p>
   </div>
   <div class='ocr_carea' id='block_1_118' title="bbox 3024 5848 3091 5910">
    <p class='ocr_par' dir='ltr' id='par_1_118' title="bbox 3024 5848 3091 5910">
     <span class='ocr_line' id='line_1_118' title="bbox 3024 5848 3091 5910; baseline 0 0"><span class='ocrx_word' id='word_1_850' title='bbox 3024 5848 3091 5910; x_wconf 87' lang='lat'><strong>17</strong></span> 
     </span>
    </p>
   </div>
  </div>
