4018 6206
421 390 527 454 529

414 593 575 662 ταχὺ,
621 596 717 647 καὶ
767 593 990 666 ἔρχεται
1029 598 1164 667 πρὸς
1193 600 1357 654 αὐτόν
1383 617 1396 630 ⁸
1433 601 1588 656 οὔπω
1611 605 1718 676 γὰρ
1748 606 2008 677 ἐλήλυθεν

413 679 442 729 ὁ
493 678 705 748 Ἰησοῦς
737 681 818 742 είς
847 681 947 752 τὴν
977 685 1196 753 κώμην,
1232 685 1347 739 ἀλλ’
1379 682 1448 758 ἦν
1480 691 1536 742 ἐν
1579 691 1658 761 τῷ
1695 692 1844 761 τόπῳ
1871 693 2006 745 ὅπου

414 766 732 838 ὑπήντησεν
766 771 919 841 αὐτῷ
957 774 990 842 ἡ
1033 774 1258 846 Μάρθα.
1311 798 1328 829 ι
1375 779 1452 848 Τῇ
1505 781 1615 850 γάρ
1666 786 2005 857 προσκλήσει

410 859 514 924 τῆς
535 861 789 929 πράξεως
810 861 980 926 ὀξέως
1003 865 1036 933 ἡ
1060 863 1265 933 θεωρία
1286 868 1643 940 διεγείρεται,
1674 873 2005 943 εὑρίσκουσα

411 950 518 1015 ἔξω
568 951 667 1022 τῆς
728 952 926 1023 κώμης
979 955 1070 1009 τὸν
1131 957 1354 1027 Κύριον,
1393 964 1698 1026 τουτέστιν,
1748 967 1854 1033 ἔξω
1909 968 2004 1022 τοῦ

411 1044 676 1114 αίσθητοῦ
724 1045 880 1100 τοῦδε
913 1049 1121 1119 κόσμου
1162 1053 1222 1105 τὸ
1259 1053 1402 1108 θεῖον
1458 1053 1596 1111 εἶναι
1646 1062 2005 1132 καταλαμσά-

411 1153 601 1203 νουσα,
630 1141 727 1193 καὶ
756 1141 900 1213 ὑπὲρ
932 1145 1114 1197 πᾶσαν
1143 1146 1400 1218 αἴσθησίν
1423 1165 1480 1200 τε
1507 1150 1600 1203 καὶ
1629 1151 1832 1223 νόησιν.

487 1332 508 1365 ι
544 1315 609 1370 Οἱ
642 1315 736 1370 οὖν
771 1315 1022 1372 Ἰουδαῖοι
1049 1320 1248 1385 ἰδόντες
1277 1323 1374 1395 τὴν
1415 1325 1639 1397 Μαρίαν
1672 1331 1756 1408 ὅτι
1791 1333 2003 1402 ταχέως

407 1408 609 1481 ἀνέστη
677 1411 772 1464 καὶ
822 1412 1068 1484 ἐξῆλθεν,
1118 1415 1451 1484 ἠκολούθουν
1503 1421 1665 1494 αὐτῇ.
1708 1443 1726 1476 ι
1764 1421 1886 1478 Εἶεν
1937 1426 2003 1480 ἂν

421 1503 668 1558 Ἰουδαῖοι
718 1508 861 1560 κατά
892 1509 1043 1562 τόνδε
1091 1511 1184 1564 τὸν
1224 1512 1393 1567 τόπον
1441 1515 1541 1580 τὰς
1584 1519 1713 1588 περί⁵
1771 1520 2003 1590 Μάρθαν

407 1595 506 1649 καὶ
536 1597 758 1667 Μαρίαν
786 1600 1300 1671 παραμυθούμενοι,
1337 1605 1545 1670 πίστις,
1573 1608 1751 1676 ἐλπὶς,
1788 1611 1998 1681 ἀγάπη,

405 1686 464 1776 αἱ
495 1688 744 1758 καθάπερ
789 1689 848 1755 ἐξ
905 1689 1263 1776 Ἰερουσαλὴμ
1309 1696 1410 1766 τῆς
1438 1697 1646 1752 ἄνωθεν
1678 1702 1901 1774 εἰρήνης
1934 1706 1998 1776 τῇ

403 1772 556 1846 ψυχῇ
617 1777 1098 1846 καταπέμπονται.
1159 1774 1332 1835 Αὗται
1384 1786 1481 1838 καὶ
1527 1772 1999 1863 συνοδοιποροῦσιν

405 1868 570 1939 αὐτῇ,
609 1869 920 1944 σπευδούσῃ
945 1871 1280 1927 καταλαϐεῖν
1303 1876 1402 1947 τὴν
1428 1877 1597 1944 ὅντως
1627 1881 1793 1954 ζωήν.

485 2067 505 2101 ι
553 2049 764 2106 ’ἰδοῦσα
808 2053 993 2119 αὐτὸν,
1049 2056 1248 2112 ἔπεσεν
1312 2063 1393 2126 είς
1443 2065 1565 2130 τοὺς
1618 2068 1784 2135 πόδας
1830 2072 1999 2128 αὐτοῦ

403 2143 647 2212 λέγουσα
676 2160 694 2177 ο
731 2149 928 2217 Κύριε,
972 2153 1020 2204 εί
1053 2147 1122 2222 ἧς
1170 2146 1293 2214 ὧδε.
1347 2157 1447 2210 οὐκ
1495 2158 1561 2212 ἂν
1610 2161 1849 2217 ἀπέθανέ
1895 2183 1997 2235 μου

400 2235 705 2306 ὁάδελφός.
745 2259 762 2289 ι
823 2240 1102 2310 Σύμφωνα
1151 2249 1216 2317 τῇ
1268 2248 1472 2320 Μάρθα
1519 2250 1692 2308 λαλεῖ.
1764 2256 1998 2325 Ἀδελφά

397 2329 470 2380 τὰ
505 2331 748 2398 ῥήματα,
798 2338 1085 2401 συγγενεῖς
1120 2340 1176 2390 αἱ
1233 2342 1446 2406 φωναί·
1492 2343 1632 2413 πλὴν
1670 2346 1751 2399 ὅτι
1795 2349 1998 2419 Μάρθα

403 2420 505 2488 μὲν
545 2422 862 2489 (αὖ-λέγεται
913 2430 1100 2480 πεσεῖν
1149 2430 1230 2493 είς
1274 2433 1403 2496 τοὺς
1463 2436 1629 2500 πόδας
1657 2437 1752 2490 τοῦ
1793 2440 1994 2506 Ἰησοῦ,

397 2511 525 2566 οὔτε
555 2514 815 2571 κλαίουσα
848 2518 1209 2589 φθέγγεσθαι.
1247 2522 1395 2596 Αὕτη
1441 2527 1496 2578 δὲ
1544 2529 1773 2598 πράττει
1817 2533 1996 2601 ἀμφό-

395 2619 556 2691 τερα.
603 2605 866 2679 Ἰμείρετο
893 2612 1004 2682 γάρ
1032 2613 1141 2665 τῶν
1182 2615 1359 2668 ποδῶν
1393 2617 1622 2673 ἐκείνων
1643 2609 1990 2691 ἐφάψασθαι,

395 2690 484 2758 οἷς
549 2700 951 2768 παρακλιθεῖσα
1012 2705 1276 2777 πρότερον
1333 2709 1427 2760 τοῦ
1491 2711 1586 2780 τῆς
1645 2711 1994 2779 διδασκαλίας

399 2785 672 2852 ἐγεύσατο
727 2791 1010 2863 νέκταρος.
1075 2795 1312 2860 Τούτους
1370 2799 1494 2861 τοὺς
1533 2800 1770 2871 ὡραίους
1825 2804 1994 2869 πὸδσς

395 2878 766 2951 διαφερόντως
815 2882 1125 2952 ποθήσασα,
1165 2887 1431 2960 πρότερον
1467 2891 1567 2960 μὲν
1615 2893 1798 2957 αὐτοῖς
1847 2912 1992 2966 παρ-

397 2968 647 3032 εκάθισε,
710 2970 806 3027 νῦν
849 2974 904 3027 δὲ
952 2979 1365 3044 κατασπάζεται
1397 2987 1510 3048 τοῖς
1569 2985 1801 3056 δάκρυσι
1854 2989 1992 3042 πλύ-

396 3078 589 3127 νουσα,
625 3061 854 3134 ὕστερον
878 3066 936 3119 δὲ
964 3066 1041 3138 τῷ
1076 3069 1234 3142 μύρῳ
1286 3073 1578 3145 ἀλείψασα,
1617 3081 1791 3153 θριξὶν
1827 3090 1991 3149 ἰδίαις

398 3153 688 3222 ἐξέμαξεν.
760 3157 825 3211 Ἦ
884 3160 994 3229 γὰρ
1059 3162 1373 3240 θεωρητικὴ
1427 3169 1573 3243 ψυχὴ
1645 3177 1748 3241 τὰς
1816 3183 1956 3239 καλά

395 3247 697 3313 ἀνασάσεις
729 3251 1043 3323 τιθεμένην
1074 3257 1342 3329 πρότερον
1390 3262 1490 3331 μὲν
1535 3268 1688 3337 παρὰ
1717 3273 1843 3338 τοὺς
1890 3295 1989 3346 μυ-

399 3339 622 3429 στικοὺς
669 3341 836 3405 πόδας
873 3344 1150 3400 καθίσασα
1189 3347 1345 3420 ζητεῖ
1377 3353 1475 3425 τὴν
1518 3355 1779 3429 ἀλήθειαν
1805 3381 1827 3396 ο·
1867 3339 1988 3424 sita

401 3428 672 3498 μυηθεῖσα
729 3435 1031 3502 ἐφάπτεται
1063 3440 1266 3510 νοερὼς
1297 3428 1738 3515 προσεγγίζουσα
1770 3473 1785 3488 ’
1849 3462 1988 3528 μετά

398 3521 573 3576 ταῦτα
628 3525 708 3596 τῷ
773 3529 932 3601 μύρῳ
992 3532 1093 3602 τῆς
1141 3534 1410 3606 ἀψευδοῦς
1456 3542 1712 3611 γνώσεως
1762 3550 1985 3619 τούτους

396 3617 684 3710 ιῦωδιάζει
716 3625 780 3691 τῇ
810 3625 942 3694 περὶ
973 3626 1043 3680 τά
1071 3628 1217 3700 πάθη
1247 3631 1578 3709 ἀναισθησίᾳ
1605 3617 1980 3710 ὲκμάσσουσαι

399 3707 576 3764 Τοῦτο
626 3711 735 3782 γὰρ
783 3715 840 3766 ai
890 3718 1077 3786 τρίχες
1133 3721 1486 3785 αἰνίττονται,
1549 3707 1626 3792 ὧς
1675 3707 1985 3804 αἰσθήσεως

394 3800 636 3871 ἄμοιροι.
671 3804 895 3859 Νοοῖντο
936 3807 988 3860 δ’
1015 3811 1083 3862 ἆν
1117 3811 1277 3876 πόδες
1325 3815 1368 3866 Χ
1381 3817 1588 3885 ριστοῢ,
1629 3821 1728 3875 ὅσα
1759 3823 1983 3882 δυνατὸν

394 3896 637 3949 νοεῖσθαι
683 3900 812 3968 περὶ
858 3901 1022 3954 αὑτοῦ
1065 3901 1143 3974 τῷ
1193 3907 1295 3977 τῆς
1347 3907 1477 3979 ὕλης
1519 3910 1714 3966 ἑαυτὸν
1743 3915 1983 3974 ἐκκαθά-

395 4006 576 4057 ραντι.
605 3991 678 4044 Τὸ
708 3992 764 4045 δὲ
787 3993 888 4065 τὴν
916 3997 1137 4064 Μαρίαν
1163 3997 1371 4053 κλαίειν
1418 4002 1571 4072 δηλοῖ
1587 4004 1648 4058 τὸ
1669 4008 1749 4068 είς
1779 4008 1980 4083 ἑαυτὴν

396 4083 790 4138 συστέλλεσθαι
821 4085 918 4156 τὴν
944 4087 1122 4159 ψυχὴν
1157 4090 1250 4143 καὶ
1271 4093 1570 4159 συννεύειν,
1602 4097 1979 4174 χωριζομένην

392 4170 503 4223 τῶν
549 4173 849 4245 αἰσθητῶν,
901 4178 1032 4231 ὅταν
1087 4181 1164 4243 είς
1211 4181 1446 4253 θεωρίαν
1482 4186 1754 4258 ἁνάγηται
1784 4208 1797 4221 ο
1852 4170 1979 4262 θερ-

397 4263 688 4329 μαίνεσθαί
734 4283 794 4319 τε
851 4268 929 4339 τῷ
985 4269 1116 4340 θείῳ
1178 4271 1361 4343 ἔρωτι,
1408 4277 1855 4352 ἁποὸαλλομένην
1901 4285 1978 4351 ὡς

391 4355 606 4425 δάκρυα
658 4360 726 4410 τὰ
781 4363 1018 4432 περιττά
1049 4365 1158 4417 τῶν
1192 4367 1480 4437 νοημάτων
1533 4373 1628 4426 καὶ
1680 4375 1755 4446 μὴ
1808 4395 1976 4448 προσ-

391 4447 619 4514 ήκοντα.
654 4448 728 4502 Τὸ
761 4451 868 4522 γὰρ
897 4453 1134 4523 δάκρυον
1166 4456 1412 4529 λυπηροῦ
1444 4463 1648 4528 πάθους
1685 4467 1801 4521 ἐστὶ
1830 4470 1974 4536 νοτὶς

1775 395 2106 464 liOMlLIA
2161 407 2334 468 XXV.

496 523 515 556 ι
564 503 784 573 Ἐκείνη
841 505 976 577 γὰρ,
1035 505 1223 577 φησὶν,
1282 509 1360 573 ὡς
1408 511 1676 582 ἤκουσεν,
1735 512 2090 588 ἐγείρεταιΛ

1963 3203 2059 3277 ‘C

3580 419 3687 486 530

2196 536 2215 570 ι
2253 519 2346 574 Illa
2380 521 2547 588 enim,
2600 522 2798 593 inquit,
2833 537 2889 580 ut
2915 527 3124 584 audivit
3158 531 3333 602 surgit
3359 532 3487 598 cito,
3512 543 3566 588 et
3599 551 3696 590 ve-

2119 607 2200 664 nit
2231 609 2296 662 ad
2325 627 2486 676 eum;
2523 615 2762 669 nomium
2798 615 2942 670 enim
2981 629 3203 673 venerat
3225 620 3386 676 Jesus
3415 623 3468 674 in
3501 623 3698 680 castei-

2115 700 2252 761 lum.
2286 703 2381 758 sed
2406 712 2522 758 erat
2555 706 2733 760 adhuc
2788 708 2840 760 in
2886 707 2976 760 illo
3013 708 3134 764 loco
3165 710 3256 765 ubi
3291 724 3602 767 occurrerat
3643 715 3691 770 ei

2116 792 2351 848 Martha.
2413 813 2432 848 ι
2463 797 2647 851 Aseita
2677 799 2819 853 enim
2856 801 3002 855 socia
3046 802 3262 858 actione
3306 805 3519 858 acuitur
3556 821 3692 860 con-
3725 795 3752 822 '

2117 887 2396 956 templatio
2438 897 2492 942 et
2529 889 2837 956 exritatur;
2873 902 2928 944 et
2965 892 3247 947 Dominum
3285 897 3488 964 reperit
3537 907 3692 951 extra

2114 977 2426 1042 castellum,
2459 978 2561 1033 hoc
2585 989 2688 1044 est,
2714 981 3055 1037 divinitatem
3087 993 3238 1038 extra
3271 985 3689 1040 hnncmundum
3749 1024 3752 1025 ν

2111 1069 2363 1124 sensibus
2452 1071 2721 1141 obiectum
2794 1082 2846 1128 et
2915 1089 3080 1142 supra
3144 1090 3356 1130 omnem
3422 1079 3690 1132 sentiendi
3755 1091 3760 1094 ‘

2112 1158 2553 1232 intelligendiqnc
2603 1163 2709 1216 vim
2775 1165 3126 1219 constitutam
3209 1179 3330 1221 esse
3387 1167 3692 1235 deprehen-

2111 1252 2211 1308 dit.

2192 1364 2210 1398 ι
2246 1343 2416 1400 Judaei
2468 1362 2597 1418 ergo
2633 1363 2756 1402 cum
2805 1348 3068 1404 vidissent
3120 1349 3366 1415 Mariam,
3409 1353 3534 1421 quia
3583 1351 3692 1406 cito

2113 1439 2349 1492 surrexit
2398 1450 2454 1493 et
2478 1440 2630 1504 exiit,
2665 1441 2833 1494 secuti
2875 1451 3004 1494 sunt
3033 1457 3173 1496 eam.
3210 1461 3228 1494 ι
3262 1441 3514 1505 Possent,
3545 1443 3687 1512 quod

2108 1528 2174 1596 ad
2199 1527 2343 1582 hunc
2362 1528 2534 1582 locum
2561 1529 2690 1583 iacit
2739 1544 2834 1598 per
2857 1529 3070 1585 Judzros
3093 1530 3356 1586 Martinam
3383 1544 3437 1588 ct
3463 1532 3688 1587 Mariam

2108 1621 2470 1684 consolantes,
2507 1621 2658 1687 ﬁdes,
2689 1637 2814 1692 spes
2865 1632 2920 1677 et
2948 1622 3186 1678 charitas
3214 1623 3532 1693 signiﬁcari,
3565 1638 3690 1692 qua:

2108 1725 2238 1766 sane
2270 1711 2416 1767 velut
2444 1728 2510 1766 ex
2555 1712 2856 1768 Jerusalem
2905 1714 2994 1768 illa
3027 1730 3257 1785 superna
3289 1716 3510 1770 civitate
3541 1717 3690 1784 pacis

2109 1803 2160 1856 in
2189 1805 2424 1858 animam
2450 1804 2817 1860 immittuntur
2853 1823 2866 1861 :
2916 1822 3142 1876 quaeque
3169 1809 3504 1862 comitantur
3542 1823 3685 1873 eam,

2031 1875 2229 1960 Baute
2284 1895 2466 1951 studet
2524 1907 2688 1965 atque
2745 1875 3022 1951 contendit
3059 1875 3262 1951 veram
3328 1897 3544 1967 assequi
3604 1899 3687 1952 vi-

2106 1997 2153 2040 ta
2165 2005 2210 2039 tu
2222 2026 2236 2041 .

2179 2102 2197 2135 ι
2230 2081 2435 2140 Videns
2463 2099 2610 2150 eum,
2643 2085 2840 2140 cecidit
2869 2086 2934 2139 ad
2977 2087 3144 2153 pedes
3178 2086 3318 2155 ejus,
3348 2097 3400 2142 et
3433 2087 3562 2140 dixit
3587 2087 3635 2141 ei
3668 2105 3682 2142 :

2103 2176 2349 2242 Domine,
2395 2179 2439 2232 si
2469 2178 2669 2234 fuisses
2701 2179 2808 2242 hic,
2844 2195 2948 2233 non
2996 2178 3188 2233 fuisset
3225 2191 3469 2234 mortuus
3517 2181 3687 2234 frater

2100 2287 2276 2326 meus.
2315 2289 2332 2323 ι
2361 2271 2631 2326 Consonat
2655 2287 2774 2324 cum
2800 2271 3023 2326 Martlue
3053 2273 3246 2336 dictis;
3280 2287 3497 2327 sorores
3523 2288 3686 2328 voces

2099 2362 2231 2430 ipsm
2259 2363 2532 2428 videntur,
2561 2373 2615 2417 et
2648 2364 2808 2418 verba
2842 2372 3107 2433 cognata:
3141 2371 3367 2450 eoxcepto
3397 2364 3538 2432 quod
3576 2378 3682 2417 non

2099 2456 2299 2509 dicitur
2331 2457 2397 2510 ad
2427 2454 2552 2510 Jesu
2590 2457 2756 2522 pedes
2802 2455 3009 2510 Martha
3049 2455 3334 2520 accidisse,
3368 2470 3468 2509 nec
3504 2455 3680 2509 locuta

2099 2564 2220 2602 cum
2256 2549 2532 2619 laerymis.
2558 2548 2683 2603 llaec
2719 2565 2849 2605 vero
2871 2559 3158 2618 utrumque
3186 2557 3408 2620 praestat
3440 2567 3454 2603 :
3487 2549 3682 2602 avehat

2095 2641 2238 2694 enim
2286 2640 2453 2708 pedes
2498 2640 2619 2695 illos
2665 2641 2931 2709 attingere
2964 2642 3030 2694 ad
3065 2656 3199 2710 quos
3243 2649 3368 2695 ante
3418 2639 3679 2695 inclinata

2096 2743 2283 2787 nectar
2311 2734 2568 2788 ιίοοιιῖιιίε
2593 2743 2930 2802 gustaverat.
2961 2733 3068 2788 llos
3092 2742 3200 2786 tam
3231 2732 3487 2802 pulchros
3514 2735 3680 2802 pedes

2095 2826 2446 2880 vehementer
2480 2836 2738 2896 evpetens
2772 2825 2922 2894 prius
2957 2826 3174 2895 quidem
3202 2824 3265 2878 ad
3301 2823 3418 2878 illos
3449 2825 3675 2889 assedit,

2095 2933 2242 2972 nunc
2266 2931 2396 2972 vero
2435 2916 2502 2971 ad
2558 2933 2651 2972 eos
2681 2918 2918 2971 demissa
2945 2917 3198 2988 lacrymis
3226 2916 3378 2980 lavit,
3403 2926 3456 2972 et
3488 2925 3677 2984 postea

2093 3017 2368 3079 unguento
2393 3025 2599 3081 ungens
2626 3009 2740 3065 suis
2769 3009 2982 3078 capillis
3010 3008 3286 3064 abstersit.
3312 3009 3502 3062 Anima
3529 3009 3676 3064 enim

2093 3101 2533 3170 contemplationi
2587 3102 2768 3156 dedita
2820 3101 3110 3172 praeclaras
3160 3101 3278 3156 illas
3329 3102 3677 3157 ascensiones

2091 3193 2190 3247 sibi
2220 3192 2533 3259 disponens,
2566 3192 2742 3263 primo
2772 3191 2990 3261 quidem
3023 3195 3088 3246 ad
3113 3192 3368 3262 mysticos
3402 3193 3564 3262 pedes
3592 3207 3676 3246 se—

2093 3284 2227 3339 dens
2284 3284 2566 3339 veritatem
2614 3283 2844 3353 qumrit;
2898 3293 3006 3337 tum
3052 3282 3120 3338 de
3163 3283 3361 3338 divinis
3414 3283 3672 3339 instructa
3763 3317 3770 3323 -

2094 3373 2515 3443 appropinquat,
2538 3382 2594 3427 et
2613 3372 2976 3443 spiritualiter
2996 3389 3091 3428 eos
3113 3373 3361 3445 attingit;
3394 3376 3459 3429 ad
3491 3385 3674 3429 extre-

2095 3481 2237 3518 mum
2293 3465 2612 3520 certissimae
2669 3465 2998 3536 cognitionis
3053 3475 3328 3535 unguento
3385 3473 3439 3519 et
3504 3467 3674 3520 odore

2090 3557 2386 3626 perfundit,
2411 3569 2462 3610 et
2485 3558 2798 3627 passionum
2828 3558 3104 3612 vacuitate
3135 3555 3247 3628 (92)
3282 3558 3530 3628 detergit.
3557 3557 3672 3613 lloc

2090 3650 2233 3705 enim
2291 3650 2467 3718 capilli
2512 3650 2667 3719 quasi
2721 3665 2816 3718 per
2850 3652 3078 3719 aenigma
3131 3650 3425 3711 insitmant,
3470 3661 3530 3703 nt
3575 3652 3669 3720 qui

2089 3757 2282 3797 sensus
2305 3751 2557 3812 expertes
2582 3743 2711 3798 sint.
2750 3742 2920 3798 Porro
2947 3759 3043 3812 per
3072 3744 3236 3812 pedes
3269 3744 3472 3797 Christi
3497 3744 3669 3814 signi-

2089 3834 2235 3888 ﬁcari
2271 3843 2497 3904 possunt
2524 3850 2586 3889 ea
2636 3851 2756 3902 quae
2787 3837 2853 3889 de
2897 3835 3014 3904 ipso
3054 3836 3308 3905 cognosci
3348 3844 3571 3904 possunt
3600 3836 3666 3890 ab

2088 3925 2307 3979 homine
2355 3926 2444 3994 qui
2494 3926 2798 3980 crassitiem
2858 3928 3056 3980 terreni
3116 3927 3344 3980 ati'ectus
3398 3927 3664 3995 purgarit.

2087 4013 2268 4070 Fletus
2319 4030 2447 4069 vero
2496 4015 2680 4070 Mariae
2725 4016 2966 4079 indicat,
2999 4017 3141 4086 quod
3177 4017 3229 4070 in
3283 4017 3444 4087 168
3484 4019 3663 4071 anima

2083 4108 2198 4162 ﬁeri
2253 4107 2410 4173 solet,
2468 4123 2588 4161 cum
2641 4109 2986 4177 semetipsam
3041 4107 3270 4178 colligit,
3321 4111 3387 4163 ad
3434 4123 3664 4178 seseque

2081 4198 2326 4267 respicit,
2355 4209 2516 4268 atque
2556 4215 2585 4251 a
2623 4199 2917 4255 sensilibus
2949 4210 3172 4254 avocata
3214 4202 3280 4255 ad
3322 4203 3660 4269 contempla-

2081 4289 2281 4343 tionem
2332 4291 2612 4356 evehitur;
2671 4300 2782 4344 tum
2837 4291 2982 4346 enim
3035 4291 3218 4347 divino
3272 4310 3458 4349 amore
3495 4295 3660 4349 eﬂ‘er-

2077 4395 2325 4446 vescens,
2348 4396 2712 4450 supervacuas
2735 4393 2790 4434 et
2820 4383 3022 4436 nullum
3046 4385 3379 4455 pertinentes
3410 4387 3475 4439 ad
3502 4403 3656 4441 usum

2079 4470 2442 4540 cogitationes
2469 4472 2623 4539 quasi
2672 4472 2938 4544 lacrymas
2969 4474 3177 4544 abjicit.
3213 4474 3473 4547 Laeryma
3513 4477 3657 4531 enim

393 4539 834 4611 συστελλομένων
866 4545 971 4598 ὑπὸ
1015 4547 1191 4619 λύπης
1231 4551 1340 4604 τῶν
1393 4555 1565 4622 μυῶν,
1613 4550 1689 4620 ὠς
1715 4560 1812 4630 τὴν
1842 4563 1975 4615 ἀπο-

2090 4565 2274 4618 humor
2310 4572 2392 4617 est
2429 4578 2457 4616 a
2495 4565 2726 4619 tristitia:
2759 4568 3010 4635 passione
3037 4580 3290 4637 exortus;
3325 4586 3448 4626 cum
3483 4572 3553 4625 ita
3587 4573 3659 4627 ob

391 4629 721 4721 θλιϐομένην
747 4634 942 4690 λιϐάδα
977 4640 1114 4709 πρὸς
1158 4641 1256 4705 τὰς
1289 4643 1384 4696 τοῦ
1434 4647 1738 4716 ἐγκεφάλου
1771 4629 1978 4721 exesa;

387 4720 758 4785 ἀποδίδοσθαι,
788 4726 1044 4780 κάκεῖθεν
1071 4731 1162 4783 ἐπὶ
1188 4732 1313 4796 τοὺς
1335 4734 1529 4799 ὁλκοὺς
1548 4737 1656 4790 τῶν
1678 4739 1976 4811 ὀφθαλμῶν

389 4811 872 4905 παραπέμπεσθαι
926 4819 989 4871 τὸ
1050 4822 1308 4892 περιττὸν
1368 4827 1824 4900 ἀποκρουομένης
1873 4835 1972 4905 τῆς

388 4915 626 4967 φύσεως.

464 5011 483 5043 ι
529 4994 738 5066 Ἰησοῦς
783 4995 897 5064 οὖν,
957 4999 1031 5063 ὡς
1086 4997 1225 5056 εἶδεν
1282 5003 1454 5076 αὐτὴν
1506 5007 1820 5078 κλαίουσαν,
1873 5017 1969 5071 καὶ

386 5083 511 5146 τοὺς
535 5088 890 5155 συνελθόντας
925 5091 1062 5164 αὐτῇ
1103 5092 1386 5157 Ἰουδαίους
1412 5098 1718 5169 κλαίοντας,
1753 5107 1968 5180 ἐνεϐρι-

389 5176 602 5246 μήσατο
622 5179 700 5251 τῷ
715 5182 1003 5253 πνεύματι,
1024 5185 1118 5240 καὶ
1152 5187 1414 5260 ἐτάραξεν
1437 5191 1650 5248 ἑαυτόν.
1664 5212 1684 5246 ι
1718 5176 1958 5272 Ἐπειδὴ,

2076 4669 2194 4706 eam
2248 4656 2477 4709 musculi
2527 4656 2999 4726 constringuntur,
3049 4671 3108 4714 ut
3150 4660 3295 4715 velut
3335 4677 3654 4730 expressum

2076 4761 2376 4801 cremorem
2414 4750 2480 4802 ad
2530 4764 2696 4803 venas
2737 4749 2947 4805 cerebri
3002 4752 3275 4814 emittant,
3317 4764 3479 4821 atque
3531 4753 3655 4808 inde

2074 4838 2321 4893 derivem
2354 4841 2406 4894 in
2448 4841 2730 4896 oculorum
2795 4843 2996 4908 sulcos,
3034 4853 3222 4896 natura
3267 4845 3475 4900 scilicet
3511 4849 3654 4916 quod

2073 4929 2402 5000 superﬂuum
2439 4941 2521 4987 est
2563 4933 2877 5002 repellente.

2152 5041 2170 5076 ι
2207 5020 2366 5079 Iesus
2395 5039 2546 5094 ergo,
2584 5034 2641 5077 ut
2676 5027 2808 5078 vidit
2838 5041 2952 5078 eam
2985 5025 3304 5094 plorantem.
3336 5037 3389 5081 et
3436 5027 3652 5084 Iudaeos

2073 5113 2162 5183 qui
2194 5125 2457 5169 venerant
2487 5131 2614 5170 cum
2661 5131 2721 5170 ea
2758 5116 3054 5184 plorantes,
3106 5116 3386 5173 infremuit
3431 5123 3647 5187 Spiritu,

2068 5218 2122 5261 et
2173 5208 2410 5262 turbavit
2459 5210 2832 5279 semetipsum.
2906 5226 2926 5260 ι
2985 5208 3257 5276 Quoniam
3306 5213 3466 5267 sicuti
3505 5215 3646 5269 Deus

1617 5309 1941 5375 Fraucisci
1981 5316 2082 5379 Scr
2101 5318 2190 5380 rsi
2221 5327 2404 5382 notae.

456 5412 587 5503 (in);
621 5414 932 5503 Passienum
962 5423 1240 5503 vacuitate.
1260 5424 1366 5503 _l_lic
1386 5435 1468 5482 est
1498 5443 1600 5503 vox
1630 5431 1958 5503 ἀναισθησία

384 5484 596 5573 περίτι)ἰ
611 5488 902 5573 scaenamet:
918 5492 1102 5546 eodem
1129 5496 1337 5573 recidit,
1369 5507 1530 5568 atque
1554 5484 1812 5567 ἀπάθεια,

384 5563 469 5630 est
500 5555 552 5607 in
584 5555 856 5630 ΙιοιηςΞ-ι,
888 5576 1100 5630 unoque
1147 5566 1305 5619 modo
1324 5555 1396 5622 ac
1417 5555 1579 5623 sensu
1612 5555 1963 5629 ambientis-ow-

384 5625 547 5711 hique
582 5625 1054 5711 a.ccipiend;e,n_cb
1084 5635 1358 5711 nimirum.
1390 5639 1457 5691 de
1497 5655 1601 5708 quo
1633 5625 1958 5711 longius—ibi

381 5691 742 5778 disseruimus
772 5708 884 5778 n_o_t.
911 5691 1009 5778 _67,
1042 5703 1147 5757 col.
1205 5705 1297 5778 ὅθί
1339 5691 1357 5760 ξ
1381 5716 1436 5762 et
1463 5691 1592 5763 salue
1617 5691 1856 5778 piatam}:
1875 5691 1962 5770 s'El

381 5765 676 5854 quentibus
703 5769 881 5854 verbis
908 5765 1025 5854 ipse
1061 5788 1121 5827 se
1156 5775 1406 5854 explicat,
1437 5787 1490 5831 et
1523 5765 1668 5854 aliud
1694 5765 1851 5836 nihil
1867 5765 1960 5854 per

381 5832 744 5906 ἀναισθησίαν
796 5832 1088 5912 intelligere
1123 5832 1376 5916 ostendit,
1393 5832 1574 5920 'quam

2063 5451 2157 5510 seu
2214 5437 2533 5510 vitiosarum
2580 5439 3041 5510 perturbationum
3102 5444 3496 5510 purgationem.
3553 5448 3644 5501 Ait

2061 5507 2202 5580 enim
2225 5523 2242 5559 :
2269 5507 2492 5580 Νοοίντο
2514 5507 2559 5580 δ’
2588 5508 2655 5580 ἂν
2678 5510 2833 5571 πόδες
2852 5507 3228 5580 Χριστοῦδσα
3250 5514 3474 5566 δυνατὸν
3506 5520 3644 5572 νοεῖ-

2062 5573 2188 5656 σθαι
2229 5579 2354 5645 περὶ
2381 5576 2548 5656 αὑτοῦ
2577 5573 2950 5656 mpsim-611i;
2979 5584 3170 5656 ἑαυτὸν
3225 5584 3635 5656 ὲκκαθαίροντι.

2059 5643 2229 5726 Porro
2283 5643 2375 5714 per
2411 5645 2564 5726 pedes
2621 5643 2814 5704 Christi
2844 5643 3159 5726 signiﬁcari
3196 5667 3410 5726 possunt
3437 5643 3498 5710 ea
3524 5674 3642 5726 qua

2058 5717 2260 5793 ἀείρεο
2287 5719 2528 5786 cognosci
2545 5731 2759 5783 possunt
2800 5723 2864 5775 ab
2915 5717 3113 5793 ⁷ου,ᾳαί
3136 5717 3640 5782 τνὶιδεὶιιεηιιετίσηί

2058 5786 2275 5857 affectus
2301 5793 2558 5858 purgant.
