4018 6206
323 321 433 384 537

1703 318 1865 378 ΗοΜ
1880 316 2034 376 lLlA
2074 316 2247 376 XXV.

3488 315 3594 376 589

317 430 602 499 ὁμότιμον.
647 427 724 480 Οὐ
777 426 887 497 γὰρ
934 427 1357 497 εῖσακουσθῆναι
1411 429 1718 497 παρακαλεῖ
1770 429 1909 482 κατὰ

2019 429 2224 481 litatem
2258 425 2534 492 ostendit;
2571 440 2676 481 non
2709 428 2851 481 enim
2882 435 3002 481 orat
3035 435 3094 482 ut
3142 424 3489 492 exaudiatur,
3535 435 3594 481 ut

322 523 422 592 τὴν
451 521 546 588 τῆς
581 516 814 588 Μάρθας
849 518 1151 588 ὑπόληψιν,
1189 520 1328 586 ἀλλ’,
1359 539 1376 572 ι
1415 515 1562 586 Οἶδα,
1600 521 1789 591 φησὶν,
1825 523 1904 574 ὅτι

320 611 557 666 πάντοτέ
594 628 696 680 μου
730 609 972 674 ἀκούεις,
1012 629 1030 662 ι
1066 610 1142 672 ὡς
1177 611 1465 680 ὁμοουσίου
1496 609 1590 663 τοῦ
1623 610 1781 673 Υῖοῦ,
1812 612 1908 664 καὶ

319 707 382 758 οὔ
421 704 583 774 χρεία
625 721 714 772 μοι
753 702 944 772 εὐχῆς,
981 702 1118 756 ἀλλὰ
1157 703 1243 757 διὰ
1283 703 1374 756 τὸν
1412 705 1742 774 παρεστῶτα
1778 704 1906 757 λαὸν

319 795 496 849 τιῦτα
525 793 694 850 λαλῶ.
728 795 813 846 ἵνα
845 794 1048 858 γνῶσιν
1080 796 1354 864 ἰσοτιμίαν
1383 795 1595 867 Πατρδς
1627 798 1721 850 καὶ
1750 797 1904 853 Υίοῦ.

321 888 425 941 Διά
454 888 662 940 τούτοιν
691 887 749 939 δὲ
785 888 1158 956 προτρέπεται
1194 887 1289 940 καὶ
1323 889 1470 957 ἡμᾶς
1506 889 1690 959 εὐχαῖς
1734 889 1908 942 ίλεοῧο

322 979 452 1035 σθαι
481 981 542 1033 τὸ
572 980 726 1034 Θεῖον
757 981 879 1043 ἀεὶ,
913 981 1006 1033 καὶ
1038 981 1098 1033 τὸ
1126 983 1226 1049 τῆς
1257 980 1435 1050 ψυχῆς
1470 981 1695 1034 ὀπτικὸν
1727 983 1908 1051 αἴρειν

316 1071 431 1126 ἀπὺ
471 1071 580 1124 τῶν
618 1069 976 1142 χαμαιζήλων
1019 1070 1310 1140 νοημάτων
1351 1071 1488 1142 πρὸς
1529 1071 1592 1124 τὸ
1637 1071 1769 1141 ὕψος
1807 1074 1908 1143 τῆς

320 1163 580 1231 Θεωρίας.

395 1273 415 1306 ι
465 1254 575 1308 Καὶ
617 1251 792 1307 ταῦτα
840 1252 1036 1319 εἰπὼν,
1081 1255 1232 1324 φωνῇ
1289 1253 1500 1324 μεγάλῃ
1551 1255 1904 1325 ἐκραύγασε⁶

311 1346 569 1415 Λάζαρε,
613 1345 772 1416 δεῦρο
818 1346 948 1412 ἔξω.
999 1364 1018 1398 ι
1067 1345 1178 1398 Καὶ
1225 1345 1322 1416 τὴν
1369 1346 1647 1418 θυγατέρα
1681 1349 1907 1418 Ἰαείρου

309 1436 664 1508 ἐγηγερκὼς.
709 1438 804 1490 καὶ
847 1437 938 1490 τὸν
979 1437 1095 1491 υἱὸν
1137 1437 1238 1506 τῆς
1281 1439 1455 1508 χήρας
1495 1439 1905 1508 ἐζωοποιηκὼς,

306 1527 380 1580 οὐ
415 1527 668 1594 φαίνεται
705 1527 920 1598 μεγάλῃ
955 1529 1108 1597 φωνῇ
1147 1527 1458 1600 κεκραγὼς,
1494 1529 1630 1585 ἀλλὰ
1658 1533 1723 1601 τῇ
1763 1535 1905 1602 χειρὶ

306 1617 714 1689 κεκρατηκὼς,
747 1621 842 1672 καὶ
879 1621 1064 1690 ἡρέμα
1101 1621 1472 1691 πεφωνηκὼς,
1506 1626 1570 1692 τῇ
1601 1623 1703 1694 μέν
1729 1641 1742 1656 ’
1781 1643 1800 1676 ι
1841 1627 1905 1678 Ἢ

305 1714 490 1773 παῖς,
534 1709 748 1779 ἐγείρου
795 1726 811 1742 °
854 1711 933 1778 τῷ
986 1711 1082 1763 δέ·
1130 1731 1147 1762 ι
1198 1713 1292 1776 Σὺ,
1335 1712 1498 1780 λέγω,
1545 1714 1830 1784 ἀνάστηθι.
1877 1734 1896 1767 ι

319 1799 599 1854 Ἐνταῦθα
631 1797 686 1852 δὲ
723 1799 1046 1871 διαπρύσιον
1081 1801 1344 1872 κέκραγε.
1379 1803 1568 1866 Διατίς
1599 1804 1723 1858 Ὀτι
1759 1806 1902 1858 ἐκεί-

302 1910 424 1946 νων
452 1895 780 1963 προσφάτως
808 1894 1168 1964 τεθνηκότων,
1199 1895 1368 1962 ἐγγύς
1399 1913 1498 1948 που
1526 1897 1618 1950 τοῦ
1651 1898 1902 1968 σώματος

303 1984 504 2054 παρῆν
539 1986 572 2054 η
608 1984 756 2055 ψυχὴ
795 1987 1071 2056 (πατρικὴ
1111 1987 1219 2058 γὰρ
1255 1987 1404 2056 ἡμᾶς
1443 1988 1594 2058 φωνὴ
1631 1989 1897 2054 δυσωπεῖ,

299 2078 392 2141 ὼς
431 2078 598 2146 μέχρι
630 2077 731 2146 τῆς
765 2078 958 2149 τρίτης
993 2079 1206 2148 ἡμέρας
1240 2081 1274 2149 ἡ
1310 2079 1455 2149 ψυχὴ
1487 2081 1546 2133 τὸ
1581 2081 1711 2136 ῐδιον
1745 2083 1902 2152 σῶμα

297 2169 787 2235 ἐπισκέπτεται),
837 2169 934 2240 τὴν
986 2170 1040 2222 δέ
1098 2170 1351 2242 Λαζάρου
1402 2172 1578 2243 ψυχὴν
1630 2175 1904 2244 μακρόθεν

295 2261 480 2314 ποθὲν
523 2261 958 2332 ἐκκαλούμενος,
1016 2263 1258 2332 κέκραγε
1313 2264 1524 2337 μεγάλῃ
1571 2268 1743 2337 φωνῇ.
1794 2268 1904 2320 Καὶ

298 2355 509 2424 ἐπειδὴ
535 2355 830 2426 προείρηκε
855 2358 966 2418 τοῖς
997 2355 1295 2420 Ἰουδαίοις,
1330 2377 1346 2408 ι
1373 2357 1495 2410 Ὀτι
1521 2357 1738 2428 ἔρχεται
1762 2359 1902 2430 ὥρα,

298 2449 412 2502 καὶ
447 2447 544 2501 νῦν
584 2449 754 2512 ἐστιν,
789 2449 875 2501 ὅτε
917 2449 968 2501 οῖ
1006 2449 1192 2520 νεκροὶ
1229 2449 1552 2504 ἀκούσονται
1588 2452 1687 2514 τῆς
1721 2453 1906 2522 φωνῆς

296 2539 410 2594 τοῦ
453 2539 583 2592 Υἱοῦ
621 2540 716 2594 τοῦ
758 2539 916 2604 Θεοῦ,
954 2543 1048 2594 καὶ
1090 2542 1140 2594 oi
1183 2541 1512 2605 ἁκούσοντες
1557 2541 1836 2612 ζήσονται,
1881 2562 1900 2595 ι

299 2631 520 2700 πληροῖ
555 2631 616 2682 τὸ
660 2630 986 2698 ἐπάγγελμα
1013 2646 1027 2660 ⁶
1073 2630 1167 2684 καὶ
1210 2631 1298 2684 διὰ
1333 2631 1430 2701 τῆς
1474 2631 1682 2702 ὑψηλῆς
1721 2636 1908 2704 φωνῆς

299 2723 465 2793 ζωὴν
489 2723 567 2793 τῷ
597 2723 838 2792 κειμένῳ
868 2722 1176 2793 χαρίζεται,
1208 2724 1296 2777 ῖνα
1326 2727 1516 2778 εἰδεῖεν
1533 2725 1637 2788 ὅτι,
1660 2725 1850 2797 ὥσπερ
1880 2729 1909 2780 6

304 2819 364 2871 Il
378 2817 548 2888 ατὴρ,
590 2814 732 2868 οὕτω
763 2817 859 2869 καλ⁵
889 2817 917 2869 ὁ
970 2815 1129 2878 Υἱὸς,
1157 2815 1250 2879 οὓς
1281 2816 1424 2871 θέλει
1455 2818 1726 2882 ζωοποιεῖ.
1759 2818 1909 2888 Αὕτη

300 2912 346 2978 ἡ
385 2910 540 2978 φωνὴ
573 2908 823 2960 σαλπίσει
855 2909 912 2960 ἐν
939 2912 1005 2979 τῇ
1040 2910 1242 2980 ἐσχάτῃ
1306 2910 1489 2982 ἡμέρᾳ
1517 2912 1608 2964 καὶ
1641 2913 1690 2964 οἱ
1723 2913 1910 2983 νεκροὶ

300 3005 738 3072 ἀναστήσονται.
774 3003 928 3072 Τάχα
973 3003 1029 3056 δὲ
1080 3005 1173 3056 καὶ
1211 3003 1272 3057 τὸ
1317 3005 1559 3074 ἐνεργὸν,
1601 3007 1694 3058 καὶ
1742 3007 1905 3076 μέγα,

2011 519 2217 574 Martha
2249 519 2600 590 opinabatur,
2635 519 2728 573 sed
2763 537 2780 571 ι
2821 517 2967 584 Scio,
3001 519 3198 589 inquit,
3228 521 3354 587 quia
3381 534 3596 587 semper

2011 627 2098 667 tne
2143 613 2321 677 audis,
2364 631 2382 664 ι
2419 621 2603 680 utpote
2649 610 3164 666 consubstantialem
3213 611 3446 677 Filium;
3491 627 3594 666 nec

2010 706 2140 768 mihi
2188 705 2505 775 precatione
2538 720 2674 774 Opus
2705 715 2809 766 est,
2839 705 2932 757 sed
2977 715 3195 773 pr0pter
3227 705 3591 758 circumstan-

2012 806 2117 851 tem
2154 798 2406 867 populum
2443 799 2554 852 hmo
2592 799 2732 862 dico,
2765 807 2823 850 ut
2857 798 3034 852 Patris
3066 807 3118 848 et
3155 796 3271 849 Filii
3305 797 3584 865 aequalita-

2012 896 2120 942 tem
2171 888 2489 958 intelligant.
2528 886 2623 942 llis
2668 888 2831 941 etiam
2866 887 3046 940 verbis
3093 901 3189 938 nos
3223 888 3495 950 admouet,
3533 899 3587 940 ιιι

2009 993 2106 1048 per
2138 993 2326 1048 preces
2355 979 2645 1047 propitium
2679 978 2836 1032 nobis
2867 977 3030 1032 Deum
3062 977 3276 1030 assidue
3303 977 3588 1039 faciamus,

2009 1079 2064 1124 et
2098 1071 2297 1124 mentis
2324 1071 2538 1125 oculum
2569 1086 2596 1123 a
2629 1070 2858 1125 terrenis
2885 1068 3306 1138 cogitationibus
3332 1071 3396 1121 ad
3426 1072 3591 1124 cccle-

2008 1168 2110 1224 stia
2143 1155 2552 1238 contemplanda
2589 1169 2882 1239 erigamus.

2086 1281 2106 1316 ι
2156 1262 2282 1320 Haec
2334 1279 2458 1320 cum
2515 1265 2782 1326 dixisset.
2837 1280 2970 1320 voce
3028 1281 3219 1336 magna
3271 1265 3527 1320 clamavit
3572 1281 3588 1318 :

2011 1353 2233 1422 Lazare,
2287 1357 2408 1410 veni
2439 1355 2608 1412 foras.
2647 1375 2666 1408 ι
2709 1357 2771 1411 Ει
2807 1373 2930 1411 cum
2971 1355 3105 1410 Jairi
3152 1357 3316 1411 tiliam
3379 1357 3584 1409 cst-ita-

2010 1447 2108 1508 vit.
2136 1458 2189 1500 et
2221 1462 2340 1502 cum
2377 1449 2552 1502 vidum
2589 1448 2757 1502 illium
2803 1451 2984 1503 vivum
3021 1450 3276 1513 restituit,
3307 1463 3412 1502 non
3457 1447 3592 1517 legi-

2010 1548 2097 1592 tur
2125 1554 2256 1595 voce
2292 1555 2482 1609 magna
2515 1540 2802 1607 clamasse,
2840 1542 2932 1596 sed
2976 1556 3136 1595 manu
3169 1557 3263 1594 eos
3297 1552 3505 1603 tenens,
3537 1547 3592 1592 et

2010 1632 2218 1686 modica
2245 1647 2374 1688 usus
2401 1649 2552 1699 voce,
2592 1633 2668 1687 illi
2698 1633 2916 1704 quidem
2944 1651 2958 1688 :
2991 1653 3008 1684 ι
3047 1632 3249 1694 Puella,
3274 1649 3432 1702 surge
3464 1632 3532 1696 ",
3565 1649 3585 1683 ι

2009 1725 2133 1778 huic
2161 1738 2311 1790 vero,
2351 1742 2372 1776 ι
2420 1725 2539 1779 Tibi
2590 1727 2732 1789 diro,
2761 1743 2919 1796 surge
2955 1727 3019 1791 ⁵²,
3062 1745 3082 1778 ι
3137 1726 3223 1780 hic
3264 1740 3391 1779 vero
3427 1723 3589 1777 vehe-

2009 1819 2244 1873 mentius
2293 1817 2570 1874 clamavit.
2607 1818 2744 1886 Quid
2779 1820 2922 1874 hoc?
2955 1820 3109 1886 Quod
3153 1835 3342 1872 eorum
3377 1821 3466 1886 qui
3503 1832 3592 1871 re-

2003 1926 2134 1965 cens
2166 1922 2323 1964 erant
2359 1912 2553 1965 mortui
2591 1912 2726 1982 (99),
2762 1913 2934 1966 vicina
2956 1912 3355 1981 quodammodo
3377 1909 3588 1975 «ποτινιιί

2003 2011 2120 2056 erat
2148 2003 2326 2055 anima
2359 2003 2550 2070 (terret
2579 2004 2721 2056 enim
2757 2019 2854 2056 nos
2889 2003 3133 2056 horribili
3164 2008 3344 2069 specie
3375 2017 3472 2054 vox
3505 2000 3590 2053 illa

2005 2093 2248 2160 Patrum,
2274 2095 2415 2162 quod
2440 2095 2692 2147 nimirum
2719 2096 2785 2148 ad
2811 2094 3030 2148 tertium
3058 2109 3224 2163 usque
3247 2094 3386 2147 diem
3411 2091 3590 2145 aoima

2005 2185 2278 2253 proprium
2302 2199 2501 2254 corpus
2525 2185 2758 2255 invisit),
2795 2184 2984 2238 Lazari
3016 2201 3146 2238 vero
3181 2185 3417 2236 animum
3453 2182 3592 2233 velut

2005 2289 2034 2325 e
2080 2274 2374 2344 longinquo
2415 2275 2719 2336 revocarit,
2767 2274 3022 2329 clamavit
3071 2287 3202 2326 voce
3263 2287 3478 2338 magna.
3530 2268 3592 2320 Et

2005 2367 2258 2434 quoniam
2311 2369 2634 2437 praedixerat
2690 2367 2911 2429 Iudaeis,
2968 2385 2985 2417 ι
3028 2366 3179 2432 Quod
3231 2365 3376 2418 venit
3433 2367 3586 2421 hora,

2007 2469 2062 2512 et
2103 2474 2242 2513 nunc
2277 2468 2398 2522 est,
2455 2460 2674 2530 quando
2731 2460 2924 2514 mortui
2977 2458 3196 2512 audient
3227 2473 3410 2510 vocem
3471 2453 3585 2508 Filii

2009 2549 2141 2613 Dei,
2193 2560 2241 2602 et
2297 2550 2386 2619 qui
2445 2551 2740 2614 audierint,
2780 2550 2963 2604 vivent
2997 2549 3063 2615 ⁸³,
3111 2569 3130 2600 ι
3183 2549 3590 2618 praedictionem

2010 2641 2216 2709 implet,
2253 2648 2367 2694 tum
2415 2643 2578 2695 etiam
2634 2656 2730 2711 per
2776 2640 2938 2693 altam
2995 2640 3136 2694 illam
3188 2655 3374 2694 voccuu
3427 2641 3591 2693 vitam

2013 2731 2214 2786 homini
2258 2729 2368 2800 iam
2405 2733 2654 2802 deposito
2695 2733 2941 2798 redonat,
2979 2743 3035 2786 ut
3074 2733 3398 2800 intelligant,
3449 2733 3592 2800 quod

2009 2824 2150 2880 sicut
2179 2823 2362 2889 Pater,
2393 2825 2464 2879 ita
2513 2835 2567 2878 et
2615 2825 2805 2890 Filius,
2853 2841 2990 2893 quos
3017 2826 3129 2879 vult
3179 2827 3438 2878 viviﬁcat.
3473 2823 3595 2878 Haec

2011 2933 2115 2970 vox
2157 2916 2429 2971 resonabit
2476 2927 2724 2970 extremo
2774 2916 2882 2978 die,
2931 2925 2986 2970 et
3033 2918 3230 2970 mortui
3285 2924 3592 2984 resurgent.

2014 3007 2286 3063 Fortassis
2317 3007 2478 3062 etiam
2511 3007 2913 3074 enicat-italum,
2947 3019 3000 3062 ct
3037 3009 3166 3073 vim,
3199 3017 3252 3062 et
3299 3008 3594 3076 ponentiam

303 3093 418 3145 καὶ
440 3091 502 3144 τδ
534 3092 751 3162 ἰσχυρὸν
776 3092 868 3146 τοῦ
900 3093 1058 3161 λόγου
1092 3095 1332 3164 σημάναι
1361 3094 1692 3166 βουλόμενός
1719 3115 1906 3167 φησιν,

2014 3100 2266 3171 loquendi
2315 3101 2622 3170 signiﬁcare
2675 3099 3013 3171 Evangelista
3065 3102 3274 3167 volens,
3331 3100 3596 3154 clamasse

305 3185 397 3245 ὡς
423 3184 731 3254 ἐκραύγασε
769 3187 918 3254 φωνῇ
951 3185 1158 3257 μεγάλῃ
1179 3202 1194 3217 ο
1233 3186 1469 3258 τοσαύτη
1509 3188 1616 3256 γάρ
1654 3206 1737 3250 τις
1763 3184 1831 3258 ἦν
1854 3192 1910 3242 ἐν

307 3277 388 3344 τῇ
420 3278 573 3344 φωνῇ
605 3276 636 3343 ἡ
671 3275 843 3344 ἰσχὺς,
885 3275 1023 3328 ὥστε
1065 3275 1302 3348 παρείθη
1340 3276 1438 3341 μὲν
1480 3277 1575 3331 τοῦ
1604 3279 1730 3349 ᾆδον
1759 3281 1791 3349 ἡ
1821 3279 1912 3331 δύ-

310 3381 506 3434 ναμις,
539 3367 572 3435 ἡ
601 3365 747 3436 ψυχὴ
779 3366 836 3419 δὲ
870 3365 1064 3420 θᾶττον
1095 3369 1158 3420 ἐκ
1177 3366 1286 3419 τῶν
1308 3369 1550 3422 νεκάδων
1579 3370 1828 3440 άνέθορε,
1853 3370 1914 3423 τὸ

311 3459 379 3512 δὲ
408 3458 656 3512 διαλυθὲν
686 3461 787 3531 ήδη
821 3460 982 3531 σῶμα
1016 3461 1250 3530 ἰσχυρῶς
1280 3478 1339 3514 τε
1373 3463 1674 3532 ἐτετὸνητο,
1708 3463 1800 3516 καὶ
1829 3463 1917 3516 διὰ

1006 3588 1051 3620 ⁸⁸
1094 3587 1222 3644 Luc.
1262 3603 1360 3656 VII,
1407 3589 1494 3644 44.
1571 3591 1618 3622 ⁸⁸
1652 3589 1807 3642 Joan.
1836 3606 1888 3652 ν,
1916 3591 2005 3645 25.

396 3589 443 3621 ⁸*
475 3586 666 3643 Matth.
712 3602 792 3652 ιι,
836 3587 930 3643 25.

2011 3208 2143 3247 voce
2175 3209 2368 3261 magna
2413 3192 2563 3248 dicit.
2597 3192 2766 3247 Tanta
2797 3195 2940 3248 enim
2978 3193 3030 3247 in
3068 3193 3154 3247 illa
3190 3208 3322 3248 voce
3359 3193 3440 3247 vis
3472 3191 3594 3256 fuit,

2014 3293 2072 3338 ut
2105 3295 2158 3340 et
2189 3285 2485 3340 inferorum
2525 3287 2760 3354 potentia
2817 3285 3052 3340 refracta
3089 3285 3179 3350 sit,
3207 3294 3259 3340 et
3288 3286 3471 3340 anima
3502 3300 3597 3339 ce-

2014 3375 2201 3429 leriter
2231 3391 2294 3430 ex
2331 3377 2558 3430 mortuis
2589 3375 2890 3439 exsiluerit,
2927 3391 3125 3444 corpus
3157 3390 3282 3428 vero
3307 3375 3418 3444 jam
3449 3388 3599 3428 reso-

2017 3465 2184 3520 lutum
2215 3477 2649 3539 coagmentatum
2693 3467 2853 3522 fuerit
2884 3479 2939 3522 ct
2965 3468 3384 3532 conﬁrmatum;
3416 3465 3598 3534 itaque

1558 3707 1875 3769 Froneisci
1921 3708 2129 3769 Scorsi
2171 3718 2360 3772 notae.

318 3817 505 3873 Simul
563 3824 728 3870 etiam
779 3813 1014 3868 ostendit
1045 3829 1104 3869 se
1159 3829 1266 3868 non
1317 3814 1474 3866 modo
1531 3826 1587 3867 nt
1638 3815 1912 3867 hominem

317 3904 432 3944 non
460 3902 580 3940 esse
611 3887 947 3938 contrarium
1008 3884 1134 3938 Deo.
1177 3885 1268 3937 sed
1298 3893 1352 3934 ut
1390 3883 1479 3936 Dei
1513 3883 1706 3936 Filium
1748 3884 1823 3936 illl
1853 3899 1913 3938 se

317 3957 588 4028 a-qualem
613 3971 756 4019 esse,
787 3969 908 4028 cum
933 3953 1008 4006 ait
1045 3970 1060 4028 ς
1099 3953 1237 4028 Quia
1267 3969 1469 4022 semper
1498 3971 1576 4006 me
1600 3956 1779 4018 audis,
1813 3969 1912 4028 nec

322 4023 577 4096 indigere
631 4025 943 4096 precatione
994 4026 1059 4077 ad
1117 4023 1351 4096 Patrem,
1404 4027 1498 4078 sed
1541 4033 1764 4093 propter
1803 4027 1912 4078 cir-

321 4094 693 4155 cumstantem
729 4094 985 4165 populum
1022 4094 1205 4148 eauti.

427 4167 519 4229 99)
562 4162 942 4230 Quod—eorum,
978 4165 1070 4234 qui
1121 4181 1296 4219 recens
1343 4175 1489 4219 erant
1530 4165 1743 4217 mortui.
1799 4162 1908 4217 Cur

323 4239 580 4293 Christus
607 4251 796 4303 magna
823 4249 955 4288 voce
990 4233 1040 4287 in
1063 4237 1365 4288 revocando
1390 4238 1459 4289 ab
1482 4233 1674 4288 inferis
1704 4234 1912 4288 Lazaro

323 4323 462 4362 usus
497 4307 591 4368 sit,
619 4319 841 4358 Causam
890 4319 1009 4357 eam
1047 4304 1280 4358 aderunt
1328 4305 1591 4365 nonnulli,
1635 4320 1698 4357 ex
1736 4307 1909 4356 inter-

327 4378 610 4444 pretibus,
661 4388 820 4441 quant
855 4375 1035 4444 etiam
1094 4385 1276 4444 noster
1325 4374 1545 4428 Cornel.
1609 4390 1637 4426 a
1701 4373 1910 4440 Lapide

329 4443 520 4506 refert,
549 4455 605 4498 et
646 4444 786 4514 inter
817 4443 954 4514 alias
987 4443 1214 4508 recipit;
1254 4452 1310 4497 ut
1339 4444 1671 4514 significaret
1700 4444 1911 4514 scilicet

323 4491 392 4573 se
423 4491 660 4569 animam
715 4513 903 4566 Lazari
944 4527 1007 4566 ex
1061 4491 1354 4581 longinquo
1388 4491 1483 4567 uet
1519 4524 1728 4568 remoto
1770 4513 1910 4576 loco,
1941 4491 1993 4549 D

329 4599 389 4640 ut
422 4597 549 4654 puta
581 4600 644 4637 ex
679 4582 845 4636 limbo
876 4583 1111 4654 Patrum,
1156 4593 1209 4634 et
1248 4595 1437 4639 centro
1467 4593 1623 4654 terra:
1659 4599 1916 4654 evocare.

327 4653 775 4725 Theophylactus
833 4653 997 4725 etiam
1046 4653 1248 4725 aliquid
1306 4655 1473 4725 addit_
1509 4653 1805 4725 singulare,
1859 4664 1918 4725 ut

329 4722 592 4780 nimirum
649 4739 742 4776 ora
775 4723 1056 4792 gentilium
1103 4723 1402 4792 refrenat-et
1449 4722 1808 4778 fabulantium
1862 4723 1914 4777 in

331 4795 556 4850 tumulis
589 4808 709 4848 esse
741 4791 952 4846 animas
987 4793 1092 4846 vita
1124 4791 1500 4848 defunctorum
1540 4811 1564 4863 εί
1590 4808 1712 4846 nam
1757 4793 1914 4863 quasi

329 4867 472 4923 foris
527 4879 649 4918 eam
711 4865 941 4918 advocat
981 4867 1098 4932 iper
1161 4863 1479 4918 clamorem.
1546 4862 1916 4932 Eamdemque

331 4939 509 4993 ferme
553 4949 774 4987 causam
831 4933 917 4986 hic
977 4931 1336 5000 Theophanes
1370 4948 1491 4986 cum
1544 4934 1756 4987 caeteris
1799 4931 1918 5001 qua:

332 5004 476 5062 infra
505 5005 772 5073 congerit,
803 5003 1047 5056 adducit.
1074 5001 1180 5073 Sed
1213 5012 1265 5055 et
1300 5004 1474 5056 innuit
1526 5001 1688 5073 alium
1719 5018 1913 5070 quem-

330 5079 458 5133 dam
487 5072 726 5128 errorem
763 5074 844 5126 vel
891 5073 1088 5126 anilem
1145 5072 1416 5135 fabellam,
1461 5073 1602 5141 quod
1649 5072 1788 5126 intra
1821 5073 1916 5124 tri-

332 5151 499 5202 duum
517 5144 1129 5212 demortuornuraniuna:
1145 5144 1419 5211 pr0prium
1435 5158 1632 5210 corpus
1653 5143 1913 5212 revisant,

330 5234 400 5271 eo
429 5223 648 5285 peracto
693 5211 1273 5285 longiusahscedant.
1321 5214 1425 5285 Sed
1469 5227 1738 5285 ealn_no_n
1771 5211 1916 5265 atIir-

331 5281 534 5340 mando
562 5285 764 5345 innuit,
805 5284 899 5336 sed
942 5281 1227 5337 referendo
1276 5284 1449 5337 solum
1499 5293 1552 5336 et
1589 5282 1908 5344 dubitando,

331 5360 464 5426 quin
497 5358 660 5426 etiam
694 5353 963 5426 negando,
1005 5354 1049 5426 si
1088 5368 1184 5421 per
1217 5353 1696 5426 interrogationem
1732 5352 1916 5426 logano

333 5422 423 5480 tur
455 5440 519 5480 ea
552 5425 732 5488 verba,
759 5423 883 5476 Ὀτι
926 5422 1151 5477 ἐκείνων
1178 5423 1506 5492 προσφάτως
1550 5422 1914 5490 τεθνηκότων,

333 5511 508 5564 usque
539 5499 606 5548 ad
647 5492 1070 5564 ἐκκαλούμενος.
1103 5493 1168 5547 Et
1226 5494 1442 5562 quidem
1479 5493 1919 5564 per_interroga-

334 5561 538 5621 tionem
565 5578 691 5620 esse
740 5561 992 5632 legenda,
1023 5571 1208 5618 monet
1248 5561 1531 5630 exemplar
1563 5561 1693 5632 Gul,
1723 5562 1775 5613 in
1808 5578 1917 5630 quo

333 5636 584 5705 apposita
641 5631 993 5705 interrogatio
1044 5634 1110 5687 ad
1141 5633 1384 5705 verbum
1412 5671 1427 5696 ,
1465 5631 1912 5705 ἐκκαλούμενος,

330 5699 461 5760 licet
504 5719 622 5759 eam
671 5718 774 5757 non
808 5699 1099 5770 praeferant
1138 5703 1193 5758 P.
1239 5713 1295 5758 et
1333 5699 1399 5755 V.
1449 5704 1608 5757 codd.
1641 5699 1734 5756 sed
1783 5703 1918 5757 satis

334 5775 499 5833 habui
547 5773 708 5830 unius
759 5772 881 5829 cod.
925 5773 1343 5840 auctoritatem;
1391 5781 1448 5828 ut
1497 5786 1616 5830 eam
1665 5773 1829 5830 etiam
1861 5771 1916 5828 iu

2016 3831 2132 3868 mea
2169 3817 2408 3870 editione
2439 3830 2790 3882 apponerem.
2830 3817 2974 3884 quod
3011 3831 3139 3868 sane
3168 3831 3233 3869 ex
3270 3833 3389 3870 meo
3423 3820 3595 3873 solani

2014 3902 2196 3949 sonsu,
2237 3888 2487 3944 quamvis
2535 3887 2614 3940 sic
2666 3887 3084 3946 existimassnn,
3116 3887 3232 3936 sine
3271 3885 3374 3937 ulla
3411 3902 3600 3941 aucto-

2015 3958 2174 4008 ritate
2205 3957 2461 4021 aﬂingere
2514 3971 2618 4008 non
2653 3970 2831 4008 essem
2867 3970 3050 4008 ausus.
3090 3954 3280 4010 Frctus
3330 3958 3506 4021 itaque
3533 3975 3597 4013 ea

2009 4027 2276 4093 scriptura
2297 4025 2361 4078 G.
2388 4026 2537 4087 cod.,
2568 4025 2645 4077 sic
2671 4039 2866 4076 censeo
2896 4025 3178 4090 legendum
3211 4026 3354 4078 hunc
3381 4027 3554 4079 locum
3580 4044 3596 4092 ;

2010 4112 2132 4148 nam
2163 4105 2216 4148 et
2275 4096 2448 4148 facilis
2503 4093 2880 4165 scri_hentigest
2919 4103 3058 4147 nota}
3099 4095 3257 4147 unius
3293 4095 3598 4165 interroga-

2021 4165 2185 4219 tionis
2216 4166 2472 4230 muissio;
2510 4173 2563 4216 et
2593 4162 2977 4229 Thmphauem
3020 4165 3217 4231 alioqui
3267 4162 3526 4225 doctum,‘
3548 4177 3603 4220 et

2021 4235 2109 4302 qui
2156 4236 2281 4289 aliis
2315 4237 2506 4288 harum
2550 4233 2896 4287 homiliarum
2957 4233 3089 4286 laris
3137 4233 3339 4286 similes
3388 4235 3600 4289 fabulas

2022 4307 2224 4359 acriter
2256 4306 2492 4358 refutare
2525 4304 2681 4366 solet,
2721 4313 2777 4354 nt
2825 4304 2968 4356 hom.
3008 4304 3080 4358 55
3124 4304 3308 4356 videre
3342 4315 3448 4367 est,
3493 4322 3598 4358 non

2021 4375 2256 4430 arbitror
2294 4377 2343 4426 id
2394 4390 2457 4428 ex
2515 4389 2612 4428 suo
2662 4372 2862 4427 dixisse
2911 4388 3212 4438 consensu;
3250 4389 3372 4428 cu-u
3413 4376 3601 4441 etiam,

2023 4449 2171 4500 hom.
2215 4445 2278 4496 tle
2311 4445 2422 4498 filio
2443 4444 2616 4496 viduae
2665 4458 2834 4508 nuper
2871 4455 3101 4504 mortuo,
3141 4445 3472 4498 contrarium
3505 4447 3604 4498 do-

2021 4524 2157 4576 ceat,
2193 4516 2431 4566 animam
2481 4515 2695 4566 scilicet
2750 4512 2895 4566 illius
2947 4529 3010 4566 ex
3059 4514 3432 4568 subterraneis
3468 4515 3604 4568 locis

2021 4587 2368 4642 diversatam,
2396 4585 2462 4637 ah
2483 4585 2546 4636 iis
2566 4601 2592 4634 a
2617 4583 2836 4636 Christo
2859 4583 3019 4636 fuisse
3045 4585 3448 4639 revocatam.'0
3480 4585 3603 4651 μὲν,

2020 4655 2194 4718 inquit
2226 4654 2320 4718 ἱΙιί,
2359 4655 2491 4724 ᾆδης
2519 4652 2741 4724 ἐλέλυτο
2764 4693 2778 4714 ,
2812 4655 2843 4721 ἡ
2868 4654 2925 4706 δὲ
2953 4653 3099 4724 ψυχὴ
3129 4655 3192 4706 ἐκ
3221 4654 3329 4705 τῶν
3364 4655 3604 4706 νεκάδων

2017 4724 2262 4791 ἁνέθορε.
2299 4723 2488 4778 δοίιιιιι
2513 4737 2634 4776 sunt
2663 4723 2947 4790 inferorum
2971 4723 3204 4776 claustra
3225 4762 3239 4782 ,
3271 4731 3320 4774 et
3356 4738 3419 4776 ea:
3465 4740 3606 4776 mor-

2022 4797 2125 4849 tuis
2159 4795 2420 4861 prosilivit
2477 4795 2685 4847 anima.
2731 4793 2862 4847 Vide
2907 4809 3026 4859 quae
3088 4793 3157 4844 ibi
3225 4793 3602 4844 adnotavinms

2018 4874 2131 4920 not.
2166 4863 2260 4920 22.
2299 4863 2532 4917 Verbum
2570 4874 2748 4916 autem
2778 4863 3018 4914 δυσωπεῖ
3055 4876 3119 4915 eo
3149 4861 3327 4923 modo,
3372 4876 3479 4930 quo
3520 4871 3605 4915 est

2018 4953 2046 4988 a
2086 4936 2240 4988 nobis
2267 4937 2562 4998 redditum,
2601 4942 2894 4998 usurpatur
2938 4931 3005 4984 ab
3053 4931 3176 4984 aliis
3225 4932 3602 4998 scriptoribus,

2017 5015 2075 5059 ut
2109 5023 2135 5056 a
2171 5004 2463 5058 Plutarcho
2511 5006 2563 5055 in
2599 5003 2797 5055 Solone
2829 5019 2843 5054 :
2879 5011 2932 5054 et
2985 5000 3206 5070 etymol.
3250 5003 3479 5066 suadet;
3514 5003 3602 5054 di-

2019 5078 2160 5129 citur
2215 5077 2360 5127 enim
2417 5089 2444 5126 a
2488 5072 2860 5142 contrahenda
2908 5070 3115 5142 rfrngte,
3168 5072 3603 5142 nimirum‘qnia

2025 5145 2332 5212 hujnsmodi
2373 5142 2562 5204 κακῶς
2620 5141 2964 5212 έχουσιγτοὶις
2997 5133 3174 5202 ὦπας.
3208 5133 3607 5212 ΕιγιιιοΙ.ἰἰιο-

2019 5211 2182 5280 gnum
2227 5212 2617 5274 δυσωπεῖσθαι,
2655 5211 2990 5278 ὑφορᾶσθαι,
3013 5211 3294 5278 φοϐεῖσθαι
3328 5212 3444 5272 μεθ’
3473 5211 3604 5262 ύπου

2019 5285 2190 5349 νοίας,
2222 5284 2409 5337 terreri
2438 5297 2532 5347 per
2555 5283 2790 5348 aliquam
2812 5282 3197 5349 suspicionem.
3228 5282 3300 5332 lix
3324 5281 3423 5333 hoc
3443 5281 3607 5342 igitur

2021 5348 2294 5408 intellectu
2325 5353 2540 5407 Videtur
2571 5352 2644 5404 ita
2689 5350 3075 5418 propemodum
3106 5348 3468 5416 Theophanes
3511 5365 3605 5414 per

2024 5425 2166 5476 illam
2211 5419 2945 5494 parenthesinrloqui;Hic
2993 5434 3022 5473 a
3073 5419 3322 5494 Panibus
3367 5420 3608 5494 traditos

2022 5495 2178 5547 nobis
2211 5489 2412 5555 sermo,
2446 5490 2605 5542 veluti
2642 5491 2916 5560 quoddam
2951 5491 3158 5557 puerile
3193 5489 3608 5560 terriculamen-

2023 5574 2134 5616 tum
2176 5573 2232 5618 et
2283 5562 2604 5631 φάντασμα,
2633 5558 2730 5614 nos
2764 5571 3026 5622 enerret,
3079 5558 3222 5628 quod
3243 5560 3316 5631 ad
3369 5559 3603 5611 triduum

2021 5648 2194 5700 usque
2247 5628 2444 5687 animae
2498 5631 2737 5687 inviSant
2784 5644 3038 5700 corpora,
3081 5643 3110 5682 a
3161 5628 3363 5698 quibus
3407 5642 3605 5683 exces-

2020 5713 2214 5760 sertnt.
