4018 6206
263 326 376 395 541

1599 328 1847 390 HOMIL
1858 328 1933 388 [A
1970 328 2184 391 XXVI.

3432 322 3541 390 559.

262 444 705 516 παραλαϐούσας
748 445 871 516 μεθ’
910 447 1122 502 ἑαυτῶν
1176 448 1253 512 ὡς
1288 447 1575 511 Ἰουδαίους
1618 447 1854 516 συνθρη-

1975 447 2232 512 :onvenit,
2265 445 2481 515 quoties
2514 443 2566 497 in
2603 453 2834 519 mortem
2862 439 3066 508 peccati
3100 439 3346 509 prolapsa
3383 453 3538 495 mens

263 537 499 601 νοῦντας
532 538 632 607 τὴν
668 538 780 591 τῶν
814 540 1198 609 ὲπταισμὲνων
1233 539 1642 613 ἐξομολόγησιν.
1680 538 1854 592 Τοῦτο

265 629 382 699 γὰρ
407 630 740 699 σημαίνεται
762 631 851 684 διὰ
873 631 964 685 τοῦ
998 633 1255 687 Ἰουδαίου
1278 634 1566 703 ὀνόματος,
1590 632 1854 685 Κλαίουσι

265 724 382 791 γὰρ
404 725 763 791 ἐπιστήσεται
788 726 1008 790 πάντως
1029 727 1058 778 ὁ
1086 727 1309 797 Κύριος,
1337 730 1429 781 καὶ
1452 728 1539 782 διὰ
1563 726 1656 780 τοῦ
1682 728 1856 794 Εὐαγ-

266 815 459 881 γε).ίου
492 816 755 884 φωνήσει,
786 818 881 871 καὶ
912 820 1009 887 τὴν
1041 818 1301 890 πώρωσιν
1331 821 1475 889 ἀρεῖ,
1510 821 1603 872 καὶ
1634 819 1854 872 καλέσει

270 905 381 971 ἔξω
408 906 506 960 τοῦ
541 906 838 977 πτώματος
867 910 958 963 τὸν
987 911 1213 979 νεκρὸν,
1244 913 1339 964 καὶ
1373 912 1736 982 ἀνενέργητον
1770 911 1857 981 μὲ-

269 1015 435 1053 νοντα
469 1002 528 1053 ἐν
555 1003 678 1063 ταῖς
707 1002 971 1071 τέσσαρσι
1006 1006 1368 1070 φωτιστικαῖς
1399 1004 1652 1075 ἀρεταῖς,
1686 1001 1762 1065 ὡς
1790 1001 1857 1056 ἂν

271 1093 374 1163 τὴν
418 1092 756 1157 ὲπιζέσασαν
798 1094 1074 1164 ἁμαρτίαν
1118 1094 1572 1164 ἐκτιναξάμενος,
1616 1096 1710 1148 καὶ
1755 1094 1859 1148 ὑπὸ

276 1182 529 1249 ἀγγέλων
571 1184 667 1237 καὶ
712 1184 908 1252 ἱερέων
945 1183 1151 1248 λυθεὶς,
1195 1186 1476 1249 συνέστιος
1518 1185 1596 1255 τῷ
1642 1185 1859 1255 Σωτῆρι

275 1273 507 1343 γένηται
543 1276 645 1342 τὴν
664 1275 866 1341 γνῶσιν
901 1278 999 1345 τῆς
1044 1276 1207 1345 ἁγίας
1246 1276 1480 1348 Τριάδος
1526 1277 1855 1347 μυούμενος,

272 1364 372 1416 καὶ
403 1365 540 1434 πρὸς
570 1365 660 1417 τὸν
690 1366 906 1437 ἐκείνης
938 1366 1102 1420 πόθον
1130 1368 1438 1439 ὁλοσχερῶς
1469 1368 1855 1438 ἐπειγόμενος,

270 1455 358 1508 ὅτι
395 1458 529 1525 αὐτῇ
565 1457 768 1527 πρέπει
795 1459 929 1529 τιμὴ
962 1460 1056 1513 καὶ
1086 1459 1213 1528 δόξα
1246 1461 1325 1524 εἰς
1356 1461 1483 1525 τοὺς
1518 1460 1725 1524 αἰῶνας
1751 1460 1860 1514 τῶν

271 1547 513 1603 αἰώνων.
556 1549 757 1622 Ἀμήν.

877 1749 1123 1807 unum
1161 1751 1305 1821 κεῖν.
1347 1787 1369 1819 ,

275 1866 390 1932 Εις
426 1863 543 1933 τὴν
575 1865 913 1934 Baros;de
946 1867 1184 1939 ἑορτήν.
1221 1899 1292 1939 e—
1333 1869 1585 1939 Ἐλέχθη
1610 1867 1679 1922 δὲ
1716 1866 1862 1922 ἑνώ-

705 1951 847 1990 πιον
878 1939 983 1991 τοῦ
1012 1937 1206 2007 eum
1245 1938 1480 2010 Ῥότου.

346 2051 557 2122 Φαιδρὰ
588 2051 691 2121 τῆς
728 2052 1010 2124 παρούσης
1044 2054 1240 2125 ἑορτῆς
1273 2055 1305 2123 ή
1344 2055 1684 2118 συνέλευσις,
1719 2054 1865 2122 λαμ-

277 2143 399 2210 πρὶι
424 2146 523 2213 τῆς
555 2144 918 2216 πανηγύρεως
947 2146 981 2211 ή
1013 2145 1377 2215 συνάθροισις,
1403 2141 1490 2201 οἷά
1515 2163 1636 2202 τινα
1662 2145 1865 2216 κόσμον

277 2234 442 2288 ἄλλον
485 2237 796 2304 συνάγουσα
832 2238 933 2308 τὴν
970 2238 1066 2291 τοῦ
1108 2238 1377 2309 βασιλέως
1421 2238 1765 2309 προέλευσιν,
1807 2235 1866 2298 ὃς

279 2330 480 2399 δρᾶται
518 2327 616 2382 νῦν
674 2330 1119 2400 προκαθήμενος,
1164 2330 1225 2383 οὑ
1267 2329 1523 2384 τοσοῦτον
1563 2329 1640 2400 τῷ
1680 2330 1866 2402 διαδή-

283 2438 423 2489 ματι
443 2460 459 2481 ,
492 2422 616 2474 ὅσον
645 2424 759 2485 τοῖς
794 2420 1187 2493 κατορθώμασι
1221 2423 1650 2493 φαιδρυνόμενος
1674 2441 1687 2455 ·
1729 2424 1867 2493 μᾶ).-

278 2513 375 2565 λον
405 2513 463 2565 δὲ
494 2513 555 2566 οὑ
582 2514 836 2568 τοσοῦτον
861 2518 975 2578 τοῖς
1005 2514 1453 2588 κατορθώμασιν,
1481 2516 1607 2569 ὅσον
1635 2518 1701 2586 τῇ
1732 2515 1870 2586 πρὸς

280 2602 421 2655 Θεὸν
473 2605 658 2656 πίστει
712 2605 1154 2675 κρατυνάμενος,
1189 2604 1261 2660 δι’
1302 2600 1371 2678 ἧς
1402 2605 1676 2659 τοσούτων
1731 2623 1868 2660 κατ-

281 2694 633 2764 ορθωμάτων
666 2695 894 2764 γέγονεν
956 2696 1283 2765 αὐτουργός.
1356 2696 1421 2749 Ἠ
1454 2695 1556 2767 μιν
1585 2694 1679 2748 οὖν
1709 2696 1871 2767 ἑορτὴ

282 2785 441 2840 δυσὶν
480 2785 827 2858 αύγαζομένη
879 2790 1276 2859 μαρμαρυγαῖς
1303 2826 1317 2853 ,
1364 2787 1482 2842 θεία
1519 2786 1579 2840 τέ
1619 2789 1738 2841 ἐστι
1777 2788 1871 2841 καὶ

284 2879 570 2950 βασιλική.
596 2874 691 2941 Οἷς
724 2880 823 2950 μὲν
849 2880 956 2950 γὰρ
984 2880 1081 2952 τὴν
1107 2879 1375 2952 σωτήριον
1403 2879 1709 2950 προμηνύει
1737 2878 1870 2935 ανά-

286 2989 515 3036 στασιν,
562 2973 658 3028 καὶ
696 2973 795 3044 τὴν
834 2974 928 3028 τοῦ
977 2974 1213 3028 θανάτου
1262 2973 1595 3038 κατάλυσιν,
1638 2974 1733 3027 καὶ
1770 2971 1869 3043 τὴν

283 3063 449 3135 ἡμῶν
477 3063 881 3131 ἐπανόρθωσιν,
914 3064 1125 3128 θεῖκαῖς
1163 3065 1346 3118 ἀκτῖσι
1386 3060 1740 3134 πυρσεύεται.
1775 3059 1871 3126 Οἷς

1961 552 2039 595 est
2067 557 2083 594 :
2112 550 2165 594 et
2193 538 2410 609 quidem
2442 537 2595 606 quasi
2622 535 3016 602 complorantes
3046 532 3259 587 Judaeos
3290 539 3542 601 peccato-

1962 649 2079 686 rum
2115 631 2372 685 adbibere
2405 628 2801 683 confessionem
2835 644 2850 678 :
2888 627 2989 679 hoc
3019 626 3159 678 enim
3208 640 3304 693 per
3345 636 3536 677 nomen

1960 725 2266 780 Iudaeorum
2301 722 2376 792 (ἕ)
2410 722 2823 787 interpretatum
2862 728 2963 772 est.
3004 716 3348 769 Plorantibus
3395 716 3536 768 enim

1963 815 2133 868 aderit
2166 812 2385 867 omnino
2418 810 2696 874 Dominus,
2735 817 2787 862 et
2825 823 2920 876 per
2948 805 3295 872 Evangelium
3333 806 3541 857 clama-

1964 906 2062 968 bit,
2096 919 2157 959 ac
2187 903 2437 958 duritiem
2485 902 2675 955 animm
2704 900 2871 961 tollet,
2919 908 2971 953 et
3008 907 3275 950 mortuum
3321 913 3347 946 a
3384 895 3535 960 lapsu

1963 997 2263 1059 revocabit,
2290 1011 2521 1064 eumque
2573 994 2662 1064 qui
2696 992 2899 1046 nullum
2932 990 3220 1044 exercebat
3248 1003 3381 1056 opus
3409 1002 3542 1055 qua-

1966 1098 2087 1143 tuor
2114 1087 2322 1141 illarum
2354 1088 2634 1150 virtutum,
2661 1099 2777 1145 qua:
2803 1081 3136 1136 illuminnndi
3162 1080 3268 1132 vim
3297 1079 3495 1132 habent
3521 1092 3540 1131 :

1966 1190 2025 1235 ut
2075 1190 2418 1250 peccatorum
2486 1191 2712 1232 excussa
2767 1173 3069 1244 putredine,
3121 1181 3176 1226 et
3224 1171 3291 1224 ab
3341 1168 3543 1236 angelis

1965 1270 2443 1341 sacerdotibusque
2482 1268 2726 1323 absoluta
2786 1265 2838 1319 in
2891 1262 3186 1318 Salvatoris
3237 1258 3540 1315 convivium

1967 1363 2279 1432 recipiatur.
2311 1363 2377 1415 ad
2417 1359 2771 1416 sanctissima:
2803 1356 3032 1412 Triados
3063 1352 3424 1421 cognitionem
3460 1351 3545 1404 iu-

1967 1457 2236 1517 trodttcta,
2273 1462 2436 1522 atque
2486 1452 2551 1505 ad
2603 1450 2720 1519 ejus
2768 1463 3005 1502 amorem
3059 1445 3263 1499 viribus
3296 1441 3545 1496 omnibus

1968 1545 2326 1611 contendens,
2355 1545 2440 1600 cui
2469 1543 2723 1599 convenit
2759 1543 2931 1595 honor
2973 1548 3028 1594 et
3064 1537 3232 1607 gloria
3267 1536 3318 1590 iu
3348 1534 3544 1589 saecula

1969 1637 2312 1694 saeculorum.
2353 1635 2549 1691 Amen.
3526 1630 3531 1635 ’

2503 1761 2789 1820 ιιοιιιιιΑ
2827 1759 3015 1815 XXVI.

1969 1880 2038 1936 1η
2101 1880 2485 1937 solemnitatem
2553 1874 2987 1930 l’almarum.——
3019 1870 3173 1925 Dicta
3226 1877 3302 1923 est
3366 1881 3545 1921 coram

2538 1962 2653 2017 rege
2696 1944 2842 2013 Rogo
2878 1942 2979 2013 (5).

2042 2063 2186 2118 Laeta
2221 2062 2447 2129 hujusce
2474 2059 2580 2114 diei
2613 2056 2737 2113 festi
2775 2053 3079 2114 celebritas,
3114 2049 3308 2104 nobilis
3332 2054 3388 2101 et
3418 2059 3547 2099 con-

1972 2159 2107 2215 ferta
2134 2156 2437 2226 frequentia
2464 2151 2764 2215 eoneiouis,
2791 2149 2876 2203 cui
2903 2147 2969 2200 ad
2994 2142 3374 2200 conferendum
3401 2136 3544 2193 aliud

1972 2256 2351 2306 ornamentum
2402 2241 2752 2315 imperatoris
2798 2238 3039 2294 accessio
3091 2234 3230 2290 facta
3277 2242 3358 2287 est
3400 2250 3417 2286 :
3453 2227 3545 2298 qui

1975 2342 2120 2397 nunc
2144 2337 2559 2408 conspiciendus
2573 2334 2742 2397 sedet,
2767 2347 2871 2387 nou
2901 2338 3009 2385 tam
3038 2327 3358 2388 diademate,
3383 2337 3545 2393 quam

1975 2428 2137 2492 claris
2173 2430 2505 2487 facinoribus
2550 2429 2855 2482 enitescens
2883 2440 2897 2477 :
2930 2436 3023 2476 seu
3070 2417 3248 2487 potius
3291 2432 3397 2471 non
3436 2423 3544 2468 tam

1976 2527 2138 2582 rebus
2178 2522 2439 2594 praeclare
2469 2520 2659 2589 gestis,
2689 2530 2853 2587 quam
2891 2514 2996 2568 fide
3037 2512 3090 2565 in
3128 2509 3295 2565 Deum
3341 2506 3548 2575 pollens

1976 2627 2296 2688 potensque.
2336 2628 2436 2683 per
2481 2625 2643 2680 quam
2692 2616 2836 2663 tanta
2886 2605 3125 2660 facinora
3180 2617 3276 2670 per
3323 2614 3384 2654 se
3435 2600 3548 2667 ipse

1977 2708 2125 2764 fecit.
2177 2707 2420 2762 Praesens
2470 2703 2635 2773 igitur
2685 2700 2906 2763 festum,
2940 2695 3213 2765 duplicato
3264 2690 3549 2761 splendore

1976 2799 2324 2860 illustratum,
2377 2805 2432 2850 et
2477 2793 2719 2848 divinum
2748 2800 2804 2846 et
2837 2787 3239 2859 imperatorium
3269 2791 3373 2839 est.
3399 2782 3547 2848 Qua-

1976 2902 2134 2947 tenus
2158 2888 2302 2944 enim
2333 2886 2625 2942 salutarem
2653 2880 2858 2942 Domini
2887 2877 3378 2940 Resurrectionem,
3405 2887 3551 2928 mor-

1976 2985 2156 3050 lisque
2184 2979 2576 3045 depulsionem,
2607 2990 2670 3030 ac
2701 2984 2940 3028 nostram
2978 2968 3372 3024 restitutionem
3407 2977 3549 3033 prae-

1976 3076 2228 3139 nuntiat,
2281 3071 2480 3127 divinis
2525 3066 2805 3138 praifulget
2850 3063 3062 3119 radiis:
3101 3070 3368 3131 quatenus
3416 3070 3549 3112 vero

283 3154 343 3206 δὲ
381 3153 640 3217 ποικίλως
671 3153 841 3227 αὐτὴν
870 3156 899 3208 ό
933 3153 1163 3225 εὐσεϐὴς
1200 3154 1453 3224 βασιλεὺς
1486 3154 1871 3224 κατεκόσμησε

1979 3164 2310 3223 multimodis
2365 3162 2498 3218 illud
2549 3159 2670 3229 pius
2721 3158 3023 3225 imperator
3070 3160 3297 3208 exornat
3347 3157 3402 3204 et
3451 3162 3551 3207 sua

285 3248 355 3316 τῇ
397 3245 563 3299 αὑτοῦ
585 3246 880 3319 παρουσίᾳ,
916 3249 984 3315 τῇ
1021 3246 1131 3301 τῶν
1164 3246 1474 3317 ἀρχιερέων
1514 3246 1767 3318 ὲνδημίᾳ,
1804 3247 1875 3316 τῇ

283 3337 388 3391 τοῦ
421 3339 625 3410 κλήρου
650 3339 913 3410 ὑμνῳδίᾳ,
944 3342 1009 3410 τῇ
1037 3338 1360 3409 παμπληθεῖ
1390 3337 1740 3409 δημαγωγία,
1776 3337 1873 3408 βα-

286 3432 477 3503 σιλική
516 3433 665 3485 ἐστιν
696 3435 731 3504 ή
768 3435 1099 3503 πανήγυρις.
1132 3433 1229 3496 Τίς
1263 3429 1357 3487 οὖν
1393 3432 1546 3486 ἔσται
1585 3449 1676 3503 μοι
1716 3433 1871 3497 λόγος

289 3523 432 3594 πρὸς
466 3523 708 3594 ἑκάτερα
749 3523 1128 3595 μεριζόμενος,
1166 3524 1261 3577 καὶ
1294 3522 1373 3592 τῷ
1415 3523 1609 3591 ἑορτῆς
1655 3522 1875 3591 μεγέθει

287 3616 656 3685 κατάλληλος,
685 3617 780 3669 καὶ
811 3615 1064 3686 βασιλικῇ
1097 3616 1224 3687 δόξῃ
1255 3614 1546 3684 ἁρμόδιοςς
1578 3613 1653 3677 ὡς
1685 3612 1780 3666 νῦν
1809 3630 1873 3681 γε

288 3709 486 3780 τρέμω
530 3708 624 3762 καὶ
670 3709 906 3774 δέδοικα,
952 3709 1137 3779 ἱδρῶτι
1186 3711 1531 3781 ῥαινόμενος,
1579 3708 1675 3761 καὶ
1724 3706 1875 3777 φόσῳ

289 3802 689 3877 κρατούμενος,
737 3804 831 3856 καὶ
872 3803 1045 3874 δειλίᾳ
1088 3802 1370 3872 ἐχόμενος,
1416 3802 1511 3855 καί¹
1556 3802 1659 3871 τὴν
1697 3798 1875 3873 ψυχὴν

290 3896 724 3966 δειλαινόμενος.
760 3898 852 3950 καὶ
884 3896 974 3950 τὸν
1006 3895 1130 3950 νοῦν
1162 3896 1585 3969 κραδαινόμενος
1604 3936 1617 3959 ,
1651 3893 1747 3947 καὶ
1776 3892 1876 3964 τὴν

291 3990 528 4061 καρδίαν
561 3990 925 4059 παλλόμενος,
958 3990 1055 4043 καὶ
1082 3990 1182 4059 τῆς
1218 3989 1405 4059 φωνῆς
1433 3988 1527 4041 τὸν
1556 3989 1710 4041 τόνον
1743 3988 1876 4041 ἀνα-

290 4082 667 4152 κοπτόμενος,
709 4083 791 4136 ὅτι
837 4082 1147 4151 βασιλικαῖς
1188 4083 1380 4144 ἀκοαῖς
1421 4079 1677 4134 ὑπαντλῶ
1718 4079 1878 4148 λόγον

290 4174 542 4245 ἁλμυρόν
581 4191 636 4227 τε
678 4176 773 4228 καὶ
811 4175 1030 4229 ἄποτον.
1067 4173 1211 4227 Ἀλλ’
1243 4173 1544 4243 ἐπειδήπερ
1584 4174 1616 4241 ή
1656 4188 1878 4243 χριστο-

294 4267 539 4339 μίμητος
576 4266 878 4336 γαληνότης
911 4266 1004 4320 τοῦ
1043 4265 1281 4337 κράτους
1320 4282 1414 4319 σου
1464 4263 1735 4333 τοσαύτην
1774 4265 1876 4318 ἐπ-

289 4355 542 4420 εδείξατο
579 4356 1010 4422 συγκατάόασιν,
1036 4356 1112 4417 ὠς
1148 4356 1387 4424 ἐπήκοον
1426 4354 1616 4407 ἑαυτὸν
1654 4353 1878 4407 καθίσαι

290 4451 408 4503 τῶν
435 4447 697 4517 ἀμούσων
724 4447 882 4518 ήμῶν
912 4447 1118 4515 λόγων,
1149 4449 1244 4499 καὶ
1280 4447 1446 4516 μηδὲν
1473 4446 1713 4517 ἐχόντων
1744 4445 1875 4515 ὲράο

297 4560 488 4613 σμιον,
529 4541 637 4595 ἰδού
682 4558 762 4594 σοι
806 4541 899 4594 καὶ
945 4540 1127 4606 πάλιν,
1165 4539 1239 4602 ὡς
1281 4539 1486 4610 δασμὸν
1527 4539 1742 4611 ἐτήσιον
1784 4537 1876 4591 τὸν

254 4682 261 4687 .
295 4635 460 4702 λόγον
498 4635 870 4704 προσάγομεν.
924 4631 1087 4684 Ἀλλὰ
1138 4632 1238 4713 τας
1278 4630 1378 4699 μὲν
1416 4631 1517 4694 σὰς
1553 4630 1789 4703 ἀρετὰς,
1830 4622 1876 4683 ὦ

298 4722 549 4795 βασιλεῦ,
586 4722 680 4775 καὶ⁵
716 4724 813 4784 τὰς
849 4722 1007 4785 νίκας
1042 4723 1140 4783 τὰς
1182 4723 1245 4774 ὲκ
1284 4720 1443 4782 Θεοῦ,
1487 4722 1583 4775 καὶ
1621 4720 1717 4784 τὰς
1752 4725 1875 4793 ἀρι-

298 4815 520 4876 στείας,
553 4814 646 4867 καὶ
674 4816 741 4866 τὰ
768 4816 1001 4883 τρόπαια
1030 4811 1188 4874 ἄλλος
1218 4810 1409 4879 καιρὸς
1438 4813 1533 4864 καὶ
1567 4813 1881 4882 συγγραφαὶ

294 4907 634 4975 διηγήσαντο
686 4906 779 4958 καὶ
809 4904 1196 4974 διηγήσονται·
1227 4904 1320 4955 καὶ
1346 4904 1427 4955 ὅτι
1461 4902 1695 4972 μάλιστα
1724 4904 1783 4956 τὸ
1813 4904 1882 4957 τὰ

300 4999 375 5050 σὲ
406 4998 743 5068 διηγεῖσθαι,
777 4997 976 5050 ταύτόν
1011 4998 1128 5050 ἐστι
1168 4997 1388 5065 μετρεῖν
1423 4994 1625 5067 κοτύλῃ
1653 4993 1751 5064 τὴν
1785 4993 1882 5047 θά-

298 5090 529 5145 λασσαν.
559 5090 674 5144 Νῦν
699 5090 757 5144 δὲ
788 5090 915 5159 περὶ
943 5089 1043 5157 τῆς
1075 5087 1270 5159 ἑορτῆς
1301 5089 1329 5139 ὁ
1359 5085 1518 5156 λόγος
1550 5085 1848 5140 θιασευέτω
1868 5128 1884 5155 ,

1975 3259 2287 3333 praesentia,
2322 3264 2377 3311 et
2424 3253 2954 3323 archiepiscoporum
3004 3248 3261 3311 adventu,
3293 3253 3349 3301 et
3395 3256 3552 3299 sacro

1974 3355 2106 3413 cieri
2139 3361 2429 3414 concentu,
2464 3356 2522 3403 et
2563 3346 2745 3402 omnis
2790 3343 2970 3415 populi
3007 3348 3331 3409 congregata
3368 3334 3551 3391 multi-

1979 3447 2183 3510 tudine,
2216 3439 2559 3510 imperatoria
2603 3435 2894 3509 panegyris
2914 3445 3017 3490 est.
3050 3434 3181 3499 Ome
3220 3430 3384 3496 igitur
3418 3426 3549 3483 mihi

1976 3555 2074 3611 par
2106 3536 2322 3605 utrique
2354 3532 2531 3589 oratio
2560 3537 2832 3600 suppetet,
2858 3538 2914 3581 et
2947 3527 3048 3582 diei
3086 3523 3247 3595 184
3278 3521 3400 3577 festi
3432 3534 3550 3573 ma-

1976 3628 2263 3701 gnitudini,
2291 3636 2345 3679 et
2374 3622 2739 3694 imperatoriae
2773 3634 3009 3690 congrua
3057 3612 3362 3685 majestati?
3389 3626 3549 3683 quam

1979 3737 2121 3779 nunc
2146 3721 2308 3775 timeo
2333 3729 2384 3775 et
2411 3717 2796 3778 contremisco,
2832 3715 3028 3767 sudore
3057 3724 3329 3776 aspersus,
3355 3720 3555 3776 pavore

1976 3822 2309 3882 occupatus,
2362 3806 2662 3864 reverentia
2721 3805 3005 3867 detentus,
3065 3809 3290 3867 pavcnte
3338 3796 3551 3858 anima,

1978 3914 2205 3963 nutante
2227 3912 2426 3963 mente,
2446 3911 2499 3955 et
2519 3899 2685 3956 corde
2701 3895 3057 3959 subsultaute,
3075 3890 3373 3946 intercluso
3388 3888 3551 3940 etiam

1982 3995 2130 4050 vocis
2179 4009 2336 4058 sono,
2383 3990 2526 4061 quod
2580 3986 2922 4058 imperatoris
2970 3984 3194 4038 auribus
3242 3993 3552 4035 sermonem

1978 4083 2141 4142 veluti
2175 4080 2445 4149 salsugine
2476 4092 2741 4140 amarum,
2773 4085 2828 4131 et
2862 4073 3010 4145 potui
3051 4084 3394 4140 nequaquam
3439 4067 3556 4121 ido-

1979 4192 2138 4233 neum
2174 4173 2387 4229 baurio.
2420 4170 2528 4225 Sed
2569 4167 2846 4238 quoniam,
2883 4181 3002 4237 qua:
3046 4165 3187 4218 inest
3231 4162 3285 4217 in
3316 4159 3552 4231 potentia

1980 4279 2069 4326 tua
2102 4265 2387 4327 serenitas,
2420 4263 2486 4317 ad
2515 4259 2718 4317 Christi
2767 4256 3121 4313 imitationem
3154 4268 3218 4310 eo
3259 4268 3429 4321 usque
3463 4250 3559 4304 dc-

1980 4358 2212 4425 scendit,
2258 4362 2573 4423 tantamque
2625 4365 2736 4422 prae
2785 4365 2845 4406 se
2881 4347 3265 4403 demissionem
3310 4345 3452 4407 tulit,
3500 4353 3561 4398 ut

1984 4446 2339 4511 inconcinna),
2378 4446 2619 4515 nihilque
2655 4441 2972 4499 delectabile
3017 4440 3269 4495 habentis
3298 4437 3563 4492 orationis

1987 4558 2121 4598 mea:
2156 4551 2206 4595 te
2250 4538 2547 4610 prtebucris
2594 4536 2917 4596 auditorem,
2959 4548 3087 4589 ecce
3136 4531 3227 4586 tibi
3267 4546 3473 4594 rurstls,
3505 4535 3563 4582 ut

1984 4649 2223 4689 annuum
2256 4632 2517 4686 tributum
2542 4629 2841 4684 orationem
2874 4627 3173 4682 alferimus.
3207 4622 3403 4679 Verum
3442 4631 3561 4674 luas

1985 4729 2234 4793 virtutes,
2288 4725 2604 4793 imperator,
2655 4731 2709 4777 et
2758 4722 3018 4775 victorias
3063 4733 3094 4771 a
3147 4718 3253 4770 Deo
3288 4716 3460 4768 datas.
3502 4720 3559 4765 et

1984 4818 2238 4887 praeclara
2274 4815 2541 4880 facinora,
2568 4823 2622 4870 et
2664 4824 2863 4882 tropaea
2894 4809 3037 4865 aliud
3077 4817 3304 4874 tempus.
3340 4814 3392 4857 et
3420 4804 3559 4855 scri-

1980 4922 2168 4979 ptores
2218 4908 2308 4962 alii
2355 4908 2699 4962 celebravere
2754 4905 3053 4964 hactenus,
3105 4906 3159 4951 et
3207 4893 3561 4949 celebrabunt

1982 5002 2234 5070 quidem;
2280 4998 2581 5069 prmsertim
2635 5012 2757 5049 cum
2812 5005 2900 5046 tua
2951 5001 3273 5059 percensere
3320 4984 3560 5039 facinora

1982 5089 2122 5144 idem
2154 5089 2242 5154 sit,
2273 5103 2337 5142 ac
2372 5088 2584 5145 hemina
2635 5097 2782 5139 mare
2827 5080 3059 5135 dimetiri
3097 5078 3196 5150 (ϐ).
3240 5075 3392 5132 Nunc
3432 5085 3560 5128 vero

1537 5218 1864 5283 Francisci
1897 5221 2106 5283 Scorsi
2147 5227 2333 5284 ηοιω.

378 5351 454 5422 (ό)
500 5349 603 5422 Per
623 5365 808 5422 nomen
831 5347 1163 5422 Judrrorum:
1200 5346 1396 5422 aperta
1417 5352 1469 5398 ct
1494 5352 1640 5422 certa
1676 5343 1880 5422 notatio

300 5415 562 5479 dictionis
588 5420 747 5480 huius
768 5417 927 5472 Juda.
956 5417 1105 5471 Unde
1131 5415 1337 5482 Judaei;
1371 5431 1400 5468 a
1434 5416 1598 5469 Verbo
1625 5415 1770 5468 enim
1792 5421 1887 5472 m1

300 5492 554 5552 confiteri
580 5497 734 5549 mw
762 5488 1028 5542 Jeliudab.

376 5563 463 5632 (5)
508 5561 661 5632 Dicta
683 5569 755 5632 est
789 5576 990 5632 eorum,
1034 5567 1138 5611 etc.
1179 5555 1310 5632 Haec
1331 5555 1645 5632 epigraphe,
1680 5569 1799 5621 quae
1833 5553 1887 5607 iu

302 5624 542 5699 utroque
572 5629 639 5683 ν.
671 5630 733 5683 C.
765 5639 819 5683 et
851 5627 990 5687 aliis.
1023 5639 1247 5699 excepto
1271 5624 1440 5699 Gali;
1461 5624 1889 5699 liabetur,‘quo-

301 5695 470 5761 modo
496 5702 568 5754 sit
598 5700 917 5768 corrigenda
947 5709 1004 5752 et
1028 5696 1365 5768 accipienda,
1392 5704 1447 5747 et
1478 5695 1546 5747 de
1575 5706 1682 5768 quo
1713 5695 1889 5762 impc-

302 5784 496 5832 ratorc
516 5772 571 5827 in
603 5765 772 5837 hujus“
792 5769 1025 5825 humilia:
1054 5765 1279 5824 exordio
1312 5773 1521 5837 agatur,
1560 5765 1888 5835 disputatum

1987 5353 2070 5400 est
2111 5342 2349 5398 Prooem.
2399 5342 2465 5407 ll,
2492 5341 2519 5413 §
2546 5339 2611 5413 6.7
2632 5338 2720 5393 ubi
2758 5341 2822 5393 de
2865 5347 3106 5413 tempore
3134 5352 3243 5407 quo
3282 5336 3371 5391 hic
3397 5333 3560 5390 Cera-

1993 5429 2146 5468 tneus
2183 5415 2385 5477 floruit,
2421 5410 2742 5481 agitavimus
2760 5410 3133 5481 qtr:r3t_i0ttettt.

2060 5482 2138 5554 (Β)
2184 5476 2408 5537 Hemina
2438 5476 2585 5554 more
2611 5476 2862 5554 dimetiri.
2892 5479 3135 5554 ‘Dehoc
3177 5476 3371 5554 adagio
3401 5484 3454 5554 et
3487 5478 3561 5531 si-

1991 5548 2334 5621 gnificatione
2370 5552 2603 5605 nominis
2657 5549 2837 5617 hujus,
2880 5551 3110 5612 hemina,
3157 5548 3269 5621 dixi
3308 5548 3558 5621 addnorn.

1991 5614 2045 5686 Ζ,
2080 5631 2194 5678 not.
2225 5622 2315 5689 78,
2351 5623 2438 5675 ubi
2478 5636 2599 5691 quae
2643 5614 2775 5691 pars
2815 5632 3083 5691 mensura:
3131 5619 3203 5674 sit
3247 5614 3471 5689 κοτύλη.
3509 5626 3561 5671 et

1992 5694 2235 5759 hemina,
2274 5688 2434 5763 quam
2466 5688 2687 5749 consule
2732 5688 2778 5747 si
2818 5689 2970 5747 libet.
