4018 6206
277 187 396 252 545

1657 196 1991 258 IIOMILIA
2030 199 2241 262 XXVI.

3447 204 3552 267 516

274 300 704 374 ἐνανθρώπησιν
733 320 749 337 ο
808 303 972 359 τοῦτο
1030 306 1140 376 γὰρ
1198 307 1229 377 ἡ
1283 307 1423 363 Σιὼν
1473 309 1859 381 ἑρμηνεύεται.

1975 310 2098 368 Ηωο
2127 327 2318 382 nempe
2359 321 2445 367 est
2478 309 2660 366 Sionis
2697 309 3080 380 interpretatio
3123 312 3225 382 (9).
3260 313 3378 384 Ipsa
3405 319 3547 371 enim

274 393 435 464 Δῦτη
493 395 605 465 γὰρ
662 394 745 465 τῷ
801 395 903 464 τῆς
955 387 1408 469 είδωλολαᾶἑρείας
1441 404 1865 470 καταφρυγεῖσα

276 486 540 555 φλογμῷ,
582 486 743 556 ἐδίψα
783 486 1029 550 διακαῶς
1055 488 1150 541 τοῦ
1193 489 1397 554 ζῶντος
1429 490 1622 556 ὓδατος
1662 491 1865 561 γεύσα-

278 578 432 631 σθαι.
486 577 651 631 Ἀλλά
690 577 778 642 τίς
823 596 954 632 ποτε
977 575 1046 651 ἧν
1086 582 1119 651 ἡ
1153 583 1446 637 κατέναντι
1481 584 1666 653 κώμη,
1722 585 1866 639 κατά

275 670 372 722 τὸν
408 669 509 740 τῆς
549 671 844 740 ἀναγωγῆς
892 671 1074 737 λόγον,
1125 675 1264 744 πρὸς
1314 674 1378 745 ἢν
1430 675 1711 730 στέλλεται
1754 677 1866 730 τῶν

279 761 546 830 μαθητῶν
578 762 612 831 ή
643 761 812 827 δυάς;
845 762 945 833 (Τὸ
995 762 1106 833 γὰρ
1151 765 1250 835 τῆς
1294 765 1538 835 ἱστορίας
1569 767 1646 830 ώς
1687 769 1864 836 ἐγνω-

276 854 486 920 σμένον
509 853 649 906 πᾶσι
680 856 1056 926 παρήσομεν.)
1089 856 1186 919 Τίς
1230 852 1323 910 οὖν
1367 858 1500 929 ἀλλη
1523 900 1538 924 ,
1574 855 1787 929 ἢοῦτος
1834 861 1865 914 6

273 944 509 1014 κόσμος,
555 944 585 996 6
633 943 702 997 δι’
751 945 1034 1016 ἀμαρτίας
1091 948 1336 1012 ἀποστὰς
1389 951 1481 1003 τοῦ
1540 951 1705 1018 Θεοῦ,
1767 955 1864 1006 καὶ

273 1037 615 1100 ἀπεναντίας
668 1039 1001 1106 γενόμενοςς
1060 1038 1272 1111 Ὠσπερ
1324 1040 1418 1094 οῦν
1471 1043 1527 1095 ἐν
1578 1044 1761 1116 ἐκείνῃ
1792 1047 1858 1116 τῇ

277 1127 445 1197 κώμῃ
485 1128 695 1199 Πέτρος
723 1129 818 1182 καὶ
856 1129 1116 1199 Ἰωάννης
1148 1132 1548 1202 ἐκπέμπονται,
1607 1135 1707 1205 τὴν
1741 1137 1862 1191 ὄνον

271 1220 373 1272 καὶ
399 1222 492 1272 τὸν
525 1219 710 1274 πῶλον
737 1222 1083 1292 κομίσοντες,
1111 1223 1285 1288 οὕτως
1302 1227 1361 1278 ἐν
1394 1227 1529 1297 τῷδε
1553 1228 1630 1300 τῷ
1672 1229 1861 1302 κόσμῳ

266 1314 558 1383 προφῆται
592 1313 690 1368 καὶ
722 1314 1017 1369 ἀπόστολοι
1052 1316 1369 1373 στέλλονται
1397 1322 1525 1384 τοὺς
1545 1322 1610 1374 ἐκ
1632 1339 1857 1395 περιτο-

268 1404 388 1474 μῆς
440 1407 696 1468 καὶτοὺς
769 1406 830 1472 ἐξ
885 1407 1060 1461 ἐθνῶν
1095 1409 1172 1479 τῷ
1206 1411 1430 1482 Χριστῷ
1472 1412 1562 1465 διὰ
1621 1414 1860 1480 πίστεως

264 1499 503 1565 ἄγοντες
561 1499 624 1553 Εἰ
653 1499 708 1552 δὲ
741 1502 964 1569 δεσμοῖς
999 1504 1027 1554 6
1059 1503 1241 1565 πῶλος
1272 1505 1330 1556 ἐν
1357 1503 1437 1574 τῷ
1470 1506 1699 1578 ἀμφόδῳ
1747 1506 1860 1562 ἐδέ-

260 1592 418 1655 δετο,
471 1592 594 1646 οὐδὲ
646 1592 806 1646 τοῦτό
850 1595 1000 1648 ἐστιν
1032 1595 1419 1652 ἀνακόλουθον.
1458 1597 1698 1662 Ἔξωθεν
1748 1600 1858 1669 γὰρ

261 1684 374 1752 τῆς
423 1684 890 1757 ἐκκλησιαπικῆς
939 1686 1178 1750 πίστεως
1237 1688 1383 1758 ἀμφὶ
1453 1690 1550 1761 τὴν
1596 1690 1858 1746 πλατεῖαν

262 1776 398 1829 ὁδὸν
437 1779 536 1829 καὶ
570 1776 890 1848 εὐρύχωρον
945 1778 1278 1848 ἐδεσμοῦντο
1307 1781 1375 1832 τὰ
1408 1781 1536 1852 ἔθνη
1585 1785 1706 1847 ταῖς
1750 1783 1858 1838 τῶν

264 1868 697 1937 ἁμαρτημάτων
727 1873 958 1939 σειραῖς.
1003 1872 1246 1926 Ἐδέδετο
1287 1874 1343 1928 δὲ
1372 1875 1468 1929 καὶ
1490 1878 1523 1946 ἡ
1555 1877 1674 1942 ὄνος
1695 1895 1708 1908 ·
1738 1883 1860 1943 ταῖς

263 1958 386 2027 γὰρ
410 1957 656 2021 ἐντολαῖς
680 1957 774 2011 τοῦ
798 1960 964 2030 νόμου
996 1963 1252 2034 καθάπερ
1279 1963 1498 2034 δεσμοῖς
1527 1969 1575 2018 oi
1614 1967 1856 2021 Ἰουδαῖοι

268 2050 618 2120 συνείχοντο.
659 2052 858 2115 Καλῶς
888 2054 945 2106 δὲ
977 2055 1075 2122 τῆς
1102 2055 1338 2124 θεωρίας
1368 2060 1396 2110 6
1424 2057 1584 2126 λόγος
1617 2059 1710 2112 τὸν
1759 2061 1858 2129 μὲν

269 2141 465 2195 πῶλον
497 2144 578 2205 εἰς
603 2143 773 2196 τύπον
797 2145 958 2196 ἔλαϐε
981 2146 1092 2197 τῶν
1115 2146 1287 2199 ἐθνῶν
1321 2165 1333 2177 ·
1365 2148 1620 2213 ἀτάκτως
1651 2151 1762 2219 γὰρ
1790 2151 1858 2204 τὰ

267 2230 410 2303 ἔθνη
451 2233 726 2303 ἐφήλλατο
749 2236 829 2298 είς
869 2234 1129 2299 ἀσεϐείας
1171 2238 1266 2289 καὶ
1325 2237 1558 2308 πράξεις
1602 2242 1856 2311 αἰσχρὰς,

267 2329 535 2401 καθάπερ
568 2329 747 2391 πῶλος
780 2333 947 2399 μήπω
977 2331 1181 2402 χαλινῷ
1206 2331 1530 2402 δαμασθεὶς,
1568 2333 1696 2402 μηδ’
1731 2335 1859 2402 ἐφε-

271 2421 476 2491 στρίδα
517 2424 629 2485 τοῖς
687 2421 881 2485 νώτοις
929 2421 1262 2493 δεξάμενοςο
1312 2424 1415 2495 ἥγε
1449 2425 1556 2496 μὴν
1589 2424 1710 2490 ὄνος
1759 2427 1859 2488 τὴν

268 2512 393 2566 τῶν
431 2513 708 2567 Ἰουδαίων
741 2515 936 2583 ἐδήλου
974 2518 1327 2587 συναγωγήν.
1367 2517 1700 2588 Ἦχθηφόρει
1751 2519 1860 2590 γὰρ

271 2606 378 2659 καὶ
409 2605 550 2676 αῦτη
580 2607 650 2659 τά
679 2607 772 2659 τοῦ
805 2607 973 2676 νόμου
1008 2609 1231 2678 φορτία,
1265 2608 1370 2662 ὑπὸ
1401 2609 1494 2664 τὸν
1521 2610 1688 2679 ζυγὸν
1723 2607 1860 2664 οὖσα

270 2696 380 2764 τῆς
407 2697 640 2765 νομικῆς
668 2697 916 2762 δουλείας
938 2737 953 2762 ,
989 2702 1086 2754 καὶ
1117 2700 1192 2762 ὡς
1241 2700 1476 2770 φορὸιάν
1509 2701 1754 2772 φοροῦσα
1789 2702 1860 2756 τὰ

272 2789 390 2842 τῶν
416 2788 649 2843 ἐντολῶν
679 2790 1045 2859 διατάγματα.
1093 2791 1254 2847 Ἀλλά
1280 2793 1377 2845 τοῦ
1407 2793 1643 2863 Χριστοῦ
1668 2793 1858 2846 κελεύ-

282 2900 483 2945 σαντος
513 2882 820 2953 ἀμφότεροι
850 2883 1071 2937 λύονται
1099 2885 1237 2955 πρὸς
1267 2885 1394 2956 μίαν
1420 2885 1606 2938 πίστιν
1631 2885 1860 2954 δεσμού-

1970 402 2293 458 idololatria:
2321 415 2456 458 testu
2493 403 2608 471 jam
2646 404 2852 457 torrida
2883 419 3083 472 aquam
3117 405 3294 458 vivam
3330 418 3550 477 gustare

1967 493 2351 549 ardentissime
2385 493 2624 549 sitiebat.
2655 494 2759 547 Sed
2792 496 3062 563 quodnam
3100 507 3204 559 est,
3237 509 3388 566 Juxta
3419 515 3550 553 ana-

1967 585 2213 658 gogicum
2243 601 2490 648 sensum,
2518 585 2802 639 castellum
2835 601 2866 639 e
2894 587 3108 654 regione
3132 589 3402 656 positum,
3440 604 3547 658 quo

1967 679 2200 734 mittitur
2259 678 2647 748 discipulorum
2705 679 2839 748 par?
2891 679 3028 746 Quid
3080 685 3222 736 enim
3276 682 3346 735 sit
3391 684 3544 751 juxta

1969 769 2255 825 historiam
2285 807 2301 832 ,
2361 778 2618 838 tanquam
2675 781 2862 824 notum
2918 771 3102 825 dicere
3146 774 3359 827 omitto.
3404 776 3541 841 Quid

1967 864 2136 934 igitur
2168 865 2312 918 aliud
2361 865 2467 920 nisi
2520 865 2607 918 hic
2637 865 2886 928 mundus,
2925 864 3015 932 qui
3061 880 3157 934 per
3200 876 3478 934 peccatum
3510 885 3541 923 a

1966 955 2077 1010 Deo
2099 955 2406 1023 disjunctus
2433 967 2488 1010 ει
2510 971 2576 1010 ex
2629 957 2857 1009 adverso
2885 955 3164 1024 oppositus
3195 957 3360 1010 erat?
3393 958 3544 1013 Sicut

1967 1048 2132 1117 igitur
2170 1047 2224 1102 in
2265 1047 2548 1101 castellum
2585 1046 2716 1100 illud
2749 1044 2940 1099 Petrus
2967 1055 3020 1100 et
3047 1044 3303 1106 Joannes.
3335 1048 3540 1100 asinam

1963 1149 2018 1193 et
2053 1139 2256 1207 pullum
2291 1137 2575 1193 deducturi
2597 1138 2908 1203 mittuntur,
2938 1137 3009 1192 ita
3033 1137 3086 1191 in
3121 1137 3266 1193 hunc
3285 1139 3539 1192 mundum

1964 1227 2240 1298 prophetae
2282 1237 2339 1282 et
2389 1226 2623 1295 apostoli
2682 1226 2830 1280 missi
2887 1236 3052 1291 sunt,
3110 1237 3168 1280 ut
3223 1241 3316 1282 eos
3343 1229 3432 1297 qni
3473 1243 3541 1282 ex

1965 1319 2402 1382 circumcisione,
2437 1319 2638 1387 quique
2666 1333 2731 1372 cx
2767 1318 3017 1386 gentibus
3054 1329 3228 1385 erant,
3256 1320 3538 1387 perﬁdem

1963 1412 2322 1465 adducerent.
2373 1410 2526 1476 Quod
2566 1411 2609 1464 si
2662 1408 2838 1480 pullus
2887 1410 2938 1463 in
2971 1409 3118 1464 bivio
3147 1411 3376 1465 vinculis
3416 1411 3540 1464 alli-

1963 1512 2120 1573 gatus
2153 1511 2258 1567 est,
2293 1517 2464 1571 neque
2497 1501 2598 1556 hoc
2632 1515 2662 1554 a
2696 1501 2974 1570 praposito
3003 1509 3088 1556 εει
3123 1499 3383 1556 alienum.
3442 1500 3538 1556 Et-

1963 1595 2106 1649 enim
2137 1603 2327 1665 gentes
2377 1605 2529 1648 extra
2581 1593 2740 1647 Iidem
2793 1593 3045 1647 Ecclesia:
3068 1593 3213 1648 circa
3264 1592 3428 1648 latam
3485 1602 3539 1649 et

1965 1697 2238 1756 patentem
2273 1687 2413 1740 viam
2455 1697 2804 1754 peccatorum
2856 1686 3071 1740 catenis
3094 1685 3360 1742 devincta:
3391 1695 3542 1742 tene-

1959 1780 2181 1834 bantur.
2234 1776 2478 1847 Deligata
2525 1779 2691 1830 etiam
2745 1787 2864 1832 erat
2915 1778 3107 1832 asina:
3143 1779 3428 1848 praeceptis
3459 1779 3537 1834 si-

1959 1869 2177 1938 quidem
2215 1869 2350 1938 legis
2404 1868 2560 1937 quasi
2620 1868 2850 1924 vinculis
2893 1867 3062 1924 Judaei
3121 1870 3534 1927 cohibebantur.

1960 1960 2130 2015 ltecte
2161 1975 2292 2015 vero
2331 1958 2396 2012 ad
2455 1973 2647 2030 gentes
2706 1961 2997 2030 signandas
3047 1963 3180 2031 pulli
3239 1949 3540 2018 similitudo

1960 2049 2249 2119 allegorica
2284 2050 2494 2104 ratione
2535 2061 2749 2120 sumpta
2779 2060 2880 2106 est.
2921 2053 3057 2106 Nam
3091 2055 3208 2108 sine
3239 2054 3430 2110 ordine
3473 2071 3540 2111 ac

1962 2144 2150 2208 modo,
2185 2141 2280 2212 p’cr
2315 2142 2644 2210 impietatem
2679 2153 2733 2198 et
2766 2145 2941 2213 turpia
2974 2144 3115 2199 facta
3152 2157 3357 2215 gentes,
3382 2137 3535 2217 quasi

1962 2234 2139 2304 pullus
2202 2233 2437 2290 nondum
2493 2232 2650 2289 freno
2676 2235 3004 2304 ledomitus,
3044 2239 3246 2307 quique
3300 2240 3535 2294 nondum

1961 2331 2166 2375 vestem
2205 2321 2448 2377 lmmeris
2496 2334 2824 2392 exceperat;
2855 2326 3007 2381 asina
3039 2341 3168 2382 vero
3196 2327 3536 2400 Synagogam

1964 2416 2171 2471 indicat
2215 2414 2548 2471 Judaeorum.
2601 2414 2739 2471 Nam
2803 2417 2966 2473 etiam
3025 2419 3138 2488 ipsa
3186 2421 3290 2475 sub
3349 2421 3540 2492 legalis

1962 2505 2244 2560 servitutis
2275 2503 2407 2572 jngo
2465 2519 2588 2559 cum
2624 2516 2810 2571 esset,
2845 2506 2979 2576 legis
3027 2509 3285 2564 oneribus
3329 2525 3541 2579 preme-

1963 2601 2144 2661 batur,
2182 2605 2238 2651 et
2268 2606 2670 2665 prmceptorum
2701 2601 3084 2654 observatione
3115 2601 3266 2668 quasi
3301 2602 3538 2671 capistro

1962 2691 2267 2747 tenebatur.
2314 2688 2446 2753 Sed,
2467 2689 2692 2757 jubente
2718 2689 2956 2757 Christo,
2987 2693 3145 2745 ambo
3174 2693 3456 2748 solvuntur
3484 2702 3538 2749 et

1963 2785 2017 2839 in
2050 2802 2152 2839 una
2212 2786 2317 2840 ﬁde
2371 2786 2696 2854 colligantur
2745 2803 2759 2839 :
2813 2794 2868 2838 et
2910 2786 2982 2838 ita
3021 2784 3176 2852 juxta
3213 2786 3535 2855 patriarcha:

1962 2877 2365 2945 prazdictionem
2406 2876 2534 2944 ligat
2567 2875 2635 2930 ad
2664 2876 2875 2929 vineam
2911 2875 3114 2944 pullum
3143 2893 3324 2934 suum.
3364 2875 3529 2934 Vinea

279 2989 470 3042 μενοι·
497 2972 592 3024 καὶ
608 2973 750 3025 οῦτω
771 2972 915 3025 κατὰ
934 2973 1034 3043 τὴν
1060 2972 1477 3044 Πατριαρχικὴν
1495 2973 1855 3042 προφητείαν,

1963 2979 2047 3023 est
2085 2969 2230 3022 enim
2256 2982 2566 3038 quicunque
2607 2982 2675 3022 ex
2705 2965 2866 3020 lsrael
2898 2978 3076 3036 gente,
3110 2967 3178 3022 de
3207 2983 3311 3036 qua
3328 2968 3534 3028 cecinit

274 3059 540 3131 δεσμεύει
587 3061 724 3131 πρὸς
787 3061 1034 3130 ἄμπελον
1067 3063 1158 3114 τὸν
1191 3061 1371 3114 πῶλον
1403 3059 1590 3115 αὐτοῦ.
1649 3062 1864 3128 Ἀμπε-

275 3153 372 3214 λος
434 3153 545 3222 γὰρ
592 3153 620 3205 6
672 3152 731 3216 ἐξ
784 3152 1023 3224 Ἰσραὴλ,
1058 3153 1189 3218 περὶ
1225 3148 1300 3206 ὧν
1332 3170 1500 3223 φησιν
1545 3155 1573 3206 6
1610 3152 1857 3223 ψαλμός⁸

285 3263 305 3295 ι
349 3243 635 3314 ’Ἄμπελον
671 3244 732 3309 ἐξ
756 3243 1039 3313 Αἰγύπτου
1070 3244 1340 3315 μετῆρας.
1379 3263 1397 3295 ›
1437 3246 1526 3298 Ἐν
1552 3245 1726 3316 ταύτῃ
1768 3244 1862 3298 οὖν

276 3340 347 3408 τῇ
387 3337 619 3405 ἀμπέλῳ
655 3337 746 3388 τὸν
775 3336 990 3389 semei;
1038 3335 1168 3389 λαὸν
1211 3336 1503 3406 συνδεσμεῖ
1531 3339 1654 3400 ταῖς
1693 3338 1860 3404 εὐαγ-

279 3431 534 3499 γελικαῖς
563 3430 828 3492 ἐντολαῖς.
887 3428 1249 3498 Ἐπικάθηται
1282 3429 1338 3481 δὲ
1369 3431 1426 3482 ἐν
1460 3430 1646 3492 αὐτοῖς
1674 3431 1702 3482 6
1730 3431 1863 3499 X9t-

283 3524 441 3588 στὸς,
512 3524 621 3576 τῶν
697 3522 1014 3577 ἀποστόλων
1071 3521 1543 3591 ὑποστρωσάντων
1597 3521 1748 3592 αὐτῷ
1795 3523 1862 3576 τὰ

279 3617 496 3686 ἱμάτια.
520 3616 684 3678 Νοεῖς
725 3615 781 3668 δὲ
828 3614 1050 3678 πάντως
1082 3615 1170 3666 διὰ
1214 3614 1324 3666 τῶν
1369 3613 1608 3684 ἱματίων
1638 3613 1730 3666 τὸν
1767 3613 1861 3667 £6-

281 3709 538 3777 σχὴμονα
590 3705 730 3776 βίον.
779 3705 872 3757 τὸν
919 3703 1330 3773 ἐπικοσμοῦντα
1361 3703 1422 3756 τὺ
1451 3697 1584 3774 ἦθος
1626 3702 1716 3756 διὰ
1760 3704 1860 3772 τῆς

279 3796 600 3864 εὐπρεποῦς
631 3796 1043 3858 καταστάσεως.
1068 3795 1255 3847 Ταῦτα
1279 3795 1346 3848 τά
1377 3794 1573 3864 ἱμάτια
1600 3795 1857 3849 ἐνέδυσαν

1960 3061 2206 3116 Psalmus
2249 3079 2262 3116 :
2305 3081 2324 3113 ι
2351 3061 2572 3116 Vineam
2631 3061 2700 3118 de
2755 3059 2992 3131 IEgypto
3048 3063 3375 3116 transtulisti
3402 3062 3471 3116 ⁵⁷.
3509 3082 3530 3116 ι

1961 3150 2042 3204 Ad
2077 3152 2217 3207 hanc
2256 3132 2392 3220 ergo
2434 3151 2648 3204 vim-am
2699 3152 2988 3221 praeceptis
3037 3152 3366 3221 evangelicis
3401 3168 3537 3222 gen-

1962 3243 2106 3299 tilem
2138 3245 2392 3314 populum
2421 3244 2630 3312 alligat.
2677 3225 2843 3298 Sedet
2883 3258 3046 3313 porro
3095 3259 3255 3312 super
3285 3246 3381 3299 has
3429 3243 3538 3300 Do-

1961 3337 2137 3392 minus
2158 3336 2271 3405 (10)
2296 3337 2457 3408 186
2484 3337 2849 3405 apostolorum
2882 3345 3027 3390 veste
3054 3337 3538 3407 substrata.Atque

1962 3427 2244 3498 intelligis,
2275 3430 2459 3493 credo,
2485 3442 2582 3494 per
2633 3427 2954 3482 vestimenta
3017 3427 3298 3482 honestam
3345 3429 3531 3496 vitam,

1961 3533 2080 3590 qna:
2108 3528 2166 3572 ut
2199 3519 2355 3573 dccct
2382 3519 2631 3572 instituta
2672 3532 2855 3574 mores
2885 3527 3136 3573 exornat.
3174 3517 3268 3573 llis
3296 3520 3536 3574 vestibus

1962 3627 2061 3665 nos
2092 3611 2383 3665 induerunt
2415 3610 2641 3680 apostoli
2670 3650 2686 3676 ,
2723 3610 2991 3680 siquidem
3045 3610 3244 3664 clamat
3293 3608 3486 3665 Paulus
3514 3626 3533 3668 :

1967 3720 1986 3754 ι
2023 3702 2234 3756 induite
2267 3717 2418 3757 arma
2446 3702 2584 3757 lucis
2606 3743 2622 3769 ,
2651 3702 2794 3757 sicut
2833 3701 2886 3757 in
2919 3702 3004 3757 die
3031 3701 3256 3758 honeste
3295 3700 3539 3754 ambule-

1958 3808 2079 3849 mus
2106 3793 2197 3848 '7'.
2228 3812 2248 3846 ι

280 3891 436 3959 ἡμᾶς
480 3890 530 3942 oi
578 3889 892 3952 ἀπόστολοι,
938 3890 1032 3942 καὶ
1060 3887 1156 3959 βοᾷ
1190 3887 1403 3950 Παῦλος
1428 3903 1442 3917 ·
1470 3906 1489 3940 ι
1539 3887 1867 3942 Ἐνδύσασθε
1909 3888 1981 3942 τὰ
2016 3888 2159 3942 ὅπλα
2223 3887 2320 3942 τοῦ
2359 3889 2576 3958 φωτὸς,
2610 3889 2705 3942 καὶ
2731 3889 2808 3952 ὡς
2865 3889 2927 3942 ἐν
2956 3888 3141 3961 ἡμέρᾳ
3183 3887 3538 3960 εὐσχημόνως

277 3997 347 4032 πε
363 3980 779 4050 ριπατήσωμεν.
811 4000 832 4034 ο

362 4090 383 4123 ι
432 4070 793 4134 Ἐπικαθίσας
821 4070 876 4123 δὲ
908 4071 1020 4133 τοῖς
1046 4069 1206 4135 ζώοις
1237 4072 1265 4123 6
1290 4069 1496 4140 Κύριος
1517 4071 1745 4124 εἴσεισιν
1783 4071 1865 4135 είς

289 4163 687 4233 Ἰερουσαλήμ.
725 4164 881 4216 Ὅσοι
919 4162 1031 4233 γὰρ
1071 4161 1234 4216 αὐτὸν
1266 4164 1326 4214 ἐν
1360 4163 1575 4225 ἑαυτοῖς
1609 4161 1862 4226 ἐδέξαντο

277 4255 377 4308 διὰ
407 4253 643 4324 θεωρίας
673 4254 768 4306 καὶ
802 4251 1083 4322 πράξεως,
1131 4253 1209 4313 είς
1240 4251 1338 4322 τὴν
1393 4252 1506 4306 ἄνω
1545 4252 1861 4319 εἰσάγονται

290 4345 683 4417 Ἰερουσαλὴμ,
720 4343 821 4414 τὴν
866 4343 1038 4406 ὅντως
1067 4343 1231 4411 ἁγίαν
1264 4343 1442 4407 πόλιν,
1478 4345 1535 4396 ἐν
1647 4344 1747 4413 τῆς
1782 4345 1864 4396 εί-

283 4445 465 4511 ρῆνης
501 4438 533 4506 ὴ
573 4439 785 4508 ὅρασις.
841 4435 1206 4507 Ἰερουσαλὴμ
1249 4436 1361 4505 γὰρ
1401 4436 1626 4507 εἰρήνης
1668 4436 1861 4506 ὅρασις

352 4594 399 4626 ⁸⁷
432 4593 576 4648 Psal.
611 4607 723 4661 xix,
759 4591 814 4648 9.
889 4592 959 4624 ⁸⁷⁹
993 4590 1150 4647 Rom.
1177 4604 1300 4656 xm,
1335 4589 1418 4645 l9.

2023 4067 2149 4136 Jam
2196 4084 2328 4125 vero
2365 4069 2608 4124 insidens
2651 4068 2913 4139 iumentis
2971 4066 3228 4123 Dominus
3281 4070 3537 4125 [lict-oso-

1961 4160 2155 4232 lymam
2197 4161 2397 4226 intrat;
2445 4169 2709 4230 quotquot
2749 4161 2896 4214 enim
2949 4160 3126 4230 ipsum
3162 4175 3256 4228 per
3290 4170 3504 4216 contem

1960 4254 2255 4321 plationem
2315 4253 2698 4322 actionemque
2728 4253 2780 4307 in
2821 4268 2880 4306 se
2910 4253 3044 4322 ipsis
3076 4261 3394 4322 receperunt
3417 4293 3434 4319 ,
3481 4253 3535 4306 in

1959 4361 2246 4415 supernam
2289 4345 2588 4401 Jerusalem
2625 4346 3063 4410 introducuntur,
3091 4360 3211 4400 eam
3243 4361 3363 4416 quae
3410 4360 3538 4401 vere

1959 4445 2044 4492 est
2079 4437 2273 4492 civitas
2311 4446 2592 4505 sancta,et
2627 4437 2780 4509 pacis
2803 4437 2941 4494 visio
2964 4438 3301 4495 :Jerusaiem
3336 4437 3537 4509 quippe

1514 4734 1831 4796 Francisui
1867 4735 2075 4797 Scorsi
2112 4743 2300 4799 notas.

364 4867 442 4935 (9,
485 4864 665 4920 Sionis
703 4863 1090 4935 interpretatio.
1123 4866 1164 4915 Α
1212 4861 1392 4935 radice
1448 4859 1704 4935 inusitata
1755 4871 1855 4926 my
1885 4869 1937 4930 D
1966 4872 2171 4918 noster.
2231 4862 2367 4916 Sunt
2418 4875 2484 4916 ex
2525 4858 2787 4935 Batribns
2865 4858 2956 4924 qui
2997 4864 3239 4935 utroque
3295 4853 3531 4935 vicissim

283 4926 516 4993 deducta
547 4950 646 4988 vos
677 4943 777 4997 my
807 4926 1130 4998 siccitatem,
1175 4942 1267 4984 aut
1303 4931 1475 4983 locum
1505 4931 1774 4984 desertum
1807 4944 1861 4986 et
1885 4926 1921 4930 ⁷
1965 4944 2176 4987 vectum
2206 4941 2491 4984 autument
2514 4929 2825 4990 Christum;
2855 4937 2908 4980 et
2931 4929 3078 4998 prius
3103 4927 3318 4998 quidem
3352 4927 3529 4994 asina,

285 5007 628 5063 siticulosum
675 5014 886 5072 signat;
926 5003 1271 5068 indidemqne
1295 5009 1404 5072 ἶνις
1437 5000 1575 5072 sitis.
1608 5003 1649 5052 Δ
1697 5006 1860 5057 verbo

282 5079 448 5130 etiam
484 5071 778 5128 Chaldaico
813 5084 866 5126 et
899 5073 1122 5142 Syriaco
1161 5080 1276 5130 nm:
1302 5071 1713 5142 'etrtt'llsiccus
1740 5072 1860 5136 luit,

282 5160 338 5202 et
368 5163 461 5215 per
498 5145 834 5211 metalepsin:
879 5138 1071 5215 sitivit,
1097 5152 1153 5193 ut
1194 5145 1252 5215 in
1283 5141 1456 5215 lcxico
1499 5138 1858 5215 Pentaglotto,

283 5209 476 5274 deduci
509 5225 684 5284 potest
706 5209 1094 5281 interpretatio
1128 5209 1220 5263 τοῦ
1250 5219 1355 5284 ἶνες
1388 5212 1571 5284 εἰοιιίδ.

361 5290 476 5357 (ιθ)
511 5280 671 5340 ’δεάει
711 5280 875 5351 ρον-νο
915 5298 1070 5357 super
1118 5284 1212 5333 has
1258 5280 1544 5357 'Dontinus.
1576 5281 1652 5357 A__u
1687 5280 1859 5333 Domi-

286 5351 390 5411 nus
419 5373 586 5423 super
616 5365 899 5421 utrumque
932 5354 1232 5423 jnntcntnm
1283 5354 1487 5403 asinam
1538 5351 1745 5405 scilicet
1791 5361 1846 5423 et

283 5420 505 5495 ptllltlttlﬁ
541 5420 830 5487 insederit;
873 5420 1014 5490 quod
1067 5423 1282 5495 videtur
1332 5431 1517 5495 aperte
1553 5423 1731 5495 dicere
1785 5420 1842 5475 ὃ.

282 5490 503 5563 Μειιιιι.;
537 5512 604 5548 an
630 5508 756 5545 vero
803 5495 966 5562 super
1001 5490 1212 5563 asinum
1240 5492 1440 5563 ‘modo,
1471 5501 1527 5544 ut
1561 5491 1849 5563 D._Lucas

282 5581 332 5621 (ιι
377 5559 614 5627 Murcus,
657 5563 746 5631 qui
783 5559 982 5616 de'eo.
1013 5560 1185 5614 solum
1233 5559 1436 5631 faciunt
1496 5560 1844 5631 mentionem,

283 5640 517 5708 quaestio
577 5629 696 5699 est,
756 5647 916 5702 quam
961 5633 1198 5700 exagitat
1252 5630 1464 5700 egregie
1515 5629 1848 5688 Maldonatus

1960 5013 2080 5070 post
2133 5016 2263 5070 vero
2316 5001 2494 5070 pullo;
2536 5001 2694 5070 idque
2738 4997 2978 5070 mysterii
3035 4997 3228 5070 gratia.
3266 5011 3340 5070 eo
3386 5001 3531 5065 quod

1961 5065 2112 5125 asina
2175 5065 2457 5124 Judaicum
2512 5065 2805 5138 populum,
2861 5067 2914 5118 in
2948 5081 3053 5135 quo
3104 5065 3310 5138 sederit
3353 5069 3530 5134 prius,

1961 5143 2132 5209 pullus
2158 5133 2693 5210 gentileni_tlén_otet,
2750 5136 2803 5210 in_
2836 5133 3019 5210 quem,
3053 5136 3240 5188 relicto
3283 5133 3530 5210 {aitait-9,

1959 5205 2018 5264 se
2071 5205 2358 5264 transtulit.
2417 5206 2733 5261 Laudantur
2793 5205 2846 5259 in
2901 5205 3039 5258 hanc
3085 5206 3407 5258 sententiam
3465 5207 3525 5259 S.

1961 5279 2183 5344 Thom.,
2226 5277 2545 5346 Remigius,
2603 5275 2860 5338 Serabns,
2910 5273 3082 5341 litigo,
3141 5272 3438 5344 TheOphyl.
3468 5275 3527 5327 In

1955 5351 2202 5404 eumdem
2229 5361 2512 5401 munerum
2544 5355 2858 5399 accensetur
2880 5357 2933 5400 et
2967 5346 3186 5407 Noster,
3217 5353 3323 5396 tum
3353 5346 3528 5410 quoad

1957 5420 2258 5481 historiam,
2290 5432 2382 5470 seu
2420 5415 2706 5468 litteralem
2740 5429 2982 5478 sensum,
3007 5429 3128 5466 cum
3158 5414 3264 5466 ait:
3301 5413 3529 5466 Ἐπιχαι-

1957 5490 2117 5557 θηται
2147 5489 2202 5540 δὲ
2227 5491 2284 5540 ἐν
2305 5486 2489 5557 αὐτοῖς
2520 5487 2546 5557 6
2570 5484 2826 5557 Χριστός,
2847 5497 2902 5539 ει
2932 5483 3090 5554 paulo
3111 5483 3286 5557 intra:
3309 5482 3531 5557 Ἐπικα-

1957 5551 2114 5621 eaea;
2142 5559 2199 5610 δὲ
2228 5560 2284 5608 ὲν
2315 5555 2476 5618 ζώοις
2510 5556 2538 5607 6
2574 5551 2802 5624 Κύριος,
2840 5551 2951 5609 tum
2989 5555 3164 5624 quoad
3195 5551 3530 5623 allegoriam,

1955 5644 2116 5701 quam
2149 5631 2423 5697 eleganter
2447 5627 2809 5695 persequitur.
