4018 6206
386 327 491 395 533

1746 312 2077 379 HOMILIA
2115 314 2301 374 XXV.

3512 302 3622 368 εει

376 439 570 511 ιξῆλθι
619 437 715 493 τοῦ
747 436 864 508 βίου
907 436 969 491 τδ
1010 435 1244 490 στάδιον.
1285 434 1549 507 Ἐμελλεν
1586 429 1680 489 οὖν
1718 436 1776 489 ἐν
1815 435 1949 488 ἀνα-

2057 424 2482 507 stadiumvliujus
2511 423 2637 479 vitm
2668 422 2975 479 confecerat
2997 460 3013 487 ,
3057 421 3298 491 adeoque
3326 422 3525 492 quietis
3570 432 3623 477 et

380 532 582 588 παύσει
640 529 863 593 ἔσεσθαι
920 529 1016 583 καὶ
1075 530 1252 598 τιμῇ·
1317 545 1336 579 ι
1378 526 1597 591 Δίκαιος
1646 526 1793 598 γὰρ,
1852 526 1950 580 ἐὰν

379 624 561 695 φθάσῃ
600 621 944 691 τελευτῆσαι,
977 621 1140 690 φησὶν
1178 621 1206 672 ὁ
1240 618 1512 690 Σολομὼν,
1552 621 1610 672 ἐν
1642 617 1950 672 ἀναπαύσει

375 715 547 768 ἔσται.
587 732 608 767 r
659 712 887 767 Μέλλων
946 710 1040 764 οὖν
1094 709 1282 763 τοῦτον
1328 710 1632 780 ἀναστῆσαι
1697 710 1785 763 διὰ
1852 711 1952 779 τὴν

374 807 587 859 οἰκείαν
632 803 828 866 δόξαν,
874 802 1185 874 ἐδάκρυσε,
1240 800 1522 871 μονονουχὶ
1567 800 1740 869 λέγων
1768 818 1783 832 ο
1848 800 1953 853 Τὸν

377 897 512 951 είσω
537 896 630 959 τοῦ
664 895 884 963 λιμένος
921 893 1344 964 ἐφορμισθέντα,
1388 893 1550 946 πάλιν
1588 894 1668 957 είς
1710 893 1808 964 τὴν
1855 891 1950 947 τοῦ

296 1036 301 1037 ,
377 989 499 1059 βίου
550 987 851 1057 τρικυμίαν
893 986 1086 1052 amitti);
1123 985 1227 1039 Τὸν
1276 985 1377 1057 ἠδη
1416 985 1824 1055 ἀγωνισάμενον
1856 987 1952 1041 καὶ

375 1079 680 1149 στεφθέντα
731 1078 1050 1132 ἐπανελθεῖν
1093 1078 1184 1130 ἐπὶ
1208 1077 1334 1140 τοὺς
1380 1078 1597 1146 ἀγῶνας
1640 1076 1950 1148 προτρέπο-

378 1188 518 1239 μαι;
566 1169 852 1242 Ἐρωτᾷδέ
883 1186 897 1200 ’
933 1188 952 1223 ι
984 1167 1092 1221 Ποῦ
1139 1168 1422 1222 τεθείκατε
1446 1168 1607 1222 αότόν
1640 1185 1654 1233 ;
1695 1188 1715 1220 ι
1752 1169 1848 1240 οὐχ
1875 1167 1953 1232 ὡς

365 1265 613 1333 ἀγνοῶν,
650 1264 789 1330 ἀλλ’,
815 1263 893 1324 ὡς
928 1263 1086 1334 ἔφην,
1134 1264 1245 1326 τοῖς
1276 1262 1604 1333 θεοπρεπέσι
1648 1264 1843 1333 μιγνὺς
1885 1264 1952 1317 τὰ

375 1356 719 1425 ἀνθρώπινα,
774 1358 869 1410 καὶ
906 1357 993 1410 ἵνα
1035 1355 1306 1425 προφάσει
1335 1354 1431 1409 τοῦ
1454 1356 1546 1410 τὸν
1598 1356 1765 1415 τόπον
1817 1357 1953 1410 ἀπο-

373 1450 545 1516 δεῖξαι
571 1448 879 1519 ἐφέψωνται
907 1447 1112 1512 πολλοὶ,
1152 1449 1245 1503 καὶ
1284 1448 1363 1519 τῷ
1393 1450 1632 1520 θαύματι
1671 1454 1951 1523 μαρτυρή-⁸

378 1559 536 1596 σωσι.
558 1542 811 1611 Πλαγίως
841 1541 895 1595 δέ
924 1558 1041 1607 πως
1075 1543 1169 1597 καὶ
1199 1542 1288 1597 διὰ
1315 1544 1707 1615 ἐπερωτήσεως
1740 1544 1952 1615 ἐλέγχει

378 1634 598 1705 Μαρίαν
624 1635 717 1688 καὶ
742 1633 994 1705 Μάρθαν,
1033 1632 1217 1696 καθὼς
1248 1634 1380 1706 ἡμῖν
1431 1635 1530 1705 ἤδη
1577 1635 1950 1707 προλέλεκται,

381 1725 457 1825 μη
506 1726 603 1825 την
639 1725 762 1793 ἴσην
799 1726 985 1825 πίᾼστιν
1020 1725 1319 1797 ἐσχηκυίας
1363 1729 1429 1797 τῇ
1475 1729 1821 1797 Σουναμίτιδι
1854 1746 1869 1761 ο
1919 1731 1951 1799 ἠ
1986 1769 2025 1825 Β

380 1815 481 1885 μὲν
518 1816 629 1887 γὰρ
659 1818 754 1870 καὶ
786 1816 1088 1885 τεθνηκότα
1119 1818 1211 1872 τὸν
1243 1819 1406 1872 παῖδα
1443 1820 1542 1874 ούκ
1581 1820 1801 1890 ἔθαψεν,
1835 1821 1950 1877 ἀλλ’

358 1910 436 1969 ,ἐν
464 1910 528 1980 τῇ
570 1907 723 1980 κλίνῃ
762 1909 1184 1980 περικαλύψασα
1228 1908 1424 1984 ζεούσῃ
1462 1911 1641 1966 πίστει
1687 1914 1825 1985 πρὸς
1858 1913 1950 1967 τὸν

378 2001 668 2071 προφήτην
709 2000 1013 2070 ἀνέδραμεν
1041 2018 1054 2033 ’
1094 2002 1155 2055 αἱ
1189 2001 1247 2055 δέ
1280 2002 1509 2056 θανέντα
1551 2004 1641 2058 τὸν
1687 2004 1950 2073 σύγγονον

377 2090 455 2161 τῷ
488 2091 646 2160 τάφῳ
681 2092 1053 2163 κατέκρυψαν,
1080 2093 1257 2146 καίτοι
1290 2094 1471 2165 ἐκείνη
1499 2099 1635 2167 πρὸς
1663 2097 1949 2170 ἄνθρωπον

378 2181 554 2254 ᾤχετο
583 2184 675 2236 τὸν
721 2183 1047 2251 Ἐλισσαῖον,
1080 2180 1241 2239 αὗται
1274 2186 1409 2256 πρὸς
1446 2187 1596 2241 Θεόν.

458 2360 479 2394 ι
517 2340 725 2413 Ἰησοῦς
752 2341 913 2396 πάλιν
936 2343 1419 2415 ἐμϐριμησάμενος
1442 2344 1501 2398 ἐν
1525 2345 1703 2416 ἐαυτῷ
1730 2345 1954 2417 ἔρχεται

379 2433 460 2497 είς
486 2433 546 2487 τὸ
578 2437 841 2505 μνημεῖον
860 2447 872 2462 ·
900 2430 969 2505 ἦν
1006 2433 1064 2487 δὲ
1096 2435 1382 2505 σπήλαιον,
1415 2436 1510 2491 καὶ
1530 2436 1676 2499 λίθος
1706 2440 1957 2493 ἐπέκειτο

376 2523 468 2575 ἐπ’
534 2523 708 2593 αὐτῷ.
756 2540 776 2575 ι
859 2523 1376 2597 Ἐμσριμησάμενος
1452 2528 1613 2582 πάλιν
1681 2532 1746 2600 τῇ
1810 2529 1956 2603 λύπῃ

378 2614 635 2685 ἐπιτιμᾷ,
664 2616 760 2668 καὶ
791 2616 869 2686 τῷ
916 2616 1131 2688 θανάτῳ
1163 2616 1483 2671 δεσποτικοῦ
1512 2619 1669 2688 φίλου
1695 2622 1956 2675 κατατολ-

382 2706 638 2776 μήσαντι.
694 2706 768 2759 Τδ
821 2705 1001 2778 μέντοι
1071 2708 1336 2778 σπήλαιον
1380 2710 1557 2763 ἐκεῖνο
1608 2711 1669 2764 τὸ
1719 2711 1957 2781 ἀφεγγὲς

378 2797 475 2849 καὶ
518 2796 774 2864 ὑπόγειον
827 2797 941 2867 βίον
998 2798 1110 2851 τῶν
1169 2799 1473 2871 ἀνθρώπων
1526 2801 1699 2872 δηλοῖ,
1771 2806 1851 2866 είς
1898 2804 1959 2857 ὃν

382 2888 525 2958 μετά
567 2889 664 2960 τὴν
706 2889 915 2944 πτῶσιν
973 2890 1221 2954 ἐλεεινῶς
1296 2893 1742 2965 κατῳκίσθημεν,
1782 2896 1814 2966 ἦ
1864 2902 1959 2950 καὶ

379 2980 443 3032 τὸ
494 2980 723 3043 σκιῶδες
774 2980 1012 3052 γράμμα
1063 2981 1155 3034 τοῦ
1182 2982 1371 3050 νόμου.
1404 2983 1464 3036 '0
1508 2983 1552 3036 δ’
1603 2984 1955 3055 ἐπικείμενος

381 3073 530 3136 λίθος
550 3073 649 3142 τῆς
676 3074 945 3141 ἀσαφείας
976 3072 1070 3125 τοῦ
1098 3073 1267 3143 νόμου
1290 3074 1350 3126 τὸ
1375 3074 1661 3144 κάλυμμα.
1690 3077 1788 3129 Διά
1815 3077 1869 3130 τί
1896 3077 1952 3131 δὲ

381 3169 485 3221 οὐκ
533 3166 695 3232 αὐτὸς
752 3169 896 3237 αἴρει
944 3167 1035 3222 τὸν
1082 3167 1228 3221 λίθον
1273 3168 1450 3240 λόγῳ,
1506 3169 1538 3241 ἢ
1605 3169 1702 3225 καὶ
1761 3170 1952 3225 τούτου

383 3259 737 3328 ἐπικειμένου
791 3260 882 3312 τὸν
926 3259 1118 3331 νεκρδν
1159 3257 1542 3332 ἐξανίστησινς
1587 3263 1807 3334 Ἐπειδὴ
1855 3264 1955 3318 οὐκ

385 3352 684 3419 ἀναγκαῖον
726 3352 784 3403 ἐν
834 3352 945 3414 τοῖς
1001 3352 1077 3424 μὴ
1126 3352 1448 3421 ἀναγκαίοις
1494 3354 1952 3428 θαυματουργείν.

383 3442 556 3495 Τοῦτο
599 3443 706 3514 γὰρ
764 3444 1076 3514 φιλοτιμίας
1124 3445 1240 3498 ἐστὶ
1291 3446 1572 3517 περιττῆς.
1633 3448 1842 3511 ’Λλλως
1895 3465 1956 3501 τε

381 3534 444 3587 τὸ
482 3533 572 3587 ὑπ’
591 3535 771 3589 αὐτῶν
795 3536 1028 3607 ἀρθῆναι
1061 3536 1153 3589 τὸν
1182 3536 1348 3603 λίθον,
1375 3540 1469 3592 καὶ
1492 3538 1611 3592 λίαν
1637 3540 1952 3613 συνέφερεν,

387 3626 478 3679 ἵνα
513 3643 570 3679 τε
601 3627 701 3696 τῆς
728 3626 992 3690 δυσωδίας
1022 3627 1113 3682 τοῦ
1147 3628 1403 3693 ὀδωδότος
1452 3631 1828 3702 αἰσθήσονται,
1861 3634 1955 3687 καὶ

385 3718 476 3772 ἵνα
508 3719 582 3791 μὴ
620 3720 911 3791 φάντασμα
969 3717 1107 3774 εἶναι
1156 3722 1216 3774 τὸ
1261 3721 1506 3791 γεγονὸς,
1561 3724 1593 3795 ἢ
1648 3724 1807 3789 ἄλλος
1839 3727 1956 3782 ἀντ’

384 3809 547 3865 ἄλλου
578 3811 918 3866 ἀνίστασθαι.
970 3811 1069 3865 Διά
1119 3811 1279 3866 τοῦτό
1336 3830 1503 3885 φησιν
1528 3827 1543 3844 ⁸
1581 3833 1601 3866 ι
1631 3815 1834 3888 Ἀρατε
1864 3816 1957 3875 τὸν

384 3903 536 3956 λίθον
566 3905 745 3973 ὑμεῖς,
782 3923 802 3955 ι
836 3904 930 3957 καὶ
982 3905 1073 3958 τὸν
1129 3905 1321 3976 νεκρόν
1377 3907 1645 3960 θεάσασθε
1676 3910 1952 3979 κείμενον,

385 3997 482 4049 καὶ
508 3996 584 4060 ὡς
613 3995 672 4061 ἐξ
720 3994 885 4049 ὕπνου
938 3999 1002 4067 τῇ
1051 4000 1200 4069 φωνῇ
1253 3997 1707 4070 ἀναθρώσκοντα’
1756 4001 1867 4073 ἔχει
1900 4004 1958 4056 δέ

385 4103 509 4139 τινα
565 4088 659 4141 καὶ
698 4086 797 4157 τῆς
835 4086 1012 4141 αὐτῶν
1036 4087 1296 4151 ἀπιστίας
1341 4087 1369 4138 ὁ
1420 4088 1575 4155 λόγος
1628 4091 1952 4163 ὀνειδισμόν.

401 4181 713 4235 Ἐπιτάττει
761 4178 874 4250 γὰρ
925 4178 1022 4249 ἀφ’
1082 4180 1291 4234 ἑαυτῶν
1333 4175 1464 4252 ἆραι
1520 4181 1611 4235 τὸν
1661 4183 1806 4236 λίθον
1859 4184 1959 4252 τῆς

388 4273 701 4342 πωρώσεως
721 4310 736 4333 ,
793 4271 883 4324 τὸν
914 4270 1178 4341 μόλυϐδον
1205 4271 1555 4341 ἐπιδρίθοντα
1584 4274 1704 4334 ταῖς
1733 4273 1957 4328 ἐκείνων

2054 518 2277 575 honoris
2304 517 2479 573 locum
2503 514 2806 570 obtinuisse
2830 514 3127 569 debuerat:
3170 531 3189 565 ι
3222 512 3409 568 Justus
3450 513 3621 579 enim,

2054 611 2228 680 inquit
2276 608 2556 672 Salomon,
2599 605 2646 661 si
2686 614 2859 661 morte
2897 620 3310 676 praeoccupatus
3354 605 3536 671 fuerit,
3571 605 3622 659 in

2055 702 2338 773 refrigerio
2359 703 2463 759 erit
2481 700 2525 732 “
2548 718 2561 752 :
2588 718 2607 751 ι
2631 715 2752 754 cunt
2781 698 2944 769 igitur
2968 714 3087 751 eum
3113 698 3295 767 glorize
3330 714 3439 753 snse
3462 711 3622 752 causa

2054 795 2344 853 restituere
2388 799 2661 861 oporteret
2713 791 2776 844 ad
2832 789 3020 853 vitam,
3056 779 3380 859 lacrymatns
3418 796 3520 848 est.
3560 802 3624 842 ac

2055 889 2213 958 modo
2238 903 2341 942 non
2370 887 2451 943 sic
2487 885 2695 939 dicebat
2728 900 2744 938 :
2771 882 2870 947 Qui
2899 882 3009 951 jam
3042 891 3251 949 portum
3283 882 3475 945 tenuit,
3498 894 3621 934 eum

2050 980 2121 1033 ad
2156 979 2491 1033 decumanos
2535 975 2659 1029 vitm
2705 972 2928 1041 hujusce
2980 969 3172 1025 ﬂuctus
3220 970 3411 1023 iterum
3451 984 3620 1031 voco;

2054 1069 2143 1138 qui
2191 1068 2301 1141 jam
2356 1066 2651 1143 decertat'it
2704 1072 2754 1117 et
2819 1071 3114 1116 corcuatus
3155 1068 3259 1123 est,
3330 1060 3507 1115 redire
3556 1059 3622 1112 ad

2048 1161 2350 1219 certamina
2391 1158 2574 1229 iubeo.
2609 1157 2910 1223 interrogat
2940 1167 3070 1209 vero
3109 1170 3123 1208 :
3175 1169 3192 1203 ι
3232 1150 3331 1207 Ubi
3368 1151 3623 1220 posuistis

2050 1250 2213 1309 eum?
2244 1268 2267 1302 ι
2310 1264 2416 1304 non
2455 1247 2597 1318 quod
2646 1248 2874 1318 ignoret.
2913 1244 3005 1298 sed
3038 1252 3179 1297 utea
3220 1256 3337 1311 quae
3372 1249 3498 1296 sunt
3527 1241 3624 1295 lm-

2054 1357 2228 1397 manae
2257 1352 2463 1395 natura:
2495 1339 2629 1410 (95).
2674 1354 2796 1393 cum
2830 1336 2895 1389 iis
2934 1333 3245 1404 conjungat,
3277 1347 3397 1403 qua:
3429 1331 3624 1387 divinae

2055 1435 2402 1497 conveniunt,
2440 1443 2498 1487 ut
2528 1432 2637 1499 jam
2663 1430 2941 1495 dicebam;
2971 1436 3138 1497 utque
3159 1441 3257 1495 per
3283 1423 3625 1479 occasionem

2054 1526 2369 1582 ostendendi
2390 1524 2492 1579 loci
2514 1531 2917 1592 consequantur
2936 1518 3106 1583 multi,
3125 1526 3179 1570 et
3199 1515 3515 1570 miraculum
3541 1525 3624 1571 te-

2010 1657 2023 1668 .
2052 1617 2187 1673 stari
2214 1617 2443 1686 possint.
2467 1613 2696 1681 Oblique
2713 1623 2844 1665 vero
2862 1609 3023 1663 etiam
3049 1621 3145 1676 per
3163 1607 3302 1660 hanc
3321 1605 3628 1675 interroga-

2055 1712 2257 1766 tionem
2303 1705 2654 1777 reprehendit
2694 1701 3097 1773 quodammodo
3134 1699 3357 1753 Mariam
3405 1708 3460 1754 et
3484 1699 3627 1753 Mar-

2054 1804 2223 1866 tham,
2259 1810 2320 1855 ut
2359 1799 2518 1870 paulo
2541 1812 2702 1866 supra
2736 1795 2937 1850 dictum
2970 1809 2999 1847 a
3043 1792 3198 1847 nobis
3215 1802 3318 1859 εει,
3349 1792 3490 1863 quod
3517 1802 3624 1845 non

2053 1909 2233 1964 parem
2258 1890 2541 1946 habuerint
2562 1890 2741 1951 fidem,
2776 1901 2840 1939 ac
2870 1884 3167 1940 Sttnamitis
3194 1883 3318 1950 illa;
3347 1885 3462 1939 h:ec
3479 1884 3622 1939 enim

2055 1995 2322 2040 mortuum
2341 1984 2505 2038 lilium
2524 1997 2629 2035 non
2649 1979 2916 2051 sepelivit,
2932 1976 3352 2045 sed10bvolutum
3372 1975 3630 2047 stragulis

2055 2076 2386 2145 rrlinqnens,
2418 2077 2487 2128 ad
2509 2072 2825 2142 prophetam
2845 2069 3075 2124 ferventi
3109 2069 3210 2122 ﬁde
3236 2070 3510 2135 cucurrit;
3545 2069 3631 2123 hae

2056 2182 2182 2222 vero
2212 2177 2480 2221 mortuum
2511 2164 2730 2218 fratrem
2756 2161 3005 2231 sepulcro
3034 2160 3421 2224 condiderunt;
3451 2170 3505 2213 et
3542 2168 3627 2211 ta-

2053 2272 2175 2311 men
2191 2256 2273 2309 illa
2292 2256 2357 2309 ad
2376 2256 2647 2316 Eliswum,
2666 2252 2753 2320 qni
2768 2252 2930 2305 homo
2942 2259 3075 2316 erat,
3093 2249 3244 2309 abiit,
3259 2249 3342 2303 hae
3354 2250 3417 2302 ad
3435 2249 3627 2303 Deum.

2128 2366 2146 2399 ι
2185 2347 2343 2403 .lcsns
2406 2363 2536 2415 ergo
2592 2358 2810 2401 rursum
2885 2345 3122 2401 fremens
3183 2345 3235 2397 in
3300 2341 3620 2410 semetipso,

2054 2440 2200 2492 venit
2253 2440 2319 2492 ad
2379 2447 2808 2493 munumentum.
2864 2437 2993 2489 Erat
3045 2444 3223 2489 autem
3296 2432 3552 2503 spelunca
3606 2449 3621 2486 :

2055 2541 2109 2584 et
2170 2528 2306 2596 lapis
2358 2529 2729 2598 Superpositus
2776 2536 2893 2580 erat
2940 2526 3009 2582 ei.
3072 2543 3092 2576 ι
3152 2523 3454 2578 infremens
3500 2534 3625 2575 rur-

2056 2637 2149 2676 sus
2217 2635 2505 2675 mmrorem
2566 2620 2725 2673 simul
2787 2629 2843 2673 et
2898 2628 3126 2672 mortem
3168 2616 3412 2681 increpat
3476 2610 3623 2683 (96),

2056 2713 2197 2783 quod
2230 2713 2450 2765 herilem
2482 2711 2713 2765 amicum
2749 2710 2965 2779 aggredi
2992 2723 3118 2762 ausa
3152 2713 3317 2762 esset.
3355 2704 3620 2773 Spelunca

2056 2818 2184 2858 vero
2219 2804 2308 2858 illa
2342 2802 2681 2856 tenebricosa
2739 2811 2792 2856 et
2831 2801 3183 2856 subterranea
3228 2798 3476 2851 humanae
3503 2795 3627 2847 vim

2056 2896 2419 2951 conditionem
2456 2894 2761 2957 adumbrat,
2796 2894 2861 2946 ad
2890 2906 3047 2961 quam
3072 2896 3196 2959 post
3215 2890 3422 2956 lapsum
3456 2887 3621 2941 misev

2058 2989 2303 3042 rabiliter
2340 2987 2487 3041 velut
2542 2986 2595 3041 in
2639 2984 2963 3040 domicilium
3016 2981 3227 3036 deducti
3273 2979 3492 3044 fuimus,
3537 2977 3629 3032 vel

2061 3081 2224 3136 etiam
2284 3079 2519 3133 litteram
2574 3076 2709 3145 legis
2758 3074 3140 3138 umbratilem;
3182 3070 3427 3123 velamen
3475 3082 3624 3132 vero,

2061 3172 2203 3242 quod
2237 3171 2524 3226 obscuram
2559 3166 2813 3222 reddebat
2838 3165 3035 3233 legem,
3055 3164 3229 3234 signat
3257 3158 3633 3230 superpositus

2062 3264 2217 3333 lapis.
2249 3261 2355 3316 Cur
2387 3274 2515 3315 vero
2546 3273 2652 3313 non
2691 3259 2807 3326 ipse
2836 3257 3001 3310 verbo
3051 3253 3281 3322 lapidem
3322 3250 3484 3314 tollit,
3543 3248 3627 3302 vel

2065 3370 2167 3409 non
2191 3353 2352 3408 etiam
2379 3353 2494 3420 ipso
2518 3350 2772 3420 imposito
2792 3356 3066 3401 mortuum
3093 3342 3337 3400 excitat-1'
3357 3342 3620 3408 Quoniam

2065 3461 2167 3500 non
2210 3454 2291 3500 est
2328 3457 2550 3498 necesse
2590 3442 2643 3495 in
2694 3442 2856 3495 rebus
2894 3453 3000 3492 non
3049 3434 3369 3492 necessariis
3411 3441 3633 3501 patrare

2066 3537 2320 3591 miracula
2351 3554 2365 3591 :
2395 3539 2495 3591 hoc
2522 3535 2663 3591 enim
2689 3532 2842 3587 nimii
2884 3531 3105 3586 honoris
3137 3528 3435 3597 aucupandi
3465 3540 3626 3579 causa

2066 3629 2180 3683 ﬁeri
2213 3628 2505 3683 videretur.
2543 3626 2793 3696 Alioquin
2829 3625 2992 3679 etiam
3038 3622 3270 3675 maxime
3310 3635 3347 3675 e
3388 3633 3447 3673 re
3488 3625 3628 3680 erat,

2066 3730 2123 3774 ut
2160 3719 2227 3774 ab
2262 3719 2394 3788 ipsis
2430 3717 2711 3771 tolleretur
2747 3714 2899 3783 lapis,
2935 3723 2987 3768 et
3021 3727 3129 3782 quo
3158 3711 3499 3781 perciperent
3531 3705 3630 3761 fw-

2068 3809 2158 3865 tidi
2192 3809 2632 3879 graveolcntiam,
2666 3816 2718 3861 et
2744 3822 2808 3859 ne
2835 3819 3100 3874 apparens
3120 3816 3240 3857 esse
3260 3800 3400 3869 quod
3431 3799 3629 3852 factum

2065 3918 2123 3957 re
2150 3906 2263 3973 ipsa
2288 3902 2463 3955 fuerat
2491 3920 2504 3955 :
2533 3910 2586 3954 et
2609 3898 2746 3952 alius
2774 3911 2871 3964 pro
2889 3897 2992 3948 alio
3010 3893 3317 3962 suppositus
3349 3901 3635 3957 resurgere

2064 3998 2359 4052 videretur.
2426 3995 2548 4048 Ideo
2605 3992 2679 4045 ait
2734 4008 2748 4044 :
2807 4007 2825 4041 ι
2866 3987 3061 4041 Tollite
3092 3999 3186 4038 vos
3217 3982 3470 4053 lapidem,
3520 3998 3539 4030 ι
3575 3988 3632 4032 et

2065 4099 2334 4143 mortuum
2360 4086 2631 4153 jaceutem
2663 4080 2911 4149 aspicite,
2966 4086 3018 4132 et
3044 4076 3191 4129 velut
3217 4090 3248 4129 e
3285 4085 3475 4127 somno
3498 4084 3637 4124 voce

2065 4187 2496 4250 consurgentem.
2524 4175 2639 4229 Prae
2656 4188 2714 4228 se
2745 4172 2849 4226 fert
2871 4170 3033 4225 etiam
3060 4171 3172 4223 h:ec
3193 4166 3367 4221 oratio
3392 4163 3627 4229 aliquant

2064 4268 2458 4326 incredulitatis
2483 4279 2670 4321 eorum
2693 4260 3190 4331 exprobrationem.
3218 4255 3380 4327 180
3400 4253 3634 4322 imperat

385 4365 625 4436 ψυχαῖς,
670 4365 744 4428 ῶς
799 4367 875 4435 μὴ
930 4365 1227 4434 ἐπιγνῶναι
1274 4365 1362 4418 τὸν
1408 4367 1500 4419 ἐπὶ⁵
1555 4368 1798 4439 σωτηρίᾳ
1863 4367 1955 4421 τοῦ

2064 4364 2233 4430 enim,
2271 4372 2330 4416 ut
2374 4360 2440 4415 ab
2483 4358 2613 4430 ipsis
2662 4355 2874 4411 tollatur
2928 4352 3065 4423 lapis
3100 4344 3498 4408 obstinationis,
3539 4343 3629 4413 qui

389 4434 598 4528 κόσμου
654 4434 1117 4528 παραγενόμενον.
1173 4452 1343 4528 Ἀραι
1389 4458 1444 4510 δὲ
1492 4434 1792 4529 προτρέπει
1863 4459 1955 4514 καὶ

2072 4454 2271 4528 plumbi
2303 4456 2474 4508 instar
2506 4464 2693 4504 eorum
2729 4446 2939 4501 animas
2969 4442 3318 4514 degravabat,
3344 4445 3397 4493 et
3424 4434 3635 4505 quomi-

388 4548 485 4604 τοῦ
504 4549 671 4620 νόμου
700 4549 762 4602 τὸ
791 4548 1076 4619 κάλυμμα,
1105 4548 1179 4611 ὡς
1204 4549 1271 4603 ἂν
1301 4550 1785 4620 περιεσκεμμένως
1806 4566 1955 4622 περι‹

2070 4562 2169 4601 nus
2214 4544 2551 4599 Salvatorem
2595 4542 2661 4596 ad
2696 4537 2878 4594 mundi
2925 4535 3152 4590 salutem
3202 4533 3309 4603 jam
3346 4529 3632 4584 advenisse

390 4640 629 4710 αθρῆσαι
674 4638 744 4692 τά
795 4640 853 4693 ἐν
899 4637 1048 4709 αὐτῷ
1089 4639 1491 4709 τεθεσπισμένα
1524 4639 1601 4710 τῷ
1659 4639 1955 4711 Πνεύματι.

2062 4641 2469 4709 cognoscerent,
2517 4630 2799 4687 obstaculo
2843 4635 2982 4684 erat.
3030 4624 3298 4692 Praecepit
3351 4622 3537 4683 etiam,
3574 4628 3633 4670 ut

388 4728 801 4799 Μυστικωτέρῳ
847 4728 903 4781 δὲ
976 4728 1120 4800 λόγῳ
1184 4729 1245 4782 τὸ
1318 4729 1718 4801 προωρισμένῳ
1775 4710 1955 4800 τρόπῳ

2059 4729 2195 4797 legis
2217 4726 2609 4798 operimentum
2637 4723 2846 4784 tollant,
2869 4727 2924 4774 ct
2943 4726 3146 4773 attente
3166 4710 3630 4776 circumspiciat".

393 4821 588 4891 μέλλον
646 4796 904 4889 γενέσθαι
973 4796 1499 4891 προεξωγράφησενϋ.
1571 4796 1823 4893 *Ὠσπερ-
1853 4796 1955 4893 γὰρ

2058 4796 2177 4891 qua:
2205 4796 2339 4875 inea
2369 4817 2552 4872 divino
2583 4813 2784 4883 Spiritu
2818 4809 3073 4881 praedicta
3111 4812 3257 4860 sunt.
3289 4801 3368 4893 Ad
3394 4799 3510 4893 haec
3529 4796 3632 4893 alia

393 4909 584 4979 πρώην
608 4910 788 4972 αὐτοῖς
814 4910 1084 4979 ἐπεφώνει
1118 4930 1129 4941 ν
1163 4929 1181 4961 ι
1203 4911 1416 4965 Λύσατε
1441 4911 1531 4962 τὸν
1556 4909 1683 4964 ναὸν
1710 4909 1953 4972 τοῦτονη

2067 4887 2237 4976 magis
2265 4909 2486 4981 mystica
2524 4905 2734 4960 ratione
2755 4896 3140 4972 praeﬁguravit,
3184 4887 3639 4981 quodnprtetinito

393 5000 537 5056 οὕτω
561 5003 654 5056 καὶ
681 5001 778 5057 νῦν
798 5020 810 5033 ·
839 5003 1042 5074 ’Ἄρατε
1076 5002 1167 5057 τὸν
1199 5001 1345 5055 λίθον
1374 5000 1583 5066 τοῦτον,
1609 5000 1741 5072 περὶ
1768 5001 1955 5054 ἑαυτοῦ

2070 5001 2228 5055 modo
2250 4979 2568 5054 eventurum
2596 5002 2734 5049 erat.
2759 4990 2911 5046 Sicut
2945 4985 3093 5041 enint
3127 4997 3301 5052 nuper
3331 4979 3438 5034 illis
3467 4991 3633 5032 occu-

391 5092 580 5146 τοῦτον
638 5092 836 5147 λαλῶν.
897 5071 1053 5165 ᾝδει
1102 5093 1232 5165 γὰρ,
1294 5092 1429 5165 ᾔδει,
1485 5092 1560 5155 ὡς
1606 5071 1697 5164 τῷν
1734 5094 1955 5163 ἡγεμόνι

2073 5098 2227 5161 parat
2249 5089 2461 5142 dicere:
2493 5083 2728 5139 «Solvite
2747 5077 2998 5147 templum
3018 5075 3099 5142 “;
3128 5092 3149 5126 ι
3179 5073 3259 5129 sic
3280 5071 3442 5126 etiam
3468 5080 3633 5131 lttltlt‘,

468 5233 515 5266 "
557 5233 686 5304 Sap.
726 5248 802 5296 tv,
844 5235 898 5288 7.
974 5234 1020 5267 “
1056 5232 1213 5290 Joan.
1257 5249 1332 5299 tt,
1373 5233 1461 5290 18.

1622 5322 1944 5385 Francisci
1980 5322 2188 5385 Scorsi
2229 5325 2415 5381 notae.

2146 5444 2258 5515 (96)
2299 5435 2758 5515 ﬂammiuoma!
2823 5445 2872 5488 et
2908 5431 3460 5515 mortemjncrepftus;
3480 5420 3633 5515 (git-01d

2075 5494 2460 5569 ω’ἷιῖὼέόιῐέηι
2492 5510 2686 5564 attinet
2719 5509 3051 5572 increpatum
3088 5509 3144 5556 et
3171 5496 3463 5572 coercitum
3495 5494 3634 5545 dixi-

2074 5564 2402 5652 {Husﬁuto'
2421 5595 2604 5652 supra.
2625 5587 2751 5652 got.
2780 5564 2881 5642 93;
2905 5573 3010 5652 alia
3038 5583 3166 5652 Vero
3201 5566 3364 5652 huius
3387 5564 3638 5652 fremitus

2072 5643 2290 5777 pausan-
2313 5667 2431 5721 quze
2460 5643 2548 5707 hic
2582 5647 2823 5713 affertur,
2876 5643 3045 5714 magis
3083 5647 3166 5696 est
3209 5643 3434 5709 mystica
3472 5643 3635 5704 quant

2094 5732 2251 5777 tttera
2279 5738 2343 5777 is.

2094 5723 2343 5778 itteralis.

470 5448 581 5521 (93)
623 5447 760 5532 Quae
781 5456 905 5503 sunt
934 5448 1178 5502 humana!
1206 5454 1431 5528 natum.
1478 5445 1769 5517 Eleganter
1818 5447 1962 5501 idem

490 5520 726 5573 brevnter
755 5517 889 5572 Naz.
930 5516 1138 5573 Ἐρωτᾶ
1174 5535 1278 5570 που
1299 5517 1506 5570 τίθεται
1536 5515 1782 5573 Λάζαρος
1811 5534 1826 5548 ·
1872 5517 1962 5569 ἀν-

394 5535 460 5575 ac
479 5515 726 5573 breviter
755 5517 889 5572 Naz.
930 5516 1138 5589 Ἐρωτᾷ
1174 5517 1278 5570 ποῦ
1299 5517 1506 5570 τίθεται
1536 5515 1782 5587 Λάζαρος
1811 5534 1826 5548 ·
1872 5517 1965 5569 ἀν-

396 5590 613 5661 θρωπος
637 5588 746 5660 γὰρ
764 5585 856 5661 ἦν.
896 5586 1036 5661 Ἀλλ’
1061 5588 1264 5661 ἐγείρει
1285 5586 1558 5658 Λάζαρον·
1580 5586 1714 5661 Θσος
1738 5585 1847 5661 γάρ
1872 5582 1961 5657 ἦν.

400 5656 816 5729 Ιὶιιεττοθαιάὺῖ
861 5660 1061 5728 positus
1113 5656 1377 5729 Lazarus,
1427 5656 1541 5710 erat
1590 5657 1727 5712 enim
1775 5658 1961 5720 homo;

398 5726 629 5784 suscitat
646 5726 933 5794 Lazarum,
964 5735 1077 5782 erat
1100 5729 1286 5799 quippe
1323 5726 1481 5782 Deus.
