4018 6206
417 353 527 418 525

1621 369 2110 430 THEOPHANIS
2145 371 2488 431 CERAMEI

3548 362 3660 428 5⁸³6

409 465 603 520 Tollite
631 466 858 536 lapidem
924 469 1089 529 hunc,
1143 471 1204 524 de
1241 485 1298 526 sc
1332 471 1448 541 ipso
1487 473 1728 542 loquens.
1764 475 1982 531 Sciebat

2091 480 2487 547 κεκράξονταιο
2536 499 2556 532 ι
2585 475 2776 549 Ἀρον,
2826 473 2978 548 ἆρον,
3047 475 3361 546 σταύρωσον
3412 477 3601 530 αὐτόν.
3637 496 3657 529 ι

413 560 580 622 enim,
623 558 826 612 sciebat
872 558 1137 626 futurum,
1175 575 1231 616 ut
1263 563 1328 617 ad
1374 565 1655 632 prmsidem
1685 567 1988 621 conclama'

2089 572 2350 644 Προλέγει
2401 572 2582 625 τοίνυν
2629 571 2815 633 αὐτοῖς
2855 570 2915 623 τὸ
2971 568 3249 637 ἐσόμενον.
3313 569 3520 636 Ἀρατε
3569 567 3666 620 τὸν

418 658 536 702 rent
576 664 590 700 :
631 666 650 700 ι
691 648 860 714 Tolle,
897 651 1051 718 tolle;
1088 654 1342 726 crucilige
1362 671 1482 710 eum
1507 655 1574 724 ‘7;
1620 676 1638 708 ι
1665 659 1986 726 praenuntiat

2091 667 2236 720 λίθον
2261 665 2354 721 τὸν
2392 667 2786 736 ἀκρογωνιαῖον
2813 663 2935 732 ἐμὲ,
2960 662 3019 715 ὃν
3067 661 3224 731 ὑμεῖς
3269 660 3371 729 μὲν
3401 660 3666 714 ἀπεδοκι-

412 740 580 808 igitur
616 740 773 810 ipsis,
807 743 950 811 quod
979 754 1096 799 erat
1122 744 1384 800 futttrunt.
1418 745 1610 802 Tollite
1651 765 1735 802 me
1755 748 1984 818 lapidem

413 832 724 900 angularem
777 834 847 900 ⁸⁸,
889 850 1048 902 quem
1086 851 1184 890 vos
1229 835 1446 902 quidem
1500 839 1849 906 reprobastis,
1892 841 1986 894 sed

411 921 587 979 factus
623 935 709 979 est
736 926 788 978 in
829 937 988 994 caput
1023 926 1201 996 anguli
1235 925 1304 994 “,
1337 938 1394 982 ut
1428 929 1478 982 in
1515 946 1677 983 unum
1723 931 1984 1000 parietem

412 1014 638 1085 populos
667 1017 801 1071 duos
833 1019 1104 1072 adnectat.
1127 1018 1322 1073 Tollite
1352 1019 1548 1090 ipsum,
1580 1031 1634 1076 et
1663 1023 1982 1093 crucifigite;

414 1121 560 1162 mors
607 1107 749 1160 enim
791 1107 888 1175 ipsi
923 1125 1028 1162 non
1063 1109 1442 1165 dominabitur.
1478 1111 1544 1166 Et
1583 1112 1766 1168 forsan
1816 1114 1980 1169 etiam

412 1195 480 1250 de
515 1196 618 1250 hoc
664 1197 838 1264 lapide
865 1198 1082 1254 Christo
1113 1201 1252 1255 idem
1293 1202 1619 1272 evangelista
1651 1201 1803 1266 dicit,
1839 1203 1980 1274 quod

415 1288 557 1341 venit
588 1289 755 1343 Maria
789 1292 855 1344 ad
900 1302 1328 1358 monumentum,
1366 1303 1420 1347 et
1454 1293 1682 1364 lapidem
1708 1296 1978 1351 sublatum

413 1376 641 1431 invenit.
697 1378 850 1446 Quod
890 1381 1164 1450 explicans
1196 1384 1320 1438 inde
1349 1385 1662 1455 Magdalena
1703 1387 1980 1457 discipulis

414 1467 527 1524 ait:
561 1488 577 1520 ι
613 1469 874 1525 Tulerunt
903 1473 1191 1528 Dominum
1221 1491 1397 1531 meum
1423 1479 1491 1533 de
1539 1489 1906 1534 monumento.
1956 1499 1974 1531 ι

489 1623 508 1656 ι
548 1605 684 1658 Dicit
714 1606 762 1659 ei
788 1607 1022 1674 Martha,
1052 1626 1209 1665 soror
1232 1611 1349 1680 ejus
1377 1615 1466 1683 qui
1495 1625 1740 1670 mortuus
1775 1616 1979 1674 fuerat:

415 1693 659 1762 Dnutittc,
677 1695 790 1764 jam
821 1698 1407 1769 fmtetﬁquatriduanus
1428 1705 1570 1760 enim
1594 1717 1729 1761 εει.»
1757 1706 1982 1765 Videtur

411 1783 629 1852 quidem
674 1799 778 1838 non
834 1789 1054 1842 credere
1091 1788 1301 1844 Martha
1346 1791 1582 1847 futurum
1637 1797 1977 1852 miraculum.
2015 1825 2056 1883 Β

412 1872 542 1938 Quae
567 1873 714 1926 enim
766 1890 960 1944 magna
984 1891 1048 1931 ac
1071 1894 1232 1948 supra
1265 1891 1508 1936 naturam
1532 1894 1676 1950 sunt,
1699 1902 1803 1942 non
1829 1887 1982 1943 facile

413 1963 635 2018 credere
682 1967 984 2022 consuevit.
1033 1967 1413 2028 Verumtamen
1455 1974 1617 2028 etiam
1669 1992 1765 2044 pro
1799 1995 1860 2033 ea
1893 1995 1981 2034 re-

417 2057 658 2110 verentia
717 2067 772 2112 et
804 2059 1028 2124 honore,
1063 2063 1114 2115 in
1149 2078 1255 2132 quo
1278 2063 1560 2120 Dominum
1590 2067 1838 2136 habebat,
1876 2087 1980 2125 non

414 2145 696 2203 ferendum
749 2153 1114 2219 existimabat,
1149 2169 1207 2212 ιιι
1256 2159 1370 2224 ipse
1413 2163 1660 2232 sepulcro
1695 2167 1982 2234 appropin-

413 2251 626 2306 quaret,
654 2257 720 2297 ne
752 2246 1053 2300 molestiam
1079 2263 1141 2302 ex
1173 2265 1400 2318 corpore
1425 2252 1533 2323 jam
1568 2256 1617 2309 in
1647 2259 1980 2323 pntredinent

417 2333 655 2387 re-oluzo
706 2337 958 2392 sentiret.
985 2336 1178 2395 Gravis
1214 2343 1355 2396 enim
1400 2354 1503 2410 est,
1535 2361 1635 2399 nec.
1659 2345 1816 2402 facile
1856 2346 1978 2402 ferri

413 2423 664 2480 vicinitas
700 2429 941 2496 corporis
989 2429 1102 2496 jam
1153 2435 1511 2500 putrescentis
1574 2447 1750 2505 potest
1797 2455 1810 2492 :
1849 2438 1980 2493 nihil

416 2518 561 2572 enim
580 2519 731 2588 pejus
748 2527 856 2573 tam
876 2519 1070 2576 infesto
1088 2521 1282 2578 fictore
1302 2526 1981 2594 reperias.Accommodari

417 2607 581 2662 etiam
647 2611 750 2666 hoc
785 2612 984 2666 dictum
1013 2627 1192 2682 powst
1219 2615 1492 2670 communi
1527 2628 1725 2673 nostrae
1752 2631 1976 2683 naturaa,

417 2714 540 2765 qua:
584 2701 738 2770 quasi
791 2705 1079 2772 quatriduo
1125 2714 1315 2762 exacto
1351 2707 1420 2762 ab
1471 2708 1678 2765 Adamo
1711 2725 1880 2780 usque
1913 2712 1980 2767 ad

415 2789 721 2858 Christum,
754 2794 904 2864 juxta
931 2796 1159 2850 relatum
1197 2813 1224 2849 a
1263 2798 1415 2853 nobis
1440 2816 1600 2868 supra
1631 2801 1978 2867 intellectum,

417 2883 469 2936 in
521 2883 840 2952 ignorantiae
885 2896 1231 2941 monumento
1276 2889 1544 2956 jacuerat,
1594 2900 1648 2944 et
1695 2892 1982 2960 impietatis

419 2973 667 3029 fetorem
693 2976 937 3031 odiosum
961 2979 1365 3050 exhalans,jam
1381 2990 1810 3048 computruerat.
1829 2981 1980 3049 Quod

416 3077 472 3119 et
521 3065 688 3120 David
757 3067 974 3136 plorans
1016 3068 1230 3123 dicebat
1274 3087 1288 3123 :
1336 3088 1354 3122 ι
1403 3070 1730 3126 Putruerunt
1765 3084 1819 3126 et
1862 3088 1984 3127 cor-

421 3167 591 3224 rupta:
635 3165 762 3209 sunt
811 3157 1093 3212 cicatrices
1159 3173 1312 3222 mem,
1376 3176 1405 3213 a
1460 3159 1595 3216 facie
1665 3162 2052 3232 insipientia-3

421 3260 552 3302 meae
582 3247 650 3302 '°.
688 3265 709 3299 ι

495 3355 515 3389 ι
575 3337 714 3392 Dicit
769 3339 816 3392 ei
863 3337 1021 3394 Jesus
1059 3357 1072 3393 :
1111 3337 1300 3396 Nonne
1337 3341 1449 3395 dixi
1491 3342 1609 3406 tibi,
1645 3345 1898 3414 quoniam
1939 3348 1982 3400 si

417 3429 717 3485 credideris
737 3431 946 3485 videbis
976 3431 1199 3500 gloriam
1231 3432 1364 3486 Dei?
1401 3453 1419 3484 ι
1451 3433 1819 3503 Reprehendit
1841 3453 1980 3501 eam,

419 3531 477 3573 nt
507 3522 876 3578 immemorem
901 3523 1037 3590 ejus,
1061 3525 1204 3592 quod
1233 3533 1359 3579 ante
1383 3525 1594 3580 dixerat
1625 3545 1636 3579 :
1670 3547 1688 3579 ι
1723 3527 1986 3598 Resurget

421 3613 590 3668 frater
621 3623 762 3667 tuus.
807 3633 825 3666 ι
863 3613 980 3668 Jam
1004 3625 1056 3667 ιιι
1089 3615 1296 3670 Patrem
1332 3619 1844 3673 consubstantialem
1871 3621 1984 3688 (97)

417 3705 521 3759 sibi
558 3714 613 3759 et
643 3705 867 3774 aequalis
906 3707 1126 3762 honoris
1159 3710 1433 3771 ostendat,
1492 3710 1640 3778 prius
1675 3711 1831 3780 181
1869 3713 1987 3780 qui-

420 3798 562 3861 dem,
597 3798 683 3850 ubi
708 3799 906 3852 audivit
937 3799 1200 3854 Lazarum
1223 3811 1487 3871 aegrotare
1513 3819 1528 3856 :
1560 3801 1846 3858 Infit-initas
1874 3805 1985 3858 lucc

419 3887 632 3956 inquit,
689 3897 770 3942 cst
823 3889 888 3942 ad
921 3888 1143 3958 gloriam
1187 3891 1305 3946 Filii
1357 3891 1484 3958 Dei;
1528 3907 1669 3946 nunc
1718 3909 1876 3955 vero,
1928 3894 1983 3948 Si

419 3975 734 4040 credideris,
778 3977 983 4032 videbis
1018 3979 1240 4048 gloriam
1279 3980 1398 4046 Dei,
1437 3982 1560 4050 quia
1595 3982 1845 4036 nimirum
1881 3999 1984 4038 una

419 4075 504 4122 est
536 4067 703 4136 gloria
739 4067 917 4124 Patris
954 4078 1009 4124 et
1044 4067 1185 4124 Filii.

496 4174 515 4208 ι
551 4155 708 4211 Jesus
757 4171 933 4213 autem
987 4160 1280 4215 sublevatis
1328 4178 1540 4218 sursum
1588 4163 1759 4220 oculis
1806 4163 1982 4218 dixit:

421 4244 601 4310 Pater,
649 4247 852 4316 gra'ias
879 4248 972 4302 tibi
1020 4265 1143 4319 ago,
1181 4252 1431 4319 quoniam
1481 4253 1680 4307 audisti
1733 4267 1836 4305 me.
1877 4252 1988 4320 Ego

417 4347 596 4391 autem
632 4339 889 4406 sciebam,
927 4341 1052 4404 quia
1099 4357 1315 4410 semper
1364 4359 1449 4398 me
1497 4344 1686 4410 audis;
1716 4345 1808 4396 sed
1858 4357 1984 4411 p‘o—

420 4439 536 4491 pter
565 4430 816 4496 popnlmn
844 4431 932 4498 qui
965 4434 1304 4498 circumstat,
1339 4435 1470 4496 dixi,
1509 4445 1563 4488 ut
1589 4438 1831 4498 credant,
1859 4434 1983 4503 quia

2091 759 2322 828 μάσατε,
2385 757 2575 825 γέγονε
2623 756 2680 808 δὲ
2735 756 2813 818 είς
2847 754 3089 823 κεφαλὴν
3133 751 3360 820 γωνίας,
3418 754 3498 814 είς
3561 752 3664 804 ἕνα

2085 852 2263 920 τοῖχον
2293 848 2536 918 συνάψας
2560 848 2688 910 τοὺς
2715 847 2809 900 δύο
2857 845 3039 909 λαούς.
3092 846 3298 914 Ἀρατε
3331 843 3522 902 αὐτὸν,
3564 842 3670 897 καὶ

2089 941 2440 1012 σταυρώσατε
2473 958 2487 972 ·
2529 939 2758 1001 θάνατος
2786 938 2895 1006 γάρ
2924 937 3089 990 αὐτοῦ
3114 936 3176 989 οὐ
3206 932 3662 1003 κατακυριεύσει.

2085 1033 2196 1086 Καὶ
2240 1032 2381 1100 τάχα
2424 1030 2551 1098 περὶ
2603 1028 2791 1082 τούτου
2823 1026 2916 1080 τοῦ
2961 1026 3112 1080 λίθου
3163 1023 3450 1093 Χριστοῦὸ
3493 1023 3669 1086 αὑτός

2087 1135 2253 1188 φησιν
2296 1117 2730 1188 εὐαγγελιστὴς,
2780 1117 2856 1179 ὡς
2903 1111 3066 1186 ἦλθεν
3120 1115 3154 1185 ἡ
3205 1113 3390 1184 Μαρία
3445 1112 3542 1164 ἐπὶ
3601 1114 3670 1165 τὸ

2089 1211 2374 1280 μνημεῖον,
2438 1209 2532 1262 καὶ
2590 1208 2775 1279 βλέπει
2829 1207 2921 1260 τὸν
2984 1207 3130 1259 λίθοιν
3179 1206 3456 1276 ἠρμένον·
3508 1205 3540 1258 ὃ
3596 1205 3669 1272 δὴ

2086 1301 2434 1371 σαφηνίσασα
2491 1303 2526 1372 ὴ
2578 1299 2911 1368 Μαγδαληνὴ
2971 1299 3122 1366 λέγει
3179 1301 3294 1362 τοιῖς
3347 1297 3620 1369 μαθηταῖς
3647 1313 3665 1328 ’

2091 1411 2110 1445 ι
2149 1389 2336 1464 Ἦραν
2368 1391 2460 1447 τδν
2486 1392 2695 1462 Κύριον
2725 1392 2788 1444 ἑκ
2817 1389 2909 1444 τοῦ
2945 1389 3242 1460 μνημείου.
3282 1408 3301 1440 ι

2166 1632 2184 1665 ι
2222 1613 2387 1682 Λέγει
2433 1609 2582 1681 αύτῷ
2614 1611 2647 1681 ἠ
2682 1608 2888 1677 ἀδελφὴ
2932 1605 3028 1661 τοῦ
3059 1604 3380 1676 τεθνηκότος
3410 1603 3619 1672 Μάρθα
3647 1621 3666 1636 ο

2084 1707 2282 1776 Κύριε,
2328 1706 2428 1775 ἤδη
2466 1703 2581 1766 δζει
2609 1719 2622 1732 ·
2656 1702 2975 1771 τεταρταῖος
3003 1699 3114 1768 γάρ
3142 1699 3280 1750 ἐστι.
3313 1715 3331 1747 ι
3374 1698 3533 1748 Δοκεῖ
3565 1696 3669 1762 μὲν

2086 1797 2335 1850 ἀπιστεῖν
2365 1797 2399 1865 ἡ
2438 1796 2638 1865 Μάρθα
2665 1793 2740 1864 τῷ
2775 1791 3032 1859 θαύματι.
3071 1789 3153 1842 Τά
3189 1787 3398 1858 μεγάλα
3426 1787 3536 1854 γὰρ
3569 1786 3672 1838 καὶ

2090 1888 2230 1960 ὑπὲρ
2263 1888 2424 1957 φύσιν
2470 1886 2648 1940 είὼθει
2696 1887 2769 1955 μὴ
2827 1883 3027 1954 ῥᾳδίως
3083 1880 3452 1934 πιστεύεσθαι.
3513 1880 3669 1945 [Di-p1

2091 1983 2172 2034 ὅτι
2207 1982 2321 2046 καὶ,
2351 1979 2455 2033 ὑπὸ
2477 1979 2735 2046 πλείστης
2765 1975 2946 2038 αἰδοῦς
2979 1974 3072 2028 καὶ
3099 1973 3404 2042 τιμῆς,,ούκ
3432 1970 3670 2023 ἀνεκτὸν

2090 2073 2276 2142 ἡγεῖτο
2311 2069 2668 2141 προσεγγίσαι
2717 2063 2794 2133 τῷ
2844 2065 2998 2133 τάφῳ
3039 2062 3132 2114 τὸν
3180 2059 3384 2129 Κύριον
3436 2057 3523 2110 διὰ
3563 2056 3669 2119 τὴν

2091 2164 2418 2234 ὲγκειμένην
2464 2161 2656 2230 ἀηδίαν
2688 2159 2781 2212 τοῦ
2821 2157 2954 2227 πρὸς
2994 2153 3204 2224 φθορὰν
3238 2150 3670 2224 διαῤῥεύσαντος

2092 2255 2366 2326 σώματος.
2421 2252 2684 2319 Φορτικδν
2740 2251 2849 2319 γὰρ
2899 2248 2994 2301 καὶ
3057 2245 3336 2298 δύσοιστον
3387 2240 3669 2312 μυδῶντος

2088 2350 2189 2419 ἤδη
2247 2347 2499 2417 σώματος
2558 2336 3298 2414 προσεγγίσαιοκακοσμίας
3349 2333 3459 2404 γὰρ
3516 2331 3668 2385 οὕτω

2089 2439 2267 2508 δεινῆς
2298 2438 2358 2490 οὐ
2403 2437 2586 2506 χεῖρον
2623 2433 2813 2504 ἕτερον
2860 2429 3060 2500 γένοιτ’
3105 2429 3193 2482 ἄν.
3251 2426 3516 2496 ’Δρμόσει
3549 2424 3606 2476 δὲ
3635 2423 3669 2474 ὁ

2088 2531 2245 2598 λόγος
2281 2529 2375 2582 καὶ
2421 2528 2510 2580 ἐπὶ
2542 2525 2641 2594 τῆς
2690 2522 2880 2592 κοινῆς
2921 2519 3080 2591 ἡμῶν
3111 2519 3348 2585 φύσεως,
3393 2516 3537 2585 ἥτις,
3586 2514 3671 2577 ὡς

2087 2623 2430 2694 τεθρήμερον
2468 2617 2753 2672 διελθοῦσα
2784 2617 2911 2677 τοὺς
2941 2613 3050 2668 ἀπὸ
3093 2611 3266 2680 ’Δδάμ
3313 2610 3474 2680 μέχρι
3526 2609 3669 2676 Χρι⁴

2092 2713 2218 2768 στοῦ
2263 2713 2404 2767 κατὰ
2445 2711 2536 2763 τὴν
2581 2706 3057 2780 προσαπώοθέντα
3095 2702 3315 2766 σκοπὸν,
3357 2703 3415 2753 ὲν
3450 2699 3530 2768 τῷ
3565 2698 3668 2767 τῆς

2089 2806 2310 2874 ἀγνοίας
2339 2802 2598 2872 ἐϐέϐλητο
2628 2800 2889 2871 μνήματι,
2915 2800 2983 2866 τῇ
3016 2791 3249 2864 δυσωδίᾳ
3277 2792 3378 2859 τῆς
3405 2789 3666 2850 ἀσεϐείας

2089 2897 2268 2966 ἀηδῶς
2301 2894 2628 2958 ὲποζέσασα.
2663 2894 2728 2944 ’0
2759 2890 2850 2943 καὶ
2877 2892 2904 2942 ὁ
2927 2886 3088 2940 Δαϐὶδ
3117 2885 3439 2954 ὀδυρόμενος
3464 2882 3618 2948 ἔλεγε
3643 2896 3663 2913 ο

2098 3010 2116 3042 ι
2157 2987 2516 3058 Προσώζεσαν
2555 2984 2648 3038 καὶ
2694 2983 2977 3052 ὲσάπησαν
3021 2981 3070 3032 οἱ
3125 2977 3392 3049 μώλωπες
3421 2992 3525 3045 μου
3553 2972 3666 3027 ἀπὸ

2091 3078 2382 3152 προσώπου
2412 3077 2510 3146 τῆς
2547 3074 2861 3144 ἀφροσύνης
2899 3091 3022 3143 μου.
3073 3091 3091 3123 ι

2170 3351 2188 3383 ι
2227 3331 2389 3398 Λέγει
2423 3329 2561 3398 αὐτῇ
2593 3329 2621 3380 ὁ
2657 3324 2866 3394 Ἰησοῦς
2897 3339 2912 3355 ·
2959 3325 3074 3378 Οὐκ
3102 3318 3257 3377 εἶπόν
3289 3341 3371 3376 σοι
3408 3323 3513 3386 ὅτι,
3563 3323 3665 3376 ἐὰν

2087 3422 2366 3492 πιστεύῃς,
2397 3420 2518 3488 ὄψει
2550 3419 2648 3488 τὴν
2672 3417 2829 3482 δόξαν
2864 3416 2958 3469 τοῦ
3000 3415 3136 3469 Θεοῦ
3168 3432 3185 3481 ;
3227 3435 3244 3466 ι
3304 3413 3664 3484 Ἑπιπ),ήττει

2086 3521 2257 3588 αὐτὴν
2285 3519 2360 3580 ὡς
2398 3515 2797 3586 ἐπιλαϐομένην
2822 3514 2899 3577 ὡς
2932 3511 3087 3567 εἶπεν
3117 3515 3281 3582 αὐτῇ,
3311 3513 3393 3565 ὅτι
3433 3530 3452 3563 ι
3503 3511 3664 3565 Ἀνα-

2089 3612 2345 3679 στήσεται
2371 3611 2397 3662 ὁ
2420 3608 2644 3675 ἁδελφός
2668 3624 2763 3660 σου
2797 3620 2812 3635 ⁶
2859 3625 2878 3658 ι
2915 3605 3197 3675 ἐμφαίνων
3231 3605 3287 3657 δὲ
3316 3603 3407 3656 τὸν
3437 3604 3663 3672 Πατέρα

2086 3702 2367 3773 ὀμοούσιον
2394 3701 2486 3754 καὶ
2522 3699 2807 3768 ὁμότιμον,
2849 3698 3114 3766 πρότερον
3149 3696 3247 3766 μὲν
3279 3695 3540 3758 ἀκούσας,
3584 3693 3665 3752 ὡς

2085 3799 2112 3850 ὁ
2143 3797 2392 3859 Actiaca;
2433 3793 2667 3859 ἀσθενεῖ,
2703 3792 2764 3845 ἸΙ
2788 3791 3062 3850 ἀσθένεια,
3091 3785 3266 3856 εἶπεν,
3319 3788 3479 3860 αὕτη,
3517 3787 3665 3858 ὑπὲρ

2086 3890 2182 3956 τῆς
2205 3885 2361 3956 δόξης
2400 3885 2488 3938 ἐπὶ
2533 3884 2625 3938 τοῦ
2665 3883 2794 3936 Υἱοῦ
2829 3883 2921 3936 τοῦ
2973 3882 3109 3935 Θεοῦ
3139 3899 3152 3912 ·
3198 3880 3297 3935 νῦν
3341 3880 3396 3933 δέ
3447 3896 3616 3949 φησιν
3646 3895 3664 3908 '

2099 3977 2222 4030 Ἐὰν
2252 3976 2534 4048 πιστεύῃς,
2565 3973 2686 4042 ὕψει
2714 3972 2812 4043 τὴν
2850 3970 3010 4039 δόξαν
3037 3971 3130 4024 τοῦ
3156 3970 3313 4033 Θεοῦ,
3347 3967 3530 4039 ἐπειδὴ
3561 3965 3664 4036 μία

2085 4063 2209 4129 δόξα
2241 4065 2447 4134 Πατρξς
2473 4061 2567 4115 καὶ
2593 4061 2748 4116 Υἱοῦ.

2166 4176 2184 4208 ι
2219 4157 2276 4209 ’0
2303 4157 2357 4209 δὲ
2389 4153 2592 4222 Ἰησοῦς
2614 4150 2714 4224 ἦρε
2739 4153 2866 4215 τοὺς
2893 4151 3202 4221 ὀφθαλμοὺς
3227 4152 3358 4214 ἀνω,
3382 4149 3475 4203 καὶ
3500 4145 3622 4201 εἷπε
3646 4165 3662 4180 ·

2089 4252 2301 4319 Πάτερ,
2344 4245 2653 4318 εὐχαριστῶ
2699 4261 2812 4303 σοι.
2854 4245 2934 4296 ὅτι
2973 4242 3215 4312 ἤκουσάς
3259 4258 3380 4312 μου.
3419 4239 3562 4307 Ἐγὼ
3607 4241 3665 4293 δὲ

2089 4342 2236 4412 ᾔδειν
2268 4341 2348 4392 ὅτι
2380 4339 2552 4392 πάντα
2587 4353 2686 4406 μου
2717 4335 2956 4397 ἀκούεις,
2986 4334 3120 4386 ἀλλά
3149 4334 3236 4387 διὰ
3263 4334 3354 4384 τὸν
3383 4332 3541 4400 ὖχ).ον
3570 4333 3666 4385 τὸν

2091 4433 2414 4502 παρεστῶτα
2456 4427 2629 4495 εἷπον,
2673 4429 2759 4481 ἵνα
2803 4427 3005 4495 γνῶσιν
3045 4428 3126 4480 ὅτι
3171 4425 3236 4478 σύ
3288 4444 3353 4495 με
3400 4425 3667 4476 ἀπέστει-

420 4528 478 4570 ιιι
511 4533 594 4572 me
627 4519 842 4574 misisti.
882 4539 902 4573 ι
937 4520 1089 4585 Quod
1124 4525 1309 4578 oculos
1343 4540 1469 4578 suos
1500 4526 1738 4590 sustulit,
1771 4535 1824 4580 et
1850 4541 1942 4594 gra
1964 4555 1975 4564 ο

2093 4523 2211 4584 λας.
2253 4541 2272 4590 ι
2308 4521 2404 4574 Διὰ
2439 4520 2536 4589 μὲν
2567 4518 2658 4572 τοῦ
2691 4513 2820 4588 ἆραι
2852 4515 2980 4579 τοὺς¹
3014 4515 3322 4586 ὀφθαλμοὺς
3357 4513 3518 4567 αὐτοῦ
3550 4513 3666 4566 ἄνω

423 4611 525 4663 tias
563 4611 674 4679 egit
713 4608 883 4675 Patri,
934 4612 1168 4666 ostendit
1219 4628 1322 4666 non
1373 4631 1491 4669 esse
1537 4630 1596 4669 se
1646 4621 1977 4669 contrarimn

424 4703 529 4756 Deo
558 4702 688 4773 (98).
718 4700 819 4757 Per
843 4703 956 4774 ipsa
982 4716 1109 4757 vero
1133 4704 1392 4758 orationis
1415 4707 1575 4761 verba
1604 4709 1765 4760 etiam
1799 4722 1983 4776 mqua-

2089 4616 2185 4669 καὶ
2223 4616 2564 4685 εὐχαριστεῖν
2627 4611 2703 4678 τῷ
2747 4611 2920 4680 Πατρὶ
2957 4609 3227 4662 δείκνυσιν
3261 4607 3333 4671 ὡς
3373 4607 3474 4660 οὐκ
3513 4605 3664 4658 ἐστιν

2090 4703 2331 4765 ἀντίθεος
2356 4718 2370 4732 ⁸
2402 4701 2487 4755 διὰ
2517 4702 2570 4754 δὲ
2628 4701 2717 4754 τὸν
2749 4701 2904 4768 λόγον
2936 4700 3032 4770 τῆς
3066 4698 3231 4770 εὐχῆς
3271 4694 3569 4767 παρίστησι
3603 4693 3666 4746 τδ

489 4841 532 4871 ⁸⁷
570 4839 725 4895 Jnan.
768 4858 882 4906 κις,
926 4843 1013 4898 15.
1091 4843 1136 4874 ⁸⁸
1176 4842 1363 4898 Matth.
1410 4858 1521 4908 ut,
1561 4845 1650 4899 42.
1729 4846 1774 4878 ⁸³
1818 4845 1953 4898 Psal.

2091 4861 2142 4898 'Il
2169 4886 2182 4905 ,
2223 4843 2314 4898 22.
2389 4843 2435 4874 "
2477 4841 2616 4896 Psal.
2660 4858 2865 4907 xxxvtt,
2908 4842 2958 4895 6.

1644 4990 1961 5052 Francisci
2006 4987 2214 5052 Scorsi
2257 4997 2441 5049 notae.

497 5106 606 5180 (97)
649 5108 690 5180 υ
701 5119 716 5160 ι
749 5108 962 5180 Patrem
994 5108 1514 5165 consubstantialem.
1545 5109 1654 5164 Vox
1705 5111 1989 5180 ὀμοούσιος

423 5179 514 5233 Inc
548 5179 766 5232 thr-isto
801 5178 1055 5233 tribuitur
1088 5181 1297 5232 ratione
1339 5189 1545 5231 naturae
1575 5178 1788 5244 divinae,
1829 5198 1988 5247 quam

419 5251 926 5318 eannlem‘numero
970 5263 1032 5301 ac
1075 5248 1236 5302 Pater
1309 5249 1487 5303 halwt.
1533 5249 1704 5318 Supra
1755 5262 1866 5305 not.
1896 5253 1987 5314 94,

421 5335 541 5373 eam
575 5318 642 5372 de
667 5311 889 5370 Christo
921 5320 1202 5385 usurpavit
1236 5319 1441 5371 ratione
1479 5311 1685 5374 natura!
1721 5311 1988 5386 Innnanzr,

423 5403 589 5458 quam
637 5387 882 5442 eamdem
936 5389 1137 5458 specie,
1190 5402 1252 5441 ac
1302 5403 1419 5447 nos,
1467 5389 1648 5442 habet.
1692 5389 1994 5458 Utrumque

423 5457 552 5512 vero
585 5467 730 5511 recte
764 5457 1011 5528 usurpari
1041 5471 1104 5528 ex
1141 5458 1741 5528 conc.Chalcedoncnsi
1777 5457 1990 5528 planum

421 5537 528 5590 est,
578 5528 642 5580 de
693 5542 800 5594 quo
846 5525 1146 5590 plusculum
1189 5527 1514 5581 disseremus
1570 5533 1634 5581 ad
1691 5525 1835 5583 hom.
1900 5530 1990 5595 46,

421 5597 694 5669 ut__‘etiam
749 5595 905 5667 paulo
952 5611 1113 5662 supra
1161 5598 1340 5649 monui
1396 5605 1511 5650 not.
1565 5599 1635 5652 94
1686 5599 1848 5669 hujus
1899 5599 1997 5652 bo-

421 5665 606 5719 τιιίίίεΐ.

2091 5128 2213 5166 nam
2247 5121 2301 5165 et
2344 5109 2431 5174 qui
2465 5107 2618 5177 quasi
2649 5106 2788 5161 alter
2825 5113 2904 5177 est
2949 5107 3107 5177 Deus,
3149 5103 3414 5177 ἀντίθεος,
3440 5112 3516 5177 νει
3567 5104 3662 5172 qui

2091 5179 2396 5234 contrarius
2443 5175 2523 5231 est
2569 5177 2700 5240 Deo,
2748 5175 3012 5237 ἀντίθεος.
3062 5175 3212 5239 Quod
3255 5176 3542 5228 ostendam
3591 5191 3664 5228 ex

2133 5250 2338 5304 Iurilms
2384 5250 2709 5317 scriptorum
2766 5248 3049 5317 utriusque
3075 5245 3298 5317 ordinis
3329 5243 3660 5317 _|ocis_inl"ra

2133 5267 2338 5304 turtuus
2384 5267 2709 5317 scrlptorum
2766 5267 3049 5314 mnusque
3089 5267 3298 5298 nruluts
3352 5267 3482 5297 tuus
3519 5267 3660 5296 ultra

2091 5267 2240 5374 hom.
2277 5317 2368 5378 48,
2399 5329 2510 5371 not.
2547 5317 2830 5382 69,‘quam
2885 5315 3021 5368 vide.
3074 5315 3293 5368 Interim
3329 5313 3413 5366 hic
3449 5313 3663 5365 aiIirmo

2095 5404 2316 5445 sensum
2371 5387 2526 5453 hujus
2578 5386 2675 5440 loci
2720 5400 2864 5444 esse,
2898 5400 3056 5452 quem
3097 5387 3486 5453 interpretatus
3537 5397 3661 5434 sum

2102 5451 2573 5528 παραφραστίκῶς
2605 5455 2895 5528 explicans
2920 5451 3165 5528 anetoris
3193 5455 3378 5528 verba.
3407 5451 3666 5528 Christus

2100 5522 2471 5595 eni'm,'iuquit
2507 5527 2613 5588 ille,
2651 5522 2813 5578 Orans
2866 5522 3075 5576 Patrem
3123 5522 3567 5595 simulrostendi't
3603 5536 3668 5574 se

2099 5615 2204 5651 non
2255 5591 2387 5651 esse
2426 5595 2753 5650 contrarium
2801 5595 2928 5654 Deo,
2967 5595 3102 5661 quod
3149 5591 3317 5646 Judmi
3370 5605 3473 5642 non
3539 5603 3668 5643 raro

2096 5665 2428 5733 olijcceranl.
2466 5675 2522 5718 nt
2548 5665 2702 5720 Joan.
2731 5680 2851 5730 eap.
2890 5663 2955 5716 l9
2992 5679 3006 5715 :
3056 5663 3176 5715 Non
3215 5672 3292 5714 est
3321 5662 3405 5733 hic
3436 5662 3600 5733 ltom_o_
3633 5676 3668 5711 α

497 5733 608 5804 (98)
652 5733 986 5790 Contrarium
1014 5735 1141 5790 Deo.
1176 5735 1268 5790 Sic
1301 5736 1504 5792 reddidi
1542 5754 1727 5793 vocem
1755 5738 1986 5792 ἀντίθεοι

2100 5727 2231 5799 Οέο,
2285 5736 2374 5803 qui
2403 5735 2694 5789 Sabbatum
2755 5727 2856 5785 ιιὸιι
2895 5735 3234 5796 ειιειοιΙὲιςει
3273 5731 3510 5804 ibidem:
3547 5727 3669 5804 fxo}

423 5803 528 5861 hoc
554 5804 693 5869 loco,
740 5820 856 5873 qua:
897 5815 1073 5860 tamen
1100 5807 1430 5861 contrariam
1473 5808 1632 5864 etiam
1667 5809 1832 5864 habet
1861 5809 1999 5876 vim;

2101 5798 2313 5873 scimus,
2341 5805 2467 5875 quia
2503 5805 2583 5858 hic
2618 5805 2768 5859 homo
2804 5813 3043 5871 peccator
3073 5815 3166 5870 est,
3209 5810 3263 5856 et
3297 5800 3456 5855 aliter
3509 5798 3664 5853 alibi.
