4018 6206
500 210 603 277 551
1717 199 2213 266 THEOPIIANIS
2253 199 2594 262 CERAMEI
2898 253 2910 263 .
3626 211 3709 277 552

496 327 550 379 in
582 323 801 393 epulum
848 323 956 379 illis
992 321 1364 393 apposuisset,
1403 336 1509 375 una
1540 334 1660 373 cum
1695 320 1826 389 ipsis
1860 318 1913 372 in
1943 332 2083 371 mori-

2129 322 2170 378 Α
2196 316 2398 385 γήσας,
2434 315 2530 367 καὶ
2559 310 2823 383 προσθεὶς
2842 310 2923 374 si;
2956 311 3223 379 ἑστίασιν,
3248 313 3412 379 ἔξεισι
3443 317 3553 384 μετ’
3573 322 3716 381 αὐτῶν

496 428 605 470 tem
660 415 935 470 Olivarum
985 413 1286 484 egreditur,
1328 422 1386 466 ut
1441 427 1617 481 neque
1652 410 1968 465 Passioncm
1997 409 2083 462 de-

2205 408 2287 469 εἷς
2342 405 2406 458 τὸ
2466 405 2594 476 δρος
2632 402 2742 456 τῶν
2767 402 2987 469 ἐλαιῶν,
3028 402 3155 457 οὔτε
3176 404 3236 458 τὸ
3262 407 3431 470 πάθος
3474 410 3718 483 ἐκκλίνων,

496 507 748 573 clinaret,
782 507 1077 575 (quomodo
1124 507 1270 559 enim
1322 505 1375 558 id
1425 505 1648 567 faceret,
1682 503 1772 573 qui
1823 512 1875 557 et
1906 502 2083 571 provi-

2203 497 2346 571 [πῶς
2370 498 2480 567 γὰρ
2512 498 2541 549 6
2574 496 2669 549 καὶ
2724 495 3019 565 προειδὼς,
3065 497 3163 549 καὶ
3212 501 3628 571 προαγορεύσας,
3648 510 3720 561 καὶ

498 602 648 654 derat
685 610 740 653 et
769 598 1095 666 przedixerat
1149 613 1207 651 se
1241 612 1526 667 passurum
1552 636 1568 659 ,
1597 605 1649 649 et
1696 605 1878 661 posset
1926 593 2085 649 etiam

2198 588 2498 658 δυνάμενος
2523 589 2718 656 φυγεῖν
2748 584 2810 638 τὺ
2852 585 3123 657 παθεῖνς]
3156 586 3278 640 οὔτε
3330 590 3434 659 μὴν
3470 592 3721 665 αὐτόμολος

496 692 784 759 quominus
833 698 1111 759 pateretur
1135 689 1440 759 effugere?)
1475 705 1647 757 neque
1680 703 1805 740 vero
1848 703 1908 742 se
1940 686 2083 740 ultro

2203 681 2296 736 ἰὼν
2333 680 2475 750 πρὸς
2515 681 2642 742 τοὺς
2695 681 2964 748 φονευτάς
2994 696 3006 710 ·
3038 679 3100 732 τὸ
3127 681 3225 749 μὲν
3252 683 3358 751 γὰρ
3387 683 3532 748 λύσις
3559 682 3618 757 ἦν
3645 691 3722 760 τῆς

501 780 794 834 homicidis
842 781 1128 849 objiceret.
1180 781 1419 834 Primum
1460 781 1602 833 enim
1652 790 1768 832 erat
1804 778 2087 832 consilium

2212 773 2550 843 οἰκονομίας,
2588 772 2683 824 καὶ
2701 771 2873 823 δειλία
2906 788 2990 834 τις
3019 772 3225 841 ἀγεννὴ
3244 793 3255 797 -
3274 812 3288 835 ,
3315 773 3376 825 τὸ
3408 774 3461 828 δὲ
3499 780 3723 848 πρόφασιν

496 871 1034 940 dispositionctuque
1089 872 1334 924 frustrari
1371 871 1507 941 (19),
1537 882 1593 925 et
1627 871 1872 940 ignavam
1900 884 2008 936 prae
2034 882 2083 921 sc

2202 867 2430 935 παρεῖχε
2468 867 2580 917 τοῖς
2617 862 2916 933 βδελυροῖς,
2968 863 3044 926 ὼς
3073 864 3175 933 οὐχ
3206 864 3470 935 ἥμαρτον,
3507 871 3724 925 ἀποκτεί-

499 964 646 1019 l'erre
719 965 1127 1030 formidinem;
1184 964 1409 1019 alterum
1490 980 1619 1019 vero
1679 965 2086 1018 excusationem

2201 975 2396 1020 ναντες
2421 957 2514 1009 τὸν
2544 958 2738 1009 ἐαυτὸν
2780 958 2964 1010 ἐκοντῖ
2999 958 3339 1027 παραδόντα,
3364 960 3455 1012 καὶ
3484 967 3724 1035 μονονουχὶ

498 1058 855 1112 exsecrandis
906 1057 1222 1111 hominibus
1256 1057 1603 1126 prtelmisset,
1640 1056 1796 1124 quasi
1826 1071 1955 1110 vero
1987 1056 2085 1108 mi-

2198 1050 2262 1101 τδ
2312 1050 2482 1113 πάθος
2542 1049 2894 1119 ἁρπάσαντα,
2945 1049 3112 1117 Ὁμοῦ
3165 1065 3226 1101 τε
3276 1051 3370 1103 καὶ
3415 1056 3506 1120 τῆς
3534 1054 3726 1125 ἀληθοῦς

498 1166 604 1205 nus
646 1152 697 1203 in
730 1166 795 1204 eo
823 1153 1123 1206 occidendo
1168 1161 1509 1218 peccassent,
1558 1151 1649 1218 qui
1686 1166 1744 1203 se
1780 1147 2085 1203 voluntarie

2203 1142 2455 1213 ἀνδρείας
2518 1144 2655 1211 ἡμῖν
2710 1142 2884 1206 τύπος
2932 1143 3165 1210 γίνεται,
3213 1143 3399 1212 ὀφθεὶς
3452 1145 3630 1212 δειλίας
3652 1150 3726 1203 καὶ

499 1240 819 1292 tradidisset
840 1254 860 1305 ',
916 1251 969 1293 et
1018 1240 1328 1309 passionem
1389 1241 1456 1292 ah
1510 1240 1644 1310 ipsis
1701 1239 2086 1309 propemodum

2203 1233 2440 1303 θράσους
2470 1232 2804 1301 ὑπέρτερος,
2842 1229 2937 1284 καὶ
2963 1228 3239 1282 διδάσκων
3279 1230 3346 1283 δι’
3383 1232 3562 1285 ἐαυτοῦ
3614 1238 3723 1303 μήτε

499 1331 869 1384 extorsisset:
908 1332 1070 1384 simul
1099 1333 1262 1386 etiam
1300 1346 1438 1384 verae
1476 1329 1810 1385 lortitudinis
1840 1343 1899 1383 se
1928 1328 2085 1382 nobis

2200 1325 2366 1393 ὁμόσε
2425 1325 2621 1393 χωρεῖν
2681 1322 2819 1392 πρὸς
2888 1322 3017 1384 τοὺς
3081 1326 3445 1392 πειρασμοὺς,
3484 1327 3606 1394 μήτε
3641 1328 3724 1397 μὴν

501 1418 756 1484 proponit
822 1419 1141 1485 exemplar,
1200 1435 1321 1471 cum
1388 1419 1597 1473 timoris
1647 1429 1701 1473 et
1751 1420 1989 1472 au'acizn
2034 1432 2088 1472 se

2202 1415 2534 1478 ἐπελθόντας
2566 1416 2812 1483 ἀγεννῶς
2843 1414 3347 1483 μορμολύττεσθαι.
3392 1417 3499 1469 Οὐκ
3529 1419 3581 1469 ἐν
3606 1421 3723 1489 οἰκίᾳ

499 1508 766 1563 victorem
800 1512 1061 1575 ostendit,
1107 1520 1161 1565 et
1189 1526 1285 1565 suo
1334 1511 1474 1564 facto
1516 1526 1612 1565 nos
1652 1511 1892 1577 instruit,
1921 1524 2086 1578 neque

2198 1508 2255 1559 δὲ
2294 1505 2757 1575 συλλαμϐάνεται,
2806 1505 2997 1575 ἐπειδὴ
3023 1505 3360 1559 ἐδεδίττοντο
3409 1509 3528 1570 τοὺς
3568 1506 3723 1577 ὄχλους

500 1616 568 1653 ex
601 1600 833 1655 adverso
888 1604 1282 1671 aggrediendas
1330 1620 1454 1659 esse
1508 1603 1833 1657 tentationes
1861 1642 1875 1668 ,
1917 1617 2087 1670 neque

2202 1600 2250 1651 οῖ
2285 1600 2385 1667 τὴν
2436 1597 2735 1663 ἐπιϐουλὴν
2795 1596 3218 1667 ἐξαρτύσαντες.
3250 1599 3312 1650 Εἰ
3337 1598 3442 1668 γὰρ
3469 1599 3553 1652 καὶ
3581 1599 3643 1671 μή
3665 1599 3722 1663 ὡς

502 1706 627 1745 curn
661 1708 760 1747 nos
790 1693 1070 1757 invadunt,
1100 1711 1195 1762 per
1226 1696 1496 1764 ignaviam
1543 1709 1663 1747 esse
1695 1695 2088 1747 formidandus.

2136 1689 2170 1742 Β
2199 1690 2319 1758 Θεῷ
2362 1693 2658 1761 προσεῖχον
2688 1690 2862 1760 αὐτῷ,
2890 1689 3012 1743 ἀλλ’
3044 1692 3109 1742 ἐκ
3140 1690 3244 1759 τῆς
3295 1686 3625 1753 διδασκαλίας
3650 1693 3723 1744 καὶ

502 1782 657 1837 Domi
705 1800 835 1838 vero
891 1801 995 1840 non
1054 1788 1566 1854 comprehenditur,
1615 1802 1679 1841 co
1719 1787 1862 1855 quod
1905 1786 2089 1840 turbas

2197 1784 2306 1837 τῶν
2334 1783 2629 1853 θαυμάτων
2660 1782 2829 1853 ἄνδρα
2888 1782 3099 1836 δίκαιον
3143 1784 3247 1837 καὶ
3293 1785 3569 1855 προφήτην
3594 1784 3722 1838 αὐτὸν

503 1875 769 1930 timehaut
827 1877 1201 1932 insidiatores.
1236 1880 1561 1949 Quanquam
1604 1880 1749 1933 enim
1797 1878 1947 1932 illum
1984 1892 2089 1931 non

2199 1878 2472 1946 ἐνόμιζον.
2507 1875 2735 1928 Δίδωσιν
2762 1875 2857 1929 οὖν
2885 1876 3070 1939 αὐτοῖς
3098 1874 3293 1928 ἄδειαν
3311 1875 3374 1929 ἐκ
3396 1892 3454 1928 τε
3475 1875 3565 1945 τῆς
3588 1875 3720 1946 ὥρας,

505 1968 829 2036 reputabant
876 1971 1083 2033 Deum,
1138 1980 1380 2025 attamen
1417 1986 1479 2025 ex
1536 1972 1779 2025 doctrina
1828 1980 1882 2025 et
1924 1969 2089 2022 mira-

2201 1971 2266 2022 ἐκ
2291 1986 2349 2021 τε
2374 1969 2468 2021 τοῦ
2502 1968 2669 2021 τόπου
2703 1969 2783 2033 εἰς
2833 1968 3009 2036 πέρας
3064 1968 3301 2036 ἀγαγεῖν
3332 1969 3393 2021 τὸ
3423 1967 3722 2039 citauitqu

505 2059 642 2113 culis
674 2060 850 2113 virum
902 2062 1111 2130 justum
1142 2073 1197 2117 et
1243 2066 1565 2132 prophetam
1624 2080 1746 2118 eum
1797 2062 2091 2116 habebant.

2031 2068 2091 2115 it.
2200 2060 2373 2113 Πάλιν
2404 2057 2496 2112 οὖν
2519 2060 2778 2129 προλέγει
2816 2060 2929 2122 τοῖς
2960 2058 3245 2127 μαθηταῖς
3267 2059 3329 2112 τὸ
3355 2060 3614 2129 ἐσόμενον.

506 2150 718 2207 Ρτωυθι
743 2155 1035 2223 igiturillis
1065 2166 1203 2209 etcx
1235 2158 1389 2222 hora,
1419 2167 1475 2212 et
1502 2172 1565 2210 ex
1628 2158 1749 2212 luco
1781 2154 2111 2225 transigendi
2149 2154 2258 2209 doli
2301 2154 2675 2206 securitatem.
2726 2152 2869 2222 Ergo
2937 2166 3130 2207 rursus
3181 2154 3431 2222 praedicit
3473 2153 3725 2224 discipulis,

505 2245 649 2312 quod
673 2258 997 2300 eventurum
1030 2255 1169 2300 erat.
2324 2234 2327 2235 ν

589 2356 608 2388 ι
653 2336 856 2392 Omnes
878 2353 971 2391 vos
998 2338 1497 2393 scaudalizahimini
1527 2339 1578 2393 in
1612 2338 1925 2404 nocteista;
1960 2335 2100 2392 scri-

2280 2353 2298 2385 ι
2342 2333 2551 2397 Πάντες
2604 2335 2768 2403 ὑμεῖς
2824 2334 3368 2406 σκανδαλισθήσεσθε
3417 2337 3473 2390 ἐν
3519 2340 3578 2408 τῇ
3604 2328 3766 2391 νυκτὶ·

507 2436 658 2496 ptum
737 2436 824 2481 est
891 2429 1061 2493 enim,
1103 2428 1265 2497 189
1321 2429 1632 2483 Percutiam
1688 2437 1995 2497 pastorem,
2046 2432 2094 2480 el

2199 2426 2373 2496 ταύτῃ
2400 2441 2415 2455 ’
2442 2425 2757 2496 γέγραπται
2788 2426 2923 2498 γὰρ,
2954 2445 2973 2479 ι
3012 2427 3256 2491 Πατάξω
3281 2429 3372 2481 τὸν
3400 2430 3631 2497 ποιμένα,
3656 2430 3731 2483 καὶ

509 2519 896 2589 dispergentur
945 2535 1094 2572 oves.
1154 2537 1173 2571 ι
1244 2519 1337 2573 llis
1393 2521 1574 2574 verbis
1627 2518 1866 2573 ostendit
1922 2516 2096 2573 Patris

2201 2516 2793 2587 διασκορπισθήσονται
2842 2518 2914 2570 τὰ
2982 2505 3266 2588 πρόϐατα..
3321 2538 3340 2571 ι
3374 2520 3606 2573 Δείκνυσι
3662 2520 3732 2574 διὰ

510 2612 915 2680 dispensatione
961 2623 1125 2679 atque
1181 2611 1412 2666 consilio
1461 2612 1702 2675 evenire,
1740 2610 1885 2679 quod
1919 2609 2097 2663 ﬁebat.

2201 2608 2433 2670 τούτων,
2475 2609 2558 2660 ὃτι
2598 2608 2887 2677 οἰκονομία
2931 2608 3050 2661 ἐστὶ
3094 2610 3342 2679 πατρική
3372 2610 3431 2662 τὸ
3465 2609 3723 2679 γινόμενον.

514 2705 595 2758 0b
629 2704 679 2757 id
714 2704 856 2756 enim
897 2705 1111 2756 fuerant
1149 2703 1264 2758 haec
1296 2705 1571 2757 vaticinati
1621 2704 1918 2771 prophetat.
1958 2701 2096 2766 Quid

2203 2700 2304 2752 Διά
2336 2701 2495 2752 τοῦτο
2529 2700 2637 2770 γὰρ
2668 2699 2842 2752 ταῦτα
2896 2702 3177 2771 προφῆται
3211 2701 3729 2774 προεχρήσμῴδηοαν.

511 2795 680 2851 τοτοῖ
720 2796 866 2850 dicet
912 2795 1156 2864 aliquis:
1207 2796 1473 2863 percussit
1522 2795 1687 2848 lilium
1718 2793 1897 2858 Pater,
1933 2807 2095 2847 ονεσ-

2204 2790 2270 2844 Ti
2297 2791 2408 2854 οὖν,
2441 2792 2582 2844 εἴποι
2614 2808 2720 2853 τις,
2747 2793 2774 2845 6
2802 2792 2991 2861 Πατὴρ
3013 2791 3255 2856 ἐπάταξε
3281 2793 3370 2845 τὸν
3400 2793 3538 2858 Υῐδν,
3567 2792 3649 2843 καὶ
3676 2790 3730 2843 τὰ

513 2902 619 2957 que
671 2888 1001 2955 dissipavit?
1035 2886 1253 2942 Minime
1288 2902 1417 2940 vero
1452 2905 1466 2941 :
1501 2902 1605 2940 non
1655 2887 1922 2954 percussit
1958 2887 2090 2955 ipse,

2142 2889 2167 2943 3
2204 2884 2455 2954 πρόϐατα
2524 2883 2951 2954 διεσκόρπισεν;
2984 2882 3274 2953 οῠμενουν
3299 2900 3313 2915 °
3342 2884 3440 2937 οὐκ
3468 2880 3729 2945 ἐπάταξεν,

510 2981 603 3035 sed
640 2982 725 3033 sui
765 2979 1121 3049 dispositione
1155 2980 1366 3035 consilii
1410 2980 1619 3047 percuti
1653 2995 1775 3033 eum
1825 2979 2091 3047 permisit,

2198 2978 2335 3031 ἀλλὰ
2350 2977 2698 3047 παταχθῆναι
2720 2976 3081 3047 οἰκονομικῶς
3099 2977 3469 3049 συνεχώρησε,
3484 2978 3569 3031 καὶ
3608 2974 3730 3028 εἴασε

508 3082 563 3129 et
599 3089 721 3127 cum
756 3072 1050 3142 prohibere
1098 3080 1315 3140 posset,
1345 3070 1456 3140 pati
1489 3071 1635 3124 sivit.
1669 3070 1901 3123 Sanctus
1932 3068 2095 3138 igitur

2199 3069 2419 3134 παθεῖν,
2469 3068 2672 3139 καίπερ
2742 3068 2988 3122 κωλῦσαι
3047 3068 3374 3135 δυνάμενος.
3416 3070 3472 3123 Ὀ
3516 3068 3602 3139 μέν
3656 3061 3731 3120 οὖν

507 3164 702 3220 Petrus
730 3180 851 3217 cum
894 3179 1083 3217 amore
1136 3162 1410 3227 ferveret,
1465 3177 1563 3216 nec
1596 3177 1723 3215 vero
1771 3162 1901 3233 satis
1951 3170 2094 3214 recte

2201 3160 2345 3230 ἱερὸς
2396 3161 2625 3231 Πέτρος,
2660 3161 2928 3233 διάπυρος
2986 3159 3063 3214 ὢν
3095 3162 3364 3233 ἐραστὴς,
3401 3160 3655 3230 μὴκαλῶς
3684 3158 3731 3211 δὲ

510 3264 716 3307 natura:
752 3252 1120 3306 infirmitatem
1148 3252 1545 3317 consideraret,
1578 3250 1643 3305 ad
1676 3250 2091 3320 promissionem

2198 3252 2619 3322 περισκοπήσας
2650 3252 2749 3321 τῆς
2777 3255 2992 3320 φύσεως
3049 3252 3148 3324 τήν
3201 3253 3491 3307 ἀσθένειαν
3535 3252 3655 3321 πρὸς
3683 3248 3732 3301 τὸ

513 3360 621 3400 non
669 3347 894 3414 negandi
929 3345 1094 3406 illius,
1127 3343 1276 3397 addit
1308 3344 1472 3397 etiam
1518 3358 1575 3397 se
1601 3343 2050 3397 commoriturum
2078 3358 2093 3396 :

2202 3344 2277 3415 μὴ
2315 3343 2658 3414 ἀρνήσασθαι
2682 3385 2696 3409 ,
2727 3346 2820 3398 καὶ
2880 3344 3288 3398 συναποθανεῖν
3342 3343 3730 3414 ἐπαγγέλλεταιο

516 3455 533 3487 ι
576 3436 798 3490 Etiamsi
862 3436 1168 3503 oportuerit
1233 3451 1316 3488 me
1383 3435 1520 3488 mori
1580 3445 1800 3500 tecum,
1871 3450 1979 3488 non
2046 3444 2097 3490 te

2205 3456 2223 3487 ι
2259 3437 2375 3488 Κᾶν
2403 3435 2496 3507 δέῃ
2534 3452 2601 3504 με
2639 3436 2735 3488 σὺν
2771 3435 2856 3487 σοὶ
2912 3434 3210 3490 ἀποθανεῖν
3234 3475 3253 3500 ,
3286 3440 3347 3490 οὺ
3386 3436 3456 3505 μή
3488 3451 3543 3486 σε
3574 3433 3728 3497 ἀπαρ-

511 3528 762 3595 ncgaho:
797 3526 891 3579 sed
938 3529 1175 3579 animam
1213 3541 1386 3579 meam
1440 3540 1636 3595 ponam
1689 3541 1784 3597 pro
1820 3537 1889 3581 te.
1929 3545 1946 3577 ι
1989 3525 2094 3581 Sed

2199 3530 2457 3598 νήσομαι,
2493 3528 2631 3581 ἀλλὰ
2682 3529 2783 3599 τὴν
2825 3528 3008 3599 ψυχήν
3062 3546 3167 3599 μου
3223 3528 3373 3601 ὑπὲρ
3415 3528 3504 3581 σοῦ
3541 3527 3731 3596 θήσω.-

514 3618 772 3672 Dominus
851 3618 1136 3672 manifeste
1202 3619 1543 3688 negationem
1596 3618 1672 3671 illi
1721 3618 2091 3687 praenuntiat:

2211 3621 2351 3673 Ἀλλ’
2378 3624 2405 3673 6
2442 3622 2645 3691 Κύριος
2689 3621 3183 3692 ἀπαρακαλύπτως
3245 3622 3395 3692 αὐτῷ
3438 3619 3618 3691 μηνύει
3649 3616 3732 3686 τὴν

516 3729 535 3761 ι
574 3709 745 3764 Hodie
784 3711 835 3762 in
867 3721 1023 3764 nocte
1069 3711 1190 3774 hac,
1238 3711 1551 3779 priusquam
1584 3709 1755 3774 gallus
1788 3725 1974 3763 vocem
2008 3711 2090 3763 bis

2198 3711 2429 3783 ἄρνησιν
2456 3728 2469 3742 ·
2518 3732 2535 3763 ι
2573 3714 2823 3783 Σήμερον
2852 3717 2909 3766 ἐν
2945 3717 3011 3783 τῇ
3033 3713 3193 3765 νυκτὶ
3220 3713 3400 3786 ταύτῃ
3418 3753 3434 3778 ,
3465 3711 3586 3784 πρὶν
3613 3710 3641 3779 ἢ
3666 3707 3734 3771 δίς

509 3800 753 3863 dederit,
794 3810 876 3854 tcr
914 3814 999 3853 me
1033 3816 1092 3853 es
1149 3810 1463 3869 negaturus.
1499 3818 1517 3849 ι
1579 3797 1669 3852 Sic
1699 3800 1843 3853 enim
1877 3799 2094 3855 Marcus

2197 3802 2466 3872 ἀλέκτορα
2494 3803 2777 3872 φωνῆσαι,
2810 3804 3113 3875 ἀπαρνήσῃ
3142 3820 3210 3873 με
3250 3804 3369 3875 τρίς
3394 3819 3406 3833 ⁸
3448 3822 3466 3855 ι
3498 3802 3626 3855 οὕτω
3643 3798 3731 3868 γὰρ

511 3890 850 3945 enucleatius
884 3891 1023 3964 (εο).
1051 3907 1213 3961 quam
1240 3891 1355 3956 alii,
1382 3893 1621 3960 scripsit.
1654 3893 1918 3956 Quoniam
1948 3893 2092 3947 enim

2196 3892 2225 3943 6
2247 3892 2471 3963 Μάρκος
2493 3894 2601 3946 τῶν
2620 3894 2797 3946 ἄλλων
2816 3894 3056 3965 ἔγραψεν
3104 3895 3519 3967 ἀκριϐέστερον.
3540 3889 3729 3957 Ἐπειδὴ

506 3982 716 4036 sciebat
748 3982 1032 4047 Dominus,
1066 3981 1285 4035 Petrum
1318 3992 1446 4035 tunc
1477 3981 1695 4050 quidem
1749 3994 2093 4052 negaturum,

2196 3989 2308 4054 γάρ
2331 3985 2446 4055 ᾔδει
2480 3988 2507 4038 ὁ
2535 3986 2740 4055 Κύριος
2767 3986 2841 4048 ὡς
2868 3987 2964 4040 νῦν
3000 3986 3102 4057 μὲν
3138 3987 3511 4059 ἀρνηθήσεται
3533 3985 3726 4054 Πέτρος.

511 4084 697 4144 postea
726 4090 854 4130 vero
891 4092 988 4145 pro
1021 4092 1080 4130 se
1110 4076 1457 4141 moriturum,
1485 4076 1648 4129 verba
1687 4075 1773 4128 illa
1803 4077 2051 4146 apposuit
2076 4095 2091 4133 :

2198 4076 2425 4148 ὕστερον
2467 4077 2654 4147 μέντοι
2700 4078 3060 4132 ἀποθανεῖται
3115 4078 3261 4152 ὑπὲρ
3311 4076 3499 4144 αὑτοῦ,
3540 4074 3730 4148 προστί-

517 4185 537 4217 ε
563 4166 786 4230 Hodie,»
810 4179 865 4222 et
893 4185 911 4219 ι
948 4168 1002 4221 in
1037 4179 1197 4223 nocte
1228 4169 1358 4233 hac;
1388 4186 1407 4219 ι
1445 4171 1603 4223 modo
1625 4186 1728 4222 non
1761 4170 1841 4223 sic
1863 4170 2047 4224 dicens
2072 4190 2085 4227 :

2141 4227 2160 4241 ἱ
2198 4168 2324 4237 θησι
2346 4170 2405 4221 τὸ
2435 4169 2708 4240 σήμερον,
2736 4171 2833 4223 καὶ
2863 4172 2922 4223 ἐν
2948 4173 3015 4241 τῇ
3048 4172 3211 4226 νυκτὶ
3241 4173 3441 4241 ταύτῃ,
3476 4166 3728 4240 μονονουχὶ

509 4257 690 4312 Poncs
744 4259 962 4327 quidem
1023 4273 1121 4327 pro
1176 4273 1260 4313 me
1313 4260 1551 4314 animam
1596 4268 1779 4323 tuam;
1849 4261 1944 4314 sed
2002 4260 2084 4315 bis

2142 4227 2164 4279 >
2192 4224 2386 4330 λέγων,
2414 4224 2718 4333 egerim}
2744 4262 2842 4333 μὲν
2881 4224 3206 4335 τήνηψυχήν
3236 4224 3490 4335 σου-ὺπέρ
3519 4258 3658 4332 ἐμοῦ,
3683 4224 3729 4309 ἐν

512 4346 615 4399 hac
643 4356 799 4400 nocte
839 4361 923 4400 me
953 4347 1179 4415 negabis
1202 4388 1217 4409 ,
1262 4359 1478 4403 noctem
1510 4364 1707 4403 vocans
1752 4349 1879 4402 illud
1910 4350 2087 4418 ipsum

2194 4354 2384 4423 μέντοι
2413 4356 2478 4423 τῇ
2534 4354 2696 4406 νυκτὶ
2752 4355 2966 4426 ἀρνήσῃ
3027 4372 3096 4425 με
3122 4370 3137 4387 ο
3171 4356 3345 4410 νύκτα
3388 4355 3553 4422 λέγων
3590 4348 3728 4404 αὐτὸν

514 4435 839 4503 proditionis
874 4445 1091 4506 tempus
1118 4476 1133 4501 ,
1167 4448 1221 4491 et
1257 4454 1321 4492 ex
1355 4440 1466 4508 ipsa
1516 4442 1803 4509 negatione
1846 4442 2094 4494 tenebras

2189 4445 2282 4497 τὸν
2314 4446 2414 4512 τῆς
2449 4445 2743 4517 προδοσίας
2776 4446 2989 4517 καιρὸν,
3022 4448 3119 4500 καὶ
3148 4450 3243 4500 τὸν
3267 4449 3334 4502 ἐκ
3363 4448 3457 4517 τῆς
3475 4446 3725 4516 ἀρνήσεως

512 4526 681 4579 tuenti
730 4525 972 4593 oﬂ‘usas;
1016 4529 1104 4597 qui
1142 4530 1285 4583 enim
1317 4531 1490 4586 lucem
1531 4542 1724 4602 negat,
1769 4532 1820 4587 in
1856 4534 2093 4588 tenebris

2192 4538 2526 4606 σκοτισμόνσ
2565 4539 2593 4591 6
2658 4538 2767 4608 γὰρ
2819 4539 3156 4611 ἀρνούμενος
3201 4541 3265 4595 τὸ
3330 4540 3445 4611 φῶς
3486 4540 3540 4591 ἐν
3570 4534 3726 4590 σκότει

510 4618 735 4674 omnino
774 4629 1044 4674 versatur.

996 4634 1044 4673 r.
2191 4629 2410 4691 πάντως
2443 4630 2559 4681 ἐστι
2570 4668 2581 4683 .

1780 4781 2103 4846 Fraucisci
2135 4785 2345 4848 Scorsi
2386 4792 2573 4847 noue.

509 4928 695 5001 obtulit
732 4941 825 4993 pro
878 4925 1027 5001 nobis
1082 4924 1394 5001 ablutionem
1443 4926 1857 5001 el__sacriﬁciutn
1917 4947 2094 4985 sacer-
2262 4932 2377 5001 (20)
2406 4931 2619 4987 Marcus
2666 4934 2999 4993 enucleatius.
3049 4936 3106 4991 S.
3158 4937 3395 4994 Marcum
3453 4935 3719 4993 distinctius

510 4995 775 5077 desident
822 4996 1107 5077 ctu-Agnus
1158 4995 1395 5077 Deidqui
1443 4995 1574 5050 tollit
1602 5010 1849 5077 ‘peccatq
1886 5004 2089 5077 vitandi.
2190 4995 2554 5077 negationem,
2605 5018 2763 5072 quam
2797 5004 2943 5077 alios
2978 5010 3333 5077 evangelistas
3368 5008 3719 5075 conscripsihe

588 5066 700 5141 μθ)
736 5064 1023 5141 Consilium
1047 5066 1540 5141 disppsitiauentqne
1594 5064 1865 5141 frustrari.
1891 5069 2085 5141 Visum
2190 5064 2391 5126 ait'hic
2416 5064 2643 5137 auctor}
2682 5075 2823 5141 quod
2844 5064 3182 5133 Maldnnatits
3215 5089 3396 5133 noster
3423 5064 3715 5135 observavit,

512 5133 616 5190 hoc
670 5134 789 5217 loco
844 5134 904 5185 τὸ
930 5133 1243 5217 οἰκονομία-ν
1304 5136 1544 5217 pluribus
1575 5139 2033 5217 .circumsct‘ilere
2068 5158 2081 5206 ;
2187 5144 2499 5217 addiditque
2534 5133 2831 5217 rationein,
2866 5158 2959 5196 seu
3008 5148 3368 5217 conjecturam
3393 5161 3536 5200 suam
3566 5163 3593 5217 :_
3609 5133 3715 5197 Pro?

509 5219 670 5279 quam
701 5213 880 5257 tamen
936 5218 1118 5279 vocem
1172 5205 1305 5258 alias
1352 5206 1676 5279 simpliciter
1714 5210 1870 5269 verti,
1905 5205 2087 5262 lucar-
2188 5210 2378 5275 bubile,
2411 5205 2637 5279 'inquit,
2702 5213 2831 5265 mihi
2897 5205 3126 5269 videtur'
3150 5217 3387 5270 Marcum
3449 5232 3509 5269 ea:
3564 5214 3713 5274 Petro,

513 5272 827 5352 nationem:
878 5278 970 5327 sed
1000 5272 1225 5352 hienon
1279 5277 2081 5352 tantipsamincarnationem,
2183 5281 2334 5349 cujus
2366 5272 2665 5352 discipulus
2734 5292 2867 5347 erat,
2922 5288 3253 5349 intellexisse,
3319 5303 3419 5340 non
3452 5285 3606 5338 solum
3628 5272 3712 5349 qui

512 5361 682 5421 quant
747 5343 1142 5421 incarnationis
1183 5344 1506 5421 consilium
1570 5343 2086 5421 dispositionemque
2184 5343 2460 5421 sententia,
2513 5343 2604 5401 sed
2658 5343 2863 5417 quibus
2902 5359 3062 5408 etiam
3109 5343 3274 5410 verbis
3343 5356 3441 5410 sibi
3507 5343 3713 5408 Christus

512 5414 797 5496 significat,
848 5413 1031 5496 eisuti
1078 5422 1132 5465 et
1182 5413 1319 5496 infra
1354 5413 1697 5496 :‘Aelxyustv
1748 5413 2083 5496 suntoutciw,

2182 5413 2680 5496 prwdixissetfore,
2716 5436 2768 5473 ut
2817 5432 2894 5476 ter
2923 5441 3041 5479 eum
3082 5443 3143 5479 ea
3186 5435 3332 5480 nocte
3377 5434 3593 5496 negaret,
3632 5423 3710 5474 ii:-

511 5485 593 5535 ὄτι
616 5484 898 5563 οἰκονομία
918 5484 1041 5563 ἐστὶ
1068 5486 1309 5562 πατρική
1355 5485 1413 5535 τὸ
1444 5486 1727 5554 γινόμενον
1749 5525 1762 5539 .
1793 5484 1887 5538 His
1922 5490 2086 5541 verbis

2182 5484 2399 5559 demque
2432 5484 2594 5563 verbis
2628 5508 2778 5544 usum
2838 5496 3017 5561 luisse.
3058 5497 3123 5549 Et
3171 5499 3272 5549 alia
3331 5484 3461 5549 iteni
3499 5497 3544 5546 in
3594 5496 3713 5546 hunc

513 5557 736 5633 ostendit
757 5551 955 5633 .l’atrj‘s
983 5551 1372 5633 dispensatione
1407 5551 1591 5633 atque:
1617 5560 1832 5633 consilio
1866 5558 2087 5633 evenire,
2184 5551 2423 5633 sensum.
2444 5561 2617 5633 Atque
2658 5566 2755 5614 hoc
2785 5551 2867 5615 est
2902 5570 3041 5633 quod
3084 5568 3156 5620 ait
3191 5568 3376 5621 Noster
3408 5565 3498 5620 :'0
3519 5565 3712 5631 Μάρκος

512 5625 652 5692 quod
689 5624 859 5678 ﬁebat.
901 5624 976 5679 De
1022 5639 1130 5695 quo
1166 5624 1285 5679 luse
1318 5625 1546 5680 disserui
1579 5626 1725 5681 hom.
1765 5625 1817 5694 5,
1851 5637 1959 5682 not.
1997 5627 2085 5683 98.

1635 5639 1725 5681 nn.
1765 5625 1817 5694 5,
1851 5637 1959 5682 not.
1997 5627 2085 5683 98.
2186 5629 2290 5683 τῶν
2336 5624 2782 5701 ᾶλλωνέγρπέεν
2821 5624 3222 5707 ἀκριϐέστερον.
